3884 6294
92 311 193 369 διδ

146 427 202 489 ζ’.
225 429 461 503 Τοιαύτη
483 426 758 500 γάρήλτοῦ
796 428 1032 498 Χριστοῦ
1081 432 1273 501 σοφία,
1313 435 1463 506 ’μήτε
1512 434 1745 499 ἐλλιπῶς

88 517 217 587 μήτε
253 516 526 587 περιττῶς
569 513 934 584 ἀγωνίζεσθαι
986 520 1374 591 συγχωροῦσα,
1420 522 1556 577 άλλά
1608 538 1746 576 παν-

83 603 240 674 ταχοῦ
278 605 375 674 τὴν
413 601 755 674 συμμετρίαν
785 603 1144 672 φυλάττουσα.
1181 607 1372 662 Καίτοι
1412 626 1473 678 γε
1501 610 1629 681 ἐνῆν
1671 609 1748 663 εῖ-

82 709 180 761 περ
212 690 465 767 ἐϐούλετο
494 691 589 744 καὶ
618 692 926 763 περαιτέρω
954 691 1256 763 προελθεῖν.
1288 693 1377 764 Τῷ
1409 695 1518 766 γάρ
1539 697 1744 763 ἀπαγο-

82 778 331 850 ρεύσαντι
368 780 429 831 τὸ
481 777 581 849 ζῇν
608 792 634 819 ιι
686 779 816 849 (οὐδ’
858 778 924 832 ἂν
966 780 1066 851 τὴν
1109 781 1284 851 ἀρχὴν
1334 782 1657 854 προσῆλθεν,
1696 785 1744 835 εἰ

82 867 149 937 μὴ
190 866 455 929 τοιούτοις
505 866 667 920 αὐτὸν
722 866 927 921 ὥπλισε
984 867 1279 940 λογισμοῖς)
1336 870 1454 940 μετ’
1497 870 1744 936 ἐξουσίας

79 957 289 1007 ᾶπαντα
320 954 579 1027 πράττειν
607 953 756 1021 ἐξῆν,
784 956 880 1009 καὶ
908 954 1099 1026 ὐϐρεσι
1143 955 1336 1009 πλῦναι
1363 957 1454 1012 τὸν
1486 956 1739 1027 βασιλέα,

78 1044 162 1096 καί
187 1043 250 1095 τὸ
278 1042 517 1113 διάδημα
564 1041 810 1095 καθελεῖν
849 1042 950 1113 τῆς
985 1042 1243 1112 κεφαλῆς,
1275 1043 1368 1095 καὶ
1417 1043 1631 1112 πληγὰς
1665 1046 1744 1107 εἰς

75 1133 128 1183 τὸ
168 1130 462 1200 πρόσωπον
508 1132 775 1197 ἐντεῖναι,
820 1131 909 1184 ὅτε
943 1130 1039 1202 τὴν
1088 1130 1268 1198 δεξιάν
1317 1134 1397 1195 εἰς
1440 1132 1500 1185 τὸ
1551 1132 1743 1203 στῆθος

75 1220 393 1292 ἁπήρεισεν.
433 1218 572 1271 Ἀλλ’
609 1218 761 1271 οὐδὲν
790 1218 993 1272 τούτων
1039 1219 1264 1291 ἐποίησε
1285 1236 1298 1249 ·
1335 1216 1414 1289 τῷ
1446 1218 1554 1290 γὰρ
1586 1219 1741 1272 ἅλατι

72 1305 141 1375 τῷ
176 1304 536 1377 πνευματικῷ
564 1306 661 1377 τὴν
690 1304 865 1376 ψυχὴν
907 1307 1210 1376 ἠρτυμένος
1242 1301 1343 1378 ἦν’
1381 1306 1447 1358 δι’
1479 1306 1616 1377 ὅπερ
1648 1294 1738 1357 οὐ-

72 1393 148 1444 ἰὲν
179 1393 456 1464 ἔπραττεν
492 1393 616 1463 εἰκῆ
649 1394 742 1446 καί
780 1393 976 1464 μάτην,
1018 1392 1152 1446 ἀλλά
1200 1393 1378 1446 πάντα
1422 1393 1601 1464 κρίσει
1648 1392 1737 1446 λο-

72 1482 279 1550 γετμῶν
324 1480 479 1552 ὀρθῇ,
511 1482 606 1534 καὶ
642 1484 780 1551 μετά
813 1480 1201 1544 καταστάσεως
1229 1480 1443 1558 ὐγιοῦςί
1472 1481 1532 1533 οὐ
1559 1480 1739 1534 καθά-

70 1588 165 1640 πῖρ
209 1573 261 1622 οἰ
312 1569 441 1640 παρ’
475 1568 699 1638 Ἕλλησι
749 1569 925 1637 σοφοὶ,
964 1567 1014 1621 οἳ
1065 1568 1393 1638 συμμέτρως
1448 1567 1548 1638 μὲν
1590 1568 1741 1621 οὐδέ-

70 1674 212 1716 ποτε,
237 1654 538 1725 ,πανταχοῦ
570 1655 646 1718 δὲ,
697 1655 772 1718 ὡς
805 1656 1000 1721 εἰπεῖν,
1032 1654 1065 1724 ἢ
1109 1654 1272 1708 πλέον
1318 1655 1351 1724 ἦ
1393 1653 1613 1709 ἔλαττον
1643 1653 1738 1708 τοῦ

67 1745 275 1803 δέοι-ξος
300 1744 325 1781 ιι
364 1742 855 1813 παρρησιάζονται,
898 1741 986 1796 ἵνα
1036 1741 1287 1813 ἀνδρείας
1339 1740 1438 1812 μὲν
1474 1740 1735 1812 οὐδαμοῦ,

70 1832 255 1885 mea”
300 1833 358 1885 δὲ
392 1831 692 1898 ἀλογίστων
740 1829 898 1896 δόξαν
949 1829 1158 1884 λάϐωσι
1204 1828 1505 1900 πανταχοῦ,
1555 1829 1614 1885 ἐν
1655 1823 1736 1894 οἷς

71 1923 157 1990 μὲν
189 1921 529 1991 ὑστέρησαν,
562 1918 784 1984 δειλίας,
828 1922 886 1971 ἐν
922 1912 1004 1982 οἷς
1037 1918 1094 1972 δὲ
1145 1917 1515 1987 ὑπερέϐησαν,
1547 1917 1736 1982 ἀλαζο-

66 2009 202 2073 viz;
232 2012 327 2085 καὶ
348 2007 651 2076 φιλοδοξίας
666 2005 818 2079 [547]
839 2006 991 2078 παρὰ
1013 2007 1180 2060 πᾶσιν
1197 2005 1560 2076 ἁλισκόμενοι.
1597 2006 1737 2060 Ἀλλ’

62 2099 150 2167 οὐχ
191 2101 223 2149 ό
277 2095 549 2167 μακάριος
603 2095 846 2158 ἐκεῖνος’
894 2094 956 2146 οὐ
1010 2092 1119 2165 γάρ
1170 2092 1356 2157 ἁπλῶς
1408 2092 1472 2145 τὸ
1513 2093 1738 2149 ἐπελθὸν

65 2185 351 2253 ἔπραττεν,
397 2181 536 2235 ἀλλά
585 2181 765 2235 πάντα
813 2179 1124 2250 βασανίζων
1155 2178 1423 2251 ἀκριϐῶς,
1479 2180 1567 2235 καὶ
1604 2178 1759 2251 πρὸς

64 2273 177 2334 τοὺς
209 2272 392 2334 θείους
434 2271 635 2340 νόμους
668 2270 792 2333 τοὺς
824 2268 1123 2339 λογισμοὺς
1165 2266 1424 2340 ἁρμόζων
1453 2269 1580 2332 τοὺς
1614 2270 1739 2321 ἐαυ-

60 2362 167 2421 τοῦ,
194 2356 377 2420 οὕτως
408 2357 499 2411 ἐπὶ
524 2342 585 2410 τί)
616 2355 880 2427 πράττειν
909 2355 1179 2427 ἐξήγαγεν
1208 2353 1428 2418 αὐτούς.
1455 2357 1552 2410 Διά
1580 2355 1738 2410 τοῦτο

60 2450 144 2501 καὶ
180 2448 286 2517 τὴν
318 2446 489 2517 τομὴν
514 2444 638 2499 οὐτε
667 2445 988 2499 ἐπιπόλαιον
1023 2445 1247 2510 ἔδωκεν,
1277 2442 1419 2498 ὥστε
1456 2444 1531 2515 μὴ
1569 2443 1731 2497 πλέον

56 2534 141 2586 τοῦ
185 2532 546 2605 νενοσηκότος
592 2534 943 2604 ὲναπομεῖναι
994 2533 1191 2604 μέρος,
1233 2530 1356 2585 οὐτε
1432 2530 1735 2604 βαθυτέραν

56 2619 139 2672 τοῦ
175 2621 416 2682 δέοντος,
461 2617 602 2671 ὥστε
641 2620 715 2689 μὴ
755 2605 833 2689 τῷ
866 2617 1110 2690 περιττῷ
1141 2618 1239 2688 τῆς
1285 2616 1502 2688 πληγῆς
1549 2616 1729 2689 λυμή-

56 2705 246 2758 νασθαι
283 2706 384 2777 τὴν
420 2705 631 2774 ὑγίειαν
669 2704 851 2771 πάλιν,
900 2704 1037 2758 ἀλλὰ
1080 2704 1472 2776 συμμετρήσας
1520 2701 1599 2773 τῷ
1648 2719 1733 2756 νο-

58 2797 256 2863 σήματι
292 2794 395 2863 τὴν
445 2791 675 2864 πληγὴν.
707 2791 852 2845 οὕτω
895 2793 994 2863 τὴν
1028 2791 1259 2863 ἀρίστην
1313 2789 1556 2860 ἰατρείαν
1613 2792 1729 2861 εἱρ-

54 2884 277 2948 γάσατο.
319 2878 600 2933 Ἐντεῦθεν
637 2880 799 2933 αὐτὸν
838 2879 933 2933 καὶ
980 2877 1179 2949 θυμοῦ,
1230 2878 1326 2931 καὶ
1373 2877 1597 2943 δειλίας,
1630 2878 1727 2931 καὶ

57 2970 399 3036 ἀλαζονείας,
436 2967 530 3022 καὶ
577 2966 931 3039 δοξομανίας,
973 2966 1067 3020 καὶ
1111 2965 1441 3037 ἀπεχθείας,
1490 2966 1586 3020 καὶ
1632 2966 1725 3035 ιρό-

56 3058 172 3125 ϐων,
230 3059 333 3111 καὶ
389 3054 679 3119 κολακείας
751 3053 1099 3129 θαρρούντως
1159 3052 1531 3126 ἀπεφηνάμην
1585 3047 1723 3106 εἶναι

55 3149 181 3202 καθα
192 3149 313 3221 ρόν.

111 3237 173 3290 Εἰ
216 3236 280 3290 δέ
322 3235 404 3288 δεῖ
430 3252 485 3287 τι
528 3233 622 3287 καί
670 3228 975 3305 παράδοξον
1020 3232 1215 3297 εἰπεῖν,
1266 3231 1365 3302 οὐχ
1413 3226 1556 3285 οὕτω
1589 3230 1721 3284 θαυ-

54 3324 202 3394 μάζω
252 3323 349 3376 τοῦ
403 3320 676 3392 μακαρίου
724 3320 785 3373 τὸ
825 3319 1238 3390 κατατολμῆσαι
1286 3318 1388 3388 τῆς
1435 3317 1530 3372 τοῦ
1583 3334 1722 3389 κρα-

49 3411 267 3475 τοῦντος
302 3410 523 3481 μανίας,
548 3408 623 3474 ὡς
652 3407 714 3460 τὸ
747 3407 977 3460 συνιδεῖν
1004 3407 1164 3478 μέχρι
1193 3405 1337 3469 τίνος
1367 3405 1527 3459 τοῦτο
1566 3406 1724 3477 ποιῆ-

52 3517 133 3552 σαι
164 3498 366 3571 ἐχρῆν,
415 3499 512 3550 καὶ
557 3495 723 3566 μηδὲν
775 3494 1087 3565 περαιτέρω
1126 3494 1263 3567 μήτε
1312 3493 1545 3576 πρᾶξαι,
1584 3496 1722 3566 μήτε

50 3588 239 3640 εἰπεῖν.
288 3586 400 3640 Καὶ
429 3586 513 3637 ὅτι
545 3583 702 3637 τοῦτο
745 3582 951 3638 ἐκείνου
985 3582 1443 3653 θαυμασ;ότερον,
1490 3581 1718 3646 πολλοὺς

52 3675 113 3727 ἂν
143 3674 304 3746 εὖροι
331 3689 419 3736 τις
448 3671 640 3730 τούτου
676 3671 774 3742 μὲν
817 3673 1258 3743 περιγεγονότας,
1301 3671 1393 3724 ὑπ’
1419 3671 1629 3725 ἐκείνου
1664 3670 1722 3725 δέ

50 3763 416 3834 ήττηίέντας·
459 3759 521 3813 τὸ
556 3759 654 3830 μὲν
689 3758 799 3829 γὰρ
837 3758 1023 3823 ἁπλῶς
1077 3760 1594 3832 παρρησιάσασθαι,
1629 3759 1723 3814 καί

45 3852 146 3905 τῶν
184 3849 468 3921 τυχόντων
502 3846 761 3910 πολλάκις
806 3846 944 3908 ἐστὶ,
974 3845 1034 3899 τὸ
1064 3846 1121 3899 δὲ
1148 3847 1229 3911 εἰς
1276 3846 1391 3900 δέον
1424 3847 1518 3900 καί
1547 3846 1725 3917 καιρῷ

44 3940 115 4009 τῷ
150 3939 511 4012 προσήκοντι,
544 3935 638 3989 καί
685 3933 825 4005 μετά
851 3934 949 4003 τῆς
978 3931 1327 4006 ἁρμοζούσης
1386 3935 1723 4006 συμμετρίας

43 4031 133 4083 καὶ
179 4029 458 4089 συνέσεως
504 4024 583 4095 τῷ
626 4026 917 4095 πράγματι
964 4023 1293 4094 χρήσασθαι,
1332 4023 1574 4095 μεγάλης
1603 4025 1723 4078 λίαν

42 4120 132 4171 καὶ
163 4115 496 4187 θαυμαστῆς
542 4113 711 4167 δεῖται
761 4112 969 4183 ψυχῆς·
1018 4113 1140 4164 ἐπεὶ
1184 4111 1277 4166 καί
1318 4112 1407 4165 τὸν
1458 4113 1723 4185 μακάριον

42 4204 230 4264 Δαυῒδ,
270 4201 411 4274 μετά
439 4199 646 4269 πολλῆς
692 4198 786 4270 τῆς
820 4197 1066 4263 ἐξουσίας
1096 4196 1316 4269 ὕϐρισεν
1344 4200 1371 4251 ό
1411 4198 1593 4271 Σεμεῒ,
1628 4202 1724 4254 καὶ

44 4293 211 4364 ἄνδρα
248 4290 502 4362 αἰμάτων
547 4287 839 4341 ἐκάλεσεν·
890 4286 1004 4340 ἀλλ’
1033 4287 1134 4341 οὐκ
1182 4285 1249 4340 ἂν
1300 4286 1511 4358 εἴποιμι
1565 4287 1724 4343 τοῦτο

44 4381 365 4455 παρρησίαν
406 4377 540 4447 ἐγὼ,
593 4375 730 4431 ἀλλά
767 4373 1014 4445 γλώττης
1060 4373 1353 4427 ἀκολασίαν
1393 4376 1486 4428 καὶ
1517 4376 1720 4447 θρασύ-

40 4486 179 4540 τητα
202 4467 472 4532 διανοίας,
502 4466 597 4519 καὶ
623 4463 957 4533 ἀναγωγίαν,
988 4462 1083 4517 καὶ
1111 4462 1390 4528 ἀπόνοιαν,
1420 4462 1514 4517 καὶ
1546 4464 1725 4519 πάντα

41 4556 249 4626 μᾶλλον
288 4556 323 4627 ἡ
363 4552 697 4628 παρρησίαν.
726 4554 818 4605 Δεῖ
846 4550 977 4622 γὰρ,
1019 4545 1194 4620 οἶμαι,
1224 4549 1317 4605 τὸν
1362 4550 1621 4622 μέλλοντα
1648 4547 1725 4605 εἷ-

36 4662 123 4699 ναι
172 4642 522 4711 ἐλεγκτικὸν,
568 4639 905 4713 θρασύτητος
950 4637 1183 4711 μάλιστα
1222 4639 1315 4693 καὶ
1351 4640 1605 4704 ἀπονοίας
1648 4640 1723 4706 ὡς

36 4730 391 4804 πορρωτάτω
432 4727 533 4800 τὴν
566 4726 761 4783 ἐαυτοῦ
791 4725 968 4797 ψυχὴν
1009 4727 1336 4795 ἀπαγαγεῖν,
1378 4727 1471 4779 καὶ
1502 4726 1563 4780 τὸ
1597 4726 1726 4797 δρα-

34 4823 267 4893 στήριον
311 4822 369 4873 ἐν
400 4820 469 4890 τῇ
510 4817 669 4886 φύσει
693 4814 802 4869 τῶν
828 4813 1088 4886 ῥημάτων
1122 4813 1217 4867 καὶ
1247 4814 1353 4866 τῶν
1387 4814 1723 4885 πραγμάτων

34 4905 451 4961 ἐπιδείκνυσθαι
519 4904 702 4977 μόνον.
750 4904 861 4957 Καὶ
908 4900 1018 4974 γὰρ
1070 4900 1270 4973 ἰατρῶν
1322 4901 1542 4969 παῖδες,
1596 4902 1723 4957 ὅταν

33 4997 260 5069 τέμνειν
309 4994 379 5049 τὰ
424 4993 701 5064 σεσηπότα
746 4990 843 5064 δέῃ
883 4990 992 5044 τῶν
1029 4989 1222 5061 μελῶν,
1266 4987 1299 5061 ἢ
1337 4988 1406 5043 τὰ
1452 4989 1720 5061 φλεγμαί-

33 5102 197 5139 νοντα
240 5080 629 5138 καταστέλλειν
656 5120 670 5146 ,
719 5080 820 5133 οὐκ
869 5079 1036 5149 ὀργῆς
1093 5077 1355 5149 πρότερον
1400 5076 1723 5147 γεμίσαντες

33 5172 294 5236 ἑαυτοὺς,
335 5169 510 5234 οὕτως
562 5168 655 5222 ἐπὶ
689 5167 788 5238 τὴν
829 5166 1070 5238 ἰατρείαν
1111 5165 1385 5236 ἔρχονται,
1436 5163 1571 5217 ἀλλά
1601 5165 1720 5217 τότε

33 5257 284 5327 μάλιστα
333 5256 393 5308 ἐν
443 5251 780 5307 καταστάσει
829 5254 897 5322 τῇ
953 5247 1305 5322 προσηκούσῃ
1358 5246 1718 5312 σπουδάζουσι

33 5342 333 5410 ρυλάττειν
375 5338 469 5393 τὸν
510 5335 790 5408 λογισμὸν,
822 5334 962 5389 ὥστε
996 5333 1070 5405 μὴ
1097 5336 1163 5404 τῇ
1189 5332 1354 5403 τέχνῃ
1380 5330 1719 5403 λυμήνασθαι

33 5423 122 5494 τὴν
161 5422 388 5477 ἐκείνου
417 5422 688 5492 ταραχήν.
719 5420 781 5473 Εἰ
811 5418 868 5472 δέ
911 5415 1075 5488 σῶμά
1110 5432 1193 5479 τις
1232 5412 1555 5485 θεραπεύειν
1592 5414 1719 5485 μέλ-

85 5530 115 5557 ⁸
152 5527 344 5577 Morel.
371 5526 531 5575 καίτοι
548 5542 603 5588 γε
621 5527 744 5584 ἐνῆν,
763 5525 893 5588 εἰπερ
916 5520 1153 5588 ἐϐούλετο,
1174 5518 1255 5566 καὶ
1274 5517 1536 5588 περαιτέρω
1552 5520 1717 5584 προαλ-

33 5590 137 5659 ἰεῖνε
163 5591 249 5650 τῷ
275 5590 365 5664 γάρ
379 5580 848 5664 εάποιγσρεύσαντιιτὸ
1008 5582 1126 5643 Reg.
1158 5580 1530 5664 υιιμὶέϐᾑύλὲξο
1549 5580 1716 5664 ἱέραξ-

33 5639 146 5715 ripa:
168 5639 440 5712 προέλθεῖν.
484 5639 567 5707 Μῆ
605 5649 710 5712 γάρ.
755 5647 860 5696 Mox
888 5639 1013 5707 Reg.
1037 5639 1164 5691 udus
1194 5639 1529 5696 eLSavil.1-hv
1568 5639 1714 5709 ἀρχὴν

33 5713 281 5785 ιροελθείν
303 5712 573 5785 ἐπῆλθενηεί
591 5713 661 5785 μὴ
682 5709 911 5785 τοιούτρις
924 5706 1109 5785 ,ἑαυτὸνῖ
1121 5703 1427 5785 λογῖ

33 5762 105 5833 τήν
128 5775 300 5838 ἀρχὴν
319 5762 664 5838 προελθεῖνέῆν,
684 5772 795 5820 «οὐδ’
817 5771 857 5818 εἰ
881 5762 944 5832 μή
954 5766 1187 5821 τοιούτοις
1206 5763 1387 5813 ἑαυτὸν.
1411 5762 1539 5813 Ιιιίηἱ
1561 5765 1708 5814 Savil.

33 5842 73 5887 ιι
89 5833 243 5885 ιωὺέ
273 5833 381 5885 οοόζ
402 5833 615 5896 καθελεῖν
647 5835 700 5896 ἐκ
721 5839 804 5896 τῆς
833 5848 938 5893 κεφη
980 5886 1037 5896 _.
1075 5887 1104 5896 .-
1195 5893 1202 5896 .
1394 5885 1429 5896 ε.
1505 5885 1517 5896 -

79 5897 111 5937 δ
155 5898 308 5946 linus
336 5894 425 5945 τοῦ
449 5896 644 5950 εἰκότος.
672 5885 825 5943 Ρειυίυ
845 5885 955 5955 ρόει
977 5886 1127 5941 δάι’ἰι.
1159 5893 1210 5938 et
1249 5900 1376 5936 unus
1394 5885 1580 5951 Regius
1600 5887 1688 5936 ἐΰν

33 5958 213 6024 ρίστων
244 5958 532 6022 (ἀλόγιστον)
554 5956 707 6011 δόξαν.

414 6048 692 6108 ΡΑτιιοι..
725 6040 845 6104 Gn.
892 6041 963 6104 L.

909 323 995 377 DE
1035 323 1092 376 S.
1135 321 1430 385 BABYLA.
1461 319 2112 383 CONTRAJULIANUM
2148 325 2235 379 ET
2291 326 2651 386 GENTILES.

1907 217 1989 233 ι...»

3427 335 3528 393 ςιι

1856 434 1968 492 λων
2008 438 2276 510 τοσαύτης
2317 440 2489 495 δεῖται
2539 440 2817 512 γαλήνης,
2855 441 2947 495 τὸν
2996 442 3174 515 ψυχάς
3216 445 3528 518 ἰατρεύοντα

1858 518 1962 573 ποῦ
1994 520 2251 590 τάξομεν,
2284 523 2406 576 εἰπέ
2450 541 2561 594 μοι,
2618 523 2713 576 καί
2759 524 2935 596 πόσην
2963 527 3341 599 ἀπαιτήσομεν
3376 530 3527 600 φιλο-

1856 603 2079 672 σοφίαν;
2126 605 2314 677 Πολλῷ
2350 606 2569 676 μείζονα
2615 607 2772 679 δῆλον
2805 609 2909 675 ὅτι,
2948 610 3043 663 καὶ
3074 612 3364 684 τοσαύτην,
3392 614 3529 687 ὅσην

1853 687 1881 738 ό
1911 687 2114 755 ἀγαθὸς
2142 690 2349 753 ἐκεῖνος
2379 690 2692 758 ἐπεδείξατο
2723 692 2953 767 μάρτυς.
2984 695 3252 768 Καθάπερ
3295 698 3405 769 γάρ
3445 715 3529 752 τι-

1853 788 1949 834 νας
1988 772 2148 842 ὄρους
2188 772 2280 826 καὶ
2321 774 2553 838 κανόνας
2601 778 2733 846 ἡμῖν
2778 777 2969 842 τιθεὶς,
3010 778 3077 832 ἵν’
3106 778 3166 844 ἐξ
3197 780 3423 834 ἐκείνων
3453 780 3525 836 τά

1855 855 2048 925 μέτρα,
2084 858 2177 910 καὶ
2205 857 2299 911 ἐπὶ
2327 859 2435 912 τῶν
2463 858 2668 912 λοιπῶν
2702 859 2842 914 κατὰ
2876 861 2975 932 τὴν
3004 861 3293 930 ἀναλογίαν
3319 863 3529 934 λαμϐά-

1851 954 2053 1006 νωμεν,
2086 938 2229 994 οὕτω
2262 941 2352 995 τὸν
2380 941 2614 995 δείλαιον
2645 942 2852 995 ἐκεῖνον
2879 942 2988 997 ἀπὸ
3030 942 3139 997 τῶν
3173 944 3335 1016 ιερῶν
3371 962 3527 1017 περι·

1851 1019 2023 1074 ϐόλων
2050 1022 2324 1078 ἀπώσατο.
2362 1026 2470 1078 Καὶ
2505 1022 2655 1078 δοκεῖ
2681 1027 2781 1096 μὲν
2814 1026 2874 1080 ἓν
2910 1028 3245 1101 κατόρθωμα
3278 1026 3417 1082 εἶναι
3460 1029 3524 1083 τὸ

1849 1105 2102 1172 γεγονὸς,
2147 1109 2196 1159 εἰ
2241 1106 2299 1160 δέ
2341 1125 2425 1172 τις
2490 1108 2622 1161 αὐτὸ
2673 1109 3024 1181 διασκέψαιτο
3070 1113 3165 1167 καὶ
3213 1110 3527 1178 ἀναπτύξας

1849 1186 2112 1243 πάντοθεν
2164 1191 2582 1244 κατοπτεύσειεν
2629 1193 2912 1264 ἀκριϐῶς,
2962 1197 3058 1249 καὶ
3103 1196 3379 1267 δεύτερον,
3429 1197 3525 1249 καὶ

1846 1270 2027 1341 τρίτον
2054 1275 2409 1344 συμπεφυκὸς
2433 1276 2656 1346 εὑρήσει
2685 1276 2871 1343 καλὸν,
2913 1280 3007 1332 καὶ
3042 1280 3211 1334 πολὺν
3249 1283 3348 1351 τῆς
3379 1278 3525 1349 ὠφε-

1846 1351 1997 1419 λείας
2019 1355 2110 1435 τδν
2138 1356 2431 1427 θησαυρόν.
2465 1359 2522 1412 Ὀ
2554 1359 2652 1435 μὲν
2680 1360 2790 1433 γάρ
2821 1361 3258 1434 ἀπελαυνόμενος
3290 1363 3415 1417 τότε
3442 1357 3526 1424 εἷς

1850 1437 2010 1507 μόνος
2054 1434 2144 1511 ἦν,
2183 1441 2232 1492 οἰ
2280 1441 2336 1494 δὲ
2374 1440 2440 1494 δι’
2487 1434 2698 1496 ἐκείνου
2749 1444 3127 1515 κερδαίνοντες
3176 1444 3377 1499 πολλοί.
3411 1447 3526 1516 Τῆς

1845 1520 1956 1591 γάρ
1982 1522 2158 1592 ἀρχῆς
2201 1523 2301 1592 τῆς
2331 1524 2436 1576 ὑπὸ
2464 1523 2544 1594 τῷ
2576 1525 2824 1597 τυράννῳ
2861 1526 3121 1597 κειμένης
3178 1528 3337 1599 (αῦτη
3365 1528 3425 1582 δὲ
3454 1523 3522 1599 ἦν

1846 1605 1906 1658 τὸ
1956 1604 2205 1658 πλεῖστον
2235 1606 2337 1675 τῆς
2369 1608 2694 1679 οἰκουμένης
2750 1609 2974 1682 μέρος),
3014 1611 3240 1681 ὅσοιπερ
3268 1600 3522 1681 ἀν’ἦσαν

1845 1683 2082 1752 ἄπιστοι,
2111 1688 2560 1759 κατεπλάγησαν,
2604 1691 2701 1744 καί.
2742 1689 3063 1762 ἐθαύμασαν
3099 1691 3363 1761 μαθόντες
3388 1691 3523 1762 ὅσης

1845 1770 1958 1829 τοῖς
1986 1768 2180 1823 ἑαυτοῦ
2207 1769 2413 1835 δούλοις
2434 1774 2464 1824 ό
2494 1773 2729 1843 Χριστὸς
2752 1775 2853 1845 τῆς
2886 1774 3198 1846 παρρησίας
3225 1774 3519 1846 μετέδωκε,

1845 1850 2218 1920 κατεγέλασαν
2246 1852 2343 1922 τῆς
2383 1855 2509 1924 παρ’
2555 1855 2740 1919 αὐτοῖς
2785 1855 3233 1925 δουλοπρεπείας,
3287 1856 3380 1912 καὶ
3430 1855 3521 1909 ἀν-

1846 1933 2180 2004 ελευθερίας,
2210 1933 2363 2007 [548]
2393 1938 2489 1989 καί¹
2516 1936 2919 2006 ταπεινότητος,
2948 1934 3086 1990 εἶδον
3115 1938 3238 1991 ὅσον
3264 1940 3361 2009 τῆς
3388 1939 3523 2009 Χρι-

1846 2012 2081 2067 στιανῶν
2113 2013 2391 2082 εὐγενείας
2420 2015 2556 2086 πρὸς
2592 2016 2690 2086 τὴν
2726 2015 2995 2086 Ἑλλήνων
3030 2015 3291 2086 αἰσχύνην
3325 2015 3386 2069 τὸ
3427 2016 3522 2085 μέ-

1848 2113 1959 2150 σον.
1982 2088 2049 2151 Ὸί
2080 2096 2179 2166 μὲν
2214 2095 2324 2168 γὰρ
2354 2099 2484 2169 παρ’
2512 2099 2698 2162 αὐτοῖς
2727 2097 2825 2169 τὴν
2858 2098 2967 2153 τῶν
3000 2098 3162 2171 ἰερῶν
3199 2100 3521 2169 ἐπιμέλειαν

1847 2178 2346 2249 ἐγκεχειρισμένοι,
2391 2180 2591 2250 μᾶλλον
2638 2180 2948 2247 δεσποτῶν,
2999 2180 3235 2235 καὶτῶν
3284 2181 3519 2237 εἰδώλων

1845 2255 1903 2310 δὲ
1931 2257 2111 2312 αὐτῶν
2147 2258 2274 2321 τοὺς
2305 2258 2542 2328 βασιλεῖς
2573 2259 2957 2331 θεραπεύουσι,
2995 2260 3089 2315 καὶ
3126 2259 3218 2314 διὰ
3256 2259 3347 2314 τὸν
3373 2261 3520 2314 ὲκεί-

1845 2353 1951 2390 νων
1981 2336 2165 2405 φόϐον,
2194 2338 2289 2391 καὶ
2318 2341 2431 2401 τοῖς
2478 2335 2686 2403 ξοάνοις
2729 2340 2916 2401 αὐτοῖς
2961 2339 3413 2411 παρεδρεύουσιν,
3441 2341 3520 2405 ώς

1834 2418 1971 2477 ,τοὺς
2008 2419 2279 2489 πονηροὺς
2308 2418 2568 2489 δαίμονας
2599 2421 2714 2482 τοῖς
2744 2417 3024 2489 βασιλεῦσι
3058 2420 3216 2490 χάριν
3246 2418 3391 2489 ἔχειν
3418 2419 3521 2491 τῆς

1845 2497 1922 2560 εἰς
1959 2497 2157 2561 αὐτοὺς
2188 2498 2375 2569 τιμῆς.
2416 2497 2624 2551 Αὐτίκα
2654 2499 2786 2567 γοῦν
2814 2499 2942 2551 ὅταν
2972 2499 3095 2552 τινὰ
3131 2498 3309 2570 συμϐῇ
3348 2498 3421 2571 μὴ
3450 2501 3520 2555 τά

1843 2574 2065 2630 ἐκείνων
2108 2575 2410 2650 φρονοῦντα
2446 2578 2540 2631 ἐπὶ
2570 2577 2773 2649 ταύτην
2814 2578 2988 2632 ἐλθεῖν
3029 2580 3126 2648 τὴν
3164 2581 3359 2651 ἀρχὴν,
3402 2582 3518 2633 εἰσ-

1846 2654 1939 2710 ιών
1981 2674 2065 2721 τις
2110 2658 2191 2721 εἰς
2242 2658 2368 2722 τοὺς
2413 2657 2522 2712 τῶν
2570 2657 2804 2712 εἰδώλων
2853 2659 3048 2725 ναοὺς,
3091 2658 3365 2730 πανταχοῦ
3408 2660 3518 2714 τῶν

1839 2736 2033 2807 τοίχων
2056 2736 2245 2807 ὄψεται
2272 2736 2633 2808 διατεταμένα
2658 2736 2865 2791 τάτῶν
2892 2737 3168 2808 ἀραχνίων
3198 2739 3514 2810 ὑφάσματα.

1839 2816 1931 2868 καὶ
1986 2815 2254 2887 τοσαύτην
2306 2817 2661 2888 ἐπικειμένην
2710 2817 2788 2888 τῷ
2841 2815 3012 2887 ξοάνῳ
3062 2817 3160 2890 τὴν
3215 2818 3392 2886 κόνιν,
3440 2819 3514 2884 ὡς

1838 2895 1976 2965 μήτε
2030 2896 2174 2966 ρῖνα,
2225 2895 2363 2966 μήτε
2403 2895 2705 2967 ὀφθαλμὸν,
2759 2898 2898 2966 μήτε
2950 2896 3078 2951 ἄλλο
3108 2913 3162 2950 τι
3212 2896 3306 2951 τοῦ
3343 2914 3517 2969 προσ.

1834 2974 2017 3040 ώπου,
2063 2975 2349 3045 φαίνεσθαι
2391 2978 2587 3049 μέρος*
2638 2975 2746 3030 τῶν
2791 2976 2848 3029 δέ
2901 2974 3100 3047 βωμῶν
3143 2976 3250 3030 τῶν
3299 2976 3400 3049 μὲν
3445 2977 3515 3031 τά

1832 3053 2061 3125 λείψανα
2113 3055 2274 3127 μόνον
2324 3056 2554 3127 ἕστηκε,
2599 3056 2695 3110 τοῦ
2748 3055 2992 3119 πλείονος
3044 3055 3515 3128 ἀποθραυσθέντος

1805 3175 1809 3179 .
1835 3135 2056 3205 μέρους,
2076 3136 2209 3200 τοὺς
2239 3135 2295 3189 δὲ
2327 3134 2472 3189 οὕτω
2503 3133 2695 3204 βαθεῖα
2728 3133 2993 3188 πάντοθεν
3032 3133 3349 3204 περιϐάλλει
3383 3135 3507 3199 πόα,

1830 3214 1906 3277 ὡς
1936 3214 2025 3267 τὸν
2061 3213 2362 3283 ἀγνοοῦντα
2408 3212 2646 3282 κοπρίας
2692 3213 2838 3276 τινὸς
2888 3212 3125 3284 σωρείαν
3166 3208 3305 3267 εἶναι
3352 3216 3510 3284 νομί-

1832 3293 1943 3359 ζειν
1972 3295 2033 3348 τὸ
2062 3294 2406 3364 φαινόμενον.
2451 3292 2525 3345 Τὸ
2552 3293 2608 3345 δέ
2638 3292 2829 3357 αἴτιον,
2859 3293 2941 3345 ὅτι
2986 3292 3159 3347 πάλαι
3197 3293 3293 3364 μὲν
3326 3293 3516 3358 αὐτοῖς

1831 3371 2087 3427 κλέπτειν
2117 3373 2246 3444 ἐξῆν
2275 3373 2376 3426 ὅσα
2399 3370 2703 3432 ἐϐούλοντο,
2736 3373 2829 3427 καὶ
2862 3372 3259 3444 γαστρίζεσθαι
3291 3373 3380 3428 διά
3411 3378 3510 3444 τῆς

1831 3451 1938 3506 τῶν
1975 3452 2178 3519 ξοάνων
2207 3452 2524 3523 θεραπείας,
2563 3451 2660 3506 νῦν
2705 3452 2762 3505 δὲ
2795 3452 2934 3525 ὑπὲρ
2978 3452 3123 3516 τίνος
3156 3453 3381 3518 ἑαυτοὺς
3419 3454 3512 3507 κόο

1831 3533 2029 3603 ιῙιουσι;
2087 3533 2549 3606 Προσεδρεύοντες
2602 3532 2712 3605 γὰρ
2767 3533 2862 3588 καί
2909 3532 3326 3603 δαπανώμενοι,
3378 3535 3506 3605 παρ’

1832 3613 2056 3668 ἐκείνων
2090 3613 2187 3684 μὲν
2214 3614 2469 3683 οὐδεμίαν
2512 3612 2883 3684 προσδοκῶσιν
2934 3612 3172 3684 ἀμοιϐήν
3192 3628 3205 3641 '
3260 3613 3351 3666 καὶ
3379 3612 3505 3684 *γάρ

1833 3698 1939 3750 εἰσι
1981 3696 2115 3762 ξύλα
2147 3698 2243 3751 καὶ
2270 3694 2445 3751 λίθοι·
2476 3696 2538 3749 τὸ
2563 3695 2621 3749 δὲ
2651 3694 2839 3749 πεῖθον
2874 3697 3074 3759 αὐτοὺς
3110 3694 3507 3767 ὑποκρίνεσθαι

1832 3775 1930 3847 τὴν
1960 3776 2276 3847 θεραπείαν,
2306 3777 2338 3844 ή
2368 3775 2519 3846 παρά
2545 3775 2654 3829 τῶν
2684 3774 3034 3849 κρατούντων
3058 3774 3214 3846 τιμὴ,
3244 3774 3339 3827 καὶ
3367 3773 3506 3846 αὐτη

1832 3856 2124 3928 ἀνῄρηται,
2169 3856 2281 3909 τῶν
2318 3855 2708 3926 βασιλευόντων
2758 3855 3066 3925 γενομένων
3113 3855 3370 3921 συνετῶν,
3412 3857 3507 3909 καὶ

1832 3936 1924 3989 τὸν
1961 3935 2055 3988 τοῦ
2088 3933 2222 3988 Θεοῦ
2254 3933 2706 4003 προσκυνούντων
2737 3934 2885 3987 Υίόν.

1903 4015 1974 4088 η’.
2012 4014 2150 4068 Ἀλλ’
2171 4014 2231 4067 οὐ
2253 4014 2322 4068 τά
2347 4030 2412 4084 γε
2443 4013 2687 4084 ἡμέτερα
2712 4009 2959 4077 τοιαῦτα,
2992 4009 3127 4064 ἀλλά
3147 4013 3253 4064 πᾶν
3285 4012 3506 4067 τούναν-

1830 4097 1966 4151 τίον.
2004 4095 2175 4147 Ὅταν
2233 4094 2330 4164 μὲν
2374 4093 2484 4163 γάρ
2534 4109 2618 4154 τις
2662 4091 2943 4159 ὁμολογῶν
2993 4093 3124 4160 ἡμῖν
3161 4092 3218 4144 ἐν
3264 4095 3328 4163 τῇ
3377 4096 3505 4164 περὶ

1832 4175 1925 4229 τοῦ
1987 4173 2141 4227 Θείου
2174 4186 2181 4193 ’
2213 4172 2339 4244 δόξῃ
2396 4172 2490 4224 ἐπὶ
2550 4170 2640 4224 τὸν
2701 4169 2975 4241 βασιλικὸν
3014 4168 3185 4241 ἀναϐῇ
3227 4169 3412 4241 θρόνον
3451 4185 3501 4241 c’

1834 4253 2185 4327 ῥᾳθυμότερα
2239 4250 2447 4321 γίνεται
2500 4249 2568 4303 τὰ
2627 4247 3011 4321 Χριστιανῶν
3072 4248 3326 4304 τοσοῦτον
3391 4252 3502 4304 ἀπ-

1832 4335 1944 4403 έχει
1981 4335 2101 4396 ταῖς
2145 4328 2512 4402 ἀνθρωπίναις
2553 4328 2843 4399 ὀρθοῦσθαι
2881 4331 3069 4399 τιμαῖς
3095 4346 3109 4361 ο
3157 4329 3284 4382 ὅταν
3321 4330 3377 4384 δέ
3417 4348 3504 4396 τις

1831 4414 2078 4486 κρατήσῃ
2130 4409 2396 4481 δυσσεϐὴς
2445 4411 2539 4464 καὶ
2594 4408 2858 4464 πάντοθεν
2905 4410 3057 4480 ἡμᾶς
3103 4408 3361 4475 ἐλαύνων,
3411 4414 3502 4467 καὶ

1835 4494 2050 4565 μυρίοις
2086 4489 2423 4564 περιϐάλλων
2453 4492 2673 4553 κακοῖς,
2720 4487 2839 4541 τότε
2893 4488 3170 4558 εὐδοκιμεῖ
3218 4490 3313 4543 καί
3359 4489 3500 4563 λαμ-

1831 4575 2075 4646 πρότερα
2120 4572 2330 4640 γίνεται
2386 4569 2454 4623 τὰ
2487 4569 2609 4624 καθ’
2655 4569 2841 4640 ἡμᾶς,
2889 4569 3012 4622 τότε
3055 4569 3348 4641 ἀριστείων
3407 4575 3501 4627 καὶ

1831 4653 2106 4725 τροπαίων
2162 4650 2387 4720 καιρὸς,
2447 4648 2569 4701 τότε
2644 4648 2923 4718 στεφάνων
2990 4649 3083 4702 καὶ
3148 4649 3501 4722 ἀναρρήσεων

1831 4735 1925 4789 καὶ
1965 4733 2144 4799 πάσης
2189 4726 2553 4801 ἀνδραγαθίας
2601 4728 2846 4798 ἀφορμή.
2895 4726 2958 4781 Εἰ
3001 4726 3058 4780 δέ
3096 4727 3248 4798 λέγοι
3296 4742 3381 4793 τις
3414 4730 3499 4784 ὃτι

1831 4815 1926 4869 καὶ
1952 4811 2045 4865 νῦν
2088 4809 2195 4862 εἰσί
2231 4807 2412 4873 πόλεις
2444 4807 2541 4878 τὴν
2574 4806 2696 4877 ἴσην
2735 4807 3158 4878 δεισιδαιμονίαν
3189 4809 3497 4863 ἐπιδεικνύ-

1835 4908 1990 4965 μεναι
2035 4888 2164 4961 περὶ
2194 4885 2293 4958 τὴν
2323 4885 2431 4938 τῶν
2465 4882 2699 4939 εἰδώλων
2739 4886 2959 4955 μανίαν,
2996 4887 3215 4957 πρῶτον
3260 4887 3360 4956 μὲν
3403 4888 3497 4940 εὐ-

1830 4963 2166 5043 αριθμήτους
2207 4965 2301 5018 καὶ
2337 4963 2523 5043 ὀλίγας
2561 4963 2694 5033 ὲρεῖ,
2726 4963 2872 5043 ,πλὴν
2914 4963 3028 5017 ἀλλ’
3059 4964 3181 5017 οὐδέ
3220 4964 3360 5018 οὕτω
3406 4966 3498 5019 τὸν

1828 5041 2096 5123 ἡμέτερον
2127 5043 2318 5115 βλάψει
2363 5042 2542 5111 λόγον.
2579 5043 2645 5096 Ἢ
2676 5041 2787 5113 γὰρ
2828 5043 3084 5106 ὑπόθεσις
3114 5045 3153 5114 ή
3193 5043 3353 5114 αὐτὴ,
3398 5047 3497 5097 καί

1828 5130 1950 5186 ἀντὶ
1980 5127 2074 5181 τοῦ
2103 5123 2450 5196 κρατοῦντος,
2499 5124 2624 5187 τοὺς
2671 5124 2771 5194 τὴν
2803 5123 2958 5177 πόλιν
2987 5124 3270 5186 οἰκοῦντας
3308 5125 3491 5194 ἔχουσι

1826 5211 1923 5282 τὴν
1954 5208 2077 5279 ίσην
2114 5205 2297 5268 αὐτοῖς
2330 5203 2738 5274 παρεχομένους
2767 5203 2931 5273 τιμήν
2950 5216 2963 5232 ·
3001 5203 3094 5255 καὶ
3133 5202 3290 5255 τοῦτο
3318 5203 3490 5257 αἴτιον

1825 5280 1926 5362 τῆς
1957 5284 2281 5356 θεραπείας,
2324 5284 2383 5362 αἰ
2411 5281 2744 5362 κραιπάλαι,
2790 5282 2971 5362 καλ,ᾼοὶ
3020 5280 3230 5362 κῶμοι,
3256 5282 3331 5362 ὀί
3372 5285 3494 5354 μεθ’

1827 5359 2061 5442 ἡμέραν,
2092 5365 2141 5417 οἰ
2169 5362 2258 5415 διά
2288 5361 2465 5442 πάσης
2496 5361 2709 5442 νυκτὸς,
2741 5362 2788 5442 οί
2818 5360 2969 5442 αὐλοί
2996 5360 3088 5442 καί
3116 5359 3181 5414 τὰ
3206 5359 3490 5433 τύμπανα,

1824 5439 1885 5504 τὶ
1920 5443 2060 5517 μετά
2093 5443 2274 5512 πάσης
2308 5441 2695 5510 ἀναισχυντίας
2737 5439 2937 5511 αἰσχρά
2971 5439 3069 5510 μὲν
3119 5442 3312 5507 εἰπεῖν,
3351 5445 3493 5512 πρᾶ-

1826 5529 1912 5595 ξαι
1953 5525 2009 5579 δὲ
2036 5522 2394 5593 αἰσχρότερα’
2426 5519 2488 5572 τὸ
2527 5519 2887 5590 διαρραγῆναι
2935 5518 3033 5589 μὲν
3072 5518 3178 5571 ὑπὸ
3214 5520 3312 5589 τῆς
3362 5522 3493 5593 ἀδη-

1826 5604 2047 5677 φαγίας,
2091 5599 2527 5670 ἐκϐακχευθῆναι
2557 5598 2613 5651 δὲ
2642 5596 2877 5677 ὐπὸῌτῆς
2914 5598 3103 5668 μέθης,
3142 5598 3238 5652 καὶ
3273 5601 3355 5663 εἰς
3391 5600 3492 5672 τὴν

1825 5670 2110 5754 άίσχίστην
2156 5680 2353 5751 μανίαν
2383 5680 2636 5733 ἐκπεσεῖν
2657 5694 2672 5710 ο
2704 5670 2861 5731 αῦται
2897 5679 2952 5730 αἱ
2986 5678 3294 5748 ἀσχήμονες
3320 5670 3493 5734 δαπά.

1822 5782 1910 5819 ναι
1957 5761 2269 5831 συνέχουσιν
2301 5759 2380 5811 ἔτι
2424 5759 2518 5812 καὶ
2554 5755 2904 5830 διακρατοῦσι
2949 5756 3343 5812 διαπίπτουσαν
3390 5758 3492 5830 τὴν

1823 5844 2053 5915 πλάνην.
2097 5842 2161 5894 Οἱ
2198 5839 2304 5912 γάρ
2330 5836 2696 5909 εὐπορώτεροι
2735 5837 2862 5902 τοὺς
2905 5837 2992 5892 διὰ
3017 5837 3116 5912 τὴν
3149 5839 3351 5911 ἀργίαν
3383 5840 3488 5895 ὑπὸ

1885 5952 1909 5981 ε
1932 5946 2081 5998 Βονὶι.
2104 5951 2156 5994 el
2177 5957 2303 5995 unus
2320 5944 2426 5993 cod.
2451 5942 2677 6002 ἀναϐῆναι
2699 5942 2859 6007 θρόνον
2878 5942 3030 6007 τῦχοι.

3016 6027 3054 6086 9
