3884 6294
367 322 474 377 545

362 438 461 492 τοῦ
489 439 644 510 λιμοῦ
696 440 1080 512 φθειρομένους
1124 442 1440 511 ἐκλέγοντες
1462 481 1507 505 ,-
1527 445 1584 495 ἐν
1617 442 1766 508 τάξει
1798 442 2034 513 παρασί-

365 555 474 593 των
520 539 614 591 καὶ
652 537 767 592 τῶν
802 540 930 609 περὶ
974 537 1073 602 τὰς
1122 538 1400 610 τραπέζας
1449 539 1796 610 τρεφομένων
1851 539 2034 610 έχουσι

368 636 566 702 κυνῶν,
589 637 702 699 τοῖς
731 633 1002 704 λειψάνοις
1032 632 1144 698 τοῖς
1165 634 1274 688 ἀπὸ
1302 634 1411 687 τῶν
1440 635 1772 706 παρανόμων
1802 634 2035 689 δείπνων

331 746 343 769 ⁸
365 731 703 796 διασπῶντες
739 732 838 796 τάς
870 731 1143 803 γαστέρας
1174 732 1272 796 τὰς
1299 732 1557 796 ἀναιδεῖς,
1591 733 1683 787 καὶ
1722 732 1857 805 πρὸς
1897 733 2036 804 ὅπερ

366 832 434 886 ἂν
470 831 693 885 θέλωσιν
728 830 922 894 αὑταῖς
965 829 1260 902 χρώμενοι.
1300 830 1494 900 Ἡμεῖς
1538 830 1596 884 δὲ
1636 828 1895 894 καθάπαξ
1938 828 2035 899 τὴν

369 930 637 1001 ὑμετέραν
678 927 901 997 ἀλογίαν
949 928 1042 980 καὶ
1088 927 1434 999 παρανομίαν
1491 929 1857 998 μισήσαντες,
1908 927 2036 987 τοὺς

372 1028 470 1098 μὲν
514 1024 817 1097 ἀργοῦντας
850 1024 943 1077 καὶ
970 1023 1057 1076 διὰ
1108 1022 1260 1096 1549]
1311 1023 1468 1077 τοῦτο
1498 1026 1689 1094 πεινῇν
1727 1021 2035 1091 ἀναγκαζο-

368 1124 564 1196 μένους
588 1121 648 1175 ού
680 1120 974 1192 τρέφομεν,
1005 1119 1120 1173 ἀλλ’
1144 1119 1544 1191 ἐργαζομένους
1572 1121 1666 1175 καὶ
1699 1121 1907 1182 ἑαυτοῖς
1944 1118 2035 1171 καὶ

364 1219 570 1288 ἑτέροις
599 1217 861 1287 ἐπαρκεῖν
900 1215 1188 1286 πείθομενο
1219 1217 1345 1280 τοὺς
1374 1216 1431 1269 δέ
1462 1218 1774 1288 ἀναπήρους
1801 1214 1879 1285 τῷ
1931 1212 2036 1266 σώο

366 1334 496 1388 ματι
548 1313 876 1385 γενομένους
934 1313 1087 1385 παρὰ
1136 1312 1244 1368 τῶν
1290 1313 1524 1384 ἐχόντων
1578 1313 1681 1384 τῆς
1734 1311 2035 1381 ἀναγκαίας

366 1418 524 1484 μόνον
567 1409 964 1482 συγχωροῦμεν
1022 1408 1318 1463 ἀπολαύειν
1359 1410 1592 1481 τροφῆς·
1642 1410 1819 1481 κῶμοι
1849 1409 1905 1462 δέ
1940 1409 2035 1462 καὶ

367 1501 527 1572 μέθαι
555 1499 651 1554 καὶ
687 1500 838 1552 πᾶσα
865 1500 898 1568 ὴ
929 1497 1091 1568 λοιπὴ
1129 1497 1292 1567 μανία
1322 1498 1417 1551 καὶ
1446 1497 1738 1568 αἰσχρότης
1771 1495 2036 1567 ἐκϐέϐλη-

362 1606 471 1654 ται,
506 1587 861 1657 ἀντεισῆκται
901 1584 956 1637 δέ
987 1585 1108 1637 ἀντί
1141 1583 1343 1638 τούτων
1371 1586 1471 1638 ὅσα
1502 1585 1695 1654 σεμνὰ.
1726 1586 1825 1638 ὅσα
1874 1585 2031 1653 ἀγνά,

360 1678 462 1731 ὅσα
494 1674 699 1736 δίκαια,
727 1674 826 1727 ὅσα
859 1671 1103 1744 εῦφημα,
1135 1672 1191 1725 εἴ
1221 1690 1301 1736 τις
1342 1673 1512 1744 ἀρετὴ
1539 1675 1633 1727 καὶ
1673 1675 1729 1727 εῖ
1766 1692 1848 1737 τις
1877 1675 2034 1727 ἑπαιο

361 1781 467 1829 νος.
500 1765 614 1818 Καὶ
644 1763 713 1816 τά
746 1762 881 1816 ἀλλα
925 1762 982 1815 δέ
1023 1760 1059 1815 ἃ
1091 1762 1231 1833 ὑπὲρ
1269 1761 1378 1814 τῶν
1421 1763 1550 1833 παρ’
1591 1762 1772 1825 αὐτοῖς
1816 1761 2032 1830 φιλοσο-

360 1853 652 1925 φησάντων
692 1851 1088 1922 κομπάξουσιν,
1118 1849 1369 1916 ἀπέδειξε
1416 1849 1721 1916 κενοδοξίαν
1764 1850 1858 1903 καὶ
1897 1849 2031 1921 θρα-

361 1940 587 2010 σύτητα,
613 1940 709 1992 καὶ
739 1939 996 2008 παιδικῆς
1027 1937 1164 2009 ἔργα
1192 1937 1452 2000 διανοίας.
1490 1938 1564 1991 Οὐ
1598 1936 1707 2007 γάρ
1732 1936 1887 1990 πίθον
1916 1939 2035 1991 ἐκεῖ

358 2026 536 2095 λαϐὼν
556 2025 915 2091 ’κατέκλεισεν
946 2024 1155 2082 ἑαυτὸν.
1185 2023 1303 2077 οὐδέ
1332 2024 1472 2095 ῥάκη
1503 2023 1956 2094 περιϐαλλόμενος
1979 2037 2029 2088 α,

357 2094 505 2171 οὖτῶ
534 2114 748 2187 περιῄει
796 2112 939 2167 κατά
969 2112 1067 2184 τὴν
1112 2094 1341 2184 ἀγοράνξ
1389 2110 1575 2165 Ταῦτα
1605 2111 1715 2184 γὰρ
1745 2110 1895 2166 δοκεῖ
1932 2112 2031 2183 μέν

355 2220 480 2258 τινα
520 2201 658 2257 εἶναι
705 2200 1032 2271 θαυμαστά,
1080 2200 1174 2253 καὶ
1212 2200 1373 2253 πόνον
1408 2199 1550 2270 ἔχειν
1594 2200 1759 2253 πολὺν
1791 2202 1886 2255 καὶ
1932 2201 2031 2273 τὴν

359 2291 595 2361 ἐσχάτην
620 2288 1029 2359 ταλαιπωρίαν,
1067 2287 1289 2341 ἐπαίνου
1316 2287 1373 2340 δέ
1407 2287 1607 2350 παντὸς
1637 2287 2025 2359 ἀπεστέρηται.

359 2378 470 2431 Καὶ
503 2376 662 2430 τοῦτο
700 2376 757 2430 δὲ
790 2375 890 2446 τῆς
936 2375 1030 2427 τοῦ
1061 2374 1310 2428 διαϐόλου
1356 2375 1715 2446 κακουργίας,
1744 2377 1870 2439 τοὺς
1907 2375 2027 2429 δου-

357 2466 614 2530 λεύοντας
668 2464 818 2535 αὐτῷ
862 2463 1125 2527 τοιούτοις
1177 2463 1529 2534 παραδιδόναι
1575 2464 1788 2529 πόνοις,
1837 2464 1885 2517 οἳ
1936 2465 2029 2518 καὶ

356 2554 745 2608 διασπάσονται
782 2553 910 2614 τοὺς
952 2552 1367 2622 ἠπατημένους,
1400 2551 1493 2604 καὶ
1531 2552 1764 2622 μάλιστα
1813 2552 2028 2606 πάντων

359 2639 797 2709 καταγελάστους
845 2637 1213 2708 ἀποφανοῦσιν
1261 2638 1491 2702 αὐτούς’
1541 2638 1700 2702 πόνος
1728 2640 1836 2712 γάρ
1878 2639 2028 2693 ούδέν

356 2729 547 2802 κέρδος
574 2728 734 2799 ἔχων,
764 2726 1037 2797 ἐγκωμίου
1069 2725 1269 2790 παντός
1296 2726 1683 2799 ἀπεστέρηται.

428 2818 538 2872 Καὶ
559 2817 667 2888 γάρ
686 2817 765 2869 ἔτι
794 2815 887 2871 καὶ
912 2814 1006 2868 νῦν
1038 2817 1175 2868 εἰσιν
1208 2813 1482 2886 ἄνθρωποι
1510 2816 1729 2887 φθορεῖς
1757 2817 1784 2857 δ
1802 2818 1896 2871 καί
1927 2836 2029 2889 μυ-

359 2907 492 2977 ρίων
546 2906 810 2976 γέμοντες
861 2902 1072 2967 κακῶν,
1110 2902 1204 2956 τοῦ
1235 2903 1525 2973 φιλοσόφου
1567 2904 1747 2975 πολλῷ
1805 2905 2026 2977 μείζονα

355 2993 825 3066 ἐπιδεικνύμενοι·
866 2993 915 3045 οί
948 2991 1047 3063 μὲν
1069 2990 1178 3062 γὰρ
1242 2991 1407 3062 ἥλους
1436 2991 1578 3058 ὀξεῖς
1625 2992 1719 3047 καὶ
1750 2995 2027 3065 ἠκονημέ-

354 3101 476 3147 νους
507 3081 729 3154 ἔφαγον,
761 3081 809 3135 οἱ
839 3080 895 3132 δέ
923 3079 1247 3150 ὑποδήματα
1300 3078 1699 3150 διεμασήσαντο
1745 3082 1839 3135 καὶ⁵
1898 3100 2029 3136 κατ-

354 3173 530 3237 έτιιον,
564 3171 685 3225 οἱδέ
718 3169 854 3240 πρὸς
884 3169 1049 3241 ἕτερα
1078 3165 1260 3237 πολλῷ
1289 3166 1491 3221 τούτων
1523 3167 2028 3241 παρεόουλεύσαντο

358 3259 755 3331 μοχθηρότερα,
790 3256 969 3310 καίτοι
1012 3255 1082 3309 ιτά
1133 3254 1358 3309 τοιαῦτα
1405 3254 1584 3326 πολλῷ
1616 3255 1710 3309 τοῦ
1743 3257 1900 3311 πίθου
1931 3259 2028 3313 καὶ

349 3348 459 3401 τῶν
499 3346 702 3418 ῥακίων
732 3344 1146 3415 θαυμαστότερα
1169 3360 1183 3374 ·
1209 3343 1323 3397 ἀλλ’
1347 3344 1448 3398 οὐκ
1463 3344 1839 3416 ἀποδεχόμεθα
1866 3346 2023 3413 αύτά,

352 3438 544 3509 ὥσπερ
568 3431 660 3489 οῦν
681 3433 803 3487 οὐδὲ
830 3436 1034 3499 ἐκεῖνα,
1069 3433 1198 3487 ἀλλ’
1235 3434 1419 3506 ἐξίσης
1448 3435 1525 3506 τῷ
1567 3435 1840 3508 φιλοσόφῳ
1866 3439 2024 3491 κακί-

354 3529 522 3599 ζομεν
550 3527 644 3579 καὶ
678 3522 988 3595 δακρύομεν
1044 3524 1139 3575 καὶ
1169 3522 1394 3587 τούτους
1431 3525 1525 3577 καὶ¹
1572 3524 1781 3589 πάντας
1824 3526 2025 3597 ὁμοίως

352 3625 478 3690 τοὺς
508 3624 575 3678 τά
605 3622 832 3678 τοιαῦτα
858 3623 1321 3696 τερατευομένους
1373 3624 1516 3697 εἰκῆ.
1565 3624 1726 3679 Ἀλλά
1756 3626 1851 3679 καί
1882 3631 2024 3699 παῤ-

352 3714 548 3786 ρησίαν
600 3711 912 3777 ἐπεδείξατο
941 3712 1079 3783 πρὸς
1133 3710 1360 3782 βασιλέα
1414 3711 1635 3784 πολλήν.
1670 3714 1897 3785 Ἰδωμεν
1928 3713 2022 3771 οὖν

349 3803 445 3856 καὶ
472 3802 571 3875 τὴν
592 3801 794 3873 πολλὴν
821 3799 1153 3872 παρρησίαν,
1200 3800 1273 3871 μή
1321 3817 1452 3854 ποτε
1497 3802 1590 3854 καλ
1623 3800 1761 3873 αὕτη
1796 3804 1895 3875 τῆς
1926 3803 2019 3858 τοῦ

350 3892 509 3945 πίθου
534 3890 820 3964 τερατείας
854 3888 1185 3962 ματαιοτέρα
1212 3886 1348 3943 οὖσα
1382 3888 1535 3961 τύχοι
1553 3907 1567 3920 ·
1602 3890 1684 3955 τίς
1707 3887 1800 3946 οῦν
1825 3895 1858 3964 ἡ
1889 3897 2024 3966 παρ-

353 3982 555 4053 ρησίας
608 3978 916 4034 Ἐλαύνοντι
939 3975 1019 4049 τῷ
1047 3976 1313 4032 Μακεδόνι
1357 3977 1486 4031 ποτὶ
1534 3978 1627 4031 ἐπὶ
1656 3979 1748 4034 τὸν
1779 3979 2018 4052 Πέρσην,

352 4069 628 4123 ἐπιστάντι
673 4082 728 4121 τι
792 4064 941 4137 αὐτῷ
989 4065 1083 4119 καὶ
1130 4064 1461 4136 ἀπαγγεῖλαι
1503 4067 1870 4139 προτρέψαντι
1896 4080 1919 4108 α
1971 4067 2025 4124 εί

345 4172 491 4219 τινος
521 4155 714 4220 δέοιτο,
741 4152 973 4220 οὐδενὸς,
1008 4151 1135 4223 εφη,
1161 4153 1302 4225 πλὴν
1317 4153 1410 4207 τοῦ
1436 4153 1512 4226 μὴ
1533 4156 1841 4209 ἐπισκοτεῖν
1870 4156 2022 4229 αύτῷ

346 4245 436 4297 τὸν
459 4240 687 4308 βασιλέα
705 4259 718 4272 ·
752 4243 844 4296 καὶ
876 4241 988 4313 γάρ
1009 4240 1164 4310 ἔτυχε
1191 4242 1314 4295 τότε
1358 4241 1496 4314 ἡλίῳ
1535 4242 1962 4316 θερμαινόμενος
1990 4248 2022 4300 6

346 4329 742 4400 φιλόσοφος.οὐ
764 4327 1164 4392 καταδύσεσθε;
1187 4329 1289 4383 οὐκ
1315 4329 1684 4399 ἐγκαλύψασθε
1706 4332 1840 4399 ςούκ
1850 4332 2018 4387 ἀπελ-

343 4420 531 4483 θόντες
584 4417 815 4482 ἑαυτούς
886 4432 991 4470 που
1065 4417 1416 4488 κατορύξετε.
1468 4419 1562 4471 ἐπὶ
1608 4419 1819 4485 τούτοις
1877 4421 2020 4492 μέγα

345 4507 668 4580 φρονοῦντες
701 4508 786 4573 ἐφ’
806 4499 888 4568 οἷς
899 4502 1248 4575 αἰσχύνεσθαι
1272 4503 1439 4575 ἐχρῆν
1460 4521 1475 4571 ;
1503 4504 1662 4577 Πόσῳ
1686 4506 1795 4577 γάρ
1814 4507 2020 4577 βέλτιον

344 4590 412 4667 ἦν
445 4594 657 4664 ἰμάτιον
688 4592 916 4646 ’ἐνδύντα
972 4591 1134 4662 ἀδρδν
1199 4591 1421 4661 ἐνεργὸν
1479 4587 1637 4656 εἷναι,
1679 4593 1773 4646 καί
1817 4612 1870 4648 τι
1913 4596 2019 4651 τῶν

345 4681 634 4753 χρησίμων
651 4680 743 4734 τὸν
783 4679 1133 4751 βασιλεύοντα
1149 4679 1271 4732 τότε
1305 4680 1495 4744 αἰτεῖν,
1527 4680 1560 4751 ἢ
1588 4680 1857 4753 καθῆσθαι
1882 4685 2020 4754 μετά

344 4769 454 4823 τῶν
484 4767 689 4839 ῥακίων
715 4767 1160 4839 θερμαινόμενον,
1178 4767 1319 4821 κατὰ
1338 4767 1405 4821 τά
1436 4768 1609 4840 μικρά
1624 4771 1716 4824 καὶ
1742 4771 2019 4842 ὑπομάζια

344 4856 457 4911 τῶν
490 4855 737 4919 παιδίων,
756 4856 901 4927 άπερ
928 4857 986 4908 αἱ
1006 4855 1205 4920 τίτθαι,
1231 4855 1371 4928 μετά
1385 4856 1446 4909 τὸ
1465 4855 1651 4911 λοῦσαι
1670 4857 1762 4910 καὶ
1775 4858 2014 4930 ἀλεῖψαι,

346 4943 697 5017 προτιθέασιν
724 4946 804 5008 εἰς
838 4942 1016 5011 τοῦτο,
1058 4945 1137 5007 εἰς
1169 4944 1303 5015 ὅπερ
1329 4946 1356 4997 6
1383 4944 1670 5014 φιλόσοφος
1690 4946 1812 5000 τότε
1853 4949 2018 5003 ἐκάθ-

345 5048 445 5105 ητο
490 5031 540 5097 τι,
583 5031 829 5104 γραῖδίου
863 5031 1124 5102 δυστήνου
1150 5032 1307 5102 χάριν
1330 5032 1524 5100 αίτῶν;
1568 5034 1706 5089 Ἀλλ’
1735 5036 1767 5106 ή
1802 5039 2019 5110 παρρη-

347 5120 438 5173 σία
449 5118 579 5183 ίσως
597 5119 912 5191 θαυμαστῆς
949 5116 1112 5170 Ἀλλά
1138 5117 1340 5190 ταύτης
1358 5119 1509 5172 οὐδὲν
1529 5123 2015 5197 τερατωδέστερον.

346 5207 451 5262 Τὸν
495 5206 605 5280 γάρ
657 5206 862 5278 ἀγαθὸν
916 5205 1106 5278 ἄνδρα,
1150 5206 1285 5276 πρὸς
1322 5209 1383 5260 τὸ
1428 5211 1753 5281 κοινωφελές
1801 5214 2017 5269 ἅπαντα

348 5295 610 5369 πράττειν
639 5295 765 5367 χρὴ,
802 5296 898 5350 καὶ
928 5295 1021 5349 τὸν
1078 5292 1186 5348 τῶν
1226 5293 1399 5348 ἄλλων
1434 5294 1546 5365 βίον
1589 5298 1917 5372 κατορθοῦν·
1954 5302 2014 5357 τό

355 5537 370 5552 ⁸
410 5472 436 5499 ⁸⁸
457 5469 596 5552 Ungs
623 5470 811 5533 Regius
831 5470 921 5533 γὰρ
948 5472 1011 5526 ὡς
1046 5471 1072 5518 ό
1112 5471 1244 5520 πίθον
1269 5470 1441 5528 ἐκεῖνος
1471 5473 1729 5525 λαϐὼν.,...
1760 5476 1871 5527 οὐδὲ
1893 5479 2013 5542 ῥάκη

344 5533 577 5591 ὡςπεοιὸ.
1896 5533 1911 5542 ’

408 5591 872 5677 ξίὲἐξιεδιξξτ.μ,-
1461 5664 1504 5677 _.
1790 5665 1805 5677 .

410 5654 890 5732 ἦΑιὶἱὲτξιτρέφαντι.
919 5654 1074 5732 Ρξυιο
1119 5660 1228 5732 ρρςι
1272 5654 1421 5704 Savil.
1458 5664 1507 5706 et
1551 5673 1676 5710 unus
1717 5678 1753 5712 (τι
1777 5665 1865 5715 dm
1895 5661 2016 5726 ἡλίῳ

339 5719 599 5782 θερόμενος.
618 5715 820 5765 Εἰῖηἰω
844 5715 1308 5787 μεγαλοφρονοῦντες.

403 5779 432 5820 ά
451 5779 600 5830 Savil.
628 5783 679 5825 el
704 5789 830 5826 unus
851 5777 960 5826 τότε
984 5777 1160 5833 ἐκεινος
1187 5776 1404 5837 ἐκάθητο.

1137 338 1194 395 s.
1234 340 1522 396 10.1mm
1558 341 2046 400 cumsosmm
2085 348 2422 406 ARCHIEP.
2466 349 3018 410 CONSTANTINOP-
3704 339 3794 396 SR

2136 444 2194 498 δὲ
2223 446 2450 511 ἀξιῶσαι
2498 451 2572 521 μὴ
2604 451 2930 514 ἐπισκοτεῖν,
2987 450 3144 504 ποίαν
3180 451 3351 515 πόλιν,
3409 455 3567 510 ποίαν
3607 456 3794 522 οἰκίαν,
3882 518 3884 531 Ι

2136 539 2257 592 τίνα
2288 539 2477 614 ἀνδρα,
2513 544 2673 597 ποίαν
2707 546 2947 612 γυναῖκα
2972 543 3232 598 διέσωσεν
3257 563 3271 608 ;
3301 547 3436 601 Εἰπὲ
3458 547 3555 617 τῆς
3587 550 3790 620 210.9617-
3882 562 3884 565 '

2141 630 2266 695 σίας
2301 631 2361 685 τὸ
2388 634 2609 705 κέρδος⁹
2648 635 2710 688 τὸ
2752 635 2863 708 γάρ
2898 636 2994 690 τοῦ
3031 637 3309 710 μάρτυρος
3338 639 3500 708 ἡμεῖς
3535 638 3799 705 ὲπεδείξσν

2140 728 2261 789 μεν,
2290 724 2380 775 καὶ
2402 725 2681 794 προϊόντες
2708 726 2764 778 δέ
2784 727 2917 781 αὐτὸ
2942 729 3272 801 σαφέστερον
3301 716 3702 801 ἐκκαλύψομεν.

2208 810 2362 884 [550]
2388 805 2454 866 θ’.
2471 815 2620 879 Τέως
2636 816 2691 869 δέ
2710 818 2800 870 τὸν
2827 817 3089 891 ὑϐριστὴν
3104 820 3351 884 ἐκόλασε,
3370 823 3463 876 καὶ
3484 821 3657 896 ταύτῃ
3718 823 3800 877 τὸν

2139 900 2288 965 ἱερέα
2309 900 2558 966 κολάζειν
2580 902 2739 974 θέμις
2768 906 2904 969 ἐστὶ,
2930 906 3000 960 τά
3028 907 3141 961 τῶν
3182 909 3465 991 ἀρχόντων
3494 910 3797 964 κατέστειλε

2139 995 2484 1065 φρονήματα,
2511 1000 2622 1059 τοῖς
2651 996 2746 1050 τοῦ
2785 997 2920 1052 Θεοῦ
2951 999 3139 1071 νόμοις
3168 1001 3511 1073 κινουμένοις
3533 1003 3798 1075 ἐπήμυνε,

2135 1089 2400 1161 τιμωρίαν
2421 1091 2560 1163 ὑπὲρ
2580 1092 2676 1148 τοῦ
2709 1094 2895 1159 κακῶς
2920 1084 3217 1166 σφαγέντος
3257 1099 3529 1170 ἀπῄτησε,
3577 1100 3679 1172 τὴν
3716 1118 3800 1156 πα·

2138 1184 2246 1238 σῶν
2268 1185 2547 1257 τιμωριῶν
2573 1187 2962 1261 χαλεπωτέραν
2990 1194 3104 1256 τοῖς
3124 1210 3187 1262 γε
3215 1194 3340 1248 νοῦν
3366 1194 3551 1266 ἔχουσι
3587 1197 3801 1270 Μέμνη-

2137 1277 2229 1332 σθε
2259 1280 2429 1351 δήπου
2454 1282 2691 1348 πάντως,
2727 1284 2813 1339 ὅτε
2844 1302 2911 1339 πε
2922 1288 2973 1358 ρ“ι
3001 1289 3094 1341 τοῦ
3121 1289 3283 1359 φόνου
3310 1290 3651 1364 διελεγόμην,
3694 1294 3800 1357 πῶς

2135 1376 2367 1442 ἕκαστος
2391 1379 2799 1451 διεθερμαίνετο
2826 1384 2933 1438 τῶν
2958 1386 3266 1459 ἀκροατῶν,
3298 1389 3392 1443 καί
3413 1389 3503 1443 τὸν
3540 1390 3799 1463 αὐθέντην

2134 1472 2317 1527 λαϐεῖν
2351 1476 2430 1539 είς
2469 1480 2657 1547 χεῖρας
2688 1489 2710 1517 ε
2743 1479 3027 1552 ἐπεθύμει,
3076 1483 3170 1535 καὶ
3221 1483 3455 1555 φανῆναί
3509 1485 3677 1539 ποθεν
3722 1486 3800 1539 τὸν

2134 1572 2490 1644 ἐκδικήσοντα
2514 1575 2602 1629 τὸν
2628 1578 2786 1646 φόνον
2808 1578 3008 1650 ηὔχετο
3059 1581 3231 1635 Τοῦτο
3275 1583 3452 1637 τοίνυν
3484 1587 3513 1639 6
3539 1585 3802 1656 μακάριος

2133 1672 2341 1736 ἐκεῖνος
2371 1674 2619 1745 ἐποίησε,
2646 1679 2739 1731 καὶ
2776 1677 2935 1750 δίκην
2973 1679 3243 1750 ἐπέθηκεν
3276 1682 3424 1753 αύτῷ
3455 1682 3547 1736 τὸν
3586 1683 3800 1753 βασιλέα
3882 1746 3884 1751 ι

2133 1769 2524 1825 ἐπισκοτοῦντα
2556 1773 2855 1845 ἀποστῆναι
2887 1773 3203 1842 ἀξιῶν,ἀλλ’
3235 1780 3466 1844 ἀναιδῶς
3495 1783 3613 1844 τοῖς
3645 1784 3805 1853 ἱεροῖς
3882 1812 3884 1875 i

2132 1863 2484 1936 ἐπιπηδῶντα
2513 1868 2840 1940 περιϐόλοις,
2867 1873 2961 1926 καὶ
2984 1873 3160 1928 πάντα
3209 1878 3527 1946 συγχέοντα,
3555 1878 3804 1950 καθάπερ
3882 1863 3884 1935 i

2131 1960 2253 2014 τινὰ
2320 1962 2456 2017 κύνα
2514 1967 2607 2019 καὶ
2668 1967 2884 2039 οἰκέτην
2949 1969 3243 2041 ἀγνώμονα
3294 1972 3405 2027 τῶν
3471 1974 3807 2031 δεσποτικῶν

2131 2055 2411 2128 ἀπείργων
2474 2060 2675 2116 αὐλῶν.
2738 2036 2903 2135 Ὀρᾷς
2967 2036 3044 2129 ῶς
3095 2036 3155 2121 οὐ
3218 2069 3520 2140 κομπάζων
3578 2072 3805 2142 ελεγον,
3882 2036 3884 2091 1

2058 2202 2061 2205 ,
2129 2153 2210 2207 ὃτι
2265 2156 2520 2228 παιδικῆς
2566 2158 2705 2229 ἔργα
2750 2159 2989 2225 διανοίας
3031 2162 3101 2217 τὰ
3158 2166 3268 2220 τῶν
3306 2169 3438 2239 παρ’
3488 2169 3621 2240 ὑμῖν
3653 2171 3812 2239 φιλο·
3882 2206 3884 2245 ε

2131 2247 2313 2318 σόφων
2372 2250 2623 2318 ἀπέδειξε
2683 2252 2985 2325 θαύματα;
3057 2257 3193 2312 ἀλλὰ
3262 2260 3358 2314 καὶ
3418 2263 3812 2337 ἐσωφρόνησεν

2130 2345 2158 2396 ό
2185 2345 2461 2409 Σινωπεὺς
2488 2348 2712 2413 ἐκεῖνος,
2742 2350 2836 2404 καὶ
2871 2352 2929 2403 ἐν
2961 2354 3258 2427 ἐγκρατείᾳ
3286 2356 3537 2429 διήγαγε,
3569 2363 3668 2413 καὶ
3703 2362 3814 2415 τῶν
3882 2344 3884 2357 ’

2129 2439 2271 2493 κατά
2299 2441 2462 2511 νόμον
2483 2442 2581 2495 οὑκ
2606 2444 2933 2515 ἀνεχόμενος
2958 2448 3172 2519 γάμων.
3227 2450 3392 2504 Ἀλλά
3417 2452 3535 2517 πῶς
3581 2455 3677 2509 καὶ
3706 2457 3812 2509 τίνι

2127 2538 2317 2608 τρόπῳ
2342 2539 2641 2610 προστίθει.
2689 2541 2829 2595 Ἀλλ’
2853 2542 2914 2596 ού
2947 2545 3281 2617 προσθήσεις
3302 2586 3316 2611 ,
3366 2548 3485 2601 ἀλλ’
3513 2551 3668 2621 ἣδιον
3702 2555 3814 2605 τῶν
3882 2536 3884 2539 ’

2128 2633 2228 2703 τῆς
2261 2635 2619 2708 σωφροσύνης
2661 2640 2956 2711 ἐγκωμίων
2994 2642 3398 2714 ἀποστερήσεις
3423 2647 3669 2720 αὑτὸν,ἦ
3720 2650 3810 2702 τὸν
3882 2704 3884 2707 ,

2127 2731 2327 2802 τρόπον
2349 2729 2448 2805 τῆς
2470 2737 2824 2809 σωφροσύνης
2841 2741 3008 2810 ἐρεῖς,
3025 2739 3200 2805 οὕτως
3235 2744 3460 2814 αἰσχρὸς
3481 2748 3578 2800 καὶ
3607 2748 3814 2818 πολλῆς

2127 2833 2313 2902 γέμων
2348 2834 2612 2906 αἰσχύνης
2654 2831 2743 2906 ἦν.
2777 2830 3047 2909 Ἐπῆλθον
3069 2841 3114 2893 δ’
3140 2840 3206 2894 ἂν
3241 2843 3336 2895 καὶ
3368 2842 3459 2896 τὸν
3494 2844 3607 2897 τῶν
3631 2845 3814 2900 ἀλλων

2126 2928 2312 3001 λῆρον,
2344 2931 2441 2985 καὶ
2479 2932 2582 3004 τὴν
2621 2937 3020 3004 ματαιοπονίαν
3049 2938 3146 2991 καὶ
3168 2938 3267 3010 τὴν
3297 2940 3640 3013 αἰσχρότητα
3659 2961 3678 2975 ·
3707 2944 3814 2997 ποῦ

2127 3028 2259 3100 γὰρ,
2288 3029 2409 3082 εἰπέ
2439 3047 2552 3101 μοι,
2606 3032 2877 3104 χρήσιμον
2909 3036 3076 3106 γονῆς
3108 3036 3482 3106 ἀπογεύεσθαι
3521 3040 3815 3113 ἀνθρωπί-

2127 3139 2243 3195 νης,
2269 3124 2405 3197 ὅπερ
2435 3126 2464 3178 6
2493 3126 2853 3200 Σταγειρίτης
2881 3131 3090 3199 ἐποίει;
3121 3136 3275 3188 ποῖον
3298 3135 3354 3189 δέ
3381 3136 3579 3205 δφελος
3610 3139 3817 3209 μίγνυ·

2128 3219 2251 3273 σθαι
2276 3223 2515 3294 μητράσι
2545 3224 2642 3278 καί⁷
2659 3224 2937 3295 ἀδελφαῖς,
2969 3227 3107 3299 ὅπερ
3133 3230 3162 3282 ό
3189 3230 3291 3300 τῆς
3318 3232 3487 3296 Στοᾶς
3516 3237 3817 3305 προεστὼς

2126 3317 2416 3387 φιλόσοφος
2469 3320 2823 3391 ἐνομοθέτει;
2891 3325 3001 3377 Καὶ
3049 3323 3140 3379 τὸν
3196 3327 3296 3397 τῆς
3355 3328 3703 3402 Ἀκαδημίας
3761 3333 3821 3387 δὲ

2126 3413 2389 3487 ἄρξαντα,
2420 3417 2515 3469 καὶ
2543 3417 2635 3472 τὸν
2660 3419 2873 3473 ἐκείνου
2918 3419 3261 3489 διδάσκαλον,
3291 3423 3386 3476 καὶ
3410 3426 3538 3491 τοὺς
3574 3428 3656 3480 ἔτι
3685 3430 3820 3484 τού-

2123 3531 2232 3568 των
2292 3516 2494 3587 μᾶλλον
2571 3518 3022 3592 θαυμαζομένους
3050 3562 3064 3588 ,
3143 3522 3351 3579 τούτων
3410 3528 3827 3603 αἰσχροτέρους

2123 3610 2372 3676 ἀνέδειξα
2411 3612 2431 3652 ί
2468 3613 2556 3679 ἀν,
2597 3617 2692 3669 καὶ
2737 3618 2838 3689 τὴν
2868 3618 3285 3691 παιδεραστίαν.
3319 3623 3387 3693 ἣν
3429 3625 3634 3696 σεμνὸν
3663 3624 3827 3685 εἶναι

2120 3704 2361 3762 τίθενται
2377 3708 2472 3761 καὶ
2494 3709 2814 3779 φιλοσοφίας
2857 3714 3049 3785 μέρος,
3074 3713 3385 3788 ἐξεκάλυψα
3408 3720 3595 3793 πάσης
3614 3724 3744 3777 ἀπα
3754 3745 3833 3797 με

2125 3801 2327 3871 φιάσας
2362 3801 2466 3873 τῆς
2491 3803 2844 3878 ἀλληγορίας,
2871 3810 2920 3862 εἰ
2948 3808 3024 3882 μὴ
3053 3811 3134 3874 εἰς
3166 3812 3381 3885 μακρὸν
3405 3814 3436 3867 6
3468 3814 3629 3885 λόγος
3672 3821 3830 3892 ἡμῖν

2121 3895 2420 3962 ἐξετείνετο
2453 3898 2650 3970 μῆκος,
2683 3902 2938 3974 καὶπρὸς
2972 3904 3160 3977 ἕτερον
3192 3908 3457 3979 ἠπείγετο
3486 3912 3678 3984 μέρος,
3714 3920 3833 3971 καὶ

2122 3990 2324 4056 ἱκανῶς
2358 3994 2453 4048 καὶ
2483 3993 2573 4049 διὰ
2607 3994 2700 4049 τοῦ
2728 3996 2847 4062 ἐνὸς
2878 3999 2970 4054 τὸν
2999 4000 3214 4070 γέλωτα
3245 4004 3468 4061 πάντων
3494 4005 3822 4081 διήλεγξεν.

2194 4086 2364 4149 Ὅταν
2405 4088 2517 4164 γάρ
2559 4093 2588 4145 6
2630 4092 2872 4167 κρατῶν,
2911 4096 3057 4152 κατὰ
3085 4098 3145 4153 τὸ
3172 4098 3363 4156 δοκοῦν
3398 4103 3832 4181 αῦστηρότερον

2121 4180 2261 4241 εἶναι
2287 4183 2387 4259 τῆς
2421 4186 2742 4260 φιλοσοφίας
2771 4191 2958 4264 μέρος,
2985 4195 3082 4250 καὶ
3113 4197 3567 4271 παρρησίας,κα³ἰ
3591 4205 3828 4277 ἐγκρα-

2119 4281 2273 4346 τείας
2291 4280 2503 4347 ἓνεκεν,
2540 4284 2712 4353 οὕτως
2751 4289 2997 4362 αἰσχρὸς,
3031 4292 3129 4348 καὶ
3159 4293 3382 4364 ἄτοπος,
3414 4299 3511 4355 καὶ
3546 4304 3834 4374 περιττὸς

2121 4377 2522 4450 ἀποφαίνηταιο
2558 4381 2691 4451 (καὶ
2716 4383 2828 4457 γάρ
2856 4388 2952 4441 καὶ
2980 4388 3042 4442 τὸ
3088 4389 3396 4465 ἀνθρώπων
3423 4395 3837 4467 ἀπογεύεσθαι

2120 4471 2308 4542 ἔλεγεν
2353 4474 2652 4550 ἀδιάφορον
2703 4475 2908 4554 εἷναι)·
2942 4484 3029 4549 τίς
3070 4487 3204 4560 ἡμῖν
3230 4489 3369 4563 πρός
3409 4494 3540 4559 τοὺς
3605 4497 3842 4565 ἄλλους

2120 4568 2280 4639 λόγος
2312 4568 2468 4628 ἔσται
2490 4571 2697 4641 λοιπὸν,
2729 4577 2825 4631 τοῦ
2854 4582 2995 4636 κατά
3042 4584 3140 4655 τὴν
3193 4590 3441 4660 κορυφὴν
3470 4591 3567 4646 τοῦ
3605 4596 3839 4671 ἐπιτη-

2118 4665 2210 4719 δεύ
2217 4683 2387 4737 ματος
2405 4668 2548 4739 ὑπὲρ
2567 4673 2695 4737 τοὺς
2726 4673 2921 4742 ἀλλους
2950 4676 3267 4751 λάμψαντος
3301 4684 3444 4742 οὕτω
3488 4665 3843 4763 ηταγελάο

2122 4779 2271 4832 στου,
2293 4768 2387 4820 καὶ
2420 4769 2840 4841 μειρακιὼδους,
2868 4777 2963 4828 καὶ
2994 4778 3225 4851 ἀνοήτου
3250 4783 3556 4855 δειχθέντος
3582 4790 3785 4848 ἅπασι
3812 4814 3835 4859 ς

2115 5247 2295 5316 δείξας
2332 5251 2413 5305 δτι
2431 5252 2460 5303 ό
2491 5251 2766 5322 βασιλεὺς,
2789 5259 2884 5311 καὶ
2912 5261 2941 5313 ό
2965 5262 3185 5318 πάντων
3212 5265 3441 5339 ἔσχατος
3477 5247 3859 5351 παρά

2119 5349 2375 5413 στιανοῖς,
2427 5348 2669 5420 ὀνόματα
2696 5351 2859 5422 μόνον
2886 5357 3024 5423 ἐστὶ,
3058 5360 3154 5414 καὶ
3194 5362 3307 5416 τῶν
3338 5365 3651 5438 ἐλαχίστων
3680 5348 3857 5433 ὀήτὺ

2116 5439 2355 5512 διάδημα
2387 5442 2526 5513 ἔχων
2542 5445 2692 5502 οὐδὲν
2725 5448 2877 5505 ἔσται
2918 5456 3266 5530 σεμνότερος,
3296 5462 3428 5518 ὅταν
3466 5467 3864 5536 κολάζεσθαι

2117 5538 2213 5639 καὶ
2242 5540 2603 5611 ἐπιτιμᾶσθαι
2632 5544 2750 5618 δέῃ.
2782 5549 2928 5620 Πρὸς
2949 5550 3007 5606 δέ
3034 5554 3248 5620 τούτοις
3273 5559 3402 5623 τοὺς
3431 5560 3861 5639 βουλομένους

2116 5631 2511 5702 ἀναισχυντεῖν.
2530 5638 2626 5691 καὶ
2650 5639 2862 5711 κόμπον
2882 5646 3001 5700 τινά
3020 5649 3400 5723 πεπλασμένον
3421 5631 3490 5712 τά
3667 5664 3717 5737 ἡ
3730 5631 3871 5741 μις

2173 5726 2702 5851 ἱῗφϋοὲιὲὲἒιὲἑῗιθτ
2720 5736 2891 5790 Morel.
2930 5743 2999 5793 lui
3020 5744 3167 5845 habc’l
3186 5748 3251 5805 εἰς
3268 5750 3423 5816 χεῖρα,
