3884 6294
333 394 437 449 845

339 512 498 567 cunt,
531 502 585 557 in
660 502 901 561 ordinem
950 503 1299 572 parasitorum
1352 500 1603 566 adscitos,
1656 510 1920 569 tamquam

337 609 497 648 canes
532 596 675 650 circa
723 610 935 651 mensas
985 596 1279 649 victitantes
1320 597 1610 657 enutriunt.
1642 594 1925 664 impuden-

338 697 418 742 tes
448 696 662 741 ventres
686 687 983 757 iniquarutn
1015 690 1289 758 epularum
1318 692 1556 761 reliquiis
1592 690 1919 756 distendunt,

336 790 391 834 et
430 795 532 849 pro
580 779 748 834 lubito
799 781 863 834 iis
907 791 1145 835 utuntur.
1204 782 1312 836 Nos
1357 799 1484 837 vero
1527 784 1618 853 qui
1665 783 1921 853 insipien-

338 872 465 925 tiam
523 872 960 941 iniquitatemque
1019 884 1247 927 vestram
1294 890 1638 942 aversantur,
1689 891 1782 931 eos
1832 881 1921 949 qui

340 976 449 1031 pro:
494 962 698 1030 ignavia
732 962 871 1016 fame
918 963 1181 1030 laborant,
1226 981 1328 1019 non
1373 966 1598 1034 alimus,
1647 969 1740 1023 scd
1793 970 1922 1040 ipsis

335 1049 645 1115 suademus,
672 1060 727 1104 ut
750 1051 1054 1106 laborantes
1075 1064 1128 1107 et
1152 1055 1251 1108 sibi
1272 1066 1324 1108 et
1349 1056 1467 1109 aliis
1489 1059 1683 1112 victum
1713 1072 1918 1129 parent;

335 1156 428 1195 eos
453 1152 653 1209 autem,
684 1144 772 1212 qui
816 1145 1002 1200 niutilo
1028 1156 1149 1200 sunt
1177 1164 1400 1217 corpore
1420 1191 1433 1213 ,
1461 1150 1529 1205 ab
1575 1152 1637 1206 iis
1663 1154 1749 1222 qui
1794 1156 1922 1211 suh-

337 1234 640 1287 ministrare
660 1246 897 1303 possunt,
923 1239 1272 1292 necessariam
1291 1242 1460 1296 solum
1483 1257 1657 1297 escam
1680 1248 1921 1315 accipere

336 1325 680 1380 concedimus
714 1346 727 1381 :
755 1331 1167 1385 comeSsationes
1192 1374 1206 1397 ,
1239 1334 1522 1389 ebrietates
1546 1379 1561 1402 ,
1616 1353 1677 1392 ac
1716 1340 1920 1410 reliqua

336 1419 512 1474 omnis
540 1418 743 1472 insania
768 1429 821 1473 et
852 1421 1118 1488 turpitudo
1145 1438 1173 1475 a
1206 1424 1357 1479 nobis
1383 1426 1651 1481 eliminata
1680 1441 1780 1496 est,
1828 1448 1923 1487 eo-

336 1522 560 1576 rumque
600 1508 717 1563 loco
761 1509 969 1564 inducta
1001 1522 1125 1565 sunt
1150 1513 1496 1585 quaécutnque
1534 1520 1745 1588 gravia,
1776 1536 1921 1591 quat:-

335 1611 562 1666 ciunque
586 1609 753 1666 casta,
786 1616 1131 1671 quarcumque
1173 1604 1336 1674 justa,
1366 1624 1712 1681 quaecumque
1740 1612 1921 1667 lauda-

334 1688 484 1754 bilia,
512 1690 554 1743 si
581 1706 684 1759 qua
717 1692 903 1757 virtus,
936 1694 979 1746 si
1028 1710 1127 1763 qua
1177 1696 1308 1751 laus.
1333 1698 1532 1753 Castera
1574 1717 1751 1770 porro,
1800 1720 1919 1775 qua:

335 1782 405 1836 de
453 1782 782 1853 philosophis
811 1784 921 1837 suis
959 1784 1267 1852 jactabundi
1305 1787 1565 1853 dictitant,
1601 1807 1789 1847 vanam
1814 1796 1921 1863 glo-

336 1876 493 1941 riam,
535 1874 807 1929 audaciam
836 1886 887 1929 et
914 1877 1132 1945 puerilis
1160 1879 1320 1931 animi
1342 1894 1504 1950 opera
1530 1883 1916 1940 demonstrant.

334 1964 452 2024 Non
486 1967 590 2021 illic
619 1966 798 2038 (apud
828 1968 1188 2040 Christianos)
1218 1971 1362 2026 dolio
1388 1972 1506 2042 quis
1535 1976 1773 2045 accepto’
1801 1993 1920 2033 sese

335 2058 550 2114 inclusit
580 2062 678 2130 (a),
706 2077 809 2115 non
839 2062 1028 2117 laceris
1076 2065 1263 2132 pannis
1289 2066 1511 2122 vestitus
1539 2066 1710 2122 forum
1749 2072 1922 2125 circu-

336 2149 449 2203 ivit.
504 2152 627 2205 llaec
653 2152 844 2222 quippe
873 2153 993 2207 licet
1018 2155 1274 2209 mirabilia
1304 2172 1423 2211 esse
1463 2157 1755 2227 vidcantur,
1786 2164 1922 2216 nmi-

336 2251 554 2310 tumque
581 2242 781 2296 laboris
810 2251 864 2297 et
893 2260 1144 2300 mrumnm
1195 2248 1445 2315 habeant,
1505 2250 1720 2322 indigna
1765 2254 1920 2309 laude

333 2344 482 2384 sunt.
513 2332 607 2387 Est
635 2344 809 2387 autem
867 2334 1062 2389 diaboli
1107 2338 1315 2392 astutia:
1364 2355 1491 2407 eos,
1537 2343 1624 2412 qui
1677 2344 1776 2397 sibi
1807 2359 1921 2400 ser-

335 2422 505 2489 viunt,
544 2424 813 2479 laboribus
851 2426 1155 2494 huiusmodi
1184 2429 1451 2497 addicere,
1497 2434 1585 2502 qui
1612 2444 1665 2488 et
1688 2451 1718 2488 a
1746 2450 1803 2490 se
1828 2436 1923 2491 de-

334 2522 519 2582 ceptos
562 2515 921 2583 discrucient,
985 2528 1039 2571 et
1099 2520 1329 2575 maxime
1374 2523 1611 2577 omnium
1670 2525 1921 2584 ridiculos

334 2605 642 2661 exhibeant.
672 2607 846 2663 Labor
873 2610 1012 2664 enim
1040 2611 1103 2675 is,
1130 2627 1196 2667 ex
1220 2630 1325 2683 quo
1353 2615 1554 2671 nullum
1579 2617 1783 2673 lucrum
1811 2635 1923 2675 ma-

335 2705 450 2761 nat,
479 2697 621 2750 omni
652 2714 872 2767 prorsus
917 2701 1073 2757 laude
1093 2715 1256 2757 caret.

408 2790 776 2844 Circulalorum
808 2794 1143 2862 quorumdam
1181 2805 1430 2866 gesta.-—-
1457 2799 1729 2870 Siquidem
1758 2804 1920 2858 etiam

336 2896 482 2935 nunc
505 2890 629 2935 sunt
659 2883 902 2938 homines
934 2886 1144 2952 perditi,
1181 2888 1476 2945 innumeris
1509 2893 1648 2961 pleni
1687 2892 1918 2964 ﬂagitiis,

336 2972 425 3040 qui
451 2972 623 3041 plura,
642 2989 798 3042 quam
825 2974 1168 3045 philosophus
1194 2978 1303 3043 ille,
1321 2981 1638 3048 exhibuere;
1669 2985 1755 3040 alii
1779 2987 1921 3041 enim

337 3063 521 3122 clavos
543 3066 878 3121 acutissimos
907 3067 1236 3139 deglutiunt,
1285 3074 1372 3127 alii
1415 3075 1623 3131 calceos
1667 3078 1922 3134 mandunt

337 3165 391 3211 et
416 3156 703 3224 devorant,
731 3159 818 3212 alii
840 3159 905 3213 ad
935 3161 1035 3215 alia
1070 3163 1409 3219 sceleratiora
1440 3168 1575 3221 male
1613 3170 1837 3225 consulti
1864 3186 1922 3226 se

335 3247 651 3302 conferunt:
678 3251 821 3320 atqui
866 3250 978 3307 lure
1018 3253 1174 3324 longe
1225 3266 1350 3310 sunt
1387 3258 1731 3325 mirabiliora,
1762 3278 1921 3332 quam

336 3339 539 3394 dolium
565 3348 619 3394 et
647 3343 805 3410 panni
832 3360 846 3398 :
879 3359 1062 3398 verum
1109 3361 1281 3417 neque
1311 3348 1426 3403 haec
1464 3365 1636 3421 neque
1682 3352 1771 3408 illa
1799 3368 1925 3423 pro-

337 3428 548 3495 bamus,
581 3433 673 3487 sed
701 3434 917 3502 perinde
940 3435 1333 3507 philosophum,
1361 3449 1518 3509 atque
1548 3442 1643 3497 hos
1664 3453 1718 3499 et
1737 3459 1923 3501 omnes

339 3533 604 3593 quotquot
655 3536 962 3593 portentosa
1011 3526 1313 3598 hujusmodi
1365 3531 1653 3599 exhibent,
1700 3537 1924 3593 miseros

336 3613 693 3684 prtedicamus
732 3627 783 3670 et
814 3617 1172 3687 deploramus.
1218 3620 1323 3675 Sed
1368 3624 1555 3691 multa,
1600 3625 1767 3694 dices,
1798 3644 1925 3685 usus

336 3712 422 3760 est
451 3706 591 3775 apud
623 3723 802 3778 regem
832 3709 1077 3780 loquendi
1122 3712 1384 3773 libertate.
1418 3714 1706 3775 Videamus
1748 3720 1927 3793 itaque

337 3801 605 3871 egregiam
648 3800 895 3870 loquendi
946 3803 1263 3874 libertatem,
1318 3824 1448 3864 num
1475 3819 1530 3866 et
1573 3812 1685 3883 ipsa
1732 3814 1801 3869 sit
1842 3816 1925 3871 vel

336 3899 654 3962 portentosa
681 3892 825 3949 dolio
853 3894 1097 3963 ineptior.
1121 3896 1371 3965 Quaenam
1394 3902 1482 3957 illa
1507 3902 1767 3959 libertas?
1790 3904 1926 3961 Cum

341 3980 407 4035 ad
436 3982 625 4037 Persas
651 3995 890 4043 moveret
916 3984 1153 4054 Macedo,
1185 3988 1310 4045 dum
1341 3991 1439 4061 ipsi
1466 3992 1721 4059 adstaret,
1773 4010 1925 4066 roga-

339 4083 533 4144 retque
557 4090 625 4129 an
653 4077 899 4146 quapiam
943 4093 1002 4133 re
1026 4094 1158 4149 opus
1185 4080 1437 4149 haberet,
1486 4084 1659 4151 Nulla,
1711 4087 1923 4158 inquit:

340 4168 519 4229 solum
543 4184 612 4224 ne
636 4169 764 4226 mihi
807 4185 901 4225 rex
931 4170 1167 4227 umbram
1194 4171 1350 4228 faciat
1383 4192 1395 4228 :
1425 4187 1548 4231 tunc
1572 4178 1713 4232 enim
1754 4180 1929 4250 philo-

342 4257 549 4330 sOphus
598 4259 954 4332 apricabatur.
1007 4263 1199 4319 Annon
1257 4263 1461 4333 pudore
1509 4267 1928 4325 sull'undemini?

343 4365 522 4406 annon
561 4366 657 4406 vos
704 4351 1007 4422 obtegetis?
1033 4368 1212 4409 annon
1254 4353 1378 4410 hinc
1420 4355 1742 4414 facesscntcs
1786 4368 1927 4416 terra

346 4455 444 4495 vos
467 4440 723 4507 obruelis,
752 4441 819 4498 de
864 4441 930 4497 iis
958 4442 1120 4499 altum
1165 4443 1450 4514 sapientes,
1498 4445 1567 4501 de
1593 4448 1785 4516 quibus
1826 4465 1927 4521 pu-

345 4530 478 4591 dore
496 4530 634 4586 affici
662 4542 931 4601 oporteret
952 4531 975 4585 ?
1001 4534 1208 4599 Quanto
1228 4535 1367 4589 enim
1389 4536 1555 4590 satius
1582 4536 1765 4593 fuisset
1783 4549 1930 4595 veste

343 4624 588 4678 indutum
615 4624 988 4688 crassiuseula,
1022 4626 1171 4696 operi
1212 4639 1511 4693 vacantem,
1540 4628 1758 4699 aliquid,
1787 4633 1927 4700 quod

343 4716 464 4770 usui
491 4714 649 4779 foret,
679 4731 707 4768 a
736 4730 862 4783 rege
888 4716 1123 4783 petiisse,
1163 4732 1320 4786 quam
1352 4717 1527 4773 lacero
1567 4719 1723 4790 pallio
1767 4722 1928 4776 vesti-

345 4818 459 4861 tum
488 4807 691 4861 sedisse
719 4807 1065 4877 apricantem,
1097 4806 1263 4861 instar
1286 4807 1594 4863 lactentium
1623 4826 1926 4879 puerorum,

345 4911 481 4967 quos
525 4898 663 4951 lotos
688 4907 741 4951 et
771 4906 957 4952 unctos
985 4898 1215 4951 nutrices
1243 4898 1370 4953 inihi
1390 4900 1454 4953 ad
1486 4916 1604 4955 eam
1635 4916 1745 4955 rem
1767 4902 1933 4957 collo-

346 4999 492 5056 cant,
522 4990 593 5045 ob
623 5005 781 5059 quam
811 4999 935 5045 tunc
958 4988 1307 5059 philosophus
1333 4991 1553 5051 sedebat
1577 4993 1798 5050 infelicis
1817 4997 1930 5049 ani-

345 5080 482 5135 cula}
510 5081 733 5151 gratiam
774 5080 1053 5150 flagitans?
1084 5080 1189 5135 Sed
1234 5080 1542 5136 admiranda
1584 5083 1809 5139 fortasse
1847 5095 1932 5141 cst

347 5173 435 5228 illa
483 5170 732 5241 loquendi
778 5172 1039 5227 libertas?
1071 5174 1183 5227 ltno
1212 5188 1336 5228 vero
1372 5174 1503 5228 nihil
1550 5176 1636 5229 illa
1666 5177 1930 5246 prodigio-

348 5264 481 5317 sius.
536 5264 739 5326 Bonum
788 5263 929 5317 enim
962 5264 1131 5318 virum
1177 5274 1387 5334 oportet
1438 5265 1574 5320 facta
1614 5282 1705 5322 sua
1754 5269 1927 5322 omnia

350 5354 557 5423 publica
587 5355 813 5415 utilitate
843 5355 1038 5418 metiti,
1067 5356 1397 5425 aliorumque
1421 5356 1579 5411 vitam
1607 5358 1926 5424 emendare;

347 5448 619 5518 postulare
646 5456 820 5504 autem
854 5463 921 5502 ne
960 5447 1062 5503 sibi
1091 5448 1332 5502 umbram
1378 5450 1592 5513 faceret,
1637 5466 1794 5520 quam
1836 5466 1926 5505 ur-

348 5542 493 5611 bern,
537 5556 695 5613 quam
725 5541 962 5607 domum,
997 5557 1153 5611 quem
1194 5541 1386 5608 virum,
1441 5557 1598 5612 quant
1651 5544 1927 5600 mulierem

402 5824 477 5886 (a)
516 5822 578 5880 ω
603 5830 867 5885 Diogenem
889 5820 1109 5883 Cynicum
1133 5818 1318 5869 alludit.

1115 385 1205 440 DE
1244 385 1303 441 S.
1346 381 1638 451 BABYLA,
1680 381 1951 438 CONTRA
1981 378 2322 440 JULiANUM
2362 386 2451 441 ET
2491 386 2857 445 GENTILES.

2123 251 2168 276 (

3497 404 3528 453 5
3542 398 3599 463 ta

2031 500 2410 556 conservavit?
2454 501 2630 558 Indica
2674 504 2815 573 quod
2858 520 2923 559 ex
2970 505 3222 577 loquendi
3251 508 3492 568 libertate
3521 515 3605 570 lu.

2029 605 2175 644 crum
2206 607 2221 645 :
2252 605 2370 644 nam
2400 590 2603 645 lucrum
2626 608 2654 646 a
2678 593 2841 649 libera
2875 597 3123 667 martyris
3146 614 3277 654 voce
3306 610 3485 656 natum
3508 619 3606 667 nos

2029 683 2398 751 ostendimus,
2455 696 2509 740 et
2562 688 2782 743 ulterius
2848 691 3113 762 progressi
3163 693 3355 754 clarius
3400 697 3607 771 aperie-

2029 788 2166 829 mus.

2097 865 2152 919 9.
2196 864 2406 919 Interim
2449 868 2537 922 ille
2584 869 2831 937 injurium
2878 872 3020 926 illum
3068 876 3309 942 punivit,
3343 886 3603 947 quatenus

2028 954 2290 1008 sacerdoti
2323 955 2400 1009 fas
2426 967 2575 1023 erat,
2610 961 2904 1029 principum
2937 963 3076 1018 altos
3105 966 3322 1032 spiritus
3347 972 3603 1043 coercuit,

2030 1045 2235 1099 violatis
2267 1047 2357 1100 Dei
2389 1049 2590 1119 legibus
2617 1066 2769 1119 Opem
2800 1054 2952 1120 tulit,
2991 1057 3309 1125 supplicium
3342 1074 3440 1127 pro
3466 1076 3609 1123 etcso

2022 1138 2219 1207 juvene
2257 1143 2473 1211 exegit,
2503 1144 2738 1198 omnium
2782 1148 3163 1216 suppliciorum
3193 1152 3560 1219 gravissimum
3588 1195 3603 1227 ,

2029 1231 2090 1284 iis
2116 1240 2261 1286 certe
2286 1234 2372 1302 qui
2405 1244 2581 1289 mente
2608 1238 2805 1291 valent.
2829 1238 3138 1293 Meministis
3166 1242 3320 1310 plane
3340 1285 3354 1308 ,
3387 1259 3506 1298 cum
3540 1245 3607 1305 de

2027 1323 2172 1377 czede
2200 1325 2356 1378 verba
2400 1325 2732 1394 faceremus,
2764 1332 3030 1399 quomodo
3072 1335 3263 1404 singuli
3304 1338 3605 1393 auditorum

2028 1412 2508 1481 inﬂammarentur,
2540 1428 2590 1471 et
2622 1420 2912 1488 principem
2942 1425 3185 1479 manibus
3224 1436 3402 1481 tenere
3440 1444 3603 1498 cupe-

2026 1513 2181 1568 rent,
2219 1516 2377 1574 atque
2422 1508 2645 1562 ultorem
2689 1511 2932 1566 alicunde
2975 1515 3136 1569 ea:dis
3176 1532 3453 1589 apparere.
3497 1501 3607 1576 [loc

2025 1590 2202 1660 itaque
2230 1593 2414 1648 beatus
2442 1595 2531 1651 ille
2565 1597 2644 1651 vir
2668 1597 2810 1668 fecit,
2840 1615 3157 1673 poenamque
3178 1605 3276 1673 ipsi
3305 1622 3604 1677 congruen-

2027 1690 2130 1735 tem
2160 1684 2445 1753 imposuit,
2475 1704 2592 1756 qua:
2622 1701 2800 1759 posset
2826 1692 2969 1745 illum
2999 1705 3309 1750 convertere
3334 1738 3348 1762 ,
3376 1698 3420 1751 si
3449 1700 3606 1754 modo

2025 1774 2266 1842 stupidus
2304 1777 2587 1833 admodum
2635 1798 2739 1835 non
2776 1782 2999 1849 fuisset,
3030 1802 3134 1840 non
3177 1788 3244 1842 ab
3283 1790 3607 1860 lmperatore

2026 1869 2298 1936 postulans
2341 1882 2397 1926 ut
2434 1888 2464 1926 a
2506 1875 2619 1929 sole
2663 1890 2721 1931 se
2759 1876 3101 1935 calefacieute
3141 1881 3480 1951 deﬂecteret,
3512 1887 3607 1941 Sed

2027 1959 2361 2029 impudenter
2416 1964 2470 2018 in
2524 1981 2673 2020 sacra
2735 1978 2885 2037 septa
2945 1970 3263 2028 insilientem
3322 1978 3605 2048 omniaque

2025 2052 2477 2119 confundentetn,
2530 2071 2628 2111 ceu
2688 2074 2871 2113 canem
2929 2071 3019 2115 aut
3074 2063 3378 2131 improbum
3438 2068 3607 2125 famu-

2029 2150 2135 2195 lum
2165 2158 2194 2197 a
2223 2143 2502 2200 dominicis
2535 2148 2686 2201 atriis
2708 2190 2721 2213 ,
2755 2148 3047 2218 depellens.
3080 2154 3235 2208 Vides
3276 2172 3360 2210 me
3392 2172 3494 2212 non
3520 2159 3605 2228 jas

2025 2233 2286 2289 etabunde
2321 2236 2551 2303 dixisse,
2586 2240 2804 2307 puerilis
2847 2242 3039 2296 anima:
3079 2254 3228 2313 gesta
3259 2262 3377 2307 esse
3402 2262 3608 2303 vestro.

2026 2341 2143 2379 rum
2166 2328 2603 2399 pltilOsopliorum
2631 2332 2883 2388 miracula
2917 2350 2946 2387 a
2984 2335 3180 2408 Babyla
3216 2339 3567 2398 demonstrari
3582 2345 3609 2398 τ

2025 2416 2095 2471 At
2123 2427 2423 2487 temperans
2465 2419 2592 2487 fuit,
2632 2424 3096 2496 continentemque
3124 2428 3283 2485 vitam
3312 2434 3419 2501 egit
3454 2435 3608 2490 Sino-

2026 2508 2205 2578 pensis
2231 2509 2335 2575 ille,
2371 2511 2458 2580 qui
2482 2526 2548 2565 ne
2572 2512 2836 2583 legitimas
2856 2515 3069 2585 quidem
3097 2522 3305 2589 nuptias
3326 2534 3607 2581 contraxe-

2026 2596 2114 2652 rit.
2143 2597 2248 2654 Sed
2273 2600 2411 2655 adde
2435 2603 2702 2671 quomodo
2735 2613 2788 2659 ct
2828 2622 2929 2675 qua
2969 2610 3194 2664 ratione.
3238 2612 3317 2667 Tu
3347 2630 3472 2670 vero
3503 2633 3607 2682 non

2025 2690 2211 2757 addes,
2234 2693 2360 2760 quin
2389 2692 2638 2749 libentius
2659 2711 2779 2750 cum
2810 2698 3149 2755 continentia:
3168 2702 3409 2761 laudibus
3437 2710 3612 2777 priva-

2027 2781 2129 2848 bis,
2147 2798 2302 2851 quam
2332 2788 2696 2854 temperantia:
2721 2789 2937 2845 modum
2958 2792 3169 2859 efferas,
3190 2795 3260 2848 ita
3284 2813 3473 2867 nempe
3495 2809 3609 2861 tur-

2028 2874 2111 2943 pis
2129 2888 2193 2929 ac
2216 2874 2480 2932 dedecore
2502 2878 2689 2947 plenus
2705 2890 2804 2935 est.
2836 2884 2915 2937 Ad
2934 2885 3158 2940 aliorum
3181 2904 3391 2961 quoque
3414 2908 3606 2965 nugas,

2028 2980 2221 3020 vanum
2258 2968 2487 3023 studium
2536 2982 2590 3026 et
2635 2975 3012 3043 turpitudinem
3036 2979 3263 3036 libenter
3284 2985 3603 3041 transirem:

2027 3071 2151 3109 nam
2179 3057 2286 3125 ubi,
2315 3075 2497 3129 qua-so
2516 3103 2529 3126 ,
2555 3064 2681 3117 utile
2709 3075 2791 3119 est
2838 3066 3125 3123 humanum
3160 3086 3343 3127 semen
3369 3087 3602 3144 gustare,

2027 3158 2083 3201 ut
2114 3148 2339 3205 faciebat
2382 3152 2660 3222 Stagirites
2686 3154 2762 3225 (a)
2786 3157 2808 3210 ?
2837 3173 2954 3228 quae
2983 3160 3179 3215 utilitas
3202 3177 3322 3217 cum
3352 3169 3611 3228 matribus

2027 3250 2082 3294 et
2107 3242 2379 3297 sororibus
2405 3246 2637 3313 misceri,
2666 3255 2723 3302 ut
2743 3249 2905 3315 Store,
2924 3251 3036 3305 sive
3060 3255 3310 3323 porticus,
3331 3259 3612 3326 prmfectus

2030 3330 2378 3402 philosophus
2404 3335 2517 3404 lege
2547 3338 2721 3391 sanxit
2753 3338 2866 3409 (b)?
2893 3340 3191 3401 Academia:
3218 3361 3429 3418 quoque
3461 3351 3608 3419 prin-

2028 3422 2223 3493 cipem,
2255 3424 2475 3495 ejusque
2504 3428 2832 3498 magistrum,
2868 3432 3099 3504 itemque
3123 3437 3277 3504 alios,
3309 3440 3395 3509 qui
3422 3442 3608 3513 majori

2028 3514 2363 3572 admirationi
2394 3517 2688 3587 habentur,
2722 3522 2806 3578 his
2843 3526 3205 3584 obscmniores
3238 3531 3401 3588 fuisse
3424 3544 3607 3589 osten-

2028 3607 2230 3674 derem,
2259 3610 2618 3683 infamemque
2652 3630 2939 3684 puerorum
2977 3634 3231 3687 amorem,
3259 3638 3416 3693 quem
3445 3624 3614 3682 hone—

2030 3708 2170 3752 stum
2197 3711 2250 3754 et
2287 3712 2487 3769 partem
2517 3704 2869 3776 philosophiae
2896 3724 3017 3765 esse
3057 3721 3328 3782 statuunt,
3353 3719 3496 3772 omni
3522 3734 3609 3773 re-

2030 3796 2167 3844 tecta
2192 3791 2443 3863 allegoria
2471 3794 2798 3853 denudarem
2825 3839 2841 3861 ,
2869 3800 2971 3855 nisi
3015 3802 3168 3858 nobis
3194 3804 3260 3858 ad
3288 3806 3388 3862 alia
3418 3824 3612 3880 propee

2031 3881 2271 3936 rantibus
2299 3884 2469 3938 oratio
2499 3885 2705 3955 longius
2735 3888 3159 3959 protraheretur,
3188 3909 3251 3949 ac
3280 3896 3379 3951 nisi
3409 3913 3474 3953 ex
3505 3915 3611 3961 uno

2030 3988 2187 4045 quam
2217 3974 2428 4031 ridiculi
2458 3979 2639 4035 caeteri
2669 3980 2776 4035 sint
2804 3983 2934 4036 satis
2962 3995 3288 4053 argueretur.

2102 4064 2288 4120 Contra
2326 4063 2613 4121 Platonem.
2649 4099 2721 4110 —
2758 4070 2981 4137 Quando
3024 4075 3165 4130 enim
3198 4078 3493 4149 praecipuus
3519 4085 3607 4152 qui

2032 4157 2356 4213 severiorem
2387 4157 2734 4230 philosophia:
2765 4170 2967 4231 partem
2994 4167 3141 4235 sequi
3173 4168 3469 4235 videbatur,
3501 4182 3610 4226 tum

2031 4262 2097 4302 ex
2128 4248 2378 4318 loquendi
2404 4249 2613 4314 fiducia,
2647 4260 2755 4307 tum
2779 4268 2842 4309 ex
2872 4257 3240 4326 temperantia,
3264 4260 3397 4316 adeo
3420 4266 3610 4339 turpis,

2033 4342 2167 4397 adeo
2187 4343 2450 4399 absurdus
2470 4352 2524 4399 et
2544 4344 2753 4416 ineptus
2778 4361 2895 4402 esse
2914 4347 3280 4417 deprehensus
3296 4364 3398 4421 est,
3419 4356 3615 4427 quippe

2033 4433 2122 4504 qui
2169 4433 2415 4488 humanis
2437 4436 2580 4490 vesci
2618 4436 2866 4492 carnibus
2904 4438 3210 4497 indifferens
3243 4457 3361 4498 esse
3385 4439 3612 4519 dixerit,

2032 4540 2289 4595 quorsum
2314 4526 2503 4582 attinet
2523 4536 2709 4584 contra
2732 4538 2958 4586 cancros
2979 4532 3136 4589 verba
3164 4531 3359 4603 facere,
3382 4551 3501 4592 cum
3526 4539 3615 4598 ille

2033 4617 2124 4686 qui
2152 4616 2216 4671 ad
2258 4616 2520 4688 fastigium
2559 4620 2785 4676 instituti
2829 4624 3031 4692 positus
3062 4640 3172 4694 pra:
3201 4626 3317 4682 aliis
3346 4626 3612 4709 fulgebat,
3644 4633 3650 4641 '

2035 4719 2141 4764 tam
2163 4710 2438 4779 ridiculus,
2463 4714 2679 4782 puerilis
2704 4724 2759 4769 et
2786 4716 2981 4770 stultus
3008 4720 3311 4787 apparuerit
3331 4722 3614 4777 omnibus?
3652 4798 3653 4801 η

2034 4803 2390 4870 Quamobrem
2420 4820 2485 4860 eo
2513 4806 2794 4862 redeamus
2816 4848 2831 4873 ,
2874 4809 3013 4864 unde
3038 4810 3102 4864 ad
3131 4811 3244 4867 hznc
3281 4812 3501 4869 dicenda
3529 4814 3615 4868 di-

2034 4897 2202 4965 gressi
2242 4911 2445 4950 sumus.
2490 4896 2799 4952 incredulos
2839 4899 3016 4971 itaque
3046 4901 3232 4957 beatus
3262 4903 3347 4957 ille
3375 4904 3442 4957 ita
3470 4917 3618 4959 com-.-

2034 4987 2261 5057 peseuit,
2289 4986 2472 5041 fideles
2492 4997 2667 5042 autem
2694 4989 3052 5059 religiosiores
3080 4992 3308 5047 reddidit
3333 5008 3346 5044 :
3373 5007 3475 5046 non
3503 4994 3615 5061 pri-

2036 5086 2187 5131 vatos
2216 5077 2395 5141 modo,
2427 5078 2521 5134 sed
2548 5081 2707 5134 etiam
2735 5082 2932 5137 milites
2955 5123 2970 5149 ,
3003 5083 3264 5149 tribunos,
3297 5082 3611 5158 praefectos,

2035 5168 2323 5224 ostendens
2349 5170 2723 5240 Imperatorem
2754 5182 2807 5227 et
2830 5175 3064 5228 omnium
3104 5175 3446 5229 novissimum
3476 5179 3614 5247 apud

2036 5259 2303 5314 Christum
2331 5277 2475 5316 mera
2508 5264 2720 5319 nomina
2746 5279 2882 5328 esse,
2913 5274 2967 5319 et
2985 5263 3286 5320 diademate
3309 5265 3613 5332 redimitum

2036 5365 2144 5404 non
2168 5352 2355 5420 potiori
2378 5366 2498 5407 esse
2526 5353 2663 5419 loco,
2687 5352 2897 5423 quando
2924 5354 3191 5423 punitione
3211 5362 3265 5409 et
3284 5355 3616 5411 correctione

2038 5443 2292 5497 utendum
2324 5454 2426 5499 est.
2464 5445 2545 5499 Ad
2575 5444 2688 5500 bace
2715 5461 2841 5501 vero
2874 5446 3209 5515 impudentes
3238 5446 3355 5501 illos
3375 5489 3388 5511 ,
3422 5449 3507 5517 qui
3538 5449 3609 5503 di.

2037 5544 2220 5590 ccrent
2253 5545 2430 5590 nostra
2462 5551 2566 5593 non
2595 5535 2736 5591 aliud
2768 5550 2886 5592 esse
2913 5551 3068 5606 quam
3101 5535 3277 5591 fucuzn
3312 5547 3367 5593 et
3390 5538 3614 5609 figtncn.

2099 5696 2174 5769 (ᾳ)
2207 5695 2508 5769 aristoteles.
3126 5768 3133 5769 ί
3298 5763 3307 5769 η
3504 5753 3598 5769 νη

2102 5696 2152 5757 (α
2207 5696 2508 5749 Aristoteles.
3403 5756 3411 5766 ,
3558 5753 3598 5769 ,,

2102 5696 2331 5830 (bilem
2373 5759 2553 5809 (:itteus
2575 5770 2756 5809 uxores
2788 5767 3069 5807 communes
3117 5768 3226 5806 esse
3270 5760 3450 5814 statuit.
3504 5754 3627 5815 VM

2038 5828 2290 5879 Lgcrtgum.
