3884 6294
271 384 391 443 517

291 509 423 563 tum,
448 491 759 557 refrenavit,
789 488 1147 560 apostolorum
1179 485 1421 584 fiduciam
1444 484 1693 584 operibus
1715 499 1860 584 eom-

291 587 551 657 probans,
580 583 882 651 docensque
925 578 1116 634 talibus
1152 576 1279 632 olim
1316 576 1442 630 viris
1484 589 1619 644 opus
1663 575 1822 628 fuisse
1846 614 1860 638 ,

289 654 507 752 quando
545 677 816 746 signarum
860 669 1094 725 ostensio
1137 667 1391 737 majorem
1428 666 1554 736 ipsis
1593 664 1866 735 praebebat

291 776 627 841 potestatem.
658 763 893 819 Tertium
930 773 1138 831 quoque
1177 757 1487 829 praeclarum
1524 755 1726 810 facinus
1761 770 1867 809 non

292 867 411 921 leve
435 858 866 933 deprehenditur,
898 855 1195 910 futurorum
1235 852 1429 922 quippe
1455 852 1787 907 sacerdotum
1814 857 1869 905 et

276 970 474 1026 regum
501 950 723 1012 animos,
750 947 939 1000 horum
960 942 1171 1014 quidem
1198 941 1481 1011 depressit,
1506 940 1718 995 illorum
1743 954 1869 994 vero

294 1044 516 1109 extulit,
544 1039 820 1096 declarans
847 1034 1177 1091 sacerdotem
1205 1047 1324 1087 cum
1359 1042 1513 1086 terra:
1547 1040 1655 1084 tum
1684 1044 1868 1086 eorum

293 1152 410 1206 qua:
436 1135 488 1188 in
520 1142 660 1187 terra
685 1136 969 1200 geruntur,
1000 1125 1177 1180 verius
1206 1125 1513 1194 prtefectum
1541 1137 1678 1184 esse,
1713 1136 1870 1191 quam

294 1241 413 1282 eum
453 1223 542 1293 qui
584 1235 812 1292 purpura
860 1217 1127 1280 induitur,
1158 1224 1514 1285 Oportereque
1558 1222 1873 1283 potestatem

294 1320 437 1375 illam
469 1331 572 1370 non
604 1315 863 1376 minuere,
891 1309 980 1364 sed
1011 1308 1241 1362 animam
1272 1306 1444 1377 potius
1474 1320 1691 1371 exuere,
1715 1319 1873 1373 quant

297 1419 612 1484 potestatem
638 1448 654 1475 ,
685 1420 843 1476 quam
873 1403 1015 1458 Deus
1041 1415 1272 1471 superne
1310 1400 1407 1470 ipsi
1446 1397 1873 1501 attribuit..Nam

297 1505 363 1568 is,
392 1501 480 1571 qui
523 1499 600 1553 sic
637 1496 926 1558 moriatur,
967 1492 1124 1546 etiam
1155 1499 1274 1592 post
1313 1492 1737 1592 mort-etnlpossit
1762 1505 1877 1545 om-

300 1607 395 1650 nes
422 1590 642 1660 juvare;
674 1585 764 1655 qui
797 1600 925 1639 vero
964 1581 1104 1637 hunc
1143 1582 1380 1636 ordinem
1420 1581 1730 1684 dereliquit,
1771 1596 1875 1684 non

300 1685 460 1741 modo
505 1691 626 1752 post
674 1688 896 1734 mortem
938 1676 1137 1731 nemini
1178 1674 1406 1744 profuit,
1450 1674 1544 1730 sed
1599 1675 1756 1730 etiam
1797 1674 1878 1726 vi-

300 1793 431 1834 vens
474 1776 668 1830 multos
713 1788 777 1827 ex
817 1771 1040 1825 subditis
1084 1767 1355 1822 molliores
1396 1765 1604 1832 είΐιοίι,
1646 1776 1701 1820 et
1739 1762 1876 1833 apud

293 1879 512 1925 exteros
574 1863 939 1935 vituperabilis
984 1860 1341 1928 ridiculusque
1382 1866 1506 1912 est:
1558 1857 1879 1927 insuperqne

292 1961 426 2015 hinc
464 1956 757 2013 abscedens
795 1953 961 2007 multo
1000 1966 1119 2005 cum
1170 1948 1432 2004 dedecore
1454 1962 1516 2003 ac
1545 1962 1775 2003 nimrore
1811 1944 1876 1999 ad

290 2049 493 2108 Christi
545 2045 775 2102 tribunal
820 2044 1066 2109 sistetur,
1100 2041 1237 2095 unde
1286 2040 1458 2109 ipsum
1514 2039 1566 2092 in
1611 2039 1879 2092 fornacem

292 2142 563 2198 abducent
589 2146 879 2209 poestates
907 2133 973 2189 ad
1005 2135 1054 2188 id
1085 2133 1369 2203 deputatas.
1401 2130 1758 2200 Quamobrem
1788 2144 1879 2185 sa-

299 2235 456 2306 piens
483 2232 694 2304 quidant
736 2237 944 2294 monet,
976 2225 1059 2281 Ne
1085 2226 1303 2295 accipias
1331 2225 1512 2296 facient
1535 2235 1710 2279 contra
1739 2234 1881 2279 tuam

292 2331 521 2384 animum
554 2325 749 2400 (Eccii.
781 2325 835 2379 4.
877 2323 948 2377 26
971 2323 1012 2392 ).
1055 2322 1207 2389 Quod
1237 2322 1280 2375 si
1308 2322 1422 2376 viro
1463 2320 1654 2391 injuria
1690 2319 1882 2376 affecto

303 2438 408 2476 non
436 2428 608 2474 tutum
642 2425 726 2472 est
753 2414 1119 2478 diSsimulare,
1152 2411 1262 2481 qui,
1292 2411 1498 2465 violatis
1536 2411 1624 2465 Dei
1655 2411 1879 2505 legibus,

299 2520 441 2569 tacet
465 2526 527 2565 ac
558 2508 793 2580 negligit,
814 2522 918 2576 quo
943 2504 1201 2575 supplicio
1230 2503 1421 2574 dignus
1449 2518 1557 2558 non
1585 2502 1720 2557 erit?
1749 2501 1881 2557 Cum

302 2604 387 2660 his
414 2603 575 2660 etiam
603 2598 744 2654 aliud
768 2640 783 2664 ,
808 2597 897 2652 his
936 2614 1040 2651 non
1081 2596 1255 2650 minus
1284 2593 1479 2649 bonum
1505 2635 1520 2659 ,
1548 2608 1646 2649 nos
1669 2593 1880 2662 docuit,

301 2704 550 2766 oportere
581 2691 783 2747 scilicet
802 2670 1088 2760 .quemque
1130 2701 1228 2740 suo
1267 2685 1409 2757 fungi
1452 2685 1647 2750 officio,
1676 2685 1883 2740 etiamsi

302 2788 505 2844 nullum
530 2784 651 2839 inde
674 2784 877 2838 lucrum
905 2780 970 2834 ad
999 2779 1130 2835 alios
1152 2787 1367 2834 emanet
1396 2795 1409 2832 :
1440 2793 1608 2846 neque
1630 2778 1771 2833 enim
1795 2778 1884 2833 ille

300 2877 569 2949 quidpiam
591 2890 655 2930 cx
685 2866 935 2943 loquendi
962 2871 1206 2925 libertate
1234 2869 1299 2923 ad
1329 2867 1667 2937 Imperatoris
1690 2868 1884 2922 utilita-

301 2982 408 3028 tem
434 2970 669 3026 lueratus
698 2975 815 3031 est;
844 2973 1074 3019 attamen
1105 2961 1246 3034 quod
1288 2976 1450 3033 penes
1476 2976 1535 3017 se
1560 2970 1676 3017 erat
1716 2970 1882 3016 totum

302 3060 559 3132 implevit,
584 3074 645 3113 ac
668 3056 797 3112 nihil
822 3057 1085 3127 reliquum
1115 3054 1257 3110 fecit.

361 3152 679 3223 Martyrium
701 3149 862 3205 sancti
888 3147 1114 3220 Babylaz.
1147 3176 1221 3188 -—
1254 3148 1354 3213 Qui
1381 3157 1555 3200 autem
1592 3144 1778 3199 morbo
1808 3143 1886 3198 la-

302 3244 540 3310 borabat,
566 3242 863 3313 arrogantia
881 3255 974 3295 sua
996 3238 1212 3294 artificis
1238 3237 1477 3308 peritiam
1500 3236 1736 3291 inutilem
1762 3236 1886 3291 red-

300 3336 470 3400 didit,
499 3333 693 3405 ingenti
730 3347 853 3387 cum
898 3330 1076 3385 furore
1119 3328 1565 3384 medicamentum
1604 3341 1636 3382 e
1666 3327 1883 3383 vulnere

303 3439 604 3484 removens.
632 3427 709 3479 Ac
729 3425 772 3479 si
796 3422 939 3479 enim
965 3438 1070 3476 non
1091 3421 1221 3474 satis
1246 3428 1385 3475 esset
1411 3433 1597 3476 necem
1622 3427 1880 3490 patrasse,

302 3529 356 3575 et
380 3520 434 3573 in
463 3516 716 3586 templum
746 3514 837 3569 Dei
865 3512 1200 3581 impudenter
1226 3510 1495 3578 insiliisse,
1523 3509 1658 3566 εωᾶί
1680 3510 1884 3565 ezedem

302 3609 523 3663 alteram
565 3604 792 3674 adjecit,
825 3611 879 3657 et
920 3617 982 3656 ac
1023 3603 1069 3656 si
1109 3601 1459 3655 contenderet
1498 3601 1883 3673 posterioribus

304 3700 480 3769 priora
505 3710 757 3766 superare
778 3735 794 3758 ,
823 3709 887 3749 ac
924 3691 1288 3762 przecedentes
1317 3691 1532 3746 morbos
1556 3691 1885 3763 subsequen-

302 3795 433 3849 tium
469 3788 829 3862 magnitudine
854 3786 1141 3842 obscurare
1167 3786 1184 3854 (
1209 3784 1549 3856 talis'quippe
1570 3794 1652 3841 est
1688 3784 1883 3841 diaboli

302 3882 528 3950 insania,
553 3890 612 3938 ut
644 3880 914 3937 contraria
942 3878 1099 3933 simul
1142 3878 1328 3949 paret)
1361 3893 1376 3930 :
1408 3877 1486 3933 sic
1513 3878 1724 3948 utrique
1747 3877 1878 3934 caedi

303 3974 356 4030 id
378 3973 629 4030 eximium
659 3970 841 4036 dedit,
872 3978 930 4025 ut
964 3968 1368 4039 congruentiam
1392 3967 1675 4038 quamdam
1701 3979 1882 4025 mutuo

303 4066 580 4122 haberent.
611 4064 676 4119 Et
710 4071 828 4121 erat
851 4062 1067 4133 quidem
1098 4060 1244 4131 prior
1270 4063 1421 4132 pueri
1444 4060 1619 4117 cades
1655 4061 1880 4117 misera-

301 4159 458 4215 bilior
478 4155 733 4222 secunda,
755 4156 989 4212 secunda
1012 4170 1137 4210 vero
1154 4154 1461 4210 sceleratior
1477 4154 1670 4224 priore,
1692 4168 1885 4223 nempe

301 4251 469 4307 sancti
499 4248 734 4320 Babylzc.
772 4247 963 4304 Anima
1005 4245 1202 4316 quippe
1240 4262 1358 4316 qua:
1401 4247 1565 4300 semel
1607 4255 1881 4316 peccatum

300 4341 596 4412 degustavit
625 4341 641 4370 ί
666 4354 731 4394 ac
752 4353 911 4393 sensu
941 4346 1108 4404 caret,
1135 4338 1361 4392 multum
1383 4337 1564 4407 adjicit
1589 4338 1776 4394 morbo
1804 4338 1885 4392 in-

299 4440 650 4487 crementum.
678 4429 745 4483 Et
772 4427 1223 4500 quemadmodum
1244 4428 1472 4486 scintilla
1494 4429 1548 4483 in
1567 4429 1880 4485 immensam

300 4524 582 4580 materiam
614 4521 854 4578 incidens
884 4520 1024 4591 quod
1049 4521 1280 4577 occurrit
1301 4521 1479 4575 statim
1505 4522 1757 4591 incendit,
1789 4538 1883 4578 ue-

302 4631 405 4685 que
425 4615 510 4669 hic
534 4625 709 4670 tamen
734 4611 999 4679 consistit,
1023 4610 1117 4667 sed
1145 4611 1287 4682 quod
1313 4612 1577 4682 reliquum
1599 4623 1679 4669 est
1700 4614 1879 4669 statim

299 4706 605 4771 consumit,
644 4713 699 4759 et
743 4712 941 4774 quanto
979 4703 1130 4774 plura
1173 4705 1385 4758 flamma
1430 4704 1878 4774 apprehenderit,

300 4807 452 4852 tanto
476 4795 733 4864 majorem
765 4794 871 4849 vim
906 4794 1099 4865 accipit
1122 4794 1189 4850 ad
1217 4795 1540 4866 reliquorutn
1568 4796 1879 4865 perniciem,

299 4887 859 4957 deprehensorumque
900 4882 1161 4955 lignorum
1200 4886 1353 4956 c0pia
1393 4885 1460 4941 iis
1501 4902 1619 4957 quae
1648 4901 1772 4943 mox
1801 4887 1883 4943 in-

298 4978 621 5035 ﬂammanda
646 4985 770 5032 sunt
799 4976 1053 5034 insidiosa
1073 4977 1268 5047 evadit,
1299 4977 1512 5033 ﬂamma
1540 4979 1607 5036 iis
1628 4995 1747 5050 qua:
1767 4980 1879 5050 jam

296 5080 543 5142 correpta
573 5078 697 5125 sunt
720 5084 932 5141 semper
956 5086 1014 5125 se
1027 5079 1269 5125 armante
1296 5080 1479 5126 contra
1510 5086 1573 5128 ea
1609 5088 1727 5144 qua:
1754 5088 1880 5129 mox

295 5162 654 5232 corripientur
674 5179 687 5214 :
711 5162 790 5218 sic
812 5178 870 5218 se
891 5161 1049 5218 habet
1069 5171 1122 5217 et
1142 5163 1347 5231 peccati
1365 5172 1575 5229 natura,
1591 5163 1682 5219 ubi
1703 5180 1878 5236 quam-

294 5256 417 5309 dam
448 5254 638 5308 anima:
668 5255 1045 5325 cogitationem
1074 5256 1449 5325 occupaverit,
1477 5271 1574 5312 nec
1598 5261 1878 5328 quisquam

294 5352 379 5401 est
406 5345 497 5418 qui
529 5346 723 5400 malum
753 5346 1086 5417 exstinguat,
1119 5345 1338 5402 ulterius
1365 5363 1643 5418 progressa
1666 5351 1878 5419 gravior

293 5450 346 5492 et
378 5435 546 5506 magis
586 5436 840 5492 indomita
884 5436 1113 5492 efficitur
1142 5454 1154 5490 :
1185 5436 1410 5507 ideoque
1439 5438 1730 5508 posteriora
1761 5441 1876 5510 ple-

293 5542 518 5598 rumque
540 5537 755 5597 peccata
778 5528 1036 5584 validiora
1058 5527 1205 5585 fuere
1228 5529 1513 5599 prioribus,
1532 5530 1708 5584 anima
1729 5545 1875 5585 scm-

297 5635 392 5691 per
414 5622 766 5689 posteriorum
796 5623 1102 5679 accessione
1126 5622 1193 5679 ad
1231 5623 1488 5696 majorem
1517 5623 1872 5692 arrogantiam

358 5734 376 5764 ι
412 5731 683 5799 ιξῐῃιεηοοά.
712 5741 764 5786 et
783 5734 922 5785 Savil.
943 5735 991 5785 in
1028 5747 1202 5798 marg.,
1228 5735 1388 5787 anima
1405 5732 1582 5799 quippe
1604 5736 1669 5785 tul
1688 5735 1870 5786 malum

288 5791 438 5845 semel
458 5791 703 5843 inclinata.

1028 376 1083 431 S.
1122 374 1399 430 ιοΑλΝιδ
1423 372 1877 430 CHRYSOSTOMJ

1985 373 2249 429 RClllEP.
2291 375 2831 436 CONSTANTINOP.

3437 391 3547 447 548

1971 494 2025 539 et
2052 495 2413 558 contemptum
2454 491 2589 547 elata
2613 531 2627 556 ,
2658 506 2722 547 ac
2763 508 2856 563 per
2886 493 3001 551 haec
3030 496 3133 552 vim
3172 515 3323 556 suam
3352 506 3551 560 dissol-

1972 585 2127 632 ventc
2151 619 2165 643 ,
2197 581 2400 649 peccati
2425 596 2551 637 vero
2576 583 2740 638 robur
2763 585 2961 642 alente.
2991 587 3081 643 Sic
3109 593 3286 662 itaque
3311 597 3462 651 multi
3495 600 3552 653 in

1971 685 2130 725 ontne
2179 682 2512 741 peccatorqu
2562 691 2730 746 genus
2781 694 2888 733 non
2928 680 3269 740 advertentes
3314 689 3551 761 prolapsi

1973 771 2118 830 sunt,
2140 765 2262 834 quia
2287 764 2551 823 flammam
2577 770 2726 825 initio
2751 787 2855 827 non
2881 778 3238 834 restinxerunt
3261 799 3273 833 :
3295 782 3362 836 ita
3390 786 3555 840 miser

1975 851 2065 908 ille
2091 857 2333 923 graviora
2357 859 2624 927 prioribus
2651 864 2943 932 posteriora
2971 867 3231 937 adjunxit.
3261 872 3551 945 Postquam
3588 859 3600 868 ’

1975 945 2114 1000 enim
2138 947 2388 1015 juvenem
2419 950 2563 1006 illum
2604 966 2935 1023 peremerat,
2970 973 2998 1011 a
3029 961 3175 1016 caede
3216 963 3282 1018 ad
3310 965 3553 1021 inferen-

1975 1035 2095 1090 dam
2125 1039 2321 1108 templo
2350 1039 2594 1111 injuriam
2635 1060 2948 1115 progressus
2986 1060 3063 1105 est
3091 1093 3104 1117 ,
3136 1067 3199 1108 ac
3237 1070 3421 1113 rursus
3452 1057 3555 1113 hac

1978 1128 2059 1181 via
2101 1130 2427 1198 procedens,
2473 1133 2540 1187 ad
2572 1139 2929 1207 arrogantiam
2970 1152 3155 1197 contra
3195 1147 3553 1205 sacerdotium

1977 1216 2330 1275 exhibendam
2357 1238 2415 1277 se
2441 1225 2674 1282 accinxit
2704 1229 2743 1295 ⁸,
2772 1241 3119 1304 sanctumque
3147 1237 3292 1294 ferro
3318 1243 3553 1298 vinctum

1976 1318 2029 1363 et
2047 1307 2098 1363 in
2120 1325 2386 1369 carcerem
2403 1316 2702 1385 conjectum
2724 1320 2802 1376 sic
2827 1324 2966 1378 ultus
2985 1335 3086 1393 est,
3107 1327 3345 1386 beneficii
3367 1348 3555 1404 pmnas

1979 1408 2224 1467 repetens
2248 1443 2262 1466 ,
2291 1418 2521 1475 cumque
2556 1423 2677 1463 eum
2725 1411 2847 1467 ideo
2884 1414 3171 1484 admirari,
3203 1435 3464 1478 coronare
3499 1436 3555 1479 et

1982 1480 2098 1555 plus
2120 1531 2134 1556 ,
2161 1506 2319 1560 quam
2365 1484 2638 1565 parenies,
2678 1499 2942 1559 honorare
2960 1518 3250 1577 oporteret,
3285 1516 3555 1570 maleﬁco-

1980 1594 2098 1633 rum
2147 1598 2269 1637 eum
2329 1588 2510 1644 subire
2560 1592 2765 1648 vincula
2823 1596 3258 1673 vinculorutnque
3314 1607 3556 1664 miserias

1978 1675 2169 1743 coegit.

2057 1767 2142 1823 10.
2175 1771 2262 1826 Sic
2286 1814 2300 1836 ,
2340 1777 2785 1844 quemadmodum
2815 1783 3089 1855 dicebam,
3117 1790 3391 1848 subortum
3424 1811 3553 1866 pec-

1983 1871 2192 1930 catum,
2226 1868 2436 1923 nemine
2460 1869 2773 1938 prohibente
2803 1891 2869 1930 ne
2896 1878 2961 1932 ad
2989 1882 3236 1939 ulteriora
3268 1887 3555 1957 progrede-

1983 1963 2148 2020 retur,
2169 1955 2405 2014 cohiberi
2448 1971 2629 2030 postea
2654 1971 3018 2041 continerique
3048 1990 3152 2030 non
3182 1988 3354 2047 potest
3373 1955 3400 2036 -ε
3432 1997 3555 2051 per-

1984 2043 2108 2102 inde
2141 2056 2300 2118 atque
2342 2053 2460 2123 equi
2494 2053 2765 2123 furentes,
2800 2052 3011 2130 rejectis
3046 2082 3076 2120 e
3104 2082 3330 2138 corpore
3359 2071 3554 2140 frenis,

1982 2138 2327 2208 excussisque
2353 2144 2654 2202 sessor-ibus
2682 2165 2745 2204 ac
2770 2154 2974 2219 supinis
3009 2156 3153 2212 humi
3194 2161 3391 2217 relictis
3411 2205 3426 2230 ,
3464 2181 3556 2220 oc-

1983 2233 2315 2287 currentibus
2341 2237 2626 2294 admodum
2651 2243 2856 2298 molesti
2887 2258 3007 2301 sunt
3029 2291 3041 2312 ,
3073 2252 3389 2324 nemineque
3415 2257 3558 2311 cohi-

1985 2318 2145 2377 bente
2163 2363 2179 2389 ,
2215 2325 2409 2396 impetu
2436 2344 2554 2386 sese
2576 2333 2625 2386 in
2656 2336 2939 2405 praecipitia
2963 2342 3269 2410 conjiciunt.
3302 2318 3427 2402 ldeo
3447 2352 3558 2404 ani-

1985 2428 2101 2469 mas
2137 2414 2438 2487 hnjnsmodi
2467 2424 2654 2480 salutis
2681 2438 2876 2485 nostra:
2914 2431 3160 2491 inimicus
3203 2438 3253 2493 in
3299 2439 3557 2500 insaniam

1986 2506 2218 2578 conjicit,
2250 2527 2305 2568 ut
2328 2528 2418 2569 eas
2446 2516 2687 2574 desertas
2706 2563 2719 2586 ,
2749 2525 2959 2581 nemine
2983 2541 3201 2586 curante
3222 2572 3239 2597 ,
3268 2537 3561 2606 corripiens

1985 2596 2289 2670 disperdat,
2314 2615 2368 2660 et
2391 2607 2687 2667 innumeris
2707 2614 3003 2674 circumdet
3028 2622 3197 2675 malis.
3224 2596 3440 2682 Etenim
3470 2632 3558 2699 qui

1985 2704 2210 2760 corpore
2236 2695 2509 2767 laborant,
2541 2703 2709 2759 donec
2741 2708 2974 2764 medicos
3004 2726 3063 2767 se
3088 2714 3235 2770 adire
3259 2720 3558 2790 patiuntur,

1984 2798 2229 2852 magnam
2254 2788 2441 2845 salutis
2462 2807 2608 2862 spem
2637 2794 2864 2866 habent;
2897 2817 3017 2858 cum
3051 2822 3176 2860 vero
3203 2810 3254 2864 in
3279 2814 3562 2881 phrenesin

1988 2871 2122 2943 lapsi
2164 2877 2398 2935 calcibus
2438 2882 2697 2953 itnpetunt
2740 2892 3093 2965 mordentque
3130 2914 3223 2954 eos
3251 2871 3398 2973 ,Iqui
3439 2923 3495 2960 se
3532 2924 3560 2962 a

1985 2964 2174 3020 morbo
2213 2982 2400 3025 eruere
2427 2975 2635 3040 volunt,
2678 2987 2787 3034 tum
2831 2998 2960 3041 sane
2999 2988 3358 3050 incurahiliter
3393 3014 3563 3067 a-gro-

1988 3061 2134 3123 tant,
2163 3072 2267 3112 non
2292 3069 2397 3116 tam
2425 3064 2497 3119 ob
2520 3070 2692 3124 morbi
2720 3083 2965 3130 naturam
2991 3120 3005 3144 ,
3033 3095 3189 3150 quam
3216 3086 3337 3154 quia
3364 3061 3563 3146 deserti

1986 3142 2202 3202 fuerunt
2224 3149 2291 3204 ab
2320 3152 2418 3216 iis,
2447 3156 2535 3225 qui
2565 3156 2709 3225 ipsos
2734 3176 2761 3213 a
2787 3162 2966 3221 furore
2995 3168 3220 3227 liberare
3234 3142 3561 3244 ⁸ροιιιίεεριιι.

1986 3233 2043 3289 ln
2084 3253 2243 3308 quem
2270 3241 2520 3301 furorem
2560 3247 2682 3317 hic,
2722 3255 2790 3309 de
2813 3271 2919 3325 quo
2957 3259 3222 3331 loquimur
3244 3308 3257 3330 ,
3292 3283 3351 3323 se
3380 3274 3564 3340 conje~

1985 3327 2058 3382 cit
2083 3346 2096 3383 :
2120 3335 2504 3402 comprehenso
2523 3355 2752 3415 namque
2772 3348 2978 3405 medico
2993 3394 3006 3419 ,
3034 3352 3160 3409 dum
3182 3359 3373 3415 vulnus
3392 3365 3565 3421 adhuc

1988 3443 2231 3503 secaret,
2260 3451 2382 3493 eum
2410 3442 2588 3498 statim
2627 3447 2866 3516 expulit,
2897 3458 2952 3505 et
2977 3468 3006 3505 a
3036 3455 3192 3511 domo
3213 3474 3368 3529 quam
3399 3467 3565 3533 potuit

1987 3524 2294 3599 longissime
2323 3538 2518 3607 exegit.
2546 3537 2867 3613 Licehatque
2887 3545 2975 3602 hic
3002 3524 3435 3611 Herodis-dram'a
3461 3576 3563 3614 non

1986 3623 2188 3675 tantum
2217 3625 2435 3681 auribus
2460 3629 2755 3699 percipere,
2786 3635 2879 3690 sed
2900 3652 3080 3694 coram
3109 3641 3293 3713 majori
3322 3661 3442 3701 cum
3468 3665 3561 3718 pe-

1989 3709 2208 3767 tulantia
2260 3725 2470 3784 gestum
2519 3732 2808 3790 spectare:
2842 3728 2961 3796 quia
3017 3730 3147 3786 illud
3193 3709 3390 3804 majori
3442 3709 3563 3794 c'um

1985 3806 2347 3863 ostentatione
2372 3820 2433 3865 et
2452 3826 2707 3882 apparatu
2733 3816 2977 3875 diabolus
3007 3822 3057 3876 in
3084 3826 3266 3881 mundi
3299 3827 3562 3886 theatrum

1987 3896 2176 3954 iterum
2208 3899 2447 3967 induxit,
2475 3919 2573 3974 pro
2598 3911 2864 3964 tetrarcha
2893 3927 3173 3980 personam
3206 3900 3555 3988 imperatoris

1985 3990 2335 4059 constituens,
2359 4006 2414 4050 et
2437 4011 2535 4066 pro
2556 4014 2656 4053 una
2677 3990 3048 4074 causaduplex
3075 4009 3151 4063 rei
3170 4023 3561 4083 argumentum,

1986 4079 2078 4136 illo
2104 4082 2259 4152 longe
2289 4088 2493 4156 turpius
2515 4129 2530 4154 ,
2560 4090 2833 4161 praebens;
2872 4095 2941 4149 ita
2971 4106 3027 4152 ut
3050 4114 3154 4154 non
3186 4079 3410 4160 numero
3440 4079 3560 4160 tau;

1988 4181 2097 4226 tum
2124 4215 2140 4239 ,
2173 4175 2268 4229 sed
2293 4176 2405 4245 ipsa
2433 4194 2648 4251 quoque
2670 4198 2850 4245 rerum
2881 4196 3067 4243 natura
3101 4193 3356 4263 tragmdia
3397 4197 3564 4252 multo

1986 4263 2243 4336 insignior
2270 4279 2433 4324 esset.
2453 4270 2569 4327 Non
2597 4275 2738 4329 enim
2768 4274 2853 4331 hic
2871 4278 3009 4333 sicut
3033 4280 3144 4336 illic
3171 4285 3368 4354 nuptias
3394 4287 3564 4344 viola-

1985 4356 2180 4414 bantur
2199 4400 2215 4425 ,
2244 4376 2416 4431 neque
2437 4379 2504 4417 ex
2529 4363 2802 4435 illegitimo
2823 4368 2965 4424 coitu
2989 4411 3005 4436 ,
3034 4371 3130 4440 sed
3166 4388 3234 4429 ex
3269 4377 3564 4436 seelestiori

1987 4451 2204 4525 puerilis
2235 4453 2399 4508 eaadis
2428 4455 2829 4524 inquinamento
2852 4499 2867 4523 ,
2895 4475 2960 4515 ex
2991 4464 3270 4534 tyrannide
3297 4468 3562 4525 crudelis-

1987 4541 2143 4608 sima,
2172 4552 2228 4598 et
2253 4558 2320 4599 ex
2356 4546 2655 4615 iniquitate,
2689 4564 2794 4603 non
2834 4549 2886 4604 in
2917 4566 3163 4623 uxorem,
3191 4556 3284 4612 sed
3316 4557 3369 4613 in
3394 4558 3563 4630 ipsam

1985 4635 2387 4691 sanctimoniam
2418 4639 2679 4707 exhibita,
2708 4639 2843 4698 hanc
2870 4642 3144 4700 historiam
3184 4649 3450 4719 malignus
3474 4651 3563 4708 ille

1987 4726 2181 4778 texuit.
2209 4725 2499 4796 Conjectus
2523 4745 2651 4800 ergo
2677 4731 2729 4785 in
2757 4746 3028 4789 carcerem
3060 4735 3249 4793 beatus
3278 4738 3366 4794 ille
3389 4781 3405 4805 ,
3436 4758 3564 4812 gau-

1984 4816 2144 4873 debat
2170 4818 2381 4889 quidem
2406 4820 2474 4876 de
2508 4822 2750 4889 vinculis,
2783 4824 2877 4879 sed
2898 4824 3111 4883 dolebat
3136 4829 3203 4885 de
3232 4830 3566 4889 vinculorum

1984 4912 2218 4968 auctoris
2264 4913 2543 4983 pernicie:
2586 4931 2758 4986 neque
2791 4918 2932 4972 enim
2972 4930 3149 5001 pater,
3180 4938 3353 4993 neque
3378 4925 3561 4996 pmdo-

1986 5002 2144 5072 triba,
2165 5018 2287 5059 cum
2315 5005 2404 5061 ille
2423 5006 2490 5062 de
2517 5005 2641 5073 ﬁlii,
2672 5007 2759 5064 hic
2785 5007 2853 5064 de
2879 5008 3121 5081 discipuli
3144 5011 3344 5084 flagitio
3365 5015 3448 5071 vel
3472 5031 3564 5072 ca-

1985 5094 2221 5150 lamitate
2243 5097 2499 5152 clariores
2528 5098 2779 5167 evadunt,
2811 5114 3042 5157 mterore
3066 5118 3286 5159 vacuam
3317 5107 3562 5177 volupta-

1985 5196 2091 5240 tem
2118 5201 2183 5242 ex
2205 5186 2291 5239 illa
2313 5187 2551 5243 claritate
2570 5190 2802 5259 capiunt.
2826 5192 3181 5259 Quamobrem
3208 5195 3396 5253 beatus
3424 5198 3560 5254 Pau-

1985 5275 2067 5331 lus
2103 5275 2391 5332 Corinthiis
2429 5278 2642 5334 dicebat
2670 5298 2684 5335 :
2714 5279 2933 5337 Oramus
2977 5295 3145 5340 autem
3178 5296 3234 5341 ut
3276 5288 3407 5344 nihil
3437 5291 3559 5345 mali

1983 5368 2203 5440 facietis,
2248 5387 2347 5425 non
2376 5381 2430 5426 ut
2470 5389 2562 5428 nos
2602 5376 2798 5443 probati
2838 5392 3171 5449 appareamus
3193 5420 3208 5447 ,
3253 5381 3344 5435 sed
3383 5393 3440 5437 ut
3475 5400 3559 5438 vos

1982 5459 2116 5529 quod
2145 5461 2336 5517 bonum
2363 5472 2436 5517 est
2465 5464 2662 5532 faciatis
2691 5479 2710 5518 :
2738 5481 2830 5521 nos
2871 5478 3041 5522 autent
3064 5479 3120 5523 ut
3157 5472 3357 5540 reprobi
3397 5475 3559 5532 simus

1980 5554 2057 5627 (2.
2085 5553 2210 5611 Cor.
2231 5556 2316 5612 15.
2347 5555 2424 5627 7).
2448 5557 2536 5613 Sic
2556 5557 2733 5630 itaque
2752 5559 3065 5617 admirando
3095 5562 3170 5617 illi
3194 5565 3309 5619 viro
3328 5569 3558 5637 Optatior

2043 5735 2060 5765 ι
2096 5733 2351 5807 pnus’cod.
2389 5742 2513 5807 post,
2554 5736 2782 5798 accitu‘it,
2807 5738 2965 5799 addit,
3010 5752 3161 5804 neque
3190 5753 3247 5792 eo
3271 5743 3426 5807 stetit,
3466 5749 3551 5797 sed

1978 5802 2193 5848 tamtum
2214 5795 2369 5861 ferro,
2386 5805 2481 5846 etc.

3666 592 3685 619 ιι.
