3884 6294
306 395 412 453 MT

297 504 409 562 εἶναι
421 524 438 558 ι
452 505 705 575 λέγοντας
724 507 1070 577 ἐπεστόμισε,
1085 506 1184 578 τὴν
1202 505 1310 561 τῶν
1324 506 1638 561 ἀποστόλων
1654 506 1762 578 παρ
1773 502 1965 576 ρησίαν
2001 568 2005 576 Δ

294 594 382 648 6:6
429 594 540 647 τῶν
591 594 769 665 έργων
814 595 1111 659 ἐπιδείξας,
1141 592 1296 666 [551]
1325 594 1422 648 καὶ⁹
1463 592 1704 657 διδάξας,
1752 593 1835 644 ὅτι
1873 593 1968 643 καὶ

297 681 465 735 πάλαι
494 682 772 746 τοιούτους
823 683 1022 754 ἀνδρας
1071 682 1327 750 γενέσθαι
1383 681 1530 744 εἰκὸς
1577 676 1668 752 ἦν,
1726 679 1816 732 ὅτε
1875 677 1969 731 καὶ

296 766 520 820 πλείονα
544 768 577 836 ἡ
603 767 713 820 τῶν
738 768 978 838 σημείων
1012 766 1272 834 ἐπίδειξις
1324 768 1552 838 παρεῖχε
1579 765 1679 837 τὴν
1719 764 1968 832 ἐξουσίαν

296 852 504 914 αὐτοῖς.
538 854 697 907 Ἐστι
730 870 782 906 τι
816 855 909 907 καὶ
956 854 1139 924 τρίτον
1196 853 1529 924 κατόρθωμα
1561 852 1623 905 ού
1671 849 1732 903 τὸ
1773 849 1930 918 τυχὸν
1950 891 1966 915 ,

296 940 405 993 τῶν
424 939 535 1012 γὰρ
554 941 689 1011 μετά
703 940 875 994 ταῦτα
903 941 1150 1013 ἱερᾶσθαι
1173 942 1267 995 καὶ
1289 938 1592 1011 βασιλεύειν
1623 936 1920 1010 μελλόντων
1939 947 1968 976 ι

294 1029 365 1083 τά
414 1029 764 1100 φρονήματα,
800 1028 907 1082 τῶν
967 1028 1064 1099 μὲν
1098 1027 1431 1093 κατέστειλε,
1482 1026 1592 1081 τῶν
1640 1025 1698 1079 δέ
1743 1025 1966 1095 ἐπῆρεν,

295 1117 608 1186 ἀποφήνας,
631 1117 714 1169 ὅτι
738 1115 838 1185 τῆς
869 1116 972 1184 γῆς
1007 1116 1101 1169 καὶ
1128 1115 1235 1169 τῶν
1266 1117 1325 1168 ἐν
1373 1116 1441 1185 τῇ
1470 1117 1540 1186 γῇ
1576 1111 1967 1183 πραττομένων

297 1202 636 1274 κυριώτερος
663 1203 961 1273 ἐπίτροπος
995 1205 1022 1255 6
1049 1203 1147 1274 τὴν
1197 1200 1501 1273 ἱερωσύνην
1540 1199 1720 1271 λαχὼν
1745 1198 1838 1252 τοῦ
1870 1198 1969 1270 τὴν

297 1292 592 1362 ἁλουργίδα
623 1290 837 1361 ἔχοντός
864 1293 1003 1353 ἐστι,
1037 1292 1127 1345 καὶ
1163 1290 1267 1362 χρὴ
1317 1290 1419 1360 τῆς
1467 1286 1717 1354 ἐξουσίας
1763 1285 1970 1357 ταύτης

295 1378 360 1431 τὸ
411 1377 645 1448 μέγεθος
697 1377 773 1448 μὴ
831 1376 1108 1441 ἐλαττοῦν,
1142 1377 1277 1430 ἀλλά
1308 1376 1408 1446 τῆς
1434 1374 1613 1446 ψυχῆς
1654 1372 1968 1438 ἐξίστασθαι

298 1466 587 1537 πρότερον,
632 1465 664 1536 ἢ
714 1466 815 1536 τῆς
845 1464 1162 1530 αύθεντίας,
1198 1466 1264 1535 ἦν
1314 1467 1342 1517 6
1389 1464 1520 1526 Θεὸς
1557 1460 1762 1517 ἄνωθεν
1796 1459 1970 1533 ταύτῃ

300 1553 684 1624 συνεκλήρωσέ
715 1554 781 1623 τῇ
811 1555 975 1623 ἀρχῇ.
1009 1552 1069 1605 'U
1095 1553 1190 1623 μὲν
1217 1553 1324 1623 γάρ
1350 1550 1521 1614 οὕτως
1547 1548 1852 1613 ἀποθανὼν,
1878 1549 1969 1601 καὶ

300 1639 440 1710 μετά
460 1640 555 1710 τὴν
576 1640 831 1710 τελευτὴν
846 1639 1047 1694 δύναιτ’
1075 1640 1140 1693 ἂν
1165 1639 1405 1702 ἅπαντας
1435 1638 1664 1707 ὠφελεῖν
1686 1662 1689 1663 ν
1713 1641 1739 1689 6
1759 1637 1814 1690 δὲ
1841 1636 1971 1691 ταύ-

296 1745 398 1799 την
423 1728 523 1797 τὴν
546 1726 699 1791 τάξιν
724 1726 916 1790 λιπὼν,
949 1727 1009 1779 ού
1043 1728 1200 1797 μόνον
1241 1725 1380 1796 μετά
1407 1726 1496 1779 τὸν
1527 1726 1757 1779 θάνατον
1780 1724 1969 1778 ούδένα

296 1815 527 1885 ὤνησεν,
562 1814 700 1868 ἀλλά
734 1815 829 1868 καὶ
864 1812 971 1878 ζῶν
1013 1813 1121 1867 τῶν
1150 1830 1207 1866 τε
1238 1814 1330 1866 ὑπ’
1365 1813 1514 1883 αύτῷ
1552 1812 1901 1883 ταττομένων
1940 1812 1968 1851 δ

293 1906 424 1968 τοὺς
454 1904 704 1968 πλείονας
735 1904 1151 1975 μαλακωτέρους
1206 1902 1519 1974 εἰργάσατο,
1552 1903 1647 1956 καὶ
1681 1901 1829 1974 παρά
1858 1905 1971 1966 τοῖς

304 1991 500 2058 ἔξωθεν
549 1992 910 2056 ἐπονείδιστος
962 1993 1055 2046 καὶ
1126 1991 1529 2069 καταγέλαστος
1579 1990 1807 2059 γίνεται.
1860 1988 1971 2042 Καὶ

296 2078 550 2133 ἀπελθὼν
603 2080 661 2133 δὲ
711 2078 982 2146 ἐντεῦθεν,
1020 2080 1156 2150 μετά
1196 2079 1398 2150 πολλῆς
1449 2078 1710 2150 αἰσχύνης
1748 2078 1841 2131 καὶ
1867 2095 1969 2131 κα-

295 2165 530 2236 τηφείας
555 2168 969 2237 παραστήσεται
993 2166 1071 2238 τῷ
1100 2166 1164 2238 βή
1176 2185 1307 2238 ματι
1341 2165 1436 2220 τοῦ
1463 2165 1725 2238 Χριστοῦ,
1759 2164 1970 2218 ἐκεῖθέν

292 2270 357 2307 τε
378 2255 543 2307 αὑτὸν
575 2256 737 2309 πάλιν
768 2258 850 2320 είς
877 2256 978 2326 τὴν
1012 2257 1240 2326 κάμινον
1274 2254 1578 2320 ἀπάξουσιν
1630 2253 1883 2307 ἕλκουσαι
1912 2254 1969 2305 αἰ

294 2345 438 2415 πρὸς
462 2344 621 2397 τοῦτο
641 2343 921 2416 ταχθεῖσαι
953 2345 1231 2416 δυνάμεις.
1267 2345 1367 2398 Διά
1396 2362 1476 2397 τοι
1507 2343 1664 2396 τοῦτο
1698 2342 1859 2410 σοφός
1887 2358 1972 2405 τις

293 2433 559 2504 παραινεῖ
585 2430 762 2501 λόγος·
778 2434 835 2485 Μ
842 2430 874 2499 ὴ
901 2430 1090 2499 λάϐῃς
1116 2433 1442 2499 πρόσωπον
1465 2428 1615 2482 κατὰ
1637 2426 1747 2497 τῆς
1766 2424 1972 2496 ψυχῆς

294 2535 437 2575 σου.
472 2521 537 2576 El
577 2521 658 2581 δὲ,
679 2520 870 2591 ἀνδρὸς
893 2518 1272 2590 ἀδικουμένου,
1293 2518 1396 2571 ούκ
1418 2516 1660 2585 ἀσφαλὲς
1681 2514 1971 2587 ὑποκρίνε-

299 2612 459 2675 σθαι,
507 2611 617 2663 τῶν
660 2608 821 2663 θείων
871 2609 1048 2679 νόμων
1093 2607 1483 2680 ὑϐριζομένων,
1519 2609 1547 2660 6
1592 2605 1824 2676 σιγήσας
1877 2604 1972 2657 καὶ

298 2696 545 2770 παριδὼν
566 2697 709 2760 τίνος
742 2697 841 2750 οὐκ
868 2697 1020 2749 ἔσται
1053 2695 1327 2758 κολάσεως
1365 2694 1545 2758 ἀξιοςς
1573 2692 1728 2747 Μετά
1765 2691 1821 2745 δέ
1844 2691 1967 2744 τού-

295 2803 410 2839 των
432 2784 531 2855 οὐχ
554 2779 716 2856 ἦττον
746 2782 948 2848 ἐδίδαξε
974 2782 1154 2848 καλὸν,
1183 2783 1264 2836 ὅτι
1290 2781 1359 2834 τά
1372 2780 1535 2834 αὐτοῦ
1554 2782 1727 2832 ποιεῖν
1743 2779 1971 2832 ἕκαστον

295 2870 428 2943 χρὴ,
457 2871 560 2925 κᾶν
584 2872 773 2942 μηδεὶς
795 2873 822 2925 6
852 2871 1140 2941 δεχόμενος
1217 2869 1324 2922 τῶν
1346 2868 1644 2939 γινομένων
1670 2866 1729 2920 τὸ
1757 2865 1973 2937 κέρδος.

297 2959 439 3012 Οὐδὲ
453 2959 564 3029 γάρ
589 2958 751 3022 αὐτός
785 2975 836 3011 τι
867 2957 987 3011 τότε
1014 2957 1114 3028 τῆς
1136 2956 1460 3029 παρρησίας
1489 2957 1569 3018 εἰς
1587 2954 1683 3022 τὴν
1703 2952 1972 3023 ὠφέλειαν

296 3046 560 3100 ἀπώνατο
592 3045 687 3099 τοῦ
734 3045 1021 3116 βασιλέως,
1053 3045 1168 3098 ἀλλ’
1200 3045 1349 3115 ὅμως
1381 3043 1443 3096 τὸ
1472 3041 1636 3096 αὑτοῦ
1669 3041 1777 3096 πᾶν
1808 3040 1972 3111 ἐπλή-

299 3150 467 3204 ρωσε,
504 3134 599 3186 καὶ
624 3132 872 3186 ἐνέλιπεν
897 3132 1078 3186 οὐδέν.
1328 3124 1333 3129 ’

384 3222 442 3275 '0
464 3221 521 3274 δέ
550 3222 771 3290 κάμνων
797 3219 884 3273 διά
910 3219 1009 3291 τῆς
1030 3219 1236 3283 οἰκείας
1258 3219 1516 3282 ἀπονοίας
1546 3218 1850 3289 ἐλυμήνατο
1876 3215 1970 3270 τοῦ

295 3308 546 3380 τεχνίτου
604 3308 703 3378 τὴν
752 3309 1083 3379 ἐπιστήμην,
1121 3309 1260 3378 μετά
1306 3306 1499 3360 πολλοῦ
1557 3304 1655 3358 τοῦ
1688 3305 1863 3376 θυμοῦ
1911 3303 1972 3357 τὸ

295 3399 592 3468 φάρμακον
626 3395 734 3448 ἀπὸ
760 3394 855 3449 τοῦ
880 3393 1194 3468 τραύματος
1221 3393 1454 3465 ἀφελών.
1487 3394 1697 3465 ’Ὠσπερ
1730 3393 1838 3464 γὰρ
1872 3391 1973 3445 οὐκ

294 3484 507 3556 ἀρκοῦν
533 3484 613 3546 είς
641 3482 897 3536 ἀσέϐειαν
929 3482 990 3535 τὸ
1017 3480 1297 3551 φονεῦσαι,
1327 3482 1421 3535 καὶ
1457 3479 1826 3551 ἀναισχύντως
1857 3483 1974 3532 ἐπι-

298 3572 547 3643 πηδῆσαι
572 3571 650 3642 τῷ
680 3569 793 3640 ναῷ
824 3568 919 3624 τοῦ
953 3569 1112 3632 Θεοῦ,
1143 3569 1449 3640 προσετίθει
1485 3568 1629 3640 φόνῳ
1660 3569 1817 3637 φόνον
1866 3568 1974 3621 ἐτε·

299 3676 419 3732 ρον,
455 3659 551 3713 καὶ
609 3657 861 3729 καθάπερ
916 3657 1237 3728 φιλονεικῶν
1289 3656 1423 3728 ὁμοῦ
1464 3656 1556 3708 καὶ
1586 3656 1810 3725 νικῆσαι
1860 3658 1972 3717 τοῖς

302 3746 575 3817 δευτέροις
606 3745 675 3800 τά
727 3746 987 3818 πρότερα,
1041 3745 1137 3800 καὶ
1186 3742 1254 3798 τά
1283 3743 1391 3797 τῶν
1446 3743 1766 3810 φθασάντων
1824 3742 1969 3814 πάθη

348 3834 631 3904 ααυρῶσαι
672 3834 739 3903 τῇ
784 3833 893 3886 τῶν
953 3833 1195 3905 ὑστέρων
1244 3832 1515 3904 ὑπερϐολῇ
1562 3831 1821 3901 (τοιαύτη
1864 3830 1972 3902 γάρ

300 3934 333 3992 η
366 3922 463 3975 τοῦ
493 3920 737 3975 διαϐόλου
769 3920 953 3992 μανία,
980 3922 1051 3975 τὰ
1075 3923 1294 3975 ἐναντία
1332 3918 1761 3984 κατασκευάζειν
1809 3919 1969 3989 ἅμα),

294 4008 474 4073 οὓτως
523 4008 860 4079 ἀμφοτέραις
915 4012 1036 4072 ταῖς
1097 4012 1332 4078 σφαγαῖς
1382 4009 1526 4079 ἐχειν
1579 4026 1630 4061 τι
1697 4007 1971 4080 κατάλλη-

296 4097 413 4159 λον,
442 4096 718 4167 ἐξαίρετον
738 4097 954 4151 ἔδωκεν.
973 4097 1081 4150 Καὶ
1101 4092 1169 4168 ἦν
1190 4098 1223 4167 ή
1257 4097 1356 4167 μὲν
1375 4096 1612 4169 προτέρα
1638 4096 1973 4167 ἐλεεινοτέρα

294 4186 399 4256 τῆς
432 4183 711 4254 δευτέρας,
752 4185 784 4254 ἠ
826 4184 921 4236 τοῦ
959 4184 1181 4247 παιδός’
1216 4185 1249 4253 ή
1288 4183 1347 4236 δέ
1377 4183 1607 4254 δευτέρα
1631 4182 1972 4255 ἐναγεστέρα

294 4272 402 4341 τῆς
433 4271 721 4341 προτέρας,
753 4272 785 4341 ἠ
818 4269 911 4322 τοῦ
947 4270 1216 4344 μακαρίου
1243 4270 1477 4324 Βαϐύλα.
1508 4271 1668 4342 Ψυχὴ
1695 4272 1801 4343 γὰρ
1825 4270 1973 4335 ἅπαξ

299 4367 325 4396 ο
372 4358 651 4430 ἁμαρτίας
704 4359 1048 4428 γευσαμένη,
1100 4360 1195 4411 καὶ
1245 4358 1569 4430 ἀναλγήτως
1625 4359 1968 4420 διατεθεῖσα,

296 4445 503 4515 πολλὴν
539 4444 767 4515 παρέχει
807 4445 885 4515 τῷ
909 4446 1177 4516 νοσήματι
1206 4445 1303 4517 τὴν
1335 4446 1674 4517 προσθήκην.
1717 4448 1831 4501 Καὶ
1860 4442 1971 4501 οἷον

297 4533 381 4594 εἰς
417 4531 551 4602 ὓλην
579 4531 781 4599 ἄφατον
810 4531 1043 4603 σπινθὴρ
1069 4531 1347 4602 ἐμπεσὼν,
1382 4533 1526 4586 καίει
1553 4532 1654 4604 μὲν
1680 4533 1884 4597 εὐθέως
1911 4535 1972 4587 τὸ

299 4614 735 4683 προστυγχάνον,
769 4615 867 4685 οὐχ
900 4615 1113 4667 ἵσταται
1146 4614 1203 4667 δὲ
1263 4616 1456 4686 μέχρις
1504 4616 1712 4669 ἐκείνου
1777 4617 1968 4687 μόνον,

297 4700 438 4754 ἀλλά
474 4703 582 4754 πᾶν
616 4701 938 4773 ἐπινέμεται
956 4702 1016 4755 τὸ
1040 4702 1246 4767 λοιπὸν,
1271 4704 1365 4757 καὶ
1392 4705 1502 4775 ὅσῳ
1528 4721 1634 4776 περ
1657 4703 1722 4757 ἀν
1752 4704 1972 4758 πλείονα

296 4788 442 4861 λάϐῃ
485 4792 553 4861 τῇ
606 4776 801 4858 φλογὶ,
853 4789 1092 4861 τοσούτῳ
1141 4792 1361 4846 πλείονα
1408 4792 1820 4863 προσλαμϐάνει
1871 4793 1970 4865 τὴν

303 4876 459 4947 ἰσχὺν
494 4876 628 4947 πρδς
651 4877 755 4948 τὴν
788 4877 895 4931 τῶν
923 4876 1125 4931 λοιπῶν
1155 4877 1452 4943 ἀπώλειαν,
1480 4881 1575 4933 καὶ
1619 4880 1829 4949 γίνεται
1861 4880 1970 4934 τῶν

298 4961 538 5016 ἁλόντων
572 4962 746 5029 ξύλων
762 4965 823 5016 τὸ
845 4964 1047 5036 πλῆθος
1073 4966 1185 5027 τοῖς
1208 4963 1520 5019 ἁλίσκεσθαι
1552 4965 1830 5035 μέλλουσιν
1850 4968 1970 5021 ἐπι-

299 5050 490 5121 ϐουλὴ,
520 5053 632 5115 τοῖς
660 5050 911 5123 ληφθεῖσι
946 5053 1086 5105 κατὰ
1112 5053 1219 5106 τῶν
1253 5052 1558 5124 μελλόντων
1602 5052 1967 5127 ὁπλιζομένης

299 5139 388 5193 ἀεὶ
420 5139 518 5208 τῆς
542 5138 765 5209 φλογός·
794 5138 934 5194 οὕτω
975 5141 1065 5193 καὶ
1095 5142 1127 5211 ή
1155 5141 1254 5210 τῆς
1292 5139 1564 5211 ἁμαρτίας
1595 5140 1777 5210 φύσις,
1814 5144 1969 5196 ἐπειο

296 5227 395 5279 δάν
418 5243 562 5292 τινος
611 5226 843 5296 λάϐηται
886 5228 991 5281 τῶν
1031 5229 1127 5300 τῆς
1152 5228 1332 5299 ψυχῆς
1356 5228 1655 5299 λογισμῶν,
1680 5230 1776 5283 καὶ
1811 5228 1963 5303 {552]

221 5353 229 5365 η
302 5309 491 5379 μηδεὶς
541 5312 569 5363 6
603 5310 875 5365 σϐεννύων
988 5312 1048 5365 τὸ
1092 5313 1297 5377 κακὸν,
1344 5312 1615 5384 προϊοῦσα
1654 5314 1966 5386 περαιτέρω

297 5396 656 5469 χαλεπωτέρα
690 5398 897 5467 γίνεται
927 5400 1018 5453 καὶ
1048 5399 1433 5471 δυσχείρωτος·
1464 5400 1558 5453 καὶ
1587 5400 1676 5454 διὰ
1711 5401 1868 5455 τοῦτο
1898 5401 1968 5456 τά

302 5484 440 5553 μετά
468 5485 639 5538 ταῦτα
668 5486 925 5552 πολλάκις
946 5487 1055 5555 τῶν
1082 5488 1360 5558 προτέρων
1392 5489 1714 5561 ἰσχυρότερα
1741 5489 1966 5559 γέγονεν

297 5571 520 5641 ἀμαρτή
531 5588 694 5641 ματα,
713 5575 811 5646 τῆς
831 5574 1009 5646 ψυχῆς
1035 5575 1120 5628 ἀεὶ
1148 5577 1212 5646 τῇ
1236 5577 1342 5628 τῶν
1372 5575 1640 5650 δευτέρων
1675 5578 1964 5651 προσθήκῃ

299 5658 433 5729 πρὸς
482 5659 707 5731 μείζονα
753 5663 1011 5718 ἀπόνοιαν
1049 5665 1143 5717 καὶ
1189 5666 1597 5739 καταφρόνησιν
1639 5666 1965 5737 αἰρομένης,

360 5780 492 5850 {Alﬁ
531 5784 795 5850 βασιλεύειν
820 5786 1076 5850 λαχόντων.
1103 5848 1141 5850 μ
1512 5848 1518 5850 Α
1616 5849 1619 5850 ν
1934 5838 1937 5839 ,

344 5843 507 5917 ‘bVSic
532 5843 700 5894 ἐει-ιε.
735 5855 787 5896 cl
807 5843 912 5897 (1υό
940 5862 1058 5899 mss.
1101 5848 1271 5897 Mox-ci.
1310 5861 1425 5897 vero
1447 5848 1526 5896 καὶ
1567 5849 1751 5903 ζώντων
1772 5850 1868 5896 τῶν
1888 5849 1967 5897 ὑπ’

701 5971 923 6037 elﬁavil.
948 5973 998 6021 In
1022 5986 1172 6037 marg.
1200 5971 1405 6022 Βαϐύλα·
1432 5975 1460 6030 ἡ
1484 5973 1569 6033 γάρ
1596 5971 1967 6035 ἰπιρρεπήςπρος

290 6043 356 6078 κα
368 6051 378 6063 ι
389 6032 462 6078 ίαν
497 6032 622 6095 ψυχή
649 6033 788 6089 ἅπαξ.

1080 451 1089 460 .
1140 387 1227 453 DE
1258 396 1316 452 S.
1350 394 1643 460 BABYLA,
1681 390 1960 449 CONTRA
1998 390 2346 448 JULIANUM
2387 392 2471 447 ET
2502 380 2873 450 GENTILESQ

3637 397 3759 453 M8-

2079 501 2175 556 xa‘:
2201 503 2288 558 διὰ
2314 504 2517 558 τούτων
2540 504 2636 576 τὴν
2653 504 2767 576 ’μὲν
2799 504 3003 559 οἰκείαν
3030 503 3350 580 διαλυούσης
3365 508 3612 581 δύναμιν,
3641 509 3741 580 τὴν

2075 592 2133 645 δὲ
2169 593 2268 663 τῆς
2297 594 2571 665 ἁμαρτίας
2604 594 2913 665 τρεφούσης
2936 612 2949 625 ο
2981 595 3122 649 οὕτω
3153 595 3284 666 γοῦν
3309 597 3494 652 πολλοὶ⁵
3522 601 3601 661 εἰς
3631 602 3740 652 πᾶν

2077 674 2217 744 εἶδος
2249 681 2665 752 ἁμαρτημάτων
2694 681 2943 746 ἐλθόντες
2976 682 3185 749 ἔλαθον,
3229 684 3417 757 ἐπειδὴ
3444 685 3542 756 τὴν
3572 684 3753 756 φλόγα*

2076 766 2386 838 ἀρχομένην
2429 769 2531 821 οὐκ
2576 767 2841 821 ἔσϐεσανο
2882 764 3026 821 οὕτω
3063 773 3153 823 καὶ
3189 771 3213 824 6
3261 769 3492 833 δείλαιος
3538 773 3749 836 ἐκεῖνος,

2076 853 2431 926 χαλεπώτερα
2489 857 2602 919 τοῖς
2663 856 2950 926 προτέροις
3000 858 3308 928 προσετίθει
3368 859 3438 912 τά
3491 858 3745 931 δεύτερα.

2092 941 2309 1011 Ἐπειδὴ
2334 942 2440 1014 γάρ
2465 943 2555 996 τὸν
2580 944 2697 997 νέον
2725 946 2931 998 ἐκεῖνον
2959 944 3263 1010 ἀπώλεσεν,
3316 947 3424 1000 61:6
3451 947 3544 1000 τοῦ
3576 948 3739 1017 φόνου

2078 1029 2212 1099 πρὸς
2243 1029 2338 1101 τὴν
2369 1030 2524 1102 ὕϐριν
2549 1031 2647 1103 τὴν
2677 1033 2756 1096 είς
2799 1032 2889 1085 τὸν
2919 1031 3054 1086 νεὼν
3082 1032 3333 1104 ὥρμησε,
3360 1034 3455 1089 καὶ
3487 1035 3648 1088 πάλιν
3682 1040 3745 1090 ἐκ

2076 1117 2278 1187 ταύτης
2330 1118 2434 1189 ὀδῷ
2487 1119 2806 1190 προϐαίνων,
2849 1123 2929 1184 είς
2970 1120 3068 1192 τὴν
3120 1122 3262 1175 κατά
3306 1123 3405 1192 τῆς
3447 1122 3746 1195 ίερωσύνης

2077 1203 2337 1257 ἀπόνοιαν
2383 1205 2786 1269 ἐπαπεδύσατο,
2818 1209 2912 1262 καὶ
2944 1210 3035 1262 τὸν
3060 1206 3086 1246 ἀ
3116 1211 3270 1278 ἅγιον
3304 1211 3508 1281 σιδήρῳ
3543 1212 3742 1285 δήσας,

2078 1291 2169 1344 καὶ
2190 1293 2269 1354 εἰς
2299 1291 2671 1364 δεσμωτήριον
2694 1294 2966 1366 ἐμϐαλὼν,
2999 1296 3141 1350 οῦτω
3167 1298 3303 1362 τέως
3327 1297 3759 1369 ἐκόλαζε,δίκηνρ

2077 1376 2239 1430 αὐτὸν
2260 1377 2359 1448 τῆς
2387 1379 2705 1450 εὐεργεσίας
2741 1382 3011 1446 ἀπαιτῶν,
3046 1384 3142 1437 καὶ
3168 1385 3308 1458 ὑπὲρ
3338 1379 3412 1439 ὧν
3444 1385 3762 1459 θαυμάζεινι

2078 1463 2203 1527 ἔδει,
2227 1466 2319 1518 καὶ
2337 1466 2652 1535 στεφανοῦν,
2674 1468 2890 1524 καὶτῶν
2908 1472 3315 1541 γεγεννηκότων
3341 1474 3542 1544 μᾶλλον
3559 1478 3759 1547 τιμᾷνν

2078 1551 2217 1622 ὑπὲρ
2252 1551 2454 1605 τούτων
2503 1552 2571 1607 τά
2616 1554 2725 1608 τῶν
2763 1557 3088 1629 κακούργων
3126 1559 3419 1630 ὑπομένειν
3468 1562 3749 1632 ἢνόγξαζε

2077 1636 2251 1707 δεσμὰ
2274 1681 2287 1705 ,
2329 1639 2421 1693 καὶ
2446 1639 2542 1711 τὴν
2573 1640 2681 1695 ἀπὸ
2703 1642 2809 1696 τῶν
2836 1643 3052 1715 δεσμῶν
3078 1645 3452 1719 ταλαιπωρίαν
3481 1649 3756 1721 περιθείς-

2152 1732 2204 1779 ι’.
2235 1725 2444 1792 Οὕτως,
2490 1729 2640 1800 ὅπερ
2696 1729 2852 1803 ἔφην,
2878 1732 3052 1804 ἀρχὴν
3088 1735 3330 1804 ἁμαρτία
3354 1734 3616 1799 λαϐοῦσα,
3655 1740 3752 1793 καὶ

2082 1814 2285 1885 μηδένα
2341 1817 2435 1872 τὸν
2468 1819 2549 1882 είς
2590 1818 2652 1871 τὸ
2696 1820 2881 1891 πρόσω
2927 1821 3198 1894 προϐῆναι
3223 1823 3502 1878 κωλύοντα
3528 1824 3744 1896 ἔχουσα,

2077 1901 2478 1973 δυσανάσχετος
2525 1905 2619 1958 1:61
2655 1904 2959 1972 ἀκάθεκτος
2999 1908 3243 1978 γίνεται,
3289 1911 3432 1966 κατά
3472 1912 3601 1976 τοὺς
3652 1931 3750 1984 με·

2082 1990 2319 2060 μηνότας
2360 1991 2473 2045 τῶν
2516 1992 2721 2057 ῐππων,
2768 1993 2823 2047 οἳ
2863 1995 3083 2050 ἐπειδὰν
3122 1998 3213 2051 τὸν
3251 1998 3470 2069 χαλινὸν
3514 2000 3622 2053 61:6
3654 2001 3745 2054 τοῦ

2081 2077 2349 2149 στόματος
2393 2078 2732 2144 ἐκϐαλόντες,
2769 2082 2865 2134 καὶ
2909 2082 3002 2137 τὸν
3038 2084 3301 2158 ἐπιϐάτην
3334 2086 3595 2158 ῥίψαντες
3638 2090 3746 2142 61:6

2076 2163 2188 2216 τῶν
2205 2163 2390 2218 νώτων
2422 2164 2637 2232 ὕπτιον,
2660 2171 2772 2233 τοῖς
2800 2170 3112 2224 ἀπαντῶσιν
3147 2171 3410 2245 ἀφᾶρητοι
3457 2173 3744 2243 γένωνται,

2082 2250 2308 2322 μηδενὸς
2355 2253 2554 2317 αὐτοὺς
2598 2255 2929 2320 κωλύοντος,
2976 2257 3082 2314 ὑπὸ
3121 2259 3221 2329 τῆς
3282 2260 3520 2316 ἀτάκτου
3566 2261 3748 2334 ῥύμης

2079 2339 2337 2410 φέροντες
2377 2342 2614 2405 ἑαυτοὺς
2648 2346 3121 2416 κατεκρήμνισαν.
3172 2347 3273 2402 Διά
3308 2366 3391 2402 τοι
3447 2348 3606 2404 τοῦτο
3665 2354 3745 2414 είς

2082 2427 2275 2498 μανίαν
2304 2429 2401 2493 τὰς
2440 2431 2699 2496 τοιαύτας
2737 2433 2961 2504 ἐκφέρει
3013 2433 3193 2507 ψυχάς
3237 2438 3267 2490 6
3319 2437 3421 2508 τῆς
3459 2441 3738 2509 σωτηρίας

2079 2514 2235 2587 ήμῶν
2273 2516 2485 2588 ἐχθρὸς,
2511 2517 2600 2572 ἵνα
2632 2518 2804 2584 αύτὰς
2837 2521 2895 2573 ἐν
2942 2523 3148 2594 ἐρημία
3167 2522 3275 2576 τῶν
3296 2522 3747 2595 θεραπευσόντων

2085 2610 2109 2637 ι
2136 2599 2429 2654 ἀπολαϐὼν
2468 2601 2776 2674 κατακόψῃ,
2820 2605 2913 2657 καὶ
2963 2605 3177 2676 μυρίοις
3208 2607 3476 2681 περιϐάλῃ
3529 2613 3742 2673 κακοῖς.

2081 2685 2184 2739 Καὶ
2213 2686 2322 2759 γάρ
2353 2689 2401 2741 οἱ
2424 2687 2495 2741 τὰ
2513 2688 2739 2759 σώματα
2767 2690 3194 2762 ἀρρωστοῦντες,
3222 2692 3325 2758 ἕως
3358 2696 3457 2767 μέν
3484 2696 3549 2750 ἂν
3579 2715 3746 2768 προσ-

2090 2773 2269 2837 ιόντας
2340 2776 2467 2838 τοὺς
2524 2774 2925 2847 θεραπεύοντας
2976 2778 3320 2849 ἀνέχωνται,
3369 2782 3567 2854 πολλὴν
3602 2783 3746 2855 ίτὴν

2080 2862 2272 2918 ἐλπίδα
2296 2864 2397 2935 τῆς
2437 2864 2648 2933 ὑγιείας
2694 2865 2911 2936 έχουσιν
2941 2884 2955 2898 ⁸
3010 2869 3230 2922 ἐπειδὰν
3276 2870 3333 2923 δέ
3371 2873 3451 2935 είς
3501 2875 3745 2944 φρενῖτιν

2081 2950 2404 3016 ἐκπεσόντες
2449 2950 2769 3016 λακτίζωσι,
2800 2954 2894 3006 καὶ
2940 2952 3176 3008 δάκνωσι
3215 2958 3340 3020 τοὺς
3387 2956 3748 3030 βουλομένους

2080 3036 2388 3101 ἀπαλλάξαι
2417 3038 2516 3108 τῆς
2531 3038 2843 3110 ἀρρωστίας
2861 3038 3080 3104 αὐτοὺς,
3110 3041 3228 3094 τότε
3258 3043 3506 3098 νοσοῦσιν
3527 3046 3745 3109 ἀνίατα,

2080 3124 2140 3176 ού
2170 3122 2260 3176 διὰ
2297 3124 2394 3194 τὴν
2427 3125 2523 3195 τῆς
2548 3125 2703 3178 νόσου
2733 3127 2914 3194 φύσιν,
2944 3126 3080 3181 ἀλλά
3103 3128 3190 3182 διά
3224 3129 3323 3200 τήν
3370 3132 3606 3202 ἐρημίαν
3640 3133 3745 3186 τῶν

2081 3211 2388 3278 ἀπαλλάξαι
2410 3212 2724 3284 δυναμένων
2772 3213 2872 3283 τῆς
2925 3216 3120 3285 μανίας
3166 3217 3399 3282 αὐτούς’
3446 3221 3526 3282 εἰς
3557 3222 3624 3290 ἦν
3653 3224 3746 3275 καὶ

2079 3293 2233 3366 οὗτος
2262 3302 2450 3355 ἑαυτὸν
2473 3301 2706 3374 κατέστη
2716 3320 2775 3356 σε
2794 3320 2806 3334 ·
2827 3303 3004 3356 λαϐὼν
3030 3306 3137 3376 γάρ
3154 3305 3242 3358 τὸν
3262 3308 3463 3379 ἰατρὸν,
3482 3309 3745 3381 τέμνοντα

2081 3391 2161 3445 ἔτι
2190 3391 2248 3446 τὸ
2276 3392 2517 3464 τραῦμα,
2567 3392 2846 3463 ἀπήλασεν
2889 3394 3109 3458 εὐθέως,
3143 3396 3236 3449 καὶ
3277 3396 3353 3460 ὡς
3411 3400 3747 3470 πορρωτάτω

2082 3481 2179 3551 τῆς
2216 3482 2393 3544 οἰκίας
2433 3480 2708 3551 ἀπήγαγε.
2736 3483 2844 3535 Καὶ
2870 3478 2939 3553 ἦν
2964 3482 3023 3535 τὸ
3065 3483 3305 3554 Ἡρώδου
3336 3485 3521 3556 δρᾶμα
3550 3488 3747 3559 μηκέτι

2085 3569 2244 3641 μόνον
2287 3571 2422 3642 ἀκοῇ
2474 3569 2785 3640 μανθάνειν,
2833 3571 2967 3625 ἀλλὰ
2999 3573 3091 3625 καὶ
3135 3572 3290 3642 ὄψεσι
3339 3575 3475 3645 μετά
3505 3574 3750 3642 πλείονος

2081 3659 2178 3728 τῆς
2229 3658 2581 3730 περιπετείας
2628 3657 2888 3731 θεωρεῖνθ
2949 3659 3136 3731 ἐπειδὴ
3174 3660 3268 3714 καὶ
3317 3662 3454 3734 μετά
3505 3663 3748 3731 πλείονος

2084 3744 2215 3797 αὐτὸ
2256 3745 2354 3814 τῆς
2387 3744 2698 3808 ἐπιδείξεως
2731 3747 2823 3798 καὶ
2861 3749 3219 3818 παρασκευῆς
3248 3748 3276 3799 6
3314 3748 3559 3814 διάϐολος
3586 3752 3748 3805 πάλιν

2082 3834 2162 3895 είς
2199 3832 2259 3885 τὸ
2290 3832 2382 3885 τοῦ
2417 3832 2530 3902 βίου
2560 3832 2786 3903 θέατρον
2813 3835 3131 3904 εἰσήγαγεν,
3175 3835 3294 3888 ἀντὶ
3321 3837 3621 3909 τετράρχου
3647 3840 3747 3910 βα-

2083 3919 2232 3973 σιλέα
2249 3922 2597 3990 καταστήσας
2623 3921 2669 3983 ε,
2688 3919 2780 3972 καί
2800 3920 2918 3973 ἀντὶ
2938 3923 3065 3990 μιᾶς
3088 3921 3264 3985 αἰτίας
3280 3922 3472 3994 διπλῆν
3494 3924 3748 3981 ὑπόθεσιν

2081 4004 2158 4076 τῷ
2176 4004 2479 4077 ,πράγματι
2507 4005 2649 4068 δοὺς,
2676 4006 2771 4059 καὶ
2802 4006 2932 4060 πολὺ
2957 4007 3055 4077 τῆς
3085 4008 3358 4079 προτέρας
3378 4013 3745 4086 μιαρωτέραν,

2080 4093 2157 4156 ὡς
2180 4091 2255 4164 μὴ
2286 4091 2364 4163 τῷ
2390 4091 2608 4163 ἀριθμῷ
2640 4092 2819 4163 μόνον,
2857 4094 2990 4147 ἀλλὰ
3015 4096 3111 4148 καὶ
3160 4096 3297 4168 αὐτῇ
3329 4097 3438 4150 τῶν
3479 4100 3747 4172 πραγμά-

2080 4197 2185 4233 των
2215 4182 2279 4250 τῇ
2309 4178 2464 4247 φύσει
2501 4178 2883 4251 λαμπροτέραν
2928 4181 3132 4252 ταύτην
3157 4182 3410 4250 γενέσθαι
3438 4186 3537 4255 τὴν
3569 4205 3742 4259 τραγ-

2079 4266 2262 4337 ῳδίαν.
2316 4266 2389 4318 Ού
2429 4265 2539 4336 γάρ
2568 4265 2744 4336 γάμος
2760 4266 2992 4320 ἐνταῦθα
3033 4267 3283 4339 ὑϐρίζετο
3328 4271 3580 4344 καθάπερ
3607 4278 3763 4344 ἐκεῖ,⁴

2079 4352 2200 4404 οὐδὲ
2236 4352 2343 4405 ἀπὸ
2369 4352 2687 4425 παρανόμου
2714 4351 2936 4423 μίξεως,
2973 4354 3090 4407 ἀλλ’
3109 4355 3218 4408 ἀπὸ
3252 4356 3530 4428 μολυσμοῦ
3559 4361 3747 4415 παιδοο

2079 4437 2297 4499 κτονίας
2326 4436 2706 4508 ἐναγεστέρου,
2737 4436 2832 4491 καὶ
2859 4438 3176 4508 τυραννίδος
3211 4441 3615 4514 ἀπηνεστάτης,
3650 4448 3746 4501 καὶ

1998 4523 2011 4535 ⁸
2080 4518 2422 4589 παρανομίας
2450 4519 2549 4572 οὐκ
2582 4521 2662 4581 είς
2690 4521 2927 4587 γυναῖκα
2954 4521 3274 4593 γενομένης,
3319 4523 3434 4578 ἀλλ’
3469 4527 3550 4591 είς
3575 4527 3746 4601 αὐτὴν

2078 4605 2175 4676 τὴν
2203 4605 2501 4674 ἀγιστείαν,
2531 4605 2734 4677 ταύτην
2765 4608 2863 4678 τὴν
2900 4608 3140 4678 ἱστορίαν
3166 4608 3391 4676 ἐπλεξεν
3417 4614 3445 4666 ό
3486 4617 3740 4687 πονηρός.

2092 4693 2415 4766 Ἐμϐληθεὶς
2460 4693 2639 4748 τοίνυν
2678 4697 2755 4759 εἰς
2792 4695 2853 4748 τὸ
2883 4696 3257 4769 δεσμωτήριον
3291 4699 3321 4739 ιι
3364 4700 3413 4752 ό
3441 4702 3742 4776 μακάριος,

2079 4779 2267 4854 ἔχαιρε
2294 4781 2393 4852 μὲν
2421 4782 2515 4834 ἐπὶ
2544 4784 2657 4844 τοῖς
2681 4782 2922 4853 δεσμοῖς.
2948 4783 3103 4855 ήλγει
3137 4785 3194 4839 δὲ
3232 4787 3325 4840 ἐπὶ
3354 4789 3419 4858 τῇ
3454 4787 3606 4868 [555]
3649 4792 3744 4846 τοῦ

2079 4869 2346 4939 δήσαντος
2385 4868 2652 4939 ἀπωλείᾳ.
2687 4868 2825 4923 Οὔτε
2855 4870 2964 4944 γάρ
3008 4872 3191 4946 πατὴρ
3218 4873 3337 4926 ούδέ
3367 4876 3742 4949 παιδοτρίϐης,

2078 4956 2205 5009 ὅταν
2231 4956 2260 5008 6
2289 4955 2388 5025 μὲν
2417 4956 2481 5008 ἐκ
2508 4956 2609 5026 τῆς
2636 4955 2729 5009 τοῦ
2754 4956 2966 5023 παιδὸς,
2992 4961 3021 5013 6
3057 4958 3114 5012 δὲ
3142 4961 3205 5013 ἐκ
3247 4961 3345 5030 τῆς
3376 4960 3469 5014 τοῦ
3497 4964 3741 5036 μαθητοῦ

2081 5041 2385 5113 μοχθηρίας
2408 5043 2502 5095 καὶ
2534 5041 2876 5115 δυσπραγίας
2922 5044 3291 5117 λαμπρότεροι
3331 5047 3608 5116 γίνωνται,
3645 5071 3745 5108 κα-

2078 5126 2250 5200 θαρὰν
2271 5129 2510 5200 ἀθυμίας
2534 5131 2633 5201 τὴν
2660 5134 2723 5184 ἐκ
2749 5133 2846 5203 τῆς
2868 5133 3271 5205 εύδοκιμήσεως
3290 5135 3504 5206 ἔχουσιν
3524 5139 3739 5213 ἡδονήν.

2078 5216 2176 5270 Διὰ
2226 5214 2383 5270 τοῦτο
2411 5218 2502 5270 καὶ
2534 5219 2562 5270 6
2598 5219 2869 5289 μακάριος
2926 5219 3137 5284 Παῦλος
3183 5222 3492 5290 Κορινθίοις
3517 5226 3701 5298 ἔλεγεν
3725 5249 3738 5261 ο

2078 5304 2388 5372 Εὺχόμεθα
2436 5304 2504 5357 δὲ
2530 5304 2729 5374 μηδὲν
2759 5307 2949 5361 κακὸν
2980 5306 3224 5375 ποιῆσαι
3253 5309 3432 5379 ὑμᾶς,
3486 5317 3599 5383 οὐχ
3645 5318 3743 5373 ἵνα

2076 5386 2247 5454 ἡμεῖς
2303 5385 2533 5455 δόκιμοι
2578 5387 2881 5458 φανῶμεν,
2928 5391 3066 5444 ἀλλ’
3104 5391 3203 5444 ἵνα
3236 5393 3405 5462 ὑμεῖς
3445 5398 3512 5451 τὸ
3552 5400 3743 5454 καλὸν

2076 5472 2305 5542 ποιῆτε,
2344 5474 2518 5545 ἡμεῖς
2558 5474 2627 5529 δὲ
2653 5476 2735 5542 ὡς
2776 5475 3047 5546 ἀδόκιμοι
3075 5472 3252 5547 ὦμεν.
3294 5474 3473 5536 Οὗτοί
3488 5484 3619 5554 γοῦν
3650 5491 3743 5543 καὶ

2138 5659 2328 5736 f‘UnI‘Is
2357 5662 2477 5736 ,cod.
2524 5659 2867 5712 έπαπεδύσατο,
2907 5661 3011 5724 Οὐχ
3047 5660 3237 5710 ἵσταται
3264 5663 3316 5713 δὲ
3341 5664 3501 5729 μέχρις
3543 5667 3738 5726 ἐκείνης’

2072 5722 2195 5772 ἀλλά
2213 5722 2293 5770 καὶ
2319 5722 2416 5770 τόν.
2980 5722 3007 5724 ⁷⁷
3198 5780 3201 5781 ν
3342 5722 3351 5727 -
3684 5722 3717 5726 -τ

2145 5785 2164 5851 Ῐ
2185 5783 2283 5851 AJ“
2301 5782 2582 5851 ἐκϐάλωσι-⁸
2608 5783 2824 5851 ρίἦκυῖτίπ
2843 5781 3068 5851 ἀφόρητοι
3088 5783 3349 5851 γίνονταιη.
3374 5788 3734 5851 θεραπευόντων.

2145 5842 2179 5923 ﬂ
2199 5845 2352 5923 §aviL
2397 5851 2449 5893 et
2490 5842 2618 5893 unus;
2651 5842 2757 5894 éod.
2802 5847 2859 5894 ἄν
2886 5842 3190 5911 ’προσίωνται
3232 5850 3340 5905 τοὺς
3383 5842 3738 5913 θεραπεύοντας,

2067 5908 2262 5964 πολλήν.

2136 5971 2160 6009 ⁸
2183 5964 2276 6018 Alii
2302 5966 2682 6021 κατασκευάσας.

2135 6026 2159 6064 ι’
2185 6026 2284 6080 Alii
2308 6030 2354 6077 έν
2374 6030 2441 6094 τῴ
2476 6028 2806 6092 δεσμωτηρίῳ.
