3876 6286
207 394 314 457 549

209 517 327 566 erat
353 499 598 574 discipuli
628 504 798 572 salus,
835 515 994 574 quam
1023 499 1254 556 carceris
1290 511 1532 564 merces;
1562 495 1792 567 optatius

209 600 360 663 item,
390 605 448 654 ut
476 595 769 666 discipulus
798 595 1119 664 resipiscens
1143 591 1227 646 his
1262 606 1383 646 eum
1416 589 1660 645 laudibus
1689 589 1797 660 pri-

206 699 421 754 vasset;
450 691 558 742 imo
585 689 782 755 potius,
813 696 872 740 ut
901 698 1120 754 prorsus
1146 683 1201 738 in
1229 684 1366 736 hanc
1393 678 1794 750 perversitatem

209 782 394 850 lapsus
443 795 548 833 non
597 785 758 832 esset.
802 776 998 830 Nolunt
1035 774 1176 830 enim
1220 773 1388 827 sancti
1428 785 1654 826 coronas
1694 771 1792 825 sibi

211 874 352 928 necti
374 888 438 927 ex
467 871 654 925 alienis
680 868 1071 923 calamitatibus
1104 886 1117 921 :
1151 865 1289 936 quod
1317 864 1362 919 si
1388 864 1454 918 ab
1480 864 1668 918 alienis
1695 878 1794 916 110-

206 962 327 1022 lint.
355 962 527 1015 multo
549 975 678 1014 sane
699 959 872 1012 minus
893 974 926 1012 a
944 957 1361 1012 domesticorum
1387 955 1656 1009 aerumnis.
1685 953 1798 1020 Qua

211 1054 280 1108 de
302 1067 463 1108 causa
487 1053 674 1107 beatus
703 1049 867 1104 David
895 1060 1014 1119 post
1043 1059 1238 1117 trepasa
1271 1055 1326 1102 et
1354 1047 1628 1101 victoriam
1659 1047 1800 1117 luge-

211 1144 304 1200 bat
323 1154 377 1199 et
395 1144 808 1214 lacrymabatur,
831 1141 972 1213 quod
997 1157 1058 1197 ea
1079 1157 1200 1196 eum
1224 1140 1314 1195 lilii
1342 1141 1645 1195 calamitate
1667 1136 1798 1194 0011-

207 1237 394 1308 juncta
433 1244 577 1292 esset
608 1253 622 1291 :
654 1237 779 1306 quin
809 1245 864 1292 et
891 1236 1206 1291 exeuntibus
1244 1234 1467 1290 ducibtts
1507 1235 1668 1289 multa
1701 1251 1798 1304 pro

215 1330 426 1402 tyranni
449 1330 617 1384 salute
643 1328 1004 1398 praecipiebat,
1027 1337 1081 1383 et
1107 1343 1221 1395 eos,
1244 1328 1332 1397 qui
1357 1327 1529 1394 ipsunt
1555 1327 1800 1383 occidere

213 1421 538 1490 cupiebant,
568 1421 649 1474 his
678 1420 855 1474 verbis
879 1419 1159 1474 cohibebat
1193 1437 1206 1472 :
1239 1419 1444 1474 Parcite
1472 1437 1625 1489 puero
1647 1419 1801 1474 Abes-

213 1511 379 1566 salom
424 1510 498 1582 (2.
535 1511 662 1582 Reg.
693 1510 780 1566 18.
809 1509 864 1582 5)
896 1527 910 1563 :
937 1518 992 1565 et
1015 1519 1336 1578 prostratum
1361 1510 1591 1580 lugebat,
1619 1510 1799 1566 inimi-

213 1615 445 1670 cumque
483 1615 602 1654 cum
644 1599 929 1672 gemitibus
965 1610 1019 1654 et
1045 1600 1241 1654 amaris
1277 1599 1527 1670 lacrymis
1557 1601 1798 1672 compel.

215 1689 380 1745 labat.

259 1779 419 1835 Pater
428 1781 706 1851 spiritualis
717 1782 970 1835 amantior
985 1780 1316 1850 prolis,quam
1335 1781 1798 1850 carnalis.-—Quod

215 1871 259 1924 si
288 1871 546 1924 naturalis
574 1870 822 1941 paterita
861 1871 1028 1941 prolis
1053 1885 1239 1925 amans
1269 1881 1351 1926 est
1376 1913 1391 1938 ,
1437 1873 1603 1926 multo
1634 1873 1800 1942 magis

214 1962 505 2031 Spiritualis
539 1980 551 2015 :
580 1962 721 2032 quod
763 1963 904 2016 enim
945 1963 1240 2016 secundum
1268 1963 1514 2034 spiritum
1553 1973 1800 2032 parentes

213 2054 418 2122 prolem
442 2053 608 2122 magis
635 2062 841 2119 curent,
867 2069 1025 2123 quam
1053 2054 1086 2107 ii
1111 2054 1199 2122 qui
1221 2054 1514 2107 secundum
1545 2069 1790 2119 carnem,

213 2145 337 2200 audi
362 2147 579 2199 Paulum
603 2145 889 2211 dicentem,
923 2146 1047 2208 Quis
1071 2146 1380 2213 inﬁrmatur,
1408 2155 1452 2198 et
1480 2161 1570 2215 ego
1599 2161 1699 2198 non
1720 2145 1801 2198 in-

213 2237 432 2305 ﬁrmor?
449 2237 563 2307 quis
587 2237 984 2302 scandalizatur,
1015 2245 1063 2290 et
1088 2253 1178 2306 ego
1208 2251 1308 2290 non
1336 2253 1457 2290 uror
1482 2236 1558 2305 (‘2.
1584 2236 1794 2291 Con“.

211 2330 350 2399 29)?
375 2329 480 2384 Sed
525 2329 626 2383 hoc
664 2329 875 2399 quidem
917 2329 1273 2399 :equalitatem
1310 2329 1464 2383 nobis
1503 2344 1800 2396 repraesen-

213 2429 331 2473 tat:
365 2420 509 2490 atqni
543 2421 626 2473 vix
657 2429 834 2489 patres
862 2419 997 2474 hanc
1022 2435 1208 2474 vocem
1245 2420 1519 2484 emittant,
1552 2419 1647 2474 sed
1673 2435 1800 2475 con-

211 2512 434 2568 cedatur
479 2520 656 2567 tamen
711 2526 946 2582 eousque
990 2511 1110 2566 illos
1157 2511 1413 2566 accedere
1457 2528 1470 2562 :
1507 2510 1616 2580 jam
1658 2512 1798 2581 quod

213 2605 388 2671 majus
415 2612 496 2658 est
518 2604 773 2658 exhibere
792 2612 874 2658 est
900 2618 1054 2671 opus.
1081 2601 1362 2657 Undenam
1393 2601 1799 2657 exhibebimus?

213 2693 294 2748 Ex
325 2696 453 2764 ipsis
484 2696 678 2749 iterum
703 2695 1018 2761 visceribus,
1052 2702 1210 2764 atque
1237 2709 1301 2749 ex
1330 2694 1647 2764 legislatoris
1675 2710 1798 2749 ver-
1816 2735 1828 2746 .

213 2787 318 2841 bis.
344 2788 434 2842 ille
454 2803 582 2842 vero
611 2787 734 2858 quid
759 2786 934 2842 dicit?
962 2786 1022 2841 Si
1049 2787 1275 2840 remittas
1306 2787 1377 2840 eis
1407 2796 1685 2853 peccatum.
1714 2803 1798 2840 re-

212 2882 394 2945 mitte;
437 2882 515 2934 sin
569 2882 755 2945 minus,
807 2879 918 2934 dele
964 2897 1044 2934 me
1086 2880 1150 2934 de
1189 2880 1316 2934 libro
1363 2898 1508 2951 quem
1555 2881 1800 2943 scripsisti

213 2972 412 3042 (Exod.
443 2972 533 3027 52.
553 2973 642 3027 51.
671 2973 784 3043 52).
815 2972 1004 3026 Nullus
1035 2987 1162 3027 vero
1195 2982 1363 3040 pater,
1394 2975 1478 3028 cui
1506 2973 1800 3028 innumeris

212 3063 319 3116 frui
348 3065 502 3116 bonis
531 3063 760 3118 liberum
787 3063 889 3127 sit,
923 3077 1042 3116 cum
1071 3063 1250 3117 liberis
1280 3065 1594 3132 supplicium
1622 3064 1801 3120 subire

213 3154 446 3208 voluerit
468 3173 482 3208 :
503 3155 790 3224 Apostolus
817 3170 946 3209 vero
966 3196 981 3219 ,
1009 3163 1193 3224 utpote
1233 3155 1285 3209 in
1316 3157 1485 3224 gratia
1518 3165 1760 3211 versatus
1783 3199 1796 3221 ,

213 3254 495 3317 paternum
520 3247 821 3315 hujusmodi
845 3247 1112 3308 affectum,
1141 3257 1356 3316 propter
1377 3248 1666 3311 Christum,
1689 3265 1800 3304 ma-

214 3335 386 3406 jorem
407 3337 638 3392 exhibet.
669 3337 784 3392 Non
817 3338 958 3390 enim
985 3352 1103 3391 cum
1128 3338 1258 3406 ipsis
1284 3353 1468 3408 pmnas
1497 3340 1624 3395 dare
1656 3343 1800 3396 vole-

214 3430 308 3486 bat
332 3440 388 3484 nt
415 3430 533 3495 ille;
565 3431 657 3485 sed
681 3420 744 3484 ut
769 3431 857 3483 alii
881 3430 1106 3484 salutem
1137 3432 1391 3499 consequi
1420 3441 1658 3500 possent,
1689 3433 1802 3503 ipse

215 3525 321 3578 sibi
363 3523 657 3593 perniciem
685 3523 1002 3592 precabatur
1037 3522 1117 3575 his
1148 3523 1323 3576 verbis
1352 3541 1364 3575 :
1398 3524 1647 3593 Optabam
1672 3542 1800 3578 ana-

217 3620 391 3669 thema
417 3631 524 3669 esse
561 3631 592 3666 a
623 3613 821 3668 Christo
846 3629 936 3683 pro
959 3615 1202 3685 fratribus
1233 3616 1354 3667 meis
1377 3657 1390 3679 ,
1423 3618 1648 3686 cognatis
1682 3619 1803 3671 meis

215 3708 496 3762 secundum
538 3724 738 3761 carnem
768 3705 942 3778 (Rom.
987 3707 1037 3761 9.
1076 3705 1151 3776 '5).
1198 3706 1364 3761 Tanta
1398 3709 1756 3764 misericordia
1784 3751 1799 3774 ,

216 3809 400 3854 tamus
441 3799 665 3854 aﬂ'ectus
703 3814 868 3868 penes
901 3807 1116 3852 sanctos
1151 3808 1251 3853 est.
1293 3799 1469 3866 Quare
1508 3809 1561 3854 et
1591 3801 1802 3872 Bahylae

214 3893 422 3946 viscera
451 3893 618 3962 magis
641 3892 1114 3954 excruciabantur,
1147 3892 1286 3962 quod
1317 3893 1656 3962 Imperatoris
1686 3894 1800 3948 exi-

218 3983 350 4037 tium
379 3983 512 4036 ultra
537 3998 750 4053 semper
775 3983 974 4038 intendi
999 3991 1261 4037 cerneret.
1290 3982 1472 4050 Neque
1491 3984 1632 4036 enim
1667 3992 1802 4037 tem-

218 4075 291 4144 pli
319 4075 490 4130 solum
518 4089 674 4128 causa
701 4075 890 4128 dolens
918 4074 1034 4127 111110
1057 4072 1276 4141 agebat;
1309 4071 1402 4127 sed
1430 4073 1587 4126 etiam
1612 4073 1803 4127 aﬁ‘ectu

217 4184 344 4239 erga
384 4164 757 4237 Imperatorem
787 4169 1052 4222 inductus.
1083 4165 1214 4220 Nam
1245 4165 1336 4236 qui
1372 4164 1606 4219 divinum
1652 4167 1806 4220 mini-

216 4262 442 4316 sterium
477 4261 792 4315 contumelia
816 4259 997 4323 aflicit,
1027 4259 1198 4328 ipsum
1227 4256 1442 4328 quidem
1473 4256 1604 4311 nihil
1627 4257 1802 4325 ltedit,

216 4354 458 4422 seipsnm
489 4367 618 4406 vero
645 4351 939 4406 innumeris
965 4350 1250 4417 complicat
1277 4348 1451 4403 malis.

293 4447 318 4499 1
337 4442 614 4513 LBabylas
631 4443 976 4506 obtruncatur;
992 4439 1134 4511 jubet
1144 4450 1344 4494 catenas
1364 4455 1478 4492 cum
1489 4454 1696 4509 corpore
1714 4455 1806 4492 suo

226 4535 467 4608 sepeliri:
504 4535 829 4604 reliquiarum
856 4534 1038 4586 cultus.
1071 4561 1141 4572 —
1164 4531 1500 4600 Quapropter
1543 4540 1691 4599 pater
1719 4532 1808 4585 ille

223 4630 394 4701 prolis
415 4643 618 4690 amans,
638 4625 1082 4681 contumeliosum
1107 4625 1250 4678 illum
1284 4625 1472 4678 iratum
1504 4639 1596 4691 per
1619 4624 1806 4692 praeci-

225 4723 353 4792 pitia
392 4722 518 4777 ferri
543 4735 787 4785 cernens,
822 4719 1032 4773 brutum
1078 4718 1332 4787 impetum
1372 4731 1621 4771 coercere
1663 4731 1808 4770 cura-

223 4815 338 4876 bat,
370 4829 468 4866 ceu
493 4811 776 4882 quemdam
809 4810 1060 4865 efl'renem
1083 4825 1275 4878 equum
1305 4825 1332 4860 a
1363 4824 1510 4876 tergo
1536 4808 1808 4862 deterrere

223 4905 594 4972 satagens.At
624 4918 728 4956 non
775 4901 1025 4956 sustinuit
1064 4901 1242 4955 infelix
1291 4901 1412 4963 ille,
1460 4900 1552 4954 sed
1599 4899 1808 4954 frenum

223 4998 516 5060 mordens,
559 5004 614 5051 ct
643 4995 906 5050 obsistens
928 5036 942 5059 ,
977 5009 1202 5063 seseque
1255 4993 1418 5047 furori
1465 5002 1519 5048 et
1555 4994 1807 5058 insaniae,

224 5089 394 5142 misso
417 5095 581 5141 recta:
611 5085 834 5140 rationis
856 5084 1056 5154 judicio
1076 5126 1090 5150 ,
1115 5083 1339 5147 dedens,
1366 5083 1415 5136 in
1442 5083 1690 5138 harathra
1715 5098 1810 5136 ex-

231 5196 423 5234 tremae
453 5179 708 5250 perniciei
738 5193 857 5232 sese
886 5177 1134 5245 conjecit,
1166 5185 1518 5243 sanctumque
1547 5190 1577 5228 e
1601 5189 1812 5230 carcere

225 5273 518 5333 eductum,
548 5269 613 5324 ad
643 5268 843 5322 caedem
892 5269 1125 5320 vinctum
1171 5265 1330 5335 jussit
1376 5263 1586 5318 abduci.
1642 5265 1812 5334 Atque

225 5364 316 5418 hic
345 5378 428 5426 ea,
461 5377 577 5431 qua:
605 5361 960 5415 cernebantur
987 5401 1002 5425 ,
1050 5358 1114 5412 iis
1158 5374 1278 5428 qua:
1320 5356 1513 5413 fiebant
1550 5358 1813 5414 contraria

227 5464 404 5510 erant.
436 5454 528 5508 Ille
556 5453 767 5524 quidem
796 5453 1004 5506 vinctus
1033 5450 1279 5505 omnibus
1304 5450 1457 5504 simul
1486 5451 1710 5505 vinculis
1731 5466 1817 5505 so—

229 5549 374 5602 lutus
400 5553 515 5600 erat
540 5587 556 5611 ,
597 5555 704 5600 tam
731 5545 940 5611 ferreis,
969 5558 1125 5613 quam
1162 5542 1279 5598 aliis
1327 5543 1684 5613 gravioribus,
1712 5544 1816 5598 sol-

229 5639 594 5696 licitudinibus
621 5639 822 5693 scilicet
851 5647 1010 5707 atque
1035 5635 1307 5690 laboribus
1330 5675 1344 5700 ,
1387 5636 1611 5706 aliisque
1641 5637 1816 5690 omni-

230 5733 355 5796 bus,
378 5746 498 5800 qua!
528 5743 628 5784 nos
646 5729 696 5782 in
727 5729 825 5781 hac
855 5728 1062 5782 mortali
1091 5727 1194 5780 vita
1226 5727 1659 5790 circumsistunt;
1693 5741 1819 5781 con-

234 5833 314 5878 tra
365 5823 453 5893 qui
497 5821 704 5876 solutus
733 5821 893 5876 ’ferro
942 5831 993 5876 et
1045 5821 1324 5874 adamante
1354 5818 1630 5874 videbatur
1658 5859 1675 5886 ,
1703 5819 1822 5874 aliis

1031 384 1114 442 DE
1151 385 1207 442 S.
1243 383 1532 451 BABYLA,
1572 381 1843 438 CONTRA
1887 380 2220 438 ilil.l.\NUM
2264 382 2356 437 ET
2389 381 2741 440 CENTILES.

3380 365 3499 420 550

1910 495 2066 566 longe
2107 497 2438 566 gravioribus
2482 498 2711 554 vinculis
2751 501 3072 554 constrictus
3109 510 3258 568 erat,
3285 503 3496 557 catenis.

1905 596 2243 656 peccatorum
2272 588 2496 644 vinctus.
2525 588 2668 644 Credi
2717 590 2984 659 proximus
3031 593 3110 646 vir
3155 591 3340 648 beatus
3365 608 3485 648 cum

1905 677 2048 732 ferro
2069 693 2264 746 corpus
2293 693 2446 733 suum
2477 679 2690 747 sepeliri
2717 670 3231 746 mandavit,'docens
3251 699 3336 751 ea,
3369 701 3488 754 qua:

1909 767 2254 837 ignominiosa
2280 769 2558 835 videntur,
2587 785 2707 824 cum
2752 781 2969 841 propter
3009 771 3275 828 Christum
3323 775 3483 838 fiunt,

1911 858 2202 913 honorifica
2243 868 2298 914 et
2350 860 2623 930 splendida
2658 876 2777 917 esse
2801 903 2814 927 ,
2846 863 3239 934 patientemque
3294 866 3485 920 nedum

1905 948 2183 1018 pudorem,
2211 948 2335 1004 hinc
2359 951 2582 1020 gloriam
2615 962 2928 1022 reportare:
2957 955 3054 1008 hac
3090 955 3213 1009 item
3253 955 3306 1008 in
3339 966 3486 1026 parte

1907 1040 2118 1094 beatum
2159 1041 2377 1096 Paulum
2416 1041 2671 1108 imitatus,
2695 1046 2783 1114 qui
2814 1043 2950 1098 ultro
2967 1044 3205 1114 citroque
3221 1047 3485 1116 stigmata,

1905 1130 2118 1185 vincula
2147 1172 2162 1198 ,
2211 1141 2453 1187 catenam
2487 1134 2769 1201 versabat,
2797 1135 3177 1205 gloriabundus
3221 1138 3486 1213 altumque

1904 1224 2115 1293 sapiens
2147 1227 2199 1278 in
2238 1225 2321 1292 iis,
2351 1241 2574 1296 quorum
2602 1227 2736 1281 alios
2768 1228 3004 1296 puderet.
3040 1230 3188 1299 Quod
3224 1242 3400 1287 autem
3430 1250 3491 1287 a-

1905 1317 2005 1372 lios
2038 1318 2298 1387 puderet,
2355 1321 2526 1390 palam
2582 1321 2736 1374 nobis
2777 1322 2898 1377 fecit
2939 1339 2998 1376 ea
3026 1324 3358 1392 defensione,
3388 1343 3486 1397 qua

1904 1411 2042 1479 apud
2071 1411 2360 1482 Agrippam
2388 1429 2516 1468 usus
2555 1423 2656 1469 est.
2705 1413 2802 1468 lllo
2843 1431 3072 1486 namque
3118 1417 3366 1484 dicente,
3421 1419 3489 1473 In

1908 1505 2105 1558 modico
2155 1506 2336 1560 suades
2380 1523 2460 1561 me
2489 1506 2834 1564 Christianum
2870 1510 2984 1578 ﬁeri
3012 1552 3028 1575 ,
3082 1511 3273 1566 Paulus
3315 1512 3486 1578 dixit,

1909 1594 2043 1666 Opto
2064 1597 2203 1666 apud
2224 1595 2388 1650 Deum
2412 1607 2460 1651 et
2483 1599 2535 1652 in
2555 1599 2751 1654 modico
2775 1611 2821 1656 et
2847 1602 2900 1655 in
2928 1619 3134 1673 magno,
3171 1620 3269 1656 non
3294 1612 3488 1657 tantum

1906 1696 1970 1753 te,
2003 1689 2093 1742 sed
2137 1690 2285 1743 etiam
2323 1707 2406 1745 eos
2453 1692 2538 1760 qui
2570 1692 2756 1747 adsunt
2785 1711 2956 1748 omnes
3005 1697 3116 1763 ﬁeri
3157 1695 3485 1763 Christianos,

1905 1781 2122 1849 exceptis
2161 1781 2372 1836 vinculis
2395 1783 2472 1835 Itis
2495 1782 2646 1855 (Act.
2679 1784 2768 1839 26.
2801 1784 2889 1840 28.
2921 1785 3050 1856 99);
3092 1787 3230 1856 quod
3261 1804 3364 1842 non
3388 1788 3486 1843 ad-

1903 1870 2144 1939 jecisset,
2194 1873 2296 1926 nisi
2335 1873 2388 1928 id
2427 1875 2836 1943 ignominiosum
2881 1878 3060 1931 multis
3086 1876 3254 1932 visum
3285 1879 3484 1936 inisset.

1917 1961 2104 2018 Sancti
2134 1963 2277 2017 enim
2308 1963 2590 2019 Dominum
2641 1975 2880 2024 amantes
2903 2009 2918 2033 ,
2950 1983 3211 2023 aerumnas
3254 1985 3351 2040 pro
3397 1971 3490 2025 illo

1906 2066 2096 2122 magna
2125 2067 2246 2106 cum
2274 2053 2547 2109 alacritate
2589 2055 2950 2124 suscipiebant
2984 2099 2998 2123 ,
3033 2073 3125 2124 per
3152 2073 3284 2128 quas
3327 2061 3486 2116 etiam

1904 2143 2135 2197 laetiores
2177 2145 2492 2199 evadebant.
2550 2146 2702 2201 Unde
2735 2147 2819 2201 hic
2864 2149 3076 2218 quidem
3137 2151 3242 2216 ait,
3277 2149 3485 2221 Gaudeo

1903 2234 1956 2286 in
1989 2235 2335 2305 aﬂlictiom'bus
2371 2237 2493 2292 meis
2522 2237 2540 2308 ί
2568 2237 2678 2291 Col.
2709 2239 2760 2292 1.
2789 2239 2860 2293 24
2882 2239 2936 2309 );
2964 2240 3134 2294 Lucas
3159 2256 3287 2295 vero
3312 2241 3384 2296 de‘
3403 2259 3490 2298 re-

1903 2329 2047 2398 liquo
2128 2331 2486 2399 apostolorum
2563 2341 2703 2386 centu
2770 2332 2954 2386 eadem
3019 2333 3130 2403 ipsa
3197 2333 3486 2404 loquitur:

1903 2435 2024 2474 nam
2053 2430 2171 2490 post
2197 2423 2359 2476 multa
2388 2422 2589 2492 flagella
2611 2423 3154 2494 recedebant,inquit,
3177 2427 3486 2495 gaudentes,

1903 2514 2154 2583 quoniam
2185 2513 2329 2583 digni
2359 2515 2522 2569 habiti
2551 2524 2733 2570 essent
2759 2531 2854 2584 pro
2881 2517 3099 2571 nomine
3129 2516 3326 2572 Christi
3355 2534 3486 2574 con-

1905 2607 2172 2662 tumeliam
2203 2609 2308 2678 pati
2340 2607 2360 2678 (
2393 2609 2505 2662 Act.
2535 2608 2588 2664 5.
2619 2609 2680 2662 4i
2718 2608 2761 2678 ).
2794 2608 2868 2662 Ne
2897 2609 3016 2678 quis
3052 2625 3180 2680 ergo
3205 2610 3481 2678 gentilium

1904 2709 2134 2768 putaret,
2158 2703 2451 2756 certamina
2483 2717 2577 2772 per
2598 2703 2702 2756 vim
2727 2717 2787 2755 ae
2812 2702 3179 2758 necessitatem
3202 2703 3483 2769 committi,

1903 2795 2018 2861 ipsa
2061 2793 2412 2847 certaminum
2466 2793 2705 2866 symbola
2744 2809 2862 2846 eum
2904 2809 3127 2863 corpore
3156 2809 3253 2849 suo
3276 2794 3487 2864 sepeliri

1901 2883 2080 2954 jussit,
2114 2885 2408 2940 ostendens
2432 2900 2492 2939 ea
2531 2885 2630 2939 sibi
2660 2884 2944 2940 admodum
2983 2895 3131 2962 grata
3163 2895 3217 2941 et
3242 2885 3486 2941 amabilia

1904 2989 2047 3042 esse,
2075 2975 2216 3045 quod
2266 2984 2411 3030 totus
2441 2975 2700 3046 penderet
2733 2991 2761 3029 a
2811 2977 3031 3036 caritate
3060 2977 3276 3033 Christi.
3313 2977 3380 3031 Et
3408 2978 3488 3047 ja-

1903 3076 2030 3122 cent
2073 3070 2234 3122 etiam
2277 3084 2416 3124 nunc
2439 3084 2560 3122 cum
2611 3071 2878 3123 cineribus
2915 3071 3201 3140 cornipedes
3225 3112 3239 3135 ,
3291 3081 3346 3124 nt
3376 3087 3487 3124 mo-

1905 3169 2066 3214 neant
2094 3175 2282 3214 omnes
2334 3159 2696 3214 Ecclesiarum
2752 3159 3031 3232 praefectos
3060 3201 3075 3226 ,
3106 3161 3204 3214 etsi
3232 3161 3437 3214 vincula
3469 3203 3484 3228 ,

1904 3250 2105 3304 caedem
2135 3258 2189 3304 et
2226 3251 2482 3320 qmclibet
2508 3250 2609 3304 alia
2637 3250 2748 3319 pati
2771 3259 3014 3319 oporteat
3043 3291 3058 3316 ,
3090 3250 3265 3304 omnia
3297 3250 3486 3305 alacri-

1907 3350 1988 3395 ter
2011 3356 2074 3396 ac
2102 3357 2222 3395 cum
2255 3343 2526 3411 voluptate
2566 3341 2728 3399 multa
2779 3341 3083 3396 sustinenda
3125 3357 3243 3396 esse
3274 3384 3288 3406 ,
3332 3343 3402 3396 ita
3433 3352 3487 3398 ut
3577 3359 3592 3368 "

1907 3434 2270 3488 concreditum
2313 3435 2466 3488 nobis
2496 3435 2804 3491 libertatem
2844 3449 2912 3488 ne
2961 3434 3236 3488 minimum
3270 3436 3482 3505 quidem

1908 3525 2192 3593 prodamus
2219 3533 2306 3579 aut
2337 3524 2740 3580 dedecoremus.
2766 3524 2832 3578 Et
2856 3525 3065 3594 quidem
3092 3525 3178 3580 ille
3195 3526 3276 3579 vir
3303 3526 3489 3582 beatus

1907 3616 1976 3669 ita
1997 3615 2274 3685 splendide
2299 3617 2459 3670 vitam
2490 3617 2698 3670 clausit.
2736 3616 2891 3670 Putat
2937 3615 3072 3671 forte
3105 3618 3365 3688 quispiam
3391 3635 3489 3676 nos

1909 3707 1991 3760 his
2021 3706 2208 3761 orandi
2249 3709 2405 3761 linem
2453 3707 2684 3761 facturos
2715 3721 2855 3772 eSSe,
2885 3722 3002 3761 cum
3032 3718 3151 3777 post
3178 3709 3299 3761 vitae
3329 3709 3487 3764 linem

1909 3797 2050 3850 nulla
2074 3797 2144 3850 sit
2173 3797 2370 3866 reliqua
2391 3797 2598 3851 virtutis
2627 3813 2956 3868 operumque
2983 3798 3213 3864 occasio,
3234 3800 3487 3868 quemad-

1909 3887 2123 3940 modum
2153 3901 2250 3940 nec
2277 3886 2493 3942 athletis
2535 3896 2722 3942 exacto
2752 3888 3102 3942 certaminum
3139 3898 3378 3959 tempore
3395 3907 3490 3945 co-

1907 3992 2068 4032 ronas
2097 3988 2310 4032 nectere
2341 3978 2479 4031 licet.
2527 3978 2718 4031 Verum
2779 3978 2828 4031 id
2859 3979 3084 4047 gentiles
3129 3979 3341 4052 quidem
3383 3997 3488 4037 non

1909 4067 2006 4120 abs
2031 4083 2088 4120 re
2121 4067 2476 4130 arbitrantur,
2505 4065 2626 4136 quia
2672 4081 2821 4135 spem
2853 4082 3002 4120 suam
3053 4068 3123 4121 illi
3173 4069 3309 4124 intra
3333 4069 3492 4140 hujus

1912 4159 2032 4212 vita:
2061 4159 2317 4212 terminos
2359 4158 2690 4212 incluserunt
2726 4177 2738 4212 :
2770 4174 2867 4213 nos
2901 4175 3030 4214 vero
3060 4202 3073 4224 ,
3103 4161 3294 4231 quibus
3317 4164 3492 4224 obitus

1911 4251 2131 4305 alterius
2181 4250 2589 4320 illustriorisque
2627 4251 2748 4304 vitm
2780 4250 2985 4305 initium
3014 4262 3118 4318 est,
3154 4254 3221 4308 ab
3249 4254 3348 4310 hac
3379 4257 3492 4330 api-

1911 4343 2073 4398 nione
2099 4351 2258 4410 atque
2299 4344 2561 4398 sententia
2598 4343 2753 4413 longe
2796 4343 3094 4410 absumus;
3124 4348 3263 4416 quod
3311 4359 3489 4405 autem

1912 4436 1963 4491 id
1990 4436 2109 4505 jure
2150 4451 2212 4490 ac
2257 4438 2472 4501 merito,
2503 4437 2553 4491 in
2582 4438 2682 4490 alia
2719 4439 2960 4492 oratione
3009 4439 3319 4508 probabitur
3355 4458 3370 4496 :
3405 4444 3482 4497 in-

1913 4528 2064 4581 terim
2115 4541 2244 4581 vero
2293 4543 2353 4580 ea
2385 4569 2399 4593 ,
2451 4543 2568 4596 qua:
2614 4536 2733 4598 post
2763 4536 2987 4582 mortem
3033 4545 3061 4583 a
3100 4545 3362 4600 generoso
3402 4533 3494 4586 illo

1913 4617 2110 4688 Babyla
2166 4619 2422 4688 prazclarc
2453 4627 2601 4687 gesta
2653 4629 2812 4681 sunt,
2844 4635 3091 4690 magnam
3137 4621 3284 4675 verbi
3338 4623 3494 4677 fidem

1915 4718 2172 4779 praastare
2240 4720 2481 4778 possunt.
2535 4710 2664 4777 Quia
2728 4711 2869 4764 enim
2914 4727 3084 4781 usque
3140 4713 3205 4767 ad
3269 4724 3494 4770 mortem

1914 4819 2010 4872 pro
2041 4803 2263 4856 veritate
2304 4804 2573 4866 certavit,
2622 4813 2676 4857 et
2717 4818 2883 4873 ttSque
2931 4804 2996 4858 ad
3048 4807 3357 4876 sanguinem
3407 4825 3495 4862 re-

1914 4895 2047 4949 stitit
2095 4904 2278 4947 contra
2326 4903 2596 4962 peccatum
2645 4894 2988 4965 depugnans,
3027 4906 3080 4950 et
3130 4907 3185 4950 ut
3232 4897 3489 4963 ordinem,

1915 5003 2072 5057 quem
2091 4991 2187 5059 ipsi
2211 4988 2556 5043 constituerat
2577 4987 2685 5042 Rex
2704 4988 2792 5042 ille
2815 5005 3054 5058 magnus,
3079 5006 3182 5042 non
3202 4990 3492 5050 desereret.

1916 5081 2144 5136 animam
2178 5082 2344 5149 ipsam
2372 5079 2638 5149 deposuit,
2671 5082 2921 5151 omnique
2947 5081 3142 5134 athleta
3172 5081 3500 5151 splendidius

1917 5174 2163 5229 occubuit
2193 5192 2206 5228 :
2237 5173 2382 5227 illum
2410 5172 2621 5242 quidem
2653 5172 2902 5242 deinceps
2922 5174 3108 5228 caelum
3139 5173 3339 5241 habuit,
3375 5188 3498 5228 cor-

1921 5283 2018 5336 pus
2070 5272 2270 5329 autem,
2303 5265 2442 5335 quod
2496 5265 2560 5319 ad
2592 5275 2863 5320 certamen
2913 5266 3331 5330 ministraverat,
3361 5275 3500 5321 terra

1920 5367 2164 5427 occupat,
2195 5358 2262 5411 ita
2287 5367 2344 5410 ut
2374 5368 2620 5412 creatura
2646 5356 2900 5411 athletam
2929 5356 3185 5412 diviserit.
3223 5359 3380 5428 Atqui
3411 5377 3501 5430 po.

1923 5461 2058 5506 terat
2083 5451 2172 5507 ille
2187 5459 2241 5505 et
2269 5450 2543 5505 transferri
2569 5459 2624 5505 ut
2652 5450 2856 5516 Enoch,
2890 5459 2942 5504 et
2963 5450 3074 5518 rapi
3101 5461 3157 5504 ttt
3187 5450 3384 5517 Helias,
3411 5457 3499 5524 qui

1923 5543 2198 5612 utriusque
2223 5541 2501 5596 aemulator
2527 5540 2698 5595 fuerat
2723 5558 2736 5594 :
2765 5550 2819 5594 at
2850 5541 2990 5594 Deus
3017 5540 3102 5596 ille
3129 5543 3385 5608 clemens,
3415 5547 3501 5614 qui

1926 5634 2158 5688 infinitas
2179 5634 2333 5688 nobis
2350 5633 2534 5687 salutis
2549 5631 2860 5686 occasiones
2881 5631 3123 5698 contulit,
3148 5632 3283 5688 hanc
3296 5650 3501 5705 quoque

1927 5727 2078 5781 nobis
2104 5740 2221 5780 cum
2255 5725 2372 5780 aliis
2406 5722 2613 5793 aperuit
2645 5737 2809 5790 vtam,
2857 5738 2974 5793 quae
3003 5738 3100 5778 nos
3124 5729 3291 5794 possit
3318 5729 3379 5780 ad
3405 5729 3500 5780 vir.

1930 5827 2095 5873 tutcm
2127 5831 2368 5882 evocare,
2402 5803 2704 5870 sanctorum
2729 5811 2976 5888 reliquias
2998 5815 3134 5888 apud
3170 5833 3266 5873 nos
3292 5817 3503 5874 interim
