3884 6294
409 348 503 405 55!

411 467 744 536 relinquens.
770 457 904 516 Nam
948 462 1069 526 post
1099 448 1362 506 sermonis
1401 445 1652 536 virtutem
1703 435 1997 536 secundum

412 529 595 615 tenent
623 552 865 611 ordinem
893 556 1195 603 sanctorum
1249 538 1515 611 sepulcra,
1567 534 1635 590 ad
1662 534 1868 588 animos
1918 529 1999 586 in-

412 648 672 704 tuentium
712 642 985 697 hominum
1017 636 1083 690 ad
1128 633 1476 689 imitationem
1504 623 1875 683 concitandos.
1922 623 2001 677 Ac

409 739 578 796 sicubi
599 736 718 807 quis
738 729 995 804 ejusmodi
1025 740 1198 797 capsa)
1225 723 1420 788 adstet,
1453 719 1631 775 statim
1677 716 1794 787 ejus
1822 714 2002 807 efﬁca-

413 831 549 884 ciam
579 805 738 882 sensu
769 820 1012 894 percipit.
1045 816 1253 873 Etenim
1284 827 1456 881 capsa:
1484 816 1734 880 aspectus
1762 805 1999 860 animum

411 934 698 989 occupans,
735 916 910 985 ipsum
953 909 1195 984 percellit
1218 918 1271 963 et
1297 907 1515 968 exeimt,
1547 910 1707 973 atque
1745 900 1893 955 illum
1921 898 2002 953 sic

408 1013 592 1077 afticit,
618 1025 682 1066 ac
708 1009 753 1064 si
786 1008 873 1063 ille
900 1005 989 1077 qui
1035 1005 1179 1071 jacet
1217 998 1374 1055 simul
1410 1003 1737 1068 precaretur,
1765 991 1996 1057 adesset,

410 1103 696 1159 videretur.
732 1099 868 1154 llinc
896 1094 1171 1151 alacritate
1205 1091 1391 1163 plenus
1412 1088 1523 1153 ille,
1552 1086 1640 1158 qui
1673 1085 1752 1140 sic
1777 1082 2000 1138 allectus

380 1204 530 1260 -est,
578 1195 632 1249 in
687 1192 1026 1258 alterumque
1072 1186 1246 1239 virum
1300 1189 1534 1237 mutatus
1563 1221 1578 1247 ,
1632 1179 1703 1233 ita
1753 1174 1997 1233 discedit.

410 1289 583 1345 Probe
609 1297 787 1342 autem
815 1283 1207 1340 animadvertet
1251 1278 1620 1334 defunctorum
1668 1272 2000 1345 phantasiam

411 1396 479 1437 ex
509 1380 641 1452 ipsis
683 1378 819 1434 locis
862 1377 916 1432 in
946 1374 1240 1431 viventium
1286 1371 1478 1426 animis
1516 1368 1736 1426 excitari
1768 1408 1782 1434 ,
1812 1367 1856 1422 si
1883 1364 2003 1435 quis

414 1471 630 1541 cogitet,
654 1466 926 1539 quomodo
954 1466 987 1519 ii
1029 1464 1119 1535 qui
1156 1461 1370 1532 lugendi
1404 1475 1562 1517 causa
1596 1458 1856 1524 veniunt,
1888 1466 2001 1511 sta-

418 1563 512 1616 tim
539 1570 699 1629 atque
726 1557 792 1612 ad
839 1556 1082 1629 sepulcra
1127 1561 1502 1617 accesserunt,
1533 1565 1596 1606 ac
1624 1550 1671 1604 si
1712 1549 1827 1605 vice
1856 1563 2004 1603 urna:

415 1665 512 1705 eos
541 1649 629 1719 qui
665 1648 717 1701 in
747 1661 880 1700 urna
900 1650 1080 1715 jaccnt
1100 1651 1303 1698 stantes
1331 1642 1592 1707 viderent,
1626 1641 1702 1695 sic
1729 1639 1851 1693 illos
1883 1652 1911 1691 e
1942 1637 2005 1691 li-

414 1742 559 1797 mine
585 1741 760 1795 statim
783 1737 1126 1809 compellent.
1156 1730 1793 1800 Multivcro,intolerabili
1826 1728 2003 1785 affecu

413 1834 632 1901 dolore,
662 1847 828 1903 prope
849 1831 1091 1901 sepulcra
1144 1836 1475 1883 mortuorum
1528 1823 1856 1881 domicilium
1902 1821 2005 1876 sibi

414 1939 646 1995 perenne
666 1922 1058 1978 constituerunt
1082 1961 1098 1988 ,
1128 1920 1181 1975 id
1205 1932 1537 1990 nequaquam
1561 1914 1782 1982 facturi,
1810 1913 1915 1969 nisi
1939 1928 2023 1968 ext

414 2019 516 2074 loci
559 2026 853 2088 conspectu
889 2014 1158 2086 quidpiam
1209 2010 1593 2068 consolationis
1618 2008 2003 2079 percepissent.

295 2114 308 2123 ‘
388 2109 617 2181 .Ecquid
646 2098 712 2165 de
739 2110 858 2164 loco
882 2116 937 2165 et
966 2107 1215 2178 sepulcro
1243 2101 1474 2176 loquor?
1499 2117 1620 2159 cum
1648 2101 1815 2158 vestis
1862 2114 2007 2169 saepe

420 2203 532 2257 sola
575 2211 906 2258 mortuorum
931 2200 1067 2266 visa,
1100 2207 1193 2254 aut
1233 2197 1451 2254 verbum
1470 2211 1632 2252 unum
1661 2202 1842 2251 mente
1863 2207 2010 2263 repe-

416 2295 590 2357 titum,
620 2296 856 2349 animum
884 2291 1153 2359 excitarit,
1183 2300 1237 2346 et
1265 2289 1534 2346 labentem
1571 2287 1886 2345 memoriam
1919 2300 2007 2339 re-

416 2384 642 2439 duxerit.
669 2383 794 2439 Ideo
841 2383 1094 2455 reliquias
1121 2389 1424 2436 sanctorum
1446 2380 1599 2434 nobis
1614 2378 1756 2434 Deus
1781 2377 2006 2432 dimisit.

489 2476 577 2529 12.
601 2475 708 2531 SS.
729 2474 1013 2546 Martyrum
1033 2472 1453 2528 miracula.-—Me
1467 2482 1643 2527 autem
1660 2485 1762 2525 non
1782 2469 1895 2524 hac
1909 2469 2010 2524 fru-

417 2575 524 2621 stra
548 2565 793 2636 jactitare
815 2609 828 2631 ,
857 2565 949 2621 sed
970 2565 1037 2619 ad
1066 2565 1346 2619 utilitatem
1378 2571 1613 2617 nostram
1636 2562 1714 2619 ita
1738 2561 2006 2632 provisum

418 2672 539 2714 esse
561 2656 782 2724 ,_fidem
816 2655 993 2712 facere
1025 2663 1249 2726 possunt
1277 2653 1530 2709 miracula
1557 2695 1573 2720 ,
1600 2667 1719 2723 quae
1751 2668 1782 2706 a
1811 2651 2010 2706 sanctis

376 2804 383 2808 .
418 2750 655 2821 quotidie
692 2748 1015 2821 martyribus
1057 2747 1289 2802 eduntur
1319 2787 1334 2811 ,
1363 2756 1573 2801 necnon
1614 2742 1898 2800 multitudo
1938 2743 2010 2797 ita

418 2840 852 2897 concurrentium
883 2840 1141 2906 virorum,
1170 2852 1268 2893 nec
1292 2836 1467 2892 minus
1496 2880 1509 2903 ,
1534 2851 1692 2906 quam
1722 2835 1809 2890 illa
1830 2876 1845 2901 ,
1869 2833 2010 2890 beati

421 2932 580 3003 hujus
606 2931 706 2988 viri
737 2932 897 2987 etiam
944 2939 1065 3001 post
1100 2929 1302 2985 obitum
1354 2929 1608 2999 przeclara
1651 2937 1821 2999 gesta.
1853 2926 2009 2982 Post-

419 3039 578 3094 quam
609 3023 751 3078 enim
779 3022 846 3078 ita
877 3031 933 3077 ut
971 3021 1314 3078 mandaverat
1345 3021 1585 3090 sepultus
1610 3028 1693 3075 est
1715 3063 1729 3082 ,
1764 3020 2013 3090 longum-

419 3132 524 3186 que
581 3126 789 3185 tcmpus
845 3123 966 3185 post
1014 3114 1338 3185 sepulturam
1390 3113 1639 3187 efﬂuxit,
1672 3112 1741 3167 ita
1791 3121 1851 3167 ut
1889 3126 2011 3167 ossa

420 3218 624 3265 tantum
657 3218 704 3265 et
728 3209 899 3280 pulvis
922 3208 972 3262 in
997 3207 1198 3262 tumulo
1227 3214 1559 3272 remaneant,
1588 3205 1762 3260 visum
1792 3213 1876 3261 est
1901 3204 2014 3259 eui-

420 3300 542 3354 dam
570 3315 635 3355 ex
666 3299 728 3354 iis
750 3341 763 3365 ,
794 3300 883 3368 qui
917 3312 1100 3368 poStea
1131 3298 1524 3367 imperaverunt
1557 3338 1572 3361 ,
1608 3297 1660 3351 in
1690 3296 1792 3352 hoc
1817 3297 2012 3351 subur-

420 3389 566 3444 hium
598 3390 858 3460 Daphnen
882 3404 1097 3459 capsam
1125 3388 1350 3444 adduci:
1373 3389 1532 3459 idque
1557 3389 1732 3443 visum
1761 3395 1875 3453 est,
1902 3386 2012 3443 Deo

422 3479 764 3549 Imperatoris
790 3480 1024 3534 animum
1054 3479 1121 3534 ad
1152 3494 1268 3535 eam
1296 3494 1410 3535 rem
1434 3485 1705 3534 movente.
1726 3478 1856 3533 Cum
1871 3478 2013 3533 enim

423 3571 632 3628 videret
661 3572 838 3628 locum
881 3570 1300 3627 adolescentium
1331 3571 1541 3627 lascivia
1573 3613 1589 3638 ,
1641 3586 1740 3627 ceu
1787 3571 2014 3642 quadam

426 3661 707 3735 tyrannide
732 3703 746 3727 ,
770 3661 1050 3716 obsessum
1081 3701 1098 3727 ,
1131 3661 1202 3715 ita
1226 3671 1282 3716 ut
1313 3660 1605 3731 periculum
1634 3667 1777 3716 esset
1800 3701 1815 3727 ,
1844 3677 1911 3717 ne
1947 3660 2016 3717 ab

426 3752 845 3816 honestioribus,
876 3750 1044 3822 iisque
1065 3751 1151 3821 qui
1181 3750 1347 3820 probe
1373 3750 1555 3805 vivere
1584 3750 1780 3805 vellent
1810 3791 1826 3818 ,
1859 3766 2014 3822 pror-

425 3859 517 3898 sus
537 3844 878 3899 desereretur
904 3885 917 3907 ,
950 3843 1315 3898 misericordia
1337 3850 1512 3897 motus
1532 3856 1692 3914 super
1716 3843 2018 3914 hujusmodi

426 3929 642 4002 da'nmo,
677 3936 821 3990 misit
848 3936 936 4007 qui
963 3935 1339 3991 contumeliam
1369 3935 1678 3992 vindicaret.
1706 3936 1846 3990 Deus
1875 3936 2017 3992 enim

428 4029 604 4083 locum
629 4028 774 4082 illum
797 4042 1065 4083 alumnum
1096 4035 1151 4082 et
1175 4027 1455 4083 amabilem
1482 4027 1748 4092 reddidit,
1776 4036 1829 4083 et
1850 4042 2017 4097 aqua-

428 4138 546 4177 rum
578 4121 730 4192 c0pia
757 4137 821 4176 ae
849 4121 1030 4191 specie
1054 4163 1068 4186 ,
1117 4130 1173 4177 et
1203 4130 1392 4176 natura
1419 4121 1516 4176 soli
1542 4129 1701 4192 atque
1731 4130 2019 4191 tempesta-
2080 4120 2090 4130 “

429 4220 541 4266 tum
570 4215 844 4284 temperie,
865 4230 968 4268 non
1000 4213 1170 4267 solum
1197 4220 1255 4267 ut
1278 4211 1399 4266 inde
1429 4227 1813 4277 rccrearemur,
1839 4212 1931 4267 sed
1966 4220 2024 4266 ut

429 4308 590 4362 etiam
620 4323 680 4363 ea
708 4307 777 4363 de
801 4325 860 4362 re
888 4309 1145 4378 optimum
1172 4306 1429 4376 Opificem
1472 4306 1890 4362 celebraremus.
1922 4305 2023 4361 Sa-

432 4398 560 4454 lutis
586 4414 747 4470 porro
780 4406 980 4453 nostrae
1003 4398 1249 4452 inimicus
1269 4441 1283 4462 ,
1307 4398 1396 4467 qui
1427 4397 1518 4452 Dei
1543 4397 1698 4452 donis
1730 4411 1944 4466 semper
1968 4400 2023 4451 in

431 4493 760 4548 contrarium
819 4492 1060 4546 abutitur
1095 4532 1109 4554 ,
1164 4500 1535 4559 corruptorum
1562 4490 1818 4560 juvenum
1857 4490 2026 4546 turbae

433 4583 846 4653 dremonumqne
889 4580 1174 4638 domiciliis
1202 4590 1518 4650 occupatum
1549 4580 1616 4634 ab
1641 4596 1700 4635 se
1729 4581 1902 4641 locum
1933 4579 2029 4635 ad-

434 4676 621 4732 dicens
649 4716 664 4742 ,
689 4674 828 4746 turpi
885 4674 1060 4729 fabula
1105 4673 1300 4729 famam
1332 4672 1448 4743 ejus
1486 4672 1892 4736 dehonestavit,
1923 4687 2028 4741 qua

437 4767 615 4821 fabula
646 4766 881 4822 suburbii
909 4767 1077 4837 gratia
1106 4766 1334 4823 diemoni
1365 4766 1795 4821 consecrabatur.
1829 4765 2026 4820 Fabula

433 4867 619 4914 autem
651 4858 953 4927 hujusmodi
984 4867 1087 4914 est.

510 4948 757 5021 Daphnes
808 4949 1036 5004 historia.
1101 4979 1170 4989 -ι
1223 4948 1445 5020 Daphne
1490 4949 1664 5021 puella
1714 4957 1870 5011 erat,
1923 4949 2029 5004 tilia

438 5041 677 5100 Ladonis
700 5041 843 5098 ﬂuvii
877 5058 1037 5098 :nam
1083 5042 1366 5098 erronibus
1406 5042 1508 5097 illis
1554 5057 1669 5097 mos
1692 5058 1905 5113 semper
1934 5042 2032 5098 fuit

439 5135 633 5192 ﬂuvios
670 5136 947 5206 gignentes
974 5133 1246 5199 inducere,
1276 5135 1479 5206 prolem
1503 5149 1688 5190 eorum
1713 5134 1763 5188 in
1792 5150 1879 5190 res
1903 5150 2032 5191 sen-

442 5249 506 5290 su
553 5241 800 5291 carentes
828 5240 1037 5287 mutare
1070 5271 1085 5295 ,
1118 5237 1173 5284 et
1200 5230 1364 5284 multa
1395 5228 1699 5297 hujusmodi
1728 5239 2031 5299 portentosa

443 5330 666 5401 lingere.
721 5328 870 5384 lianc
915 5339 1077 5397 porro
1131 5323 1362 5394 puellam
1407 5321 1693 5378 admodum
1743 5321 2032 5379 formosam

450 5423 746 5493 Apollinem
775 5418 1045 5495 quondam
1073 5416 1270 5472 vidisse
1314 5424 1565 5483 narrant,
1598 5415 1821 5485 ejusque
1850 5431 2035 5472 amore

445 5526 659 5586 captum
682 5514 884 5581 fuisse;
914 5512 1285 5582 insequentem
1311 5516 1371 5565 ut
1395 5517 1628 5581 caperet,
1656 5508 1855 5580 fugisse
1882 5510 2035 5580 puel-

447 5608 572 5673 lam,
600 5615 655 5662 et
674 5606 727 5663 in
755 5605 860 5665 hoc
879 5603 1137 5665 suburbio
1159 5601 1483 5663 Substitisse.
1511 5600 1644 5657 Tum
1670 5611 1894 5658 matrem
1918 5601 2035 5672 ejus

448 5717 604 5773 opem
636 5701 821 5760 tulisse
842 5699 984 5768 lilia,
1014 5714 1084 5760 ne
1112 5696 1357 5772 injuriam
1381 5703 1680 5771 pateretur,
1700 5702 1858 5765 atque
1879 5710 2037 5766 aper,

448 5802 503 5849 to
537 5792 714 5859 statim
768 5792 971 5872 gremio
1000 5789 1260 5862 virginem
1287 5789 1560 5862 excepisse
1589 5831 1605 5860 ,
1633 5805 1695 5847 ac
1725 5806 1820 5860 pro
1855 5786 2028 5859 puella

1128 333 1189 390 S.
1228 327 1505 390 JOANNIS
1531 317 2009 382 CHRYSOSTOMI
2047 315 2362 375 ARCHIEP.
2401 316 2939 377 CONSTANTINOP.

3592 318 3713 375 55!

2108 434 2342 506 plantam
2364 431 2604 505 ejusdem
2627 435 2857 492 nominis
2870 433 3100 490 edidisse
3121 451 3137 501 ;
3164 435 3529 503 last-immune
3547 453 3716 493 ama-

2106 538 2275 586 torem
2301 526 2573 582 amoribus
2602 527 2712 582 suis
2738 525 3057 590 fraudatum,
3087 529 3334 582 arborem
3356 528 3713 598 complexum

2104 637 2223 679 esse
2245 662 2260 687 ,
2291 636 2354 676 ac
2383 630 2493 676 tum
2528 620 2764 690 plantam
2789 660 2804 684 ,
2839 626 2948 673 tum
2996 619 3170 673 locum
3218 621 3392 689 ipsum
3434 619 3535 675 sibi
3566 635 3715 690 pro—

2106 716 2279 785 prium
2311 713 2586 770 eli‘eeisse:
2619 713 2743 768 hinc.
2769 712 3115 769 considerein
3142 714 3261 768 loco
3277 729 3511 785 semper,
3537 728 3713 768 eum-

2104 823 2207 879 que
2235 807 2464 870 caneris,
2493 822 2611 877 qua:
2634 821 2729 877 per
2754 805 2940 861 orbem
2967 813 3126 872 sunt,
3157 802 3429 859 anteferre
3453 846 3468 870 ,
3490 819 3557 867 ac
3586 818 3714 873 ιιι-τε

2105 900 2353 955 omnibus
2382 899 2625 970 diligere.
2677 899 2842 954 Aiunt
2887 898 3016 954 item
3047 913 3229 968 regem
3260 898 3350 968 qui
3378 907 3505 951 tunc
3530 898 3713 967 impe-

2105 995 2300 1061 rabat,
2349 993 2607 1064 templum
2651 1001 2706 1047 et
2733 1006 2883 1046 aram
2928 991 3294 1047 construxisse
3320 1033 3337 1058 ,
3380 1006 3489 1061 quo
3518 999 3710 1059 possrt

2106 1087 2317 1143 da‘mon
2348 1086 2607 1142 insaniam
2629 1100 2780 1141 suam
2802 1101 2896 1154 per
2912 1099 3032 1139 eum
3058 1084 3231 1138 locum
3253 1083 3545 1138 consolari.
3574 1083 3711 1137 ﬂare

2107 1187 2189 1235 est
2213 1177 2412 1241 fabula,
2444 1178 2697 1233 damnum
2730 1191 2857 1231 vero
2886 1191 2954 1232 ex
2984 1176 3153 1231 fabula
3181 1184 3427 1241 exortum
3455 1190 3566 1230 non
3586 1176 3707 1245 jam

2107 1268 2285 1325 fabula
2334 1268 2453 1325 fuit.
2505 1269 2794 1341 Postquam
2822 1270 2964 1324 enim
2987 1268 3215 1339 juvenes
3243 1270 3424 1323 lascivi
3453 1268 3707 1324 suburbii

2110 1363 2553 1434 pulchritudinem
2581 1362 3036 1425 contaminarunt,
3057 1369 3115 1416 ιιι
3137 1363 3339 1416 dictum
3364 1372 3468 1428 est,
3498 1361 3710 1416 ibidem

2056 1490 2057 1493 η
2111 1458 2166 1510 in
2202 1454 2687 1509 comessationibus
2727 1462 2782 1508 et
2823 1452 3082 1508 ebrietate
3110 1452 3412 1507 victitantes
3444 1493 3459 1515 ,
3494 1461 3553 1506 ut
3600 1452 3712 1507 hoc

2107 1546 2306 1601 malum
2349 1547 2400 1600 in
2438 1546 2553 1601 dies
2593 1532 2975 1616 propagaretur
3005 1587 3020 1612 ,
3058 1545 3305 1600 diabolus
3348 1544 3590 1599 fabulam
3622 1544 3709 1599 ef-

2109 1637 2261 1692 ﬁnxit
2290 1679 2305 1700 ,
2334 1637 2739 1708 dzemonemque
2787 1636 2858 1691 ibi
2898 1637 3169 1692 constituit
3200 1677 3215 1700 ,
3248 1646 3307 1691 ut
3336 1636 3450 1691 haec
3479 1637 3708 1691 historia

2108 1727 2281 1798 majus
2321 1727 2425 1783 illis
2449 1727 2680 1782 lascivia:
2707 1736 2761 1782 et
2782 1727 3068 1798 impietatis
3129 1726 3433 1782 incendium
3464 1737 3708 1797 pararet.

2108 1817 2189 1873 Ad
2219 1827 2361 1872 tanta
2418 1817 2578 1888 igitur
2629 1818 2861 1873 tollenda
2899 1819 3036 1873 mala
3066 1818 3209 1873 hunc
3238 1819 3705 1889 sapientissimum

2109 1908 2327 1964 modum
2378 1910 2697 1980 excogitavit
2746 1909 3035 1979 Imperator
3065 1950 3081 1976 ,
3134 1918 3193 1965 ut
3251 1917 3497 1964 sanetum
3550 1909 3709 1963 illum

2113 1999 2463 2065 transferret,
2490 2010 2545 2056 et
2571 2000 2837 2056 medicum
2868 2000 3027 2071 aegris
3054 2002 3306 2056 mitteret.
3350 2000 3483 2055 Nam
3514 2001 3561 2054 si
3588 2002 3714 2069 jus-

2111 2092 2263 2148 sione
2288 2102 2342 2147 et
2368 2094 2685 2147 auctoritate
2732 2092 3074 2162 imperatoria
3105 2092 3315 2147 civibus
3346 2092 3542 2163 iter_ad
3572 2092 3711 2146 Stib-

2111 2186 2322 2241 urbium
2355 2185 2742 2251 iuterdixisset,
2769 2185 2821 2239 id
2852 2186 3204 2258 tyrannicum,
3238 2186 3346 2241 imo
3370 2186 3711 2241 crudelitatis

2111 2278 2441 2350 feritatisque
2467 2279 2681 2349 plenum
2728 2280 2902 2334 visum
2934 2288 3122 2346 esset;
3169 2281 3250 2336 sia
3287 2283 3482 2350 probos
3513 2282 3709 2336 mode-

2111 2381 2328 2444 stosque
2368 2373 2536 2428 solum
2575 2372 2724 2429 adire
2752 2374 3119 2445 permisisset,
3163 2375 3376 2430 lascivis
3420 2386 3603 2430 autem
3628 2377 3713 2430 in-

2112 2467 2641 2537 temperantibusque
2665 2466 2866 2521 aditum
2894 2467 3283 2523 interclusisset
3310 2508 3325 2533 ,
3369 2466 3711 2523 difficultatis

2112 2557 2330 2627 plenum
2353 2556 2537 2614 fuisset
2566 2558 2839 2615 decretum
2866 2600 2881 2624 ,
2915 2560 3056 2614 unde
3075 2560 3315 2630 quotidie
3352 2559 3474 2615 lites
3503 2561 3710 2616 oboriri
3772 2606 3779 2609 .

2113 2666 2337 2708 necesse
2361 2660 2494 2719 erat,
2517 2652 2645 2706 dum
2679 2652 3010 2721 singulorum
3040 2653 3145 2707 vita
3170 2652 3578 2723 disquireretur.
3616 2654 3715 2707 Ita-

2114 2759 2219 2813 que
2247 2745 2416 2801 saneti
2440 2743 2541 2799 viri
2562 2745 2900 2814 praesentiam
2923 2745 3069 2801 hisce
3089 2746 3247 2800 malis
3285 2747 3549 2817 optimum
3592 2748 3714 2802 exi-

2115 2846 2226 2892 tum
2276 2838 2557 2892 allaluram
2602 2853 2722 2899 esse
2747 2839 2978 2908 putavit:
3011 2841 3539 2911 martyrcm’qnippe
3598 2845 3713 2897 sni—

2114 2929 2303 2986 vendze
2327 2930 2864 3000 daemonispotcutia:
2887 2932 3406 3001 juvenumqueluxui
3422 2933 3710 2988 emcndan-

2114 3022 2185 3079 do
2232 3038 2412 3093 parem
2459 3038 2582 3079 esse
2635 3024 2998 3094 intelligebat:
3049 3040 3221 3096 neque
3269 3042 3365 3096 spe
3396 3026 3578 3096 lapsus
3608 3038 3709 3081 est.

2116 3115 2307 3172 Statim
2333 3117 2474 3171 enim
2501 3125 2659 3187 atque
2678 3117 2933 3186 Daphnen
2959 3118 3078 3187 quis
3104 3119 3352 3185 advenit,
3380 3128 3432 3173 et
3459 3134 3489 3173 a
3516 3119 3715 3174 subur—

2114 3207 2189 3263 bii
2216 3207 2397 3262 limine
2418 3209 2728 3280 martyrium
2750 3210 3010 3279 conspicit
3042 3250 3055 3273 ,
3085 3210 3163 3264 sic
3199 3211 3508 3280 reprimitur
3537 3253 3553 3277 ,
3582 3227 3649 3265 ae
3668 3212 3716 3266 si

2117 3302 2237 3371 quis
2261 3301 2473 3372 juvenis
2517 3302 2570 3357 in
2621 3302 2866 3357 convivio
2918 3304 3260 3373 paedagogum
3291 3303 3593 3358 adstantem
3636 3306 3721 3359 in-

2120 3400 2305 3459 tuens,
2333 3402 2491 3463 atque
2515 3394 2670 3448 oculo
2698 3394 3094 3463 pnecipientem
3125 3436 3140 3459 ,
3172 3404 3228 3449 ut
3252 3394 3450 3450 decore
3497 3406 3715 3451 servato

2119 3482 2287 3551 bibat,
2319 3484 2584 3549 comedat,
2617 3485 2863 3555 loquatur
2893 3527 2909 3553 ,
2949 3486 3120 3542 rideat
3151 3527 3166 3553 ,
3195 3496 3485 3555 caveatque
3514 3504 3583 3544 ne
3600 3504 3719 3541 mo-

2119 3576 2246 3634 dum
2323 3579 2590 3635 excedens
2641 3580 3088 3634 existimationem
3160 3595 3310 3635 suam
3358 3580 3714 3636 dehonestat:

2121 3683 2446 3745 aspectuque
2485 3675 2574 3728 tali
2620 3675 2920 3744 religiosior
2958 3675 3164 3742 factus,
3198 3677 3519 3747 beatumque
3561 3676 3714 3731 illum

2122 3764 2302 3820 animo
2323 3765 2422 3820 sibi
2450 3776 2839 3834 reprmsentans
2866 3807 2880 3831 ,
2906 3766 2973 3821 ad
3003 3782 3218 3838 capsam
3238 3768 3417 3822 statim
3436 3778 3714 3837 properat;

2123 3875 2230 3929 quo
2270 3874 2393 3915 cum
2446 3859 2750 3928 pervenerit
2780 3900 2794 3923 ,
2825 3859 3029 3929 majore
3084 3859 3316 3915 afficitur
3356 3871 3540 3925 metu;
3590 3877 3717 3914 mox

2124 3949 2332 4020 ignavia
2360 3949 2544 4018 procul
2567 3950 2754 4004 abacta
2777 3989 2792 4014 ,
2839 3965 2939 4005 ceu
2968 3951 3197 4006 volatilis
3231 3951 3462 4019 factus‘,
3507 3953 3576 4006 ita
3605 3951 3720 4006 dis-

2124 4041 2286 4097 cedit.
2309 4041 2484 4112 Atque
2514 4056 2628 4110 eos,
2655 4056 2790 4113 quos
2819 4058 2886 4098 ex
2917 4044 3047 4098 urbe
3067 4044 3417 4099 ascendentes
3441 4045 3491 4098 in
3520 4045 3603 4098 via
3632 4046 3717 4098 of-

2126 4132 2314 4202 fendit,
2341 4135 2452 4204 pari
2487 4150 2609 4189 cum
2639 4135 2986 4204 temperantia
3016 4134 3270 4204 Daplmen
3298 4144 3594 4189 recreatum
3629 4151 3719 4190 re-

2126 4227 2309 4293 mittit,
2344 4236 2546 4281 tantutn
2575 4243 2680 4280 non
2708 4241 2892 4281 vocem
2923 4227 3063 4280 illam
3088 4227 3402 4291 inclamans,
3446 4227 3721 4284 Exsultate

2129 4317 2348 4373 Domino
2374 4319 2427 4372 in
2454 4316 2849 4390 tremore(Psal.
2879 4318 2936 4371 2.
2963 4316 3071 4390 Η),
3102 4318 3341 4387 illudque
3359 4319 3718 4387 apostolicum

2128 4410 2404 4480 adjicieus,
2426 4407 2547 4464 Sive
2574 4410 2890 4463 manducatis
2911 4452 2924 4472 ,
2953 4411 3055 4464 sive
3081 4409 3271 4473 bibitis,
3306 4411 3408 4464 sive
3430 4411 3576 4464 aliud
3596 4412 3724 4481 quid

2133 4500 2496 4572 facitis,omnia
2524 4500 2592 4553 ad
2618 4501 2833 4569 gloriam
2854 4498 2949 4553 Dei
2974 4501 3127 4570 facile
3146 4502 3221 4569 (l.
3255 4498 3587 4572 Cor.10.5i).
3613 4501 3725 4556 Eos

2130 4603 2308 4648 autem
2335 4594 2424 4663 qui
2453 4601 2665 4663 sumpto
2687 4594 2810 4648 cibo
2844 4593 2897 4647 in
2929 4595 3116 4649 urbem
3151 4594 3502 4658 descendunt,
3522 4595 3568 4649 si
3590 4610 3724 4650 con.

2133 4686 2299 4758 tingat
2323 4688 2557 4741 excusso
2577 4686 2728 4741 freno
2748 4687 2963 4757 segnius
2976 4688 3168 4758 egisse,
3198 4688 3423 4758 atquein
3449 4689 3727 4758 crapulam

2134 4779 2498 4849 absurdasque
2516 4778 2735 4835 delicias
2751 4779 3001 4849 delapsos
3021 4794 3160 4844 esse,
3180 4794 3297 4845 eos,
3327 4780 3560 4850 inquam,
3580 4781 3730 4835 ebri—

2133 4887 2197 4928 os
2218 4874 2268 4927 in
2286 4872 2581 4928 diversorio
2600 4887 2699 4927 suo
2709 4883 2959 4942 exceptos
2976 4889 3079 4926 non
3099 4872 3225 4926 sinit
3243 4872 3515 4926 ebrietatis
3528 4871 3733 4927 damno

2137 4964 2357 5021 affectos
2391 4965 2606 5020 domum
2638 4964 2803 5029 abire,
2826 4964 2920 5020 sed
2956 4965 3169 5019 incusso
3195 4963 3464 5019 timoread
3480 4964 3729 5019 eamdem
3784 4976 3787 4977 '

2141 5056 2551 5128 temperantiam
2581 5055 2830 5121 adducit,
2863 5071 3021 5126 quam
3048 5056 3636 5124 servabautanteqnam
3676 5057 3729 5110 in

2139 5149 2450 5205 ebrietatem
2481 5148 2941 5219 demergerentur.
2967 5148 3176 5202 Etenim
3207 5147 3356 5217 quasi
3385 5149 3562 5202 tenuis
3582 5164 3732 5217 qum-

2139 5241 2261 5297 dam
2289 5256 2417 5296 aura
2433 5239 2648 5310 eos,qni
2677 5241 2727 5293 in
2751 5242 3009 5312 martyrio
3024 5239 3256 5304 fuerunt,
3274 5239 3504 5309 undique
3522 5239 3732 5310 perﬂat;

2151 5351 2303 5403 aura,
2338 5334 2552 5405 inquam
2575 5375 2589 5397 ,
2620 5349 2724 5386 non
2748 5334 3016 5388 sensibilis
3057 5375 3071 5400 ,
3126 5349 3225 5387 nec
3248 5333 3494 5402 augendo
3516 5334 3736 5402 corpori

2144 5439 2264 5498 apta
2299 5467 2314 5493 ,
2366 5427 2460 5482 sed
2512 5441 2632 5497 qum
2658 5426 2709 5480 in
2744 5426 2910 5497 ipsam
2928 5427 3159 5481 animam
3194 5434 3483 5494 penetret,
3507 5439 3736 5491 eamque

2144 5519 2379 5590 undique
2406 5520 2659 5576 decenter
2672 5529 2958 5588 componat
2977 5560 2993 5585 ,
3011 5533 3226 5573 omnem
3250 5526 3520 5572 terrenam
3541 5517 3736 5571 molem

2145 5612 2467 5686 prmseiudat
2493 5654 2507 5676 ,
2535 5627 2759 5681 eamque
2789 5620 3128 5683 aggravatam
3159 5618 3211 5665 et
3236 5610 3505 5666 labentem
3529 5617 3737 5663 recreet

2144 5717 2207 5756 ac
2232 5699 2492 5758 leviorem
2520 5698 2733 5757 reddat.

2213 5791 2231 5821 ¹
2269 5786 2421 5851 Aliqui
2444 5785 2503 5837 ad
2522 5797 2697 5848 marg,
2721 5782 2915 5835 ltunu'tis
2933 5785 3114 5846 factus.
