3884 6294
74 382 163 434 53!
891 392 977 447 DE
1018 395 1075 447 S.
1119 393 1414 457 BABYLA,
1457 389 1735 448 CONTRA
1778 388 2125 448 JULHNUM
2167 393 2255 446 ET
2296 392 2655 448 GENTILEQ.

68 498 309 569 δευτέραν
355 495 538 566 ἔχουσι
588 494 738 558 τάξιν
787 497 834 547 οἱ
883 495 987 547 τῶν
1025 496 1196 563 ἁγίων
1241 497 1422 565 τάφοι,
1485 498 1619 569 πρὸς
1660 498 1725 552 :0

68 585 347 656 διεγείρειν
366 585 446 646 εἰς
467 583 556 636 τὸν
579 584 692 635 ἴσον
723 581 882 651 ζῆλον
907 595 932 622 ιι
968 581 1064 644 τὰς
1080 582 1187 634 τῶν
1216 583 1502 652 θεωμένων
1531 587 1726 650 αὐτοὺς

65 673 251 742 ψυχάς·
272 673 362 724 καὶ
391 673 446 724 εἴ
467 669 568 724 πού
583 688 666 733 τις
684 672 878 740 ἐπιστῇ
911 670 1052 740 θήκῃ
1087 671 1329 741 τοιαύτῃ,
1352 673 1447 724 καὶ
1463 674 1560 740 τῆς
1575 677 1726 745 ἐνερ-

65 762 211 828 γείας
240 759 435 820 εὐθέως
463 757 668 827 ταύτης
707 757 854 826 σαφῆ
908 757 1174 827 λαμϐάνει
1202 757 1299 827 τὴν
1325 759 1596 830 αἴσθησιν.
1661 762 1726 814 Ἠ

67 847 175 916 γάρ
197 846 312 914 δψις
341 846 439 915 τῆς
463 845 732 915 λάρνακος
750 846 828 907 είς
855 845 953 914 τὴν
991 844 1169 915 ψυχὴν
1196 845 1543 912 ἐμπίπτουσα
1561 865 1726 900 κατα-

71 936 281 1004 πλήττει
307 951 364 985 τε
393 933 563 1003 αὐτὴν
595 933 688 984 καὶ
719 931 1044 1002 διανίστησι,
1071 933 1165 984 καὶ
1191 932 1266 995 ὡς
1298 933 1462 985 αὑτοῦ
1489 933 1582 986 τοῦ
1611 949 1726 985 κει-

71 1024 225 1091 μένου
275 1019 691 1089 συνευχομένου,
741 1020 835 1071 καὶ
879 1019 1244 1089 παρεστῶτος,
1277 1020 1370 1072 καὶ
1420 1019 1720 1090 ὁρωμένου,

67 1109 230 1171 οὕτως
259 1109 426 1178 αὐτὴν
449 1107 751 1160 διακεῖσθαι
777 1110 936 1160 ποιεῖ.
973 1104 1104 1160 Εἶτα
1145 1109 1452 1179 προθυμίας
1478 1108 1676 1176 πολλῆς
1699 1109 1727 1161 ὁ

65 1198 217 1250 τοῦτο
251 1196 438 1250 παθὼν
471 1194 803 1266 πληρωθεὶς,
843 1195 937 1248 καὶ
982 1196 1168 1267 ἔτερος
1196 1196 1311 1250 ἀνθ’
1353 1197 1541 1268 ἐτέρου
1575 1195 1725 1264 γενό-

66 1300 237 1352 μενος,
262 1282 432 1345 οὕτως
466 1282 676 1334 ἐκεῖθεν
703 1281 1026 1352 ἀπέρχεται.
1061 1283 1295 1336 Μάθοιδ’
1321 1285 1384 1337 ἄν
1414 1300 1497 1345 τις
1523 1281 1723 1347 καλῶς,

61 1372 129 1434 ὡς
158 1373 191 1440 ἡ
229 1369 494 1439 φαντασία
527 1371 636 1422 τῶν
658 1369 999 1423 ἀπελθόντων
1032 1371 1140 1423 ἀπὸ
1170 1371 1278 1423 τῶν
1303 1371 1484 1423 τόπων
1511 1370 1726 1438 ἐγγίνε-

62 1476 146 1510 ται
184 1461 298 1520 ταῖς
320 1457 427 1511 τῶν
454 1457 668 1522 ζώντων
692 1457 912 1528 ψυχαῖς.
963 1461 1041 1522 εἰς
1079 1459 1204 1512 νοῦν
1238 1461 1362 1523 τοὺς
1398 1457 1726 1520 πενθοῦντας

65 1545 255 1599 λαϐὼν.
276 1545 322 1597 οἳ
350 1545 465 1615 ἅμα
491 1563 549 1597 τε
573 1549 684 1608 τοῖς
706 1545 812 1598 τῶν
827 1546 1165 1616 τεθνηκότων
1177 1547 1370 1614 τάφοις
1386 1547 1722 1615 ἐφίστανται,

65 1634 152 1686 καὶ
182 1633 366 1703 ῶσπερ
399 1634 518 1686 ἀντὶ
565 1635 661 1702 τῆς
699 1634 873 1705 θήκης
920 1635 1042 1698 τοὺς
1085 1636 1141 1687 ἐν
1174 1638 1238 1705 τῇ
1270 1635 1410 1706 θήκῃ
1441 1635 1725 1703 κειμένους

65 1722 299 1785 ἑστῶτας
325 1723 542 1786 ἰδόντες,
577 1722 748 1784 οὓτως
787 1723 982 1786 αὐτοὺς
1015 1724 1121 1776 ἀπὸ
1162 1723 1270 1776 τῶν
1317 1724 1602 1795 προθύρων
1635 1727 1725 1778 εύ-

65 1811 196 1874 θέως
229 1810 577 1864 ἀνακαλοῦσι.
620 1811 812 1862 Πολλοὶ
843 1811 898 1863 δὲ
927 1811 1033 1863 τῶν
1062 1812 1348 1882 ἀφορήτως
1367 1813 1501 1881 πρὸς
1537 1813 1605 1866 τὰ
1623 1814 1727 1868 πά-

65 1899 126 1967 θη
143 1898 514 1964 διατεθέντων,
548 1897 700 1968 παρὰ
723 1901 832 1960 τοῖς
854 1899 1098 1967 μνήμασι
1128 1900 1232 1951 τῶν
1266 1898 1608 1954 ἀπελθόντων
1637 1901 1727 1955 τὸν

61 1987 266 2038 ἅπαντα
295 1985 608 2055 κατῴκισαν
641 1986 866 2047 ἑαυτοὺς
897 1985 1109 2054 χρόνον,
1140 1987 1238 2038 ούκ
1277 1985 1344 2039 ἂν
1380 1986 1538 2040 τοῦτο
1571 1991 1728 2059 ποιή-

64 2091 267 2137 σαντες,
302 2075 349 2126 εἰ
386 2076 600 2145 μήτινα
620 2073 974 2145 παραμυθίαν
991 2074 1094 2126 ὑπὸ
1111 2077 1207 2144 τῆς
1229 2075 1336 2128 τῶν
1358 2077 1537 2130 τόπων
1559 2076 1724 2147 ἐλάμ-

63 2165 214 2215 ϐανον
243 2161 436 2231 ὂψεως.
492 2163 602 2216 Καὶ
643 2162 696 2214 τί
729 2163 870 2230 λέγω
901 2161 1064 2213 τόπον
1099 2163 1191 2216 καὶ
1219 2162 1386 2231 τάφον
1403 2152 1420 2229 ’;
1461 2165 1555 2217 καὶ
1609 2165 1718 2235 γὰρ

67 2251 270 2318 ἱμάτιον
302 2248 462 2318 μόνον
484 2249 743 2312 πολλάκις
787 2248 895 2300 τῶν
918 2248 1263 2302 ἀπελθόντων
1294 2250 1587 2318 όφθέν,καὶ
1629 2252 1726 2322 ῥῆ-

65 2357 135 2406 μα
157 2340 234 2399 είς
267 2337 509 2390 διάνοιαν
539 2336 712 2400 ἐλθὸν,
748 2337 991 2407 διήγειρε
1022 2337 1123 2407 τὴν
1148 2337 1324 2408 ψυχὴν
1354 2338 1448 2391 καί⁵
1471 2341 1568 2408 τὴν
1594 2341 1728 2409 μνή-

69 2443 172 2496 μην
202 2426 465 2495 ἀνέστησε
489 2425 907 2478 διαπίπτουσαν.
937 2424 1036 2476 Διά
1063 2424 1234 2478 ταῦτα
1258 2427 1386 2496 ἡμῖν
1402 2425 1468 2478 τά
1498 2427 1727 2496 λείψανα

65 2514 161 2565 τῶν
196 2513 366 2581 ἀγίων
387 2513 599 2582 ἀῄκεν
631 2515 659 2566 ό
682 2513 830 2576 Θεός.

125 2619 210 2688 ιβ’.
233 2619 342 2672 καὶ
364 2619 445 2670 δτι
472 2619 568 2687 οὐχ
584 2616 769 2680 ἁπλῶς
787 2619 1085 2689 κομπάζων
1103 2619 1271 2671 ταῦτα
1301 2619 1443 2688 λέγω
1460 2620 1573 2684 νῦν,
1593 2620 1727 2674 ἀλλά

55 2706 187 2777 πρὸς
217 2705 485 2773 ὠφέλειαν
501 2705 598 2775 τὴν
626 2707 896 2776 ἡμετέραν
925 2707 1078 2758 τοῦτο
1106 2707 1416 2776 γεγένηται,
1443 2707 1600 2760 ἱκανά
1628 2709 1726 2775 μὲν

53 2795 140 2846 τὸν
160 2794 318 2860 λόγον
349 2791 726 2844 πιστώσασθαι
752 2794 844 2846 καὶ
875 2792 942 2845 τά
975 2794 1098 2846 καθ’
1132 2795 1370 2864 ἑκάστην
1391 2796 1726 2866 ἡμέρανύπὸ

55 2881 156 2934 τῶν
189 2879 487 2952 μαρτύρων
535 2879 796 2950 γινόμενα
840 2880 1112 2950 θαύματα,
1148 2885 1241 2934 καὶ
1271 2883 1332 2935 :0
1366 2883 1565 2953 πλῆθος
1617 2885 1726 2935 τῶν

57 2969 221 3030 οὕτως
250 2966 646 3037 ἐπιτρεχόντων
677 2967 902 3038 ἀνδρῶν·
940 2969 1038 3038 οὐχ
1073 2964 1234 3039 ἦττον
1263 2968 1318 3022 δὲ
1362 2970 1604 3034 ἐκείνων,
1633 2972 1726 3025 καὶ

57 3058 115 3108 :‘1
139 3057 236 3110 τοῦ
265 3055 539 3126 μακαρίου
578 3054 765 3108 τούτου
804 3055 1204 3127 κατορθώματα
1236 3058 1302 3110 τά
1332 3058 1468 3127 μετά
1503 3058 1601 3128 τὴν
1633 3077 1725 3111 τε-

57 3147 264 3215 λευτήν.
310 3143 526 3215 Ἐπειδὴ
572 3143 681 3213 γάρ
707 3143 881 3214 ἐτάφη
911 3143 1094 3207 καθὼς
1138 3145 1438 3216 ἐπέσκηψε,
1468 3147 1560 3198 καὶ
1595 3148 1726 3218 χρό-

56 3251 132 3296 νος
193 3233 443 3304 παρῆλθε
495 3233 703 3302 μακρὸς
741 3233 877 3301 μετά
910 3231 1008 3302 τὴν
1035 3232 1233 3303 ταφὴν,
1267 3233 1340 3296 ὡς
1387 3235 1520 3286 όστᾶ
1546 3234 1728 3286 λείπε-

55 3321 247 3373 πεσθαι
282 3319 441 3389 μόνον
471 3319 560 3370 καὶ
585 3319 732 3371 κόνιν
763 3320 820 3369 ἐν
856 3321 920 3388 τῇ
956 3317 1120 3388 σορῷ,
1151 3319 1296 3383 ἔδοξέ
1324 3338 1429 3372 τινι
1453 3321 1560 3372 τῶν
1591 3321 1727 3390 μετά

53 3409 222 3461 ταῦτα
259 3406 718 3476 βασιλευσάντων,
760 3407 837 3467 εἰς
869 3407 929 3458 :0
964 3406 1288 3477 προάστειον
1316 3407 1474 3460 τοῦτο
1502 3408 1600 3477 τὴν
1621 3409 1726 3461 Δά-

55 3513 182 3564 φνην
210 3493 583 3563 ἀπενεχθῆναι
607 3492 704 3563 τὴν
725 3492 992 3564 λάρνακα,
1021 3493 1166 3560 ἔδοξε
1200 3494 1257 3546 δέ
1291 3495 1384 3547 τοῦ
1414 3495 1549 3548 Θεοῦ
1590 3497 1726 3568 πρὸς

55 3585 205 3636 τοῦτο
229 3584 554 3652 κινήσαντος
586 3581 685 3650 τὴν
718 3580 812 3632 τοῦ
843 3580 1105 3651 βασιλέως
1119 3581 1317 3653 ψυχήν.
1363 3583 1452 3646 Ὠς
1478 3585 1586 3655 γάρ
1619 3583 1726 3639 εἶδε

56 3676 110 3725 :0
145 3673 350 3745 χωρίον
379 3671 487 3723 ὑπὸ
515 3671 613 3740 τῆς
643 3671 750 3722 τῶν
787 3671 922 3723 νέων
958 3669 1244 3738 ἀσελγείας
1275 3673 1724 3744 τυραννούμενον,

57 3764 140 3813 καὶ
180 3759 496 3814 κινδυνεῦον
532 3759 729 3811 ἄϐατον
757 3757 896 3809 εἶναι
927 3761 1038 3820 τοῖς
1065 3759 1432 3830 σεμνοτέροις,
1455 3763 1548 3814 καὶ
1566 3764 1730 3815 ἐπιει-

56 3851 158 3911 κῶς
396 3846 742 3916 βουλομένοις
792 3845 962 3915 βιοῦν,
1010 3846 1240 3917 ἐλεήσας
1286 3850 1418 3901 αὐτὸ
1457 3851 1556 3919 τῆς
1590 3853 1727 3922 ἐπη-

59 3940 227 4006 ρείας,
263 3936 482 4006 ἔπεμψε
531 3937 620 3986 τὸν
660 3935 970 4005 ἀμυνοῦντα
1011 3938 1109 4006 τὴν
1147 3936 1323 4008 ὕϐριν.
1391 3939 1447 3992 Ὀ
1479 3939 1578 4011 μὲν
1620 3941 1728 4012 γάρ

54 4027 182 4088 H20;
217 4025 354 4078 αὐτὸ
380 4023 544 4076 καλόν
591 4040 650 4074 τε
695 4024 787 4076 καὶ
830 4024 1130 4094 ἐπέραστον
1166 4027 1481 4096 εἰργάσατο,
1532 4029 1625 4080 καὶ
1663 4033 1726 4100 τῇ

52 4113 153 4163 τῶν
219 4111 433 4164 ὑδάτων
462 4108 712 4178 ἀφθονία,
738 4110 830 4160 καὶ
858 4111 996 4180 ὥρᾳ,
1026 4114 1120 4164 καὶ
1167 4116 1231 4182 τῇ
1265 4112 1423 4180 φύσει
1455 4117 1554 4183 τῆς
1601 4114 1726 4184 γῆς,

52 4201 143 4251 καὶ
173 4203 242 4269 τῇ
270 4198 380 4251 τῶν
397 4197 554 4268 ὡρῶν
581 4198 965 4268 εὐμοιρίαωύχ
983 4199 1068 4250 ἵνα
1095 4199 1280 4262 ἁπλῶς
1297 4202 1727 4273 ἀναπαυώμεθα,

53 4287 165 4338 ἀλλ’
203 4288 291 4339 ἵνα
327 4286 422 4338 καί
456 4285 595 4356 ὑπὲρ
639 4285 828 4339 τούτου
860 4287 950 4338 τὸν
987 4287 1373 4358 ἀριστοτέχνην
1395 4290 1725 4362 δοξάζωμεν·

51 4378 78 4426 ό
104 4375 158 4426 δὲ
178 4374 282 4443 τῆς
324 4374 598 4444 σωτηρίας
622 4374 779 4445 ἡμῶν
807 4375 1019 4444 ἐχθρὸς,
1065 4376 1157 4427 καὶ
1186 4377 1264 4438 εἰς
1302 4378 1608 4432 τούναντίον
1644 4383 1731 4434 ἀεὶ

53 4460 483 4532 καταχρώμενος
515 4465 632 4524 ταῖς
671 4462 762 4515 τοῦ
794 4461 926 4513 Θεοῦ
971 4463 1220 4533 δωρεαῖς,
1271 4464 1348 4535 τῷ
1377 4465 1568 4536 πλήθει
1623 4468 1730 4522 τῶν

49 4549 470 4620 διεφθαρμένων
500 4549 634 4601 νέων
665 4551 757 4603 καὶ
788 4555 906 4613 ταῖς
934 4551 1044 4602 τῶν
1089 4552 1357 4621 δαιμόνων
1397 4556 1640 4626 οἰκήσεσι
1671 4557 1730 4609 :0

51 4638 257 4708 χωρίον
293 4637 750 4708 προκαταλαϐὼν,
803 4641 1141 4710 ἐπεφήμισεν
1174 4641 1321 4712 αὐτῷ
1350 4659 1468 4696 τινα
1505 4645 1597 4696 καὶ
1631 4645 1732 4714 μῦ-

49 4724 145 4776 θον
179 4725 431 4796 αἰσχρόν,
467 4725 608 4777 ὥστε
640 4726 914 4779 ἀναθεῖναι
946 4727 1030 4780 διὰ
1068 4730 1256 4780 τούτου
1295 4728 1371 4799 τῷ
1401 4731 1610 4802 δαίμονι
1635 4732 1727 4785 τοῦ

46 4815 383 4885 πβαστείου
409 4813 505 4884 τὴν
533 4814 710 4884 χάριν·
748 4816 775 4866 ὀ
795 4815 850 4867 δέ
883 4815 1048 4886 μῦθος
1080 4817 1319 4881 τοιοῦτος
1357 4813 1446 4890 ἦν·

121 4901 236 4970 Τὴν
265 4901 482 4970 Δάφνην
514 4902 682 4972 κόρην
707 4897 871 4958 οῦπάν
902 4921 1054 4975 φησι,
1080 4907 1174 4958 καὶ
1202 4905 1476 4977 θυγατέρα
1506 4907 1598 4960 τοῦ
1623 4909 1733 4961 Λά-

43 4988 220 5050 δωνος
258 4987 530 5059 ποταμοῦ·
564 4991 657 5041 καὶ
684 4990 792 5060 γὰρ
828 4995 1106 5062 ποταμοὺς
1135 4994 1438 5060 γεννῶντας
1465 4997 1728 5064 εἰσάγειν,

45 5076 147 5127 καὶ
201 5075 275 5128 τά
325 5077 640 5146 γεννώμενα
697 5080 776 5140 εἰς
837 5078 1138 5148 ἀναίσθητα
1206 5083 1583 5149 μεταϐάλλειν,
1639 5085 1731 5136 καὶ

45 5161 228 5215 πολλὰ
260 5163 488 5216 τοιαῦτα
521 5163 669 5233 αὐτῷ
693 5165 1079 5235 τερατεύεσθαι
1115 5167 1234 5229 ἔθος
1268 5170 1354 5220 ἀεὶ
1383 5172 1493 5232 τοῖς
1520 5170 1732 5224 πλανω-

43 5249 262 5315 μένοις.
299 5251 518 5319 Ταύτην
574 5248 667 5304 οὖν
716 5255 815 5322 τὴν
852 5253 1017 5323 κόρην
1067 5253 1340 5325 εῦμορφον
1383 5252 1548 5308 οὖσαν
1604 5259 1729 5309 ἰδεῖν

34 5353 183 5388 ποτε
211 5337 307 5392 τὸν
358 5338 600 5391 Ἀπόλλω
627 5339 780 5408 φασὶ,
831 5341 923 5393 καὶ
957 5341 1127 5393 ἰδόντα
1158 5342 1348 5394 παθεῖν
1389 5361 1438 5394 τι
1469 5345 1602 5414 πρὸς
1631 5347 1728 5397 αῦ-

32 5423 168 5491 τὴν,
208 5426 306 5477 καὶ
336 5425 579 5478 παθόντα
624 5426 839 5479 διώκειν
871 5427 1008 5480 ὥστε
1046 5428 1204 5481 ἑλεῖν·
1254 5431 1351 5499 τὴν
1391 5431 1447 5482 δὲ
1483 5432 1727 5501 φεύγειν,

29 5511 142 5562 καὶ
179 5513 494 5581 φεύγουσαν
539 5515 827 5584 ἐπιστῆναί
871 5533 930 5568 τε
979 5515 1057 5586 τῷ
1121 5518 1448 5589 προαστείῳ·
1486 5523 1580 5573 καὶ
1631 5522 1729 5591 τὴν

34 5600 268 5670 μητέρα
297 5602 396 5673 τὴν
453 5601 610 5672 ὓϐριν
655 5602 857 5671 ἀμῦναι
907 5604 1110 5674 ταύτην
1162 5606 1319 5676 αὐτῇ,
1361 5606 1640 5678 διαστῆναί
1670 5627 1728 5661 τε

31 5686 156 5756 γὰρ
189 5690 400 5754 εὐθέως
450 5692 546 5743 καὶ
593 5691 847 5757 δέξασθαι
882 5693 979 5762 τὴν
1025 5692 1315 5762 παρθένον,
1352 5697 1443 5749 καὶ
1483 5697 1600 5749 ἀντὶ
1633 5698 1728 5767 τῆς

99 5836 133 5866 ⁸
159 5837 315 5889 Ξεινὶἰ.
352 5841 433 5888 τόν
458 5842 552 5888 τῶν
573 5842 694 5890 ἴσων
717 5843 870 5899 ζῆλον.

106 5903 136 5940 b
162 5899 241 5950 εἰς
273 5903 405 5950 Savil
455 5911 508 5951 el
533 5917 644 5951 mss.
691 5904 863 5952 Morel.
896 5917 1010 5953 vero
1036 5906 1299 5967 ὁμώνυμον.

3395 387 3499 442 53%

1837 497 2026 560 παιδὸς
2084 497 2371 551 ἀναδοῦναι
2410 497 2574 567 φυτὸν
2614 496 2896 566 ἐπώνυμον
2939 497 2966 536 b
3019 501 3082 568 τῇ
3127 499 3290 551 παιδί·
3322 500 3410 552 τὸν
3443 501 3498 555 δὲ

1834 587 2131 640 ἀκόλαστον
2163 587 2397 660 ἐραστὴν
2430 587 2768 656 ἀποτυχόντα
2798 585 2906 639 τῶν
2928 587 3210 650 παιδικῶν,
3238 606 3302 640 πε
3314 589 3502 658 ριπλα-

1834 673 1996 744 κῆναί
2027 691 2085 726 τε
2111 673 2188 744 τῷ
2217 675 2438 746 δένδρῳ,
2467 676 2561 728 καὶ
2589 674 2972 728 οἰκειώσασθαι
3000 676 3095 728 καὶ
3123 677 3182 728 :0
3205 677 3387 746 φυτὸν,
3407 679 3502 733 καὶ

1832 761 1924 813 τὸν
1950 762 2131 826 τόπον,
2156 761 2251 815 καὶ⁹
2285 761 2670 832 προσεδρεύειν
2695 763 2771 832 τῷ
2801 763 2982 833 χωρίῳ
3010 763 3217 823 λοιπὸν.
3263 765 3355 817 καὶ
3383 765 3504 818 τοῦ·

1831 865 1892 901 το
1926 848 2106 918 πάσης
2137 850 2235 918 τῆς
2267 849 2373 918 γῆς
2403 849 2635 918 μάλιστα
2679 849 3018 913 ἀσπάζεσθαι
3053 851 3147 904 καὶ
3191 851 3382 920 φιλεῖν·
3413 870 3499 905 κε-

1831 931 2022 987 λεῦσαί
2053 951 2110 986 τε
2143 935 2236 987 τὸν
2285 935 2634 1004 βασιλεύοντα
2681 935 2823 1001 τότε,
2853 936 2988 989 νεὼν
3017 937 3164 1008 αὐτῷ
3213 939 3504 1008 δείμασθαι

1833 1020 1926 1072 καὶ
1959 1020 2160 1090 βωμὸν,
2203 1021 2269 1073 ἵν’
2299 1021 2397 1094 ἔχῃ
2427 1021 2871 1093 παραμυθεῖσθαι
2921 1024 3007 1076 διὰ
3052 1025 3147 1076 τοῦ
3196 1026 3361 1078 τόπου
3408 1026 3506 1095 τὴν

1835 1107 2030 1176 μανίαν
2055 1109 2082 1159 ὁ
2117 1106 2343 1178 δαίμων.
2379 1109 2486 1160 Καὶ
2512 1111 2539 1171 ό
2566 1108 2665 1176 μὲν
2698 1109 2866 1178 μῦθος
2900 1107 3134 1182 οῦτος,ἡ
3169 1113 3225 1165 δέ
3262 1113 3369 1165 ἀπὸ
3410 1113 3504 1165 τοῦ

1837 1193 2004 1263 μύθου
2031 1196 2294 1264 γενομένη
2327 1195 2496 1264 βλάϐη
2522 1197 2706 1248 οὐκέτι
2757 1197 2923 1267 μῦθος
2954 1196 3040 1270 ἦν.
3090 1201 3306 1269 Ἐπειδὴ
3329 1201 3435 1269 γάρ
3458 1203 3506 1254 οἱ

1832 1281 1939 1333 τῶν
1965 1281 2103 1335 νέων
2126 1281 2413 1334 ἀκόλαστοι
2451 1281 2776 1349 φθάσαντες,
2830 1286 2968 1356 ὅπερ
3013 1285 3168 1356 ἔφην,
3216 1287 3506 1357 ἐξύϐρισαν

1832 1370 1911 1430 είς
1945 1367 2006 1420 :0
2052 1367 2144 1420 τοῦ
2177 1384 2498 1438 προαστειου
2554 1369 2768 1433 κάλλος,
2807 1371 2899 1422 ἐπὶ
2939 1371 3145 1440 κώμοις
3187 1374 3279 1424 καὶ
3316 1373 3505 1442 μέθαις

1833 1455 1930 1516 τὰς
1965 1455 2082 1508 ἐκεῖ
2130 1455 2443 1524 ποιούμενοι
2473 1457 2777 1525 διατριϐάς,
2837 1457 3160 1528 βουλόμενος
3204 1461 3362 1512 τοῦτο
3389 1461 3508 1512 ἐπι-

1831 1541 2052 1612 δοθῆναι
2084 1541 2146 1594 :0
2177 1543 2344 1596 κακον
2379 1546 2405 1606 ό
2435 1543 2700 1609 διάϐολος,
2735 1545 2826 1597 τόν
2873 1563 2930 1596 τε
2966 1545 3131 1615 μῦθον
3161 1545 3381 1606 ἔπλασε,
3413 1548 3505 1598 καὶ

1831 1630 1924 1682 τὸν
1946 1630 2176 1698 δαίμονα
2237 1630 2563 1699 κατῴκισεν,
2591 1631 2665 1694 ὡς
2696 1632 2790 1684 καὶ
2818 1633 3103 1699 ἀσελγείας
3134 1635 3228 1685 καὶ
3253 1633 3507 1695 ἀσεϐείας

1834 1717 2169 1787 ὑπέκκαυμα
2185 1717 2438 1784 γενέσθαι
2470 1717 2652 1788 μεῖζον
2678 1719 2775 1790 τὴν
2800 1719 3037 1790 ἱστορίαν
3069 1719 3271 1791 ταύτην
3303 1720 3504 1782 αὐτοῖς.

1833 1806 1977 1876 Πρὸς
2003 1805 2057 1858 δὲ
2084 1807 2182 1875 τὴν
2208 1804 2362 1858 λύσιν
2381 1807 2491 1858 τῶν
2522 1807 2789 1860 τοσούτων
2817 1808 3005 1861 κακῶν
3029 1801 3153 1879 εὗρε
3183 1809 3384 1879 ταύτην
3409 1809 3508 1879 τὴν

1833 1893 2150 1962 σοφωτάτην
2206 1894 2454 1964 μηχανὴν
2501 1897 2528 1947 ό
2557 1891 2839 1965 βασιλεὺς,
2863 1896 2921 1948 :0
2985 1898 3288 1967 μετοικίσαι
3332 1915 3389 1949 τε
3416 1897 3506 1950 τὸν

1831 1980 2006 2048 ἆγιον,
2043 1981 2134 2034 καὶ
2183 1981 2392 2051 πέμψαι
2450 1982 2538 2035 τὸν
2581 1984 2766 2054 ἔατρὸν
2817 1985 2953 2055 πρὸς
3004 1984 3129 2047 τοὺς
3174 1984 3503 2054 κάμνοντας.

1832 2067 2082 2133 Διατάξει
2135 2069 2232 2138 μὲν
2289 2065 2381 2122 οὖν
2426 2071 2520 2122 καὶ
2573 2071 2828 2143 αὐθεντίᾳ
2879 2071 3129 2141 βασιλικῇ
3166 2073 3264 2143 τὴν
3320 2074 3397 2135 εἰς
3445 2073 3506 2125 :0

1833 2155 2153 2224 προάστειον
2187 2157 2471 2224 ἐγκόπτειν
2500 2158 2616 2211 ὁδὸν
2649 2162 2760 2223 τοῖς
2811 2160 2907 2230 τὴν
2970 2160 3122 2213 πόλιν
3167 2171 3188 2196 α
3240 2160 3502 2221 οἰκοῦσιν,

1813 2242 2002 2326 ’ἐδόκει
2033 2244 2342 2314 τυραννίδος
2391 2245 2551 2314 ἔργον
2580 2243 2712 2299 εἶναι
2749 2247 2945 2318 μᾶλλον
2978 2248 3070 2300 καὶ
3095 2248 3374 2317 ὠμότητος
3413 2249 3507 2301 καὶ

1831 2329 2116 2396 ἀγροικίας
2147 2331 2368 2402 πολλῆς·
2406 2335 2454 2385 εἰ
2482 2333 2538 2384 δέ
2570 2333 2880 2404 προέθηκεν
2905 2335 3004 2396 ὅτι,
3032 2336 3094 2387 Οί
3125 2334 3222 2404 μὲν
3267 2336 3506 2388 ἐπιεικέ-

1834 2433 2012 2487 στεροι
2061 2419 2155 2470 καὶ
2181 2418 2536 2491 μετριώτεροι
2587 2422 3043 2482 ἀναϐαινέτωσαν,
3080 2424 3128 2473 οί
3159 2421 3217 2474 δὲ
3257 2421 3505 2490 ἀσελγεῖς

1833 2503 1926 2555 καὶ
1953 2503 2240 2558 ἀκόλαστοι
2283 2505 2700 2571 κωλυέσθωσαν,
2737 2509 2939 2579 ἄπορον
2977 2505 3044 2579 ἦν
3095 2509 3158 2562 :0
3202 2509 3502 2579 ἐπίταγμα,

1834 2591 1928 2641 καὶ
1949 2590 2103 2654 δίκας
2138 2592 2305 2662 ἐχρῆν
2339 2593 2459 2646 καθ’
2489 2596 2725 2665 ἑκάστην
2754 2596 2995 2663 γίνεσθαι
3023 2596 3121 2668 τὴν
3146 2597 3377 2667 ἡμέραν,
3405 2597 3506 2666 τῆς

1834 2678 2062 2730 ἑκάστου
2095 2680 2422 2750 κρινομένης
2455 2680 2619 2750 ζωῆς·
2649 2683 2884 2753 μόνηνδέ
2905 2683 3013 2736 τῶν
3033 2685 3298 2738 τοσούτων
3320 2685 3506 2736 δεινῶν

1831 2764 2060 2829 διέξοδον
2083 2768 2335 2838 ἀρίστην,
2359 2770 2458 2838 τὴν
2485 2770 2577 2822 τοῦ
2611 2772 2882 2842 μακαρίου
2906 2772 3157 2839 γενέσθαι
3185 2771 3503 2843 παρουσίαν·

1833 2854 1933 2921 τήν
1968 2871 2026 2906 τε
2064 2854 2172 2925 γάρ
2204 2855 2296 2906 τοῦ
2323 2856 2572 2926 δαίμονος
2604 2858 2850 2912 διαλῦσαι
2876 2859 3124 2929 δύναμιν,
3158 2861 3253 2914 καὶ
3277 2861 3372 2929 τὴν
3402 2861 3507 2912 τῶν

1834 2941 1969 2994 νέων
2000 2943 2324 3013 ἐπιστρέψαι
2360 2945 2628 3014 διάχυσιν,
2690 2947 2872 2999 ἱκανὸν
2915 2947 3053 3001 εἶναι
3101 2951 3191 3001 τὸν
3233 2951 3505 3018 μάρτυρα·

1834 3030 1927 3081 καὶ
1951 3031 2051 3082 οὐκ
2083 3032 2290 3101 ἐσφάλη
2322 3032 2418 3101 τῆς
2453 3033 2688 3096 ἐλπίδος.
2724 3036 2872 3104 ’Ἅμα
2901 3053 2957 3086 τε
2980 3037 3087 3106 γάρ
3115 3037 3398 3103 ἐφίσταταί
3426 3053 3507 3097 τις

1835 3117 1897 3185 τῇ
1926 3117 2131 3186 Δάφνη,
2167 3116 2318 3187 [5571
2348 3120 2440 3170 καὶ
2466 3119 2525 3171 :0
2563 3120 2862 3191 μαρτύριον
2889 3122 3089 3185 εὐθέως
3121 3123 3226 3174 ἀπὸ
3269 3123 3377 3174 τῶν
3415 3122 3505 3173 τοῦ

1836 3205 2158 3273 προαστείου
2196 3207 2485 3275 προθύρων
2530 3206 2672 3269 ἰδὼν,
2722 3208 3086 3273 συστέλλεται,
3132 3209 3381 3280 καθάπερ
3423 3227 3508 3271 τις

1833 3289 1952 3352 νέος
1975 3291 2031 3340 ἐν
2055 3292 2341 3361 συμποσίῳ
2374 3292 2718 3359 παιδαγωγὸν
2743 3292 3078 3362 θεασάμενος
3111 3294 3392 3361 ἐφεστῶτα
3415 3297 3509 3348 καὶ

1836 3378 2341 3448 παρακελευόμενον
2375 3378 2463 3431 διὶι
2501 3380 2598 3450 τῆς
2631 3380 2805 3449 ὂψεως
2844 3382 2900 3434 ἐν
2925 3381 3073 3445 τάξει
3103 3385 3166 3453 τῇ
3206 3384 3510 3454 προσηκού-

1837 3480 1904 3535 σῃ
1944 3466 2120 3517 πίνειν
2148 3483 2207 3518 τε
2238 3467 2332 3518 καὶ
2383 3466 2602 3531 ἐσθίειν,
2652 3469 2745 3520 καὶ
2789 3469 3138 3537 φθέγγεσθαι,
3188 3472 3284 3523 καὶ
3322 3472 3507 3542 γελᾷν,

1836 3551 2231 3622 φυλαττόμενον
2263 3555 2333 3624 μή
2367 3571 2468 3606 που
2495 3554 2554 3606 :0
2592 3555 2788 3625 μέτρον
2827 3557 3070 3627 ὑπερϐάς
3111 3560 3207 3628 τὴν
3245 3559 3399 3622 δόξαν
3431 3563 3512 3612 αἱ·

1837 3638 2003 3708 σχύνῃ
2035 3639 2129 3710 τὴν
2161 3641 2376 3693 ἑαυτοῦ·
2401 3641 2689 3711 γενόμενος
2721 3643 2777 3695 δὲ
2803 3645 2908 3696 ὑπὸ
2933 3645 3034 3714 τῆς
3073 3646 3248 3714 ὅψεως
3280 3647 3510 3700 εὐλαϐέ-

1837 3741 2044 3795 στερος,
2078 3727 2278 3780 καὶτὸν
2310 3731 2574 3799 μακάριον
2608 3731 2953 3798 φαντασθεὶς,
2983 3734 3118 3804 πρὸς
3148 3732 3243 3802 τὴν
3269 3734 3511 3803 λάρνακα

1835 3813 2037 3877 εὐθέως
2069 3817 2366 3883 ἐπείγεται,
2397 3819 2490 3871 καὶ
2525 3818 2694 3872 ἐλθὼν
2727 3823 2860 3884 ἐκεῖ,
2895 3820 3118 3890 μείζονά
3143 3840 3199 3874 τε
3228 3825 3510 3894 προσλαμ-

1837 3901 1987 3953 ϐάνει
2016 3902 2200 3970 φόϐον,
2239 3905 2328 3955 καὶ
2351 3907 2530 3957 πᾶσαν
2553 3906 2841 3977 ὀλιγωρίαν
2873 3910 3135 3973 ἐκϐαλὼν,
3165 3914 3256 3963 καὶ
3289 3913 3511 3982 γενόμε-

1837 4005 1924 4049 νος
1957 3987 1982 4026 ιι
2016 3989 2238 4058 πτηνὸς,
2290 3990 2462 4053 οὕτως
2492 3992 2696 4046 ἄπεισι.
2742 3996 2850 4047 Καὶ
2886 3998 3009 4057 τοὺς
3043 3998 3139 4065 μὲν
3168 3999 3228 4050 ἐκ
3261 3999 3359 4068 τῆς
3411 4000 3512 4051 πό-

1836 4074 1972 4138 λεως
2004 4077 2250 4139 ἀνιόντας
2271 4077 2558 4148 δεχόμενος
2598 4081 2706 4131 ἀπὸ
2742 4082 2840 4150 τῆς
2877 4081 3019 4142 όδοῦ,
3079 4083 3217 4152 μετά
3252 4085 3511 4158 τοιαύτης

1839 4163 2195 4234 σωφροσύνης
2222 4164 2584 4234 παραπέμπει
2614 4167 2748 4236 πρὸς
2777 4167 2874 4239 τὴν
2900 4170 2997 4238 τῆς
3025 4171 3241 4241 Δάφνης
3266 4174 3512 4226 ἀνάπαυ-

1840 4267 1943 4314 σιν,
1988 4252 2152 4320 μόνον
2199 4252 2298 4303 οῦκ
2353 4253 2572 4321 ἐκείνην
2632 4257 2816 4318 αὐτοῖς
2869 4257 3102 4310 ἐπιϐοῶν
3150 4260 3249 4328 τὴν
3303 4263 3503 4330 φωνήν·

1851 4336 2246 4406 Ἀγαλλιᾶσθε
2275 4339 2355 4404 τῷ
2387 4341 2582 4407 Κυρίῳ
2609 4341 2677 4393 ἑν
2705 4344 2915 4410 τρόμῳ·
2950 4345 3042 4397 καὶ
3067 4346 3126 4398 :0
3156 4347 3511 4403 ἀποστολικὺν

1838 4423 2166 4492 προστιθείς·
2195 4427 2331 4479 Εἴτε
2351 4427 2601 4490 ἐσθίετε,
2646 4430 2767 4482 εἴτε
2790 4433 3010 4496 πίνετε,
3049 4434 3168 4486 εἴτε
3187 4453 3237 4486 τι
3268 4437 3508 4502 ποιεῖτε,

1837 4509 2033 4563 πάντα
2049 4514 2134 4577 εἰς
2147 4511 2334 4576 δόξαν
2351 4514 2498 4568 Θεοῦ
2521 4513 2760 4570 ποιεῖτε·
2784 4519 2907 4582 τοὺς
2923 4520 2977 4572 δὲ
2999 4523 3074 4585 εἰς
3089 4523 3185 4594 τὴν
3200 4523 3349 4577 πόλιν
3369 4542 3512 4579 κατι-

1837 4597 1996 4661 όντας
2026 4600 2162 4669 μετά
2189 4601 2287 4671 τὴν
2308 4603 2512 4674 τροφὴν
2543 4616 2586 4660 ο.
2604 4607 2651 4657 εί
2677 4609 2914 4678 συμϐαίη
2949 4610 3314 4682 ῥᾳθυμότερον
3341 4615 3514 4668 διατε-

1843 4681 2034 4746 θέντας
2056 4685 2356 4756 ἀπορρῖψαι
2379 4689 2470 4740 τὸν
2493 4690 2728 4758 χαλινὸν,
2749 4693 2840 4743 καὶ
2866 4695 2944 4756 εἰς
2974 4681 3281 4767 κραιπάλην
3311 4699 3403 4750 καὶ
3435 4701 3513 4762 εἰς

1838 4765 2035 4818 ἄτοπον
2077 4767 2422 4839 ἐξενεχθῆναι
2451 4773 2682 4843 τρυφὴν,
2702 4774 2992 4844 δεξάμενος
3016 4765 3195 4831 πάλιν
3220 4765 3513 4848 μεθύοντας

1839 4853 1919 4914 είς
1955 4852 2014 4905 τό
2057 4854 2222 4908 αὑτοῦ
2254 4857 2617 4927 καταγώγιον,
2643 4861 2742 4914 οὐκ
2775 4863 2967 4934 ἀφίησι
2984 4863 3198 4936 τὴνάπὸ
3219 4869 3319 4937 τῆς
3347 4869 3515 4940 μέθης

1843 4938 2046 5011 βλάϐην
2077 4942 2296 5012 ἔχοντας
2331 4947 2513 4999 οἶκαδε
2565 4949 2840 5012 ἀπελθεῖν,
2873 4952 3010 5007 ἀλλά
3041 4938 3384 5026 σωφρονίσας
3436 4938 3514 5026 τῷ

1843 5026 2010 5097 φόϐῳ,
2040 5030 2175 5099 πρὸς
2202 5032 2298 5101 τὴν
2338 5034 2508 5105 αὐτὴν
2537 5035 2802 5105 ἐπανάγει
2832 5040 3014 5109 νῆψιν,
3046 5042 3114 5111 ἣν
3157 5043 3251 5095 καὶ⁹
3283 5043 3389 5112 πρὸ
3417 5044 3511 5096 τοῦ

1840 5118 1904 5186 τῇ
1963 5118 2100 5190 μέθῃ
2146 5120 2508 5192 βαπτισθῆναι
2548 5125 2865 5193 ἐφύλαττον.
2917 5131 3023 5181 Kd‘:
3074 5129 3182 5200 γάρ
3209 5130 3395 5201 ὥσπερ
3430 5149 3513 5195 τις

1840 5202 1982 5273 αὔρα
2017 5205 2185 5275 λεπτὴ
2221 5208 2345 5270 τοὺς
2372 5209 2431 5260 ἐν
2455 5210 2532 5280 τῷ
2583 5217 2870 5286 μαρτυρίῳ
2900 5216 3225 5286 γενομένους
3261 5221 3514 5288 περιπνεῖ

1841 5291 2121 5355 πάντοθεν,
2153 5292 2295 5364 αὔρα
2323 5297 2422 5349 οὐκ
2445 5299 2676 5370 αἰσθητή
2712 5319 2815 5365 τις,
2852 5303 2970 5356 οὐδὲ
2994 5304 3261 5373 σωμάτων
3290 5306 3512 5374 αὐξητι-

1838 5377 1925 5446 κὴ,
1959 5378 2074 5430 ἀλλ’
2109 5382 2189 5443 είς
2217 5381 2386 5452 αὐτὴν
2411 5386 2568 5456 ἱκαιη
2590 5387 2833 5442 διαδῦναι
2861 5389 2959 5459 τὴν
2987 5390 3184 5460 ψυχὴν,
3215 5392 3306 5443 καὶ
3341 5408 3513 5444 κατα-

1841 5465 2131 5519 στέλλουσα
2166 5469 2431 5523 πάντοθεν
2461 5473 2629 5544 αὐτὴν
2659 5477 3030 5546 εὐσχημόνως,
3069 5477 3163 5530 καὶ
3191 5479 3297 5531 πᾶν
3326 5480 3513 5548 γήϊνον

1841 5555 2246 5622 περικόπτουσα
2271 5556 2455 5631 βάρος,
2482 5562 2749 5616 ἀναπαύει
2773 5581 2831 5616 τε
2859 5565 2954 5616 καὶ
2991 5565 3326 5637 κουφοτέραν
3357 5567 3514 5638 ἐργά-

1842 5639 1989 5701 ζεται
2011 5643 2107 5712 τὴν
2131 5643 2335 5714 βεϐαρη
2345 5646 2513 5718 μένην
2544 5650 2636 5702 καὶ
2654 5651 3121 5705 καταπίπτουσαν.

1901 5792 1922 5864 ξ
1949 5790 2100 5864 §avil;
2128 5797 2181 5839 et
2197 5805 2316 5864 mss:
2347 5797 2430 5864 τῄν
2448 5797 2603 5864 πόλιν,
2633 5799 2801 5864 Μητρὶ.
2828 5811 3088 5864 perperam
3113 5802 3196 5856 τήν
3217 5803 3519 5864 οἰκουμένην.

1899 5849 2143 5933 «μιῇ-δός,
2165 5849 2565 5933 a’liqujfd'mafg.
2596 5861 2775 5911 habent
2796 5849 3502 5924 ταπείνός,ειοεέρηιοιίεῆυῑῖξ.

1943 5913 2035 5961 Alii
2061 5913 2259 5975 τροφή-ι,
2274 5917 2352 5964 ηἴὶἱ
2368 5913 2556 5976 τουοήῦ.
