3876 6286
45 388 91 444 :3
803 379 890 436 DE
926 378 984 435 8.
1026 377 1328 446 BABYLA,
1362 374 1634 434 CONTRA
1674 373 2015 433 JULIANUM
2055 376 2146 434 ET
2184 380 2530 441 GENTILES

55 517 143 572 13.
171 513 240 570 Et
263 512 483 586 quidem
514 510 765 582 Daphnes
804 507 1144 580 pulchritudo
1162 507 1249 563 vel
1292 505 1570 578 segniores

45 607 51 663 l
91 623 155 663 se
191 605 390 661 illicit:
435 614 639 675 martyr
682 616 811 656 vero
857 615 957 657 ceu
996 600 1048 655 in
1095 598 1299 669 piscatu
1341 595 1571 666 quodam

46 698 197 760 dens,
225 710 290 751 ac
326 693 749 765 ingredientibus
789 690 1007 746 insidias
1055 704 1267 760 parans,
1295 703 1391 744 eos
1432 687 1573 742 inte-

45 809 85 846 ιη
122 793 350 853 detinet,
378 789 497 844 illos
518 788 666 857 prius
691 785 943 841 decenter
966 784 1202 850 affectos,
1223 783 1301 837 sic
1328 780 1571 845 remittit,

66 896 242 938 amata
258 897 366 936 non
398 878 805 939 contumeliose,
827 876 922 932 sed
946 883 1304 944 temperanter
1318 874 1369 928 in
1394 882 1575 943 postc-

45 993 105 1030 Im
136 985 371 1030 utantur.
401 973 533 1040 Quia
547 971 688 1027 enim
706 986 771 1026 ex
795 970 1095 1024 hominibus
1113 967 1199 1022 alii
1216 966 1458 1038 segnitie,
1485 965 1576 1019 alii

45 1066 340 1121 ecularibus
383 1066 527 1118 curis
573 1061 809 1124 abducti,
852 1060 1043 1114 nolunt
1084 1069 1372 1130 martyrum
1395 1056 1578 1111 thecas

45 1159 163 1224 lire,
192 1158 312 1213 ideo
351 1155 577 1226 providit
625 1154 766 1208 Deus
790 1162 849 1208 ut
873 1153 976 1207 hoc
1019 1152 1356 1207 irretirentur
1390 1149 1574 1214 modo,

66 1251 265 1303 animae
286 1248 562 1302 curatione
587 1244 899 1314 medelaquc
924 1242 1248 1298 fruerentur.
1265 1242 1336 1298 Et
1360 1241 1580 1312 perinde

45 1339 187 1397 :cidit
213 1355 280 1395 ac
301 1340 345 1393 si
376 1340 493 1409 quis
512 1353 713 1406 aegrum
758 1334 1105 1406 congruentia
1122 1333 1356 1389 remedia
1384 1333 1577 1388 admito

46 1448 105 1488 re
138 1432 412 1487 nolentem
444 1468 461 1498 ,
490 1430 837 1499 pbarmacum
866 1427 1007 1481 dulci
1031 1426 1373 1481 condimento
1416 1424 1584 1479 obdu-

45 1542 138 1579 nm
166 1524 420 1587 offerens,
453 1523 742 1593 deciperet.
769 1521 860 1577 Sie
884 1521 1042 1600 igitur
1065 1520 1314 1590 paulatim
1341 1518 1407 1573 ad
1437 1519 1583 1573 sani-

45 1628 160 1671 item
184 1616 413 1679 reducti,
442 1628 511 1670 'eo
536 1615 873 1683 perveniunt,
902 1608 960 1667 u't
981 1627 1085 1667 non
1121 1612 1229 1683 jam
1258 1611 1465 1668 deliciae
1492 1626 1583 1665 so-

45 1725 129 1774 nu,
163 1709 261 1764 sed
289 1709 448 1764 etiam
471 1708 638 1762 sancti
666 1707 987 1763 desiderium
1012 1705 1322 1762 suburbium
1357 1703 1585 1760 adeundi

45 1801 213 1856 :casio
239 1801 310 1854 sit
338 1799 547 1862 multis;
573 1800 680 1853 imo
701 1814 826 1853 vero
847 1797 939 1868 qui
960 1796 1307 1852 modestiores
1322 1807 1466 1861 sunt,
1489 1795 1591 1852 hac

45 1907 102 1946 na
124 1892 196 1946 de
216 1906 377 1947 causa
406 1890 497 1945 illo
523 1890 810 1954 accedunt;
838 1888 926 1959 qui
955 1889 1008 1942 in
1036 1888 1226 1943 minori
1248 1888 1435 1958 gradu,
1455 1887 1592 1942 utri-

45 1998 170 2052 sque
192 1982 269 2035 rei
291 1995 446 2034 causa
463 1998 477 2043 ;
495 1980 582 2050 qui
602 1995 731 2033 vero
745 1979 994 2034 bisetiam
1015 1977 1431 2048 imperfectiores
1447 1985 1591 2049 sunt,

45 2076 70 2128 li
94 2074 320 2127 delicias
357 2080 560 2125 tantum
585 2086 652 2126 eo
679 2071 972 2125 ascendunt
1003 2086 1015 2122 :
1048 2084 1168 2123 eum
1202 2079 1380 2124 autem
1410 2085 1475 2124 eo
1501 2069 1593 2123 ad—

45 2166 271 2229 enerint,
299 2163 499 2218 accitos
535 2171 737 2234 martyr
778 2176 900 2216 cum
940 2162 1052 2215 suis
1088 2160 1259 2230 epulis
1300 2161 1591 2231 exceperit,

45 2258 202 2326 ptima
233 2255 470 2310 munitos
516 2263 807 2321 armatura,
831 2269 935 2309 non
985 2254 1110 2308 sinit
1147 2252 1418 2323 quidpiam
1469 2253 1595 2308 mali

45 2349 108 2403 nti
141 2347 515 2418 :perindcque
559 2348 751 2401 mirum
805 2355 921 2411 est,
967 2347 1179 2402 mollem
1223 2356 1277 2402 et
1314 2345 1594 2402 socordem

45 2441 235 2509 liquem
282 2448 664 2508 temperantem
709 2438 966 2503 reddere,
1018 2447 1073 2493 et
1116 2439 1268 2509 quasi
1308 2454 1374 2494 ex
1422 2438 1594 2494 media

45 2531 211 2584 isania
238 2528 517 2594 reducere,
550 2539 605 2584 ut
627 2530 735 2584 illic
753 2529 1004 2595 efficitur,
1034 2545 1097 2585 ac
1116 2531 1160 2583 si
1180 2531 1301 2599 quis
1331 2530 1380 2583 in
1423 2529 1599 2584 forna-

45 2639 114 2679 em
138 2623 370 2692 illapsus
392 2622 522 2676 nihil
549 2638 613 2676 ex
645 2622 765 2691 igne
786 2622 964 2676 damni
1002 2629 1290 2692 pateretur.
1313 2621 1446 2677 Nam
1471 2622 1595 2677 dum

45 2722 282 2778 Iventus,
313 2713 559 2783 petulans
600 2713 839 2778 audacia,
868 2713 1072 2779 vinum,
1109 2714 1327 2768 satietas
1363 2713 1600 2784 qualibet

45 2823 223 2863 Imma
269 2806 642 2862 vehementius
686 2806 1059 2876 cogitationem
1106 2806 1392 2873 invadunt,
1433 2824 1523 2862 ros
1566 2822 1597 2862 a

45 2914 166 2958 eato
219 2902 338 2955 viro
384 2900 673 2965 immissus,
708 2914 806 2970 per
842 2900 1026 2955 oculos
1066 2901 1118 2955 in
1160 2901 1329 2970 ipsam
1370 2901 1597 2956 descen-

45 3009 134 3048 ens
166 2991 432 3057 animam,
456 2989 725 3045 ﬂammam
764 2990 925 3060 sopit,
955 2991 1259 3046 incendium
1289 2992 1596 3062 exstinguit,

45 3099 367 3155 tagnamquc
413 3083 664 3152 pietatem
696 3083 748 3137 in
771 3083 1007 3138 animum
1052 3084 1289 3139 instillat.
1312 3084 1403 3141 Sic
1445 3085 1603 3154 igitur

45 3185 225 3230 uictus
269 3175 359 3229 ille
396 3173 630 3228 lasciviae
671 3173 1006 3245 tyrannidem
1037 3175 1226 3229 .sulvil.
1267 3174 1383 3243 Quo
1421 3185 1598 3231 autem

45 3277 161 3321 aeto
190 3265 461 3321 damonis
486 3274 801 3334 potestatem
828 3266 1123 3321 exstinxit?
1165 3266 1342 3321 Primo
1382 3267 1597 3337 quidem

45 3374 109 3412 im
139 3358 340 3414 sedem
367 3372 551 3412 eorum
583 3358 749 3424 illam,
790 3368 899 3413 tum
922 3338 1115 3414 fabula:
1140 3375 1332 3414 noxam
1360 3360 1599 3416 inutilem

45 3450 263 3513 addidit,
290 3448 590 3518 deindeque
609 3449 908 3505 daemonem
940 3466 1157 3520 prorsus
1183 3454 1376 3522 exegit.
1400 3453 1596 3508 Verum

45 3550 299 3609 atequam
326 3539 605 3609 ejectionis
631 3540 846 3595 modum
871 3541 1067 3606 dicam,-
1084 3541 1211 3596 illud
1241 3557 1335 3597 vos
1363 3544 1604 3599 animad—

45 3641 223 3685 :rtcre
249 3645 403 3700 rogo,
431 3645 555 3685 eum
583 3631 780 3686 scilicet
821 3648 929 3686 non
967 3633 1147 3687 statim
1192 3642 1351 3704 atque
1387 3634 1603 3690 advenit

45 3737 314 3778 amonem
357 3723 659 3792 expulisse,
701 3722 796 3778 sed
835 3732 1141 3780 manentem
1190 3725 1336 3780 illum
1383 3727 1602 3796 agendis

45 3813 161 3868 ibus
201 3814 446 3881 ineptum
478 3812 795 3878 reddidisse,
825 3828 990 3885 osque
1011 3815 1089 3869 illi
1118 3816 1420 3884 obturasse,
1450 3818 1602 3872 itaut

46 3910 292 3977 lusquam
323 3904 524 3975 lapides
546 3916 748 3960 mutum
779 3907 951 3978 ipsum
980 3907 1230 3964 redderet
1260 3927 1273 3962 :
1300 3925 1400 3965 nec
1427 3912 1602 3966 minus

45 4011 114 4053 ἰιι
160 4008 480 4054 manentem
527 4014 804 4071 superare,
851 4016 1007 4070 quam
1049 4001 1340 4071 expellere.
1391 4004 1469 4057 Ac
1512 4003 1601 4072 qui

45 4091 147 4145 ~ius
181 4105 384 4144 omnes
412 4090 606 4159 ubique
635 4091 881 4146 homines
924 4091 1241 4161 decipiebat,
1272 4108 1339 4149 ne
1365 4093 1601 4148 cinerem

50 4184 227 4238 iidem
271 4182 413 4236 beati
461 4182 674 4254 Babylaa
725 4182 995 4252 respicere
1034 4182 1262 4238 audebat
1291 4201 1306 4240 :
1335 4193 1475 4238 tanta
1521 4190 1606 4239 est

45 4286 321 4332 laetorum
362 4284 635 4345 potestas,
683 4292 908 4346 quorum
949 4275 1237 4331 viventium
1278 4291 1347 4331 nc
1390 4275 1604 4331 umbras

50 4371 227 4424 iidem
256 4382 431 4436 neque
472 4367 788 4422 vestimenta
836 4366 1046 4433 ferunt,
1089 4374 1419 4421 mortuorum
1475 4382 1604 4423 vero

45 4475 191 4531 ipsas
246 4467 505 4515 tremunt.
532 4458 713 4529 Itaque
734 4459 781 4513 si
806 4460 927 4529 quis
965 4459 1329 4528 apostolorum
1355 4460 1522 4529 gestis
1542 4459 1606 4514 ﬁ—

46 4566 116 4602 rm
153 4565 274 4603 non
311 4548 488 4611 habet,
519 4547 602 4603 bis
642 4550 832 4604 saltem
875 4550 1174 4620 conspectis
1216 4551 1600 4620 impudentiam

48 4643 225 4697 ndcm
275 4640 618 4710 ponat.'Nam
645 4642 733 4709 qui
756 4641 953 4707 omnia,
983 4657 1100 4712 qua:
1125 4644 1398 4712 gentilium
1423 4652 1599 4708 erant,

45 4739 118 4790 im
171 4734 408 4794 vicerat,
436 4747 465 4785 a
494 4743 725 4803 martyre
768 4741 1014 4802 tanquam
1036 4733 1104 4788 ab
1130 4732 1262 4788 hero
1303 4734 1605 4804 increpatus

45 4824 237 4878 trandi
268 4821 438 4877 ﬁnem
472 4821 615 4887 fecit,
649 4836 747 4876 nec
769 4822 904 4876 ultra
950 4822 1197 4891 loquutus
1222 4831 1323 4879 est.
1356 4825 1399 4879 A
1432 4825 1605 4895 primo

45 4917 220 4972 iidem
252 4913 556 4976 videbatur,
576 4912 717 4983 quod
750 4912 1130 4968 sacriﬁciorum
1176 4916 1460 4985 cmterique
1487 4914 1602 4969 cui.

46 5023 76 5064 ι
125 5006 420 5076 particeps
465 5020 568 5057 non
610 5012 771 5066 esset,
805 5004 856 5058 id
883 5003 1079 5062 facere.
1113 5006 1209 5061 llic
1233 5007 1375 5061 enim
1405 5007 1606 5062 daemo-

45 5116 118 5154 im
151 5113 285 5152 mos
312 5103 399 5150 est
428 5113 442 5148 :
473 5110 593 5150 cum
626 5095 869 5151 homines
896 5097 1102 5164 nidore,
1134 5097 1280 5154 fumo
1320 5100 1607 5170 sanguines

45 5206 93 5245 ie
126 5192 291 5260 ipsos
316 5187 522 5251 colunt,
554 5195 804 5257 tanquam
830 5202 991 5243 canes
1017 5190 1341 5259 sanguinarii
1368 5200 1422 5246 et
1448 5207 1606 5246 vora—

45 5297 76 5338 s
105 5276 401 5336 lambendi
431 5292 588 5333 causa
623 5278 844 5344 adsunt;
873 5294 994 5334 eum
1025 5290 1205 5335 autem
1230 5297 1416 5338 rursus
1447 5296 1606 5337 nemo

45 5374 303 5444 iidquam
358 5369 558 5439 pra-bet
602 5368 903 5438 bujusmodi
931 5411 947 5436 ,
995 5373 1144 5441 quasi
1182 5371 1319 5427 fame
1356 5383 1599 5443 pereunt.

45 5481 125 5521 tm
150 5460 431 5519 sacriﬁcia
452 5458 767 5526 oﬁ‘eruntur,
785 5459 912 5515 dum
941 5462 1111 5531 turpia
1132 5463 1472 5520 celebrantdr
1492 5481 1608 5539 my-

45 5560 198 5623 nia;
258 5554 395 5611 nihil
444 5554 587 5609 enim
631 5554 773 5610 aliud
817 5562 942 5610 sunt
989 5556 1266 5627 gentilium
1309 5561 1599 5630 mysteria.

45 5667 151 5708 iam
200 5644 457 5703 obseani
486 5660 718 5713 amores,
748 5661 1030 5716 puerorum
1058 5650 1416 5720 contumeliae,
1443 5653 1600 5710 adui.

45 5749 146 5814 rh,
181 5741 486 5797 domorum
530 5737 940 5795 subversiones:
981 5741 1135 5797 mitto
1183 5757 1324 5799 nunc
1370 5747 1599 5804 caedium

3154 390 3256 445 55.8

1677 486 1922 546 sinistros
1952 507 2129 559 mores
2151 494 2190 564 ί,
2214 510 2276 551 ac
2301 495 2431 567 ipsis
2456 497 2691 555 caedibus
2721 501 3011 572 iniquiores
3034 519 3256 566 canas:

1675 578 1802 634 dum
1829 580 1964 650 haec,
1994 584 2230 653 inquam,
2272 586 2629 654 celebrantur,
2674 591 2868 649 adsunt
2890 604 2944 652 ct
2970 597 3259 656 lzetantur:

1676 673 1883 727 etiamsi
1912 675 2160 744 malefici,
2191 678 2397 733 etiamsi
2444 682 2877 753 praestigiatores,
2913 686 3120 745 etiamsi
3161 708 3260 764 pe-

1677 774 1784 820 stes
1806 767 1932 833 sint,
1956 769 2043 837 qui
2069 769 2192 824 talia
2236 784 2494 842 peragunt
2531 776 2813 845 mysteria;
2841 781 2949 833 imo
2986 796 3114 837 vero
3155 801 3261 839 non

1677 858 1765 911 alii
1813 868 1938 913 sunt
1970 861 2060 930 qui
2109 860 2222 916 lucc
2263 863 2657 920 administrant.
2707 867 2933 938 Sapiens
2970 872 3112 927 enim
3156 876 3259 942 vir,

1678 950 1877 1020 probus
1902 963 2063 1025 atque
2090 958 2363 1016 modestus
2388 977 2487 1018 nec
2510 965 2949 1021 comessationem
2974 982 3071 1023 nec
3089 968 3264 1026 ebrie-

1679 1050 1839 1097 tatem
1867 1045 2115 1115 admittit,
2146 1067 2244 1106 nec
2272 1052 2583 1110 obscoenum
2608 1056 2829 1113 verbum
2849 1061 3062 1123 emittit,
3089 1078 3263 1133 neque

1679 1133 1840 1188 alium
1868 1137 1991 1193 talia
2018 1140 2373 1208 profcrentem
2397 1145 2585 1201 audire
2607 1147 2741 1202 vult.
2771 1138 2929 1221 Atqui
2952 1153 3256 1222 Oportebat,

1680 1226 1724 1280 si
1749 1226 1818 1282 de
1857 1231 2130 1286 hominum
2175 1236 2371 1291 virtute
2409 1238 2676 1295 sollicitus
2721 1250 2886 1310 esset,
2919 1253 2975 1300 et
3002 1244 3047 1300 si
3073 1261 3265 1318 sequa-

1680 1317 1821 1372 cium
1850 1335 2069 1378 suorum
2113 1324 2420 1383 felicitatem
2452 1330 2534 1386 vel
2558 1332 2822 1387 tantillum
2862 1344 3098 1401 curaret,
3131 1317 3263 1393 nihil

1682 1412 1859 1483 potius
1895 1415 2186 1486 requirere,
2232 1434 2390 1490 quam
2433 1422 2596 1477 vitam
2648 1426 2907 1496 Optimam
2952 1443 3283 1502 morumque:

1684 1503 2025 1573 probitatem,
2052 1516 2213 1579 atque
2246 1510 2364 1566 illas
2388 1527 2576 1569 omnes
2616 1517 2953 1587 turpissimas
2997 1520 3160 1592 dapes
3182 1539 3270 1577 rc-

1685 1594 1943 1667 linquere.
1975 1598 2083 1656 Sed
2103 1601 2225 1672 quia
2259 1601 2532 1660 hominum
2553 1607 2788 1676 pernicie
2815 1610 2945 1664 nihil
2970 1611 3098 1681 ipsis
3118 1626 3271 1684 opta-

1686 1687 1794 1744 tius
1817 1697 1918 1756 est,
1952 1690 2017 1747 iis
2054 1692 2303 1749 lzetantur
2349 1708 2573 1766 seseque
2618 1697 2868 1754 honorari
2916 1700 3120 1768 dicunt,
3149 1720 3270 1775 qua:

1686 1781 1848 1835 vitam
1873 1790 2109 1839 nostram
2154 1786 2488 1855 subvertere,
2516 1790 2801 1861 omniaque
2849 1791 2987 1847 bona
3032 1794 3271 1851 funditus

1687 1873 1917 1929 evellere
1938 1876 2129 1930 solent.

1762 1966 1850 2021 M.
1892 1965 2103 2022 Dwmon
2128 1970 2231 2025 sive
2252 1973 2511 2028 oraculum
2538 1974 2791 2046 Apollinis
2816 1989 2946 2034 tacet
2974 1983 3036 2036 ob
3060 1999 3274 2055 praesen.

1690 2057 1812 2110 tiam
1839 2055 2184 2129 Reliquiarum
2209 2061 2272 2117 S.
2291 2061 2518 2136 Babylw.
2546 2066 2786 2125 Julianus
2815 2071 3059 2141 Apostata
3083 2078 3274 2131 cultum

1691 2148 1900 2201 deorum
1926 2150 2190 2205 instaurat.
2207 2154 2473 2210 —Primo
2499 2158 2711 2228 quidem
2739 2161 3014 2218 videbatur
3034 2165 3120 2221 hic
3142 2182 3276 2238 quo-

1692 2257 1796 2310 que
1824 2240 2034 2297 daemon
2065 2244 2185 2299 idco
2221 2255 2429 2312 tacere;
2458 2251 2550 2304 sed
2583 2260 2640 2305 ut
2668 2262 2849 2321 postea
2878 2257 3051 2327 palam
3077 2259 3273 2345 Ifactum

1693 2340 1776 2387 est
1799 2374 1812 2395 ,
1842 2334 2070 2389 violenta
2092 2339 2406 2394 necessitate
2427 2343 2748 2412 pra-peditus
2768 2348 2881 2401 erat
2904 2364 2919 2400 :
2942 2334 3115 2404 metus
3134 2351 3275 2406 enim

1695 2425 1980 2480 imminens
2007 2427 2173 2482 instar
2199 2429 2353 2494 freni,
2381 2446 2447 2486 ne
2473 2434 2630 2490 solita
2654 2446 2837 2491 cmitra
2867 2438 3111 2497 homines
3136 2440 3271 2497 frau-

1694 2515 1762 2572 de
1793 2528 2068 2588 uteretur,
2098 2520 2437 2591 impediebat.
2489 2524 2641 2582 Unde
2680 2528 2780 2601 boe
2820 2530 3021 2602 liquet?
3068 2534 3171 2589 Sed
3211 2551 3276 2590 ne

1700 2610 2016 2679 turbemini;
2056 2630 2176 2668 nam
2206 2615 2273 2668 ad
2306 2616 2354 2669 id
2384 2616 2852 2675 demonstrandum
2872 2637 3124 2693 propero,
3140 2636 3281 2693 pos:-

1696 2716 1760 2755 ea
1798 2718 1929 2758 vero
1990 2720 2056 2759 ne
2084 2705 2147 2761 iis
2176 2706 2412 2776 quidem,
2445 2710 2531 2778 qui
2561 2710 2899 2780 impudenter
2925 2729 3082 2784 agere
3112 2719 3275 2772 medi-

1699 2804 1878 2851 tantur
1899 2837 1917 2863 ,
1956 2796 2010 2852 id
2052 2798 2269 2867 licebit;
2303 2816 2407 2854 non
2444 2802 2583 2857 circa
2615 2813 2793 2859 vetera
2825 2806 2912 2861 illa
2942 2807 2994 2862 id
3026 2819 3279 2878 praestare

1697 2895 1976 2956 poterunt,
2008 2904 2112 2944 non
2152 2890 2294 2946 circa
2326 2894 2574 2965 martyris
2611 2905 2928 2964 potesmtem
2954 2941 2969 2965 ,
3003 2915 3106 2954 non
3138 2901 3279 2956 circa

1696 2977 1996 3034 dmmonum
2030 2980 2412 3038 infirmitatem.
2446 2984 2560 3039 Non
2591 2986 2933 3057 conjecturis,
2960 3004 3064 3043 non
3091 2992 3274 3047 verisi-

1697 3071 1995 3128 militudine
2036 3073 2102 3127 ad
2149 3073 2201 3128 id
2245 3074 2718 3132 demonstrandum
2764 3095 2896 3148 opus
2941 3081 3149 3150 habeo,
3184 3084 3278 3139 sed

1674 3161 1871 3231 ,ipsum
1896 3162 2155 3218 dmmonis
2176 3179 2336 3235 super
2355 3166 2438 3221 his
2463 3168 2825 3223 testimonium
2847 3171 3133 3227 exhibebo.
3164 3174 3281 3241 Ipse

1670 3254 1840 3334 'enim
1869 3254 2118 3311 lctbalem
2149 3258 2299 3313 vobis
2325 3258 2530 3329 plagam
2559 3258 3131 3335 inﬁixit,_vcslramque
3166 3283 3277 3323 om-

1672 3362 1820 3401 .ncm
1859 3347 2103 3403 ﬁduciam
2133 3350 2390 3418 praecidit.
2426 3354 2491 3408 At
2533 3368 2628 3408 vos
2663 3369 2730 3409 ne
2761 3355 2834 3410 illi
2875 3360 3231 3415 succenseatis
3259 3371 3272 3408 ι

1699 3453 1805 3492 non
1835 3440 1977 3493 enim
2007 3449 2197 3509 sponte
2226 3456 2312 3497 res
2337 3456 2463 3498 suas
2492 3448 2795 3514 prostravit,
2823 3449 2914 3504 sed
2943 3450 3130 3519 majori
3160 3467 3285 3506 coa—

1697 3539 1814 3585 ctus
1839 3532 2033 3587 virtute
2059 3532 2108 3587 id
2129 3532 2322 3589 effecit.
2353 3534 2411 3590 ιιι
2433 3551 2561 3591 vero
2577 3552 2684 3608 quo
2703 3540 2859 3593 modo
2881 3551 2931 3596 et
2953 3522 3057 3612 qua
3078 3544 3284 3598 ratione

1699 3620 1895 3677 factum
1936 3623 2055 3678 est?
2100 3624 2308 3680 Mortuo
2352 3643 2417 3682 eo
2457 3627 2813 3699 lmperatore,
2856 3634 2944 3702 qui
2994 3644 3280 3707 martyrem

1700 3715 2079 3780 transtulerat,
2109 3717 2324 3774 fratrem
2359 3720 2791 3793 ejustimperium
2830 3734 3200 3796 suscepturum
3230 3729 3282 3783 in

1699 3805 1931 3862 medium
1957 3807 2205 3876 produxit
2226 3811 2287 3875 is,
2313 3812 2403 3880 qui
2427 3812 2498 3867 illi
2518 3813 2657 3869 hunc
2674 3814 2927 3870 honorem
2951 3819 3279 3873 contulerat:

1697 3900 1842 3968 atqui
1871 3900 1957 3955 hic
1984 3901 2101 3956 sine
2124 3902 2423 3959 diademate
2449 3905 2727 3976 imperium
2754 3908 2945 3978 accipit
2973 3927 2987 3963 :
3017 3925 3110 3979 par
3139 3912 3280 3965 enim

1698 4000 1814 4046 erat
1840 3992 1998 4047 etiam
2040 3993 2290 4050 defuncto
2332 3996 2482 4050 fratri
2522 3997 2795 4066 dignitatis
2832 4015 3098 4055 mensura.
3147 4001 3281 4057 Cum

1698 4094 1873 4141 autem
1901 4084 1987 4142 hic
2014 4087 2369 4158 prmstigiator
2397 4105 2458 4144 ac
2486 4090 2742 4144 scelestus
2771 4102 2935 4159 esset,
2964 4095 3135 4162 primo
3164 4096 3284 4166 qui-

1697 4174 1821 4231 dem
1850 4176 1965 4246 ejus
1990 4178 2157 4247 gratia
2189 4181 2277 4248 qui
2319 4179 2417 4234 sibi
2451 4181 2798 4250 principatum
2829 4182 3051 4238 dederat
3073 4225 3088 4249 ,
3119 4183 3246 4239 Cbri
3273 4214 3287 4230 ο

1699 4268 1929 4321 stianum
1970 4283 2029 4323 se
2067 4281 2185 4323 esse
2217 4269 2516 4336 simulavit;
2571 4272 2659 4325 illo
2705 4282 2881 4328 autem
2931 4275 3036 4329 vita
3080 4276 3278 4349 functo,

1698 4358 1903 4429 abjecta
1930 4360 2070 4413 larva
2091 4402 2106 4426 ,
2138 4360 2386 4429 perfricta
2413 4361 2585 4418 fronte
2604 4405 2617 4427 ,
2650 4380 2809 4435 quam
2841 4375 2997 4421 antea
3026 4368 3168 4424 intus
3197 4385 3278 4426 ce

1700 4450 1904 4507 laverat
1932 4436 2365 4525 superStiTionem
2397 4458 2448 4511 in
2478 4458 2709 4512 medium
2741 4461 3050 4529 productam
3082 4465 3282 4519 nemini

1699 4558 1804 4598 non
1833 4545 2163 4599 manifestam
2196 4545 2318 4601 fecit
2345 4564 2359 4601 :
2390 4558 2496 4602 tum
2526 4550 2770 4605 mandata
2800 4551 2990 4623 ubique
3020 4562 3282 4611 terrarum

1697 4635 2061 4701 mittebantur,
2096 4647 2151 4692 ut
2181 4638 2442 4694 idolorum
2468 4642 2660 4709 templa
2694 4644 3142 4714 insmurarentur,
3176 4665 3286 4705 ara:

1698 4728 2076 4793 excitarentur,
2093 4730 2295 4799 pristini
2313 4731 2643 4787 daemonibus
2662 4735 2889 4792 honores
2913 4738 3281 4809 redderentur,

1699 4820 1849 4873 multi
1876 4819 1943 4874 ad
1972 4820 2092 4876 illos
2115 4837 2409 4878 concursus
2437 4825 2596 4881 variis
2616 4842 2679 4882 ex
2708 4829 2839 4885 locis
2869 4829 3055 4886 ﬁerent
3074 4833 3115 4887 ’.
3148 4834 3284 4889 llinc

1698 4912 1858 4981 magi,
1876 4914 2302 4984 przestigiatores,
2316 4926 2486 4981 vates,
2505 4920 2832 4990 haruspices,
2852 4929 3278 4999 tneuagyrt:r(a),

1700 5019 1990 5075 omnesque
2011 5008 2397 5077 prtestigiarum
2423 5010 2652 5068 ofﬁcina:
2679 5015 2909 5085 undique
2931 5034 2994 5072 ex
3023 5028 3133 5073 toto
3153 5022 3301 5076 orbe-

1699 5095 2123 5159 concurrebant;
2151 5098 2436 5169 videreque
2455 5111 2570 5157 erat
2588 5105 2786 5174 regiam
2810 5107 2977 5176 ipsam
3001 5108 3284 5166 infamibus

1701 5183 2037 5255 fugitivisque
2065 5187 2192 5242 viris
2220 5189 2488 5245 refertam.
2517 5194 2648 5248 Nam
2686 5198 2775 5266 qui
2815 5199 2953 5254 fame
2986 5201 3111 5254 olim
3142 5203 3285 5271 peri-

1701 5276 1863 5341 bant,
1891 5278 1979 5347 qui
2011 5279 2062 5333 in
2101 5282 2376 5338 maleﬁciis
2403 5287 2782 5358 vcneﬁciisque
2809 5291 3165 5363 deprehensi.
3195 5299 3283 5368 qui

1700 5369 1900 5425 carceri
1938 5372 2263 5444 mancipati,
2297 5375 2385 5444 qui
2415 5377 2480 5431 ad
2518 5381 2730 5435 metalla
2769 5382 3002 5439 damnati
3036 5384 3281 5453 fuerant;

1700 5458 1786 5515 alii
1805 5474 2016 5532 quoque
2034 5463 2121 5532 qui
2143 5463 2372 5522 sordidis
2389 5468 2594 5525 artibus
2613 5472 2808 5527 victum
2829 5490 3017 5544 parare
3039 5477 3123 5531 vix
3143 5488 3287 5549 pote-

1765 5589 1784 5661 ξ
1815 5590 1957 5661 savii.
1984 5593 2033 5643 in
2057 5601 2197 5661 textu
2222 5603 2274 5647 et
2285 5598 2433 5661 alius,
2459 5602 2669 5653 caedum:
2690 5618 2848 5657 mores
2868 5603 3098 5661 insoliios.

1763 5654 1787 5726 ξ
1818 5660 1958 5726 forte
1976 5654 2167 5726 melius,
2188 5660 2333 5710 multi
2353 5654 2450 5712 me
2467 5671 2720 5726 proventus
2743 5654 3084 5722 mediani?

1765 5712 2163 5801 52)..“3‘1‘31335?
2187 5712 3294 5801 εἱειξξξξιξὶέίιξὲίιῖίὲἶῐπέίιῇὖῖιξῶἤητιειιε

1701 5777 1877 5886 31m
1902 5777 2165 5865 cogebant.
2188 5789 2253 5831 De
2276 5777 2453 5847 quibus
2475 5777 2611 5849 plura
2644 5790 2694 5839 in
2738 5777 3291 5861 collectione-

2126 5989 2152 6011 1
