3876 6286
620 516 759 572 rant,
780 504 1083 561 sacerdotes
1107 514 1161 561 et
1186 506 1320 561 sacri
1350 517 1499 562 vates
1526 506 1703 562 statim
1733 507 1908 564 effecti
1936 525 2129 580 magno
2155 510 2206 563 in

621 599 823 653 honore
838 606 1007 652 erant.
1034 596 1102 651 Et
1126 596 1328 666 Impera
1338 604 1420 651 tor
1441 598 1655 668 quidem
1674 598 1835 653 duces
1852 614 1914 654 ac
1931 601 2207 668 praefectos

618 691 811 744 missos
830 687 1074 748 faciebat,
1091 686 1330 757 nihilque
1350 686 1594 754 ducebat,
1609 691 1840 743 amasios
1852 699 2027 744 autem
2042 690 2203 755 viros,

617 779 1031 847 meretricesque
1051 792 1083 832 e
1104 777 1393 832 fornicibus
1416 779 1502 832 ubi
1531 779 1841 849 prosmbant
1861 780 2101 844 eductas,
2122 796 2207 835 se-

614 885 734 924 cum
759 884 853 939 per
875 870 1059 923 urbem
1082 877 1245 923 totam
1263 878 1317 923 et
1354 869 1560 924 viculos
1601 869 2067 935 circumducebat;
2103 870 2204 923 im-

617 963 914 1032 peratorius
936 972 1115 1016 autem
1145 976 1336 1031 equus,
1369 973 1421 1016 et
1450 963 1753 1031 praetoriani
1783 977 1969 1018 omnes
1995 977 2024 1016 a
2057 970 2205 1031 tergo

616 1053 795 1121 procul
826 1054 1212 1121 sequebantur;
1235 1052 1455 1107 lenones
1476 1061 1530 1107 et
1550 1054 1685 1109 lenze
1710 1063 1955 1123 totusque
1976 1054 2207 1107 amasio-

613 1160 731 1199 rum
745 1152 916 1199 cactus
930 1144 1305 1214 imperatorem
1319 1147 1373 1200 in
1387 1146 1562 1200 medio
1575 1148 1802 1215 positum
1814 1147 2206 1202 circumdantes

613 1251 710 1305 per
739 1235 912 1290 forum
936 1236 1302 1303 ambulabant,
1339 1237 1459 1290 talia
1484 1238 1644 1291 verba
1667 1237 1951 1306 jactantes,
1972 1238 2104 1293 tales
2124 1253 2204 1293 ca-

617 1327 840 1382 ehinnos
852 1327 930 1381 eff
926 1327 1207 1392 undeutes,
1222 1327 1406 1397 quales
1421 1342 1516 1397 par
1531 1338 1646 1382 erat
1659 1328 1960 1398 huiusmodi
1975 1328 2203 1384 officina:

616 1418 882 1474 homines.
905 1419 1114 1474 Scimus
1133 1434 1295 1490 porro
1313 1419 1426 1474 haec
1449 1429 1691 1489 posteros
1711 1421 2037 1476 incredibilia
2058 1431 2198 1491 puta-

614 1521 765 1565 turos
782 1525 923 1575 esse,
944 1510 1014 1564 ob
1032 1510 1372 1565 absurditatis
1393 1512 1809 1581 magnitudinem
1831 1530 1843 1566 :
1866 1529 2037 1583 neque
2057 1514 2198 1568 enim

614 1600 699 1655 vel
733 1600 967 1669 privatus
999 1600 1159 1655 homo
1186 1616 1249 1655 ex
1289 1601 1350 1653 iis
1379 1601 1466 1669 qui
1499 1601 1651 1655 vilem
1694 1610 2008 1671 turpemque
2038 1604 2198 1656 vitam

608 1692 898 1757 duxerunt,
925 1701 1029 1746 tam
1054 1693 1303 1747 indecore
1328 1694 1496 1762 palam
1522 1709 1678 1764 agerc
1702 1695 1845 1749 velit.
1871 1695 1975 1749 Sed
1998 1695 2061 1749 ad
2083 1711 2196 1762 eos,

608 1785 696 1852 qui
726 1784 1017 1839 etiamnum
1044 1787 1359 1854 superstites
1389 1794 1544 1847 sunt,
1574 1787 1716 1840 nulla
1749 1802 1882 1857 opus
1912 1789 2153 1844 oratione
2182 1807 2196 1845 :

607 1892 728 1929 tnnn
759 1877 847 1946 qui
883 1878 1172 1945 przcsentes
1213 1878 1332 1931 talia
1364 1877 1610 1932 viderunt
1632 1921 1647 1943 ,
1682 1882 1794 1934 hare
1828 1879 1938 1948 jam
1970 1880 2197 1935 audituri

605 1980 751 2023 sunt.
795 1968 921 2024 Ideo
945 1970 1085 2023 cnim
1116 1968 1249 2022 vivis
1275 1971 1563 2024 etiamnum
1596 1970 1818 2025 testibus
1847 1970 1960 2025 Iure
1989 1973 2164 2026 scribo
2183 2015 2198 2037 ,

607 2078 675 2116 ne
704 2063 822 2132 quis
866 2078 952 2117 me
991 2072 1173 2116 vetera
1213 2062 1454 2131 quaedam
1497 2063 1861 2130 ignorantibus
1893 2077 2196 2118 narrantem

605 2171 795 2224 magna
823 2155 1036 2209 licentia
1065 2155 1276 2209 mentiri
1304 2154 1592 2210 existimet.
1641 2157 1714 2210 Ex
1748 2157 1812 2210 iis
1848 2156 1989 2211 enim
2017 2157 2105 2227 qui
2132 2172 2193 2212 ea

605 2247 850 2299 viderunt
890 2255 943 2299 et
983 2261 1141 2300 senes
1177 2255 1230 2300 et
1255 2246 1480 2314 juvenes
1502 2247 1676 2301 adhuc
1707 2257 2029 2317 supersunt,
2061 2265 2197 2319 quos

606 2352 736 2406 rogo
765 2351 972 2401 omnes,
1003 2345 1060 2389 ut
1090 2338 1131 2389 si
1160 2336 1283 2406 quid
1311 2352 1338 2389 a
1367 2352 1452 2392 me
1479 2337 1712 2391 additum
1742 2338 1916 2405 fuerit,
1942 2340 2198 2394 accedant

606 2444 796 2498 meque
827 2428 1148 2498 redarguunt
1176 2446 1190 2482 :
1221 2428 1317 2484 sed
1348 2429 1486 2498 quod
1519 2431 1714 2500 aliquid
1743 2432 2036 2487 addiderim
2060 2476 2073 2499 ,
2107 2450 2194 2488 me

512 2552 517 2563 ο
605 2535 831 2590 arguere
862 2536 965 2573 non
1010 2529 1264 2589 possunt;
1296 2521 1434 2590 quod
1468 2521 1771 2588 omiserim,
1802 2534 2021 2593 possunt
2052 2544 2064 2579 :
2096 2542 2192 2580 nc-

604 2627 708 2680 que
735 2611 873 2663 cnim
903 2611 1238 2682 turpitudinis
1260 2626 1512 2666 excessus
1540 2622 1715 2682 potest
1734 2616 1974 2670 oratione
1994 2633 2195 2686 repur-

604 2705 822 2758 seutari.
867 2703 1102 2758 Posteris
1146 2717 1273 2761 vero
1315 2718 1419 2757 non
1460 2703 1741 2759 credituris
1780 2705 1883 2761 hoc
1924 2707 2188 2776 dixerim,

603 2798 900 2852 dmmonem
935 2797 1079 2849 illum
1117 2794 1255 2865 apud
1285 2810 1382 2850 vos
1404 2838 1418 2861 ,
1448 2812 1605 2866 quem
1645 2798 1904 2853 Venerem
1944 2800 2143 2855 vocatis
2173 2844 2187 2867 ,

603 2904 707 2941 non
738 2887 939 2958 pudere
970 2887 1161 2940 talibus
1190 2889 1263 2940 uti
1294 2888 1571 2943 ministris.
1602 2888 1743 2943 Nihil
1780 2890 1958 2959 itaque
1998 2894 2187 2947 mirum

604 2989 686 3034 est
716 2979 759 3033 si
788 2979 951 3034 miser
971 2979 1059 3033 ille
1079 3021 1093 3043 ,
1121 2981 1208 3049 qui
1236 2978 1535 3033 dtemouum
1562 2980 1793 3035 ludibrio
1821 2997 1941 3038 sese
1972 2998 2190 3052 prorsus

558 3084 567 3088 '
601 3071 881 3125 addixerat
905 3111 918 3135 ,
944 3086 1046 3123 non
1087 3069 1284 3138 pudore
1314 3071 1620 3125 afficeretur
1645 3070 1710 3125 de
1731 3071 1923 3139 quibus
1952 3074 2045 3142 ipsi
2078 3074 2183 3139 dii,

598 3178 732 3234 quos
749 3163 861 3232 ipse
883 3162 1102 3228 coleret,
1125 3161 1503 3232 gloriabantur.
1529 3162 1644 3218 Jam
1666 3164 1784 3232 quis
1803 3175 2080 3220 recenseat
2102 3182 2186 3220 ne-

596 3256 917 3310 cromantias
933 3268 1322 3325 puerorumque
1334 3255 1508 3309 ct-des
1521 3255 1543 3307 ?
1554 3255 1683 3313 'ch
1694 3256 1888 3327 quippe
1905 3259 2184 3326 sacrificia,

597 3363 717 3417 quae
737 3358 860 3401 ante
875 3346 1071 3401 Christi
1088 3345 1373 3399 adventum
1394 3347 1637 3401 homines
1665 3346 1859 3402 offerre
1887 3348 1999 3402 ausi
2026 3358 2182 3413 sunt,

599 3451 823 3508 postque
858 3438 974 3506 ejus
1008 3437 1292 3494 adventum
1324 3448 1710 3506 cessaverunt,
1742 3454 1955 3493 rursum
1992 3441 2186 3495 instau-

600 3544 721 3584 rare
747 3544 1027 3598 aggressus
1053 3541 1134 3583 est
1153 3572 1166 3591 ,
1193 3546 1294 3582 non
1322 3530 1535 3599 quidem
1566 3529 1738 3598 palam
1767 3547 1780 3582 :
1805 3531 2011 3584 etiamsi
2041 3533 2181 3586 enim

599 3623 890 3691 Imperator
904 3632 1046 3676 esset
1063 3632 1115 3675 et
1132 3623 1386 3676 arbitratu
1409 3637 1505 3677 suo
1522 3620 1699 3675 omnia
1719 3621 1934 3687 faceret,
1949 3631 2181 3679 attamen

598 3713 849 3768 facinoris
887 3714 1130 3784 impietas
1162 3714 1571 3784 humanitasque
1611 3712 1727 3782 ejus
1755 3714 2028 3783 potestatis
2066 3731 2181 3770 tua-

592 3805 923 3874 gnitudinem
954 3805 1258 3874 superabat.
1292 3804 1417 3858 Illud
1448 3815 1620 3857 tamen
1652 3804 1825 3859 facere
1848 3805 1961 3859 ausi
1995 3814 2136 3860 sunt.

665 3897 752 3951 15.
796 3895 1114 3965 Responsum
1161 3896 1402 3949 da'mom's
1441 3893 1729 3948 ridiculum.
1775 3925 1845 3934 ——-
1886 3895 1980 3950 llic
2022 3896 2182 3966 igitur

598 3988 897 4058 Imperator
941 3989 1195 4057 Daphnen
1243 3989 1546 4058 frequenter
1583 4003 1702 4042 cum
1734 3987 1914 4043 multis
1942 3988 2180 4045 donariis

592 4080 884 4135 ascendens
905 4121 919 4147 ,
951 4080 1190 4149 plurimis
1231 4080 1421 4135 oblatis
1463 4080 1776 4145 sacrificiis,
1809 4089 2178 4152 torrentesque

591 4173 864 4243 sanguinis
882 4188 942 4227 ex
968 4173 1227 4243 pecudum
1252 4174 1572 4227 mactatione
1597 4171 1816 4237 faciens,
1836 4174 2177 4228 vehementer

597 4265 826 4318 instabat
851 4264 1121 4319 oraculum
1153 4281 1181 4317 a
1211 4265 1453 4319 da-mone
1478 4280 1743 4334 quaerens,
1777 4280 2077 4336 rogansque
2093 4282 2178 4321 re-

593 4355 717 4412 ferri
739 4358 878 4411 circa
901 4372 983 4422 ea,
1006 4374 1124 4427 qua-
1149 4358 1198 4411 in
1224 4367 1400 4412 mente
1418 4358 1682 4419 versabat.
1702 4360 1771 4411 At
1795 4367 2046 4414 strenuus
2065 4359 2172 4425 ille,

715 4469 797 4528 Qui
815 4481 979 4532 arente
1002 4481 1258 4532 numerum
1280 4470 1413 4517 novit
1432 4481 1809 4532 mensuramque
1827 4471 1990 4529 maris,

718 4538 772 4581 Et
802 4530 1001 4579 surdum
1026 4530 1276 4592 intelligit,
1302 4537 1354 4578 et
1376 4540 1559 4580 mutum
1591 4530 1740 4589 audit,

596 4645 656 4690 ut
694 4635 808 4706 ipse
849 4633 962 4696 ait,
998 4634 1165 4686 noluit
1192 4632 1403 4702 quidem
1433 4642 1615 4701 aperte
1645 4633 1924 4703 palamque
1955 4634 2133 4689 dicere
2158 4677 2171 4701 ,

593 4745 654 4783 se
679 4730 748 4782 ob
778 4729 987 4783 beatum
1020 4727 1270 4798 Babylam
1293 4767 1307 4789 ,
1342 4725 1676 4794 vicinumque
1708 4726 1850 4779 illam
1883 4728 2129 4782 virtutem
2156 4767 2172 4794 ,

594 4818 866 4872 obstructo
899 4832 1019 4872 esse
1047 4832 1140 4871 ore
1163 4857 1179 4882 ,
1211 4830 1273 4869 ac
1309 4815 1453 4885 loqui
1499 4828 1604 4869 non
1651 4829 1806 4883 posse
1830 4859 1843 4882 ,
1873 4819 2072 4872 veritus
2108 4834 2173 4873 ne

594 4911 886 4966 cultoribus
912 4910 1024 4965 suis
1049 4910 1212 4963 risum
1243 4916 1482 4963 moveret
1507 4949 1520 4973 ,
1549 4924 1651 4962 neu
1684 4908 1851 4962 victus
1878 4909 2046 4978 palam
2077 4909 2174 4964 de-

585 5002 1052 5080 prehenderetur,
1101 5017 1316 5055 eausam
1365 4999 1560 5055 silentii
1605 4999 1816 5069 aperuit
1857 5017 1870 5052 :
1905 5001 2010 5054 imo
2054 5015 2174 5055 sese

583 5095 759 5166 magis
788 5093 1090 5158 ridiculum,
1124 5107 1280 5160 quam
1308 5092 1477 5161 ipsum
1508 5091 1806 5154 silentium,
1837 5091 2126 5145 declaravit
2156 5110 2168 5145 :

590 5203 711 5243 nam
750 5185 965 5242 silentio
997 5183 1213 5255 quidem
1259 5183 1618 5237 infirmitatem
1663 5190 1862 5236 tantum
1895 5197 2043 5237 suam
2074 5182 2172 5238 de-

586 5277 947 5341 monstrabat,
980 5284 1091 5330 tutn
1121 5289 1249 5329 vero
1279 5272 1639 5327 infirmitatem
1668 5273 1862 5340 simul,
1895 5274 2172 5343 turpitudi-

586 5385 708 5426 nem
729 5379 785 5425 et
799 5367 1179 5438 impudentiam
1203 5382 1311 5437 prae
1334 5381 1392 5420 se
1418 5364 1639 5433 ferebat,
1659 5365 1783 5421 dum
1801 5382 1863 5421 ea
1880 5367 2165 5433 occultare,

586 5454 706 5534 quae
725 5461 979 5519 occultari
1002 5476 1106 5515 non
1129 5468 1395 5530 poterant,
1417 5468 1716 5513 conaretur.
1737 5458 1988 5525 Quaanam
2012 5452 2172 5530 igitur

587 5553 702 5608 haec
739 5552 935 5608 silentii
964 5550 1166 5606 causa?
1195 5550 1415 5621 Daphne
1439 5588 1454 5613 ,
1487 5547 1692 5619 inquit,
1723 5548 1869 5603 locus
1899 5556 1983 5604 est
2010 5549 2172 5603 cada-

587 5643 803 5698 Veribus
830 5643 1017 5713 plenus
1045 5684 1060 5709 ,
1090 5641 1247 5711 idque
1287 5639 1564 5695 oraculum
1596 5640 1831 5709 impedit.
1881 5643 1950 5695 At
1976 5650 2172 5710 quanto

588 5733 777 5787 melius
828 5732 1035 5800 fuisset,
1077 5732 1276 5795 miser,
1309 5730 1559 5803 martyris
1595 5730 1843 5786 virtutem
1883 5731 2169 5798 confiteri,

586 5841 745 5896 quam
785 5827 900 5880 haec
940 5824 1274 5892 impudenter
1301 5824 1631 5893 przctcxerc?
1680 5824 1804 5880 llmc
1843 5824 2050 5879 dmmon
2083 5841 2169 5880 re-

1401 371 1439 428 S
1496 371 1772 430 JOANNIS
1809 370 2281 432 CIIRYSOSTOMI
2323 379 2639 437 ARCHIEP.
2684 376 3218 439 CONSTANTINOP.
3277 331 3284 337 .
3335 327 3355 338 .
3795 308 3862 495 4

2318 494 2564 563 spondit,
2596 494 2787 551 stultus
2815 506 2993 552 autem
3024 498 3319 569 Imperator
3338 540 3354 567 ,
3378 502 3533 573 quasi
3560 502 3617 559 in
3641 518 3791 559 scena
3813 500 3861 573 inf

2315 586 2450 643 dens
2492 586 2827 659 fabulamque
2865 605 3027 660 agens
3050 631 3068 659 ,
3097 591 3162 647 ad
3189 576 3403 648 beatum
3433 596 3616 650 statim
3656 596 3862 671 Babyba

2314 682 2560 734 accessit.
2588 681 2770 751 Atqui,
2799 697 2832 737 ο
2856 683 3101 737 scelerati
3128 699 3193 738 ac
3216 685 3661 755 sceleratissimi,
3688 690 3781 743 nisi
3805 686 3862 755 τεά

2315 778 2499 824 mutuo
2523 782 2819 842 sponteque
2844 772 3164 843 deciperetis
3188 784 3243 830 et
3265 775 3330 829 ad
3356 777 3589 842 aliorum
3615 782 3862 848 pernicies

2312 861 2652 917 simulatione
2685 865 2968 918 uteremini
2992 906 3009 931 ,
3039 880 3205 934 quare
3232 874 3289 920 tu
3320 866 3782 925 indiscriminatim
3808 884 3862 925 αλ

2311 951 2506 1006 davera
2528 968 2813 1019 memoras,
2835 963 2890 1008 tu
2914 970 3062 1019 vero,
3080 956 3231 1025 quasi
3253 957 3571 1012 nominatim
3588 966 3641 1014 et
3660 951 3862 1016 distincd

2310 1045 2571 1112 audisses,
2594 1046 2796 1101 relictis
2820 1047 2938 1101 aliis
2961 1059 3203 1102 sanctum
3229 1049 3403 1104 solum
3425 1053 3714 1109 retnoves?

2312 1137 2455 1192 lebat
2501 1137 2642 1192 enim
2696 1139 2989 1193 secundum
3035 1138 3295 1194 dmmonis
3328 1143 3654 1197 sententiam
3721 1137 3862 1205 omnei

2309 1228 2362 1282 in
2406 1228 2627 1298 Daphne
2670 1230 2902 1285 tumulos
2947 1229 3219 1298 effodere,
3248 1239 3305 1287 et
3348 1234 3666 1288 terriculmn
3713 1232 3862 1298 illuin

2308 1319 2530 1375 deorum
2561 1330 2775 1389 aspectu
2803 1336 2964 1391 quam
2994 1321 3302 1393 longissime
3342 1340 3651 1381 removere.
3703 1330 3765 1381 At
3788 1319 3862 1393 ιιι)θῆ

2306 1412 2374 1467 de
2401 1413 2647 1468 omnibus
2668 1455 2683 1480 ,
2712 1414 2918 1483 inquies
2937 1457 2953 1477 .
2982 1415 3328 1472 cadaveribus
3360 1422 3621 1486 loquutus
3648 1430 3751 1474 est.
3785 1412 3861 1481 ω

2307 1520 2434 1575 ergo
2464 1506 2515 1559 id
2547 1522 2649 1559 non
2679 1506 2950 1575 professus
2977 1516 3060 1563 est
3087 1508 3275 1562 clare?
3298 1510 3440 1563 Sane
3471 1509 3568 1564 tibi
3599 1511 3736 1566 hanc
3753 1529 3861 1583 erm

2309 1599 2382 1653 ris
2427 1599 2655 1654 fabulam
2689 1602 2862 1670 agenti
2894 1602 2994 1657 hoc
3018 1603 3242 1673 :enigma
3270 1605 3504 1677 reliquit.
3548 1606 3671 1676 Ego
3695 1649 3710 1669 ,
3736 1608 3862 1677 inquit

2306 1690 2535 1754 da-mon,
2562 1691 2823 1746 cadavera
2852 1692 2972 1748 dico
2992 1735 3008 1757 ,
3041 1709 3114 1748 ne
3139 1709 3226 1750 me
3252 1694 3452 1750 victum
3482 1708 3676 1766 aperte
3702 1702 3862 1761 fatear;

2305 1791 2359 1838 et
2385 1784 2617 1854 alioquin
2662 1785 2823 1839 timeo
2857 1797 3094 1840 sanctum
3140 1789 3452 1842 nominatim
3506 1791 3679 1859 profe:
3694 1809 3754 1846 re
3783 1809 3797 1847 :
3828 1806 3862 1857 ιι

2304 1874 2443 1942 qttod
2469 1874 2666 1939 dictum
2693 1885 2776 1930 est
2802 1875 3035 1946 intelligo
3057 1919 3072 1942 ,
3104 1887 3154 1932 et
3181 1889 3419 1934 sanctum
3451 1883 3631 1936 solum
3659 1900 3827 1939 amove
3851 1896 3862 1939 π

2305 1966 2393 2021 ille
2422 1967 2617 2037 quippe
2644 1980 2705 2022 os
2730 1968 2883 2023 nobis
2909 1968 3199 2024 obstruxit.
3250 1970 3473 2026 Tantam
3508 1991 3710 2045 nempe
3733 1979 3862 2031 cultui

2301 2073 2418 2111 rum
2465 2073 2683 2112 suorum
2725 2059 3045 2114 dementiam
3089 2065 3338 2131 agnovit,
3391 2076 3448 2117 ut
3500 2075 3613 2119 tam
3661 2082 3862 2137 aperiat!

2302 2147 2538 2203 fraudem
2585 2148 2867 2205 advertere
2915 2165 3021 2205 non
3070 2162 3332 2220 possent:
3367 2155 3470 2208 etsi
3516 2158 3667 2211 enim
3716 2164 3862 2215 ornari

2303 2250 2480 2295 mente
2518 2240 2659 2309 capti
2697 2242 2977 2313 insanique
3015 2252 3197 2299 essent
3218 2286 3247 2315 ,_
3265 2260 3333 2300 ne
3360 2246 3438 2301 sic
3476 2249 3706 2318 quidem
3736 2254 3862 2307 clads

2299 2347 2410 2386 sua:
2444 2331 2685 2385 notitiam
2727 2332 2978 2403 obtegere
3016 2343 3261 2403 poterant
3289 2353 3303 2388 :
3333 2337 3404 2392 ita
3441 2353 3647 2409 nempe
3676 2340 3862 2397 clarzid

2298 2434 2478 2495 aperta
2504 2425 2750 2481 omnibus
2780 2435 2914 2481 erat.
2961 2426 3093 2482 Nam
3123 2429 3166 2482 si
3198 2430 3395 2498 polluta
3426 2433 3681 2500 quzedam
3719 2446 3772 2489 et
3797 2452 3862 2489 ex;

2297 2517 2550 2571 sccranda
2570 2533 2657 2573 res
2677 2527 2822 2585 sunt,
2840 2530 2900 2573 ut
2919 2519 3064 2580 dicis.
3097 2521 3368 2576 hominum
3390 2523 3681 2593 cadavera,
3702 2524 3862 2601 quanti

2298 2610 2464 2679 magis
2496 2610 2794 2678 brutorum,
2827 2619 2974 2665 tanto
3005 2612 3208 2667 scilicet
3236 2622 3432 2683 quanto
3463 2615 3567 2671 hoc
3602 2634 3775 2688 genus
3800 2622 3862 2672 illa

2297 2702 2451 2755 vilius
2477 2711 2560 2757 est
2594 2718 2607 2755 :
2639 2703 2802 2757 multa
2840 2718 2968 2757 vero
3001 2719 3192 2757 canum
3217 2746 3231 2769 ,
3265 2706 3541 2762 simiarum
3567 2751 3584 2774 ,
3618 2702 3862 2766 asinoruai

2293 2794 2547 2848 cadavera
2578 2794 2821 2864 proxime
2847 2796 3099 2866 templum
3130 2795 3341 2852 defossa
3367 2808 3493 2853 sunt
3518 2843 3533 2863 ,
3563 2817 3690 2871 qum
3719 2784 3862 2875 potas

2294 2897 2658 2943 transmovere
2695 2888 3011 2957 oportebat,
3040 2888 3138 2941 nisi
3175 2889 3403 2945 fortasse
3430 2890 3691 2949 homines
3720 2896 3862 2951 simiis

2292 2992 2480 3032 censes
2501 2993 2620 3033 esse
2647 2978 2879 3033 viliores.
2912 2978 3011 3034 Ubi
3044 2995 3187 3034 nunc
3213 2989 3355 3047 sunt,
3388 2983 3474 3051 qui
3504 2985 3789 3052 pulchrum
3818 2989 3862 3059 ib

2294 3068 2381 3123 lud
2408 3068 2502 3125 Dei
2527 3069 2815 3138 opificium,
2848 3069 2915 3123 ad
2947 3070 3298 3126 ministerium
3326 3083 3572 3128 nostrum
3606 3090 3862 3143 creatum;

2291 3176 2483 3230 nempe
2504 3161 2694 3227 solem,
2711 3161 3029 3216 contumelia
3050 3161 3289 3216 afficiunt
3310 3204 3325 3226 ,
3350 3172 3405 3219 et
3421 3164 3663 3220 daemoni
3688 3180 3862 3227 astrum

2294 3253 2422 3308 illud
2451 3254 2778 3317 adscribunt,
2808 3262 2967 3324 atque
2993 3255 3136 3311 hunc
3160 3255 3287 3310 illud
3310 3272 3429 3312 esse
3455 3261 3771 3315 affirmant?
3795 3262 3862 3319 Sui

2291 3348 2432 3403 cnim
2454 3390 2468 3413 ,
2495 3348 2843 3403 cadaveribus
2867 3348 3158 3402 innumeris
3188 3348 3239 3402 in
3266 3357 3405 3404 terra
3421 3353 3738 3419 jacentibus
3757 3398 3770 3409 .
3797 3370 3862 3421 ait

2291 3441 2592 3493 universum
2623 3439 2805 3494 orbem
2835 3440 3145 3495 diffunditur
3166 3482 3182 3501 ,
3215 3456 3315 3496 nec
3354 3443 3562 3511 uspiam
3599 3446 3780 3499 radius
3804 3446 3862 3499 id

2290 3531 2555 3586 radiorum
2581 3530 2871 3585 efficaciam
2901 3532 3211 3601 pollutionis
3242 3542 3384 3587 metu
3407 3536 3693 3592 contrahit
3717 3556 3732 3592 :
3759 3541 3862 3591 dem

2288 3635 2467 3680 autem
2497 3634 2674 3679 vester
2698 3639 2797 3679 nec
2824 3633 3030 3694 turpem
3061 3626 3221 3679 vitam
3241 3667 3256 3692 ,
3290 3641 3389 3680 nec
3416 3629 3759 3697 prtcsligias,
3790 3642 3862 3683 nrt

2287 3719 2466 3773 caedes
2493 3726 2771 3772 aversatur
2793 3719 2874 3772 vel
2901 3719 3025 3772 odio
3050 3718 3244 3784 habet;
3270 3719 3363 3773 sed
3392 3720 3590 3788 diligit,
3621 3724 3862 3791 amplecti

2285 3817 2373 3864 tur
2396 3819 2450 3864 et
2476 3816 2650 3874 amat;
2683 3824 2865 3862 verum
2891 3823 3113 3878 corpora
3145 3819 3320 3864 tamen
3346 3821 3533 3865 nostra
3561 3824 3862 3868 avere-ituri

2289 3915 2605 3970 quamquam
2637 3900 2852 3953 malitia:
2879 3901 3105 3969 species,
3133 3902 3292 3955 etiam
3322 3901 3467 3955 illam
3503 3906 3862 3973 pt'mgenlibtd

2283 4006 2489 4044 summa
2507 3990 2922 4059 reprehensione
2938 3991 3095 4062 digna
3111 4005 3230 4047 esse
3241 3992 3485 4047 videatur
3503 4011 3517 4057 ;
3538 4005 3597 4046 at
3613 4006 3862 4049 mortuum

2284 4082 2661 4151 immobileque
2707 4097 2899 4151 corpus
2947 4097 3044 4138 nec
3086 4084 3257 4154 culpa:
3308 4098 3409 4139 nec
3466 4080 3862 4155 reprehensoni

2282 4176 2569 4230 obnoxium
2599 4166 2701 4230 est.
2753 4175 2857 4230 Sed
2888 4176 2987 4230 hoc
3022 4185 3105 4229 est
3132 4176 3353 4231 deorum
3384 4188 3698 4232 vestrorum
3730 4180 3862 4233 insti-

2283 4277 2448 4322 tutum
2474 4308 2489 4332 ,
2520 4277 2577 4321 ut
2600 4266 3005 4331 abominentur,
3039 4283 3156 4336 qnze
3183 4282 3287 4321 non
3322 4268 3689 4321 abominanda
3722 4281 3862 4331 sunt,

2281 4360 2460 4415 colant
2496 4367 2673 4413 autem
2714 4367 2769 4413 et
2808 4359 3105 4429 approbent
3145 4373 3207 4413 ea
3234 4399 3249 4425 ,
3282 4376 3400 4428 qua:
3424 4362 3572 4414 omni
3604 4373 3740 4416 sunt
3763 4363 3862 4415 odia

2282 4460 2335 4506 et
2358 4450 2725 4506 exsecratione
2753 4450 2931 4518 digna.
2980 4451 3043 4504 Et
3082 4449 3251 4505 bonus
3280 4452 3493 4520 quidem
3525 4454 3612 4506 vir
3654 4468 3862 4525 neque;

2279 4556 2411 4596 sano
2435 4541 2681 4606 consilio,
2704 4555 2876 4611 neque
2900 4540 2966 4595 ab
2994 4540 3215 4595 honesta
3242 4543 3451 4597 actione
3481 4559 3579 4611 per
3608 4552 3862 4599 Illorltzuaf

2279 4647 2473 4704 corpus
2509 4632 2897 4697 deterrebitur;
2945 4630 3040 4686 sed
3079 4633 3125 4686 si
3167 4633 3347 4688 animo
3376 4635 3443 4687 sit
3474 4649 3617 4689 sano
3641 4677 3656 4701 ,
3693 4641 3792 4692 etsi
3820 4634 3862 4688 iui

2279 4725 2389 4795 ipsa
2421 4725 2663 4793 sepulcra
2704 4724 3026 4778 domicilium
3058 4725 3253 4779 haheat
3277 4766 3292 4790 ,
3325 4735 3378 4780 et
3418 4724 3862 4797 temperantian

2276 4829 2331 4872 et
2368 4817 2666 4884 justitiam,
2698 4827 2753 4871 et
2792 4818 3040 4872 virtutem
3085 4833 3298 4873 omnem
3340 4819 3649 4877 exhibebit.
3704 4814 3862 4891 Quod

2279 4908 2403 4962 item
2425 4907 2633 4972 artifex,
2659 4923 2777 4977 qua:
2801 4907 2865 4962 ad
2892 4917 3058 4962 artem
3086 4917 3332 4978 spectant
3351 4924 3528 4977 suam,
3551 4918 3749 4967 omnia
3775 4896 3862 4965 sisi

2276 4999 2428 5053 obice
2469 4999 2646 5064 faciet,
2677 4976 2748 5053 iet
2786 4998 3097 5068 rogantibus
3118 4976 3198 5055 ise
3240 4976 3540 5069 praebebit,
3575 5019 3698 5058 non
3732 4976 3862 5056 nudi

2275 5106 2442 5162 prope
2467 5090 2725 5144 cadavera
2756 5091 2969 5157 sedens,
3001 5090 3093 5145 sed
3117 5091 3325 5145 etiamsi
3354 5092 3464 5160 ipsa
3494 5080 3862 5153 defunctoruni

2274 5183 2514 5251 sepulcra
2536 5191 2849 5237 construere
2874 5197 3009 5253 opus
3033 5182 3212 5248 fuerit,
3235 5192 3290 5239 et
3311 5184 3505 5254 pictor,
3539 5195 3599 5241 et
3622 5172 3862 5255 latorum,

2275 5283 2330 5329 et
2364 5274 2509 5328 faber
2531 5315 2546 5341 ,
2578 5282 2633 5329 et
2667 5274 2888 5328 aerarius
2923 5275 3160 5345 sculptor
3182 5316 3197 5341 ,
3224 5275 3458 5344 denique
3496 5292 3710 5334 omnes
3739 5292 3862 5347 smq

2274 5379 2490 5434 operam
2517 5364 2831 5431 conferunt;
2858 5380 2998 5420 unus
3024 5376 3202 5421 autem
3233 5367 3473 5420 omnium
3504 5370 3720 5439 Apollo
3747 5386 3776 5422 a
3802 5385 3862 5420 ea

2274 5456 2555 5510 daveribus
2580 5456 2824 5525 impediri
2852 5472 2912 5511 se
2931 5456 3024 5520 ait,
3048 5461 3331 5528 quominus
3351 5457 3531 5513 futura
3556 5462 3862 5531 prospicias

2277 5547 2433 5618 Atqui
2462 5557 2516 5602 et
2539 5548 2679 5619 apud
2708 5564 2806 5602 nos
2835 5549 2932 5604 viri
2960 5547 3109 5604 fuere
3139 5550 3315 5620 magni
3345 5560 3401 5605 et
3430 5552 3731 5608 mirabiles
3756 5596 3769 5612 .
3797 5544 3862 5617 qi

2275 5649 2398 5696 ante
2428 5641 2571 5696 mille
2597 5649 2653 5696 ct
2678 5641 3095 5713 quadringentos
3121 5656 3288 5699 annos
3317 5659 3404 5698 res
3435 5644 3658 5702 fumus
3691 5647 3862 5716 pra-do

2277 5740 2488 5795 xerunt,
2512 5741 2567 5787 et
2593 5733 2939 5788 vaticinantes
2968 5735 3097 5790 nihil
3128 5738 3316 5790 horum
3344 5738 3751 5806 requisiernnt,
3782 5722 3862 5811 and

2278 5824 2553 5893 conquesti
2581 5835 2739 5892 sunt,
2771 5840 2875 5880 non
2906 5824 3275 5884 defunctorum
3317 5831 3569 5900 sepulcra
3596 5832 3747 5888 dirui
3770 5834 3862 5900 μιν

3860 1062 3862 1205 ἱ

3860 1232 3862 1341 γ

3860 1350 3862 1401 λ
