3876 6286
726 336 812 390 Dii
851 333 908 391 S.
953 336 1245 401 ΒΑΒΥΙΑ,
1285 332 1561 389 CONTRA

1760 335 1846 389 AN
1860 333 1955 390 ΠΜ
1998 335 2087 392 ΕΤ
2122 335 2492 394 GENTILES.

41 430 98 499 εν,
133 431 298 499 ἱερεῖς
325 433 417 483 καὶ
438 426 761 506 ἱεροφάνται
788 432 1154 502 ἀναφανέντες
1192 434 1472 506 ἐξαίφνης,
1501 437 1558 489 ἐν

41 520 59 586 ᾖ
95 513 238 586 ἦσαν
292 521 359 588 τῇ
387 520 540 587 τιμῇ.
576 519 685 571 Καὶ
728 521 755 571 6
802 519 1054 586 βασιλεὺς
1086 524 1419 593 στρατηγοὺς
1464 524 1561 589 μὲν

41 601 301 669 ἱρχοντας
346 595 744 671 παρεπέρτπετο
783 603 875 654 καὶ
923 603 1135 665 οὐδενὸς
1182 604 1333 671 ἠξίου
1380 604 1558 673 λόγου,

41 701 88 744 ις
119 683 178 735 δὲ
217 683 616 752 ἡταιρηκότας,
646 684 740 736 καὶ
777 683 875 746 τὰς
905 685 1012 737 ἀπὸ
1037 686 1129 739 τοῦ
1163 687 1354 755 τέγους
1377 691 1562 755 γυναῖ-

41 769 339 836 ιναστήσας
373 769 479 821 ἀπὸ
513 768 622 821 τῶν
646 771 962 839 οἰκημάτων
982 813 997 837 ,
1036 772 1094 825 ἐν
1125 767 1205 836 οἷς
1233 778 1564 844 προεστήκε-

53 855 174 924 μεθ“
208 854 407 908 ἑαυτοῦ
438 855 535 926 τήν
568 855 723 909 πόλιν
766 857 985 910 ἃπασαν
1034 859 1265 929 περιῆγε
1308 859 1400 912 καὶ
1440 860 1564 921 τοὺς

41 939 223 1002 υπούς.
254 939 361 992 Καὶ
389 939 418 990 6
447 939 545 1009 μὲν
575 938 741 1002 ἵππος
766 941 792 991 6
829 939 1125 1010 βασιλικὸς,
1154 942 1247 995 καὶ
1269 944 1318 994 οί
1340 941 1562 1013 δορυφό-

41 1026 232 1088 ςάντες,
253 1025 478 1079 ὄπισθεν
498 1027 561 1079 ὲκ
590 1026 785 1080 πολλοῦ
807 1027 901 1080 τοῦ
931 1029 1293 1099 διαστήματος
1315 1030 1528 1082 εἵποντο
1548 1045 1560 1058 ·

41 1117 253 1168 ὶόόσκοι
302 1116 357 1169 δὲ
392 1115 603 1187 ἄνδρες,
642 1117 737 1169 καὶ
775 1120 1032 1185 γυναῖκες
1073 1119 1425 1188 προαγωγοὶ,
1472 1119 1565 1171 καὶ

41 1203 59 1255 5
86 1202 199 1255 τῶν
225 1204 606 1273 ήταιρηκότων
635 1204 791 1273 χορὸς
817 1204 907 1258 τὸν
936 1205 1157 1275 βασιλέα
1187 1205 1565 1267 κυκλώσαντες

66 1291 127 1340 ἐν
172 1289 327 1361 μέσῳ
370 1289 457 1342 διὰ
496 1293 597 1362 τῆς
625 1292 827 1362 ἀγορᾶς
870 1290 1194 1361 βαδίζοντες,
1228 1292 1322 1345 καὶ
1344 1290 1566 1344 τοιαῦτα

41 1379 297 1448 γόμενοι,
334 1379 428 1432 καὶ
460 1377 633 1442 οὕτως
684 1379 1189 1449 ἀνακαγχάζοντες,
1224 1380 1299 1442 ὡς
1338 1379 1462 1442 τοὺς
1502 1379 1567 1432 ἐκ

41 1462 309 1530 ἐργασίας
340 1461 557 1530 ἐκείνης
599 1462 744 1526 εἰκὸς
772 1458 860 1532 ἦν.
905 1462 1091 1515 Ταῦτα
1123 1464 1180 1515 δὲ
1212 1463 1452 1533 οἴδαμεν,
1487 1463 1566 1515 ὅτι

41 1543 149 1595 ιεθ⁹
180 1545 332 1614 ἡμᾶς
362 1545 753 1616 γενησομένοις
775 1545 983 1599 ἄπιστα
1009 1540 1148 1599 εἶναι
1174 1545 1335 1609 δόξει,
1360 1545 1448 1598 διά
1468 1546 1566 1616 τὴν

41 1627 271 1691 ἀτοπίας
310 1627 648 1698 ὑπερδολήψ
684 1627 803 1681 οὐδὲ
842 1628 950 1699 γὰρ
983 1627 1047 1681 ἂν
1086 1627 1299 1698 ἰδιώτην
1326 1627 1434 1681 τῶν
1477 1630 1566 1681 εύ-

41 1733 60 1779 ς
103 1734 204 1769 και
238 1718 483 1788 αἰσχρῶς
519 1717 861 1788 βεϐιωκότων
895 1717 1042 1791 [560]
1075 1718 1292 1772 ἑλέσθαι
1342 1718 1565 1772 τοιαῦτα

41 1804 125 1875 ςίᾳ
153 1806 514 1875 ἀσχημονεῖν.
554 1804 714 1858 Ἀλλά
748 1806 886 1877 πρὸς
932 1806 1029 1875 μὲν
1074 1808 1200 1870 τοὺς
1234 1806 1312 1860 ἐτι
1359 1806 1568 1871 ζῶντας

42 1891 103 1954 ὸς
129 1892 329 1961 δέομαι
362 1892 522 1961 λόγου
544 1909 559 1923 ·
592 1895 640 1947 οι
674 1892 785 1963 γὰρ
814 1893 1081 1964 παρόντες
1110 1895 1206 1947 καὶ
1239 1893 1569 1964 θεασάμενοι

41 1997 62 2032 ι
97 1981 389 2050 γινόμενα,
420 1973 567 2033 οὗτοι
596 1981 693 2035 καὶ
722 1981 992 2058 λεγόμενα
1022 1982 1280 2037 ἀκούουσι
1314 1983 1426 2037 νῦν.
1472 1983 1570 2037 Διά

41 2084 107 2119 τοι
132 2067 301 2120 τοῦτο
333 2066 444 2121 τῶν
483 2067 781 2140 μαρτύρων
809 2068 888 2121 ἔτι
922 2069 1220 2139 περιόντων
1247 2069 1464 2142 γράφω,
1485 2071 1571 2125 ἵνα

42 2156 91 2218 ίς
121 2172 195 2225 με
219 2154 289 2208 τά
325 2155 533 2209 παλαιὰ
575 2155 929 2227 διηγούμενον
959 2157 1017 2209 ἐν
1063 2157 1163 2209 οὐκ
1204 2157 1371 2210 εἰδόσι
1423 2159 1566 2229 μετά

41 2242 93 2312 ξς
121 2242 426 2311 ψεύδεσθαι
456 2243 554 2314 τῆς
578 2244 829 2308 ἐξουσίας
854 2243 1072 2316 νομίζῃ.
1105 2243 1226 2298 Τῶν
1251 2244 1360 2316 γάρ
1399 2245 1573 2301 ταῦτα

41 2331 257 2401 ιμένων
294 2331 376 2384 ἔτι
419 2332 512 2385 καὶ
550 2332 804 2404 γέροντες
837 2332 933 2385 καὶ
978 2332 1092 2386 νέοι
1135 2333 1434 2403 περίεισιν,
1478 2332 1573 2409 οὓς

53 2419 314 2481 πάντας,
349 2418 404 2472 εί
423 2436 476 2471 τι
511 2420 640 2489 παρ’
669 2419 804 2490 ἐμοῦ
831 2418 1216 2489 προστέθειται
1240 2459 1255 2485 ,
1289 2421 1572 2491 προσιέναι

42 2506 341 2575 ιελέγχειν.
362 2505 522 2558 Ἀλλά
549 2505 917 2575 προστεθέντα
944 2507 1041 2576 μὲν
1065 2506 1166 2560 οὐκ
1184 2505 1250 2560 ἂν
1270 2506 1568 2575 ὲλέγξαιεν,

41 2611 220 2647 ποντα
255 2594 314 2647 δὲ
351 2594 509 2664 μόνον
529 2612 543 2626 ·
572 2594 694 2647 οὐδὲ
723 2595 833 2665 γὰρ
861 2588 972 2647 οἷόν
998 2613 1058 2647 τε
1092 2597 1275 2648 πᾶσαν
1303 2595 1467 2647 αὑτοῦ
1495 2594 1574 2664 τῷ

81 2680 456 2752 παραστῆσαι
502 2684 604 2752 τῆς
647 2680 1031 2752 ἀσχημονύνης
1090 2682 1188 2752 τὴν
1240 2681 1569 2753 ὑπερϐολήν.

53 2769 112 2822 δὲ
151 2768 291 2829 τοὺς
310 2767 447 2836 μετά
462 2766 631 2821 ταῦτα
664 2769 1065 2839 ἀπιστήσοντας
1093 2769 1269 2820 έκεῖνο
1299 2768 1363 2821 ἂν
1395 2767 1566 2820 εἴποι-

41 2869 88 2904 τι
144 2853 212 2904 Ὁ
242 2851 456 2920 δαίμων
489 2853 517 2904 6
554 2852 686 2921 παρ’
720 2851 869 2921 ὑμῖν,
895 2851 953 2903 ὃν
993 2851 1311 2922 Ἀφροδίτην
1337 2850 1573 2914 καλεῖτε,

41 2932 356 3004 ιίσχύνεται
389 2931 663 2997 τοιούτους
706 2932 846 3004 ἔχων
880 2932 1242 3002 θεραπευτάς.
1281 2933 1446 2985 Οὐδὲν
1483 2928 1576 2986 οὗν

42 3021 220 3074 αστὸν
261 3020 358 3072 καὶ
388 3020 479 3072 τὸν
519 3019 751 3074 δείλαιον
793 3022 1024 3087 ἐκεῖνον,
1064 3022 1155 3073 τὸν
1202 3019 1351 3085 ἅπαξ
1385 3021 1578 3073 ἑαυτὸν

42 3109 246 3161 ωκότα
273 3106 353 3176 τῷ
377 3107 485 3159 τῶν
512 3106 779 3178 δαιμόνων
800 3107 1016 3176 γέλωτι,
1042 3106 1116 3177 μὴ
1144 3105 1577 3174 ἐγκαλύπτεσθαι

41 3191 77 3260 ἴς
116 3197 176 3248 οἱ
227 3194 359 3264 παρ’
394 3193 545 3265 αὐτῷ
582 3195 1010 3267 θεραπευόμενοι
1057 3194 1410 3264 σεμνύνονται
1442 3194 1575 3249 θεοί.

42 3302 43 3317 π
83 3300 181 3346 τις
232 3282 388 3350 λέγοι
422 3280 522 3344 τὰς
570 3282 1029 3351 νεκυομαντείας,
1082 3281 1182 3344 τὰς
1222 3280 1332 3334 τῶν
1374 3282 1579 3334 παίδων

41 3372 139 3437 ἀςς
176 3372 252 3423 Αἱ
284 3368 393 3441 γὰρ
426 3368 611 3423 θυσίαι
637 3369 935 3432 ἐκεῖναι,αί
968 3368 1074 3441 πρὸ
1094 3370 1192 3438 τῆς
1216 3369 1312 3422 τοῦ
1340 3367 1578 3440 Χριστοῦ

41 3460 209 3523 υσίας
246 3456 605 3528 τολμώμεναι
631 3497 645 3521 ,
683 3457 821 3527 μετά
843 3458 900 3510 δὲ
926 3458 1025 3527 τήν
1055 3455 1381 3524 ἐπιφάνειαν
1414 3455 1580 3510 αὐτοῦ

41 3547 355 3608 τταλεῖσαι,
383 3543 688 3614 ἐτολμῶντο
718 3544 901 3609 πάλιν,
938 3542 1188 3614 φανερῶς
1225 3543 1323 3613 μὲν
1359 3544 1541 3596 οὐκέτι
1563 3560 1577 3574 ·

41 3635 96 3708 ἥρ
144 3635 257 3689 καὶ
307 3631 563 3703 βασιλεὺς
615 3627 704 3704 ἦν,
758 3633 852 3685 καὶ
899 3633 1018 3702 μετ’
1065 3631 1314 3696 ἐξουσίας
1368 3632 1583 3686 ἅπαντα

41 3742 185 3790 ιτεν,
224 3722 346 3777 ἀλλ’
368 3723 518 3792 ὅμως
544 3722 578 3792 ἡ
607 3722 706 3792 τῆς
735 3722 843 3776 τῶν
880 3721 1172 3793 δρωμένων
1197 3722 1565 3791 ἀνοσιότητοςε

41 3813 192 3885 Ξολὴ,
233 3810 340 3881 τῆς
367 3809 699 3876 ἐξουσίαςοτὺ
728 3808 959 3881 μέγεθος
991 3810 1242 3881 ἤλεγχεν·
1279 3810 1584 3881 ἐτολμῶντο

41 3920 63 3954 ν
90 3901 289 3970 ὃμως.

57 3986 253 4049 οὗτος
304 3982 371 4054 δὴ
397 3978 492 4037 οὖν
514 3986 543 4037 6
581 3982 830 4053 βασιλεὺς
870 3985 950 4048 είς
976 3985 1074 4055 τὴν
1103 3984 1321 4054 Δάφνην
1346 3986 1585 4055 συνεχῶς

41 4086 47 4113 ι
93 4066 258 4139 μετά
306 4063 518 4119 πολλῶν
547 4066 643 4135 μὲν
677 4066 1068 4137 ἀναθημάτων,
1105 4066 1245 4136 μετά
1274 4066 1486 4120 πολλῶν
1525 4066 1585 4119 δὲ

41 4170 102 4215 w,
138 4149 251 4205 καὶ
281 4147 619 4219 χειμάρρους
657 4150 908 4220 αἱμάτων
938 4148 1307 4220 ἐργαζόμενος
1343 4150 1452 4203 ἀπὸ
1485 4151 1585 4221 τῆς

41 4233 404 4307 θρεμμάτων
449 4234 698 4303 σφαγῆς,
740 4234 990 4287 ἐπέκειτο
1024 4233 1257 4304 σφοδρὸς
1281 4236 1311 4277 b
1353 4233 1445 4286 τὸν
1471 4233 1586 4287 δαί⁴

54 4316 334 4392 χρησμὸν
369 4316 620 4369 ἀπαιτῶν
659 4315 754 4368 καὶ
798 4315 965 4380 ἀξιῶν
998 4317 1243 4387 ἀναιρεῖν
1294 4315 1435 4389 ὑπὲρ
1474 4316 1584 4369 τῶν

48 4404 302 4472 γνώμην
341 4399 507 4470 αὐτῷ.
544 4399 602 4453 '0
628 4399 686 4453 δὲ
716 4401 962 4466 γενναῖος
995 4400 1227 4463 ἐκεῖνος,

41 4485 351 4554 ὶ-ξίράμμου
374 4481 424 4534 τ’
445 4480 693 4551 ἀριθμὸν
712 4480 885 4547 εἰδὼς
910 4480 1222 4604 κὲἐίιέτρα
1240 4479 1583 4551 θαλάσσης,

41 4558 57 4604 ὶ
86 4553 319 4604 κωφοῦ
363 4553 623 4604 συνιεὶρ.
660 4551 758 4604 καὶ
789 4553 858 4604 οὐ
890 4555 930 4604 λ
1045 4568 1222 4604 οντοι·
1254 4552 1510 4604 ἀκούων.

41 4551 319 4624 ὶόιώροῦ
363 4553 623 4617 συνιεὶς,
660 4551 758 4604 καὶ
789 4553 858 4604 οὐ
890 4551 1222 4627 λαλέοντος
1254 4552 1510 4614 ἀκούων,

41 4657 160 4710 qm,
195 4636 265 4690 τὸ
317 4634 419 4703 μὲν
449 4636 623 4687 εἰπεῖν
655 4633 955 4704 διαρρήδην
986 4635 1081 4686 καὶ
1113 4632 1320 4701 σαφῶς,
1367 4634 1451 4686 δτι
1497 4634 1585 4688 διὰ

41 4741 156 4791 γιον
193 4717 460 4773 Βαδύλαν
489 4718 582 4771 καὶ
607 4717 708 4788 τὴν
731 4718 796 4770 ἐκ
825 4717 1084 4785 γειτόνων
1113 4715 1342 4787 δύναμιν
1369 4719 1585 4770 ἐπιστο-

41 4809 94 4872 ὶς
130 4808 203 4861 06
236 4803 513 4856 δύναταιε
546 4801 901 4871 φθέγγεσθαι,
935 4801 1307 4873 παρῃτήσατο,
1334 4799 1585 4865 δεδοικὼς

41 4893 216 4946 ἄωτοι
254 4885 416 4956 παρὰ
455 4891 567 4950 τοῖς
616 4885 982 4958 θεραπευταῖς
1026 4885 1165 4958 ὄφλῃ
1197 4886 1311 4947 τοῖς
1348 4884 1543 4938 ἐαυτοῦ
1565 4902 1578 4915 ο

41 4991 218 5049 μενος
256 4971 320 5023 δὲ
351 4971 644 5024 συσκιάσαι
672 4970 772 5039 τὴν
801 4965 991 5042 ἧτταν,
1023 4965 1144 5021 εἷπε
1184 4969 1456 5038 πρόφασιν
1485 4968 1583 5037 τῆς

41 5101 54 5125 ,
85 5059 125 5129 ἢ
167 5052 392 5128 μᾶλλον
423 5053 588 5106 αὑτὸν
624 5052 1160 5124 καταγελαστότερον
1199 5054 1447 5122 ἀπέφηνε
1484 5053 1583 5122 τῆς

41 5186 54 5199 .
104 5134 409 5205 Ἑκείνῳά
448 5136 544 5205 μὲν
577 5136 688 5208 γὰρ
735 5136 800 5191 ἂν
830 5137 930 5209 τὴν
955 5137 1241 5190 ἀσθένειαν
1279 5137 1438 5205 μόνον
1473 5138 1583 5189 ὰπ-

41 5227 114 5298 ψε
155 5223 277 5293 τὴν
298 5219 526 5282 ἑαυτοῦ,
552 5221 670 5273 νυνὶ
698 5220 754 5273 δὲ
782 5221 877 5273 καὶ
904 5219 1003 5291 τὴν
1038 5219 1343 5278 ἀσθένειαν.
1370 5220 1465 5273 καὶ
1485 5220 1585 5290 τὴν

41 5310 317 5375 ιοσύνην,
350 5303 442 5356 καὶ
467 5303 564 5374 τὴν
589 5303 971 5373 ἀναισχυντίαν
988 5302 1175 5369 ἔδειξε,
1206 5302 1277 5356 τά
1304 5303 1575 5356 ἀσυσκίαο

41 5388 389 5453 πυσκιάζειν
433 5386 748 5459 ἐπιχειρῶν.
807 5386 906 5446 Τίς
933 5386 1042 5456 γὰρ
1076 5389 1109 5457 ἡ
1137 5386 1407 5459 πρόφασις
1435 5402 1450 5453 ;
1486 5387 1586 5441 Ne.

41 5481 206 5540 ἐστι,
260 5472 423 5542 φησι,
455 5470 518 5542 τὸ
543 5470 742 5542 χωρίον
761 5471 799 5542 ή
833 5470 1018 5542 Δάφνη
1051 5470 1267 5542 μεστὸν,
1295 5469 1401 5542 καὶ
1423 5468 1583 5542 τοῦτο

50 5568 69 5604 ι
100 5533 212 5601 τὸν
247 5533 669 5613 χρησμόν.’Καὶ
703 5533 854 5611 πόσῳ
894 5533 1099 5611 βέλτιον
1146 5533 1258 5610 ἦν,
1286 5533 1331 5595 ὦ
1356 5539 1577 5603 δείλαιε,

41 5684 134 5721 nus
161 5664 342 5718 codex
364 5660 515 5710 habet
536 5661 869 5719 ἐναντιότητος.

46 5736 140 5782 τὶι.
170 5735 237 5777 et
265 5725 373 5787 duo
411 5736 545 5787 mss,
566 5725 799 5787 σφοδρῶς.
837 5722 944 5773 Mox
971 5735 1098 5772 unus
1127 5722 1269 5778 ἀξιῶν
1308 5721 1426 5785 ἐρεῖν
1468 5723 1584 5786 ὑπὲρ

41 5796 134 5845 ius
151 5788 323 5845 ἀξιῶν
348 5784 468 5848 ὑπὲρ
488 5786 604 5836 τῶν.

44 5857 134 5905 \‘il.
167 5851 414 5959 δὺνῖμ-αξ-

44 5934 92 5959 ιη
123 5926 266 5959 mss.
316 5923 414 5958 xm

41 5934 92 5970 to
123 5926 266 5967 mss.
291 5923 508 5964 εκεινως.

1661 437 1753 490 τοῦ
1788 440 2063 512 μάρτυρος
2095 444 2426 517 ὁμολογῆσαι
2459 446 2556 517 τήν
2584 446 2833 520 δύναμιν,
2888 448 2919 519 ἢ
2961 448 3130 511 οὕτως
3171 450 3323 504 ἀναίο

1664 537 1862 589 σχυντα
1892 528 2355 593 προφασίζεσθαιί
2398 530 2508 582 Καὶ
2537 531 2564 583 6
2595 530 2692 599 μὲν
2719 531 2927 599 δαίμων
2960 529 3164 584 ταῦτα·
3203 533 3230 584 6
3266 532 3324 586 δὲ

1663 602 1887 673 ἀνόητος
1918 604 2192 674 βασιλεὺς,
2225 610 2477 681 καθάπερ
2502 613 2559 665 ἐν
2589 615 2759 681 σκηνῇ
2791 611 2997 676 παίζων
3020 614 3112 665 καὶ
3142 612 3325 683 δρᾶμα⁹

1664 684 2106 757 ὑποκρινόμενος,
2139 693 2231 743 ἐπὶ
2253 694 2344 745 τὸν
2375 693 2645 765 μακάριον
2667 693 2867 757 εὐθέως
2895 691 3026 765 ἦλθε
3053 694 3322 751 Βαϐύλαν.

1663 768 1877 832 Καίτοι,
1914 765 1959 822 ὦ
1990 774 2175 841 μιαροὶ
2215 776 2310 827 καὶ
2357 776 2671 846 παμμίαροι
2695 817 2709 839 ,
2742 778 2790 828 εί
2827 776 2902 848 μὴ
2931 776 3193 847 ἀλλήλους
3237 776 3325 842 ἐξ·

1662 852 1910 930 ηπατᾶτε
1956 853 2176 918 ἑκόντες
2221 858 2313 908 καὶ
2361 857 2830 928 συνυπεκρίνασθε
2881 859 3018 930 πρὸς
3072 857 3171 930 τὴν
3213 860 3324 913 τῶν

1663 928 1864 984 λοιπῶν
1887 934 2181 1001 ἀπώλειαν,
2220 937 2273 990 τί
2318 941 2515 1010 δήποτε
2568 942 2632 994 σὺ
2679 940 2776 1011 μὲν
2809 928 2987 1009 λέγεις
3025 928 3325 1011 ἀνωνύμως

1664 1012 1758 1063 καὶ
1790 1014 2108 1086 ἀδιορίστως
2132 1019 2258 1081 τοὺς
2300 1023 2557 1090 νεκροὺς,
2596 1023 2660 1075 σὺ
2702 1022 2759 1074 δὲ
2783 1063 2797 1088 ,
2831 1021 2905 1086 ὡς
2933 1022 3194 1093 ὀνομαστὶ
3233 1024 3326 1084 καὶ

1668 1093 1807 1160 μετά
1831 1094 2111 1169 διορισμοῦ
2139 1117 2282 1164 τινος
2315 1102 2576 1169 ἀκούσας,
2602 1103 2710 1158 τῶν
2735 1104 2909 1158 ἄλλων
2938 1104 3090 1176 [561]
3121 1105 3325 1176 ἀφέμε-

1638 1188 1753 1258 Δνος
1793 1176 1883 1229 τὸν
1927 1179 2081 1247 ἅγιον
2114 1183 2272 1253 μόνον
2300 1189 2501 1251 κινεῖς;
2545 1187 2744 1258 Ἐχρῆν
2772 1188 2880 1256 γὰρ
2913 1186 3055 1241 κατά
3092 1187 3191 1258 τὴν
3228 1186 3323 1240 τοῦ

1665 1255 1917 1342 δαίμονος
1955 1266 2231 1333 ἀπόφασιν
2271 1269 2451 1332 πάσας
2481 1255 2799 1342 ἀνορύττειν
2828 1255 2926 1332 τὰς
2956 1271 3014 1321 ὲν
3038 1272 3104 1340 τῇ
3143 1255 3325 1341 Δάφνῃ

1667 1336 1859 1422 θήκας,
1911 1348 2004 1398 καὶ
2045 1349 2105 1400 τὸ
2138 1352 2533 1421 μορμολυκεῖον
2565 1336 2663 1422 τῆς
2692 1353 2799 1405 τῶν
2832 1352 2969 1405 θεῶν
3000 1336 3174 1421 ὄψεως
3222 1336 3327 1405 ἀπζ

1667 1417 1821 1487 άγειν
1851 1426 1926 1490 ὠς
1961 1432 2318 1500 πορρωτάτω.
2361 1434 2500 1486 Ἀλλ’
2530 1436 2590 1486 οὐ
2624 1436 2752 1505 περὶ
2791 1436 3007 1489 πάντων
3044 1436 3165 1492 εἷπε
3219 1436 3327 1487 τῶν

1668 1506 1896 1588 νεκρῶν.
1935 1511 2000 1564 Τί
2029 1510 2121 1566 οὖν
2144 1516 2300 1567 τοῦτο
2325 1518 2386 1570 ού
2413 1516 2709 1588 διαρρήδην
2734 1516 3113 1587 ὡμολόγησεν;
3139 1516 3215 1571 Ἦ
3247 1518 3329 1570 σοὶ

1666 1585 1727 1636 τδ
1773 1588 1956 1661 δρᾶμα
2002 1596 2417 1668 ὑποκρινομένῳ
2597 1585 2816 1670 ’πλάνης
2857 1585 3016 1653 τοῦτο
3047 1599 3227 1670 ἀφῆκε
3270 1601 3330 1652 τὸ

1669 1670 1919 1754 αἴνιγμα.
1976 1676 2119 1747 Ἐγὼ
2169 1680 2267 1750 μὲν
2314 1680 2423 1752 γὰρ
2471 1681 2616 1749 λέγω
2670 1681 2796 1744 τοὺς
2851 1683 3098 1752 νεκροὺς,
3143 1685 3329 1754 φησὶν.

1667 1753 1808 1836 ῶστε
1840 1756 1916 1828 μὴ
1943 1757 2109 1831 δήλην
2133 1764 2386 1829 γενέσθαι
2425 1766 2523 1835 τὴν
2547 1761 2717 1836 ἧτταν
2741 1782 2756 1795 ·
2792 1764 2886 1816 καὶ
2908 1764 3080 1827 ἄλλως
3108 1753 3216 1836 γὰρ
3241 1765 3328 1818 δέ-

1667 1834 1821 1890 δοικα
1853 1840 2112 1911 ὀνομαστὶ
2138 1845 2228 1897 τὸν
2261 1844 2416 1915 ἆγιον
2462 1834 2657 1912 εἰπεῖν,
2707 1846 2770 1898 σὺ
2813 1846 2869 1898 δὲ
2901 1848 3009 1900 νόει
3034 1848 3094 1900 τὸ
3120 1834 3329 1919 λεχθὲν,

1669 1921 1763 2004 καὶ
1793 1923 1915 1974 ἀντὶ
1941 1925 2158 1980 πάντων
2192 1928 2332 1982 κίνει
2363 1930 2452 1982 τὸν
2490 1931 2744 2001 μάρτυρα
2764 1947 2777 1961 ·
2817 1933 3020 1996 ἐκεῖνος
3051 1932 3159 2003 γὰρ
3184 1934 3331 2004 ήμᾶς

1670 2003 2015 2075 ἐπεστόμισε.
2048 2009 2118 2061 To
2130 2011 2326 2082 ταύτην
2346 2014 2594 2080 κατέγνω
2620 2013 3011 2085 ’παραπληξίαν
3037 2015 3142 2069 τῶν
3171 2003 3334 2088 θερα-

1672 2087 1945 2141 πευόντων
1971 2092 2150 2155 αὑτὸν,
2178 2093 2252 2155 ὡς
2275 2092 2417 2147 οὕτω
2442 2096 2679 2165 φανερὰν
2708 2097 2920 2166 ἀπάτην
2944 2098 3016 2168 μὴ
3036 2087 3332 2169 δυνηθῆναι

1674 2169 1921 2225 συνιδεῖν.
1980 2175 2042 2226 Εἰ
2071 2176 2179 2247 γὰρ
2214 2176 2579 2247 ἐξεστήκεσαν
2612 2181 2869 2243 ἅπαντες,
2913 2182 2961 2231 εί
2986 2180 3094 2251 γὰρ
3124 2183 3335 2254 ἐμεμή-

1671 2268 1831 2305 νεσαν
1851 2295 1864 2319 ,
1903 2256 2012 2309 οὐδ’
2038 2258 2103 2312 ἂν
2129 2259 2192 2311 οῦ
2205 2278 2274 2312 τω
2302 2261 2556 2330 διέφυγον
2594 2262 2691 2333 τὴν
2722 2262 2822 2332 τῆς
2855 2264 3024 2332 ἥττης
3055 2264 3336 2333 κατάγνωο

1675 2350 1777 2401 σιν,
1806 2337 1947 2391 οὕτω
1977 2342 2187 2413 φανερὰ
2214 2344 2377 2397 πᾶσίν
2408 2346 2521 2397 ἐστι
2546 2347 2639 2399 καί
2666 2349 2858 2419 σαφής.
2889 2348 2951 2399 Εἰ
2978 2348 3086 2418 γὰρ
3117 2349 3331 2417 μίασμά

1672 2435 1723 2470 τι
1758 2425 1848 2473 καὶ
1882 2425 2050 2494 μύσος
2090 2428 2257 2491 ἐστὶν,
2286 2428 2361 2491 ὡς
2393 2430 2530 2498 φῂς,
2579 2430 2649 2484 τὰ
2678 2432 2849 2502 νεκρά
2879 2431 2986 2486 τῶν
3030 2430 3334 2503 ἀνθρώπων

1676 2503 1925 2575 σώματα,
1952 2510 2131 2580 πολλῷ
2167 2511 2365 2580 μᾶλλον
2391 2514 2457 2565 τὰ
2487 2512 2593 2565 τῶν
2633 2513 2865 2582 ἀλόγων,
2898 2515 3007 2585 ὅσῳ
3037 2516 3131 2566 καὶ
3160 2513 3221 2566 τὸ
3248 2514 3336 2581 γέ-

1673 2603 1762 2651 νος
1802 2591 2121 2663 ἀτιμότερον
2153 2594 2248 2646 τοῦ
2292 2595 2483 2662 γένους
2502 2613 2514 2625 ·
2550 2595 2761 2648 πολλῶν
2791 2597 2849 2649 δὲ
2880 2597 2973 2649 καὶ
3003 2596 3199 2660 κυνῶν,
3241 2597 3337 2648 καὶ

1675 2670 1945 2740 πιθήκων,
1964 2677 2057 2726 καὶ
2072 2675 2208 2729 ὄνων
2228 2676 2363 2730 ὀστᾶ
2388 2677 2613 2747 πλησίον
2638 2677 2730 2730 τοῦ
2750 2676 2877 2730 ναοῦ
2900 2676 3335 2748 κατορώρυκται,

1678 2753 1948 2806 καὶταῦτα
1966 2756 2164 2825 μᾶλλον
2185 2758 2348 2828 ἐχρῆν
2372 2761 2701 2828 μετακινεῖν,
2714 2763 2762 2812 εί
2778 2759 2852 2830 μὴ
2865 2759 3110 2829 πιθήκων
3125 2760 3221 2812 ἀνθ
3231 2759 3339 2830 ρώ-

1678 2854 1811 2900 πους
1831 2839 2179 2911 ἀτιμοτέρους
2194 2843 2319 2912 ήγῇ.
2341 2842 2451 2895 Ποῦ
2478 2842 2571 2897 νῦν
2586 2845 2720 2897 εἰσιν
2746 2847 2793 2896 οί
2815 2844 2874 2896 τὸ
2903 2843 3064 2895 καλὸν
3089 2842 3182 2895 τοῦ
3200 2841 3337 2896 Θεοῦ

1676 2920 2063 2993 δημιούργημα
2092 2926 2183 2977 καὶ
2212 2926 2344 2996 πρὸς
2377 2928 2679 2998 ὑπηρεσίαν
2707 2928 2978 2999 ἡμετέραν
3008 2927 3225 2995 γεγονὸς
3247 2927 3338 2979 τὸν

1676 3004 1827 3073 ἥλιον
1856 3008 2249 3077 ἐνυϐρίζοντες,
2285 3010 2379 3062 καὶ
2403 3010 2480 3080 τῷ
2508 3011 2722 3080 δαίμονι
2754 3012 2815 3064 τὸ
2844 3014 3042 3082 ἄστρον
3071 3011 3337 3081 ἐπιφημί-

1680 3085 1895 3151 ζοντες,
1932 3090 2025 3140 καὶ
2064 3090 2221 3142 τοῦτο
2251 3091 2455 3145 ἐκεῖνον
2499 3089 2636 3146 εἶναι
2680 3094 2963 3161 λέγοντες;
3008 3095 3065 3145 '0
3101 3093 3199 3162 μὲν
3229 3092 3338 3161 γὰρ

1677 3168 1845 3238 ἥλιος,
1877 3170 2084 3241 μυρίων
2116 3173 2172 3223 ἐν
2198 3174 2261 3243 τῇ
2288 3177 2359 3244 γῇ
2388 3177 2655 3245 κειμένων
2684 3176 2914 3245 νεκρῶν,
2936 3177 3176 3244 ἐκχεῖται
3199 3176 3338 3228 κατά

1677 3252 1776 3319 τῆς
1813 3253 2172 3324 οἰκουμένης,
2216 3257 2310 3308 καὶ
2353 3257 2591 3327 οὐδαμοῦ
2640 3258 2919 3311 συστέλλει
2965 3262 3066 3320 τὰς
3115 3258 3338 3321 ἀκτῖνας

1679 3334 1800 3387 οὐδὲ
1844 3336 1943 3406 τὴν
1980 3338 2045 3388 ἐκ
2080 3338 2284 3391 τούτων
2348 3340 2630 3411 ἐνέργειαν
2663 3340 2750 3394 διὰ
2779 3341 2906 3404 τοὺς
2943 3338 3280 3411 μολυσμούς·
3311 3340 3341 3391 6

1679 3417 1735 3470 δὲ
1775 3418 1892 3482 θεὸς
1919 3421 1946 3471 6
1979 3419 2241 3491 ὑμέτερος
2277 3420 2425 3491 βίους
2454 3425 2552 3492 μὲν
2578 3424 2838 3494 αἰσχροὺς
2874 3425 2966 3477 καὶ
3005 3422 3348 3494 μαγγανείας,

1681 3504 1773 3554 καὶ
1819 3503 2010 3571 φόνους
2047 3506 2147 3557 οὐκ
2184 3507 2617 3575 ἀποστρέφεται,
2662 3509 2783 3560 οὐδὲ
2830 3510 3012 3578 μισεῖ,
3061 3508 3196 3560 ἀλλὰ
3245 3507 3343 3558 καὶ

1682 3587 1891 3656 ἀγαπᾷ,
1914 3588 2007 3639 καὶ
2040 3588 2344 3652 ἀσπάζεται
2372 3592 2465 3643 καὶ
2495 3590 2664 3660 φιλεῖ·
2686 3589 2915 3662 σώματα
2935 3590 2991 3644 δὲ
3014 3590 3339 3662 ἐκτρέπεται

1681 3670 1750 3722 τὰ
1782 3672 2055 3741 ἡμέτεραο
2097 3673 2274 3726 καίτοι
2312 3673 2374 3726 τὸ
2421 3675 2520 3744 μὲν
2563 3675 2660 3744 τῆς
2690 3674 2889 3737 κακίας
2920 3671 3060 3736 εἶδος
3090 3676 3182 3727 καὶ
3210 3674 3340 3743 παρ’

1685 3753 1861 3818 αὐτοῖς
1925 3758 2038 3819 τοῖς
2078 3755 2275 3827 δρῶσιν
2321 3758 2453 3810 αὐτὸ
2504 3759 2703 3828 μυρίας
2749 3758 3141 3826 καταγνώσεως
3195 3757 3343 3820 ἀξιον

1605 3877 1616 3887 .
1684 3833 1823 3890 εἶναι
1853 3836 2017 3903 δοκεῖ,
2035 3839 2098 3890 τὸ
2123 3838 2179 3890 δὲ
2202 3838 2361 3909 σῶμα
2389 3840 2448 3892 τὸ
2473 3841 2662 3912 νεκρὸν
2684 3842 2777 3893 καὶ
2804 3841 3059 3911 ἀκίνητον
3087 3838 3343 3910 οὐδεμιᾶς

1688 3925 1902 3994 μετέχει
1934 3924 2212 3995 μέμψεως,
2238 3925 2332 3977 καὶ
2358 3924 2555 3987 αἰτίας.
2598 3925 2738 3978 Ἀλλ’
2767 3925 2904 3995 αὕτη
2940 3924 3048 3977 τῶν
3074 3924 3342 3995 δαιμόνων

1686 4005 1841 4075 ὑμῶν
1866 4007 1898 4076 ή
1932 4007 2282 4077 προαίρεσις,
2321 4005 2698 4075 βδελύττεσθαι
2733 4008 2831 4077 μὲν
2862 4007 2932 4059 τά
2957 4006 3031 4077 μὴ
3057 4007 3347 4077 βδελυκτά,

1684 4090 1849 4159 τιμᾷν
1890 4088 1948 4141 δὲ
1977 4090 2070 4142 καὶ
2099 4090 2553 4160 ἀποδέχεσθαιτά
2595 4090 2794 4153 παντὸς
2838 4089 2965 4156 ἄξια
3011 4090 3200 4159 μίσους
3250 4092 3345 4143 καὶ

1686 4173 2057 4244 ἀποστροφῆς.
2079 4174 2189 4226 Καὶ
2213 4174 2352 4243 ἀνὴρ
2379 4174 2476 4245 μὲν
2501 4172 2701 4241 ἀγαθὸς
2727 4172 2847 4225 οὐδὲ
2878 4172 3346 4243 βουλεύσασθαίτι

1685 4257 1992 4328 χρήσιμον,
2032 4257 2157 4310 οὔτε
2202 4258 2407 4327 πρᾶξαί
2438 4274 2492 4309 τι
2533 4256 2642 4310 τῶν
2682 4257 2907 4311 δεόντων
2943 4257 3048 4310 ὑπὸ
3095 4254 3345 4326 σώματος

1687 4342 2065 4412 κωλυθήσεται
2102 4343 2295 4414 νεκροῦ
2317 4359 2330 4372 ·
2370 4342 2505 4396 ἀλλά
2540 4344 2605 4397 ἂν
2640 4343 2859 4415 ὑγιαίνῃ
2892 4342 2991 4413 τὴν
3019 4340 3216 4413 ψυχὴν,
3250 4342 3345 4394 καὶ

1591 4436 1597 4463 ῖ
1690 4428 1819 4495 παρ’
1850 4427 2032 4489 αὐτοῖς
2060 4425 2225 4479 οἰκῶν
2250 4429 2360 4488 τοῖς
2385 4425 2598 4495 τάφοις,
2645 4425 2740 4477 καὶ
2765 4423 3118 4495 σωφροσύνην
3143 4424 3239 4476 καὶ
3265 4422 3347 4475 δι-

1687 4510 1979 4581 καιοσύνην
2032 4511 2124 4563 καὶ
2182 4511 2385 4575 πᾶσαν,
2415 4508 2740 4574 ἐπιδείξεται
2801 4510 2901 4579 τὴν
2956 4510 3175 4579 ἀρετήν.
3235 4507 3348 4561 Καὶ

1686 4598 2037 4670 χειροτέχνης
2072 4597 2128 4650 δὲ
2172 4596 2401 4661 ἕκαστος
2445 4596 2850 4668 ἀνεμποδίστως
2896 4594 2964 4648 τά
3005 4594 3102 4664 τῆς
3141 4593 3347 4657 οἰκείας

1685 4685 1992 4757 ἐπιστήμης
2022 4685 2196 4738 πάντα
2226 4685 2538 4753 ἐργάσεται,
2563 4682 2658 4735 καὶ
2687 4678 2912 4751 παρέξει
2937 4682 3046 4743 τοῖς
3072 4676 3348 4747 δεομένοις

1685 4769 1849 4823 αὐτοῦ
1871 4809 1886 4835 ,
1923 4771 1985 4822 οὑ
2017 4770 2243 4841 πλησίον
2267 4769 2479 4842 νεκρῶν
2517 4768 2824 4839 καθήμενος
2855 4766 3034 4837 μόνον,
3069 4762 3205 4817 ἀλλά
3237 4762 3348 4817 κᾶν

1686 4855 1822 4908 αύτά
1852 4854 1921 4907 τὰ
1951 4855 2208 4925 μνήματα
2233 4855 2339 4908 τῶν
2372 4853 2774 4923 κατοιχομένων
2798 4850 3148 4922 οἰκοδομῆσαι
3174 4860 3196 4887 ε
3224 4848 3344 4921 δέῃ,

1686 4938 1780 4991 καλ⁸
1808 4940 1836 4992 6
1867 4939 2184 5010 ζωγράφος,
2217 4941 2312 4994 καὶ
2337 4941 2364 4992 6
2392 4938 2629 5002 λιθοξόος
2650 4977 2664 5000 ,
2710 4936 2803 4990 καὶ
2832 4937 2860 4989 6
2889 4935 3096 4988 τέκτων
3114 4976 3129 5000 ,
3172 4934 3267 4988 καὶ
3318 4936 3348 4987 6

1686 5021 2044 5092 χαλκοτύπος,
2076 5026 2170 5077 καὶ
2196 5024 2396 5087 πάντες
2418 5023 2487 5075 τά
2506 5020 2684 5075 αὐτῶν
2712 5019 3123 5089 συνεισφέρουσι
3141 5033 3153 5046 ’
3188 5017 3344 5087 μόνος

1685 5109 1742 5160 δὲ
1771 5109 1984 5162 πάντων
2016 5112 2044 5161 ὁ
2079 5106 2349 5159 Ἀπόλλων
2380 5106 2483 5159 ὑπὸ
2506 5104 2615 5158 τῶν
2643 5102 2851 5175 νεκρῶν
2879 5099 3185 5154 κωλύεσθαί
3213 5114 3345 5168 φησι

1685 5191 1755 5244 τά
1799 5191 2058 5261 μέλλοντα
2108 5191 2368 5261 προορᾷν.
2404 5189 2513 5243 Καὶ
2551 5189 2654 5260 μὴν
2688 5189 2782 5242 καὶ
2822 5187 2951 5256 παρ’
2986 5186 3116 5255 ἡμῖν
3159 5181 3346 5250 ἄνδρες

1688 5278 1942 5344 γεγόνασι
1976 5275 2202 5347 μεγάλοι
2229 5277 2323 5329 καὶ
2357 5274 2684 5344 θαυμαστοὶ,
2711 5271 2806 5326 καὶ
2837 5269 2905 5322 τά
2943 5267 3049 5338 πρὸ
3085 5281 3347 5334 τετρακο-

1692 5358 1821 5413 σίων
1852 5361 1947 5413 καὶ
1985 5359 2170 5430 χιλίων
2205 5362 2466 5429 προεῖπον
2495 5358 2653 5424 ἐτῶν,
2683 5356 2776 5408 καὶ
2809 5351 2959 5426 [562]
2992 5349 3348 5423 προλέγοντες

1688 5442 1841 5496 οὐδὲν
1870 5442 2075 5497 τούτων
2097 5441 2220 5496 οὔτε
2249 5442 2542 5515 ἐζήτησαν,
2569 5441 2691 5495 οὔτε
2721 5437 3059 5510 ἐμέμψαντο,
3077 5432 3200 5486 οὔτε
3221 5433 3349 5496 τοὺς
3407 5492 3411 5495 ι

1686 5526 1888 5595 τάφους
1924 5526 2031 5579 τῶν
2059 5526 2402 5579 ἀπελθόντων
2424 5523 2873 5598 ἀναρρήγνυσθαι
2911 5519 3224 5579 ἐκέλευσαν,
3253 5516 3350 5570 καὶ

1688 5613 1813 5675 τοὺς
1846 5611 2132 5681 κειμένους
2159 5609 2475 5681 ῥίπτεσθαι,
2518 5609 2611 5661 καί
2647 5603 3036 5677 τυμϐωρυχίας
3072 5600 3217 5666 ξένον
3255 5599 3352 5653 καὶ

1691 5694 2048 5764 ἀναίσχυντον
2079 5696 2313 5749 ἐπινοεῖν
2345 5714 2363 5744 ιι
2381 5696 2545 5767 ρόπον
2569 5708 2581 5722 °
2606 5692 2720 5746 ἀλλ’
2755 5695 2803 5746 οἱ
2834 5695 2932 5764 μὲν
2966 5689 3146 5744 αὐτῶν
3174 5688 3351 5746 ἔθνεσι

1753 5843 1772 5863 ⁸
1791 5841 1871 5904 sic
1890 5841 2040 5904 Savil.
2069 5841 2236 5889 etduo
2264 5854 2399 5904 m_ss.,
2424 5847 2574 5904 alqus
2602 5846 2668 5892 Ila
2691 5840 2887 5903 legerat
2920 5842 3063 5889 vetus
3081 5834 3347 5895 interpres.

1695 5902 1864 5955 Morel.
1890 5902 2052 5953 minus
2072 5910 2206 5952 recte
2228 5902 2422 5952 οἰκίσαι.

3221 338 3325 396 556
3434 347 3441 353 ’
