3884 6294
117 410 228 464 557

117 533 310 579 serunt
330 566 344 588 ,
375 539 479 579 non
509 523 764 579 cadavera
791 519 946 591 alijici
968 563 982 585 ,
1012 535 1115 574 non
1147 519 1512 588 sepulcrorum
1544 515 1714 569 viola-

121 614 285 666 tionis
331 629 526 667 novum
577 613 1044 681 impudentemque
1090 609 1306 663 modum
1358 604 1645 676 excogitari
1699 622 1712 658 :

118 716 359 758 attamen
389 720 454 758 ex
484 705 561 757 eis
591 705 679 758 alii
714 719 835 757 cum
880 702 1057 771 impiis
1093 701 1440 768 scelestisqne
1475 697 1720 767 gentibus

121 796 464 860 habitantes,
499 795 586 848 alii
616 795 666 848 in
696 794 870 848 medio
899 794 1278 858 barbarorum,
1311 791 1398 845 ubi
1427 790 1602 845 omnia
1634 789 1716 842 in-

121 886 346 954 quinata
394 897 446 939 et
485 887 842 940 contaminata
890 895 1042 939 erant
1070 926 1084 946 ,
1121 899 1241 938 cum
1279 884 1502 938 veritate
1545 882 1720 934 omnia

117 977 513 1046 pne-dicebant,
540 993 710 1047 neque
738 977 963 1030 aliorum
996 975 1218 1045 pollutio
1244 991 1429 1029 eorum
1456 974 1722 1028 vaticiniis

119 1071 334 1123 uberat.
381 1069 490 1123 Cur
530 1069 670 1122 hoc?
701 1069 832 1137 Quia
881 1070 956 1122 illi
993 1068 1172 1123 divina
1211 1069 1405 1122 virtute
1440 1068 1566 1120 moli
1599 1082 1722 1120 vere

120 1159 521 1228 loquebantur;
552 1159 760 1212 ᾱιυιιιοη
791 1146 967 1213 autem
996 1201 1008 1223 ,
1043 1158 1091 1212 vi
1120 1159 1207 1211 illa
1237 1172 1432 1212 vacuus
1460 1172 1532 1209 ac
1557 1155 1723 1210 desti-

120 1259 281 1305 tutus
306 1293 320 1316 ,
352 1251 481 1304 nihil
522 1253 879 1321 prmnuntiare
924 1243 1130 1320 poterat
1160 1269 1172 1304 :
1203 1265 1270 1303 ne
1300 1259 1476 1304 autem
1517 1248 1726 1303 hzercre

117 1343 407 1396 videretur
429 1383 443 1408 ,
474 1343 780 1396 verisimilia
821 1341 1063 1410 qutedam
1087 1382 1101 1407 ,
1131 1340 1226 1395 sed
1259 1340 1480 1394 ridicula
1523 1338 1724 1408 ﬁngere

115 1435 439 1504 cogebatur.
482 1432 588 1488 Cur
622 1437 761 1488 enim
786 1476 800 1500 ,
829 1449 1042 1503 qnmso,
1073 1433 1203 1486 nihil
1233 1432 1533 1502 lmjusmodi
1564 1441 1721 1484 antea

117 1525 360 1588 dixerat,
390 1526 474 1578 vel
501 1525 802 1578 efl'ntierat?
831 1524 963 1592 Quia
990 1535 1116 1578 tunc
1143 1533 1454 1593 prmtextum
1485 1523 1726 1590 proferre

121 1625 366 1686 poterat,
399 1615 536 1684 quod
564 1615 765 1668 scilicet
791 1631 896 1669 non
923 1616 1218 1680 coleretur;
1253 1616 1349 1668 hac
1377 1630 1536 1684 porro
1563 1628 1725 1668 excu-

122 1707 342 1760 satione
362 1706 606 1774 adcmpta
626 1747 642 1771 ,
665 1706 730 1760 ad
757 1716 996 1761 mortuos
1019 1706 1272 1776 confugit,
1297 1707 1482 1761 anxius
1503 1721 1570 1759 ne
1594 1705 1718 1775 quid

124 1799 237 1852 sibi
273 1798 393 1851 mali
426 1798 757 1867 Contingeret
790 1817 802 1851 :
839 1814 957 1850 nam
985 1814 1012 1851 a
1044 1799 1240 1853 decnro
1283 1797 1532 1852 recedere
1573 1798 1724 1852 nole-

123 1888 266 1952 bat;
314 1887 404 1940 sed
434 1903 528 1941 vos
556 1889 697 1941 illum
726 1890 973 1958 coegistis
999 1931 1012 1952 ,
1041 1890 1130 1958 qui
1161 1904 1352 1957 magno
1382 1889 1471 1942 illo
1494 1889 1638 1943 cultu
1668 1889 1716 1943 ei

129 1981 542 2034 excusationem
573 1980 846 2035 ademistis
870 2023 883 2044 ,
919 1997 1016 2035 nec
1046 1980 1360 2050 perntisistis
1387 1994 1510 2036 eum
1551 1979 1616 2035 ad
1645 1996 1730 2035 sa-

129 2069 466 2123 crificiorum
501 2071 773 2138 penuriam
801 2071 1105 2141 coofugere.

215 2162 306 2215 16.
341 2161 402 2216 8.
462 2161 676 2232 Babylo:
719 2179 901 2234 corpus
938 2163 1201 2234 transferri
1233 2163 1440 2234 jnbctur
1465 2182 1495 2217 a
1523 2162 1734 2218 Iuliano

129 2255 410 2324 Apostata.
448 2285 516 2294 ——
559 2255 670 2309 lloe
712 2256 894 2310 audito
940 2256 1131 2311 histrio
1179 2257 1267 2310 ille
1309 2257 1468 2324 jussit
1517 2272 1732 2325 capsam

131 2345 271 2399 inde
303 2345 536 2413 auferri,
569 2357 624 2399 ut
660 2348 856 2400 victum
887 2363 1006 2400 esse
1052 2350 1349 2402 dtemonem
1395 2362 1552 2401 nemo
1584 2348 1734 2416 igno-

133 2448 316 2492 raret.
352 2437 562 2491 Etenim
593 2439 636 2492 si
667 2438 886 2492 dixisset
913 2439 1030 2502 ille,
1063 2438 1284 2506 Propter
1322 2448 1563 2492 sanctum
1595 2439 1735 2508 loqui

131 2546 254 2584 non
289 2545 525 2599 possum,
556 2530 647 2584 sed
677 2530 803 2584 nihil
829 2540 1055 2593 movete,
1082 2530 1211 2583 nihil
1242 2530 1494 2583 tumultus
1524 2529 1735 2596 inferte,

130 2621 193 2675 id
244 2621 359 2675 suis
403 2630 605 2675 tantum
649 2622 940 2676 cultoribus
986 2631 1168 2674 notum
1210 2621 1438 2698 fuisset]:
1469 2620 1740 2690 puduisset

127 2714 292 2768 enim
333 2713 523 2767 factum
556 2713 619 2767 ad
663 2715 794 2768 alios
832 2713 1076 2777 deferre;
1114 2713 1224 2782 jam
1254 2729 1382 2767 vero
1409 2714 1557 2783 quasi
1589 2713 1739 2767 infir-

127 2804 390 2858 mitatem
438 2819 587 2857 suam
627 2805 903 2858 traducere
932 2804 1122 2870 vellet,
1168 2803 1245 2857 sic
1282 2805 1460 2858 omnia
1503 2804 1740 2859 facienda

125 2896 378 2959 curavit,
415 2896 604 2965 quibus
633 2912 700 2950 ne
726 2896 920 2950 volenti
953 2895 1165 2965 quidem
1195 2911 1307 2950 rem
1336 2896 1586 2966 obtegere
1614 2896 1741 2950 lice—

125 2987 240 3041 bat
276 3005 288 3038 :
324 3002 496 3055 neque
523 2987 663 3040 enim
691 2987 799 3056 jam
828 2985 1093 3040 simulatio
1122 2986 1322 3040 servari
1361 2996 1566 3055 potest,
1599 2985 1742 3055 quod

128 3075 359 3128 nullum
405 3075 544 3128 aliud
574 3075 802 3129 cadaver
821 3116 835 3140 ,
880 3074 974 3130 sed
1003 3075 1148 3128 solus
1180 3084 1385 3144 martyr
1414 3075 1534 3130 inde
1566 3085 1739 3129 trans-

128 3165 357 3219 feratur
391 3183 404 3218 :
437 3181 533 3218 nec
574 3165 744 3218 solum
788 3165 878 3235 qui
911 3165 1097 3220 urbem
1119 3207 1134 3230 ,
1167 3165 1476 3220 suburbium
1507 3174 1561 3220 et
1589 3181 1743 3235 agros

129 3254 480 3317 incolebant,
533 3255 626 3309 sed
671 3256 831 3310 etiam
874 3256 964 3325 qui
1006 3255 1363 3310 remotissimc
1412 3255 1740 3322 habitabant,

128 3363 275 3402 cum
303 3345 571 3415 jacentem
602 3362 815 3416 capsam
859 3363 964 3400 non
997 3357 1278 3400 cernerent
1303 3389 1318 3410 ,
1349 3347 1528 3401 statim
1558 3347 1744 3400 scisci-

131 3447 333 3492 tantes
364 3436 685 3502 audiebant,
735 3437 948 3492 daemon
990 3437 1056 3492 ab
1086 3437 1406 3506 lmpcratore
1451 3447 1664 3507 rogatus
1692 3446 1748 3491 nt

131 3527 559 3592 vaticinaretur,
588 3527 723 3582 dixit
747 3543 804 3582 se
832 3542 935 3582 non
968 3543 1154 3598 posse,
1183 3529 1354 3582 donec
1379 3528 1594 3583 beatum
1626 3529 1749 3584 hine

133 3618 414 3690 Babylam
445 3619 563 3688 quis
591 3620 899 3674 amovisset.
947 3620 1139 3692 Atqui,
1176 3636 1208 3674 o
1247 3620 1468 3676 ridicule
1488 3663 1502 3688 ,
1533 3613 1748 3692 poteras

135 3711 214 3766 ad
249 3711 388 3765 alias
415 3711 788 3766 excusationes
813 3711 1118 3782 confugere,
1145 3724 1201 3767 ut
1227 3728 1370 3783 smpe
1397 3714 1557 3780 soles,
1590 3714 1748 3768 innu-

135 3803 325 3859 meris
373 3818 586 3872 semper
629 3803 868 3858 artificiis
896 3803 1057 3859 dubia
1097 3820 1352 3874 responsa
1381 3806 1746 3872 concinnatis;

136 3893 312 3966 Lydo
345 3908 535 3963 nempe
565 3893 750 3949 dicens
777 3894 887 3969 (a),
919 3895 965 3950 si
1007 3895 1175 3970 Halyn
1207 3894 1425 3951 ﬂuvium
1472 3899 1745 3952 transmit-

137 3991 336 4047 teret,
369 3998 614 4052 magnum
647 3983 925 4058 imperium
955 3986 1250 4041 soluturum
1281 4001 1402 4043 esse
1422 4029 1436 4052 ,
1472 3987 1752 4058 ipsumque

138 4083 349 4146 postea
379 4090 525 4144 pyra:
571 4075 876 4146 impositum
907 4077 1202 4144 exhibens;
1249 4079 1300 4133 in
1328 4078 1594 4135 Salamine
1623 4080 1749 4134 item

137 4163 356 4222 eodem
381 4179 507 4220 usus
527 4179 587 4220 es
606 4166 854 4230 artificio,
879 4167 1102 4223 ridicula
1122 4169 1326 4239 adjecta
1346 4168 1749 4240 cetijunctione:

139 4271 286 4313 nam
315 4255 516 4322 dicere,

229 4367 439 4425 Perdet
465 4379 523 4425 tu
550 4371 687 4441 ﬁlios
718 4371 1006 4439 mulierum,

140 4481 344 4538 simile
379 4481 432 4538 ei
461 4491 605 4550 erat,
637 4483 778 4554 quod
808 4483 958 4558 Lydo
986 4483 1235 4558 dixeras;
1277 4485 1510 4556 adjicere
1551 4497 1752 4555 autem,

229 4589 366 4647 Sive
390 4607 570 4661 sparsa
595 4591 790 4659 Cerere,
823 4594 926 4649 sive
949 4606 1187 4664 coeunte,

138 4705 376 4775 majore
404 4705 455 4759 id
495 4716 640 4762 certe
666 4708 778 4762 risu
805 4707 1023 4781 dignum
1055 4709 1185 4777 fuit,
1224 4713 1362 4782 quod
1404 4729 1532 4770 sane
1555 4730 1756 4771 conve—

138 4800 273 4854 niat
301 4797 710 4853 circulatoribus
738 4800 788 4853 in
819 4801 1022 4868 triviis;
1071 4800 1165 4858 sed
1195 4819 1367 4874 neque
1391 4807 1493 4860 hoc
1522 4806 1614 4861 tibi
1643 4808 1758 4878 pla-

136 4891 292 4946 cuit.
336 4887 557 4944 Licebat
583 4900 638 4944 et
667 4892 760 4947 tibi
791 4908 1090 4949 sermonem
1121 4896 1404 4968 obtegere,
1451 4901 1590 4970 quod
1633 4903 1762 4956 arti-

139 4981 349 5037 ﬁcium
391 4980 483 5034 tibi
525 4995 740 5053 semper
787 4985 1009 5040 solenne
1051 4995 1152 5042 est.
1205 4988 1400 5043 Verum
1445 4991 1761 5048 institissent

141 5086 358 5127 omnes
385 5113 400 5138 ,
453 5088 558 5126 non
607 5075 890 5133 intellecta:
936 5079 1014 5133 rei
1075 5081 1393 5137 solutionem
1439 5096 1757 5154 quaerentes.

141 5164 391 5222 Liccbat
434 5181 646 5236 quoque
691 5169 781 5224 tibi
825 5170 894 5225 ad
935 5183 1078 5228 astra
1126 5175 1412 5248 confugere
1458 5196 1471 5231 :
1515 5179 1567 5234 id
1616 5181 1758 5235 enim

141 5272 313 5328 δτι-[ιθ
368 5256 537 5324 facis,
585 5276 758 5332 neque
811 5256 1014 5332 pudore
1057 5268 1360 5339 ruboreque
1403 5272 1760 5341 perfunderis.

143 5347 449 5419 Siquidem
476 5364 580 5404 non
619 5367 740 5407 cum
781 5356 909 5410 viris
948 5368 1126 5414 mente
1154 5361 1390 5431 praeditis
1425 5362 1516 5416 tibi
1549 5379 1636 5418 res
1661 5373 1761 5430 est,

143 5442 254 5498 sed
289 5455 418 5496 cum
449 5443 743 5510 pecudibus
764 5486 778 5513 ,
825 5457 878 5502 et
907 5465 1064 5518 quam
1096 5453 1326 5521 pecudes
1364 5454 1492 5523 ipsa:
1533 5456 1765 5510 crassio-

147 5537 319 5592 ribus
359 5551 373 5587 :
419 5550 525 5590 non
575 5548 727 5593 erant
773 5540 848 5595 illi
891 5540 1092 5598 Grzecis
1136 5545 1484 5614 sapientiores
1527 5547 1628 5614 iis,
1675 5547 1764 5619 qui

147 5627 285 5681 lucc
314 5623 636 5692 audierunt,
675 5643 775 5684 nec
807 5638 982 5686 tamen
1012 5649 1040 5686 a
1073 5632 1259 5689 fraude
1284 5650 1401 5691 sese
1431 5647 1763 5694 exemerunt.

151 5722 233 5774 At
268 5715 616 5771 mendacium
661 5719 1087 5780 intellexissent?
1129 5725 1270 5796 Ergo
1298 5729 1529 5798 oportuit
1558 5729 1647 5784 uni
1677 5743 1766 5784 sa-

223 5827 309 5888 (a)
345 5833 416 5875 De
440 5832 601 5878 (ξι-(ιεεο
625 5826 856 5894 loquitur.

948 405 1035 460 DE
1073 403 1130 459 S.
1173 400 1460 466 BABYLA,
1501 392 1773 452 CONTRA
1811 392 2146 451 JULIANUM
2186 395 2273 450 ET
2311 396 2661 453 GENTILES.

3301 405 3404 462 558

1825 512 2026 568 cerdoti
2051 515 2324 569 veritatem
2348 517 2575 586 aperire,
2599 528 2651 572 et
2680 519 2792 588 ipse
2820 519 3022 575 cladem
3048 533 3186 575 tuam
3215 521 3405 577 melius

1823 618 1982 672 quam
2011 613 2064 658 tu
2093 606 2432 660 occultasset.
2475 609 2592 661 Jam
2622 623 2750 662 vero
2775 611 2893 679 quis
2922 620 2990 673 te,
3026 613 3209 678 miser,
3236 612 3407 666 addu-

1826 695 1921 755 xit,
1947 705 2006 748 ut
2032 705 2081 747 te
2103 696 2154 748 in
2186 704 2291 749 tam
2316 698 2650 752 manifestam
2675 701 3051 770 impudentiam
3079 703 3408 774 eonjiceres!

1827 786 1894 837 At
1939 786 2162 840 fortasse
2209 799 2261 841 tu
2305 790 2433 841 nihil
2484 793 2752 858 peccasti;
2799 792 3088 861 Imperator
3120 812 3244 848 vero
3274 798 3412 850 male

1829 873 2140 929 histrionem
2171 879 2298 946 egit,
2331 881 2416 948 qui
2446 896 2563 934 cum
2593 881 3052 938 indiscriminatim
3095 885 3160 940 de
3187 887 3412 943 cadave-

1829 968 1978 1022 ribus
2019 970 2292 1033 audisset,
2339 983 2582 1027 sanctum
2628 975 2774 1029 illum
2817 975 3089 1031 dumtaxat
3131 993 3412 1047 aggressus

1829 1067 1910 1112 est
1943 1078 1954 1111 :
1986 1059 2070 1113 ille
2101 1069 2148 1114 te
2192 1063 2429 1132 coarguit
2456 1073 2509 1116 et
2549 1063 2790 1119 fraudem
2820 1067 3033 1121 nudavit
3061 1111 3073 1130 ,
3102 1069 3195 1122 sed
3226 1085 3330 1122 non
3360 1071 3411 1124 id

1831 1151 2001 1205 libens
2032 1153 2153 1206 fecit
2188 1171 2200 1207 :
2232 1170 2401 1223 neque
2431 1157 2572 1209 enim
2613 1158 2767 1211 unius
2798 1159 3144 1230 ejusdemque
3171 1172 3284 1214 erat
3312 1162 3412 1216 do-

1831 1243 1978 1296 naria
2010 1243 2202 1298 afferre
2251 1256 2302 1298 et
2347 1247 2672 1301 contumelia
2721 1250 2968 1314 afficere;
3023 1251 3116 1305 sed
3167 1254 3415 1324 martyris

1830 1334 1998 1388 virtus
2027 1351 2213 1390 omnes
2240 1337 2399 1390 simul
2427 1339 2652 1407 caligine
2683 1340 2870 1394 offudit
2891 1384 2905 1406 ,
2940 1358 3038 1396 nec
3067 1359 3128 1397 ea
3158 1361 3275 1413 qua:
3307 1356 3413 1398 tum

1829 1426 2149 1494 gerebantur
2193 1427 2376 1481 videre
2427 1430 2701 1496 permisit;
2754 1446 2936 1484 verum
2983 1433 3158 1484 omnia
3201 1435 3412 1501 quidem

1831 1531 1927 1569 ceu
1959 1528 2143 1570 contra
2173 1516 2504 1573 Christianos
2535 1519 2764 1582 fiebant,
2815 1531 2869 1573 at
2912 1538 3013 1574 non
3048 1523 3097 1574 in
3130 1524 3412 1590 patientes,

1833 1609 1926 1662 sed
1972 1611 2022 1662 in
2060 1619 2275 1678 agentes
2319 1611 2460 1664 risus
2507 1613 2940 1666 convertebatur.
2992 1614 3083 1668 Sic
3130 1624 3182 1667 ct
3232 1615 3416 1670 furiosi

1833 1699 2080 1754 videntur
2116 1700 2214 1754 sibi
2261 1716 2472 1770 semper
2519 1703 2791 1772 proximos
2825 1704 3045 1767 ulcisci,
3078 1705 3204 1758 dum
3232 1715 3418 1759 contra

1836 1793 2064 1861 parietes
2091 1794 2387 1860 calcitrant,
2416 1810 2478 1848 ac
2505 1794 2658 1848 fanda
2689 1795 3022 1864 nefandaque
3048 1798 3099 1849 in
3129 1806 3418 1866 praesentes

1830 1882 2110 1952 jactitant;
2163 1884 2315 1938 factis
2363 1895 2544 1940 autem
2596 1887 2706 1939 suis
2755 1902 2859 1939 non
2911 1888 3029 1941 illos
3076 1889 3169 1942 sed
3215 1889 3420 1956 seipsos

1837 1973 2039 2041 pudore
2065 1973 2302 2027 afficiunt
2331 1993 2344 2028 :
2373 1975 2512 2044 quod
2545 1984 2669 2030 tunc
2699 1977 2857 2031 etiam
2884 1978 3122 2047 contigit.
3154 1979 3422 2033 Traheba-

1839 2073 1924 2120 tur
1953 2066 2096 2119 enim
2142 2081 2300 2134 capsa
2347 2082 2442 2135 per
2487 2076 2650 2121 totam
2683 2068 2857 2134 viam;
2911 2081 3112 2139 martyr
3152 2084 3283 2124 vero
3323 2085 3422 2124 ceu

1839 2157 2053 2227 quidam
2087 2158 2282 2212 athleta
2317 2159 2366 2212 in
2399 2175 2545 2213 suam
2575 2161 2757 2214 urbem
2791 2162 3185 2227 revertebatur,
3228 2178 3420 2216 secun-

1841 2250 1966 2305 dam
1996 2251 2234 2306 referens
2259 2267 2534 2318 coronam,
2567 2253 2619 2306 in
2648 2269 2749 2322 qua
2782 2254 2910 2308 urbe
2940 2255 3108 2322 primo
3139 2265 3424 2312 coronatus

1840 2338 2030 2393 fuerat.
2061 2340 2413 2407 Quamobrem
2445 2341 2488 2395 si
2514 2342 2631 2412 quis
2657 2342 3010 2411 splendidiora
3044 2356 3162 2413 post
3189 2357 3412 2399 mortem

1841 2433 2093 2503 martyris
2122 2448 2284 2502 opera
2309 2435 2664 2503 conspicatus,
2697 2437 3140 2491 resurrectionem
3182 2453 3287 2491 non
3331 2437 3427 2492 ad-

1845 2523 2054 2588 mittat,
2106 2524 2158 2577 in
2206 2533 2475 2592 posterum
2523 2526 2819 2580 erubescat.
2873 2527 2980 2581 Ceu
3024 2528 3164 2581 enim
3213 2528 3427 2598 quidam

1844 2622 2091 2668 strenuus
2132 2613 2360 2669 bellator
2402 2616 2616 2685 tr0paeis
2649 2624 2845 2685 troprea
2884 2617 3189 2686 conjunxit,
3224 2620 3429 2688 magnis

1845 2706 2046 2776 majora
2093 2716 2148 2761 et
2195 2708 2525 2762 mirabilibus
2571 2709 2914 2764 mirabiliora.
2967 2710 3117 2765 Tunc
3141 2713 3282 2766 enim
3309 2727 3429 2765 cum

1846 2797 2174 2869 lmperatore
2214 2801 2328 2855 solo
2372 2801 2659 2871 pugnabat,
2704 2818 2844 2857 nunc
2876 2819 2995 2857 cum
3027 2803 3350 2873 lmperatore
3379 2812 3430 2858 ct

1845 2891 2088 2945 daemone
2118 2909 2131 2946 :
2162 2899 2287 2946 tunc
2335 2907 2364 2945 a
2408 2893 2574 2948 sacris
2619 2893 2784 2961 septis
2829 2891 3205 2962 Imperatorem
3235 2894 3429 2963 abegit,

1848 2999 1987 3037 nunc
2017 2998 2046 3036 a
2077 2992 2187 3037 toto
2209 2983 2457 3054 Daphnes
2484 2984 2602 3038 loco
2631 2986 2986 3054 perniciosum
3020 2987 3166 3039 illum
3193 2986 3431 3052 abduxit,

1848 3092 1952 3130 non
1981 3092 2140 3130 manu
2170 3091 2299 3130 usus
2331 3085 2389 3131 ut
2418 3086 2570 3130 antea
2592 3118 2606 3141 ,
2638 3077 2732 3131 sed
2763 3078 3012 3132 invisibili
3037 3080 3229 3133 virtute
3257 3080 3432 3132 invisi-

1848 3165 2009 3220 bilem
2041 3181 2371 3236 expugnans.
2421 3166 2591 3236 llujus
2619 3167 2844 3220 viventis
2884 3167 3092 3220 dicendi
3135 3169 3431 3222 libertatem

1849 3273 1956 3312 non
1988 3257 2105 3311 tulit
2155 3257 2417 3311 homicida
2465 3258 2554 3312 ille
2583 3301 2596 3324 ,
2643 3258 2834 3312 mortui
2883 3273 3009 3311 vero
3055 3259 3286 3312 cinerem
3330 3273 3434 3314 non

1850 3350 2102 3405 sustinuit
2145 3358 2252 3404 tum
2283 3351 2574 3420 Imperator
2597 3393 2610 3415 ,
2657 3360 2765 3405 tum
2793 3350 3000 3405 daemon
3032 3352 3118 3420 qui
3147 3349 3438 3420 imperato-

1853 3456 1966 3496 rem
1996 3441 2062 3496 ad
2093 3441 2208 3496 haec
2233 3441 2434 3510 agenda
2479 3443 2663 3496 movit.
2712 3441 2862 3508 Quod
2893 3453 3068 3495 autem
3102 3451 3298 3495 metum
3328 3457 3440 3494 ma-

1848 3536 2022 3606 jorem
2071 3535 2155 3590 his
2210 3535 2596 3606 posterioribus
2659 3535 2864 3590 duobus
2909 3535 3228 3600 iucusserit,
3279 3551 3438 3605 quam

1851 3627 2016 3696 priori
2046 3626 2375 3691 incusserat,
2409 3624 2535 3680 hinc
2577 3625 2748 3694 palam
2778 3634 2880 3679 est.
2914 3624 3009 3679 llle
3052 3626 3247 3694 quippe
3286 3639 3440 3679 com-

1855 3715 2176 3786 prehensum
2221 3716 2368 3769 illum
2402 3715 2631 3769 vinculis
2661 3715 2980 3769 constrinxit
3021 3725 3076 3768 et
3114 3713 3340 3776 occidit,
3386 3714 3442 3769 bi

1854 3820 1984 3860 vero
2013 3806 2330 3860 transtulere
2378 3814 2602 3859 tantum.
2649 3803 2758 3858 Cur
2801 3805 2942 3859 enim
2973 3818 3186 3872 capsam
3216 3803 3266 3856 in
3297 3818 3444 3856 mare

1855 3896 2188 3968 praecipitare
2228 3910 2399 3965 neque
2443 3895 2532 3950 ille
2572 3894 2750 3964 jussit,
2799 3909 2972 3964 neque
2999 3894 3084 3948 hic
3106 3893 3306 3948 voluit?
3348 3907 3445 3947 cur

1857 4004 1965 4044 non
1990 3988 2243 4044 contrivit
2271 3997 2362 4042 aut
2389 3987 2724 4043 combussit?
2759 4001 2856 4041 cur
2882 4002 2987 4040 non
3016 3986 3069 4040 in
3095 3985 3362 4040 desertum
3391 3994 3444 4039 et

1858 4080 2206 4136 inhabitatum
2251 4079 2427 4135 locum
2473 4081 2642 4149 ipsam
2681 4077 2954 4134 transferri
2991 4077 3191 4148 jussit?
3236 4075 3368 4132 Nam
3397 4079 3442 4134 si

1858 4188 1920 4229 ea
1951 4171 2276 4229 exsecranda
2305 4181 2362 4227 et
2389 4171 2588 4241 polluta
2619 4186 2706 4226 res
2733 4170 2954 4235 fuisset,
2984 4184 3210 4239 eamque
3237 4169 3440 4223 abomi-

1859 4274 2034 4334 natus,
2078 4279 2186 4319 non
2230 4262 2602 4330 reformidans,
2649 4261 2774 4317 inde
2811 4261 2953 4316 illam
2993 4261 3210 4327 amovit,
3256 4262 3444 4316 nonin

1859 4357 2044 4412 urbem
2108 4356 2343 4427 oportuit
2397 4371 2513 4411 rem
2569 4353 2948 4410 exsecrandam
3010 4353 3300 4419 inducere,
3351 4349 3444 4408 sed

1859 4448 2148 4505 amandare
2174 4450 2226 4504 in
2255 4457 2465 4504 montes
2491 4456 2546 4502 ct
2568 4447 2756 4502 saltus.

1932 4544 2018 4597 Π.
2052 4541 2366 4596 Maximinus
2392 4540 2680 4610 Imperator
2720 4540 2854 4611 quod
2879 4548 3079 4594 vexaret
3107 4538 3440 4605 Christianos,

1862 4650 2034 4705 pinnas
2059 4633 2214 4686 dedit.
2238 4662 2309 4673 —
2339 4634 2409 4687 At
2436 4632 2599 4687 miser
2624 4632 2711 4686 ille
2741 4647 2845 4685 non
2874 4631 3047 4685 minus
3075 4646 3233 4700 quam
3256 4629 3443 4698 Apollo

1863 4729 2002 4785 beati
2049 4729 2148 4782 viri
2196 4726 2362 4783 robur
2411 4737 2465 4782 et
2513 4726 2757 4781 fiduciam
2807 4739 2931 4794 erga
2986 4725 3150 4779 Deum
3204 4731 3441 4788 noverat,

1864 4824 2144 4892 timuitque
2189 4837 2257 4877 ne
2301 4821 2346 4877 si
2396 4820 2449 4875 id
2498 4820 2694 4874 faceret
2721 4827 2813 4872 aut
2849 4817 3044 4872 fulmen
3088 4824 3180 4870 aut
3205 4816 3445 4871 morbum

1864 4916 2093 4986 aliquem
2119 4915 2172 4970 in
2197 4930 2256 4970 se
2288 4920 2620 4984 provocaret.
2649 4911 2810 4966 Multa
2839 4911 3032 4980 quippe
3059 4907 3253 4964 Christi
3286 4908 3448 4962 virtu-

1865 5007 1934 5060 tis
1957 5008 2104 5077 signa
2149 5006 2411 5072 habebat,
2446 5013 2555 5058 tum
2584 5004 2637 5058 in
2678 5003 3047 5057 decessoribus
3075 5003 3184 5055 suis
3213 5000 3446 5067 Impera-

1866 5100 2069 5154 toribus
2098 5097 2352 5163 exhibita,
2383 5105 2492 5155 tum
2524 5095 2576 5149 in
2607 5095 2672 5148 iis
2701 5094 2857 5148 etiam
2887 5093 2974 5162 qui
3002 5091 3140 5145 idem
3169 5088 3448 5158 imperium

1867 5204 2046 5244 secum
2074 5186 2527 5241 administrabant.
2565 5184 2776 5240 Etenim
2808 5199 2871 5238 ex
2911 5183 3014 5236 illis
3054 5181 3179 5235 olim
3213 5178 3436 5246 Impera-

1868 5281 2070 5336 toribus
2098 5279 2188 5350 qui
2216 5279 2337 5332 talia
2369 5279 2482 5332 ausi
2512 5285 2656 5343 sunt,
2693 5283 2813 5345 post
2837 5274 3028 5328 multas
3059 5268 3445 5326 intolerabiles-

1867 5389 1971 5443 que
1992 5371 2338 5435 calamitates,
2370 5371 2592 5439 turpiter
2617 5383 2679 5423 ac
2703 5367 2899 5421 misere
2923 5366 3081 5418 vitam
3123 5362 3446 5423 clauserunt,

1869 5461 2003 5518 adeo
2028 5471 2085 5514 ut
2110 5459 2264 5514 unius
2292 5459 2465 5514 adhuc
2494 5458 2716 5513 viventis
2741 5457 2952 5528 pupillae
2977 5470 3042 5509 ex
3068 5451 3235 5507 oculis
3260 5459 3448 5518 sponte

1869 5555 2162 5612 exsilierint
2187 5573 2200 5608 :
2234 5553 2320 5609 hic
2343 5564 2519 5608 autem
2548 5551 2861 5607 Maximinus
2888 5555 3037 5611 erat;
3069 5545 3202 5598 alius
3229 5544 3281 5596 in
3307 5541 3450 5596 furo-

1871 5662 1984 5703 rem
2010 5657 2190 5711 actus,
2218 5645 2351 5700 alius
2395 5644 2449 5699 in
2491 5643 2718 5699 similem
2749 5641 2926 5708 lapsus
2953 5635 3341 5699 calamitatem,
3373 5632 3452 5686 sic

1872 5747 2100 5795 mortem
2139 5735 2386 5792 obierint.
2416 5734 2676 5790 Caeterum
2715 5730 2871 5786 exiis
2899 5728 2988 5799 qui
3016 5737 3140 5781 tunc
3177 5740 3298 5778 cum
3335 5724 3451 5792 ipso

1881 5839 2047 5901 erant,
2086 5837 2322 5900 patruus,
2353 5841 2474 5882 cum
2499 5824 2818 5897 petulantius
2841 5830 3026 5878 contra
3054 5830 3150 5876 nos
3176 5814 3376 5872 fureret
3399 5823 3453 5868 et
