3876 6286
491 382 559 441 59
1013 340 1017 344 ν
1196 374 1254 433 S.
1296 375 1575 433 JOANNIS
1614 372 2086 431 CHRYSOSTOMI
2129 371 2425 427 ARClllEP
2489 371 3021 433 CONSTANTINOP.
3068 424 3085 436 .

458 510 609 551 sacra
638 509 761 549 vasa
789 492 1060 549 sceleratis
1087 491 1330 547 manibus
1354 493 1660 562 contingere
1685 504 1847 546 ausus
1875 500 2039 553 esset,

462 601 634 655 neque
663 584 747 640 his
774 594 1053 639 contentus
1072 625 1086 649 ,
1116 582 1696 653 contumelia.ulterius
1735 597 2047 653 progressus

462 688 605 732 esset
648 675 809 749 (ipsis
839 676 980 731 enim
1013 676 1237 732 inversis
1278 685 1332 730 et
1361 676 1412 730 in
1453 677 1757 746 pavimento
1782 675 1970 747 positis
1995 684 2050 729 et

461 774 731 838 extensis,
771 772 835 827 iis
884 770 1078 825 insedit
1100 770 1142 841 ),
1164 770 1453 841 derepente
1504 770 1699 840 iniqua:
1742 769 2044 840 hujusmodi

450 863 717 918 sessionis
761 878 947 931 pomas
976 862 1120 917 dedit
1150 880 1163 915 :
1197 862 1314 931 ejus
1355 862 1498 916 enim
1526 860 1761 916 verenda
1800 870 2047 930 corrupta

463 955 732 1010 vermibus
759 955 1057 1020 scatebant,
1088 955 1157 1009 ita
1187 963 1245 1010 ut
1277 953 1446 1023 palam
1471 962 1612 1008 esset
1641 952 1884 1007 morbum
1915 951 2049 1006 divi-

462 1048 605 1102 nitus
634 1047 929 1103 immissum
966 1047 1165 1113 fuisse;
1210 1046 1276 1100 ad
1304 1046 1492 1101 vulnus
1520 1046 1815 1099 curandum
1857 1043 2047 1099 medici

462 1150 718 1196 mactatas
744 1157 870 1195 aves
897 1141 1114 1211 pingues
1142 1149 1299 1210 atque
1330 1139 1633 1209 peregrinas
1662 1138 1727 1193 ad
1759 1136 2049 1209 putrefacta

463 1233 705 1287 membra
730 1231 1101 1301 admoventes,
1124 1232 1443 1287 vermiculos
1469 1231 1797 1286 evocabant:
1827 1231 1901 1286 illi
1916 1245 2052 1293 vero

465 1341 572 1380 non
619 1325 1026 1392 abscesserunt,
1075 1324 1170 1381 sed
1220 1325 1489 1379 mordicus
1535 1324 1762 1394 putridis
1816 1324 2052 1394 partibus

473 1418 748 1474 btrrebant
774 1436 787 1472 :
814 1428 975 1488 atque
1003 1418 1074 1472 ita
1104 1417 1251 1471 illum
1278 1417 1456 1473 multis
1479 1415 1666 1471 diebus
1689 1417 2049 1485 absumptum,

466 1509 611 1565 male
661 1508 1028 1579 perdiderunt.
1073 1507 1222 1562 Alius
1272 1522 1396 1561 vero
1439 1508 1696 1577 quispiam
1726 1506 2053 1577 imperatorii

467 1600 639 1653 tmarii
679 1609 856 1652 custos
882 1598 1200 1653 conStitutus
1221 1637 1236 1663 ,
1272 1598 1575 1666 priusquam
1606 1598 1739 1649 aui-.e
1765 1597 2054 1664 imperato-

470 1691 564 1745 ria:
593 1691 755 1746 limen
788 1691 1100 1760 praeteriret,
1131 1690 1311 1744 statim
1337 1691 1541 1758 crepuit
1571 1689 1775 1744 medius
1794 1730 1809 1756 ,
1841 1688 2055 1744 similis-

471 1799 573 1852 que
600 1782 875 1852 cujusdam
903 1781 1084 1852 ﬂagitii
1130 1796 1311 1850 pmnas
1356 1781 1517 1836 dedit.
1551 1780 1678 1835 Haec
1715 1790 1768 1836 et
1795 1780 1879 1836 his
1908 1780 2055 1849 plura

474 1875 619 1946 (non
649 1876 788 1929 enim
829 1874 938 1944 jam
967 1874 1145 1929 omnia
1176 1889 1455 1930 recensere
1498 1883 1704 1944 tempus
1730 1875 1845 1944 est)
1874 1888 2057 1929 secum

469 1975 719 2036 reputans
760 1957 1019 2021 scelestus
1063 1966 1192 2032 ille,
1242 1967 1597 2020 temeritatem
1638 1980 1787 2018 suam
1836 1964 2059 2019 ulterius

468 2072 785 2126 promovere
814 2072 918 2111 non
945 2056 1190 2113 audebat.
1226 2055 1376 2123 Quod
1403 2064 1580 2110 autem
1620 2057 1732 2109 hate
1755 2070 1859 2109 non
1888 2069 1919 2107 a
1945 2068 2061 2108 me-

467 2151 585 2217 ipso
610 2149 803 2215 dicam,
831 2165 896 2203 ex
927 2148 992 2203 iis
1021 2164 1140 2219 qua:
1169 2149 1236 2203 ab
1272 2148 1388 2218 ipso
1425 2158 1608 2218 postea
1638 2156 1786 2219 gesta
1818 2155 1978 2215 sunt,
2006 2147 2059 2202 id

468 2241 811 2309 conspicuum
845 2242 985 2307 erit;
1027 2240 1238 2296 interim
1271 2256 1398 2295 vero
1436 2240 1672 2296 historiae
1713 2241 1907 2296 seriem
1932 2255 2059 2310 per-

475 2347 780 2399 sequamur.

552 2421 820 2491 Templum
854 2432 901 2476 et
929 2432 1095 2476 statua
1124 2422 1374 2492 Apollinis
1410 2423 1531 2493 igne
1569 2423 1632 2477 de
1660 2422 1785 2476 caelo
1812 2430 1963 2476 tacta.
1989 2450 2064 2461 —

471 2512 610 2579 Quid
654 2512 812 2582 igitur
858 2514 1051 2568 exinde
1091 2510 1311 2568 evenit?
1348 2513 1734 2569 Admiraudum
1764 2529 1893 2568 sane
1934 2513 2060 2568 illud

471 2612 574 2669 est,
598 2603 737 2672 quod
767 2620 873 2657 non
907 2605 1194 2673 potentiam
1228 2604 1406 2671 modo,
1431 2604 1525 2659 sed
1552 2604 1710 2659 etiam
1741 2603 2059 2658 ineffabilem

477 2696 567 2750 Dei
606 2684 982 2765 benignitatem
1012 2696 1262 2752 ostendit.
1295 2695 1427 2751 Nam
1454 2705 1669 2751 sanctus
1695 2705 1897 2768 martyr
1923 2695 2060 2750 intra

478 2797 629 2856 septa
659 2796 793 2854 erat,
831 2788 915 2842 ubi
945 2788 1091 2858 prius
1117 2789 1248 2842 situs
1275 2786 1468 2855 fuerat,
1493 2798 1776 2858 antequam
1807 2786 2061 2858 Daphnen

476 2877 720 2943 veniret;
773 2880 1033 2948 malignus
1078 2894 1206 2934 vero
1250 2879 1460 2934 daemon
1506 2880 1684 2933 statim
1730 2879 1956 2947 didicit,
2004 2894 2065 2934 se

476 2968 670 3023 frustra
715 2969 929 3024 fraudes
957 2984 1080 3025 suas
1120 2970 1364 3025 molitum
1395 2984 1552 3036 esse;
1596 2986 1771 3041 neque
1796 2971 1897 3025 sibi
1942 2986 2063 3025 cum

476 3068 687 3114 mortdo
716 3075 943 3130 pugnam
989 3059 1103 3116 fore
1124 3102 1141 3125 ,
1188 3060 1284 3116 sed
1315 3076 1433 3116 cum
1462 3063 1670 3117 vivente
1694 3105 1708 3125 ,
1754 3077 1817 3117 ac
1845 3062 2065 3117 viriliter

476 3160 684 3223 agente,
718 3167 781 3206 ae
805 3167 912 3205 non
942 3167 1000 3207 se
1030 3161 1255 3216 tantum,
1284 3153 1377 3207 sed
1401 3153 1649 3208 omnibus
1675 3153 1832 3208 simul
1860 3153 2064 3209 daemo-

478 3244 634 3296 nibus
660 3242 903 3298 furtiore.
937 3243 1104 3298 Deum
1133 3244 1275 3299 enim
1304 3254 1549 3313 precatus
1575 3254 1633 3300 ut
1658 3245 1832 3316 ignem
1856 3246 1908 3300 in
1932 3256 2065 3301 tem-

479 3335 624 3403 plum
653 3334 1001 3399 immitteret,
1035 3343 1202 3389 totum
1234 3343 1430 3390 tectum
1458 3335 1787 3401 combussit,
1817 3335 2066 3407 idoloque

478 3426 546 3480 ad
574 3435 843 3481 extremos
880 3442 1045 3496 usque
1088 3428 1254 3497 pedes
1298 3427 1622 3498 absumpto,
1674 3429 1747 3484 ita
1792 3438 1851 3484 ut
1893 3429 2066 3499 pulvis

482 3526 686 3570 tantum
723 3525 776 3571 ct
822 3517 955 3571 cinis
998 3527 1339 3586 remaneret,
1383 3520 1613 3588 parietes
1651 3520 1826 3574 solum
1865 3529 2066 3576 stantes

480 3605 821 3676 intactosque
847 3608 1077 3678 reliquit.
1107 3609 1163 3663 Si
1192 3610 1310 3678 quis
1337 3625 1467 3665 vero
1498 3625 1641 3665 nunc
1679 3611 1854 3666 locum
1888 3612 2064 3678 adeat,

479 3716 815 3773 nequaquam
857 3702 993 3773 ignis
1033 3701 1086 3757 id
1128 3718 1264 3773 opus
1306 3718 1426 3759 esse
1453 3704 1691 3759 dixerit:
1724 3721 1895 3776 neque
1923 3707 2065 3761 enim

479 3795 783 3852 incendium
826 3795 956 3850 illud
986 3796 1103 3852 sine
1144 3798 1321 3868 aliquo
1349 3797 1535 3852 ordine
1554 3840 1570 3864 ,
1600 3814 1770 3869 neque
1797 3816 1859 3855 ex
1893 3799 2067 3856 inani-

481 3898 626 3943 mata
662 3889 880 3943 materia
925 3887 1118 3944 factum
1164 3903 1285 3945 esse
1310 3889 1550 3954 videtur;
1600 3890 1696 3946 sed
1726 3893 1875 3962 quasi
1908 3908 2068 3948 manu

480 3980 708 4050 quadam
733 3981 909 4052 ignem
935 3981 1386 4049 circumducente,
1412 3998 1477 4038 ac
1497 3992 1827 4039 monstrante
1851 3984 2069 4055 quibus-

478 4091 601 4132 nam
647 4090 902 4144 parcere,
948 4090 1193 4146 quamam
1236 4076 1523 4133 absumere
1566 4085 1877 4146 oporteret’,
1923 4085 2068 4134 tanta

484 4183 676 4237 nempe
701 4166 1080 4235 concinnitate,
1103 4168 1250 4222 tanto
1275 4166 1501 4224 artificio
1524 4168 1778 4239 templum
1798 4168 2068 4225 detectum

479 4269 600 4325 cst;
648 4274 822 4328 neque
848 4274 976 4314 vero
1004 4259 1180 4313 simile
1213 4267 1298 4313 est
1337 4258 1584 4314 incendio
1611 4258 1848 4322 aﬂ‘ectis,
1880 4259 1975 4315 sed
2003 4258 2068 4314 iis

479 4368 705 4420 quorum
728 4353 931 4422 integra
959 4364 1129 4422 septa,
1154 4369 1294 4423 quae
1334 4354 1450 4408 solo
1489 4362 1629 4410 tecto
1669 4353 1870 4411 habent
1912 4369 2065 4425 opus.

481 4443 706 4514 Reliqua
735 4446 876 4500 enim
907 4454 1066 4514 atque
1094 4444 1388 4511 columine,
1418 4454 1526 4500 tum
1557 4464 1676 4518 quae
1705 4457 1925 4514 tectum,
1957 4458 2068 4503 tum

482 4551 602 4604 quae
627 4535 946 4591 vestibulum
991 4535 1309 4603 fulciebant,
1340 4552 1445 4593 una
1483 4549 1704 4608 excepta
1733 4556 1851 4611 quze
1878 4541 1944 4595 ad
1971 4555 2068 4612 po-

483 4629 765 4684 steriorem
810 4629 991 4700 templi
1020 4638 1223 4698 partem
1268 4630 1438 4699 posita
1479 4641 1629 4699 erat,
1672 4642 2066 4687 stant‘omncs.

488 4719 613 4774 llaec
658 4729 834 4773 tamen
876 4735 979 4774 non
1023 4727 1225 4777 temere
1268 4729 1396 4776 tunc
1422 4720 1590 4776 fracta
1632 4732 1749 4791 est,
1778 4725 1873 4780 sed
1911 4741 1974 4781 ea
2002 4725 2071 4782 de

486 4828 681 4875 causa,
728 4829 887 4884 quam
927 4830 1049 4870 mox
1078 4815 1267 4871 dicturi
1307 4830 1510 4871 sumus.
1563 4817 1676 4872 Hoc
1720 4818 1809 4873 ubi
1856 4819 2067 4886 accidit,

485 4905 666 4960 statim
695 4905 954 4961 dwmonis
983 4908 1234 4964 sacerdos
1276 4909 1341 4964 ad
1391 4909 1619 4966 tribunal
1663 4911 1865 4981 rapitur
1902 4921 1955 4967 et
1984 4913 2070 4967 in-

484 4997 660 5052 cendii
701 5007 973 5053 auctorem
1021 4999 1252 5057 indicare
1293 5003 1518 5073 cogitur.
1563 5003 1695 5059 Cum
1746 5019 1850 5057 non
1890 5014 2072 5074 posset

483 5100 683 5155 autem,
731 5106 875 5158 eum,
922 5091 1158 5147 distortis
1201 5102 1355 5155 antea
1402 5095 1626 5162 cubitis,
1674 5095 1857 5152 multis
1904 5097 2071 5168 plagis

484 5182 815 5251 efficientes,
845 5183 1039 5240 deinde
1084 5184 1365 5239 sublimem
1393 5180 1610 5257 agentes
1637 5187 1792 5241 cmsis
1820 5188 2071 5244 lateribus

487 5275 616 5329 nihil
665 5276 895 5346 amplius
922 5275 1278 5331 didicerunt:
1325 5291 1389 5332 ac
1435 5278 1654 5346 perinde
1693 5279 1885 5334 accidit
1912 5288 2071 5351 atque

486 5366 539 5421 in
569 5368 961 5424 resurrectione
984 5367 1201 5424 Christi.
1230 5369 1365 5424 Tum
1392 5369 1533 5424 enim
1575 5370 1772 5426 milites
1799 5371 1864 5426 ad
1893 5381 2073 5427 custo-

487 5459 628 5514 diam
660 5462 900 5532 corporis
927 5461 1057 5518 Jesu
1092 5463 1366 5519 constituti
1399 5472 1551 5528 sunt,
1599 5479 1669 5519 ne
1705 5474 1953 5534 possent,
1984 5468 2071 5521 in-

487 5551 621 5621 quit,
648 5553 893 5623 diseipuli
935 5554 1060 5610 illud
1089 5554 1282 5611 callide
1309 5553 1554 5611 suﬂurari
1584 5553 1795 5626 (Matth.
1818 5555 1908 5613 27.
1937 5554 2027 5629 64)
2053 5575 2069 5614 :

487 5654 740 5700 caeterum
768 5645 814 5701 is
842 5646 940 5702 fuit
964 5648 1040 5703 rei
1068 5659 1292 5704 eventus
1311 5689 1325 5715 ,
1356 5656 1417 5703 ut
1455 5647 1602 5704 nulla
1628 5648 1713 5704 vel
1745 5649 2070 5719 impudenti-

488 5738 589 5793 bus
615 5739 827 5808 quidem
856 5744 1067 5798 occasio
1095 5745 1519 5814 relinqueretur,
1551 5745 1639 5816 qui
1662 5745 1861 5801 vellent
1889 5759 2072 5801 resur—

490 5830 742 5888 rcCtionis
772 5831 931 5889 ﬁdem
957 5834 1165 5893 tollere.
1199 5835 1296 5893 llic
1321 5850 1531 5908 quoque
1560 5836 1868 5895 trahebatur
1891 5851 2072 5895 sacer-

3643 380 3751 436 580

2150 488 2281 556 dos,
2310 499 2368 543 ut
2395 505 2498 543 non
2528 489 2703 543 divina
2739 490 2811 542 ira
2833 532 2847 552 ,
2879 491 2970 546 sed
2999 490 3231 547 humana
3257 493 3494 563 nequitia
3524 492 3577 548 id
3608 499 3751 550 acci-

2152 581 2297 636 disse
2324 580 2720 638 teStilicaretm-.
2749 581 3037 638 Cuntortus
3061 590 3235 638 tamen
3268 593 3431 653 atquc
3456 584 3753 653 laceratus,

2151 686 2274 726 cum
2314 673 2519 728 nullum
2568 683 2748 742 posset
2808 673 3083 738 indicare,
3136 675 3393 730 divinitus
3447 676 3756 733 immissum

2156 764 2320 818 fuisse
2344 765 2519 835 ignem
2546 773 2768 820 testatus
2796 776 2896 832 est,
2938 776 2997 821 ut
3036 767 3213 821 nullus
3251 768 3362 836 jam
3395 768 3550 823 locus
3578 768 3755 837 impu-

2153 854 2345 910 denter
2369 857 2647 926 agentibus
2677 858 3085 929 relinqueretur.
3126 858 3231 915 Sed
3262 861 3403 930 quod
3436 861 3600 930 paulo
3626 872 3755 915 ante

2153 946 2316 1000 alium
2347 948 2399 1000 in
2433 948 2607 1002 locum
2638 949 2855 1013 remisi,
2896 965 3037 1004 nunc
3064 944 3341 1021 ‘oportune
3382 950 3584 1006 dicam.
3617 952 3755 1018 Quid

2153 1036 2283 1091 illud
2308 1037 2434 1092 est?
2462 1037 2535 1093 Ita
2566 1038 2708 1094 illius
2733 1040 2970 1094 animum
2998 1042 3257 1097 exterruit
3300 1053 3527 1113 martyr,
3562 1053 3622 1097 ut
3650 1058 3755 1097 non

2154 1130 2291 1184 ultra
2318 1130 2564 1201 progredi
2595 1130 2836 1186 auderet.
2871 1131 3055 1202 Neque
3082 1134 3223 1187 enim
3255 1142 3538 1204 postquam
3572 1150 3749 1188 sacer.

2155 1223 2356 1289 dotem,
2381 1239 2540 1295 quem
2570 1225 2716 1295 prius
2743 1233 2891 1279 tanto
2928 1225 2982 1278 in
3018 1225 3222 1281 honore
3249 1226 3501 1291 habebat,
3554 1227 3753 1280 incensi

2157 1316 2279 1371 tecti
2309 1330 2467 1370 causa
2495 1324 2571 1370 tot
2598 1317 2753 1372 malis
2775 1316 3046 1384 affecerat,
3077 1319 3147 1372 ita
3174 1327 3231 1373 ut
3255 1319 3566 1384 immanius,
3598 1334 3751 1391 quam

2157 1406 2493 1476 sanguinaria
2524 1405 2636 1461 fera
2660 1447 2677 1474 ,
2722 1407 2790 1461 ab
2815 1408 2930 1477 ejus
2959 1407 3187 1464 fortasse
3215 1410 3470 1464 vorandis
3497 1411 3752 1465 carnibus

2158 1513 2267 1553 non
2294 1498 2673 1567 abstinuisset,
2723 1501 2826 1555 nisi
2867 1516 2955 1556 res
2980 1503 3305 1557 exsecranda
3348 1504 3608 1558 oninibus
3651 1504 3757 1556 visa

2160 1600 2345 1648 esset:
2376 1602 2619 1648 sanctum
2665 1594 2813 1648 illum
2859 1596 2950 1665 qni
2994 1610 3055 1650 os
3088 1595 3344 1651 da'monis
3387 1596 3756 1656 obstruxerat.

2161 1700 2349 1741 rursus
2389 1686 2441 1739 in
2486 1687 2673 1742 urbem
2716 1686 3057 1754 deduxisset,
3107 1698 3162 1742 ut
3206 1689 3409 1758 majore
3456 1689 3507 1742 in
3555 1688 3760 1743 honore

2160 1786 2304 1831 esset
2334 1795 2347 1831 :
2374 1778 2569 1832 nam'si
2599 1794 2707 1833 non
2732 1787 2908 1845 antea,
2934 1793 3056 1832 cum
3078 1778 3287 1833 daemon
3314 1792 3374 1832 se
3402 1780 3605 1832 vietum
3634 1794 3762 1833 eou-

2159 1867 2339 1924 fessus
2364 1878 2447 1924 est
2467 1911 2482 1937 ,
2513 1878 2567 1924 at
2591 1879 2738 1926 certe
2766 1879 2885 1940 post
2926 1870 3231 1925 incendium
3262 1870 3442 1925 omnia
3475 1871 3759 1925 evertisset

2163 1967 2217 2013 et
2244 1959 2585 2030 perdidisset,
2614 1976 2829 2032 capsam
2857 1971 2911 2016 et
2948 1972 3233 2032 utrumque
3261 1963 3585 2033 martyrium
3616 1977 3762 2016 com-

2164 2049 2459 2117 bussissct,
2491 2062 2601 2106 tum
2633 2052 2774 2123 quod
2822 2053 2874 2106 in
2918 2053 3171 2122 Daphne,
3205 2065 3312 2107 tum
3359 2054 3503 2124 quod
3545 2055 3599 2107 iu
3635 2053 3763 2107 urbe

2165 2150 2279 2196 erat
2303 2183 2318 2206 ,
2365 2143 2465 2212 nisi
2498 2152 2674 2198 metus
2705 2145 2835 2198 iram
2865 2154 3172 2214 superasset
3208 2158 3270 2199 ac
3300 2143 3534 2198 formido
3562 2159 3761 2199 mer-

2164 2248 2278 2287 rem
2308 2233 2537 2288 vicisset.
2572 2233 2762 2290 Solent
2788 2237 2929 2290 enim
2959 2236 3148 2303 multi,
3181 2252 3305 2290 cum
3337 2236 3412 2289 ira
3443 2245 3500 2290 ct
3530 2251 3764 2289 mmrore

2163 2327 2542 2397 corripiuntur,
2586 2329 2632 2383 si
2678 2329 3005 2398 aegritudinis
3050 2340 3295 2384 auctores
3341 2329 3759 2399 apprehendere

2167 2433 2274 2473 non
2305 2419 2550 2487 valeant,
2598 2421 2652 2475 in
2695 2422 2880 2476 obvios
2910 2436 3150 2492 quosque
3194 2437 3258 2476 ac
3302 2432 3588 2490 suspectos
3635 2424 3763 2475 iram

2166 2509 2460 2565 effundere.
2507 2510 2622 2565 Non
2652 2512 2835 2581 procul
2867 2522 3045 2567 autem
3085 2512 3187 2567 hac
3222 2513 3528 2582 suspicione
3562 2524 3767 2583 martyr

2166 2611 2324 2656 erat:
2358 2617 2481 2656 nam
2526 2602 2685 2657 simul
2727 2612 2886 2674 atque
2933 2605 2986 2656 in
3032 2604 3214 2657 urbem
3247 2603 3532 2672 pervenit,
3586 2604 3763 2656 statim

2167 2692 2306 2764 ignis
2335 2695 2592 2764 templum
2622 2696 2835 2750 invasit.
2884 2694 2988 2749 Sed
3022 2694 3162 2765 quod
3190 2694 3295 2748 dixi
3321 2735 3336 2760 ,
3384 2693 3617 2748 affectus
3645 2708 3762 2748 cum

2166 2786 2358 2843 allecto
2402 2788 2706 2858 pugnabat,
2757 2789 2997 2857 iramque
3041 2787 3283 2842 vincebat
3330 2796 3527 2843 metus.
3581 2787 3765 2856 Cogita

2169 2882 2313 2937 enim
2338 2882 2510 2953 qualis
2537 2896 2659 2937 esse
2687 2891 2893 2952 poterat
2926 2881 3014 2937 ille
3041 2882 3122 2935 vir
3147 2881 3317 2936 bonus
3336 2920 3351 2945 ,
3382 2894 3507 2934 cum
3539 2879 3597 2933 in
3637 2879 3763 2933 sub-

2167 2974 2380 3029 urbium
2424 2974 2760 3040 ascendens,
2810 2976 3124 3046 martyrium
3175 2983 3324 3028 stans
3366 2982 3656 3038 cerneret,
3705 2990 3766 3028 ac

2172 3068 2431 3138 templum
2457 3068 2757 3131 incensum,
2786 3068 2982 3124 idolum
3013 3067 3270 3130 deletum,
3298 3067 3522 3122 donaria
3546 3067 3766 3121 absum-

2172 3171 2259 3231 pta
2286 3202 2301 3226 ,
2348 3160 2676 3217 liberalitatis
2717 3176 2830 3216 suae
2859 3169 2914 3216 et
2950 3160 3199 3215 satanicac
3240 3175 3450 3231 pompa:
3496 3160 3765 3215 sublatam

2170 3253 2506 3308 memoriam.
2560 3252 2780 3307 Etiamsi
2808 3252 2951 3307 enim
2981 3267 3104 3307 eum
3136 3250 3259 3306 talia
3288 3238 3561 3306 videntem
3595 3266 3767 3320 neque

2171 3343 2250 3398 ira
2281 3359 2456 3415 neque
2499 3343 2713 3399 tristitia
2757 3343 3112 3409 invasissent,
3168 3341 3427 3413 pudorem
3478 3354 3632 3398 certe
3662 3358 3765 3396 neu

2173 3433 2416 3499 tulisset,-
2447 3435 2718 3504 risumque
2755 3443 2999 3499 tantum;
3032 3434 3125 3488 sed
3154 3433 3206 3488 iu
3246 3433 3387 3487 beati
3432 3433 3578 3487 illius
3619 3450 3767 3488 mar-

2173 3525 2368 3597 tyrium
2396 3525 2609 3596 iniquas
2632 3540 2821 3580 manus
2846 3525 3195 3592 extendisset,
3229 3525 3328 3579 nisi
3357 3524 3428 3589 id,
3459 3525 3605 3596 quod
3635 3526 3766 3591 dixi,

2172 3616 2500 3672 cohibuisset
2540 3615 2708 3672 illum.
2750 3616 2934 3687 Neque
2976 3617 3121 3672 enim
3167 3616 3436 3670 modicum
3481 3626 3600 3671 erat
3627 3616 3766 3687 quod

2173 3716 2300 3765 tunc
2340 3709 2617 3780 agebatur,
2664 3709 2759 3765 sed
2800 3725 3014 3765 omnem
3059 3709 3335 3780 gentilium
3365 3708 3764 3765 confidentiaiu

2172 3800 2508 3871 prmeiderat,
2540 3816 2754 3855 omnem
2782 3800 3018 3855 lzetitiam
3047 3801 3412 3865 exstinxerat;
3453 3809 3765 3872 tantamque

2174 3891 2281 3946 illis
2305 3893 2571 3947 maestitia)
2601 3891 2884 3963 caliginem
2911 3890 3201 3957 oli‘uderat,
3230 3902 3484 3962 quantam
3510 3890 3555 3946 si
3584 3893 3762 3946 omnia

2175 3981 2330 4036 simul
2358 3982 2551 4051 templa
2580 3983 2880 4053 periissent.

2245 4073 2333 4128 18.
2374 4071 2575 4128 Libanii
2610 4073 2866 4128 monodia.
2896 4072 3141 4140 —Quod
3167 4085 3343 4128 autem
3389 4074 3506 4135 haec
3547 4090 3659 4129 non
3683 4073 3764 4143 ja-

2174 4164 2467 4221 ctabundus
2508 4165 2756 4232 efferam,
2804 4165 2918 4235 ipsa
2947 4165 3109 4220 verba
3148 4164 3368 4220 lamenti
3397 4174 3453 4220 et
3498 4166 3763 4221 mouodia:

2175 4258 2441 4328 proferam
2464 4298 2480 4323 ,
2510 4272 2668 4328 quam
2699 4257 2845 4312 urbis
2875 4256 3110 4326 suphista
3142 4267 3268 4312 tunc
3297 4256 3350 4310 in
3385 4256 3531 4311 hunc
3556 4258 3763 4311 daemo-

2177 4367 2299 4407 nem
2347 4350 2534 4408 edidit.
2565 4349 2655 4406 Sic
2687 4360 2865 4406 autem
2914 4351 3076 4406 habet
3110 4352 3297 4406 munia:
3336 4351 3545 4422 inithtm
3580 4367 3596 4406 :
3634 4351 3763 4419 Viri,

2176 4461 2388 4516 quorum
2418 4444 2615 4512 oculis,
2661 4460 2803 4514 aeque
2849 4460 2909 4497 ac
2945 4444 3102 4510 meis,
3132 4444 3298 4514 caligo
3326 4444 3497 4511 oﬂ'usa
3521 4453 3595 4499 est
3615 4486 3631 4511 ,
3679 4460 3767 4498 nec

2177 4538 2446 4607 pulchram
2464 4577 2479 4602 ,
2507 4551 2598 4590 nec
2626 4552 2862 4606 magnam
2887 4535 3120 4606 deinceps
3148 4537 3279 4591 hanc
3307 4537 3480 4591 urbem
3511 4554 3764 4592 uocemus.

2178 4627 2382 4683 Deinde
2420 4641 2541 4681 cum
2578 4627 2830 4682 ncnnulla
2858 4626 3078 4683 dixisset
3103 4630 3524 4699 asseruissctque
3558 4628 3633 4685 de
3669 4629 3768 4683 Da-

2177 4720 2348 4790 phnes
2378 4719 2552 4776 fabula
2581 4719 2776 4795 (neque
2820 4724 2962 4776 enim
2995 4731 3158 4776 totam
3201 4725 3498 4776 orationem
3547 4721 3642 4778 hic
3685 4723 3767 4777 in-

2178 4823 2361 4872 texere
2396 4824 2603 4885 tempus
2631 4816 2859 4886 patitur,
2891 4832 2958 4872 ne
3001 4816 3266 4888 longiores
3289 4859 3303 4883 ,
3332 4834 3491 4887 quam
3524 4833 3625 4887 par
3649 4826 3765 4877 est.

2178 4909 2345 4963 simus
2369 4907 2410 4977 ),
2434 4907 2738 4974 Persarum,
2771 4910 2959 4980 inquit,
2986 4909 3076 4963 ille
3106 4925 3220 4976 rex,
3253 4910 3344 4980 qui
3372 4911 3649 4966 civitatem
3678 4925 3767 4965 ce-

2179 5002 2277 5072 pit,
2310 5003 2508 5071 templo
2550 5003 2826 5071 pepercit:
2859 5003 2972 5073 ipsa
3023 5018 3183 5072 porro
3233 5004 3395 5058 verba
3447 5003 3564 5058 lucc
3602 5014 3765 5058 sunt:

2184 5095 2287 5162 Qui
2325 5096 2597 5149 exercitum
2636 5105 2811 5150 contra
2854 5112 2946 5150 nos
2983 5097 3167 5159 movit,
3212 5105 3450 5163 praestare
3492 5097 3690 5166 putavit
3718 5102 3770 5148 ut

2180 5186 2417 5258 templum
2457 5196 2767 5252 servaretur,
2799 5197 3075 5254 statuaque
3111 5187 3262 5241 decor
3299 5187 3563 5240 barbarico
3608 5184 3770 5258 furori

2180 5279 2462 5349 praevaluit.
2492 5277 2645 5333 Nunc
2685 5268 2883 5342 aulam,
2916 5296 2946 5334 ο
2973 5281 3050 5334 sol
3068 5322 3083 5346 ,
3115 5296 3145 5332 ο
3173 5290 3306 5334 terra
3328 5279 3351 5334 !
3376 5279 3486 5349 quis
3525 5281 3603 5335 uel
3642 5278 3770 5333 unde

2182 5372 2263 5425 hic
2293 5372 2469 5437 hostis,
2492 5372 2579 5442 qui
2602 5389 2693 5427 nec
2712 5373 2879 5443 gravis
2906 5383 3180 5427 armatum
3204 5372 3445 5426 militibus
3463 5411 3481 5438 ,
3510 5387 3602 5426 nec
3631 5370 3770 5440 equi-

2183 5466 2316 5521 tibus
2336 5513 2354 5533 ,
2385 5482 2473 5522 nec
2494 5465 2725 5521 velitibus
2752 5482 2879 5537 opus
2914 5465 3131 5531 habens,
3161 5481 3319 5536 parva
3350 5465 3572 5520 scintilla
3599 5463 3769 5518 omnia

2182 5558 2507 5629 absumpsit?
2533 5558 2721 5614 Postea
2750 5558 2837 5615 ubi
2867 5557 3159 5613 declaravit
3194 5556 3495 5612 dmmonem
3542 5564 3669 5610 tunc
3702 5553 3768 5609 ab

2181 5653 2273 5711 illo
2299 5653 2538 5725 (Babyla)
2565 5653 2723 5709 fuisse
2746 5652 2966 5718 victum,
2987 5666 3108 5706 cum
3129 5664 3217 5707 res
3241 5650 3519 5720 gentilium
3543 5648 3767 5703 maxime

2181 5745 2435 5800 ﬂorerent
2463 5744 2740 5799 sacrificiis
2764 5751 2818 5799 et
2842 5741 3228 5798 initiationibus
3256 5757 3271 5795 :
3300 5739 3369 5795 Et
3396 5749 3652 5805 nostrum,
3684 5738 3765 5792 ἰη-

2182 5837 2329 5906 quit,
2359 5837 2601 5906 templum
2639 5838 2815 5906 ingens
2856 5835 2989 5891 illud
3030 5833 3277 5891 dilaniant
3306 5849 3409 5890 non
3436 5831 3615 5908 dejeeit
3638 5872 3652 5901 ,
3687 5826 3773 5882 θεά
