3884 6294
23 379 137 436 559

15 513 212 567 μενος,
242 496 339 549 καὶ
378 498 488 551 τῶν
517 497 687 568 ιερῶν
730 498 941 552 σκευῶν
974 501 1096 563 ταῖς
1150 500 1375 570 μιαραῖς
1418 497 1697 569 τολμήσας

21 585 269 654 ἅψασθαι
293 585 471 657 χερσὶ,
505 586 599 638 καὶ
627 586 748 639 ούδέ
781 587 991 653 τούτοις
1019 586 1332 659 ἀρκεσθεὶς,
1357 586 1491 641 ἀλλά
1515 603 1702 657 περαι-

10 675 167 742 τέρω
197 676 266 745 τῇ
312 673 483 744 ῦϐρει
517 673 794 745 προελθὼν
844 675 1239 746 (περιστρέψας
1267 673 1377 746 γὰρ
1419 674 1560 728 αὐτὰ
1606 676 1701 728 zeal

12 762 138 825 θεὶς
170 762 267 816 ἐπὶ
296 761 391 815 τοῦ
431 761 660 831 ἐδάφους
686 764 781 815 zeal
804 762 1084 827 ἀπλώσας,
1112 760 1288 825 οὕτως
1323 760 1579 816 ἐκάθισεν
1610 762 1698 813 ἐπ’

10 850 250 919 αὐτῶν),
294 851 641 921 παραχρῆμα
684 851 889 921 ταύτης
934 852 1033 922 τῆς
1073 852 1393 922 παρανόμου
1427 850 1700 921 καθέδρας

10 940 112 1010 τὴν
131 940 292 1010 δίκην
314 939 507 992 ἔδωκε.
527 938 837 1011 Διαφθαρὲν
860 939 968 1010 γὰρ
992 939 1156 993 αὑτοῦ
1180 939 1239 992 τὸ
1267 939 1463 993 αἰδοῖον
1490 937 1701 1009 σκώλη-

9 1045 118 1091 κας
146 1028 326 1081 ἔτεκε
358 1028 472 1093 zeal,
499 1026 641 1080 ὥστε
673 1026 950 1098 δειχθῆναι
981 1029 1061 1081 ὃτι
1085 1028 1117 1098 ή
1140 1027 1295 1091 νόσος
1320 1027 1581 1099 θεήλατος
1605 1023 1693 1098 ἦν,

10 1118 214 1180 πίονας
246 1117 426 1188 ὄρνεις
476 1118 571 1170 zeal
621 1117 836 1181 ξενικάς
882 1115 1246 1180 καταθύοντες
1293 1116 1343 1169 οἰ
1378 1116 1574 1187 ἰατροὶ,
1602 1117 1697 1170 zeal

10 1205 253 1275 πλησίον
286 1204 394 1258 τῶν
439 1203 799 1275 διεφθορότων
833 1203 1009 1274 μελῶν
1059 1202 1300 1267 τιθέντες
1342 1202 1696 1270 ἐξεκαλοῦντο

9 1293 144 1355 τοὺς
174 1291 484 1361 σκώληκας·
514 1292 564 1344 οί
585 1290 642 1344 δὲ
664 1291 763 1344 οὑκ
795 1303 821 1331 ι
865 1291 1181 1360 ἀφίσταντο,
1227 1289 1362 1343 ἀλλά
1395 1290 1563 1361 ἀπρὶξ
1586 1290 1694 1344 τῶν

9 1379 344 1450 σεσηπότων
373 1376 586 1448 εἴχοντο
619 1377 822 1449 μερῶν,
841 1378 935 1431 zeal
963 1377 1137 1441 οὕτως
1162 1377 1325 1432 αὑτὸν
1351 1377 1444 1431 ἐπὶ
1472 1377 1694 1443 πολλαῖς

8 1466 432 1536 δαπανήσαντες
457 1465 689 1535 ἡμέραις
719 1464 906 1528 κακῶς
934 1463 1243 1518 ἀπώλεσαν.
1273 1464 1499 1534 Ἕτερος
1532 1464 1589 1519 δέ
1611 1482 1695 1529 τις

10 1553 105 1605 ἐπὶ
136 1555 205 1624 τῇ
242 1552 456 1622 φυλακῇ
477 1551 587 1605 τῶν
605 1552 846 1622 ταμείων
865 1551 1202 1622 τεταγμένος
1232 1550 1342 1605 τῶν
1374 1551 1692 1621 βασιλικῶν,

9 1643 150 1713 πρὶν
184 1640 219 1711 ἦ
246 1641 339 1693 τὸν
363 1640 515 1694 ούδδν
545 1639 853 1711 ὑπερϐῆναι
884 1639 993 1695 τῶν
1047 1639 1334 1710 βασιλείων
1355 1679 1371 1704 ,
1424 1638 1691 1710 ἐλάκησεν

10 1731 176 1799 ἄφνω
203 1728 395 1800 μέσος,
432 1728 527 1782 zeal
552 1728 714 1791 αὐτὸς
743 1727 937 1800 ἐτέρας
969 1727 1113 1791 τινὸς
1156 1727 1411 1798 τοιαύτης
1447 1743 1690 1797 παρανο-

12 1819 151 1887 μίας
180 1817 338 1888 δίκην
369 1815 513 1880 δούς.
549 1814 736 1869 Ταῦτα
765 1814 830 1885 δὴ
858 1817 953 1869 zeal
980 1815 1187 1868 τούτων
1214 1814 1437 1867 πλείονα
1465 1813 1544 1884 (οὐ
1583 1815 1692 1884 γὰρ

10 1907 240 1959 ᾶπαντα
303 1904 625 1973 καταλέγειν
689 1903 882 1973 καιρὸς
930 1902 1062 1961 νῦν)
1116 1903 1198 1965 εἰς
1251 1900 1379 1956 νοῦν
1429 1901 1608 1957 λαϐὼν
1664 1904 1693 1954 0

10 1993 242 2063 μιαρὸς,
272 1991 528 2044 ἐδεδοίκει
578 1991 674 2062 τήν
719 1990 925 2060 τόλμαν
968 1990 1281 2061 περαιτέρω
1330 1992 1687 2061 προαγαγεῖν.

10 2082 126 2133 Kal
149 2081 233 2133 ὅτι
254 2080 357 2134 οὐκ
377 2078 472 2132 ἀπ’
511 2077 751 2148 ἐμαυτοῦ
784 2078 960 2131 ταῦτα
1005 2076 1149 2145 λέγω
1171 2076 1286 2140 νῦν,
1317 2077 1383 2130 ἐκ
1408 2076 1517 2129 τῶν
1552 2078 1691 2147 μετὰ

8 2165 192 2217 ταῦτα
224 2163 317 2216 ὑπ’
357 2160 522 2215 αὐτοῦ
567 2161 876 2230 γενομένων
910 2160 1064 2213 ἔσται
1099 2159 1256 2230 δῆλον
1291 2161 1444 2230 ἡμῖν’
1472 2161 1609 2225 τέως
1633 2161 1691 2215 δέ

8 2247 112 2316 τῆς
142 2243 472 2306 ἀκολουθίας
501 2242 609 2295 τῶν
641 2243 1024 2313 γεγενημένων
1056 2243 1333 2314 ἐχώμεθα.

77 2334 152 2386 Τί
188 2333 253 2402 δὴ
280 2332 343 2385 τὸ
371 2330 619 2384 ἐντεῦθεν
640 2325 740 2401 ἧν;
783 2329 955 2384 Τοῦτο
995 2331 1103 2402 γάρ
1139 2333 1258 2384 ἐστι
1285 2331 1345 2384 τὸ
1375 2330 1690 2401 θαυμαστὸν

4 2423 64 2473 οὐ
109 2420 216 2491 τὴν
241 2418 474 2488 δύναμιν
514 2417 696 2488 μόνον,
727 2417 865 2472 ἀλλά
893 2419 987 2471 καὶ
1022 2419 1121 2489 τὴν
1151 2417 1357 2486 ἄφατον
1389 2417 1692 2488 φιλανθρω-

5 2509 145 2562 πίαν
181 2506 522 2560 ἐπιδεικνύον
562 2505 654 2559 τοῦ
706 2504 866 2559 Θεοῦ.
912 2505 969 2559 ’0
1010 2506 1108 2577 μὲν
1141 2505 1252 2578 γὰρ
1292 2505 1447 2575 ἆγιος
1480 2506 1691 2577 μάρτυς

1 2596 115 2650 τῶν
174 2594 340 2667 ἰερῶν
393 2593 527 2646 εἴσω
563 2592 867 2665 περιϐόλων
909 2589 1014 2666 ἦν,
1061 2595 1121 2647 ἐν
1166 2589 1247 2657 οἷς
1293 2596 1388 2647 zeal
1424 2594 1690 2666 πρότερον

3 2685 315 2754 ἐτύγχανεν
341 2680 438 2753 ὢν,
466 2681 595 2753 πρὶν
625 2682 704 2745 είς
735 2680 833 2752 τὴν
857 2681 1074 2752 Δάφνην
1100 2681 1294 2735 ἐλθεῖνο
1323 2684 1351 2735 0
1372 2682 1429 2735 δὲ
1454 2680 1690 2753 πονηρὸς

2 2773 227 2842 δαίμων
286 2770 591 2840 ἐμάνθανεν
647 2768 879 2833 εὐθέως,
934 2771 1015 2823 ὅτι
1073 2769 1253 2840 μάτην
1300 2770 1450 2842 αὑτῷ
1491 2771 1560 2824 τά
1593 2772 1691 2841 τῆς

3 2861 233 2930 ἀπάτης
262 2857 668 2929 μεμηχάνηται,
696 2859 789 2911 zeal
814 2858 897 2911 ὅτι
918 2857 978 2911 οὐ
1007 2858 1144 2928 πρὸς
1173 2859 1362 2929 νεκρὸν
1389 2859 1480 2913 τὸν
1503 2860 1691 2928 ἀγῶνα

3 2946 182 3019 εῖχεν,
213 2946 354 3000 ἀλλά
386 2946 523 3018 πρὸς
555 2944 735 3010 ζῶντα
761 2949 857 3000 zeal
890 2946 1236 3018 ἐνεργοῦντα,
1273 2950 1368 3002 καὶ
1397 2950 1498 3002 οὐκ
1524 2950 1688 3003 αὑτοῦ

7 3040 201 3108 μόνον,
229 3034 372 3091 ἀλλά
400 3037 496 3089 καὶ
539 3036 754 3089 πάντων
792 3035 1059 3106 δαιμόνων
1106 3036 1470 3108 ἰσχυρότερον.
1505 3039 1691 3110 Παρα-

2 3128 256 3190 καλέσας
282 3125 391 3197 γὰρ
426 3126 518 3179 τὸν
545 3126 678 3179 Θεὸν
712 3125 930 3195 ἀφεῖναι
961 3122 1074 3195 πῦρ
1098 3126 1178 3188 είς
1199 3125 1291 3178 τὸν
1313 3124 1607 3198 νεὼν,’τήν
1629 3144 1689 3181 τε

1 3216 217 3287 ὀροφὴν
235 3213 536 3281 κατέφλεξε
558 3214 760 3278 πᾶσαν,
783 3213 878 3266 καὶ
900 3211 960 3266 τὸ
979 3212 1196 3267 εἴδωλον
1228 3214 1423 3287 μέχρις
1443 3216 1690 3286 ἐσχάτων

1 3302 286 3372 ἀφανίσας
309 3300 507 3366 ποδῶν,
525 3300 733 3371 τέφραν
755 3318 816 3354 τε
845 3302 1129 3372 ἀποφήνας
1153 3303 1250 3356 zeal
1278 3303 1448 3369 κόνιν,
1476 3304 1691 3376 ἀφῆκεν

2 3392 239 3445 ἑστάναι
273 3388 403 3451 τοὺς
429 3388 644 3459 τοίχους
685 3388 954 3455 ἅπαντας.
985 3390 1095 3443 Kal
1124 3390 1180 3443 εί
1212 3409 1294 3456 τις
1324 3386 1578 3465 ἐπισταίη
1610 3393 1689 3465 τῷ

0 3481 157 3550 τόπῳ
183 3475 307 3540 νῦν,
330 3477 432 3529 οὐκ
472 3474 538 3529 ἂν
588 3475 732 3529 εἴποι
766 3478 938 3548 πυρὸς
969 3466 1133 3549 ἔργον
1171 3474 1311 3531 εἶναι
1335 3478 1396 3532 τὸ
1426 3481 1685 3549 γεγονός·

0 3568 123 3622 οὐδὲ
160 3565 280 3638 γὰρ
304 3565 539 3627 ἄτακτος
562 3566 614 3630 ιι,
647 3566 770 3619 οὐδέ
810 3566 888 3632 ὡς
914 3566 974 3633 ἐξ
1002 3566 1136 3639 ὕλης
1159 3567 1368 3639 ἀψύχου
1399 3569 1623 3637 γέγονεν
1651 3572 1684 3641 ἡ

2 3655 385 3728 πύρπόλησις,
409 3654 524 3708 ἀλλ’
560 3654 752 3726 ὥσπερ
795 3655 942 3719 τινὸς
988 3657 1170 3727 χειρὸς
1224 3658 1597 3729 περιαγούσης
1627 3657 1690 3712 τὸ

0 3745 136 3817 πῦρ,
165 3745 271 3800 καὶ
293 3743 644 3813 δεικνυούσης
663 3738 825 3799 τίνὶον
849 3745 949 3816 μὲν
982 3745 1293 3815 φείσασθαι,
1325 3745 1445 3799 τίνα
1466 3745 1524 3799 δὲ
1552 3748 1687 3800 ἀνα-

0 3834 177 3888 λῶσαι
195 3832 392 3905 ἐχρῆν,
408 3831 582 3897 οὕτως
607 3832 895 3905 εὐρύθμως
928 3831 1078 3905 [565]
1095 3832 1192 3887 zeal
1220 3832 1484 3904 τεχνικῶς
1514 3836 1543 3888 0
1562 3834 1689 3899 ναὸς

0 3920 422 3976 ἐκκεκάλυπται
453 3931 502 3985 ο,
534 3922 628 3975 zeal
658 3922 720 3974 ού
763 3924 876 3984 τοῖς
920 3922 1414 3994 ἐμπεπρησμένοις
1466 3921 1685 3989 ἁπλῶς,

0 4010 137 4063 ἀλλά
156 4011 285 4072 τοῖς
318 4009 538 4079 ἀρτίους
570 4008 669 4078 μὲν
701 4007 885 4078 έχουσι
922 4009 1048 4072 τοὺς
1096 4009 1440 4079 περιϐόλους,
1487 4010 1688 4081 στέγης

0 4096 49 4150 δέ
78 4095 377 4168 δεομένοις
401 4096 570 4167 μόνης
593 4095 935 4167 προσέοικεν.
968 4096 1050 4150 Τά
1073 4113 1133 4149 τε
1160 4095 1269 4168 γάρ
1315 4097 1470 4159 ἀλλα,
1511 4097 1606 4150 zeal
1638 4098 1688 4149 οἰ

0 4186 183 4250 κίονες
214 4184 272 4238 οἷ
301 4200 363 4237 τε
391 4184 483 4237 τὸν
503 4183 702 4255 ὄροφον
736 4183 1020 4254 ἀνέχοντες
1038 4225 1052 4249 ,
1102 4183 1155 4236 οἵ
1184 4201 1243 4237 τε
1269 4185 1338 4238 τά
1376 4183 1689 4256 προπύλαια

0 4275 252 4338 ἀπαντες
287 4275 587 4344 ἑστήκασι,
621 4272 762 4343 πλὴν
798 4272 893 4327 τοῦ
930 4272 1058 4341 περὶ
1085 4272 1112 4311 ἀ
1155 4272 1245 4326 τὸν
1274 4272 1500 4327 ὄπισθεν
1522 4272 1687 4344 δόμον

0 4365 138 4429 ἑνός’
175 4365 278 4418 zeal
306 4357 461 4426 οὗτος
488 4362 547 4417 δέ
570 4363 670 4432 οὐχ
701 4361 887 4426 ἀπλῶς
915 4360 1092 4432 ἀφέθη
1125 4361 1514 4433 διακλασθῆναι
1541 4363 1684 4428 τότε,

0 4451 135 4506 ἀλλά
174 4453 251 4507 δι’
281 4450 495 4516 αἰτίαν,
537 4450 606 4522 ἢν
656 4449 795 4521 μετὰ
843 4448 1017 4503 ταῦτα
1071 4448 1324 4520 ἐροῦμεν.
1382 4449 1587 4503 Τούτου
1623 4450 1686 4521 δή

0 4540 348 4611 συμϐάντος,
376 4537 593 4622 ,ἄγεται
636 4538 736 4608 μὲν
787 4538 868 4601 εἰς
904 4537 1257 4609 δικαστήριον
1296 4536 1499 4600 εὐθέως
1531 4540 1560 4591 0
1590 4538 1711 4591 τοῦ·

0 4627 264 4701 δαίμονος
292 4628 496 4699 ἱερεὺς,
528 4628 625 4680 zeal
653 4626 750 4681 τὸν
783 4627 958 4680 αἴτιον
992 4627 1336 4696 ἠναγκάζετο
1375 4626 1575 4696 λέγειν,
1611 4627 1688 4691 ὡς

0 4715 45 4769 δὲ
80 4719 192 4771 οὐκ
224 4712 397 4784 εἶχεν,
416 4715 885 4783 ἐξαγκωνίσαντες
909 4714 1095 4777 αὐτὸν,
1122 4714 1215 4767 zeal
1244 4714 1444 4778 πολλὰς
1471 4713 1688 4769 ἐπιθέν-

0 4818 81 4865 τες
109 4801 365 4873 πληγὰς,
396 4797 516 4856 εἶτα
562 4801 993 4873 μετεωρίσαντες
1023 4803 1119 4856 zeal
1162 4802 1264 4865 τάς
1295 4801 1537 4873 πλευρὰς
1566 4804 1685 4857 δια-

0 4887 280 4957 ξαίνοντες
302 4888 608 4959 ἐμάνθανον
636 4888 800 4944 πλέον
832 4889 1006 4955 οὐδὲν,
1025 4890 1141 4944 ἀλλ’
1158 4890 1366 4958 ἐγίνετο
1386 4891 1687 4961 παρόμοιον

0 4977 67 5047 τῷ
109 4976 216 5030 ἐπὶ
246 4976 352 5047 τῆς
397 4978 749 5040 ἀναστάσεως
800 4977 897 5031 τοῦ
944 4977 1204 5050 Χριστοῦ.
1262 4976 1373 5031 Καὶ
1427 4978 1533 5049 γὰρ
1560 4977 1684 5031 τότε

0 5067 288 5136 ίτάγησαν
322 5065 422 5135 μὲν
443 5062 495 5118 οἱ
520 5065 851 5137 στρατιῶται
874 5066 934 5119 τὸ
965 5064 1123 5135 σῶμα
1145 5065 1431 5135 φυλάττειν
1458 5064 1553 5118 τοῦ
1587 5063 1688 5136 Ἰη-

0 5154 112 5231 φῦ,
151 5154 252 5207 ἵνα
303 5152 379 5224 μὴ
409 5153 723 5224 ἐκγένηται,
778 5154 933 5225 φησί,
972 5156 1349 5226 κακουργῆσαι
1411 5154 1540 5227 περὶ⁵
1587 5154 1686 5225 τὴν

0 5240 214 5314 ιλοπὴν
241 5242 361 5304 τοῖς
382 5240 675 5311 μαθηταῖςο
691 5241 755 5296 τὸ
774 5242 833 5295 δὲ
851 5243 1083 5313 πρᾶγμα
1106 5245 1184 5305 είς
1206 5243 1364 5296 τοῦτο
1387 5243 1684 5307 ἐξέϐαινεν,

0 5330 139 5385 ἷιστε
195 5324 345 5400 μηδέ
389 5328 746 5400 ἀναίσχυντον
793 5331 1068 5401 πρόφασιν
1126 5330 1520 5402 ὑπολειφθῆναι
1571 5333 1687 5396 τοῖς

0 5419 358 5490 ιουλομένοις
385 5417 517 5488 περὶ
530 5418 629 5488 τὴν
647 5418 829 5472 πίστιν
845 5419 943 5488 τῆς
965 5419 1310 5484 ἀναστάσεως
1333 5424 1681 5492 κακουργεῖν.

4 5508 103 5564 ἰαὶ
138 5503 390 5585 ἐνταῦθα
425 5504 634 5559 εἵλκετο
664 5507 764 5575 μὲν
798 5509 826 5560 0
848 5507 1049 5578 ἱερεὺς,
1083 5507 1173 5560 ἵνα
1202 5508 1275 5577 μὴ
1305 5506 1457 5572 θείας
1492 5510 1681 5581 ὀργῆς,

0 5593 107 5651 ιλλ*
136 5592 505 5664 ἀνθρωπίνης
539 5594 875 5663 κακουργίας
900 5594 1063 5665 ἔργον
1095 5590 1236 5648 εἶναι
1273 5597 1601 5670 μαρτυρήσῃ
1623 5597 1686 5650 τὸ

42 5742 271 5809 ⁸ξανίῑ.
299 5745 346 5791 οί
369 5742 422 5791 δὲ
444 5741 499 5809 ού
522 5742 662 5809 μόνον
686 5743 816 5809 λούκζ
833 5743 942 5792 Mox
981 5758 1109 5796 unus
1130 5744 1315 5809 εἰχοντο
1342 5733 1512 5809 μελῶν.
1558 5746 1683 5799 ἰοῦ-α

0 5803 144 5855 iavil.
173 5811 231 5852 el
253 5816 386 5851 unus
407 5803 563 5866 πρὶνῆ
585 5806 681 5852 τῶν
701 5805 870 5854 οὐδῶν.

40 5866 74 5909 Β
100 5867 208 5916 Alii
228 5866 470 5920 ἀτάκτως.

43 5932 71 5959 ‘
98 5929 209 5980 Axii
230 5927 541 5981 ἐκκέκαυται.
564 5926 648 5975 alii
672 5926 1039 5980 ἐκκεκάλυπται.

427 6010 704 6074 ΡΑτιιοι..
739 6012 860 6075 Gn.
904 6012 972 6075 L.

875 397 957 453 DE
997 398 1058 454 S.
1093 399 1390 465 BABYLA,
1430 397 1708 456 CONTRA
1748 395 2096 453 JULIANUM
2148 398 2236 454 ET
2275 399 2626 456 GENTILES.

3362 393 3468 447 560

1803 502 2046 571 γεγονός·
2078 505 2506 576 στρεϐλούμενος
2534 506 2592 560 δὲ
2645 504 2740 558 zeal
2771 503 3115 575 αἰκιζόμενος
3159 505 3251 557 καὶ
3282 506 3464 560 οὐδένα
3566 561 3577 565 ,

1801 589 1941 660 ἔχων
1967 591 2237 655 ἐκδοῦναι,
2270 593 2576 665 ἐμαρτύρει
2612 592 2955 662 θεόπεμπτον
2983 587 3207 644 εἶναιτὸ
3230 589 3361 663 πῦρ,
3393 594 3467 656 ὡς

1803 676 1937 746 μηδέ
1973 680 2085 741 τοῖς
2122 680 2500 750 ἀναισχυντεῖν
2547 679 2894 750 βουλομένοις
2956 674 3096 732 εἷναί
3145 696 3265 732 τινα
3313 680 3472 747 λόγον

1799 762 2009 817 λοιπόν.
2041 764 2178 817 Ἀλλ’
2192 765 2328 835 ὅπερ
2352 767 2459 838 πρὸ
2482 765 2680 837 μικροῦ
2708 765 2877 818 θέλων
2897 767 3074 819 εἰπεῖν
3103 766 3468 837 ἀνεϐαλόμην,

1798 849 1960 903 τοῦτο
1996 850 2091 905 νῦν
2128 851 2401 923 εὐκαίρως
2451 852 2582 925 ἐρῶ.
2635 852 2699 905 Τί
2740 852 2797 905 δὲ
2831 850 2991 905 τοῦτό
3021 853 3197 918 ἐστιν;
3240 854 3363 906 Ὅτι
3389 852 3469 922 τῷ

1800 936 1951 1008 φόϐῳ
1980 937 2245 993 διέσεισεν
2280 939 2445 993 αὑτοῦ
2474 939 2587 1010 τὴν
2609 938 2786 1010 ψυχήν
2830 940 2860 992 0
2896 938 3127 1011 μάρτυς,
3157 940 3234 1002 ὼς
3268 941 3342 1009 μὴ
3371 958 3468 994 πε·-

1801 1025 2039 1097 ραιτέρω
2069 1028 2136 1096 τῇ
2167 1025 2342 1098 τόλμῃ
2376 1037 2399 1065 ο
2427 1027 2733 1095 προελθεῖν.
2766 1028 2839 1080 Οὐ
2865 1027 2973 1099 γὰρ
3017 1028 3192 1098 δήπου
3234 1028 3326 1081 τὸν
3367 1028 3467 1098 μὲν

1801 1111 1970 1182 ἱερέα,
2012 1114 2106 1166 zeal
2132 1112 2192 1166 ὃν
2231 1116 2288 1166 ἐν
2312 1113 2546 1186 τοσαύτῃ
2588 1114 2853 1186 πρότερον
2880 1110 2983 1186 ἦγε
3005 1117 3166 1186 τιμῇ.
3189 1113 3465 1177 τοσούτοις

1798 1200 1935 1271 ὑπὲρ
1967 1201 2067 1269 τῆς
2094 1200 2302 1271 ὀροφῆς
2329 1200 2653 1270 περιέϐαλλε
2680 1203 2892 1267 κακοῖς,
2921 1203 3014 1255 zeal
3045 1202 3234 1274 θηρίου
3269 1202 3465 1273 μᾶλλον

1796 1286 2092 1359 αἱμοϐόρου
2112 1277 2500 1357 διεσπάραττε,
2530 1287 2668 1358 τάχα
2712 1288 2757 1341 δ’
2779 1289 2845 1342 ἂν
2871 1289 2965 1342 zeal
2989 1289 3332 1358 ἀπεγεύσατο
3357 1289 3464 1343 τῶν

1796 1373 2035 1443 σαρκῶν,
2071 1376 2121 1427 εἰ
2152 1373 2228 1444 μὴ
2259 1375 2393 1428 πᾶσι
2421 1374 2483 1428 τὸ
2515 1376 2750 1445 πρᾶγμα
2778 1375 2953 1428 ἐδόκει
3005 1372 3146 1431 εἶναι
3183 1377 3427 1447 μυσαρόν
3446 1392 3458 1405 ·

1792 1460 1884 1514 τὸν
1911 1462 1969 1515 δὲ
1998 1462 2152 1531 ἀγιον
2192 1462 2357 1517 αὐτοῦ
2400 1461 2497 1516 τοῦ
2532 1462 2783 1534 δαίμονος
2814 1463 2877 1516 τὸ
2905 1464 3080 1535 στόμα
3108 1465 3464 1536 ἐμφράξαντα

1794 1546 1956 1603 πάλιν
1981 1550 2061 1612 εἰς
2083 1548 2181 1620 τὴν
2206 1548 2363 1603 πόλιν
2392 1545 2547 1620 ἦγεν,
2565 1548 2707 1603 ὥστε
2730 1551 2787 1604 ἐν
2809 1549 3013 1604 πλείονι
3042 1547 3182 1604 εἶναι
3212 1553 3366 1622 τιμῇ.
3400 1553 3464 1605 Εἰ

1792 1635 1903 1708 γὰρ
1940 1638 2034 1691 zeal
2064 1638 2140 1708 μὴ
2175 1638 2461 1711 πρότερον,
2500 1638 2590 1693 ὅτε
2622 1638 2722 1710 τὴν
2754 1632 2924 1711 ἧτταν
2951 1640 2979 1691 0
3006 1638 3214 1711 δαίμων
3251 1639 3461 1710 ὡμολό-

1793 1740 1983 1793 γησεν,
2011 1724 2147 1779 ἀλλά
2173 1725 2311 1796 μετὰ
2337 1724 2429 1780 τὸν
2478 1725 2809 1798 ἐμπρησμὸν
2844 1725 3024 1779 πάντα
3060 1725 3356 1797 ἀνέτρεψεν
3394 1728 3463 1782 ἂν

1792 1813 1888 1867 zeal
1915 1812 2186 1879 ἀπώλεσε,
2208 1814 2305 1867 zeal
2332 1814 2628 1882 κατέφλεξε
2656 1813 2754 1885 τὴν
2782 1814 3049 1886 λάρνακα,
3071 1814 3131 1886 τρ
3162 1814 3462 1885 μαρτύριον

1793 1900 2074 1973 ἑκάτερον,
2104 1901 2167 1955 τό
2191 1919 2250 1955 τε
2278 1904 2336 1956 ἐν
2363 1904 2429 1973 τῇ
2457 1901 2666 1974 Δάφνῃ,
2709 1902 2771 1955 τό
2807 1919 2869 1954 τε
2916 1904 2973 1956 ἐν
2999 1904 3065 1973 τῇ
3097 1902 3270 1969 πόλει,
3299 1904 3349 1955 εί
3385 1901 3460 1973 μή

1791 1987 1886 2041 τοῦ
1913 1987 2086 2058 θυμοῦ
2112 1990 2141 2041 0
2164 1988 2329 2057 φόϐος
2348 1984 2417 2059 ἦν
2451 1987 2674 2058 μείζων,
2708 1989 2805 2041 zeal
2834 1989 2937 2060 τῆς
2965 1988 3202 2059 ἀθυμίας
3238 1989 3459 2058 ἐκράτει

1789 2074 1853 2127 τὸ
1880 2073 2019 2137 δέος.
2040 2072 2201 2136 Ἐθος
2227 2074 2335 2145 γὰρ
2357 2076 2471 2137 τοῖς
2494 2073 2707 2137 πολλοῖς
2728 2074 2835 2127 τῶν
2865 2073 3187 2153 ἀνθρώπων,
3202 2075 3330 2128 ὅταν
3354 2074 3460 2128 ὑπὸ
3475 2149 3487 2153 _
3554 2118 3555 2121 η

1790 2157 1960 2230 ὀργῆς
1986 2158 2364 2229 κατασχεθῶσι
2392 2160 2486 2212 zeal
2517 2159 2714 2231 λύπης,
2742 2160 2845 2214 κᾶν
2881 2149 2954 2231 μή
2982 2161 3107 2224 τοὺς
3134 2160 3342 2225 αἰτίους
3370 2149 3487 2213 λά-’

1791 2245 1927 2299 ϐωσι
1985 2246 2095 2301 τῶν
2145 2246 2368 2312 παθῶν,
2426 2248 2508 2310 εἰς
2554 2248 2681 2311 τοὺς
2725 2248 3099 2318 ἐμπίπτοντας
3142 2248 3330 2312 ἁπλῶς
3365 2251 3458 2302 zeal

1792 2334 2070 2397 ὑπόπτους
2104 2334 2327 2403 ἀφιέναι
2358 2334 2457 2406 τὴν
2487 2335 2677 2406 ὀργήν.
2704 2337 2777 2388 Ού
2804 2336 2991 2409 πόρρω
3015 2336 3071 2389 δέ
3093 2335 3196 2406 τῆς
3226 2335 3460 2406 ὑποψίας

1791 2420 1995 2491 ταύτης
2029 2420 2058 2472 0
2097 2421 2307 2492 μάρτυς
2330 2416 2419 2491 ῆν·
2456 2422 2575 2490 ἆμα
2604 2439 2663 2475 τε
2714 2423 2824 2494 γὰρ
2860 2422 3024 2485 αὐτὸς
3060 2424 3140 2486 είς
3174 2423 3270 2493 τὴν
3301 2423 3458 2477 πόλιν

1792 2507 2041 2577 ἀφίκετο,
2076 2509 2171 2561 καὶ
2215 2508 2276 2561 τὸ
2324 2508 2435 2580 πῦρ
2459 2504 2625 2580 ἦλθεν
2676 2511 2754 2573 εἰς
2810 2509 2901 2563 τὸν
2944 2500 3102 2564 ναόν.
3149 2510 3288 2563 Ἀλλ’
3320 2512 3459 2582 ὅπερ

1791 2595 1951 2665 ἔφην,
1986 2595 2156 2659 πάθος
2182 2596 2416 2667 ἐμάχετο
2445 2596 2630 2658 πάθει,
2663 2597 2759 2651 zeal
2799 2598 2969 2668 ὀργῆς
3007 2598 3229 2667 ἐκράτει
3263 2598 3455 2652 δειλία.

1804 2681 2085 2752 Ἐννόησον
2109 2681 2218 2753 γάρ
2253 2699 2345 2754 μοι
2388 2682 2474 2746 τίς
2523 2678 2592 2752 ἦν
2637 2684 2666 2736 ὁ
2726 2682 2962 2754 χρηστὸς
3012 2685 3217 2747 ἐκεῖνος
3266 2685 3346 2747 εἰς
3398 2685 3459 2737 τὸ

1791 2765 2114 2837 προάστειον
2145 2766 2329 2835 ἀνιὼν,
2361 2769 2540 2822 καὶτὸ
2573 2771 2671 2841 μὲν
2706 2769 3007 2842 μαρτύριον
3030 2771 3172 2843 δρῶν
3206 2771 3457 2842 ἑστηκὸς,

1789 2853 1884 2907 τὸν
1908 2854 1965 2908 δέ
1999 2853 2134 2908 νεὼν
2167 2855 2650 2927 ἐμπεπρησμένον,
2691 2858 2785 2911 zeal
2816 2857 2876 2911 τὸ
2904 2858 3460 2930 εἴδωλονήφανισμέ-

1791 2959 1903 3007 νον,
1935 2943 2031 2996 καὶ
2050 2942 2119 2996 τά
2150 2942 2474 3014 ἀναθήματα
2523 2944 2872 3016 ἀνηλωμένα,
2907 2945 3003 2999 καὶ
3033 2946 3134 3017 τῆς
3166 2964 3226 3000 τε
3262 2946 3457 2999 ἐαυτοῦ

1792 3027 2101 3097 φιλοτιμίας
2131 3027 2226 3081 zeal
2256 3029 2354 3098 τῆς
2388 3030 2684 3100 σατανικῆς
2714 3030 2938 3101 πομπῆς
2975 3032 3157 3086 πᾶσαν
3185 3031 3459 3103 ἐξῃρημέ-

1790 3133 1889 3187 νην
1922 3114 2248 3186 ὑπόμνησιν.
2287 3116 2350 3168 Εἰ
2375 3115 2484 3187 γὰρ
2518 3117 2654 3187 μήτε
2687 3114 2857 3187 θυμὸς
2891 3118 3051 3172 αὐτὸν
3087 3119 3225 3190 μήτε
3250 3120 3457 3190 ἀθυμία

1788 3201 1962 3256 ταῦτα
1982 3201 2192 3274 ὁρῶντα
2210 3202 2406 3274 εἰσῄει,
2438 3203 2537 3274 τὴν
2563 3203 2693 3271 γοῦν
2719 3203 2984 3274 αἰσχύνην
3007 3204 3106 3257 οὐκ
3138 3204 3203 3258 ἂν
3233 3206 3455 3276 ἤνεγκε,

1790 3288 1885 3341 zeal
1921 3287 2012 3341 τὸν
2040 3287 2207 3342 πολὺν
2239 3289 2474 3357 γέλωτα,
2506 3288 2620 3341 ἀλλ’
2670 3287 2933 3353 ἐξέτεινεν
2982 3289 3047 3344 ἂν
3087 3289 3186 3353 τὰς
3223 3290 3458 3362 ἀνόμους

1790 3378 1977 3447 χεῖρας
2004 3376 2100 3429 zeal
2133 3376 2227 3429 ἐπὶ
2252 3375 2314 3429 τὸ
2334 3375 2429 3429 τοῦ
2473 3376 2741 3447 μακαρίου
2777 3375 3102 3448 μαρτύριον,
3124 3379 3175 3430 εί
3201 3377 3274 3449 μή
3297 3376 3460 3430 τοῦτο

1788 3463 1925 3534 ὅπερ
1949 3458 2102 3517 εἷπον
2131 3467 2382 3534 κατεῖχεν
2407 3464 2591 3518 αὐτόν.
2611 3465 2747 3518 Οὐδὲ
2771 3465 2880 3535 γὰρ
2909 3461 3199 3538 μικρὸν-ἦν
3227 3466 3286 3519 τὸ
3304 3464 3457 3539 [566]

1789 3550 2045 3620 γεγονὸς,
2080 3550 2214 3605 ἀλλά
2265 3554 2445 3609 πᾶσαν
2494 3552 2594 3623 μὲν
2646 3551 2754 3605 τῶν
2800 3552 3067 3623 Ἑλλήνων
3115 3553 3214 3624 τὴν
3245 3555 3459 3625 παρρη-

1791 3637 1912 3691 σίαν
1967 3637 2256 3710 ἐξέκοψεν,
2304 3638 2523 3693 ἃπασαν
2571 3640 2629 3693 δέ
2676 3639 2777 3709 τὴν
2831 3640 3172 3711 εὐφροσύνην
3230 3639 3455 3700 ἔσϐεσε.

1787 3723 2055 3796 τοσαύτην
2089 3725 2146 3777 δέ
2170 3726 2272 3796 τῆς
2304 3726 2542 3797 ἀθυμίας
2569 3725 2666 3798 τὴν
2700 3727 2868 3797 ἀχλὺν
2909 3729 3093 3792 αὐτοῖς
3128 3728 3458 3782 κατεσκέδα-

1790 3829 1902 3879 σεν,
1927 3813 2059 3885 ὅσην
2092 3813 2157 3867 ἂν
2186 3815 2233 3866 εί
2261 3815 2462 3878 πάντες
2484 3814 2836 3869 ἀπολώλεσαν
2861 3816 2910 3868 οἰ
2948 3815 3089 3869 ναοί.

1863 3908 1954 3972 ιη’.
1979 3901 2087 3953 Kal
2108 3901 2264 3954 ὅτιού
2295 3902 2594 3971 κομπάζων
2605 3902 2751 3970 λέγω
2764 3900 2957 3968 ταῦτα,
2981 3902 3120 3956 αὐτὰ
3138 3902 3455 3975 παραθήσο-

1791 4003 1890 4056 μαι
1910 3986 1977 4039 τά
1997 3988 2061 4057 ρή
2072 3987 2335 4056 ματατῶν
2352 3988 2601 4058 ὀδυρμῶν
2618 3989 2709 4041 zeal
2725 3988 2823 4057 τῆς
2843 3988 3125 4058 μονῳδίας,
3144 3991 3209 4060 ἢν
3225 3992 3304 4054 εἰς
3329 3989 3347 4028 ῐ
3365 3990 3457 4043 τὸν

1788 4073 2016 4144 δαίμονα
2041 4074 2228 4127 τοῦτον
2257 4074 2286 4126 0
2317 4074 2418 4144 τῆς
2449 4075 2654 4138 πόλεως
2686 4075 2805 4127 τότε
2854 4077 3147 4146 εἰργάσατο
3177 4080 3454 4146 σοφιστής.
3496 4138 3500 4143 ,

1792 4161 1947 4232 Ἔχει
1973 4160 2030 4214 δὲ
2056 4159 2230 4224 οὕτως
2262 4162 2296 4232 ἡ
2323 4161 2433 4214 τῶν
2462 4161 2673 4233 θρήνων
2716 4163 2882 4234 ἀρχή·
2920 4164 3183 4232 Ἄνδρες,
3217 4157 3303 4217 ὧν
3333 4165 3459 4231 τοῖς

1790 4250 2118 4319 ὀφθαλμοῖς
2142 4249 2340 4319 ἀχλὺς
2372 4249 2794 4320 κατακέχυται.
2824 4250 3028 4320 ὥσπερ
3068 4254 3180 4307 οὗν
3204 4254 3302 4306 καὶ
3332 4253 3460 4318 τοῖς

1786 4331 1969 4400 ἐμοῖς,
1987 4332 2141 4401 μήτε
2171 4333 2369 4401 καλὴν
2386 4334 2494 4398 ἔτι,
2520 4333 2672 4403 μήτε
2687 4333 2961 4403 μεγάλην
2983 4335 3258 4404 καλῶμεν
3278 4334 3460 4404 τήνδε

1787 4420 1904 4488 τὴν
1958 4422 2158 4475 πόλιν.
2218 4418 2350 4477 Εἶτα
2385 4420 2559 4476 εἰπών
2613 4439 2736 4477 τινα
2794 4424 2924 4495 περὶ
2980 4423 3074 4477 τοῦ
3130 4423 3303 4495 μύθου
3357 4423 3459 4491 τῆς

1788 4509 2005 4581 Δάφνης
2033 4511 2129 4564 zeal
2155 4509 2456 4581 διαλεχθεὶς
2486 4512 2570 4581 (ού
2599 4513 2709 4583 γὰρ
2739 4511 2953 4566 ἅπαντα
2981 4511 3214 4565 ἐνθεῖναι
3248 4510 3340 4564 τὸν
3370 4510 3460 4565 λό-

1788 4615 1883 4667 γον
1904 4598 2137 4670 ἐνταῦθα
2175 4599 2385 4671 καιρὸς,
2427 4600 2568 4670 ὑπὲρ
2606 4599 2700 4653 τοῦ
2751 4599 2825 4670 μή
2852 4600 3023 4671 μῆκος
3070 4601 3459 4667 ἐπεισαγαγεῖν

1718 4703 1725 4711 ·
1787 4688 2087 4759 περιττὸν),
2118 4687 2288 4757 λέγει,
2320 4689 2402 4742 ὅτι
2458 4690 2487 4742 0
2544 4688 2770 4759 Περσῶν
2831 4687 3085 4756 βασιλεύς
3132 4706 3263 4742 ποτε
3294 4691 3322 4742 0
3357 4687 3491 4759 τὴν¹

1786 4775 1941 4828 πόλιν
1971 4775 2131 4839 ἐλὼν,
2164 4776 2419 4845 ἐφείσατο
2438 4775 2532 4830 τοῦ
2560 4776 2686 4831 νεώξ
2714 4777 2782 4829 τὰ
2803 4776 2860 4830 δέ
2887 4778 3108 4849 ῥήματά
3129 4779 3244 4831 ἐστι
3264 4777 3453 4833 ταῦτα’

1799 4862 1864 4916 '0
1887 4862 2006 4933 μὲν
2025 4865 2284 4932 στρατὸν
2308 4863 2400 4934 ἐφ’
2427 4861 2582 4933 ἡμᾶς
2616 4864 2642 4903 ⁸
2673 4862 2932 4933 ἀγαγὼν,
2962 4864 3106 4930 ᾤετο
3138 4864 3297 4931 αὐτῷ
3312 4865 3460 4930 ,ϐέλ-

1791 4966 1917 5004 τιον
1945 4946 2097 5005 εἶναι
2140 4949 2447 5006 σεσῶσθαι
2492 4950 2599 5005 τὸν
2632 4951 2818 5017 νεὼν,
2856 4951 2952 5006 καὶ
2998 4953 3063 5007 τὸ
3088 4952 3317 5017 κάλλος
3353 4954 3458 5006 τοῦ

1787 5035 2131 5108 ἀγάλματος
2159 5039 2390 5105 ἐκράτει
2415 5039 2603 5108 θυμοῦ
2627 5039 3023 5108 βαρϐαρικοῦ
3047 5039 3165 5092 νῦν
3188 5038 3275 5101 δὲ,
3300 5037 3456 5105 ἢλνε.

1788 5124 1886 5179 καί
1935 5124 2036 5194 γῆ,
2074 5126 2166 5192 τίς
2207 5127 2247 5195 ἢ
2303 5128 2487 5182 πόθεν
2532 5130 2565 5180 ό
2612 5129 2901 5197 πολέμιος
2947 5122 3146 5191 οὗτος,
3198 5130 3267 5190 ὃς
3318 5125 3460 5178 οὐδὲ

1789 5210 2072 5275 ὁπλιτῶν,
2103 5210 2246 5266 οὐδὲ
2285 5212 2533 5279 ἱππέων,
2581 5214 2719 5269 οὔτε
2767 5211 2967 5282 ψιλῶν
2997 5228 3177 5265 τινων
3226 5209 3462 5277 δεηθεὶς

1716 5338 1721 5343 .
1781 5296 1973 5368 μικρῷ
2002 5298 2290 5368 σπινθῆρι
2321 5300 2515 5354 πάντα
2541 5300 2862 5356 ἀνάλωσεν
2880 5315 2899 5362 ;
2927 5295 3061 5351 Εἶτα
3096 5298 3331 5361 δεικνὺς,
3371 5294 3458 5349 ὃτι

1789 5385 1954 5439 αὑτοῦ
1982 5386 2104 5439 τότε
2132 5387 2435 5459 ἐκράτησεν
2458 5390 2487 5441 0
2516 5389 2799 5460 μακάριος,
2827 5389 2915 5440 ὅτε
2952 5385 3187 5456 μάλιστα
3215 5384 3364 5454 ήνθει
3392 5385 3460 5437 τά

1788 5472 1896 5526 τῶν
1934 5473 2200 5546 Ἑλλήνων
2234 5475 2446 5538 θυσίαις
2484 5478 2579 5530 zeal
2608 5476 2874 5539 τελεταῖς,
2912 5474 3067 5543 φησί’
3103 5471 3215 5526 Καὶ
3244 5471 3320 5535 δὴ
3353 5473 3452 5525 καὶ

1788 5560 1932 5630 ἡμῖν
1959 5561 2066 5615 τὸν
2091 5561 2245 5616 νεὼν
2271 5567 2303 5617 ό
2318 5562 2436 5633 μὲν
2461 5565 2656 5629 πολὺς
2679 5563 2908 5628 ἐκεῖνος
2936 5563 3357 5629 κατακλυσμτς
3382 5561 3455 5615 οὺ

1849 5688 1877 5756 fl
1897 5689 2146 5756 Aliizelz‘nv
2162 5691 2259 5756 τῶν
2279 5691 2402 5756 περί.

1842 5753 1871 5812 '7
1892 5752 2043 5800 Savil.
2071 5759 2123 5800 et
2142 5752 2476 5812 quidam'mss.
2499 5759 2583 5812 τῆς
2601 5754 2794 5812 τόλμης.

1852 5811 1874 5850 ε
1906 5808 2211 5878 Unus_cn_déx
2237 5816 2466 5878 μονῳδίας
2480 5808 2640 5878 ,ἧς-εἰς.
2657 5808 2763 5864 Mox
2793 5815 2919 5878 idem
2944 5812 3001 5878 ad
3028 5808 3464 5878 νοεεῐιισοςιστήρ.

1789 5876 1839 5925 ω
1862 5874 2192 5940 [ngrgjzahel
2211 5874 2447 5940 Λιϐάνιος.
2475 5876 2602 5940 lnfnja
2624 5890 2748 5940 unus
2770 5876 2949 5940 θρήνων
2968 5875 3179 5940 ἀπαρχὴ.

1858 5936 1884 5975 8
1905 5934 1993 5985 Sid
2007 5934 2158 5986 Savil.
2188 5944 2242 5985 et
2262 5936 2359 5986 duo
2389 5951 2507 5986 mss.
2531 5938 2704 5987 Morel.
2733 5934 2808 6001 ἐφ”
2827 5939 2964 6000 ὑμᾶς.

3004 6018 3081 6076 10
