  <div class='ocr_page' id='page_1' title='image "/cluster/home/n/w/nwhite01/storage/ocr_20150623/50/mdp.39015066055818/157.png"; bbox 0 0 3884 6294; ppageno 0'>
   <div class='ocr_carea' id='block_1_1' title="bbox 413 359 511 417">
    <p class='ocr_par' dir='ltr' id='par_1_1' title="bbox 413 359 511 417">
     <span class='ocr_line' id='line_1_1' title="bbox 413 359 511 417; baseline -0.041 0"><span class='ocrx_word' id='word_1_1' title='bbox 413 359 511 417; x_wconf 71' lang='lat' dir='ltr'><strong>5M</strong></span> 
     </span>
    </p>
   </div>
   <div class='ocr_carea' id='block_1_2' title="bbox 413 477 2084 551">
    <p class='ocr_par' dir='ltr' id='par_1_2' title="bbox 413 477 2084 551">
     <span class='ocr_line' id='line_1_2' title="bbox 413 477 2084 551; baseline 0.003 -20"><span class='ocrx_word' id='word_1_2' title='bbox 413 477 776 547; x_wconf 74' lang='grc' dir='ltr'><em>παρέσυρεν,</em></span> <span class='ocrx_word' id='word_1_3' title='bbox 815 478 886 534; x_wconf 79' lang='grc' dir='ltr'><em>ἐν</em></span> <span class='ocrx_word' id='word_1_4' title='bbox 917 480 1111 549; x_wconf 71' lang='grc' dir='ltr'><em>αἰθρίᾳ</em></span> <span class='ocrx_word' id='word_1_5' title='bbox 1149 480 1220 534; x_wconf 77' lang='grc' dir='ltr'><em>δὲ</em></span> <span class='ocrx_word' id='word_1_6' title='bbox 1270 482 1367 537; x_wconf 85' lang='grc' dir='ltr'><em>καί</em></span> <span class='ocrx_word' id='word_1_7' title='bbox 1406 480 1521 551; x_wconf 78' lang='grc' dir='ltr'><em>τῆς</em></span> <span class='ocrx_word' id='word_1_8' title='bbox 1551 481 1814 551; x_wconf 75' lang='grc' dir='ltr'><em>νεφέλης</em></span> <span class='ocrx_word' id='word_1_9' title='bbox 1862 484 2084 551; x_wconf 84' lang='grc' dir='ltr'><em>παρελ-</em></span> 
     </span>
    </p>
   </div>
   <div class='ocr_carea' id='block_1_3' title="bbox 412 568 2085 641">
    <p class='ocr_par' dir='ltr' id='par_1_3' title="bbox 412 568 2085 641">
     <span class='ocr_line' id='line_1_3' title="bbox 412 568 2085 641; baseline 0.002 -20"><span class='ocrx_word' id='word_1_10' title='bbox 412 569 643 636; x_wconf 81' lang='grc' dir='ltr'><em>θούσης</em></span> <span class='ocrx_word' id='word_1_11' title='bbox 672 570 1121 638; x_wconf 75' lang='grc' dir='ltr'><em>κατενήνεκται·</em></span> <span class='ocrx_word' id='word_1_12' title='bbox 1158 568 1387 640; x_wconf 79' lang='grc' dir='ltr'><em>νεφέλην</em></span> <span class='ocrx_word' id='word_1_13' title='bbox 1426 571 1518 624; x_wconf 81' lang='grc' dir='ltr'><em>καί</em></span> <span class='ocrx_word' id='word_1_14' title='bbox 1560 568 1947 641; x_wconf 87' lang='grc' dir='ltr'><em>κατακλυσμὸν</em></span> <span class='ocrx_word' id='word_1_15' title='bbox 1991 569 2085 625; x_wconf 80' lang='grc' dir='ltr'><em>τὸν</em></span> 
     </span>
    </p>
   </div>
   <div class='ocr_carea' id='block_1_4' title="bbox 408 653 2084 730">
    <p class='ocr_par' dir='ltr' id='par_1_4' title="bbox 408 653 2084 730">
     <span class='ocr_line' id='line_1_4' title="bbox 408 653 2084 730; baseline 0.004 -23"><span class='ocrx_word' id='word_1_16' title='bbox 408 653 506 708; x_wconf 87' lang='grc' dir='ltr'><em>τοῦ</em></span> <span class='ocrx_word' id='word_1_17' title='bbox 531 655 798 730; x_wconf 83' lang='grc' dir='ltr'><em>προτέρου</em></span> <span class='ocrx_word' id='word_1_18' title='bbox 824 657 1088 728; x_wconf 87' lang='grc' dir='ltr'><em>βασιλέως</em></span> <span class='ocrx_word' id='word_1_19' title='bbox 1114 659 1307 730; x_wconf 77' lang='grc' dir='ltr'><em>καιρὸν</em></span> <span class='ocrx_word' id='word_1_20' title='bbox 1334 657 1536 712; x_wconf 85' lang='grc' dir='ltr'><em>καλῶν.</em></span> <span class='ocrx_word' id='word_1_21' title='bbox 1560 658 1672 711; x_wconf 72' lang='grc' dir='ltr'><em>Καὶ</em></span> <span class='ocrx_word' id='word_1_22' title='bbox 1698 657 1862 711; x_wconf 86' lang='grc' dir='ltr'><em>πάλιν</em></span> <span class='ocrx_word' id='word_1_23' title='bbox 1887 659 2084 730; x_wconf 79' lang='grc' dir='ltr'><em>μικρὸν</em></span> 
     </span>
    </p>
   </div>
   <div class='ocr_carea' id='block_1_5' title="bbox 413 743 2082 818">
    <p class='ocr_par' dir='ltr' id='par_1_5' title="bbox 413 743 2082 818">
     <span class='ocr_line' id='line_1_5' title="bbox 413 743 2082 818; baseline 0.002 -22"><span class='ocrx_word' id='word_1_24' title='bbox 413 743 873 815; x_wconf 74' lang='grc' dir='ltr'><em>προελθὼν,,αύτδ</em></span> <span class='ocrx_word' id='word_1_25' title='bbox 899 746 962 817; x_wconf 84' lang='grc' dir='ltr'><em>δὴ</em></span> <span class='ocrx_word' id='word_1_26' title='bbox 983 747 1141 801; x_wconf 83' lang='grc' dir='ltr'><em>τοῦτο</em></span> <span class='ocrx_word' id='word_1_27' title='bbox 1163 746 1505 818; x_wconf 86' lang='grc' dir='ltr'><em>πικροτέρως</em></span> <span class='ocrx_word' id='word_1_28' title='bbox 1534 745 1705 800; x_wconf 86' lang='grc' dir='ltr'><em>ἀποδύ</em></span> <span class='ocrx_word' id='word_1_29' title='bbox 1715 763 1865 817; x_wconf 89' lang='grc' dir='ltr'><em>ρεται</em></span> <span class='ocrx_word' id='word_1_30' title='bbox 1885 746 2082 816; x_wconf 79' lang='grc' dir='ltr'><em>λέγων’</em></span> 
     </span>
    </p>
   </div>
   <div class='ocr_carea' id='block_1_6' title="bbox 407 826 2082 905">
    <p class='ocr_par' dir='ltr' id='par_1_6' title="bbox 407 826 2082 905">
     <span class='ocr_line' id='line_1_6' title="bbox 407 826 2082 905; baseline 0.004 -23"><span class='ocrx_word' id='word_1_31' title='bbox 407 826 553 886; x_wconf 78' lang='grc' dir='ltr'><em>Εἶτα</em></span> <span class='ocrx_word' id='word_1_32' title='bbox 582 831 895 900; x_wconf 69' lang='grc' dir='ltr'><em>διψώντων</em></span> <span class='ocrx_word' id='word_1_33' title='bbox 914 833 1034 904; x_wconf 82' lang='grc' dir='ltr'><em>μέν</em></span> <span class='ocrx_word' id='word_1_34' title='bbox 1057 851 1158 889; x_wconf 88' lang='grc' dir='ltr'><em>σοι</em></span> <span class='ocrx_word' id='word_1_35' title='bbox 1186 834 1306 889; x_wconf 88' lang='grc' dir='ltr'><em>τῶν</em></span> <span class='ocrx_word' id='word_1_36' title='bbox 1318 834 1541 905; x_wconf 81' lang='grc' dir='ltr'><em>,ϐωμῶν</em></span> <span class='ocrx_word' id='word_1_37' title='bbox 1562 834 2082 905; x_wconf 72' lang='grc' dir='ltr'><em>αἵματος,ἐμενες,</em></span> 
     </span>
    </p>
   </div>
   <div class='ocr_carea' id='block_1_7' title="bbox 416 920 2090 994">
    <p class='ocr_par' dir='ltr' id='par_1_7' title="bbox 416 920 2090 994">
     <span class='ocr_line' id='line_1_7' title="bbox 416 920 2090 994; baseline 0.004 -22"><span class='ocrx_word' id='word_1_38' title='bbox 416 920 746 985; x_wconf 80' lang='grc' dir='ltr'><em>Ἀπολλον,</em></span> <span class='ocrx_word' id='word_1_39' title='bbox 773 923 1035 992; x_wconf 66' lang='grc' dir='ltr'><em>φρουρὸς</em></span> <span class='ocrx_word' id='word_1_40' title='bbox 1069 924 1321 994; x_wconf 76' lang='grc' dir='ltr'><em>ἀκριϐὴς</em></span> <span class='ocrx_word' id='word_1_41' title='bbox 1344 922 1456 994; x_wconf 83' lang='grc' dir='ltr'><em>τῆς</em></span> <span class='ocrx_word' id='word_1_42' title='bbox 1488 924 1753 993; x_wconf 69' lang='grc' dir='ltr'><em>Δάφνης,</em></span> <span class='ocrx_word' id='word_1_43' title='bbox 1786 924 1887 977; x_wconf 79' lang='grc' dir='ltr'><em>καὶ</em></span> <span class='ocrx_word' id='word_1_44' title='bbox 1907 924 2090 992; x_wconf 78' lang='grc' dir='ltr'><em>ρᾳθυ-</em></span> 
     </span>
    </p>
   </div>
   <div class='ocr_carea' id='block_1_8' title="bbox 405 1009 2087 1083">
    <p class='ocr_par' dir='ltr' id='par_1_8' title="bbox 405 1009 2087 1083">
     <span class='ocr_line' id='line_1_8' title="bbox 405 1009 2087 1083; baseline 0 -21"><span class='ocrx_word' id='word_1_45' title='bbox 405 1009 726 1078; x_wconf 73' lang='grc' dir='ltr'><em>μούμενος³</em></span> <span class='ocrx_word' id='word_1_46' title='bbox 762 1009 896 1064; x_wconf 76' lang='grc' dir='ltr'><em>ἐστι</em></span> <span class='ocrx_word' id='word_1_47' title='bbox 923 1010 993 1064; x_wconf 83' lang='grc' dir='ltr'><em>δὲ</em></span> <span class='ocrx_word' id='word_1_48' title='bbox 1014 1012 1131 1080; x_wconf 86' lang='grc' dir='ltr'><em>ὅπη</em></span> <span class='ocrx_word' id='word_1_49' title='bbox 1170 1013 1267 1066; x_wconf 85' lang='grc' dir='ltr'><em>καί</em></span> <span class='ocrx_word' id='word_1_50' title='bbox 1306 1009 1899 1083; x_wconf 79' lang='grc' dir='ltr'><em>προπηλακιζόμενος</em></span> <span class='ocrx_word' id='word_1_51' title='bbox 1925 1027 2087 1080; x_wconf 79' lang='grc' dir='ltr'><em>περι-</em></span> 
     </span>
    </p>
   </div>
   <div class='ocr_carea' id='block_1_9' title="bbox 409 1096 2086 1171">
    <p class='ocr_par' dir='ltr' id='par_1_9' title="bbox 409 1096 2086 1171">
     <span class='ocr_line' id='line_1_9' title="bbox 409 1096 2086 1171; baseline 0.002 -22"><span class='ocrx_word' id='word_1_52' title='bbox 409 1096 784 1167; x_wconf 86' lang='grc' dir='ltr'><em>κοπτόμενός</em></span> <span class='ocrx_word' id='word_1_53' title='bbox 807 1116 874 1153; x_wconf 84' lang='grc' dir='ltr'><em>τε</em></span> <span class='ocrx_word' id='word_1_54' title='bbox 900 1103 1008 1153; x_wconf 89' lang='grc' dir='ltr'><em>τὸν</em></span> <span class='ocrx_word' id='word_1_55' title='bbox 1033 1099 1150 1165; x_wconf 74' lang='grc' dir='ltr'><em>ἔξω</em></span> <span class='ocrx_word' id='word_1_56' title='bbox 1198 1103 1433 1171; x_wconf 86' lang='grc' dir='ltr'><em>κόσμον</em></span> <span class='ocrx_word' id='word_1_57' title='bbox 1456 1100 1729 1170; x_wconf 76' lang='grc' dir='ltr'><em>ἠνέσχου</em></span> <span class='ocrx_word' id='word_1_58' title='bbox 1763 1113 1814 1141; x_wconf 75' lang='grc' dir='ltr'><em>ι’</em></span> <span class='ocrx_word' id='word_1_59' title='bbox 1854 1099 1974 1154; x_wconf 90' lang='grc' dir='ltr'><em>νῦν</em></span> <span class='ocrx_word' id='word_1_60' title='bbox 2017 1099 2086 1152; x_wconf 75' lang='grc' dir='ltr'><em>δὲ</em></span> 
     </span>
    </p>
   </div>
   <div class='ocr_carea' id='block_1_10' title="bbox 402 1186 2083 1258">
    <p class='ocr_par' dir='ltr' id='par_1_10' title="bbox 402 1186 2083 1258">
     <span class='ocr_line' id='line_1_10' title="bbox 402 1186 2083 1258; baseline 0.001 -19"><span class='ocrx_word' id='word_1_61' title='bbox 402 1186 556 1256; x_wconf 82' lang='grc' dir='ltr'><em>μετὰ</em></span> <span class='ocrx_word' id='word_1_62' title='bbox 587 1187 791 1242; x_wconf 84' lang='grc' dir='ltr'><em>πολλὰ</em></span> <span class='ocrx_word' id='word_1_63' title='bbox 817 1187 937 1258; x_wconf 83' lang='grc' dir='ltr'><em>μὲν</em></span> <span class='ocrx_word' id='word_1_64' title='bbox 959 1190 1244 1257; x_wconf 87' lang='grc' dir='ltr'><em>πρόϐατα,</em></span> <span class='ocrx_word' id='word_1_65' title='bbox 1277 1189 1550 1255; x_wconf 84' lang='grc' dir='ltr'><em>πολλοὺς</em></span> <span class='ocrx_word' id='word_1_66' title='bbox 1571 1188 1640 1243; x_wconf 85' lang='grc' dir='ltr'><em>δὲ</em></span> <span class='ocrx_word' id='word_1_67' title='bbox 1680 1188 1862 1254; x_wconf 81' lang='grc' dir='ltr'><em>βοῦς,</em></span> <span class='ocrx_word' id='word_1_68' title='bbox 1888 1190 2083 1257; x_wconf 80' lang='grc' dir='ltr'><em>στόμα</em></span> 
     </span>
    </p>
   </div>
   <div class='ocr_carea' id='block_1_11' title="bbox 401 1276 2088 1347">
    <p class='ocr_par' dir='ltr' id='par_1_11' title="bbox 401 1276 2088 1347">
     <span class='ocr_line' id='line_1_11' title="bbox 401 1276 2088 1347; baseline 0.001 -16"><span class='ocrx_word' id='word_1_69' title='bbox 401 1276 715 1343; x_wconf 83' lang='grc' dir='ltr'><em>,βασιλέως</em></span> <span class='ocrx_word' id='word_1_70' title='bbox 740 1278 916 1332; x_wconf 84' lang='grc' dir='ltr'><em>ὅσιον</em></span> <span class='ocrx_word' id='word_1_71' title='bbox 942 1277 1024 1344; x_wconf 86' lang='grc' dir='ltr'><em>τῷ</em></span> <span class='ocrx_word' id='word_1_72' title='bbox 1050 1277 1189 1333; x_wconf 85' lang='grc' dir='ltr'><em>ποδί</em></span> <span class='ocrx_word' id='word_1_73' title='bbox 1216 1276 1565 1347; x_wconf 80' lang='grc' dir='ltr'><em>δεξάμενος,</em></span> <span class='ocrx_word' id='word_1_74' title='bbox 1583 1276 1728 1332; x_wconf 73' lang='grc' dir='ltr'><em>ἰδὼν</em></span> <span class='ocrx_word' id='word_1_75' title='bbox 1746 1277 1821 1332; x_wconf 79' lang='grc' dir='ltr'><em>ὃν</em></span> <span class='ocrx_word' id='word_1_76' title='bbox 1840 1278 2088 1347; x_wconf 81' lang='grc' dir='ltr'><em>προῦλε-</em></span> 
     </span>
    </p>
   </div>
   <div class='ocr_carea' id='block_1_12' title="bbox 406 1365 2088 1437">
    <p class='ocr_par' dir='ltr' id='par_1_12' title="bbox 406 1365 2088 1437">
     <span class='ocr_line' id='line_1_12' title="bbox 406 1365 2088 1437; baseline 0.002 -19"><span class='ocrx_word' id='word_1_77' title='bbox 406 1382 529 1436; x_wconf 78' lang='grc' dir='ltr'><em>γες,</em></span> <span class='ocrx_word' id='word_1_78' title='bbox 557 1366 761 1435; x_wconf 73' lang='grc' dir='ltr'><em>ὀφθεὶς</em></span> <span class='ocrx_word' id='word_1_79' title='bbox 789 1365 909 1421; x_wconf 85' lang='grc' dir='ltr'><em>ὑπὸ</em></span> <span class='ocrx_word' id='word_1_80' title='bbox 934 1367 1042 1421; x_wconf 89' lang='grc' dir='ltr'><em>τοῦ</em></span> <span class='ocrx_word' id='word_1_81' title='bbox 1062 1365 1507 1437; x_wconf 75' lang='grc' dir='ltr'><em>μεμηνυμένου,</em></span> <span class='ocrx_word' id='word_1_82' title='bbox 1532 1367 1798 1435; x_wconf 78' lang='grc' dir='ltr'><em>πονηροῦ</em></span> <span class='ocrx_word' id='word_1_83' title='bbox 1814 1365 2088 1437; x_wconf 69' lang='grc' dir='ltr'><em>γειτονή-</em></span> 
     </span>
    </p>
   </div>
   <div class='ocr_carea' id='block_1_13' title="bbox 401 1454 2085 1526">
    <p class='ocr_par' dir='ltr' id='par_1_13' title="bbox 401 1454 2085 1526">
     <span class='ocr_line' id='line_1_13' title="bbox 401 1454 2085 1526; baseline 0.002 -19"><span class='ocrx_word' id='word_1_84' title='bbox 401 1469 593 1523; x_wconf 78' lang='grc' dir='ltr'><em>ματος</em></span> <span class='ocrx_word' id='word_1_85' title='bbox 640 1454 1035 1525; x_wconf 72' lang='grc' dir='ltr'><em>ἀπαλλαγεὶς,</em></span> <span class='ocrx_word' id='word_1_86' title='bbox 1070 1455 1286 1524; x_wconf 80' lang='grc' dir='ltr'><em>νεκροῦ</em></span> <span class='ocrx_word' id='word_1_87' title='bbox 1342 1472 1506 1521; x_wconf 85' lang='grc' dir='ltr'><em>τινος</em></span> <span class='ocrx_word' id='word_1_88' title='bbox 1553 1454 1957 1524; x_wconf 73' lang='grc' dir='ltr'><em>ἐνοχλοῦντος</em></span> <span class='ocrx_word' id='word_1_89' title='bbox 1986 1455 2085 1526; x_wconf 80' lang='grc' dir='ltr'><em>ἐτ-</em></span> 
     </span>
    </p>
   </div>
   <div class='ocr_carea' id='block_1_14' title="bbox 406 1542 2082 1612">
    <p class='ocr_par' dir='ltr' id='par_1_14' title="bbox 406 1542 2082 1612">
     <span class='ocr_line' id='line_1_14' title="bbox 406 1542 2082 1612; baseline 0.002 -17"><span class='ocrx_word' id='word_1_90' title='bbox 406 1543 624 1611; x_wconf 78' lang='grc' dir='ltr'><em>γύθεν,</em></span> <span class='ocrx_word' id='word_1_91' title='bbox 679 1542 749 1595; x_wconf 80' lang='grc' dir='ltr'><em>ἐκ</em></span> <span class='ocrx_word' id='word_1_92' title='bbox 795 1542 996 1612; x_wconf 81' lang='grc' dir='ltr'><em>μέσης</em></span> <span class='ocrx_word' id='word_1_93' title='bbox 1047 1542 1159 1610; x_wconf 85' lang='grc' dir='ltr'><em>τῆς</em></span> <span class='ocrx_word' id='word_1_94' title='bbox 1215 1544 1534 1612; x_wconf 81' lang='grc' dir='ltr'><em>θεραπείας</em></span> <span class='ocrx_word' id='word_1_95' title='bbox 1584 1543 2082 1612; x_wconf 82' lang='grc' dir='ltr'><em>ἀποπεπήδηκας.</em></span> 
     </span>
    </p>
   </div>
   <div class='ocr_carea' id='block_1_15' title="bbox 406 1631 2085 1704">
    <p class='ocr_par' dir='ltr' id='par_1_15' title="bbox 406 1631 2085 1704">
     <span class='ocr_line' id='line_1_15' title="bbox 406 1631 2085 1704; baseline 0 -17"><span class='ocrx_word' id='word_1_96' title='bbox 406 1633 601 1687; x_wconf 81' lang='grc' dir='ltr'><em>Πόθεν</em></span> <span class='ocrx_word' id='word_1_97' title='bbox 638 1633 728 1686; x_wconf 75' lang='grc' dir='ltr'><em>ἔτι</em></span> <span class='ocrx_word' id='word_1_98' title='bbox 764 1634 1282 1703; x_wconf 73' lang='grc' dir='ltr'><em>φιλοτιμησόμεθα</em></span> <span class='ocrx_word' id='word_1_99' title='bbox 1331 1634 1481 1702; x_wconf 77' lang='grc' dir='ltr'><em>πρὸς</em></span> <span class='ocrx_word' id='word_1_100' title='bbox 1512 1633 1736 1701; x_wconf 80' lang='grc' dir='ltr'><em>ἄνδρας</em></span> <span class='ocrx_word' id='word_1_101' title='bbox 1784 1631 1958 1703; x_wconf 76' lang='grc' dir='ltr'><em>ίερῶν</em></span> <span class='ocrx_word' id='word_1_102' title='bbox 1977 1652 2085 1704; x_wconf 78' lang='grc' dir='ltr'><em>με-</em></span> 
     </span>
    </p>
   </div>
   <div class='ocr_carea' id='block_1_16' title="bbox 401 1713 2079 1793">
    <p class='ocr_par' dir='ltr' id='par_1_16' title="bbox 401 1713 2079 1793">
     <span class='ocr_line' id='line_1_16' title="bbox 401 1713 2079 1793; baseline 0.001 -20"><span class='ocrx_word' id='word_1_103' title='bbox 401 1718 758 1791; x_wconf 82' lang='grc' dir='ltr'><em>μνημένους</em></span> <span class='ocrx_word' id='word_1_104' title='bbox 798 1719 899 1774; x_wconf 85' lang='grc' dir='ltr'><em>καί</em></span> <span class='ocrx_word' id='word_1_105' title='bbox 941 1718 1330 1790; x_wconf 80' lang='grc' dir='ltr'><em>ἁταλμάτων;</em></span> <span class='ocrx_word' id='word_1_106' title='bbox 1373 1720 1436 1774; x_wconf 89' lang='grc' dir='ltr'><em>Τί</em></span> <span class='ocrx_word' id='word_1_107' title='bbox 1474 1719 1676 1789; x_wconf 84' lang='grc' dir='ltr'><em>λέγεις,</em></span> <span class='ocrx_word' id='word_1_108' title='bbox 1717 1713 1764 1773; x_wconf 83' lang='grc' dir='ltr'><strong>ὧ</strong></span> <span class='ocrx_word' id='word_1_109' title='bbox 1807 1720 2079 1793; x_wconf 82' lang='grc' dir='ltr'><em>θρηνῳδέ;</em></span> 
     </span>
    </p>
   </div>
   <div class='ocr_carea' id='block_1_17' title="bbox 420 1806 2084 1881">
    <p class='ocr_par' dir='ltr' id='par_1_17' title="bbox 420 1806 2084 1881">
     <span class='ocr_line' id='line_1_17' title="bbox 420 1806 2084 1881; baseline 0.002 -21"><span class='ocrx_word' id='word_1_110' title='bbox 420 1807 852 1878; x_wconf 76' lang='grc' dir='ltr'><em>Ἀτιμαζόμενος</em></span> <span class='ocrx_word' id='word_1_111' title='bbox 883 1807 983 1878; x_wconf 83' lang='grc' dir='ltr'><em>μὲν</em></span> <span class='ocrx_word' id='word_1_112' title='bbox 1015 1808 1110 1861; x_wconf 80' lang='grc' dir='ltr'><em>καὶ</em></span> <span class='ocrx_word' id='word_1_113' title='bbox 1145 1806 1692 1881; x_wconf 78' lang='grc' dir='ltr'><em>προπηλακιζόμενος</em></span> <span class='ocrx_word' id='word_1_114' title='bbox 1720 1809 1821 1881; x_wconf 83' lang='grc' dir='ltr'><em>τῆς</em></span> <span class='ocrx_word' id='word_1_115' title='bbox 1865 1808 2084 1881; x_wconf 84' lang='grc' dir='ltr'><em>Δάφνης</em></span> 
     </span>
    </p>
   </div>
   <div class='ocr_carea' id='block_1_18' title="bbox 407 1894 2084 1968">
    <p class='ocr_par' dir='ltr' id='par_1_18' title="bbox 407 1894 2084 1968">
     <span class='ocr_line' id='line_1_18' title="bbox 407 1894 2084 1968; baseline 0.001 -20"><span class='ocrx_word' id='word_1_116' title='bbox 407 1895 568 1965; x_wconf 77' lang='grc' dir='ltr'><em>ἔμενε</em></span> <span class='ocrx_word' id='word_1_117' title='bbox 596 1895 831 1968; x_wconf 64' lang='grc' dir='ltr'><em>φρουρὸς</em></span> <span class='ocrx_word' id='word_1_118' title='bbox 852 1895 1120 1967; x_wconf 84' lang='grc' dir='ltr'><em>ἀσφαλής·</em></span> <span class='ocrx_word' id='word_1_119' title='bbox 1161 1894 1469 1967; x_wconf 82' lang='grc' dir='ltr'><em>τιμώμενος</em></span> <span class='ocrx_word' id='word_1_120' title='bbox 1494 1895 1552 1949; x_wconf 85' lang='grc' dir='ltr'><em>δὲ</em></span> <span class='ocrx_word' id='word_1_121' title='bbox 1582 1898 1677 1949; x_wconf 75' lang='grc' dir='ltr'><em>καί⁵</em></span> <span class='ocrx_word' id='word_1_122' title='bbox 1711 1895 2084 1968; x_wconf 87' lang='grc' dir='ltr'><em>θεραπευόμε-</em></span> 
     </span>
    </p>
   </div>
   <div class='ocr_carea' id='block_1_19' title="bbox 407 1983 2084 2053">
    <p class='ocr_par' dir='ltr' id='par_1_19' title="bbox 407 1983 2084 2053">
     <span class='ocr_line' id='line_1_19' title="bbox 407 1983 2084 2053; baseline -0.001 -12"><span class='ocrx_word' id='word_1_123' title='bbox 407 2004 497 2051; x_wconf 87' lang='grc' dir='ltr'><em>νος</em></span> <span class='ocrx_word' id='word_1_124' title='bbox 524 1985 646 2039; x_wconf 78' lang='grc' dir='ltr'><em>ούδέ</em></span> <span class='ocrx_word' id='word_1_125' title='bbox 674 1985 766 2038; x_wconf 83' lang='grc' dir='ltr'><em>τὸν</em></span> <span class='ocrx_word' id='word_1_126' title='bbox 790 1984 916 2038; x_wconf 78' lang='grc' dir='ltr'><em>ναὸν</em></span> <span class='ocrx_word' id='word_1_127' title='bbox 946 1986 1132 2053; x_wconf 70' lang='grc' dir='ltr'><em>ἴσχυσε</em></span> <span class='ocrx_word' id='word_1_128' title='bbox 1165 1983 1399 2052; x_wconf 79' lang='grc' dir='ltr'><em>φυλάξαι</em></span> <span class='ocrx_word' id='word_1_129' title='bbox 1430 1984 1521 2037; x_wconf 73' lang='grc' dir='ltr'><em>τὸν</em></span> <span class='ocrx_word' id='word_1_130' title='bbox 1560 1984 1749 2048; x_wconf 84' lang='grc' dir='ltr'><em>αὑτοῦ,</em></span> <span class='ocrx_word' id='word_1_131' title='bbox 1779 1984 1876 2037; x_wconf 76' lang='grc' dir='ltr'><em>καὶ</em></span> <span class='ocrx_word' id='word_1_132' title='bbox 1905 1985 2084 2040; x_wconf 86' lang='grc' dir='ltr'><em>ταῦτα</em></span> 
     </span>
    </p>
   </div>
   <div class='ocr_carea' id='block_1_20' title="bbox 402 2069 2085 2142">
    <p class='ocr_par' dir='ltr' id='par_1_20' title="bbox 402 2069 2085 2142">
     <span class='ocr_line' id='line_1_20' title="bbox 402 2069 2085 2142; baseline -0.001 -14"><span class='ocrx_word' id='word_1_133' title='bbox 402 2074 582 2139; x_wconf 69' lang='grc' dir='ltr'><em>εἰδὼς,</em></span> <span class='ocrx_word' id='word_1_134' title='bbox 613 2075 694 2127; x_wconf 83' lang='grc' dir='ltr'><em>ότι</em></span> <span class='ocrx_word' id='word_1_135' title='bbox 730 2072 938 2126; x_wconf 89' lang='grc' dir='ltr'><em>ἐκείνου</em></span> <span class='ocrx_word' id='word_1_136' title='bbox 986 2069 1244 2134; x_wconf 79' lang='grc' dir='ltr'><em>πεσόντος</em></span> <span class='ocrx_word' id='word_1_137' title='bbox 1271 2072 1352 2134; x_wconf 87' lang='grc' dir='ltr'><em>είς</em></span> <span class='ocrx_word' id='word_1_138' title='bbox 1387 2071 1610 2142; x_wconf 79' lang='grc' dir='ltr'><em>μείζονα</em></span> <span class='ocrx_word' id='word_1_139' title='bbox 1648 2071 1873 2142; x_wconf 82' lang='grc' dir='ltr'><em>ἀτιμίαν</em></span> <span class='ocrx_word' id='word_1_140' title='bbox 1915 2089 2085 2126; x_wconf 85' lang='grc' dir='ltr'><em>κατα-</em></span> 
     </span>
    </p>
   </div>
   <div class='ocr_carea' id='block_1_21' title="bbox 411 2155 2079 2236">
    <p class='ocr_par' dir='ltr' id='par_1_21' title="bbox 411 2155 2079 2236">
     <span class='ocr_line' id='line_1_21' title="bbox 411 2155 2079 2236; baseline -0.001 -20"><span class='ocrx_word' id='word_1_141' title='bbox 411 2165 666 2236; x_wconf 82' lang='grc' dir='ltr'><em>στήσεται</em></span> <span class='ocrx_word' id='word_1_142' title='bbox 689 2162 790 2233; x_wconf 86' lang='grc' dir='ltr'><em>τῆς</em></span> <span class='ocrx_word' id='word_1_143' title='bbox 815 2160 1088 2234; x_wconf 85' lang='grc' dir='ltr'><em>προτέρας</em></span> <span class='ocrx_word' id='word_1_144' title='bbox 1113 2177 1127 2226; x_wconf 89' lang='grc'>;</span> <span class='ocrx_word' id='word_1_145' title='bbox 1156 2160 1252 2225; x_wconf 87' lang='grc' dir='ltr'><em>Τίς</em></span> <span class='ocrx_word' id='word_1_146' title='bbox 1277 2159 1335 2213; x_wconf 81' lang='grc' dir='ltr'><em>δὲ</em></span> <span class='ocrx_word' id='word_1_147' title='bbox 1360 2160 1455 2215; x_wconf 82' lang='grc' dir='ltr'><em>καί</em></span> <span class='ocrx_word' id='word_1_148' title='bbox 1476 2162 1505 2215; x_wconf 85' lang='grc' dir='ltr'><strong>ὁ</strong></span> <span class='ocrx_word' id='word_1_149' title='bbox 1527 2160 1736 2232; x_wconf 82' lang='grc' dir='ltr'><em>νεκρὸς,</em></span> <span class='ocrx_word' id='word_1_150' title='bbox 1762 2155 1808 2214; x_wconf 83' lang='grc' dir='ltr'>ὧ</span> <span class='ocrx_word' id='word_1_151' title='bbox 1830 2161 2079 2231; x_wconf 79' lang='grc' dir='ltr'><em>σοφιστά,</em></span> 
     </span>
    </p>
   </div>
   <div class='ocr_carea' id='block_1_22' title="bbox 354 2248 2080 2321">
    <p class='ocr_par' dir='ltr' id='par_1_22' title="bbox 354 2248 2080 2321">
     <span class='ocr_line' id='line_1_22' title="bbox 354 2248 2080 2321; baseline -0.003 -12"><span class='ocrx_word' id='word_1_152' title='bbox 354 2279 375 2305; x_wconf 63' lang='grc' dir='ltr'><em>ι,</em></span> <span class='ocrx_word' id='word_1_153' title='bbox 415 2254 553 2310; x_wconf 79' lang='grc' dir='ltr'><em>ότδν</em></span> <span class='ocrx_word' id='word_1_154' title='bbox 587 2252 678 2306; x_wconf 74' lang='grc' dir='ltr'><em>σὺν</em></span> <span class='ocrx_word' id='word_1_155' title='bbox 705 2250 825 2305; x_wconf 75' lang='grc' dir='ltr'><em>θεὸν</em></span> <span class='ocrx_word' id='word_1_156' title='bbox 865 2250 1135 2320; x_wconf 86' lang='grc' dir='ltr'><em>ἐνοχλῶν;</em></span> <span class='ocrx_word' id='word_1_157' title='bbox 1166 2251 1320 2303; x_wconf 87' lang='grc' dir='ltr'><em>ποῖον</em></span> <span class='ocrx_word' id='word_1_158' title='bbox 1349 2249 1414 2302; x_wconf 80' lang='grc' dir='ltr'><em>τὸ</em></span> <span class='ocrx_word' id='word_1_159' title='bbox 1467 2248 1703 2320; x_wconf 82' lang='grc' dir='ltr'><em>πονηρὸν</em></span> <span class='ocrx_word' id='word_1_160' title='bbox 1742 2251 2080 2321; x_wconf 86' lang='grc' dir='ltr'><em>γειτόνημα;</em></span> 
     </span>
    </p>
   </div>
   <div class='ocr_carea' id='block_1_23' title="bbox 421 2335 2083 2412">
    <p class='ocr_par' dir='ltr' id='par_1_23' title="bbox 421 2335 2083 2412">
     <span class='ocr_line' id='line_1_23' title="bbox 421 2335 2083 2412; baseline -0.002 -16"><span class='ocrx_word' id='word_1_161' title='bbox 421 2341 688 2396; x_wconf 79' lang='grc' dir='ltr'><em>Ἐνταῦθα</em></span> <span class='ocrx_word' id='word_1_162' title='bbox 707 2339 818 2412; x_wconf 89' lang='grc' dir='ltr'><em>γάρ</em></span> <span class='ocrx_word' id='word_1_163' title='bbox 837 2340 916 2401; x_wconf 88' lang='grc' dir='ltr'><em>εἰς</em></span> <span class='ocrx_word' id='word_1_164' title='bbox 929 2338 1029 2402; x_wconf 82' lang='grc' dir='ltr'><em>τὰς</em></span> <span class='ocrx_word' id='word_1_165' title='bbox 1054 2336 1149 2390; x_wconf 82' lang='grc' dir='ltr'><em>τοῦ</em></span> <span class='ocrx_word' id='word_1_166' title='bbox 1178 2335 1449 2408; x_wconf 82' lang='grc' dir='ltr'><em>μακαρίου</em></span> <span class='ocrx_word' id='word_1_167' title='bbox 1464 2337 1684 2392; x_wconf 85' lang='grc' dir='ltr'><em>Βαϐύλα</em></span> <span class='ocrx_word' id='word_1_168' title='bbox 1713 2339 2083 2409; x_wconf 81' lang='grc' dir='ltr'><em>ἀνδραγαθίας</em></span> 
     </span>
    </p>
   </div>
   <div class='ocr_carea' id='block_1_24' title="bbox 406 2425 2077 2503">
    <p class='ocr_par' dir='ltr' id='par_1_24' title="bbox 406 2425 2077 2503">
     <span class='ocr_line' id='line_1_24' title="bbox 406 2425 2077 2503; baseline -0.001 -18"><span class='ocrx_word' id='word_1_169' title='bbox 406 2429 701 2503; x_wconf 86' lang='grc' dir='ltr'><em>ἐμπεσὼν,</em></span> <span class='ocrx_word' id='word_1_170' title='bbox 750 2428 847 2482; x_wconf 77' lang='grc' dir='ltr'><em>καὶ</em></span> <span class='ocrx_word' id='word_1_171' title='bbox 896 2425 1251 2495; x_wconf 76' lang='grc' dir='ltr'><em>διανήξασθαι</em></span> <span class='ocrx_word' id='word_1_172' title='bbox 1299 2425 1400 2497; x_wconf 77' lang='grc' dir='ltr'><em>τήν</em></span> <span class='ocrx_word' id='word_1_173' title='bbox 1449 2425 1713 2497; x_wconf 77' lang='grc' dir='ltr'><em>αἰσχύνην</em></span> <span class='ocrx_word' id='word_1_174' title='bbox 1758 2427 1858 2480; x_wconf 83' lang='grc' dir='ltr'><em>οὐκ</em></span> <span class='ocrx_word' id='word_1_175' title='bbox 1904 2427 2077 2499; x_wconf 76' lang='grc' dir='ltr'><em>ἔχων,</em></span> 
     </span>
    </p>
   </div>
   <div class='ocr_carea' id='block_1_25' title="bbox 406 2513 2078 2588">
    <p class='ocr_par' dir='ltr' id='par_1_25' title="bbox 406 2513 2078 2588">
     <span class='ocr_line' id='line_1_25' title="bbox 406 2513 2078 2588; baseline -0.002 -14"><span class='ocrx_word' id='word_1_176' title='bbox 406 2517 857 2588; x_wconf 72' lang='grc' dir='ltr'><em>ἐγκαλυψάμενος</em></span> <span class='ocrx_word' id='word_1_177' title='bbox 902 2514 1090 2578; x_wconf 84' lang='grc' dir='ltr'><em>ἁπλῶς</em></span> <span class='ocrx_word' id='word_1_178' title='bbox 1139 2513 1516 2584; x_wconf 76' lang='grc' dir='ltr'><em>παρέδραμεν,</em></span> <span class='ocrx_word' id='word_1_179' title='bbox 1556 2513 1640 2567; x_wconf 81' lang='grc' dir='ltr'><em>ὅτι</em></span> <span class='ocrx_word' id='word_1_180' title='bbox 1700 2514 1800 2586; x_wconf 83' lang='grc' dir='ltr'><em>μὲν</em></span> <span class='ocrx_word' id='word_1_181' title='bbox 1840 2517 1946 2569; x_wconf 85' lang='grc' dir='ltr'><em>ὑπὸ</em></span> <span class='ocrx_word' id='word_1_182' title='bbox 1982 2517 2078 2571; x_wconf 88' lang='grc' dir='ltr'><em>τοῦ</em></span> 
     </span>
    </p>
   </div>
   <div class='ocr_carea' id='block_1_26' title="bbox 409 2600 2082 2681">
    <p class='ocr_par' dir='ltr' id='par_1_26' title="bbox 409 2600 2082 2681">
     <span class='ocr_line' id='line_1_26' title="bbox 409 2600 2082 2681; baseline -0.002 -19"><span class='ocrx_word' id='word_1_183' title='bbox 409 2609 687 2681; x_wconf 86' lang='grc' dir='ltr'><em>μάρτυρος</em></span> <span class='ocrx_word' id='word_1_184' title='bbox 720 2603 1017 2675; x_wconf 71' lang='grc' dir='ltr'><em>ἠνωχλεῖτο</em></span> <span class='ocrx_word' id='word_1_185' title='bbox 1049 2602 1142 2655; x_wconf 76' lang='grc' dir='ltr'><em>καὶ</em></span> <span class='ocrx_word' id='word_1_186' title='bbox 1168 2600 1411 2654; x_wconf 78' lang='grc' dir='ltr'><em>ἐθλὶϐετο</em></span> <span class='ocrx_word' id='word_1_187' title='bbox 1442 2603 1470 2654; x_wconf 86' lang='grc' dir='ltr'><strong>ὁ</strong></span> <span class='ocrx_word' id='word_1_188' title='bbox 1498 2601 1731 2672; x_wconf 88' lang='grc' dir='ltr'><em>δαίμων,</em></span> <span class='ocrx_word' id='word_1_189' title='bbox 1768 2603 1960 2671; x_wconf 84' lang='grc' dir='ltr'><em>εἰπὼν,</em></span> <span class='ocrx_word' id='word_1_190' title='bbox 1996 2608 2082 2660; x_wconf 81' lang='grc' dir='ltr'><em>οὐ·</em></span> 
     </span>
    </p>
   </div>
   <div class='ocr_carea' id='block_1_27' title="bbox 406 2684 2080 2764">
    <p class='ocr_par' dir='ltr' id='par_1_27' title="bbox 406 2684 2080 2764">
     <span class='ocr_line' id='line_1_27' title="bbox 406 2684 2080 2764; baseline -0.001 -16"><span class='ocrx_word' id='word_1_191' title='bbox 406 2694 527 2748; x_wconf 87' lang='grc' dir='ltr'><em>κέτι</em></span> <span class='ocrx_word' id='word_1_192' title='bbox 556 2693 613 2749; x_wconf 81' lang='grc' dir='ltr'><em>δὲ</em></span> <span class='ocrx_word' id='word_1_193' title='bbox 634 2690 893 2764; x_wconf 74' lang='grc' dir='ltr'><em>προσθεὶς</em></span> <span class='ocrx_word' id='word_1_194' title='bbox 923 2688 1040 2753; x_wconf 87' lang='grc' dir='ltr'><em>πῶς</em></span> <span class='ocrx_word' id='word_1_195' title='bbox 1069 2689 1167 2759; x_wconf 77' lang='grc' dir='ltr'><em>τὴν</em></span> <span class='ocrx_word' id='word_1_196' title='bbox 1190 2684 1362 2760; x_wconf 77' lang='grc' dir='ltr'><em>ἧτταν</em></span> <span class='ocrx_word' id='word_1_197' title='bbox 1392 2688 1684 2742; x_wconf 81' lang='grc' dir='ltr'><em>συσκιάσαι</em></span> <span class='ocrx_word' id='word_1_198' title='bbox 1712 2691 2019 2757; x_wconf 79' lang='grc' dir='ltr'><em>σπουδάσας</em></span> <span class='ocrx_word' id='word_1_199' title='bbox 2051 2695 2080 2747; x_wconf 88' lang='grc' dir='ltr'><em>ό</em></span> 
     </span>
    </p>
   </div>
   <div class='ocr_carea' id='block_1_28' title="bbox 402 2775 2075 2854">
    <p class='ocr_par' dir='ltr' id='par_1_28' title="bbox 402 2775 2075 2854">
     <span class='ocr_line' id='line_1_28' title="bbox 402 2775 2075 2854; baseline -0.01 -15"><span class='ocrx_word' id='word_1_200' title='bbox 402 2783 650 2854; x_wconf 88' lang='grc' dir='ltr'><em>δαίμων,</em></span> <span class='ocrx_word' id='word_1_201' title='bbox 689 2780 889 2853; x_wconf 79' lang='grc' dir='ltr'><em>μᾶλλον</em></span> <span class='ocrx_word' id='word_1_202' title='bbox 934 2777 1104 2850; x_wconf 79' lang='grc' dir='ltr'><em>αὐτὴν</em></span> <span class='ocrx_word' id='word_1_203' title='bbox 1151 2775 1515 2846; x_wconf 68' lang='grc' dir='ltr'><em>ἐξεκάλυψεν·</em></span> <span class='ocrx_word' id='word_1_204' title='bbox 1556 2776 1744 2840; x_wconf 66' lang='grc' dir='ltr'><em>ἁπλῶς</em></span> <span class='ocrx_word' id='word_1_205' title='bbox 1784 2780 1893 2850; x_wconf 78' lang='grc' dir='ltr'><em>γάρ</em></span> <span class='ocrx_word' id='word_1_206' title='bbox 1923 2796 2075 2852; x_wconf 80' lang='grc' dir='ltr'><em>φησι·</em></span> 
     </span>
    </p>
   </div>
   <div class='ocr_carea' id='block_1_29' title="bbox 404 2866 2080 2941">
    <p class='ocr_par' dir='ltr' id='par_1_29' title="bbox 404 2866 2080 2941">
     <span class='ocr_line' id='line_1_29' title="bbox 404 2866 2080 2941; baseline -0.005 -12"><span class='ocrx_word' id='word_1_207' title='bbox 404 2871 680 2941; x_wconf 79' lang='grc' dir='ltr'><em>Πονηροῦ</em></span> <span class='ocrx_word' id='word_1_208' title='bbox 696 2868 1116 2941; x_wconf 78' lang='grc' dir='ltr'><em>γειτονήματος</em></span> <span class='ocrx_word' id='word_1_209' title='bbox 1129 2868 1521 2936; x_wconf 52' lang='grc' dir='ltr'><em>ἀπαλλαγείς.</em></span> <span class='ocrx_word' id='word_1_210' title='bbox 1555 2866 1653 2920; x_wconf 87' lang='grc' dir='ltr'><em>Διά</em></span> <span class='ocrx_word' id='word_1_211' title='bbox 1675 2867 1728 2921; x_wconf 87' lang='grc' dir='ltr'><em>τί</em></span> <span class='ocrx_word' id='word_1_212' title='bbox 1764 2869 1872 2940; x_wconf 82' lang='grc' dir='ltr'><em>γάρ</em></span> <span class='ocrx_word' id='word_1_213' title='bbox 1902 2871 1962 2923; x_wconf 86' lang='grc' dir='ltr'><em>ού</em></span> <span class='ocrx_word' id='word_1_214' title='bbox 1992 2869 2080 2922; x_wconf 88' lang='grc' dir='ltr'><em>λέ-</em></span> 
     </span>
    </p>
   </div>
   <div class='ocr_carea' id='block_1_30' title="bbox 403 2952 2078 3036">
    <p class='ocr_par' dir='ltr' id='par_1_30' title="bbox 403 2952 2078 3036">
     <span class='ocr_line' id='line_1_30' title="bbox 403 2952 2078 3036; baseline -0.002 -18"><span class='ocrx_word' id='word_1_215' title='bbox 403 2980 546 3036; x_wconf 84' lang='grc' dir='ltr'><em>γεις,</em></span> <span class='ocrx_word' id='word_1_216' title='bbox 579 2956 625 3017; x_wconf 78' lang='grc' dir='ltr'>ὦ</span> <span class='ocrx_word' id='word_1_217' title='bbox 667 2961 957 3032; x_wconf 85' lang='grc' dir='ltr'><em>ληρόσοφε,</em></span> <span class='ocrx_word' id='word_1_218' title='bbox 997 2959 1089 3012; x_wconf 79' lang='grc' dir='ltr'><em>τὸν</em></span> <span class='ocrx_word' id='word_1_219' title='bbox 1132 2954 1326 3029; x_wconf 66' lang='grc' dir='ltr'><em>νεκρὸν</em></span> <span class='ocrx_word' id='word_1_220' title='bbox 1361 2957 1445 3020; x_wconf 86' lang='grc' dir='ltr'><em>τίς</em></span> <span class='ocrx_word' id='word_1_221' title='bbox 1474 2955 1628 3030; x_wconf 83' lang='lat'><em>{567]</em></span> <span class='ocrx_word' id='word_1_222' title='bbox 1651 2952 1740 3028; x_wconf 80' lang='grc' dir='ltr'><em>ἦν,</em></span> <span class='ocrx_word' id='word_1_223' title='bbox 1788 2959 1883 3013; x_wconf 74' lang='grc' dir='ltr'><em>καὶ</em></span> <span class='ocrx_word' id='word_1_224' title='bbox 1906 2959 1993 3013; x_wconf 88' lang='grc' dir='ltr'><em>διὰ</em></span> <span class='ocrx_word' id='word_1_225' title='bbox 2025 2960 2078 3014; x_wconf 89' lang='grc' dir='ltr'><em>τί</em></span> 
     </span>
    </p>
   </div>
   <div class='ocr_carea' id='block_1_31' title="bbox 408 3045 2078 3125">
    <p class='ocr_par' dir='ltr' id='par_1_31' title="bbox 408 3045 2078 3125">
     <span class='ocr_line' id='line_1_31' title="bbox 408 3045 2078 3125; baseline -0.01 -16"><span class='ocrx_word' id='word_1_226' title='bbox 408 3054 569 3125; x_wconf 82' lang='grc' dir='ltr'><em>μόνος</em></span> <span class='ocrx_word' id='word_1_227' title='bbox 623 3051 854 3124; x_wconf 78' lang='grc' dir='ltr'><em>ἠνώχλει</em></span> <span class='ocrx_word' id='word_1_228' title='bbox 905 3066 999 3103; x_wconf 90' lang='grc' dir='ltr'><em>σου</em></span> <span class='ocrx_word' id='word_1_229' title='bbox 1044 3047 1137 3102; x_wconf 80' lang='grc' dir='ltr'><em>τὸν</em></span> <span class='ocrx_word' id='word_1_230' title='bbox 1177 3047 1318 3110; x_wconf 78' lang='grc' dir='ltr'><em>θεὸν,</em></span> <span class='ocrx_word' id='word_1_231' title='bbox 1369 3046 1466 3099; x_wconf 74' lang='grc' dir='ltr'><em>καὶ</em></span> <span class='ocrx_word' id='word_1_232' title='bbox 1516 3045 1604 3099; x_wconf 76' lang='grc' dir='ltr'><em>διά</em></span> <span class='ocrx_word' id='word_1_233' title='bbox 1646 3047 1698 3100; x_wconf 90' lang='grc' dir='ltr'><em>τί</em></span> <span class='ocrx_word' id='word_1_234' title='bbox 1745 3051 2078 3116; x_wconf 80' lang='grc' dir='ltr'><em>μετεκινεῖτο</em></span> 
     </span>
    </p>
   </div>
   <div class='ocr_carea' id='block_1_32' title="bbox 407 3134 2075 3213">
    <p class='ocr_par' dir='ltr' id='par_1_32' title="bbox 407 3134 2075 3213">
     <span class='ocr_line' id='line_1_32' title="bbox 407 3134 2075 3213; baseline -0.004 -17"><span class='ocrx_word' id='word_1_235' title='bbox 407 3142 596 3213; x_wconf 73' lang='grc' dir='ltr'><em>μόνοςς</em></span> <span class='ocrx_word' id='word_1_236' title='bbox 626 3142 726 3195; x_wconf 69' lang='grc' dir='ltr'><em>Διὰ</em></span> <span class='ocrx_word' id='word_1_237' title='bbox 775 3139 829 3193; x_wconf 87' lang='grc' dir='ltr'><em>τί</em></span> <span class='ocrx_word' id='word_1_238' title='bbox 858 3138 915 3191; x_wconf 84' lang='grc' dir='ltr'><em>δέ</em></span> <span class='ocrx_word' id='word_1_239' title='bbox 946 3137 1041 3192; x_wconf 69' lang='grc' dir='ltr'><em>καὶ</em></span> <span class='ocrx_word' id='word_1_240' title='bbox 1072 3135 1307 3207; x_wconf 76' lang='grc' dir='ltr'><em>πονηρὸν</em></span> <span class='ocrx_word' id='word_1_241' title='bbox 1336 3134 1495 3189; x_wconf 74' lang='grc' dir='ltr'><em>αὐτὸν</em></span> <span class='ocrx_word' id='word_1_242' title='bbox 1523 3136 1823 3206; x_wconf 75' lang='grc' dir='ltr'><em>γειτόνημα</em></span> <span class='ocrx_word' id='word_1_243' title='bbox 1866 3137 2075 3201; x_wconf 84' lang='grc' dir='ltr'><em>καλεῖς,</em></span> 
     </span>
    </p>
   </div>
   <div class='ocr_carea' id='block_1_33' title="bbox 401 3224 2077 3302">
    <p class='ocr_par' dir='ltr' id='par_1_33' title="bbox 401 3224 2077 3302">
     <span class='ocr_line' id='line_1_33' title="bbox 401 3224 2077 3302; baseline -0.002 -18"><span class='ocrx_word' id='word_1_244' title='bbox 401 3231 527 3286; x_wconf 89' lang='grc' dir='ltr'><em>εἰπέ</em></span> <span class='ocrx_word' id='word_1_245' title='bbox 552 3247 668 3302; x_wconf 72' lang='grc' dir='ltr'><em>μοις</em></span> <span class='ocrx_word' id='word_1_246' title='bbox 694 3231 776 3284; x_wconf 84' lang='grc' dir='ltr'><em>ότι</em></span> <span class='ocrx_word' id='word_1_247' title='bbox 810 3226 904 3281; x_wconf 86' lang='grc' dir='ltr'><em>τοῦ</em></span> <span class='ocrx_word' id='word_1_248' title='bbox 927 3227 1179 3298; x_wconf 88' lang='grc' dir='ltr'><em>δαίμονος</em></span> <span class='ocrx_word' id='word_1_249' title='bbox 1210 3224 1309 3296; x_wconf 83' lang='grc' dir='ltr'><em>τὴν</em></span> <span class='ocrx_word' id='word_1_250' title='bbox 1339 3224 1557 3294; x_wconf 81' lang='grc' dir='ltr'><em>ἀπάτην</em></span> <span class='ocrx_word' id='word_1_251' title='bbox 1582 3224 1805 3296; x_wconf 71' lang='grc' dir='ltr'><em>ἦλεγξε;</em></span> <span class='ocrx_word' id='word_1_252' title='bbox 1837 3227 1947 3280; x_wconf 79' lang='grc' dir='ltr'><em>Καὶ</em></span> <span class='ocrx_word' id='word_1_253' title='bbox 1972 3226 2077 3298; x_wconf 82' lang='grc' dir='ltr'><em>μὴν</em></span> 
     </span>
    </p>
   </div>
   <div class='ocr_carea' id='block_1_34' title="bbox 400 3310 2078 3388">
    <p class='ocr_par' dir='ltr' id='par_1_34' title="bbox 400 3310 2078 3388">
     <span class='ocr_line' id='line_1_34' title="bbox 400 3310 2078 3388; baseline -0.004 -14"><span class='ocrx_word' id='word_1_254' title='bbox 400 3318 560 3374; x_wconf 89' lang='grc' dir='ltr'><em>τοῦτο</em></span> <span class='ocrx_word' id='word_1_255' title='bbox 590 3320 649 3372; x_wconf 80' lang='grc' dir='ltr'><em>οὐ</em></span> <span class='ocrx_word' id='word_1_256' title='bbox 686 3315 924 3388; x_wconf 88' lang='grc' dir='ltr'><em>πονηροῦ</em></span> <span class='ocrx_word' id='word_1_257' title='bbox 975 3332 1120 3379; x_wconf 87' lang='grc' dir='ltr'><em>τινος</em></span> <span class='ocrx_word' id='word_1_258' title='bbox 1151 3314 1545 3383; x_wconf 86' lang='grc' dir='ltr'><em>γειτονήματος</em></span> <span class='ocrx_word' id='word_1_259' title='bbox 1573 3312 1735 3385; x_wconf 74' lang='grc' dir='ltr'><em>ἔργον</em></span> <span class='ocrx_word' id='word_1_260' title='bbox 1767 3310 1855 3385; x_wconf 74' lang='grc' dir='ltr'><em>ἦν,</em></span> <span class='ocrx_word' id='word_1_261' title='bbox 1888 3314 2078 3385; x_wconf 78' lang='grc' dir='ltr'><em>ὥσπερ</em></span> 
     </span>
    </p>
   </div>
   <div class='ocr_carea' id='block_1_35' title="bbox 401 3401 2078 3478">
    <p class='ocr_par' dir='ltr' id='par_1_35' title="bbox 401 3401 2078 3478">
     <span class='ocr_line' id='line_1_35' title="bbox 401 3401 2078 3478; baseline -0.003 -16"><span class='ocrx_word' id='word_1_262' title='bbox 401 3403 496 3462; x_wconf 83' lang='grc' dir='ltr'><em>οὖν</em></span> <span class='ocrx_word' id='word_1_263' title='bbox 524 3407 645 3460; x_wconf 85' lang='grc' dir='ltr'><em>ούδέ</em></span> <span class='ocrx_word' id='word_1_264' title='bbox 671 3404 891 3478; x_wconf 81' lang='grc' dir='ltr'><em>νεκροῦ,</em></span> <span class='ocrx_word' id='word_1_265' title='bbox 910 3402 1046 3457; x_wconf 83' lang='grc' dir='ltr'><em>ἀλλά</em></span> <span class='ocrx_word' id='word_1_266' title='bbox 1070 3403 1166 3456; x_wconf 75' lang='grc' dir='ltr'><em>καὶ</em></span> <span class='ocrx_word' id='word_1_267' title='bbox 1194 3401 1420 3464; x_wconf 78' lang='grc' dir='ltr'><em>ζῶντος,</em></span> <span class='ocrx_word' id='word_1_268' title='bbox 1452 3401 1547 3454; x_wconf 80' lang='grc' dir='ltr'><em>καὶ</em></span> <span class='ocrx_word' id='word_1_269' title='bbox 1581 3402 1955 3472; x_wconf 76' lang='grc' dir='ltr'><em>ἐνεργοῦντος,</em></span> <span class='ocrx_word' id='word_1_270' title='bbox 1985 3404 2078 3458; x_wconf 72' lang='grc' dir='ltr'><em>καὶ</em></span> 
     </span>
    </p>
   </div>
   <div class='ocr_carea' id='block_1_36' title="bbox 402 3487 2077 3569">
    <p class='ocr_par' dir='ltr' id='par_1_36' title="bbox 402 3487 2077 3569">
     <span class='ocr_line' id='line_1_36' title="bbox 402 3487 2077 3569; baseline -0.002 -23"><span class='ocrx_word' id='word_1_271' title='bbox 402 3492 779 3569; x_wconf 77' lang='grc' dir='ltr'><em>χρηστοῦ,καί</em></span> <span class='ocrx_word' id='word_1_272' title='bbox 799 3490 1128 3561; x_wconf 82' lang='grc' dir='ltr'><em>προστάτου,</em></span> <span class='ocrx_word' id='word_1_273' title='bbox 1158 3488 1252 3541; x_wconf 71' lang='grc' dir='ltr'><em>καὶ</em></span> <span class='ocrx_word' id='word_1_274' title='bbox 1278 3487 1592 3559; x_wconf 77' lang='grc' dir='ltr'><em>κηδεμόνος,</em></span> <span class='ocrx_word' id='word_1_275' title='bbox 1617 3491 1710 3542; x_wconf 77' lang='grc' dir='ltr'><em>καὶ</em></span> <span class='ocrx_word' id='word_1_276' title='bbox 1732 3490 1911 3543; x_wconf 88' lang='grc' dir='ltr'><em>πάντα</em></span> <span class='ocrx_word' id='word_1_277' title='bbox 1936 3490 2077 3564; x_wconf 85' lang='grc' dir='ltr'><em>ὑπὲρ</em></span> 
     </span>
    </p>
   </div>
   <div class='ocr_carea' id='block_1_37' title="bbox 401 3576 2078 3653">
    <p class='ocr_par' dir='ltr' id='par_1_37' title="bbox 401 3576 2078 3653">
     <span class='ocr_line' id='line_1_37' title="bbox 401 3576 2078 3653; baseline -0.002 -17"><span class='ocrx_word' id='word_1_278' title='bbox 401 3584 505 3653; x_wconf 80' lang='grc' dir='ltr'><em>τῆς</em></span> <span class='ocrx_word' id='word_1_279' title='bbox 527 3581 798 3652; x_wconf 80' lang='grc' dir='ltr'><em>ὑμετέρας</em></span> <span class='ocrx_word' id='word_1_280' title='bbox 833 3576 1357 3652; x_wconf 82' lang='grc' dir='ltr'><em>πραγματευομένου</em></span> <span class='ocrx_word' id='word_1_281' title='bbox 1378 3579 1672 3648; x_wconf 73' lang='grc' dir='ltr'><em>σωτηρίας,</em></span> <span class='ocrx_word' id='word_1_282' title='bbox 1699 3576 1828 3647; x_wconf 81' lang='grc' dir='ltr'><em>εῖγε</em></span> <span class='ocrx_word' id='word_1_283' title='bbox 1859 3576 2078 3633; x_wconf 84' lang='grc' dir='ltr'><em>ἐϐούλε-</em></span> 
     </span>
    </p>
   </div>
   <div class='ocr_carea' id='block_1_38' title="bbox 406 3663 2075 3740">
    <p class='ocr_par' dir='ltr' id='par_1_38' title="bbox 406 3663 2075 3740">
     <span class='ocr_line' id='line_1_38' title="bbox 406 3663 2075 3740; baseline -0.001 -16"><span class='ocrx_word' id='word_1_284' title='bbox 406 3670 661 3725; x_wconf 81' lang='grc' dir='ltr'><em>σθε.”Ινα</em></span> <span class='ocrx_word' id='word_1_285' title='bbox 682 3668 792 3740; x_wconf 79' lang='grc' dir='ltr'><em>γὰρ</em></span> <span class='ocrx_word' id='word_1_286' title='bbox 819 3668 947 3738; x_wconf 89' lang='grc' dir='ltr'><em>ύμῖν</em></span> <span class='ocrx_word' id='word_1_287' title='bbox 985 3665 1060 3737; x_wconf 80' lang='grc' dir='ltr'><em>μὴ</em></span> <span class='ocrx_word' id='word_1_288' title='bbox 1086 3664 1178 3737; x_wconf 83' lang='grc' dir='ltr'><em>ἐξῇ</em></span> <span class='ocrx_word' id='word_1_289' title='bbox 1226 3664 1320 3717; x_wconf 70' lang='grc' dir='ltr'><em>ἐπὶ</em></span> <span class='ocrx_word' id='word_1_290' title='bbox 1360 3663 1521 3717; x_wconf 87' lang='grc' dir='ltr'><em>πλέον</em></span> <span class='ocrx_word' id='word_1_291' title='bbox 1567 3664 1784 3736; x_wconf 84' lang='grc' dir='ltr'><em>ἀπατᾷν</em></span> <span class='ocrx_word' id='word_1_292' title='bbox 1826 3667 2075 3734; x_wconf 59' lang='grc' dir='ltr'><em>ἑαυτοὺς,</em></span> 
     </span>
    </p>
   </div>
   <div class='ocr_carea' id='block_1_39' title="bbox 402 3752 2073 3829">
    <p class='ocr_par' dir='ltr' id='par_1_39' title="bbox 402 3752 2073 3829">
     <span class='ocr_line' id='line_1_39' title="bbox 402 3752 2073 3829; baseline -0.002 -16"><span class='ocrx_word' id='word_1_293' title='bbox 402 3759 501 3815; x_wconf 80' lang='grc' dir='ltr'><em>καὶ</em></span> <span class='ocrx_word' id='word_1_294' title='bbox 532 3759 726 3829; x_wconf 85' lang='grc' dir='ltr'><em>λέγειν.</em></span> <span class='ocrx_word' id='word_1_295' title='bbox 765 3759 846 3811; x_wconf 80' lang='grc' dir='ltr'><em>ὅτι</em></span> <span class='ocrx_word' id='word_1_296' title='bbox 872 3755 1242 3827; x_wconf 74' lang='grc' dir='ltr'><em>ὀργιζόμενος,</em></span> <span class='ocrx_word' id='word_1_297' title='bbox 1277 3753 1371 3806; x_wconf 76' lang='grc' dir='ltr'><em>καὶ</em></span> <span class='ocrx_word' id='word_1_298' title='bbox 1407 3753 1545 3824; x_wconf 77' lang='grc' dir='ltr'><em>ὑπὲρ</em></span> <span class='ocrx_word' id='word_1_299' title='bbox 1583 3752 1781 3808; x_wconf 82' lang='grc' dir='ltr'><em>θυσιῶν</em></span> <span class='ocrx_word' id='word_1_300' title='bbox 1807 3756 2073 3825; x_wconf 77' lang='grc' dir='ltr'><em>ἐγκαλῶν,</em></span> 
     </span>
    </p>
   </div>
   <div class='ocr_carea' id='block_1_40' title="bbox 403 3844 2078 3920">
    <p class='ocr_par' dir='ltr' id='par_1_40' title="bbox 403 3844 2078 3920">
     <span class='ocr_line' id='line_1_40' title="bbox 403 3844 2078 3920; baseline -0.003 -16"><span class='ocrx_word' id='word_1_301' title='bbox 403 3851 500 3904; x_wconf 76' lang='grc' dir='ltr'><em>καὶ</em></span> <span class='ocrx_word' id='word_1_302' title='bbox 523 3850 665 3919; x_wconf 80' lang='grc' dir='ltr'><em>ὑπὲρ</em></span> <span class='ocrx_word' id='word_1_303' title='bbox 691 3849 788 3918; x_wconf 83' lang='grc' dir='ltr'><em>τῆς</em></span> <span class='ocrx_word' id='word_1_304' title='bbox 816 3846 984 3918; x_wconf 82' lang='grc' dir='ltr'><em>ἄλλης</em></span> <span class='ocrx_word' id='word_1_305' title='bbox 1016 3844 1315 3916; x_wconf 84' lang='grc' dir='ltr'><em>θεραπείας</em></span> <span class='ocrx_word' id='word_1_306' title='bbox 1348 3844 1701 3915; x_wconf 83' lang='grc' dir='ltr'><em>μεμφόμενος</em></span> <span class='ocrx_word' id='word_1_307' title='bbox 1726 3847 2078 3920; x_wconf 80' lang='grc' dir='ltr'><em>ἀνεχώρησεν</em></span> 
     </span>
    </p>
   </div>
   <div class='ocr_carea' id='block_1_41' title="bbox 402 3935 2077 4009">
    <p class='ocr_par' dir='ltr' id='par_1_41' title="bbox 402 3935 2077 4009">
     <span class='ocr_line' id='line_1_41' title="bbox 402 3935 2077 4009; baseline -0.002 -13"><span class='ocrx_word' id='word_1_308' title='bbox 402 3940 566 4007; x_wconf 85' lang='grc' dir='ltr'><em>ἑκὼν,</em></span> <span class='ocrx_word' id='word_1_309' title='bbox 589 3941 677 3995; x_wconf 78' lang='grc' dir='ltr'><em>διά</em></span> <span class='ocrx_word' id='word_1_310' title='bbox 713 3939 868 3993; x_wconf 83' lang='grc' dir='ltr'><em>τοῦτο</em></span> <span class='ocrx_word' id='word_1_311' title='bbox 893 3937 1055 3992; x_wconf 71' lang='grc' dir='ltr'><em>αὑτὸν</em></span> <span class='ocrx_word' id='word_1_312' title='bbox 1087 3937 1181 3992; x_wconf 66' lang='grc' dir='ltr'><em>καὶ</em></span> <span class='ocrx_word' id='word_1_313' title='bbox 1209 3936 1273 3990; x_wconf 83' lang='grc' dir='ltr'><em>ἐκ</em></span> <span class='ocrx_word' id='word_1_314' title='bbox 1300 3935 1395 3989; x_wconf 84' lang='grc' dir='ltr'><em>τοῦ</em></span> <span class='ocrx_word' id='word_1_315' title='bbox 1429 3936 1630 4009; x_wconf 80' lang='grc' dir='ltr'><em>χωρίου</em></span> <span class='ocrx_word' id='word_1_316' title='bbox 1657 3937 1849 3991; x_wconf 89' lang='grc' dir='ltr'><em>τούτου</em></span> <span class='ocrx_word' id='word_1_317' title='bbox 1875 3940 2077 4005; x_wconf 60' lang='grc' dir='ltr'><em>παντός</em></span> 
     </span>
    </p>
   </div>
   <div class='ocr_carea' id='block_1_42' title="bbox 402 4020 2079 4103">
    <p class='ocr_par' dir='ltr' id='par_1_42' title="bbox 402 4020 2079 4103">
     <span class='ocr_line' id='line_1_42' title="bbox 402 4020 2079 4103; baseline -0.004 -18"><span class='ocrx_word' id='word_1_318' title='bbox 402 4032 704 4103; x_wconf 78' lang='grc' dir='ltr'><em>ἀπήλασεν,</em></span> <span class='ocrx_word' id='word_1_319' title='bbox 720 4028 748 4082; x_wconf 82' lang='grc' dir='ltr'><strong>ὃ</strong></span> <span class='ocrx_word' id='word_1_320' title='bbox 768 4027 1002 4091; x_wconf 82' lang='grc' dir='ltr'><em>μάλιστα</em></span> <span class='ocrx_word' id='word_1_321' title='bbox 1026 4026 1243 4080; x_wconf 82' lang='grc' dir='ltr'><em>πάντων</em></span> <span class='ocrx_word' id='word_1_322' title='bbox 1261 4025 1413 4096; x_wconf 81' lang='grc' dir='ltr'><em>φίλον</em></span> <span class='ocrx_word' id='word_1_323' title='bbox 1429 4020 1497 4097; x_wconf 82' lang='grc' dir='ltr'><em>ἦν</em></span> <span class='ocrx_word' id='word_1_324' title='bbox 1526 4025 1697 4096; x_wconf 82' lang='grc' dir='ltr'><em>αὐτῷ,</em></span> <span class='ocrx_word' id='word_1_325' title='bbox 1716 4026 1811 4081; x_wconf 75' lang='grc' dir='ltr'><em>καὶ</em></span> <span class='ocrx_word' id='word_1_326' title='bbox 1825 4027 1853 4081; x_wconf 80' lang='grc' dir='ltr'><strong>ὃ</strong></span> <span class='ocrx_word' id='word_1_327' title='bbox 1869 4028 1975 4081; x_wconf 90' lang='grc' dir='ltr'><em>τῶν</em></span> <span class='ocrx_word' id='word_1_328' title='bbox 1990 4028 2079 4082; x_wconf 75' lang='grc' dir='ltr'><em>ἀλ-</em></span> 
     </span>
    </p>
   </div>
   <div class='ocr_carea' id='block_1_43' title="bbox 400 4114 2078 4189">
    <p class='ocr_par' dir='ltr' id='par_1_43' title="bbox 400 4114 2078 4189">
     <span class='ocr_line' id='line_1_43' title="bbox 400 4114 2078 4189; baseline -0.005 -14"><span class='ocrx_word' id='word_1_329' title='bbox 400 4118 508 4175; x_wconf 83' lang='grc' dir='ltr'><em>λων</em></span> <span class='ocrx_word' id='word_1_330' title='bbox 521 4118 665 4174; x_wconf 79' lang='grc' dir='ltr'><em>οὕτω</em></span> <span class='ocrx_word' id='word_1_331' title='bbox 680 4117 1063 4189; x_wconf 78' lang='grc' dir='ltr'><em>προετίμησεν,</em></span> <span class='ocrx_word' id='word_1_332' title='bbox 1079 4115 1155 4179; x_wconf 87' lang='grc' dir='ltr'><em>ώς</em></span> <span class='ocrx_word' id='word_1_333' title='bbox 1171 4116 1263 4169; x_wconf 80' lang='grc' dir='ltr'><em>καί</em></span> <span class='ocrx_word' id='word_1_334' title='bbox 1279 4114 1677 4186; x_wconf 76' lang='grc' dir='ltr'><em>ἀτιμαζόμενος</em></span> <span class='ocrx_word' id='word_1_335' title='bbox 1694 4116 2078 4187; x_wconf 78' lang='grc' dir='ltr'><em>προσεδρεύειν</em></span> 
     </span>
    </p>
   </div>
   <div class='ocr_carea' id='block_1_44' title="bbox 400 4199 2077 4278">
    <p class='ocr_par' dir='ltr' id='par_1_44' title="bbox 400 4199 2077 4278">
     <span class='ocr_line' id='line_1_44' title="bbox 400 4199 2077 4278; baseline -0.003 -14"><span class='ocrx_word' id='word_1_336' title='bbox 400 4208 571 4278; x_wconf 80' lang='grc' dir='ltr'><em>αὐτῷ.</em></span> <span class='ocrx_word' id='word_1_337' title='bbox 620 4207 693 4261; x_wconf 72' lang='grc' dir='ltr'>Σὺ</span> <span class='ocrx_word' id='word_1_338' title='bbox 737 4207 846 4278; x_wconf 76' lang='grc' dir='ltr'><em>γάρ</em></span> <span class='ocrx_word' id='word_1_339' title='bbox 875 4203 1034 4258; x_wconf 90' lang='grc' dir='ltr'><em>τοῦτο</em></span> <span class='ocrx_word' id='word_1_340' title='bbox 1077 4202 1365 4275; x_wconf 77' lang='grc' dir='ltr'><em>προλαϐὼν</em></span> <span class='ocrx_word' id='word_1_341' title='bbox 1403 4199 1556 4265; x_wconf 77' lang='grc' dir='ltr'><em>εἶπες</em></span> <span class='ocrx_word' id='word_1_342' title='bbox 1597 4203 1646 4243; x_wconf 78' lang='lat' dir='ltr'><em>b&#39;</em></span> <span class='ocrx_word' id='word_1_343' title='bbox 1690 4204 1799 4258; x_wconf 82' lang='grc' dir='ltr'><em>Καὶ</em></span> <span class='ocrx_word' id='word_1_344' title='bbox 1841 4204 1913 4258; x_wconf 84' lang='grc' dir='ltr'><em>ἐν</em></span> <span class='ocrx_word' id='word_1_345' title='bbox 1940 4205 2077 4260; x_wconf 88' lang='grc' dir='ltr'><em>τού-</em></span> 
     </span>
    </p>
   </div>
   <div class='ocr_carea' id='block_1_45' title="bbox 397 4284 2077 4361">
    <p class='ocr_par' dir='ltr' id='par_1_45' title="bbox 397 4284 2077 4361">
     <span class='ocr_line' id='line_1_45' title="bbox 397 4284 2077 4361; baseline -0.001 -11"><span class='ocrx_word' id='word_1_346' title='bbox 397 4314 481 4361; x_wconf 87' lang='grc' dir='ltr'><em>τῳ</em></span> <span class='ocrx_word' id='word_1_347' title='bbox 509 4295 578 4349; x_wconf 87' lang='grc' dir='ltr'><em>δὲ</em></span> <span class='ocrx_word' id='word_1_348' title='bbox 608 4294 689 4361; x_wconf 88' lang='grc' dir='ltr'><em>τῷ</em></span> <span class='ocrx_word' id='word_1_349' title='bbox 717 4290 898 4360; x_wconf 80' lang='grc' dir='ltr'><em>καιρῷ</em></span> <span class='ocrx_word' id='word_1_350' title='bbox 920 4293 990 4346; x_wconf 81' lang='grc' dir='ltr'><em>ἐν</em></span> <span class='ocrx_word' id='word_1_351' title='bbox 1015 4284 1064 4358; x_wconf 82' lang='grc' dir='ltr'>ᾧ</span> <span class='ocrx_word' id='word_1_352' title='bbox 1101 4291 1307 4345; x_wconf 84' lang='grc' dir='ltr'><em>πολλὰ</em></span> <span class='ocrx_word' id='word_1_353' title='bbox 1344 4291 1462 4361; x_wconf 87' lang='grc' dir='ltr'><em>μὲν</em></span> <span class='ocrx_word' id='word_1_354' title='bbox 1488 4293 1773 4360; x_wconf 84' lang='grc' dir='ltr'><em>πρόϐατα,</em></span> <span class='ocrx_word' id='word_1_355' title='bbox 1806 4293 2077 4361; x_wconf 77' lang='grc' dir='ltr'><em>πολλοὺς</em></span> 
     </span>
    </p>
   </div>
   <div class='ocr_carea' id='block_1_46' title="bbox 400 4377 2074 4450">
    <p class='ocr_par' dir='ltr' id='par_1_46' title="bbox 400 4377 2074 4450">
     <span class='ocr_line' id='line_1_46' title="bbox 400 4377 2074 4450; baseline -0.003 -11"><span class='ocrx_word' id='word_1_356' title='bbox 400 4385 477 4442; x_wconf 75' lang='grc' dir='ltr'><em>δέ</em></span> <span class='ocrx_word' id='word_1_357' title='bbox 507 4385 666 4450; x_wconf 82' lang='grc' dir='ltr'><em>,βοῦς</em></span> <span class='ocrx_word' id='word_1_358' title='bbox 698 4380 860 4445; x_wconf 86' lang='grc' dir='ltr'><em>αὑτῷ</em></span> <span class='ocrx_word' id='word_1_359' title='bbox 894 4377 1301 4448; x_wconf 60' lang='grc' dir='ltr'><em>κατέσφαττον</em></span> <span class='ocrx_word' id='word_1_360' title='bbox 1339 4380 1373 4431; x_wconf 90' lang='grc' dir='ltr'><em>ό</em></span> <span class='ocrx_word' id='word_1_361' title='bbox 1395 4379 1701 4445; x_wconf 78' lang='grc' dir='ltr'><em>,ϐασιλεύς</em></span> <span class='ocrx_word' id='word_1_362' title='bbox 1720 4395 1733 4408; x_wconf 82' lang='lat'><strong><em>°</em></strong></span> <span class='ocrx_word' id='word_1_363' title='bbox 1768 4378 1910 4434; x_wconf 88' lang='grc' dir='ltr'><em>ῶστε</em></span> <span class='ocrx_word' id='word_1_364' title='bbox 1936 4398 2074 4436; x_wconf 75' lang='grc' dir='ltr'><em>πανο</em></span> 
     </span>
    </p>
   </div>
   <div class='ocr_carea' id='block_1_47' title="bbox 398 4465 2076 4543">
    <p class='ocr_par' dir='ltr' id='par_1_47' title="bbox 398 4465 2076 4543">
     <span class='ocr_line' id='line_1_47' title="bbox 398 4465 2076 4543; baseline -0.003 -15"><span class='ocrx_word' id='word_1_365' title='bbox 398 4473 625 4543; x_wconf 82' lang='grc' dir='ltr'><em>ταχόθεν</em></span> <span class='ocrx_word' id='word_1_366' title='bbox 666 4467 1006 4539; x_wconf 83' lang='grc' dir='ltr'><em>ἐλέγχεσθαι,</em></span> <span class='ocrx_word' id='word_1_367' title='bbox 1033 4468 1116 4520; x_wconf 85' lang='grc' dir='ltr'><em>ὅτι</em></span> <span class='ocrx_word' id='word_1_368' title='bbox 1154 4465 1593 4536; x_wconf 78' lang='grc' dir='ltr'><em>ἀναγκαζόμενος</em></span> <span class='ocrx_word' id='word_1_369' title='bbox 1637 4467 1732 4520; x_wconf 79' lang='grc' dir='ltr'><em>καὶ</em></span> <span class='ocrx_word' id='word_1_370' title='bbox 1762 4468 1867 4522; x_wconf 82' lang='grc' dir='ltr'><em>ὑπὸ</em></span> <span class='ocrx_word' id='word_1_371' title='bbox 1892 4470 2076 4539; x_wconf 79' lang='grc' dir='ltr'><em>μείζο-</em></span> 
     </span>
    </p>
   </div>
   <div class='ocr_carea' id='block_1_48' title="bbox 394 4552 2077 4629">
    <p class='ocr_par' dir='ltr' id='par_1_48' title="bbox 394 4552 2077 4629">
     <span class='ocr_line' id='line_1_48' title="bbox 394 4552 2077 4629; baseline -0.002 -14"><span class='ocrx_word' id='word_1_372' title='bbox 394 4578 492 4626; x_wconf 75' lang='grc' dir='ltr'><em>οσος</em></span> <span class='ocrx_word' id='word_1_373' title='bbox 519 4558 829 4626; x_wconf 80' lang='grc' dir='ltr'><em>ὠθούμενος</em></span> <span class='ocrx_word' id='word_1_374' title='bbox 871 4553 1152 4624; x_wconf 89' lang='grc' dir='ltr'><em>δυνάμεως</em></span> <span class='ocrx_word' id='word_1_375' title='bbox 1189 4553 1288 4623; x_wconf 76' lang='grc' dir='ltr'><em>τὴν</em></span> <span class='ocrx_word' id='word_1_376' title='bbox 1327 4552 1546 4624; x_wconf 78' lang='grc' dir='ltr'><em>Δάφνην</em></span> <span class='ocrx_word' id='word_1_377' title='bbox 1578 4555 1862 4610; x_wconf 82' lang='grc' dir='ltr'><em>ἀπέλιπεν.</em></span> <span class='ocrx_word' id='word_1_378' title='bbox 1919 4557 2077 4629; x_wconf 82' lang='grc' dir='ltr'><em>Ἐνῆν</em></span> 
     </span>
    </p>
   </div>
   <div class='ocr_carea' id='block_1_49' title="bbox 404 4640 2073 4722">
    <p class='ocr_par' dir='ltr' id='par_1_49' title="bbox 404 4640 2073 4722">
     <span class='ocr_line' id='line_1_49' title="bbox 404 4640 2073 4722; baseline 0.003 -27"><span class='ocrx_word' id='word_1_379' title='bbox 404 4650 505 4722; x_wconf 76' lang='grc' dir='ltr'><em>μὲν</em></span> <span class='ocrx_word' id='word_1_380' title='bbox 534 4647 644 4717; x_wconf 84' lang='grc' dir='ltr'><em>γὰρ</em></span> <span class='ocrx_word' id='word_1_381' title='bbox 687 4647 783 4699; x_wconf 79' lang='grc' dir='ltr'><em>καὶ</em></span> <span class='ocrx_word' id='word_1_382' title='bbox 826 4642 920 4697; x_wconf 91' lang='grc' dir='ltr'><em>τοῦ</em></span> <span class='ocrx_word' id='word_1_383' title='bbox 963 4642 1151 4706; x_wconf 80' lang='grc' dir='ltr'><em>ξοάνου</em></span> <span class='ocrx_word' id='word_1_384' title='bbox 1188 4640 1440 4711; x_wconf 83' lang='grc' dir='ltr'><em>μένοντος</em></span> <span class='ocrx_word' id='word_1_385' title='bbox 1476 4640 1694 4696; x_wconf 81' lang='grc' dir='ltr'><em>διώκειν</em></span> <span class='ocrx_word' id='word_1_386' title='bbox 1736 4643 1920 4711; x_wconf 81' lang='grc' dir='ltr'><em>αὐτὸν,</em></span> <span class='ocrx_word' id='word_1_387' title='bbox 1956 4645 2073 4699; x_wconf 87' lang='grc' dir='ltr'><em>ἀλλ’</em></span> 
     </span>
    </p>
   </div>
   <div class='ocr_carea' id='block_1_50' title="bbox 400 4725 2075 4807">
    <p class='ocr_par' dir='ltr' id='par_1_50' title="bbox 400 4725 2075 4807">
     <span class='ocr_line' id='line_1_50' title="bbox 400 4725 2075 4807; baseline -0.001 -17"><span class='ocrx_word' id='word_1_388' title='bbox 400 4738 563 4807; x_wconf 80' lang='grc' dir='ltr'><em>ὑμεῖς</em></span> <span class='ocrx_word' id='word_1_389' title='bbox 608 4734 710 4788; x_wconf 78' lang='grc' dir='ltr'><em>οὐκ</em></span> <span class='ocrx_word' id='word_1_390' title='bbox 747 4733 815 4786; x_wconf 84' lang='grc' dir='ltr'><em>ἂν</em></span> <span class='ocrx_word' id='word_1_391' title='bbox 857 4728 1237 4793; x_wconf 75' lang='grc' dir='ltr'><em>ἐπιστεύσατε,</em></span> <span class='ocrx_word' id='word_1_392' title='bbox 1268 4728 1458 4801; x_wconf 87' lang='grc' dir='ltr'><em>ὥσπερ</em></span> <span class='ocrx_word' id='word_1_393' title='bbox 1485 4725 1579 4784; x_wconf 77' lang='grc' dir='ltr'><em>οῦν</em></span> <span class='ocrx_word' id='word_1_394' title='bbox 1621 4728 1743 4791; x_wconf 81' lang='grc' dir='ltr'><em>οὐδὲ</em></span> <span class='ocrx_word' id='word_1_395' title='bbox 1774 4730 1941 4785; x_wconf 85' lang='grc' dir='ltr'><em>πάλαι</em></span> <span class='ocrx_word' id='word_1_396' title='bbox 1985 4734 2075 4789; x_wconf 80' lang='grc' dir='ltr'><em>ὅτε</em></span> 
     </span>
    </p>
   </div>
   <div class='ocr_carea' id='block_1_51' title="bbox 401 4816 2074 4889">
    <p class='ocr_par' dir='ltr' id='par_1_51' title="bbox 401 4816 2074 4889">
     <span class='ocr_line' id='line_1_51' title="bbox 401 4816 2074 4889; baseline -0.002 -10"><span class='ocrx_word' id='word_1_397' title='bbox 401 4826 495 4879; x_wconf 77' lang='grc' dir='ltr'><em>ὑπ’</em></span> <span class='ocrx_word' id='word_1_398' title='bbox 540 4821 709 4877; x_wconf 78' lang='grc' dir='ltr'><em>αὐτοῦ</em></span> <span class='ocrx_word' id='word_1_399' title='bbox 751 4819 1047 4889; x_wconf 81' lang='grc' dir='ltr'><em>πεπέδητο,</em></span> <span class='ocrx_word' id='word_1_400' title='bbox 1075 4817 1190 4872; x_wconf 85' lang='grc' dir='ltr'><em>ἀλλ’</em></span> <span class='ocrx_word' id='word_1_401' title='bbox 1222 4816 1495 4872; x_wconf 83' lang='grc' dir='ltr'><em>ὲνέκεισθε</em></span> <span class='ocrx_word' id='word_1_402' title='bbox 1542 4816 1953 4888; x_wconf 85' lang='grc' dir='ltr'><em>θεραπεύοντες.</em></span> <span class='ocrx_word' id='word_1_403' title='bbox 1995 4823 2074 4875; x_wconf 81' lang='grc' dir='ltr'><em>Δι’</em></span> 
     </span>
    </p>
   </div>
   <div class='ocr_carea' id='block_1_52' title="bbox 397 4903 2072 4984">
    <p class='ocr_par' dir='ltr' id='par_1_52' title="bbox 397 4903 2072 4984">
     <span class='ocr_line' id='line_1_52' title="bbox 397 4903 2072 4984; baseline 0.002 -23"><span class='ocrx_word' id='word_1_404' title='bbox 397 4914 428 4968; x_wconf 77' lang='grc' dir='ltr'><strong>ὃ</strong></span> <span class='ocrx_word' id='word_1_405' title='bbox 470 4912 736 4984; x_wconf 82' lang='grc' dir='ltr'><em>πρότερον</em></span> <span class='ocrx_word' id='word_1_406' title='bbox 764 4907 924 4979; x_wconf 78' lang='grc' dir='ltr'><em>ἀφεὶς</em></span> <span class='ocrx_word' id='word_1_407' title='bbox 952 4906 1172 4961; x_wconf 78' lang='grc' dir='ltr'><em>ἑστάναι</em></span> <span class='ocrx_word' id='word_1_408' title='bbox 1205 4906 1263 4960; x_wconf 81' lang='grc' dir='ltr'><em>τὸ</em></span> <span class='ocrx_word' id='word_1_409' title='bbox 1291 4903 1495 4971; x_wconf 86' lang='grc' dir='ltr'><em>ξόανον,</em></span> <span class='ocrx_word' id='word_1_410' title='bbox 1534 4906 1625 4959; x_wconf 80' lang='grc' dir='ltr'><em>ὅτε</em></span> <span class='ocrx_word' id='word_1_411' title='bbox 1658 4905 1894 4977; x_wconf 86' lang='grc' dir='ltr'><em>μάλιστα</em></span> <span class='ocrx_word' id='word_1_412' title='bbox 1930 4909 2072 4984; x_wconf 69' lang='grc' dir='ltr'><em>ἤρθη</em></span> 
     </span>
    </p>
   </div>
   <div class='ocr_carea' id='block_1_53' title="bbox 396 4994 2075 5074">
    <p class='ocr_par' dir='ltr' id='par_1_53' title="bbox 396 4994 2075 5074">
     <span class='ocr_line' id='line_1_53' title="bbox 396 4994 2075 5074; baseline 0.015 -45"><span class='ocrx_word' id='word_1_413' title='bbox 396 5001 501 5074; x_wconf 59' lang='grc' dir='ltr'><em>τῆς</em></span> <span class='ocrx_word' id='word_1_414' title='bbox 531 4997 789 5062; x_wconf 69' lang='grc' dir='ltr'><em>ἀσεῆείας</em></span> <span class='ocrx_word' id='word_1_415' title='bbox 821 4999 856 5070; x_wconf 65' lang='grc' dir='ltr'><strong>ἡ</strong></span> <span class='ocrx_word' id='word_1_416' title='bbox 890 4994 1041 5066; x_wconf 73' lang='grc' dir='ltr'><em>φλὸξ,</em></span> <span class='ocrx_word' id='word_1_417' title='bbox 1073 4995 1197 5049; x_wconf 86' lang='grc' dir='ltr'><em>τότε</em></span> <span class='ocrx_word' id='word_1_418' title='bbox 1225 4994 1358 5049; x_wconf 77' lang='grc' dir='ltr'><em>αὐτὸ</em></span> <span class='ocrx_word' id='word_1_419' title='bbox 1390 4996 1719 5068; x_wconf 79' lang='grc' dir='ltr'><em>κατήνεγκε,</em></span> <span class='ocrx_word' id='word_1_420' title='bbox 1753 4996 1967 5062; x_wconf 76' lang='grc' dir='ltr'><em>δεικνὺς</em></span> <span class='ocrx_word' id='word_1_421' title='bbox 1993 5001 2075 5055; x_wconf 85' lang='grc' dir='ltr'><em>ὅτι</em></span> 
     </span>
    </p>
   </div>
   <div class='ocr_carea' id='block_1_54' title="bbox 397 5083 2072 5156">
    <p class='ocr_par' dir='ltr' id='par_1_54' title="bbox 397 5083 2072 5156">
     <span class='ocr_line' id='line_1_54' title="bbox 397 5083 2072 5156; baseline 0 -13"><span class='ocrx_word' id='word_1_422' title='bbox 397 5090 492 5144; x_wconf 83' lang='grc' dir='ltr'><em>τὸν</em></span> <span class='ocrx_word' id='word_1_423' title='bbox 537 5086 775 5142; x_wconf 82' lang='grc' dir='ltr'><em>νικῶντα</em></span> <span class='ocrx_word' id='word_1_424' title='bbox 806 5085 950 5141; x_wconf 84' lang='grc' dir='ltr'><em>οῦτω</em></span> <span class='ocrx_word' id='word_1_425' title='bbox 980 5083 1086 5156; x_wconf 81' lang='grc' dir='ltr'><em>χρὴ</em></span> <span class='ocrx_word' id='word_1_426' title='bbox 1115 5084 1291 5154; x_wconf 82' lang='grc' dir='ltr'><em>νικᾷν,</em></span> <span class='ocrx_word' id='word_1_427' title='bbox 1325 5083 1385 5137; x_wconf 82' lang='grc' dir='ltr'><em>ού</em></span> <span class='ocrx_word' id='word_1_428' title='bbox 1419 5085 1926 5155; x_wconf 82' lang='grc' dir='ltr'><em>τεταπεινωμένων,</em></span> <span class='ocrx_word' id='word_1_429' title='bbox 1958 5088 2072 5143; x_wconf 80' lang='grc' dir='ltr'><em>ἀλλ’</em></span> 
     </span>
    </p>
   </div>
   <div class='ocr_carea' id='block_1_55' title="bbox 397 5171 2073 5249">
    <p class='ocr_par' dir='ltr' id='par_1_55' title="bbox 397 5171 2073 5249">
     <span class='ocr_line' id='line_1_55' title="bbox 397 5171 2073 5249; baseline -0.008 -17"><span class='ocrx_word' id='word_1_430' title='bbox 397 5176 707 5249; x_wconf 79' lang='grc' dir='ltr'><em>αἰρομένων</em></span> <span class='ocrx_word' id='word_1_431' title='bbox 729 5174 826 5230; x_wconf 69' lang='grc' dir='ltr'><em>καὶ</em></span> <span class='ocrx_word' id='word_1_432' title='bbox 852 5172 1122 5244; x_wconf 84' lang='grc' dir='ltr'><em>λαμπρῶν</em></span> <span class='ocrx_word' id='word_1_433' title='bbox 1166 5171 1335 5226; x_wconf 77' lang='grc' dir='ltr'><em>ὄντων</em></span> <span class='ocrx_word' id='word_1_434' title='bbox 1368 5172 1783 5243; x_wconf 82' lang='grc' dir='ltr'><em>περιγινόμενον</em></span> <span class='ocrx_word' id='word_1_435' title='bbox 1820 5176 1930 5230; x_wconf 88' lang='grc' dir='ltr'><em>τῶν</em></span> <span class='ocrx_word' id='word_1_436' title='bbox 1979 5179 2073 5248; x_wconf 82' lang='grc' dir='ltr'><em>ἐχ..</em></span> 
     </span>
    </p>
   </div>
   <div class='ocr_carea' id='block_1_56' title="bbox 397 5258 2073 5339">
    <p class='ocr_par' dir='ltr' id='par_1_56' title="bbox 397 5258 2073 5339">
     <span class='ocr_line' id='line_1_56' title="bbox 397 5258 2073 5339; baseline -0.001 -18"><span class='ocrx_word' id='word_1_437' title='bbox 397 5265 563 5339; x_wconf 88' lang='grc' dir='ltr'><em>θρῶν.</em></span> <span class='ocrx_word' id='word_1_438' title='bbox 599 5263 700 5318; x_wconf 89' lang='grc' dir='ltr'><em>Διά</em></span> <span class='ocrx_word' id='word_1_439' title='bbox 728 5261 780 5317; x_wconf 86' lang='grc' dir='ltr'><em>τί</em></span> <span class='ocrx_word' id='word_1_440' title='bbox 800 5260 910 5332; x_wconf 80' lang='grc' dir='ltr'><em>γὰρ</em></span> <span class='ocrx_word' id='word_1_441' title='bbox 933 5259 1095 5323; x_wconf 80' lang='grc' dir='ltr'><em>αὐτὸς</em></span> <span class='ocrx_word' id='word_1_442' title='bbox 1139 5259 1261 5313; x_wconf 86' lang='grc' dir='ltr'><em>τότε</em></span> <span class='ocrx_word' id='word_1_443' title='bbox 1313 5258 1413 5312; x_wconf 84' lang='grc' dir='ltr'><em>ούκ</em></span> <span class='ocrx_word' id='word_1_444' title='bbox 1460 5259 1708 5315; x_wconf 83' lang='grc' dir='ltr'><em>ἐκέλευσε</em></span> <span class='ocrx_word' id='word_1_445' title='bbox 1743 5261 1820 5335; x_wconf 83' lang='grc' dir='ltr'><em>τῷ</em></span> <span class='ocrx_word' id='word_1_446' title='bbox 1864 5266 1945 5329; x_wconf 85' lang='grc' dir='ltr'><em>είς</em></span> <span class='ocrx_word' id='word_1_447' title='bbox 1976 5265 2073 5337; x_wconf 80' lang='grc' dir='ltr'><em>τὴν</em></span> 
     </span>
    </p>
   </div>
   <div class='ocr_carea' id='block_1_57' title="bbox 399 5344 2073 5422">
    <p class='ocr_par' dir='ltr' id='par_1_57' title="bbox 399 5344 2073 5422">
     <span class='ocr_line' id='line_1_57' title="bbox 399 5344 2073 5422; baseline 0 -14"><span class='ocrx_word' id='word_1_448' title='bbox 399 5353 622 5422; x_wconf 82' lang='grc' dir='ltr'><em>Δάφνην</em></span> <span class='ocrx_word' id='word_1_449' title='bbox 678 5350 842 5405; x_wconf 78' lang='grc' dir='ltr'><em>αὐτὸν</em></span> <span class='ocrx_word' id='word_1_450' title='bbox 901 5345 1234 5416; x_wconf 86' lang='grc' dir='ltr'><em>ἀναγαγόντι</em></span> <span class='ocrx_word' id='word_1_451' title='bbox 1299 5344 1529 5417; x_wconf 85' lang='grc' dir='ltr'><em>βασιλεῖ,</em></span> <span class='ocrx_word' id='word_1_452' title='bbox 1573 5350 1926 5420; x_wconf 76' lang='grc' dir='ltr'><em>κατασκάψαι</em></span> <span class='ocrx_word' id='word_1_453' title='bbox 1981 5354 2073 5408; x_wconf 83' lang='grc' dir='ltr'><em>τὸν</em></span> 
     </span>
    </p>
   </div>
   <div class='ocr_carea' id='block_1_58' title="bbox 397 5433 2074 5515">
    <p class='ocr_par' dir='ltr' id='par_1_58' title="bbox 397 5433 2074 5515">
     <span class='ocr_line' id='line_1_58' title="bbox 397 5433 2074 5515; baseline -0.001 -18"><span class='ocrx_word' id='word_1_454' title='bbox 397 5442 557 5506; x_wconf 85' lang='grc' dir='ltr'><em>νεὼν,</em></span> <span class='ocrx_word' id='word_1_455' title='bbox 613 5440 925 5512; x_wconf 83' lang='grc' dir='ltr'><em>μεταθεῖναι</em></span> <span class='ocrx_word' id='word_1_456' title='bbox 971 5438 1034 5491; x_wconf 83' lang='grc' dir='ltr'><em>τὸ</em></span> <span class='ocrx_word' id='word_1_457' title='bbox 1070 5437 1278 5505; x_wconf 82' lang='grc' dir='ltr'><em>ξόανον,</em></span> <span class='ocrx_word' id='word_1_458' title='bbox 1311 5436 1501 5509; x_wconf 78' lang='grc' dir='ltr'><em>ὥσπερ</em></span> <span class='ocrx_word' id='word_1_459' title='bbox 1542 5433 1636 5493; x_wconf 84' lang='grc' dir='ltr'><em>οὖν</em></span> <span class='ocrx_word' id='word_1_460' title='bbox 1680 5440 1777 5493; x_wconf 78' lang='grc' dir='ltr'><em>καὶ</em></span> <span class='ocrx_word' id='word_1_461' title='bbox 1816 5440 1914 5512; x_wconf 81' lang='grc' dir='ltr'><em>τὴν</em></span> <span class='ocrx_word' id='word_1_462' title='bbox 1942 5441 2074 5515; x_wconf 81' lang='grc' dir='ltr'><em>λάρ-</em></span> 
     </span>
    </p>
   </div>
   <div class='ocr_carea' id='block_1_59' title="bbox 399 5524 2072 5601">
    <p class='ocr_par' dir='ltr' id='par_1_59' title="bbox 399 5524 2072 5601">
     <span class='ocr_line' id='line_1_59' title="bbox 399 5524 2072 5601; baseline -0.002 -16"><span class='ocrx_word' id='word_1_463' title='bbox 399 5546 577 5596; x_wconf 78' lang='grc' dir='ltr'><em>νακας</em></span> <span class='ocrx_word' id='word_1_464' title='bbox 605 5529 730 5583; x_wconf 75' lang='grc' dir='ltr'><em>Ὀτι</em></span> <span class='ocrx_word' id='word_1_465' title='bbox 758 5526 886 5583; x_wconf 76' lang='grc' dir='ltr'><em>οὔτε</em></span> <span class='ocrx_word' id='word_1_466' title='bbox 935 5524 1237 5581; x_wconf 81' lang='grc' dir='ltr'><em>ἐϐλάπτετο</em></span> <span class='ocrx_word' id='word_1_467' title='bbox 1262 5525 1395 5597; x_wconf 89' lang='grc' dir='ltr'><em>παρ’</em></span> <span class='ocrx_word' id='word_1_468' title='bbox 1425 5525 1612 5593; x_wconf 80' lang='grc' dir='ltr'><em>αὑτοῦ,</em></span> <span class='ocrx_word' id='word_1_469' title='bbox 1649 5524 1773 5581; x_wconf 78' lang='grc' dir='ltr'><em>οὔτε</em></span> <span class='ocrx_word' id='word_1_470' title='bbox 1801 5530 2072 5601; x_wconf 84' lang='grc' dir='ltr'><em>σαρκικῆς</em></span> 
     </span>
    </p>
   </div>
   <div class='ocr_carea' id='block_1_60' title="bbox 397 5612 2070 5689">
    <p class='ocr_par' dir='ltr' id='par_1_60' title="bbox 397 5612 2070 5689">
     <span class='ocr_line' id='line_1_60' title="bbox 397 5612 2070 5689; baseline -0.005 -19"><span class='ocrx_word' id='word_1_471' title='bbox 397 5617 597 5689; x_wconf 75' lang='grc' dir='ltr'><em>ἔχρῃζε</em></span> <span class='ocrx_word' id='word_1_472' title='bbox 651 5615 989 5688; x_wconf 77' lang='grc' dir='ltr'><em>συμμαχίας,</em></span> <span class='ocrx_word' id='word_1_473' title='bbox 1038 5613 1175 5668; x_wconf 87' lang='grc' dir='ltr'><em>ἀλλά</em></span> <span class='ocrx_word' id='word_1_474' title='bbox 1220 5614 1316 5667; x_wconf 76' lang='grc' dir='ltr'><em>καὶ</em></span> <span class='ocrx_word' id='word_1_475' title='bbox 1358 5612 1481 5667; x_wconf 87' lang='grc' dir='ltr'><em>τότε</em></span> <span class='ocrx_word' id='word_1_476' title='bbox 1533 5614 1629 5668; x_wconf 78' lang='grc' dir='ltr'><em>καὶ</em></span> <span class='ocrx_word' id='word_1_477' title='bbox 1657 5614 1751 5669; x_wconf 87' lang='grc' dir='ltr'><em>νῦν</em></span> <span class='ocrx_word' id='word_1_478' title='bbox 1778 5618 1948 5688; x_wconf 79' lang='grc' dir='ltr'><em>χωρὶς</em></span> <span class='ocrx_word' id='word_1_479' title='bbox 1973 5619 2070 5673; x_wconf 84' lang='grc' dir='ltr'><em>ἀν-</em></span> 
     </span>
    </p>
   </div>
   <div class='ocr_carea' id='block_1_61' title="bbox 398 5701 2067 5777">
    <p class='ocr_par' dir='ltr' id='par_1_61' title="bbox 398 5701 2067 5777">
     <span class='ocr_line' id='line_1_61' title="bbox 398 5701 2067 5777; baseline 0 -17"><span class='ocrx_word' id='word_1_480' title='bbox 398 5705 680 5777; x_wconf 86' lang='grc' dir='ltr'><em>θρωπίνης</em></span> <span class='ocrx_word' id='word_1_481' title='bbox 712 5704 873 5759; x_wconf 70' lang='grc' dir='ltr'><em>αὑτὸν</em></span> <span class='ocrx_word' id='word_1_482' title='bbox 901 5701 1168 5757; x_wconf 78' lang='grc' dir='ltr'><em>κατέϐαλε</em></span> <span class='ocrx_word' id='word_1_483' title='bbox 1219 5701 1419 5773; x_wconf 84' lang='grc' dir='ltr'><em>χειρός.</em></span> <span class='ocrx_word' id='word_1_484' title='bbox 1451 5702 1562 5757; x_wconf 67' lang='grc' dir='ltr'><em>Καὶ</em></span> <span class='ocrx_word' id='word_1_485' title='bbox 1605 5701 1705 5773; x_wconf 82' lang='grc' dir='ltr'><em>τὴν</em></span> <span class='ocrx_word' id='word_1_486' title='bbox 1747 5703 1847 5774; x_wconf 80' lang='grc' dir='ltr'><em>μὲν</em></span> <span class='ocrx_word' id='word_1_487' title='bbox 1871 5707 2067 5777; x_wconf 73' lang='grc' dir='ltr'><em>προτέ-</em></span> 
     </span>
    </p>
   </div>
   <div class='ocr_carea' id='block_1_62' title="bbox 460 5806 1955 5873">
    <p class='ocr_par' dir='ltr' id='par_1_62' title="bbox 460 5806 1955 5873">
     <span class='ocr_line' id='line_1_62' title="bbox 460 5806 1955 5873; baseline -0.001 -11"><span class='ocrx_word' id='word_1_488' title='bbox 460 5813 489 5843; x_wconf 84' lang='grc'><strong><em>⁸</em></strong></span> <span class='ocrx_word' id='word_1_489' title='bbox 513 5809 612 5862; x_wconf 80' lang='grc' dir='ltr'><strong>Αιὶἱ</strong></span> <span class='ocrx_word' id='word_1_490' title='bbox 634 5816 685 5860; x_wconf 79' lang='lat' dir='ltr'><em>et</em></span> <span class='ocrx_word' id='word_1_491' title='bbox 710 5809 877 5873; x_wconf 64' lang='lat' dir='ltr'><em>“bam.</em></span> <span class='ocrx_word' id='word_1_492' title='bbox 902 5810 981 5857; x_wconf 83' lang='lat' dir='ltr'><em>ed.</em></span> <span class='ocrx_word' id='word_1_493' title='bbox 1005 5808 1212 5872; x_wconf 82' lang='grc' dir='ltr'><em>ἠνείχου.</em></span> <span class='ocrx_word' id='word_1_494' title='bbox 1240 5806 1362 5856; x_wconf 81' lang='lat' dir='ltr'><strong>Infra</strong></span> <span class='ocrx_word' id='word_1_495' title='bbox 1384 5808 1533 5858; x_wconf 78' lang='lat' dir='ltr'><em>Iidem</em></span> <span class='ocrx_word' id='word_1_496' title='bbox 1551 5809 1728 5873; x_wconf 78' lang='grc' dir='ltr'><em>πολλὰς</em></span> <span class='ocrx_word' id='word_1_497' title='bbox 1750 5809 1955 5873; x_wconf 25' lang='grc' dir='ltr'><em>δέέβοῦς.</em></span> 
     </span>
    </p>
   </div>
   <div class='ocr_carea' id='block_1_63' title="bbox 458 5869 1867 5936">
    <p class='ocr_par' dir='ltr' id='par_1_63' title="bbox 458 5869 1867 5936">
     <span class='ocr_line' id='line_1_63' title="bbox 458 5869 1867 5936; baseline 0 -14"><span class='ocrx_word' id='word_1_498' title='bbox 458 5874 488 5915; x_wconf 67' lang='grc' dir='ltr'><em>δ</em></span> <span class='ocrx_word' id='word_1_499' title='bbox 506 5874 608 5927; x_wconf 73' lang='lat' dir='ltr'><em>Alli</em></span> <span class='ocrx_word' id='word_1_500' title='bbox 630 5872 778 5932; x_wconf 76' lang='grc' dir='ltr'><em>εἶπας.</em></span> <span class='ocrx_word' id='word_1_501' title='bbox 808 5872 961 5923; x_wconf 79' lang='lat' dir='ltr'><strong>Paulo</strong></span> <span class='ocrx_word' id='word_1_502' title='bbox 983 5869 1245 5936; x_wconf 68' lang='grc' dir='ltr'><em>ριιειῦουε</em></span> <span class='ocrx_word' id='word_1_503' title='bbox 1267 5872 1422 5921; x_wconf 80' lang='lat' dir='ltr'><strong>codex</strong></span> <span class='ocrx_word' id='word_1_504' title='bbox 1450 5872 1627 5930; x_wconf 79' lang='grc' dir='ltr'><em>πολλὰς</em></span> <span class='ocrx_word' id='word_1_505' title='bbox 1657 5872 1708 5920; x_wconf 83' lang='grc' dir='ltr'><em>δὲ</em></span> <span class='ocrx_word' id='word_1_506' title='bbox 1739 5869 1867 5935; x_wconf 72' lang='grc' dir='ltr'><em>βοῦς.</em></span> 
     </span>
    </p>
   </div>
   <div class='ocr_carea' id='block_1_64' title="bbox 1166 367 3836 433">
    <p class='ocr_par' dir='ltr' id='par_1_64' title="bbox 1166 367 3836 433">
     <span class='ocr_line' id='line_1_64' title="bbox 1166 367 3836 433; baseline 0 -6"><span class='ocrx_word' id='word_1_507' title='bbox 1166 370 1230 430; x_wconf 86' lang='lat' dir='ltr'><em>S.</em></span> <span class='ocrx_word' id='word_1_508' title='bbox 1266 372 1552 430; x_wconf 69' lang='lat' dir='ltr'><em>IOANNIS</em></span> <span class='ocrx_word' id='word_1_509' title='bbox 1588 367 2083 432; x_wconf 72' lang='lat' dir='ltr'><em>CHRYSOSTOM!</em></span> <span class='ocrx_word' id='word_1_510' title='bbox 2124 372 2443 433; x_wconf 75' lang='lat' dir='ltr'><em>AHCHIEP.</em></span> <span class='ocrx_word' id='word_1_511' title='bbox 2485 376 3038 433; x_wconf 61' lang='lat' dir='ltr'><em>CONbTANTINOP.</em></span> <span class='ocrx_word' id='word_1_512' title='bbox 3762 372 3836 428; x_wconf 68' lang='grc' dir='ltr'><em>δα</em></span> 
     </span>
    </p>
   </div>
   <div class='ocr_carea' id='block_1_65' title="bbox 2197 462 3836 560">
    <p class='ocr_par' dir='ltr' id='par_1_65' title="bbox 2197 462 3836 560">
     <span class='ocr_line' id='line_1_65' title="bbox 2197 462 3836 560; baseline 0.001 -22"><span class='ocrx_word' id='word_1_513' title='bbox 2197 501 2295 555; x_wconf 81' lang='grc' dir='ltr'><em>ραν</em></span> <span class='ocrx_word' id='word_1_514' title='bbox 2316 486 2447 556; x_wconf 85' lang='grc' dir='ltr'><em>ἡμῖν</em></span> <span class='ocrx_word' id='word_1_515' title='bbox 2466 462 2565 539; x_wconf 73' lang='grc' dir='ltr'><em>οὐκ</em></span> <span class='ocrx_word' id='word_1_516' title='bbox 2590 486 2829 558; x_wconf 79' lang='grc' dir='ltr'><em>ἐδήλωσε</em></span> <span class='ocrx_word' id='word_1_517' title='bbox 2861 487 3041 558; x_wconf 81' lang='grc' dir='ltr'><em>νίκην,</em></span> <span class='ocrx_word' id='word_1_518' title='bbox 3070 486 3187 541; x_wconf 82' lang='grc' dir='ltr'><em>ἀλλ’</em></span> <span class='ocrx_word' id='word_1_519' title='bbox 3204 487 3558 559; x_wconf 70' lang='grc' dir='ltr'><em>ἐπιστομίσας</em></span> <span class='ocrx_word' id='word_1_520' title='bbox 3583 487 3747 542; x_wconf 79' lang='grc' dir='ltr'><em>αῦτδν</em></span> <span class='ocrx_word' id='word_1_521' title='bbox 3772 491 3836 560; x_wconf 70' lang='grc' dir='ltr'><em>μί-</em></span> 
     </span>
    </p>
   </div>
   <div class='ocr_carea' id='block_1_66' title="bbox 2191 573 3855 648">
    <p class='ocr_par' dir='ltr' id='par_1_66' title="bbox 2191 573 3855 648">
     <span class='ocr_line' id='line_1_66' title="bbox 2191 573 3855 648; baseline 0.003 -22"><span class='ocrx_word' id='word_1_522' title='bbox 2191 590 2282 626; x_wconf 91' lang='grc' dir='ltr'><em>νον</em></span> <span class='ocrx_word' id='word_1_523' title='bbox 2301 573 2568 645; x_wconf 78' lang='grc' dir='ltr'><em>ήσύχαζε.</em></span> <span class='ocrx_word' id='word_1_524' title='bbox 2610 573 2850 629; x_wconf 85' lang='grc' dir='ltr'><em>Τοιοῦτοι</em></span> <span class='ocrx_word' id='word_1_525' title='bbox 2898 576 3009 645; x_wconf 83' lang='grc' dir='ltr'><em>γὰρ</em></span> <span class='ocrx_word' id='word_1_526' title='bbox 3027 575 3081 628; x_wconf 86' lang='grc' dir='ltr'><em>οἰ</em></span> <span class='ocrx_word' id='word_1_527' title='bbox 3110 575 3256 643; x_wconf 74' lang='grc' dir='ltr'><em>ἅγιοι</em></span> <span class='ocrx_word' id='word_1_528' title='bbox 3276 592 3290 606; x_wconf 82' lang='lat'>&#39;</span> <span class='ocrx_word' id='word_1_529' title='bbox 3317 576 3717 647; x_wconf 80' lang='grc' dir='ltr'><em>κατορθοῦσθαι</em></span> <span class='ocrx_word' id='word_1_530' title='bbox 3748 578 3855 648; x_wconf 30' lang='grc' dir='ltr'><em>βοὸο,</em></span> 
     </span>
    </p>
   </div>
   <div class='ocr_carea' id='block_1_67' title="bbox 2190 661 3839 735">
    <p class='ocr_par' dir='ltr' id='par_1_67' title="bbox 2190 661 3839 735">
     <span class='ocr_line' id='line_1_67' title="bbox 2190 661 3839 735; baseline 0.002 -20"><span class='ocrx_word' id='word_1_531' title='bbox 2190 661 2373 716; x_wconf 84' lang='grc' dir='ltr'><em>λονται</em></span> <span class='ocrx_word' id='word_1_532' title='bbox 2409 663 2478 716; x_wconf 78' lang='grc' dir='ltr'><em>τά</em></span> <span class='ocrx_word' id='word_1_533' title='bbox 2495 662 2631 735; x_wconf 80' lang='grc' dir='ltr'><em>πρὸς</em></span> <span class='ocrx_word' id='word_1_534' title='bbox 2657 663 2757 734; x_wconf 76' lang='grc' dir='ltr'><em>τὴν</em></span> <span class='ocrx_word' id='word_1_535' title='bbox 2786 663 2895 717; x_wconf 89' lang='grc' dir='ltr'><em>τῶν</em></span> <span class='ocrx_word' id='word_1_536' title='bbox 2920 663 3223 735; x_wconf 87' lang='grc' dir='ltr'><em>ἀνθρώπων</em></span> <span class='ocrx_word' id='word_1_537' title='bbox 3261 665 3536 735; x_wconf 74' lang='grc' dir='ltr'><em>σωτηρίαν</em></span> <span class='ocrx_word' id='word_1_538' title='bbox 3566 664 3749 734; x_wconf 86' lang='grc' dir='ltr'><em>μόνον,</em></span> <span class='ocrx_word' id='word_1_539' title='bbox 3777 668 3839 719; x_wconf 74' lang='grc' dir='ltr'><em>οὐ·</em></span> 
     </span>
    </p>
   </div>
   <div class='ocr_carea' id='block_1_68' title="bbox 2191 750 3842 817">
    <p class='ocr_par' dir='ltr' id='par_1_68' title="bbox 2191 750 3842 817">
     <span class='ocr_line' id='line_1_68' title="bbox 2191 750 3842 817; baseline 0.002 -14"><span class='ocrx_word' id='word_1_540' title='bbox 2191 750 2309 805; x_wconf 87' lang='grc' dir='ltr'><em>κέτι</em></span> <span class='ocrx_word' id='word_1_541' title='bbox 2351 750 2408 804; x_wconf 83' lang='grc' dir='ltr'><em>δέ</em></span> <span class='ocrx_word' id='word_1_542' title='bbox 2458 751 2553 806; x_wconf 76' lang='grc' dir='ltr'><em>καὶ</em></span> <span class='ocrx_word' id='word_1_543' title='bbox 2590 752 2998 806; x_wconf 75' lang='grc' dir='ltr'><em>ἐπιδείκνυσθαι</em></span> <span class='ocrx_word' id='word_1_544' title='bbox 3043 756 3158 816; x_wconf 87' lang='grc' dir='ltr'><em>τοῖς</em></span> <span class='ocrx_word' id='word_1_545' title='bbox 3207 753 3446 817; x_wconf 85' lang='grc' dir='ltr'><em>πολλοῖς,</em></span> <span class='ocrx_word' id='word_1_546' title='bbox 3487 755 3571 808; x_wconf 85' lang='grc' dir='ltr'><em>ὅτι</em></span> <span class='ocrx_word' id='word_1_547' title='bbox 3604 754 3778 808; x_wconf 80' lang='grc' dir='ltr'><em>αύτῶν</em></span> <span class='ocrx_word' id='word_1_548' title='bbox 3796 756 3842 807; x_wconf 69' lang='grc' dir='ltr'><em>τὰ</em></span> 
     </span>
    </p>
   </div>
   <div class='ocr_carea' id='block_1_69' title="bbox 2190 839 3844 914">
    <p class='ocr_par' dir='ltr' id='par_1_69' title="bbox 2190 839 3844 914">
     <span class='ocr_line' id='line_1_69' title="bbox 2190 839 3844 914; baseline 0.002 -21"><span class='ocrx_word' id='word_1_549' title='bbox 2190 839 2616 911; x_wconf 80' lang='grc' dir='ltr'><em>κατορθώματα,</em></span> <span class='ocrx_word' id='word_1_550' title='bbox 2641 840 2783 912; x_wconf 75' lang='grc' dir='ltr'><em>πλὴν</em></span> <span class='ocrx_word' id='word_1_551' title='bbox 2803 841 2856 893; x_wconf 78' lang='grc' dir='ltr'><em>εί</em></span> <span class='ocrx_word' id='word_1_552' title='bbox 2878 840 2981 895; x_wconf 88' lang='grc' dir='ltr'><em>πού</em></span> <span class='ocrx_word' id='word_1_553' title='bbox 2998 856 3081 905; x_wconf 90' lang='grc' dir='ltr'><em>τις</em></span> <span class='ocrx_word' id='word_1_554' title='bbox 3104 842 3263 914; x_wconf 88' lang='grc' dir='ltr'><em>χρεία</em></span> <span class='ocrx_word' id='word_1_555' title='bbox 3287 841 3621 910; x_wconf 88' lang='grc' dir='ltr'><em>ἀναγκάσειε</em></span> <span class='ocrx_word' id='word_1_556' title='bbox 3643 858 3656 871; x_wconf 87' lang='grc'>·</span> <span class='ocrx_word' id='word_1_557' title='bbox 3687 842 3844 912; x_wconf 77' lang='grc' dir='ltr'><em>χρείαν</em></span> 
     </span>
    </p>
   </div>
   <div class='ocr_carea' id='block_1_70' title="bbox 2189 927 3842 1000">
    <p class='ocr_par' dir='ltr' id='par_1_70' title="bbox 2189 927 3842 1000">
     <span class='ocr_line' id='line_1_70' title="bbox 2189 927 3842 1000; baseline 0.002 -20"><span class='ocrx_word' id='word_1_558' title='bbox 2189 927 2246 981; x_wconf 84' lang='grc' dir='ltr'><em>δὲ</em></span> <span class='ocrx_word' id='word_1_559' title='bbox 2274 927 2372 998; x_wconf 82' lang='grc' dir='ltr'><em>τὴν</em></span> <span class='ocrx_word' id='word_1_560' title='bbox 2403 927 2513 980; x_wconf 85' lang='grc' dir='ltr'><em>τῶν</em></span> <span class='ocrx_word' id='word_1_561' title='bbox 2555 928 2877 999; x_wconf 71' lang='grc' dir='ltr'><em>σωζομένων</em></span> <span class='ocrx_word' id='word_1_562' title='bbox 2925 928 3254 999; x_wconf 87' lang='grc' dir='ltr'><em>κηδεμονίαν</em></span> <span class='ocrx_word' id='word_1_563' title='bbox 3277 940 3299 969; x_wconf 74' lang='grc' dir='ltr'><strong><em>ο</em></strong></span> <span class='ocrx_word' id='word_1_564' title='bbox 3330 929 3475 998; x_wconf 83' lang='grc' dir='ltr'><em>λέγω</em></span> <span class='ocrx_word' id='word_1_565' title='bbox 3509 929 3695 991; x_wconf 79' lang='grc' dir='ltr'><em>πάλιν,</em></span> <span class='ocrx_word' id='word_1_566' title='bbox 3734 930 3842 1000; x_wconf 77' lang='grc' dir='ltr'><em>ὅπερ</em></span> 
     </span>
    </p>
   </div>
   <div class='ocr_carea' id='block_1_71' title="bbox 2188 1014 3841 1089">
    <p class='ocr_par' dir='ltr' id='par_1_71' title="bbox 2188 1014 3841 1089">
     <span class='ocr_line' id='line_1_71' title="bbox 2188 1014 3841 1089; baseline 0.002 -22"><span class='ocrx_word' id='word_1_567' title='bbox 2188 1014 2308 1068; x_wconf 88' lang='grc' dir='ltr'><em>τότε</em></span> <span class='ocrx_word' id='word_1_568' title='bbox 2336 1015 2574 1084; x_wconf 75' lang='grc' dir='ltr'><em>ἐγένετο.</em></span> <span class='ocrx_word' id='word_1_569' title='bbox 2614 1016 2832 1088; x_wconf 81' lang='grc' dir='ltr'><em>Ἐπειδὴ</em></span> <span class='ocrx_word' id='word_1_570' title='bbox 2860 1016 2970 1088; x_wconf 82' lang='grc' dir='ltr'><em>γάρ</em></span> <span class='ocrx_word' id='word_1_571' title='bbox 2997 1015 3067 1070; x_wconf 86' lang='grc' dir='ltr'><em>τά</em></span> <span class='ocrx_word' id='word_1_572' title='bbox 3113 1016 3214 1085; x_wconf 80' lang='grc' dir='ltr'><em>τῆς</em></span> <span class='ocrx_word' id='word_1_573' title='bbox 3232 1016 3449 1089; x_wconf 86' lang='grc' dir='ltr'><em>ἀπάτης</em></span> <span class='ocrx_word' id='word_1_574' title='bbox 3477 1015 3681 1087; x_wconf 76' lang='grc' dir='ltr'><em>ηὔξετο</em></span> <span class='ocrx_word' id='word_1_575' title='bbox 3707 1018 3841 1077; x_wconf 73' lang='grc' dir='ltr'><em>κακὰ.</em></span> 
     </span>
    </p>
   </div>
   <div class='ocr_carea' id='block_1_72' title="bbox 2192 1102 3841 1176">
    <p class='ocr_par' dir='ltr' id='par_1_72' title="bbox 2192 1102 3841 1176">
     <span class='ocr_line' id='line_1_72' title="bbox 2192 1102 3841 1176; baseline 0.002 -21"><span class='ocrx_word' id='word_1_576' title='bbox 2192 1102 2594 1158; x_wconf 87' lang='grc' dir='ltr'><em>ἐκκαλύπτεται</em></span> <span class='ocrx_word' id='word_1_577' title='bbox 2621 1104 2721 1175; x_wconf 84' lang='grc' dir='ltr'><em>μὲν</em></span> <span class='ocrx_word' id='word_1_578' title='bbox 2753 1106 2886 1176; x_wconf 84' lang='grc' dir='ltr'><em>ἡμῖν</em></span> <span class='ocrx_word' id='word_1_579' title='bbox 2914 1107 2947 1176; x_wconf 83' lang='grc' dir='ltr'><em>ή</em></span> <span class='ocrx_word' id='word_1_580' title='bbox 2977 1104 3104 1176; x_wconf 87' lang='grc' dir='ltr'><em>νίκη</em></span> <span class='ocrx_word' id='word_1_581' title='bbox 3143 1105 3351 1174; x_wconf 77' lang='grc' dir='ltr'><em>λοιπὸν,</em></span> <span class='ocrx_word' id='word_1_582' title='bbox 3382 1105 3775 1159; x_wconf 76' lang='grc' dir='ltr'><em>ἐκκαλύπτεται</em></span> <span class='ocrx_word' id='word_1_583' title='bbox 3800 1106 3841 1159; x_wconf 75' lang='grc' dir='ltr'><em>δὲ</em></span> 
     </span>
    </p>
   </div>
   <div class='ocr_carea' id='block_1_73' title="bbox 2191 1191 3835 1267">
    <p class='ocr_par' dir='ltr' id='par_1_73' title="bbox 2191 1191 3835 1267">
     <span class='ocr_line' id='line_1_73' title="bbox 2191 1191 3835 1267; baseline 0.001 -22"><span class='ocrx_word' id='word_1_584' title='bbox 2191 1192 2291 1262; x_wconf 80' lang='grc' dir='ltr'><em>οὐχ</em></span> <span class='ocrx_word' id='word_1_585' title='bbox 2322 1191 2429 1246; x_wconf 81' lang='grc' dir='ltr'><em>ὑπὸ</em></span> <span class='ocrx_word' id='word_1_586' title='bbox 2454 1192 2547 1247; x_wconf 87' lang='grc' dir='ltr'><em>τοῦ</em></span> <span class='ocrx_word' id='word_1_587' title='bbox 2574 1195 2920 1264; x_wconf 85' lang='grc' dir='ltr'><em>νικήσαντος,</em></span> <span class='ocrx_word' id='word_1_588' title='bbox 2954 1194 3067 1248; x_wconf 88' lang='grc' dir='ltr'><em>ἀλλ’</em></span> <span class='ocrx_word' id='word_1_589' title='bbox 3096 1195 3202 1248; x_wconf 74' lang='grc' dir='ltr'><em>ὑπὸ</em></span> <span class='ocrx_word' id='word_1_590' title='bbox 3227 1194 3321 1248; x_wconf 89' lang='grc' dir='ltr'><em>τοῦ</em></span> <span class='ocrx_word' id='word_1_591' title='bbox 3344 1196 3667 1267; x_wconf 83' lang='grc' dir='ltr'><em>νικηθέντος</em></span> <span class='ocrx_word' id='word_1_592' title='bbox 3682 1194 3835 1249; x_wconf 78' lang='grc' dir='ltr'><em>αὑτοῦ.</em></span> 
     </span>
    </p>
   </div>
   <div class='ocr_carea' id='block_1_74' title="bbox 2192 1278 3833 1355">
    <p class='ocr_par' dir='ltr' id='par_1_74' title="bbox 2192 1278 3833 1355">
     <span class='ocr_line' id='line_1_74' title="bbox 2192 1278 3833 1355; baseline 0 -21"><span class='ocrx_word' id='word_1_593' title='bbox 2192 1278 2353 1334; x_wconf 77' lang='grc' dir='ltr'><em>Οὕτω</em></span> <span class='ocrx_word' id='word_1_594' title='bbox 2385 1281 2551 1352; x_wconf 84' lang='grc' dir='ltr'><em>γάρῆ</em></span> <span class='ocrx_word' id='word_1_595' title='bbox 2576 1299 2636 1335; x_wconf 89' lang='grc' dir='ltr'><em>τε</em></span> <span class='ocrx_word' id='word_1_596' title='bbox 2674 1281 2950 1354; x_wconf 88' lang='grc' dir='ltr'><em>μαρτυρία</em></span> <span class='ocrx_word' id='word_1_597' title='bbox 2996 1284 3092 1336; x_wconf 76' lang='grc' dir='ltr'><em>καὶ</em></span> <span class='ocrx_word' id='word_1_598' title='bbox 3130 1280 3281 1352; x_wconf 83' lang='grc' dir='ltr'><em>παρὰ</em></span> <span class='ocrx_word' id='word_1_599' title='bbox 3328 1285 3443 1347; x_wconf 88' lang='grc' dir='ltr'><em>τοῖς</em></span> <span class='ocrx_word' id='word_1_600' title='bbox 3490 1282 3713 1355; x_wconf 76' lang='grc' dir='ltr'><em>ἐχθροῖς</em></span> <span class='ocrx_word' id='word_1_601' title='bbox 3763 1283 3833 1335; x_wconf 76' lang='grc' dir='ltr'><em>ἀν·</em></span> 
     </span>
    </p>
   </div>
   <div class='ocr_carea' id='block_1_75' title="bbox 2193 1364 3833 1441">
    <p class='ocr_par' dir='ltr' id='par_1_75' title="bbox 2193 1364 3833 1441">
     <span class='ocr_line' id='line_1_75' title="bbox 2193 1364 3833 1441; baseline 0.001 -19"><span class='ocrx_word' id='word_1_602' title='bbox 2193 1367 2433 1432; x_wconf 89' lang='grc' dir='ltr'><em>ύποπτος</em></span> <span class='ocrx_word' id='word_1_603' title='bbox 2465 1364 2556 1441; x_wconf 84' lang='grc' dir='ltr'><em>ἦν,</em></span> <span class='ocrx_word' id='word_1_604' title='bbox 2584 1371 2614 1425; x_wconf 83' lang='grc' dir='ltr'><em>ό</em></span> <span class='ocrx_word' id='word_1_605' title='bbox 2642 1387 2703 1423; x_wconf 84' lang='grc' dir='ltr'><em>τε</em></span> <span class='ocrx_word' id='word_1_606' title='bbox 2736 1371 2892 1439; x_wconf 81' lang='grc' dir='ltr'><em>ἀγιος</em></span> <span class='ocrx_word' id='word_1_607' title='bbox 2906 1370 2976 1423; x_wconf 87' lang='grc' dir='ltr'><em>τά</em></span> <span class='ocrx_word' id='word_1_608' title='bbox 3009 1371 3137 1441; x_wconf 83' lang='grc' dir='ltr'><em>περί</em></span> <span class='ocrx_word' id='word_1_609' title='bbox 3166 1369 3363 1424; x_wconf 80' lang='grc' dir='ltr'><em>ἐαυτοῦ</em></span> <span class='ocrx_word' id='word_1_610' title='bbox 3404 1369 3592 1438; x_wconf 84' lang='grc' dir='ltr'><em>λέγειν</em></span> <span class='ocrx_word' id='word_1_611' title='bbox 3616 1370 3711 1424; x_wconf 83' lang='grc' dir='ltr'><em>καί</em></span> <span class='ocrx_word' id='word_1_612' title='bbox 3735 1371 3833 1423; x_wconf 66' lang='lat' dir='ltr'><em>thi-</em></span> 
     </span>
    </p>
   </div>
   <div class='ocr_carea' id='block_1_76' title="bbox 2190 1455 3834 1528">
    <p class='ocr_par' dir='ltr' id='par_1_76' title="bbox 2190 1455 3834 1528">
     <span class='ocr_line' id='line_1_76' title="bbox 2190 1455 3834 1528; baseline 0 -19"><span class='ocrx_word' id='word_1_613' title='bbox 2190 1473 2332 1527; x_wconf 87' lang='grc' dir='ltr'><em>γκης</em></span> <span class='ocrx_word' id='word_1_614' title='bbox 2351 1456 2518 1528; x_wconf 78' lang='grc' dir='ltr'><em>οῦσης</em></span> <span class='ocrx_word' id='word_1_615' title='bbox 2543 1456 2805 1526; x_wconf 76' lang='grc' dir='ltr'><em>ἐξέφυγεν</em></span> <span class='ocrx_word' id='word_1_616' title='bbox 2824 1473 2837 1487; x_wconf 88' lang='grc'><strong>·</strong></span> <span class='ocrx_word' id='word_1_617' title='bbox 2870 1457 3057 1528; x_wconf 79' lang='grc' dir='ltr'><em>ἐπειδὴ</em></span> <span class='ocrx_word' id='word_1_618' title='bbox 3096 1456 3154 1510; x_wconf 79' lang='grc' dir='ltr'><em>δὲ</em></span> <span class='ocrx_word' id='word_1_619' title='bbox 3176 1456 3303 1510; x_wconf 78' lang='grc' dir='ltr'><em>οὐδὲ</em></span> <span class='ocrx_word' id='word_1_620' title='bbox 3330 1455 3474 1511; x_wconf 79' lang='grc' dir='ltr'><em>οὕτω</em></span> <span class='ocrx_word' id='word_1_621' title='bbox 3512 1456 3586 1512; x_wconf 79' lang='grc' dir='ltr'><em>τὰ</em></span> <span class='ocrx_word' id='word_1_622' title='bbox 3612 1456 3711 1527; x_wconf 83' lang='grc' dir='ltr'><em>τῆς</em></span> <span class='ocrx_word' id='word_1_623' title='bbox 3740 1457 3834 1509; x_wconf 64' lang='grc' dir='ltr'><em>πλέα</em></span> 
     </span>
    </p>
   </div>
   <div class='ocr_carea' id='block_1_77' title="bbox 2192 1543 3835 1617">
    <p class='ocr_par' dir='ltr' id='par_1_77' title="bbox 2192 1543 3835 1617">
     <span class='ocr_line' id='line_1_77' title="bbox 2192 1543 3835 1617; baseline 0 -20"><span class='ocrx_word' id='word_1_624' title='bbox 2192 1561 2291 1615; x_wconf 89' lang='grc' dir='ltr'><em>νης</em></span> <span class='ocrx_word' id='word_1_625' title='bbox 2319 1543 2533 1617; x_wconf 72' lang='grc' dir='ltr'><em>ἔληγεν,</em></span> <span class='ocrx_word' id='word_1_626' title='bbox 2560 1544 2676 1599; x_wconf 78' lang='grc' dir='ltr'><em>ἀλλ’</em></span> <span class='ocrx_word' id='word_1_627' title='bbox 2707 1544 2983 1598; x_wconf 85' lang='grc' dir='ltr'><em>ἐνέκειντο</em></span> <span class='ocrx_word' id='word_1_628' title='bbox 3019 1543 3182 1599; x_wconf 87' lang='grc' dir='ltr'><em>πάλιν</em></span> <span class='ocrx_word' id='word_1_629' title='bbox 3212 1546 3261 1598; x_wconf 90' lang='grc' dir='ltr'><em>οἰ</em></span> <span class='ocrx_word' id='word_1_630' title='bbox 3285 1543 3395 1599; x_wconf 87' lang='grc' dir='ltr'><em>τῶν</em></span> <span class='ocrx_word' id='word_1_631' title='bbox 3416 1543 3587 1599; x_wconf 85' lang='grc' dir='ltr'><em>λίθων</em></span> <span class='ocrx_word' id='word_1_632' title='bbox 3614 1544 3835 1615; x_wconf 82' lang='grc' dir='ltr'><em>ἀναισθη-</em></span> 
     </span>
    </p>
   </div>
   <div class='ocr_carea' id='block_1_78' title="bbox 2189 1631 3836 1705">
    <p class='ocr_par' dir='ltr' id='par_1_78' title="bbox 2189 1631 3836 1705">
     <span class='ocr_line' id='line_1_78' title="bbox 2189 1631 3836 1705; baseline 0 -19"><span class='ocrx_word' id='word_1_633' title='bbox 2189 1633 2400 1704; x_wconf 85' lang='grc' dir='ltr'><em>τότεροι</em></span> <span class='ocrx_word' id='word_1_634' title='bbox 2428 1633 2519 1688; x_wconf 85' lang='grc' dir='ltr'><em>τὸν</em></span> <span class='ocrx_word' id='word_1_635' title='bbox 2549 1633 2855 1705; x_wconf 77' lang='grc' dir='ltr'><em>ἡττημένον</em></span> <span class='ocrx_word' id='word_1_636' title='bbox 2909 1631 3379 1704; x_wconf 81' lang='grc' dir='ltr'><em>παρακαλοῦντες,</em></span> <span class='ocrx_word' id='word_1_637' title='bbox 3423 1633 3522 1687; x_wconf 74' lang='grc' dir='ltr'><em>καὶ</em></span> <span class='ocrx_word' id='word_1_638' title='bbox 3556 1633 3697 1703; x_wconf 80' lang='grc' dir='ltr'><em>πρὸς</em></span> <span class='ocrx_word' id='word_1_639' title='bbox 3726 1632 3836 1686; x_wconf 74' lang='grc' dir='ltr'><em>οὕτω</em></span> 
     </span>
    </p>
   </div>
   <div class='ocr_carea' id='block_1_79' title="bbox 2191 1720 3835 1795">
    <p class='ocr_par' dir='ltr' id='par_1_79' title="bbox 2191 1720 3835 1795">
     <span class='ocr_line' id='line_1_79' title="bbox 2191 1720 3835 1795; baseline -0.002 -18"><span class='ocrx_word' id='word_1_640' title='bbox 2191 1723 2434 1792; x_wconf 84' lang='grc' dir='ltr'><em>φανεράν</em></span> <span class='ocrx_word' id='word_1_641' title='bbox 2466 1721 2727 1794; x_wconf 83' lang='grc' dir='ltr'><em>ἀλήθειαν</em></span> <span class='ocrx_word' id='word_1_642' title='bbox 2766 1721 3189 1792; x_wconf 80' lang='grc' dir='ltr'><em>τυφλώττοντες,</em></span> <span class='ocrx_word' id='word_1_643' title='bbox 3220 1720 3530 1795; x_wconf 86' lang='grc' dir='ltr'><em>τηνικαῦτα</em></span> <span class='ocrx_word' id='word_1_644' title='bbox 3577 1723 3835 1790; x_wconf 72' lang='grc' dir='ltr'><em>ἐπαφεῖναι</em></span> 
     </span>
    </p>
   </div>
   <div class='ocr_carea' id='block_1_80' title="bbox 2182 1809 3837 1883">
    <p class='ocr_par' dir='ltr' id='par_1_80' title="bbox 2182 1809 3837 1883">
     <span class='ocr_line' id='line_1_80' title="bbox 2182 1809 3837 1883; baseline -0.001 -19"><span class='ocrx_word' id='word_1_645' title='bbox 2182 1810 2513 1881; x_wconf 74' lang='grc' dir='ltr'><em>ἠναγκάσθη</em></span> <span class='ocrx_word' id='word_1_646' title='bbox 2559 1810 2638 1882; x_wconf 83' lang='grc' dir='ltr'><em>τῷ</em></span> <span class='ocrx_word' id='word_1_647' title='bbox 2664 1810 2839 1883; x_wconf 84' lang='grc' dir='ltr'><em>ξοάνῳ</em></span> <span class='ocrx_word' id='word_1_648' title='bbox 2863 1810 2928 1865; x_wconf 75' lang='grc' dir='ltr'><em>τὸ</em></span> <span class='ocrx_word' id='word_1_649' title='bbox 2967 1809 3101 1882; x_wconf 86' lang='grc' dir='ltr'><em>πῦρ,</em></span> <span class='ocrx_word' id='word_1_650' title='bbox 3135 1809 3276 1864; x_wconf 84' lang='grc' dir='ltr'><em>ὥστε</em></span> <span class='ocrx_word' id='word_1_651' title='bbox 3296 1809 3388 1865; x_wconf 82' lang='grc' dir='ltr'><em>διὰ</em></span> <span class='ocrx_word' id='word_1_652' title='bbox 3419 1809 3619 1863; x_wconf 81' lang='grc' dir='ltr'><em>τούτου</em></span> <span class='ocrx_word' id='word_1_653' title='bbox 3646 1809 3736 1863; x_wconf 86' lang='grc' dir='ltr'><em>τοῦ</em></span> <span class='ocrx_word' id='word_1_654' title='bbox 3766 1811 3837 1878; x_wconf 76' lang='grc' dir='ltr'><em>ἑμ-</em></span> 
     </span>
    </p>
   </div>
   <div class='ocr_carea' id='block_1_81' title="bbox 2190 1896 3834 1970">
    <p class='ocr_par' dir='ltr' id='par_1_81' title="bbox 2190 1896 3834 1970">
     <span class='ocr_line' id='line_1_81' title="bbox 2190 1896 3834 1970; baseline -0.001 -20"><span class='ocrx_word' id='word_1_655' title='bbox 2190 1897 2447 1970; x_wconf 86' lang='grc' dir='ltr'><em>πρησμοῦ</em></span> <span class='ocrx_word' id='word_1_656' title='bbox 2484 1898 2672 1970; x_wconf 74' lang='grc' dir='ltr'><em>ἕτερον</em></span> <span class='ocrx_word' id='word_1_657' title='bbox 2699 1898 2791 1952; x_wconf 84' lang='grc' dir='ltr'><em>τὸν</em></span> <span class='ocrx_word' id='word_1_658' title='bbox 2817 1896 3261 1969; x_wconf 86' lang='grc' dir='ltr'><em>εἰδωλολατρείας</em></span> <span class='ocrx_word' id='word_1_659' title='bbox 3290 1896 3480 1950; x_wconf 74' lang='grc' dir='ltr'><em>σϐέσαι</em></span> <span class='ocrx_word' id='word_1_660' title='bbox 3518 1896 3834 1969; x_wconf 74' lang='grc' dir='ltr'><em>ἐμπρησμόν.</em></span> 
     </span>
    </p>
   </div>
   <div class='ocr_carea' id='block_1_82' title="bbox 2259 1981 3837 2058">
    <p class='ocr_par' dir='ltr' id='par_1_82' title="bbox 2259 1981 3837 2058">
     <span class='ocr_line' id='line_1_82' title="bbox 2259 1981 3837 2058; baseline -0.003 -19"><span class='ocrx_word' id='word_1_661' title='bbox 2259 1985 2351 2040; x_wconf 87' lang='grc' dir='ltr'><em>ιθ’.</em></span> <span class='ocrx_word' id='word_1_662' title='bbox 2371 1982 2544 2041; x_wconf 72' lang='lat' dir='ltr'><em>Tia-5v</em></span> <span class='ocrx_word' id='word_1_663' title='bbox 2572 1987 2763 2058; x_wconf 80' lang='grc' dir='ltr'><em>μέμφῃ</em></span> <span class='ocrx_word' id='word_1_664' title='bbox 2791 1986 3093 2058; x_wconf 82' lang='grc' dir='ltr'><em>τῷδαίμονι</em></span> <span class='ocrx_word' id='word_1_665' title='bbox 3110 1984 3401 2053; x_wconf 78' lang='grc' dir='ltr'><em>λέγων,ὃτι</em></span> <span class='ocrx_word' id='word_1_666' title='bbox 3439 1985 3536 2038; x_wconf 82' lang='grc' dir='ltr'><em>Ἐκ</em></span> <span class='ocrx_word' id='word_1_667' title='bbox 3543 1983 3741 2053; x_wconf 85' lang='grc' dir='ltr'><em>μέσης</em></span> <span class='ocrx_word' id='word_1_668' title='bbox 3755 1981 3837 2051; x_wconf 83' lang='grc' dir='ltr'><em>τῆς</em></span> 
     </span>
    </p>
   </div>
   <div class='ocr_carea' id='block_1_83' title="bbox 2188 2070 3835 2143">
    <p class='ocr_par' dir='ltr' id='par_1_83' title="bbox 2188 2070 3835 2143">
     <span class='ocr_line' id='line_1_83' title="bbox 2188 2070 3835 2143; baseline -0.003 -14"><span class='ocrx_word' id='word_1_669' title='bbox 2188 2073 2509 2141; x_wconf 78' lang='grc' dir='ltr'><em>θεραπείας</em></span> <span class='ocrx_word' id='word_1_670' title='bbox 2557 2073 3077 2141; x_wconf 69' lang='grc' dir='ltr'><em>ἀποπεπήδηκαςς</em></span> <span class='ocrx_word' id='word_1_671' title='bbox 3135 2074 3251 2126; x_wconf 84' lang='grc' dir='ltr'><em>υύκ</em></span> <span class='ocrx_word' id='word_1_672' title='bbox 3304 2072 3663 2143; x_wconf 84' lang='grc' dir='ltr'><em>ἀπεπήδησεν</em></span> <span class='ocrx_word' id='word_1_673' title='bbox 3704 2070 3835 2135; x_wconf 76' lang='grc' dir='ltr'><em>ἑκὼν,</em></span> 
     </span>
    </p>
   </div>
   <div class='ocr_carea' id='block_1_84' title="bbox 2188 2159 3838 2233">
    <p class='ocr_par' dir='ltr' id='par_1_84' title="bbox 2188 2159 3838 2233">
     <span class='ocr_line' id='line_1_84' title="bbox 2188 2159 3838 2233; baseline -0.002 -17"><span class='ocrx_word' id='word_1_674' title='bbox 2188 2162 2303 2216; x_wconf 84' lang='grc' dir='ltr'><em>ἀλλ’</em></span> <span class='ocrx_word' id='word_1_675' title='bbox 2343 2161 2601 2233; x_wconf 80' lang='grc' dir='ltr'><em>ἀπηλάθη</em></span> <span class='ocrx_word' id='word_1_676' title='bbox 2646 2162 2744 2216; x_wconf 82' lang='grc' dir='ltr'><em>καί</em></span> <span class='ocrx_word' id='word_1_677' title='bbox 2782 2160 3048 2232; x_wconf 73' lang='grc' dir='ltr'><em>ἐξεϐλήθη</em></span> <span class='ocrx_word' id='word_1_678' title='bbox 3092 2159 3242 2214; x_wconf 78' lang='grc' dir='ltr'><em>ἄκων</em></span> <span class='ocrx_word' id='word_1_679' title='bbox 3286 2160 3383 2213; x_wconf 83' lang='grc' dir='ltr'><em>καὶ</em></span> <span class='ocrx_word' id='word_1_680' title='bbox 3419 2160 3838 2230; x_wconf 78' lang='grc' dir='ltr'><em>ἀναγκαζόμενος</em></span> 
     </span>
    </p>
   </div>
   <div class='ocr_carea' id='block_1_85' title="bbox 2187 2247 3836 2323">
    <p class='ocr_par' dir='ltr' id='par_1_85' title="bbox 2187 2247 3836 2323">
     <span class='ocr_line' id='line_1_85' title="bbox 2187 2247 3836 2323; baseline -0.002 -19"><span class='ocrx_word' id='word_1_681' title='bbox 2187 2251 2330 2313; x_wconf 88' lang='grc' dir='ltr'><em>τότε,</em></span> <span class='ocrx_word' id='word_1_682' title='bbox 2374 2251 2462 2305; x_wconf 81' lang='grc' dir='ltr'><em>ὅτε</em></span> <span class='ocrx_word' id='word_1_683' title='bbox 2497 2250 2733 2323; x_wconf 85' lang='grc' dir='ltr'><em>μάλιστα</em></span> <span class='ocrx_word' id='word_1_684' title='bbox 2784 2251 2970 2320; x_wconf 86' lang='grc' dir='ltr'><em>μένειν</em></span> <span class='ocrx_word' id='word_1_685' title='bbox 2997 2247 3180 2320; x_wconf 78' lang='grc' dir='ltr'><em>ήθελε,</em></span> <span class='ocrx_word' id='word_1_686' title='bbox 3225 2249 3322 2302; x_wconf 69' lang='grc' dir='ltr'><em>καὶ</em></span> <span class='ocrx_word' id='word_1_687' title='bbox 3351 2249 3440 2304; x_wconf 82' lang='grc' dir='ltr'><em>διὰ</em></span> <span class='ocrx_word' id='word_1_688' title='bbox 3466 2249 3571 2319; x_wconf 81' lang='grc' dir='ltr'><em>τὴν</em></span> <span class='ocrx_word' id='word_1_689' title='bbox 3623 2249 3836 2310; x_wconf 85' lang='grc' dir='ltr'><em>κνίσσαν,</em></span> 
     </span>
    </p>
   </div>
   <div class='ocr_carea' id='block_1_86' title="bbox 2187 2335 3837 2408">
    <p class='ocr_par' dir='ltr' id='par_1_86' title="bbox 2187 2335 3837 2408">
     <span class='ocr_line' id='line_1_86' title="bbox 2187 2335 3837 2408; baseline -0.002 -16"><span class='ocrx_word' id='word_1_690' title='bbox 2187 2339 2282 2392; x_wconf 75' lang='grc' dir='ltr'><em>καὶ</em></span> <span class='ocrx_word' id='word_1_691' title='bbox 2306 2338 2394 2393; x_wconf 84' lang='grc' dir='ltr'><em>διὰ</em></span> <span class='ocrx_word' id='word_1_692' title='bbox 2421 2336 2492 2393; x_wconf 81' lang='grc' dir='ltr'><em>τά</em></span> <span class='ocrx_word' id='word_1_693' title='bbox 2542 2338 2785 2408; x_wconf 88' lang='grc' dir='ltr'><em>θύματα.</em></span> <span class='ocrx_word' id='word_1_694' title='bbox 2823 2337 3036 2408; x_wconf 81' lang='grc' dir='ltr'><em>Ὥσπερ</em></span> <span class='ocrx_word' id='word_1_695' title='bbox 3081 2337 3189 2408; x_wconf 83' lang='grc' dir='ltr'><em>γὰρ</em></span> <span class='ocrx_word' id='word_1_696' title='bbox 3217 2337 3300 2399; x_wconf 89' lang='grc' dir='ltr'><em>εἰς</em></span> <span class='ocrx_word' id='word_1_697' title='bbox 3332 2335 3493 2390; x_wconf 90' lang='grc' dir='ltr'><em>τοῦτο</em></span> <span class='ocrx_word' id='word_1_698' title='bbox 3542 2335 3837 2407; x_wconf 80' lang='grc' dir='ltr'><em>βασιλεύσας</em></span> 
     </span>
    </p>
   </div>
   <div class='ocr_carea' id='block_1_87' title="bbox 2186 2422 3839 2495">
    <p class='ocr_par' dir='ltr' id='par_1_87' title="bbox 2186 2422 3839 2495">
     <span class='ocr_line' id='line_1_87' title="bbox 2186 2422 3839 2495; baseline -0.002 -17"><span class='ocrx_word' id='word_1_699' title='bbox 2186 2426 2215 2478; x_wconf 88' lang='grc' dir='ltr'><em>ό</em></span> <span class='ocrx_word' id='word_1_700' title='bbox 2246 2424 2366 2478; x_wconf 85' lang='grc' dir='ltr'><em>τότε</em></span> <span class='ocrx_word' id='word_1_701' title='bbox 2410 2424 2650 2493; x_wconf 86' lang='grc' dir='ltr'><em>κρατῶν,</em></span> <span class='ocrx_word' id='word_1_702' title='bbox 2693 2425 2784 2479; x_wconf 87' lang='grc' dir='ltr'><em>ῖνα</em></span> <span class='ocrx_word' id='word_1_703' title='bbox 2815 2422 2884 2477; x_wconf 82' lang='grc' dir='ltr'><em>τὰ</em></span> <span class='ocrx_word' id='word_1_704' title='bbox 2916 2422 3209 2495; x_wconf 83' lang='grc' dir='ltr'><em>θρέμματα</em></span> <span class='ocrx_word' id='word_1_705' title='bbox 3237 2423 3337 2493; x_wconf 85' lang='grc' dir='ltr'><em>τῆς</em></span> <span class='ocrx_word' id='word_1_706' title='bbox 3371 2422 3699 2493; x_wconf 85' lang='grc' dir='ltr'><em>οίκουμένης</em></span> <span class='ocrx_word' id='word_1_707' title='bbox 3733 2423 3839 2476; x_wconf 77' lang='grc' dir='ltr'><em>ἀνα-</em></span> 
     </span>
    </p>
   </div>
   <div class='ocr_carea' id='block_1_88' title="bbox 2186 2508 3839 2585">
    <p class='ocr_par' dir='ltr' id='par_1_88' title="bbox 2186 2508 3839 2585">
     <span class='ocr_line' id='line_1_88' title="bbox 2186 2508 3839 2585; baseline -0.002 -21"><span class='ocrx_word' id='word_1_708' title='bbox 2186 2511 2333 2584; x_wconf 82' lang='grc' dir='ltr'><em>λώσῃ</em></span> <span class='ocrx_word' id='word_1_709' title='bbox 2377 2513 2578 2583; x_wconf 84' lang='grc' dir='ltr'><em>πάσης,</em></span> <span class='ocrx_word' id='word_1_710' title='bbox 2609 2509 2782 2575; x_wconf 77' lang='grc' dir='ltr'><em>οὕτως</em></span> <span class='ocrx_word' id='word_1_711' title='bbox 2816 2510 3053 2581; x_wconf 81' lang='grc' dir='ltr'><em>ἀφειδῶς</em></span> <span class='ocrx_word' id='word_1_712' title='bbox 3085 2509 3235 2582; x_wconf 82' lang='lat'><em>[568]</em></span> <span class='ocrx_word' id='word_1_713' title='bbox 3268 2510 3613 2585; x_wconf 56' lang='grc' dir='ltr'><em>κατέκοπτεν</em></span> <span class='ocrx_word' id='word_1_714' title='bbox 3641 2510 3728 2563; x_wconf 72' lang='grc' dir='ltr'><em>ἐπὶ</em></span> <span class='ocrx_word' id='word_1_715' title='bbox 3753 2508 3839 2562; x_wconf 81' lang='grc' dir='ltr'><em>τῶν</em></span> 
     </span>
    </p>
   </div>
   <div class='ocr_carea' id='block_1_89' title="bbox 2189 2595 3833 2671">
    <p class='ocr_par' dir='ltr' id='par_1_89' title="bbox 2189 2595 3833 2671">
     <span class='ocr_line' id='line_1_89' title="bbox 2189 2595 3833 2671; baseline -0.003 -18"><span class='ocrx_word' id='word_1_716' title='bbox 2189 2598 2391 2671; x_wconf 84' lang='grc' dir='ltr'><em>βωμῶν</em></span> <span class='ocrx_word' id='word_1_717' title='bbox 2420 2599 2670 2670; x_wconf 82' lang='grc' dir='ltr'><em>πρόϐατα</em></span> <span class='ocrx_word' id='word_1_718' title='bbox 2690 2600 2784 2653; x_wconf 75' lang='grc' dir='ltr'><em>καὶ</em></span> <span class='ocrx_word' id='word_1_719' title='bbox 2820 2598 2966 2670; x_wconf 78' lang='grc' dir='ltr'><em>βοῦς,</em></span> <span class='ocrx_word' id='word_1_720' title='bbox 3003 2598 3099 2653; x_wconf 68' lang='grc' dir='ltr'><em>καὶ</em></span> <span class='ocrx_word' id='word_1_721' title='bbox 3123 2600 3203 2662; x_wconf 87' lang='grc' dir='ltr'><em>είς</em></span> <span class='ocrx_word' id='word_1_722' title='bbox 3226 2595 3386 2652; x_wconf 88' lang='grc' dir='ltr'><em>τοῦτο</em></span> <span class='ocrx_word' id='word_1_723' title='bbox 3422 2596 3625 2669; x_wconf 86' lang='grc' dir='ltr'><em>μανίας</em></span> <span class='ocrx_word' id='word_1_724' title='bbox 3646 2596 3833 2668; x_wconf 80' lang='grc' dir='ltr'><em>ήλασεν,</em></span> 
     </span>
    </p>
   </div>
   <div class='ocr_carea' id='block_1_90' title="bbox 2184 2684 3832 2759">
    <p class='ocr_par' dir='ltr' id='par_1_90' title="bbox 2184 2684 3832 2759">
     <span class='ocr_line' id='line_1_90' title="bbox 2184 2684 3832 2759; baseline -0.001 -20"><span class='ocrx_word' id='word_1_725' title='bbox 2184 2688 2261 2751; x_wconf 85' lang='grc' dir='ltr'><em>ὡς</em></span> <span class='ocrx_word' id='word_1_726' title='bbox 2289 2688 2385 2741; x_wconf 74' lang='grc' dir='ltr'><em>καί</em></span> <span class='ocrx_word' id='word_1_727' title='bbox 2407 2687 2517 2743; x_wconf 89' lang='grc' dir='ltr'><em>τῶν</em></span> <span class='ocrx_word' id='word_1_728' title='bbox 2544 2688 2677 2759; x_wconf 73' lang='grc' dir='ltr'><em>παρ’</em></span> <span class='ocrx_word' id='word_1_729' title='bbox 2711 2688 2895 2751; x_wconf 79' lang='grc' dir='ltr'><em>αὐτοῖς</em></span> <span class='ocrx_word' id='word_1_730' title='bbox 2930 2686 3232 2741; x_wconf 84' lang='grc' dir='ltr'><em>δοκούντων</em></span> <span class='ocrx_word' id='word_1_731' title='bbox 3276 2685 3358 2739; x_wconf 77' lang='grc' dir='ltr'><em>ἔτι</em></span> <span class='ocrx_word' id='word_1_732' title='bbox 3390 2686 3704 2756; x_wconf 84' lang='grc' dir='ltr'><em>φιλοσοφεῖν</em></span> <span class='ocrx_word' id='word_1_733' title='bbox 3738 2684 3832 2737; x_wconf 71' lang='grc' dir='ltr'><em>πολ-</em></span> 
     </span>
    </p>
   </div>
   <div class='ocr_carea' id='block_1_91' title="bbox 2184 2772 3831 2848">
    <p class='ocr_par' dir='ltr' id='par_1_91' title="bbox 2184 2772 3831 2848">
     <span class='ocr_line' id='line_1_91' title="bbox 2184 2772 3831 2848; baseline -0.001 -21"><span class='ocrx_word' id='word_1_734' title='bbox 2184 2772 2313 2838; x_wconf 80' lang='grc' dir='ltr'><em>λοὺς</em></span> <span class='ocrx_word' id='word_1_735' title='bbox 2368 2776 2630 2848; x_wconf 83' lang='grc' dir='ltr'><em>μάγειρον</em></span> <span class='ocrx_word' id='word_1_736' title='bbox 2682 2775 2866 2840; x_wconf 82' lang='grc' dir='ltr'><em>αὐτὸν,</em></span> <span class='ocrx_word' id='word_1_737' title='bbox 2898 2776 2993 2829; x_wconf 73' lang='grc' dir='ltr'><em>καὶ</em></span> <span class='ocrx_word' id='word_1_738' title='bbox 3028 2774 3207 2845; x_wconf 90' lang='grc' dir='ltr'><em>κρεῶν</em></span> <span class='ocrx_word' id='word_1_739' title='bbox 3239 2773 3505 2846; x_wconf 86' lang='grc' dir='ltr'><em>κάπηλον,</em></span> <span class='ocrx_word' id='word_1_740' title='bbox 3545 2776 3647 2829; x_wconf 74' lang='grc' dir='ltr'><em>καὶ</em></span> <span class='ocrx_word' id='word_1_741' title='bbox 3689 2774 3831 2827; x_wconf 75' lang='grc' dir='ltr'><em>πάντα</em></span> 
     </span>
    </p>
   </div>
   <div class='ocr_carea' id='block_1_92' title="bbox 2183 2858 3833 2932">
    <p class='ocr_par' dir='ltr' id='par_1_92' title="bbox 2183 2858 3833 2932">
     <span class='ocr_line' id='line_1_92' title="bbox 2183 2858 3833 2932; baseline -0.002 -15"><span class='ocrx_word' id='word_1_742' title='bbox 2183 2862 2495 2918; x_wconf 82' lang='grc' dir='ltr'><em>τὰτοιαῦτα</em></span> <span class='ocrx_word' id='word_1_743' title='bbox 2523 2863 2840 2931; x_wconf 75' lang='grc' dir='ltr'><em>ἀποκαλεῖν.</em></span> <span class='ocrx_word' id='word_1_744' title='bbox 2865 2863 2979 2917; x_wconf 83' lang='grc' dir='ltr'><em>Οὐκ</em></span> <span class='ocrx_word' id='word_1_745' title='bbox 3028 2862 3093 2917; x_wconf 74' lang='grc' dir='ltr'><em>ἂν</em></span> <span class='ocrx_word' id='word_1_746' title='bbox 3130 2858 3225 2917; x_wconf 76' lang='grc' dir='ltr'><em>οὖν</em></span> <span class='ocrx_word' id='word_1_747' title='bbox 3278 2860 3421 2915; x_wconf 76' lang='grc' dir='ltr'><em>οὕτω</em></span> <span class='ocrx_word' id='word_1_748' title='bbox 3449 2860 3709 2932; x_wconf 77' lang='grc' dir='ltr'><em>δαψιλοῦς</em></span> <span class='ocrx_word' id='word_1_749' title='bbox 3732 2877 3833 2931; x_wconf 71' lang='grc' dir='ltr'><em>τρα-</em></span> 
     </span>
    </p>
   </div>
   <div class='ocr_carea' id='block_1_93' title="bbox 2186 2947 3836 3021">
    <p class='ocr_par' dir='ltr' id='par_1_93' title="bbox 2186 2947 3836 3021">
     <span class='ocr_line' id='line_1_93' title="bbox 2186 2947 3836 3021; baseline -0.011 -7"><span class='ocrx_word' id='word_1_750' title='bbox 2186 2947 2381 3020; x_wconf 76' lang='grc' dir='ltr'><em>πέζης.</em></span> <span class='ocrx_word' id='word_1_751' title='bbox 2412 2949 2508 3003; x_wconf 74' lang='grc' dir='ltr'><em>καὶ</em></span> <span class='ocrx_word' id='word_1_752' title='bbox 2537 2950 2781 3020; x_wconf 80' lang='grc' dir='ltr'><em>κνίσσης,</em></span> <span class='ocrx_word' id='word_1_753' title='bbox 2814 2950 2911 3003; x_wconf 79' lang='grc' dir='ltr'><em>καὶ</em></span> <span class='ocrx_word' id='word_1_754' title='bbox 2938 2947 3172 3013; x_wconf 84' lang='grc' dir='ltr'><em>καπνοῦ,</em></span> <span class='ocrx_word' id='word_1_755' title='bbox 3219 2949 3317 3002; x_wconf 71' lang='grc' dir='ltr'><em>καὶ</em></span> <span class='ocrx_word' id='word_1_756' title='bbox 3358 2949 3681 3021; x_wconf 62' lang='grc' dir='ltr'><em>χειμάρρων</em></span> <span class='ocrx_word' id='word_1_757' title='bbox 3707 2947 3836 3017; x_wconf 80' lang='grc' dir='ltr'><em>αἰμὰ-</em></span> 
     </span>
    </p>
   </div>
   <div class='ocr_carea' id='block_1_94' title="bbox 2182 3034 3836 3109">
    <p class='ocr_par' dir='ltr' id='par_1_94' title="bbox 2182 3034 3836 3109">
     <span class='ocr_line' id='line_1_94' title="bbox 2182 3034 3836 3109; baseline -0.002 -20"><span class='ocrx_word' id='word_1_758' title='bbox 2182 3052 2293 3089; x_wconf 89' lang='grc' dir='ltr'><em>των</em></span> <span class='ocrx_word' id='word_1_759' title='bbox 2333 3034 2684 3109; x_wconf 86' lang='grc' dir='ltr'><em>ἀνεχώρησεν</em></span> <span class='ocrx_word' id='word_1_760' title='bbox 2721 3040 2750 3091; x_wconf 81' lang='grc' dir='ltr'>ὁ</span> <span class='ocrx_word' id='word_1_761' title='bbox 2776 3036 2987 3108; x_wconf 88' lang='grc' dir='ltr'><em>δαίμων</em></span> <span class='ocrx_word' id='word_1_762' title='bbox 3056 3036 3221 3100; x_wconf 85' lang='grc' dir='ltr'><em>ἑκὼν,</em></span> <span class='ocrx_word' id='word_1_763' title='bbox 3248 3038 3278 3091; x_wconf 75' lang='grc' dir='ltr'>ὁ</span> <span class='ocrx_word' id='word_1_764' title='bbox 3314 3038 3409 3091; x_wconf 75' lang='grc' dir='ltr'><em>καὶ</em></span> <span class='ocrx_word' id='word_1_765' title='bbox 3455 3037 3631 3108; x_wconf 78' lang='grc' dir='ltr'><em>χωρὶς</em></span> <span class='ocrx_word' id='word_1_766' title='bbox 3663 3035 3836 3088; x_wconf 86' lang='grc' dir='ltr'><em>τούτων</em></span> 
     </span>
    </p>
   </div>
   <div class='ocr_carea' id='block_1_95' title="bbox 2188 3122 3832 3196">
    <p class='ocr_par' dir='ltr' id='par_1_95' title="bbox 2188 3122 3832 3196">
     <span class='ocr_line' id='line_1_95' title="bbox 2188 3122 3832 3196; baseline -0.002 -20"><span class='ocrx_word' id='word_1_767' title='bbox 2188 3122 2386 3194; x_wconf 87' lang='grc' dir='ltr'><em>μένων,</em></span> <span class='ocrx_word' id='word_1_768' title='bbox 2420 3122 2495 3186; x_wconf 81' lang='grc' dir='ltr'><em>ὡς</em></span> <span class='ocrx_word' id='word_1_769' title='bbox 2550 3123 2705 3193; x_wconf 79' lang='grc' dir='ltr'><em>ἔφης,</em></span> <span class='ocrx_word' id='word_1_770' title='bbox 2744 3123 2832 3178; x_wconf 82' lang='grc' dir='ltr'><em>διὰ</em></span> <span class='ocrx_word' id='word_1_771' title='bbox 2864 3124 2965 3195; x_wconf 80' lang='grc' dir='ltr'><em>τὴν</em></span> <span class='ocrx_word' id='word_1_772' title='bbox 3012 3124 3149 3196; x_wconf 83' lang='grc' dir='ltr'><em>πρὸς</em></span> <span class='ocrx_word' id='word_1_773' title='bbox 3177 3125 3277 3195; x_wconf 81' lang='grc' dir='ltr'><em>τὴν</em></span> <span class='ocrx_word' id='word_1_774' title='bbox 3320 3124 3609 3196; x_wconf 79' lang='grc' dir='ltr'><em>ἐρωμένην</em></span> <span class='ocrx_word' id='word_1_775' title='bbox 3648 3122 3832 3193; x_wconf 84' lang='grc' dir='ltr'><em>μανίαν.</em></span> 
     </span>
    </p>
   </div>
   <div class='ocr_carea' id='block_1_96' title="bbox 2268 3209 3835 3284">
    <p class='ocr_par' dir='ltr' id='par_1_96' title="bbox 2268 3209 3835 3284">
     <span class='ocr_line' id='line_1_96' title="bbox 2268 3209 3835 3284; baseline 0 -21"><span class='ocrx_word' id='word_1_776' title='bbox 2268 3209 2430 3264; x_wconf 83' lang='grc' dir='ltr'><em>Ἀλλά</em></span> <span class='ocrx_word' id='word_1_777' title='bbox 2455 3210 2567 3283; x_wconf 85' lang='grc' dir='ltr'><em>γὰρ</em></span> <span class='ocrx_word' id='word_1_778' title='bbox 2598 3212 2689 3264; x_wconf 77' lang='grc' dir='ltr'><em>τὸν</em></span> <span class='ocrx_word' id='word_1_779' title='bbox 2717 3212 2846 3283; x_wconf 81' lang='grc' dir='ltr'><em>παρ’</em></span> <span class='ocrx_word' id='word_1_780' title='bbox 2875 3212 3034 3284; x_wconf 83' lang='grc' dir='ltr'><em>ἡμῶν</em></span> <span class='ocrx_word' id='word_1_781' title='bbox 3055 3211 3214 3281; x_wconf 85' lang='grc' dir='ltr'><em>λόγον</em></span> <span class='ocrx_word' id='word_1_782' title='bbox 3243 3213 3543 3280; x_wconf 88' lang='grc' dir='ltr'><em>στήσαντες</em></span> <span class='ocrx_word' id='word_1_783' title='bbox 3576 3212 3731 3275; x_wconf 86' lang='grc' dir='ltr'><em>τέως,</em></span> <span class='ocrx_word' id='word_1_784' title='bbox 3754 3211 3835 3263; x_wconf 82' lang='grc' dir='ltr'><em>πά-</em></span> 
     </span>
    </p>
   </div>
   <div class='ocr_carea' id='block_1_97' title="bbox 2185 3297 3834 3370">
    <p class='ocr_par' dir='ltr' id='par_1_97' title="bbox 2185 3297 3834 3370">
     <span class='ocr_line' id='line_1_97' title="bbox 2185 3297 3834 3370; baseline -0.001 -19"><span class='ocrx_word' id='word_1_785' title='bbox 2185 3299 2269 3353; x_wconf 87' lang='grc' dir='ltr'><em>λιν</em></span> <span class='ocrx_word' id='word_1_786' title='bbox 2324 3299 2724 3370; x_wconf 79' lang='grc' dir='ltr'><em>ἐπακούσωμεν</em></span> <span class='ocrx_word' id='word_1_787' title='bbox 2791 3299 2899 3353; x_wconf 88' lang='grc' dir='ltr'><em>τῶν</em></span> <span class='ocrx_word' id='word_1_788' title='bbox 2920 3298 3180 3370; x_wconf 80' lang='grc' dir='ltr'><em>ὀδυρμῶν</em></span> <span class='ocrx_word' id='word_1_789' title='bbox 3216 3297 3312 3352; x_wconf 85' lang='grc' dir='ltr'><em>τοῦ</em></span> <span class='ocrx_word' id='word_1_790' title='bbox 3358 3300 3641 3369; x_wconf 83' lang='grc' dir='ltr'><em>σοφιστοῦ.</em></span> <span class='ocrx_word' id='word_1_791' title='bbox 3682 3299 3834 3367; x_wconf 78' lang='grc' dir='ltr'><em>Ἀφείς</em></span> 
     </span>
    </p>
   </div>
   <div class='ocr_carea' id='block_1_98' title="bbox 2184 3387 3832 3461">
    <p class='ocr_par' dir='ltr' id='par_1_98' title="bbox 2184 3387 3832 3461">
     <span class='ocr_line' id='line_1_98' title="bbox 2184 3387 3832 3461; baseline -0.003 -20"><span class='ocrx_word' id='word_1_792' title='bbox 2184 3387 2293 3461; x_wconf 82' lang='grc' dir='ltr'><em>γὰρ</em></span> <span class='ocrx_word' id='word_1_793' title='bbox 2317 3388 2409 3441; x_wconf 79' lang='grc' dir='ltr'><em>τὸν</em></span> <span class='ocrx_word' id='word_1_794' title='bbox 2440 3388 2683 3442; x_wconf 80' lang='grc' dir='ltr'><em>Ἀπόλλω</em></span> <span class='ocrx_word' id='word_1_795' title='bbox 2711 3388 2846 3461; x_wconf 74' lang='grc' dir='ltr'><em>πρὸς</em></span> <span class='ocrx_word' id='word_1_796' title='bbox 2878 3387 2971 3442; x_wconf 76' lang='grc' dir='ltr'><em>τὸν</em></span> <span class='ocrx_word' id='word_1_797' title='bbox 2994 3387 3092 3441; x_wconf 79' lang='grc' dir='ltr'><em>Δία</em></span> <span class='ocrx_word' id='word_1_798' title='bbox 3121 3388 3283 3443; x_wconf 85' lang='grc' dir='ltr'><em>πάλιν</em></span> <span class='ocrx_word' id='word_1_799' title='bbox 3298 3387 3631 3459; x_wconf 84' lang='grc' dir='ltr'><em>ὀλοφύρεται</em></span> <span class='ocrx_word' id='word_1_800' title='bbox 3653 3388 3832 3454; x_wconf 81' lang='grc' dir='ltr'><em>λέγων·</em></span> 
     </span>
    </p>
   </div>
   <div class='ocr_carea' id='block_1_99' title="bbox 2188 3471 3835 3547">
    <p class='ocr_par' dir='ltr' id='par_1_99' title="bbox 2188 3471 3835 3547">
     <span class='ocr_line' id='line_1_99' title="bbox 2188 3471 3835 3547; baseline -0.002 -16"><span class='ocrx_word' id='word_1_801' title='bbox 2188 3477 2355 3538; x_wconf 80' lang='grc' dir='ltr'><em>Οἶαν,</em></span> <span class='ocrx_word' id='word_1_802' title='bbox 2385 3472 2433 3531; x_wconf 84' lang='grc' dir='ltr'>ὦ</span> <span class='ocrx_word' id='word_1_803' title='bbox 2457 3475 2595 3543; x_wconf 75' lang='grc' dir='ltr'><em>Ζεῦ,</em></span> <span class='ocrx_word' id='word_1_804' title='bbox 2643 3476 2881 3547; x_wconf 72' lang='grc' dir='ltr'><em>γνώμης</em></span> <span class='ocrx_word' id='word_1_805' title='bbox 2930 3478 3280 3546; x_wconf 81' lang='grc' dir='ltr'><em>καμνούσης</em></span> <span class='ocrx_word' id='word_1_806' title='bbox 3311 3476 3702 3547; x_wconf 68' lang='grc' dir='ltr'><em>ἀφῃρέθημεν</em></span> <span class='ocrx_word' id='word_1_807' title='bbox 3727 3471 3835 3529; x_wconf 67' lang='grc' dir='ltr'><em>ἀντίη</em></span> 
     </span>
    </p>
   </div>
   <div class='ocr_carea' id='block_1_100' title="bbox 2184 3564 3835 3635">
    <p class='ocr_par' dir='ltr' id='par_1_100' title="bbox 2184 3564 3835 3635">
     <span class='ocr_line' id='line_1_100' title="bbox 2184 3564 3835 3635; baseline -0.004 -16"><span class='ocrx_word' id='word_1_808' title='bbox 2184 3568 2458 3619; x_wconf 86' lang='grc' dir='ltr'><em>παυλαν·</em></span> <span class='ocrx_word' id='word_1_809' title='bbox 2490 3565 2570 3630; x_wconf 85' lang='grc' dir='ltr'><em>ὡς</em></span> <span class='ocrx_word' id='word_1_810' title='bbox 2627 3564 2892 3631; x_wconf 85' lang='grc' dir='ltr'><em>καθαρὸν</em></span> <span class='ocrx_word' id='word_1_811' title='bbox 2946 3565 3065 3635; x_wconf 80' lang='grc' dir='ltr'><em>μὲν</em></span> <span class='ocrx_word' id='word_1_812' title='bbox 3112 3566 3377 3633; x_wconf 83' lang='grc' dir='ltr'><em>θορύϐων</em></span> <span class='ocrx_word' id='word_1_813' title='bbox 3406 3566 3444 3633; x_wconf 79' lang='grc' dir='ltr'>ἠ</span> <span class='ocrx_word' id='word_1_814' title='bbox 3498 3565 3704 3634; x_wconf 67' lang='grc' dir='ltr'><em>Δάφνη</em></span> <span class='ocrx_word' id='word_1_815' title='bbox 3747 3580 3835 3632; x_wconf 81' lang='grc' dir='ltr'><em>χω-</em></span> 
     </span>
    </p>
   </div>
   <div class='ocr_carea' id='block_1_101' title="bbox 2174 3648 3837 3722">
    <p class='ocr_par' dir='ltr' id='par_1_101' title="bbox 2174 3648 3837 3722">
     <span class='ocr_line' id='line_1_101' title="bbox 2174 3648 3837 3722; baseline -0.002 -15"><span class='ocrx_word' id='word_1_816' title='bbox 2174 3654 2331 3722; x_wconf 86' lang='grc' dir='ltr'><em>ρίον,</em></span> <span class='ocrx_word' id='word_1_817' title='bbox 2357 3653 2760 3722; x_wconf 84' lang='grc' dir='ltr'><em>καθαρώτερος</em></span> <span class='ocrx_word' id='word_1_818' title='bbox 2781 3651 2850 3706; x_wconf 85' lang='grc' dir='ltr'><em>δὲ</em></span> <span class='ocrx_word' id='word_1_819' title='bbox 2877 3656 2912 3708; x_wconf 85' lang='grc' dir='ltr'><em>ό</em></span> <span class='ocrx_word' id='word_1_820' title='bbox 2935 3653 3106 3720; x_wconf 84' lang='grc' dir='ltr'><em>νεὼς,</em></span> <span class='ocrx_word' id='word_1_821' title='bbox 3146 3648 3277 3708; x_wconf 81' lang='grc' dir='ltr'><em>οἷον</em></span> <span class='ocrx_word' id='word_1_822' title='bbox 3293 3653 3537 3722; x_wconf 79' lang='grc' dir='ltr'><em>λιμένος</em></span> <span class='ocrx_word' id='word_1_823' title='bbox 3554 3653 3656 3707; x_wconf 79' lang='grc' dir='ltr'><em>ἐπὶ</em></span> <span class='ocrx_word' id='word_1_824' title='bbox 3671 3650 3837 3717; x_wconf 79' lang='grc' dir='ltr'><em>λιμένι</em></span> 
     </span>
    </p>
   </div>
   <div class='ocr_carea' id='block_1_102' title="bbox 2182 3739 3838 3810">
    <p class='ocr_par' dir='ltr' id='par_1_102' title="bbox 2182 3739 3838 3810">
     <span class='ocr_line' id='line_1_102' title="bbox 2182 3739 3838 3810; baseline -0.002 -16"><span class='ocrx_word' id='word_1_825' title='bbox 2182 3742 2320 3810; x_wconf 83' lang='grc' dir='ltr'><em>παρ’</em></span> <span class='ocrx_word' id='word_1_826' title='bbox 2345 3739 2535 3808; x_wconf 80' lang='grc' dir='ltr'><em>αὐτῆς</em></span> <span class='ocrx_word' id='word_1_827' title='bbox 2567 3740 2975 3809; x_wconf 84' lang='grc' dir='ltr'><em>πεποιημένου</em></span> <span class='ocrx_word' id='word_1_828' title='bbox 3025 3740 3137 3810; x_wconf 85' lang='grc' dir='ltr'><em>τῆς</em></span> <span class='ocrx_word' id='word_1_829' title='bbox 3176 3742 3447 3810; x_wconf 58' lang='grc' dir='ltr'><em>ςρύσιειιιις⁸</em></span> <span class='ocrx_word' id='word_1_830' title='bbox 3492 3740 3838 3810; x_wconf 77' lang='grc' dir='ltr'><em>ἀκυμάντοιν</em></span> 
     </span>
    </p>
   </div>
   <div class='ocr_carea' id='block_1_103' title="bbox 2177 3825 3837 3900">
    <p class='ocr_par' dir='ltr' id='par_1_103' title="bbox 2177 3825 3837 3900">
     <span class='ocr_line' id='line_1_103' title="bbox 2177 3825 3837 3900; baseline -0.001 -16"><span class='ocrx_word' id='word_1_831' title='bbox 2177 3829 2296 3900; x_wconf 78' lang='grc' dir='ltr'><em>μὲν</em></span> <span class='ocrx_word' id='word_1_832' title='bbox 2332 3829 2577 3900; x_wconf 77' lang='grc' dir='ltr'><em>ἀμφοῖν,</em></span> <span class='ocrx_word' id='word_1_833' title='bbox 2627 3829 2816 3884; x_wconf 87' lang='grc' dir='ltr'><em>πλείω</em></span> <span class='ocrx_word' id='word_1_834' title='bbox 2855 3828 2925 3883; x_wconf 80' lang='grc' dir='ltr'><em>δὲ</em></span> <span class='ocrx_word' id='word_1_835' title='bbox 2974 3829 3090 3898; x_wconf 77' lang='grc' dir='ltr'><em>τὴν</em></span> <span class='ocrx_word' id='word_1_836' title='bbox 3132 3831 3406 3900; x_wconf 70' lang='grc' dir='ltr'><em>ἡσυχίαν</em></span> <span class='ocrx_word' id='word_1_837' title='bbox 3446 3825 3837 3898; x_wconf 74' lang='grc' dir='ltr'><em>παρεχομένου</em></span> 
     </span>
    </p>
   </div>
   <div class='ocr_carea' id='block_1_104' title="bbox 2181 3913 3836 3986">
    <p class='ocr_par' dir='ltr' id='par_1_104' title="bbox 2181 3913 3836 3986">
     <span class='ocr_line' id='line_1_104' title="bbox 2181 3913 3836 3986; baseline 0.002 -14"><span class='ocrx_word' id='word_1_838' title='bbox 2181 3917 2290 3972; x_wconf 82' lang='grc' dir='ltr'><em>τοῦ</em></span> <span class='ocrx_word' id='word_1_839' title='bbox 2312 3916 2617 3986; x_wconf 77' lang='grc' dir='ltr'><em>δευτέρου.</em></span> <span class='ocrx_word' id='word_1_840' title='bbox 2645 3917 2740 3984; x_wconf 85' lang='grc' dir='ltr'><em>Τίς</em></span> <span class='ocrx_word' id='word_1_841' title='bbox 2766 3917 2885 3986; x_wconf 83' lang='grc' dir='ltr'><em>μὲν</em></span> <span class='ocrx_word' id='word_1_842' title='bbox 2913 3920 3027 3972; x_wconf 86' lang='grc' dir='ltr'><em>οὐκ</em></span> <span class='ocrx_word' id='word_1_843' title='bbox 3064 3917 3144 3972; x_wconf 87' lang='grc' dir='ltr'><em>ἂν</em></span> <span class='ocrx_word' id='word_1_844' title='bbox 3179 3919 3390 3974; x_wconf 84' lang='grc' dir='ltr'><em>αὐτόθι</em></span> <span class='ocrx_word' id='word_1_845' title='bbox 3415 3918 3613 3972; x_wconf 84' lang='grc' dir='ltr'><em>νόσον</em></span> <span class='ocrx_word' id='word_1_846' title='bbox 3636 3913 3836 3975; x_wconf 69' lang='grc' dir='ltr'><em>ἀπέευῖ</em></span> 
     </span>
    </p>
   </div>
   <div class='ocr_carea' id='block_1_105' title="bbox 2182 3998 3833 4075">
    <p class='ocr_par' dir='ltr' id='par_1_105' title="bbox 2182 3998 3833 4075">
     <span class='ocr_line' id='line_1_105' title="bbox 2182 3998 3833 4075; baseline -0.001 -16"><span class='ocrx_word' id='word_1_847' title='bbox 2182 4007 2274 4073; x_wconf 82' lang='grc' dir='ltr'><em>τίς</em></span> <span class='ocrx_word' id='word_1_848' title='bbox 2299 4004 2367 4059; x_wconf 84' lang='grc' dir='ltr'><em>δὲ</em></span> <span class='ocrx_word' id='word_1_849' title='bbox 2396 4006 2507 4060; x_wconf 78' lang='grc' dir='ltr'><em>οὐκ</em></span> <span class='ocrx_word' id='word_1_850' title='bbox 2553 4005 2632 4060; x_wconf 86' lang='grc' dir='ltr'><em>ἂν</em></span> <span class='ocrx_word' id='word_1_851' title='bbox 2661 4007 2885 4075; x_wconf 73' lang='grc' dir='ltr'><em>φόϐον;</em></span> <span class='ocrx_word' id='word_1_852' title='bbox 2917 4006 3009 4072; x_wconf 83' lang='grc' dir='ltr'><em>τίς</em></span> <span class='ocrx_word' id='word_1_853' title='bbox 3036 4004 3104 4059; x_wconf 80' lang='grc' dir='ltr'><em>δὲ</em></span> <span class='ocrx_word' id='word_1_854' title='bbox 3136 4008 3252 4060; x_wconf 87' lang='grc' dir='ltr'><em>οὐκ</em></span> <span class='ocrx_word' id='word_1_855' title='bbox 3287 4005 3365 4060; x_wconf 84' lang='grc' dir='ltr'><em>ἂν</em></span> <span class='ocrx_word' id='word_1_856' title='bbox 3398 4004 3655 4072; x_wconf 74' lang='grc' dir='ltr'><em>πένθοςς</em></span> <span class='ocrx_word' id='word_1_857' title='bbox 3681 4003 3764 4066; x_wconf 86' lang='grc' dir='ltr'><em>τίς</em></span> <span class='ocrx_word' id='word_1_858' title='bbox 3780 3998 3833 4052; x_wconf 72' lang='grc' dir='ltr'><em>δὲ</em></span> 
     </span>
    </p>
   </div>
   <div class='ocr_carea' id='block_1_106' title="bbox 2183 4090 3832 4164">
    <p class='ocr_par' dir='ltr' id='par_1_106' title="bbox 2183 4090 3832 4164">
     <span class='ocr_line' id='line_1_106' title="bbox 2183 4090 3832 4164; baseline -0.004 -16"><span class='ocrx_word' id='word_1_859' title='bbox 2183 4092 2261 4148; x_wconf 89' lang='grc' dir='ltr'><em>ἃν</em></span> <span class='ocrx_word' id='word_1_860' title='bbox 2304 4094 2569 4161; x_wconf 80' lang='grc' dir='ltr'><em>ἐπόθησε</em></span> <span class='ocrx_word' id='word_1_861' title='bbox 2596 4092 2705 4161; x_wconf 82' lang='grc' dir='ltr'><em>τὰς</em></span> <span class='ocrx_word' id='word_1_862' title='bbox 2734 4094 3019 4164; x_wconf 83' lang='grc' dir='ltr'><em>μακάρων</em></span> <span class='ocrx_word' id='word_1_863' title='bbox 3050 4093 3319 4162; x_wconf 72' lang='grc' dir='ltr'><em>νήσουςς</em></span> <span class='ocrx_word' id='word_1_864' title='bbox 3344 4095 3511 4148; x_wconf 80' lang='grc' dir='ltr'><em>Ποίαν</em></span> <span class='ocrx_word' id='word_1_865' title='bbox 3544 4090 3832 4148; x_wconf 82' lang='grc' dir='ltr'><em>ἀνάπαυλαν</em></span> 
     </span>
    </p>
   </div>
   <div class='ocr_carea' id='block_1_107' title="bbox 2183 4172 3829 4254">
    <p class='ocr_par' dir='ltr' id='par_1_107' title="bbox 2183 4172 3829 4254">
     <span class='ocr_line' id='line_1_107' title="bbox 2183 4172 3829 4254; baseline -0.003 -19"><span class='ocrx_word' id='word_1_866' title='bbox 2183 4180 2564 4253; x_wconf 82' lang='grc' dir='ltr'><em>ἀφῃρέθημεν,</em></span> <span class='ocrx_word' id='word_1_867' title='bbox 2594 4174 2640 4235; x_wconf 82' lang='grc' dir='ltr'><strong>ὧ</strong></span> <span class='ocrx_word' id='word_1_868' title='bbox 2669 4181 2868 4252; x_wconf 90' lang='grc' dir='ltr'><em>μιαρέ;</em></span> <span class='ocrx_word' id='word_1_869' title='bbox 2898 4182 3014 4247; x_wconf 89' lang='grc' dir='ltr'><em>πῶς</em></span> <span class='ocrx_word' id='word_1_870' title='bbox 3057 4183 3114 4236; x_wconf 82' lang='grc' dir='ltr'><em>δὲ</em></span> <span class='ocrx_word' id='word_1_871' title='bbox 3148 4180 3532 4254; x_wconf 86' lang='grc' dir='ltr'><em>καθαρώτερος</em></span> <span class='ocrx_word' id='word_1_872' title='bbox 3561 4172 3829 4252; x_wconf 78' lang='grc' dir='ltr'><em>θορύϐωνὸ</em></span> 
     </span>
    </p>
   </div>
   <div class='ocr_carea' id='block_1_108' title="bbox 2182 4266 3830 4340">
    <p class='ocr_par' dir='ltr' id='par_1_108' title="bbox 2182 4266 3830 4340">
     <span class='ocr_line' id='line_1_108' title="bbox 2182 4266 3830 4340; baseline 0.003 -18"><span class='ocrx_word' id='word_1_873' title='bbox 2182 4266 2337 4331; x_wconf 82' lang='grc' dir='ltr'><em>νεὼς,</em></span> <span class='ocrx_word' id='word_1_874' title='bbox 2370 4269 2462 4322; x_wconf 73' lang='grc' dir='ltr'><em>καὶ</em></span> <span class='ocrx_word' id='word_1_875' title='bbox 2511 4267 2677 4340; x_wconf 80' lang='grc' dir='ltr'><em>λιμὴν</em></span> <span class='ocrx_word' id='word_1_876' title='bbox 2712 4268 3046 4339; x_wconf 85' lang='grc' dir='ltr'><em>ἀκύμαντος,</em></span> <span class='ocrx_word' id='word_1_877' title='bbox 3082 4269 3212 4324; x_wconf 77' lang='grc' dir='ltr'><em>ἔνθα</em></span> <span class='ocrx_word' id='word_1_878' title='bbox 3257 4269 3431 4336; x_wconf 77' lang='grc' dir='ltr'><em>αὐλοὶ,</em></span> <span class='ocrx_word' id='word_1_879' title='bbox 3457 4270 3553 4323; x_wconf 78' lang='grc' dir='ltr'><em>καὶ</em></span> <span class='ocrx_word' id='word_1_880' title='bbox 3576 4269 3830 4339; x_wconf 67' lang='grc' dir='ltr'><em>τύμπανα.</em></span> 
     </span>
    </p>
   </div>
   <div class='ocr_carea' id='block_1_109' title="bbox 2182 4349 3835 4424">
    <p class='ocr_par' dir='ltr' id='par_1_109' title="bbox 2182 4349 3835 4424">
     <span class='ocr_line' id='line_1_109' title="bbox 2182 4349 3835 4424; baseline 0 -20"><span class='ocrx_word' id='word_1_881' title='bbox 2182 4350 2279 4404; x_wconf 79' lang='grc' dir='ltr'><em>καὶ</em></span> <span class='ocrx_word' id='word_1_882' title='bbox 2304 4349 2625 4422; x_wconf 89' lang='grc' dir='ltr'><em>κραιπάλαι,</em></span> <span class='ocrx_word' id='word_1_883' title='bbox 2658 4352 2753 4405; x_wconf 74' lang='grc' dir='ltr'><em>καὶ</em></span> <span class='ocrx_word' id='word_1_884' title='bbox 2775 4352 2976 4423; x_wconf 86' lang='grc' dir='ltr'><em>κῶμοι,</em></span> <span class='ocrx_word' id='word_1_885' title='bbox 2998 4357 3095 4407; x_wconf 73' lang='grc' dir='ltr'><em>καὶ</em></span> <span class='ocrx_word' id='word_1_886' title='bbox 3151 4351 3348 4424; x_wconf 74' lang='grc' dir='ltr'><em>μέθαις</em></span> <span class='ocrx_word' id='word_1_887' title='bbox 3391 4354 3490 4419; x_wconf 74' lang='grc' dir='ltr'><em>Τίς</em></span> <span class='ocrx_word' id='word_1_888' title='bbox 3514 4355 3632 4408; x_wconf 80' lang='grc' dir='ltr'><em>οὐκ</em></span> <span class='ocrx_word' id='word_1_889' title='bbox 3660 4351 3732 4407; x_wconf 81' lang='grc' dir='ltr'><em>ἂν</em></span> <span class='ocrx_word' id='word_1_890' title='bbox 3749 4350 3835 4404; x_wconf 77' lang='grc' dir='ltr'><em>σὺ·</em></span> 
     </span>
    </p>
   </div>
   <div class='ocr_carea' id='block_1_110' title="bbox 2182 4435 3834 4513">
    <p class='ocr_par' dir='ltr' id='par_1_110' title="bbox 2182 4435 3834 4513">
     <span class='ocr_line' id='line_1_110' title="bbox 2182 4435 3834 4513; baseline 0 -23"><span class='ocrx_word' id='word_1_891' title='bbox 2182 4438 2328 4502; x_wconf 87' lang='grc' dir='ltr'><em>τόθι,</em></span> <span class='ocrx_word' id='word_1_892' title='bbox 2370 4439 2523 4509; x_wconf 75' lang='grc' dir='ltr'><em>φησί,</em></span> <span class='ocrx_word' id='word_1_893' title='bbox 2561 4440 2753 4493; x_wconf 86' lang='grc' dir='ltr'><em>νόσον</em></span> <span class='ocrx_word' id='word_1_894' title='bbox 2780 4439 3134 4505; x_wconf 83' lang='grc' dir='ltr'><em>ἀπέδυ;·Τίς</em></span> <span class='ocrx_word' id='word_1_895' title='bbox 3161 4440 3263 4512; x_wconf 73' lang='grc' dir='ltr'><em>μὲν</em></span> <span class='ocrx_word' id='word_1_896' title='bbox 3299 4435 3393 4496; x_wconf 83' lang='grc' dir='ltr'><em>οὖν</em></span> <span class='ocrx_word' id='word_1_897' title='bbox 3436 4439 3550 4495; x_wconf 86' lang='grc' dir='ltr'><em>τῶν</em></span> <span class='ocrx_word' id='word_1_898' title='bbox 3603 4453 3834 4513; x_wconf 82' lang='grc' dir='ltr'><em>προσκει-</em></span> 
     </span>
    </p>
   </div>
   <div class='ocr_carea' id='block_1_111' title="bbox 2186 4524 3832 4600">
    <p class='ocr_par' dir='ltr' id='par_1_111' title="bbox 2186 4524 3832 4600">
     <span class='ocr_line' id='line_1_111' title="bbox 2186 4524 3832 4600; baseline 0 -23"><span class='ocrx_word' id='word_1_899' title='bbox 2186 4524 2362 4595; x_wconf 85' lang='grc' dir='ltr'><em>μένων</em></span> <span class='ocrx_word' id='word_1_900' title='bbox 2382 4541 2466 4578; x_wconf 91' lang='grc' dir='ltr'><em>σοι</em></span> <span class='ocrx_word' id='word_1_901' title='bbox 2492 4526 2591 4579; x_wconf 73' lang='grc' dir='ltr'><em>οὐκ</em></span> <span class='ocrx_word' id='word_1_902' title='bbox 2607 4527 2674 4580; x_wconf 89' lang='grc' dir='ltr'><em>ἂν</em></span> <span class='ocrx_word' id='word_1_903' title='bbox 2704 4526 2923 4594; x_wconf 81' lang='grc' dir='ltr'><em>ἐδέξατο</em></span> <span class='ocrx_word' id='word_1_904' title='bbox 2958 4527 3114 4583; x_wconf 90' lang='grc' dir='ltr'><em>νόσον</em></span> <span class='ocrx_word' id='word_1_905' title='bbox 3143 4528 3356 4593; x_wconf 79' lang='grc' dir='ltr'><em>αὐτόθι,</em></span> <span class='ocrx_word' id='word_1_906' title='bbox 3388 4528 3439 4581; x_wconf 87' lang='grc' dir='ltr'><em>εἰ</em></span> <span class='ocrx_word' id='word_1_907' title='bbox 3474 4527 3832 4600; x_wconf 78' lang='grc' dir='ltr'><em>καὶπρότερον</em></span> 
     </span>
    </p>
   </div>
   <div class='ocr_carea' id='block_1_112' title="bbox 2183 4612 3829 4687">
    <p class='ocr_par' dir='ltr' id='par_1_112' title="bbox 2183 4612 3829 4687">
     <span class='ocr_line' id='line_1_112' title="bbox 2183 4612 3829 4687; baseline 0.003 -22"><span class='ocrx_word' id='word_1_908' title='bbox 2183 4612 2441 4681; x_wconf 78' lang='grc' dir='ltr'><em>ὑγιαίνων</em></span> <span class='ocrx_word' id='word_1_909' title='bbox 2479 4612 2765 4684; x_wconf 86' lang='grc' dir='ltr'><em>ἐτύγχανε,</em></span> <span class='ocrx_word' id='word_1_910' title='bbox 2790 4615 2887 4669; x_wconf 70' lang='grc' dir='ltr'><em>καὶ</em></span> <span class='ocrx_word' id='word_1_911' title='bbox 2906 4616 3061 4669; x_wconf 91' lang='grc' dir='ltr'><em>νόσον</em></span> <span class='ocrx_word' id='word_1_912' title='bbox 3089 4615 3190 4687; x_wconf 80' lang='grc' dir='ltr'><em>τὴν</em></span> <span class='ocrx_word' id='word_1_913' title='bbox 3215 4614 3406 4669; x_wconf 86' lang='grc' dir='ltr'><em>πασῶν</em></span> <span class='ocrx_word' id='word_1_914' title='bbox 3436 4614 3829 4687; x_wconf 69' lang='grc' dir='ltr'><em>χαλεπωτάτηνς</em></span> 
     </span>
    </p>
   </div>
   <div class='ocr_carea' id='block_1_113' title="bbox 2195 4699 3831 4775">
    <p class='ocr_par' dir='ltr' id='par_1_113' title="bbox 2195 4699 3831 4775">
     <span class='ocr_line' id='line_1_113' title="bbox 2195 4699 3831 4775; baseline 0.002 -21"><span class='ocrx_word' id='word_1_915' title='bbox 2195 4699 2254 4754; x_wconf 88' lang='lat' dir='ltr'><em>&#39;U</em></span> <span class='ocrx_word' id='word_1_916' title='bbox 2291 4700 2401 4772; x_wconf 84' lang='grc' dir='ltr'><em>γάρ</em></span> <span class='ocrx_word' id='word_1_917' title='bbox 2435 4702 2528 4755; x_wconf 83' lang='grc' dir='ltr'><em>τὸν</em></span> <span class='ocrx_word' id='word_1_918' title='bbox 2559 4700 2791 4773; x_wconf 84' lang='grc' dir='ltr'><em>δαίμονα</em></span> <span class='ocrx_word' id='word_1_919' title='bbox 2826 4703 3172 4775; x_wconf 82' lang='grc' dir='ltr'><em>προσκυνῶν,</em></span> <span class='ocrx_word' id='word_1_920' title='bbox 3222 4704 3317 4758; x_wconf 79' lang='grc' dir='ltr'><em>καὶ</em></span> <span class='ocrx_word' id='word_1_921' title='bbox 3362 4703 3463 4774; x_wconf 85' lang='grc' dir='ltr'><em>τῆς</em></span> <span class='ocrx_word' id='word_1_922' title='bbox 3500 4704 3718 4774; x_wconf 84' lang='grc' dir='ltr'><em>Δάφνης</em></span> <span class='ocrx_word' id='word_1_923' title='bbox 3754 4700 3831 4769; x_wconf 73' lang='grc' dir='ltr'><em>τὴν</em></span> 
     </span>
    </p>
   </div>
   <div class='ocr_carea' id='block_1_114' title="bbox 2182 4788 3830 4864">
    <p class='ocr_par' dir='ltr' id='par_1_114' title="bbox 2182 4788 3830 4864">
     <span class='ocr_line' id='line_1_114' title="bbox 2182 4788 3830 4864; baseline 0.001 -22"><span class='ocrx_word' id='word_1_924' title='bbox 2182 4788 2437 4843; x_wconf 83' lang='grc' dir='ltr'><em>ὑπόθεσιν</em></span> <span class='ocrx_word' id='word_1_925' title='bbox 2483 4790 2718 4855; x_wconf 87' lang='grc' dir='ltr'><em>ἀκούων,</em></span> <span class='ocrx_word' id='word_1_926' title='bbox 2750 4791 2846 4845; x_wconf 76' lang='grc' dir='ltr'><em>καὶ</em></span> <span class='ocrx_word' id='word_1_927' title='bbox 2885 4791 2981 4845; x_wconf 85' lang='grc' dir='ltr'><em>τοῦ</em></span> <span class='ocrx_word' id='word_1_928' title='bbox 3032 4792 3157 4846; x_wconf 82' lang='grc' dir='ltr'><em>θεοῦ</em></span> <span class='ocrx_word' id='word_1_929' title='bbox 3204 4793 3305 4862; x_wconf 87' lang='grc' dir='ltr'><em>τὴν</em></span> <span class='ocrx_word' id='word_1_930' title='bbox 3362 4792 3561 4864; x_wconf 83' lang='grc' dir='ltr'><em>μανίαν</em></span> <span class='ocrx_word' id='word_1_931' title='bbox 3588 4788 3830 4855; x_wconf 81' lang='grc' dir='ltr'><em>τοσαύτην</em></span> 
     </span>
    </p>
   </div>
   <div class='ocr_carea' id='block_1_115' title="bbox 2180 4877 3827 4951">
    <p class='ocr_par' dir='ltr' id='par_1_115' title="bbox 2180 4877 3827 4951">
     <span class='ocr_line' id='line_1_115' title="bbox 2180 4877 3827 4951; baseline 0.001 -20"><span class='ocrx_word' id='word_1_932' title='bbox 2180 4877 2344 4949; x_wconf 87' lang='grc' dir='ltr'><em>ὁρῶν,</em></span> <span class='ocrx_word' id='word_1_933' title='bbox 2382 4878 2461 4941; x_wconf 85' lang='grc' dir='ltr'><em>ὼς</em></span> <span class='ocrx_word' id='word_1_934' title='bbox 2499 4878 2595 4931; x_wconf 84' lang='grc' dir='ltr'><em>καὶ</em></span> <span class='ocrx_word' id='word_1_935' title='bbox 2635 4879 3039 4951; x_wconf 83' lang='grc' dir='ltr'><em>καταποθείσης</em></span> <span class='ocrx_word' id='word_1_936' title='bbox 3087 4879 3187 4950; x_wconf 84' lang='grc' dir='ltr'><em>τῆς</em></span> <span class='ocrx_word' id='word_1_937' title='bbox 3215 4879 3503 4951; x_wconf 80' lang='grc' dir='ltr'><em>ἐρωμένης</em></span> <span class='ocrx_word' id='word_1_938' title='bbox 3545 4879 3630 4933; x_wconf 76' lang='grc' dir='ltr'><em>ἐτι</em></span> <span class='ocrx_word' id='word_1_939' title='bbox 3692 4890 3827 4947; x_wconf 72' lang='grc' dir='ltr'><em>προσ·</em></span> 
     </span>
    </p>
   </div>
   <div class='ocr_carea' id='block_1_116' title="bbox 2183 4961 3834 5038">
    <p class='ocr_par' dir='ltr' id='par_1_116' title="bbox 2183 4961 3834 5038">
     <span class='ocr_line' id='line_1_116' title="bbox 2183 4961 3834 5038; baseline -0.002 -20"><span class='ocrx_word' id='word_1_940' title='bbox 2183 4965 2434 5034; x_wconf 83' lang='grc' dir='ltr'><em>εδρεύειν</em></span> <span class='ocrx_word' id='word_1_941' title='bbox 2481 4965 2561 5037; x_wconf 83' lang='grc' dir='ltr'><em>τῷ</em></span> <span class='ocrx_word' id='word_1_942' title='bbox 2588 4966 2740 5038; x_wconf 84' lang='grc' dir='ltr'><em>τόπῳ</em></span> <span class='ocrx_word' id='word_1_943' title='bbox 2773 4968 2866 5020; x_wconf 75' lang='grc' dir='ltr'><em>καὶ</em></span> <span class='ocrx_word' id='word_1_944' title='bbox 2900 4966 2979 5037; x_wconf 82' lang='grc' dir='ltr'><em>τῷ</em></span> <span class='ocrx_word' id='word_1_945' title='bbox 3010 4966 3182 5037; x_wconf 80' lang='grc' dir='ltr'><em>φυτῷ,</em></span> <span class='ocrx_word' id='word_1_946' title='bbox 3214 4968 3388 5036; x_wconf 87' lang='grc' dir='ltr'><em>πόσην</em></span> <span class='ocrx_word' id='word_1_947' title='bbox 3419 4966 3634 5024; x_wconf 80' lang='grc' dir='ltr'><em>ἐκεῖθεν</em></span> <span class='ocrx_word' id='word_1_948' title='bbox 3678 4961 3834 5019; x_wconf 78' lang='grc' dir='ltr'><em>οὐκᾶν</em></span> 
     </span>
    </p>
   </div>
   <div class='ocr_carea' id='block_1_117' title="bbox 2181 5049 3831 5124">
    <p class='ocr_par' dir='ltr' id='par_1_117' title="bbox 2181 5049 3831 5124">
     <span class='ocr_line' id='line_1_117' title="bbox 2181 5049 3831 5124; baseline -0.001 -19"><span class='ocrx_word' id='word_1_949' title='bbox 2181 5052 2399 5117; x_wconf 85' lang='grc' dir='ltr'><em>ἐδέξατο</em></span> <span class='ocrx_word' id='word_1_950' title='bbox 2429 5053 2605 5122; x_wconf 85' lang='grc' dir='ltr'><em>φλόγα</em></span> <span class='ocrx_word' id='word_1_951' title='bbox 2641 5054 2867 5124; x_wconf 88' lang='grc' dir='ltr'><em>μανίας;</em></span> <span class='ocrx_word' id='word_1_952' title='bbox 2917 5053 3087 5107; x_wconf 85' lang='grc' dir='ltr'><em>πόσον</em></span> <span class='ocrx_word' id='word_1_953' title='bbox 3113 5053 3390 5124; x_wconf 73' lang='grc' dir='ltr'><em>χειμῶνας</em></span> <span class='ocrx_word' id='word_1_954' title='bbox 3413 5053 3580 5106; x_wconf 88' lang='grc' dir='ltr'><em>πόσον</em></span> <span class='ocrx_word' id='word_1_955' title='bbox 3600 5049 3831 5124; x_wconf 75' lang='grc' dir='ltr'><em>θόρυϐονς</em></span> 
     </span>
    </p>
   </div>
   <div class='ocr_carea' id='block_1_118' title="bbox 2183 5136 3835 5212">
    <p class='ocr_par' dir='ltr' id='par_1_118' title="bbox 2183 5136 3835 5212">
     <span class='ocr_line' id='line_1_118' title="bbox 2183 5136 3835 5212; baseline -0.002 -19"><span class='ocrx_word' id='word_1_956' title='bbox 2183 5140 2356 5212; x_wconf 85' lang='grc' dir='ltr'><em>πόσην</em></span> <span class='ocrx_word' id='word_1_957' title='bbox 2394 5142 2581 5207; x_wconf 79' lang='grc' dir='ltr'><em>νόσονς</em></span> <span class='ocrx_word' id='word_1_958' title='bbox 2612 5141 2781 5195; x_wconf 87' lang='grc' dir='ltr'><em>πόσον</em></span> <span class='ocrx_word' id='word_1_959' title='bbox 2826 5141 3033 5207; x_wconf 86' lang='grc' dir='ltr'><em>πάθος;</em></span> <span class='ocrx_word' id='word_1_960' title='bbox 3072 5139 3244 5194; x_wconf 82' lang='grc' dir='ltr'><em>Τοῦτο</em></span> <span class='ocrx_word' id='word_1_961' title='bbox 3282 5136 3379 5194; x_wconf 85' lang='grc' dir='ltr'><em>οὖν</em></span> <span class='ocrx_word' id='word_1_962' title='bbox 3412 5139 3736 5194; x_wconf 79' lang='grc' dir='ltr'><em>ἀνάπαυλαν</em></span> <span class='ocrx_word' id='word_1_963' title='bbox 3760 5152 3835 5190; x_wconf 75' lang='grc' dir='ltr'><em>κο-</em></span> 
     </span>
    </p>
   </div>
   <div class='ocr_carea' id='block_1_119' title="bbox 2179 5224 3834 5302">
    <p class='ocr_par' dir='ltr' id='par_1_119' title="bbox 2179 5224 3834 5302">
     <span class='ocr_line' id='line_1_119' title="bbox 2179 5224 3834 5302; baseline 0 -20"><span class='ocrx_word' id='word_1_964' title='bbox 2179 5229 2292 5293; x_wconf 85' lang='grc' dir='ltr'><em>λεῖς</em></span> <span class='ocrx_word' id='word_1_965' title='bbox 2317 5228 2516 5301; x_wconf 74' lang='grc' dir='ltr'><em>ψυχῆς,</em></span> <span class='ocrx_word' id='word_1_966' title='bbox 2548 5230 2646 5285; x_wconf 79' lang='grc' dir='ltr'><em>καὶ</em></span> <span class='ocrx_word' id='word_1_967' title='bbox 2683 5229 2882 5302; x_wconf 86' lang='grc' dir='ltr'><em>λιμένα</em></span> <span class='ocrx_word' id='word_1_968' title='bbox 2910 5229 3228 5301; x_wconf 86' lang='grc' dir='ltr'><em>ἀκύμαντον</em></span> <span class='ocrx_word' id='word_1_969' title='bbox 3249 5245 3265 5295; x_wconf 86' lang='grc'>;</span> <span class='ocrx_word' id='word_1_970' title='bbox 3290 5227 3451 5283; x_wconf 80' lang='grc' dir='ltr'><em>τοῦτο</em></span> <span class='ocrx_word' id='word_1_971' title='bbox 3486 5228 3661 5283; x_wconf 85' lang='grc' dir='ltr'><em>νόσων</em></span> <span class='ocrx_word' id='word_1_972' title='bbox 3686 5224 3834 5282; x_wconf 80' lang='grc' dir='ltr'><em>ἀπαλ-</em></span> 
     </span>
    </p>
   </div>
   <div class='ocr_carea' id='block_1_120' title="bbox 2179 5312 3834 5390">
    <p class='ocr_par' dir='ltr' id='par_1_120' title="bbox 2179 5312 3834 5390">
     <span class='ocr_line' id='line_1_120' title="bbox 2179 5312 3834 5390; baseline 0.001 -20"><span class='ocrx_word' id='word_1_973' title='bbox 2179 5316 2383 5389; x_wconf 85' lang='grc' dir='ltr'><em>λαγήν;</em></span> <span class='ocrx_word' id='word_1_974' title='bbox 2422 5318 2536 5373; x_wconf 72' lang='grc' dir='ltr'><em>Καὶ</em></span> <span class='ocrx_word' id='word_1_975' title='bbox 2557 5317 2610 5371; x_wconf 91' lang='grc' dir='ltr'><em>τί</em></span> <span class='ocrx_word' id='word_1_976' title='bbox 2650 5315 2969 5390; x_wconf 83' lang='grc' dir='ltr'><em>θαυμαστὸν</em></span> <span class='ocrx_word' id='word_1_977' title='bbox 2990 5320 3038 5371; x_wconf 90' lang='grc' dir='ltr'><em>εἰ</em></span> <span class='ocrx_word' id='word_1_978' title='bbox 3070 5318 3140 5371; x_wconf 85' lang='grc' dir='ltr'><em>τὰ</em></span> <span class='ocrx_word' id='word_1_979' title='bbox 3168 5316 3391 5371; x_wconf 81' lang='grc' dir='ltr'><em>ἐναντία</em></span> <span class='ocrx_word' id='word_1_980' title='bbox 3438 5317 3555 5380; x_wconf 85' lang='grc' dir='ltr'><em>τοῖς</em></span> <span class='ocrx_word' id='word_1_981' title='bbox 3596 5312 3834 5371; x_wconf 75' lang='grc' dir='ltr'><em>ἐναντίως</em></span> 
     </span>
    </p>
   </div>
   <div class='ocr_carea' id='block_1_121' title="bbox 2177 5397 3834 5478">
    <p class='ocr_par' dir='ltr' id='par_1_121' title="bbox 2177 5397 3834 5478">
     <span class='ocr_line' id='line_1_121' title="bbox 2177 5397 3834 5478; baseline -0.001 -18"><span class='ocrx_word' id='word_1_982' title='bbox 2177 5406 2418 5474; x_wconf 82' lang='grc' dir='ltr'><em>τίθεσαι;</em></span> <span class='ocrx_word' id='word_1_983' title='bbox 2449 5405 2559 5460; x_wconf 74' lang='grc' dir='ltr'><em>Καὶ</em></span> <span class='ocrx_word' id='word_1_984' title='bbox 2585 5404 2695 5478; x_wconf 86' lang='grc' dir='ltr'><em>γὰρ</em></span> <span class='ocrx_word' id='word_1_985' title='bbox 2714 5406 2764 5459; x_wconf 89' lang='grc' dir='ltr'><em>οἰ</em></span> <span class='ocrx_word' id='word_1_986' title='bbox 2793 5406 3108 5477; x_wconf 86' lang='grc' dir='ltr'><em>μαινόμενοι</em></span> <span class='ocrx_word' id='word_1_987' title='bbox 3131 5404 3242 5458; x_wconf 86' lang='grc' dir='ltr'><em>τῶν</em></span> <span class='ocrx_word' id='word_1_988' title='bbox 3271 5402 3622 5476; x_wconf 86' lang='grc' dir='ltr'><em>πραγμάτων</em></span> <span class='ocrx_word' id='word_1_989' title='bbox 3651 5397 3834 5458; x_wconf 69' lang='grc' dir='ltr'><em>οὐδενὸς</em></span> 
     </span>
    </p>
   </div>
   <div class='ocr_carea' id='block_1_122' title="bbox 2179 5480 3832 5564">
    <p class='ocr_par' dir='ltr' id='par_1_122' title="bbox 2179 5480 3832 5564">
     <span class='ocr_line' id='line_1_122' title="bbox 2179 5480 3832 5564; baseline -0.007 -17"><span class='ocrx_word' id='word_1_990' title='bbox 2179 5492 2255 5558; x_wconf 84' lang='grc' dir='ltr'><em>ὡς</em></span> <span class='ocrx_word' id='word_1_991' title='bbox 2310 5492 2425 5564; x_wconf 78' lang='grc' dir='ltr'><em>ἔχει</em></span> <span class='ocrx_word' id='word_1_992' title='bbox 2477 5493 2693 5562; x_wconf 87' lang='grc' dir='ltr'><em>φύσεως</em></span> <span class='ocrx_word' id='word_1_993' title='bbox 2718 5491 3086 5557; x_wconf 80' lang='grc' dir='ltr'><em>αἰσθάνονται,</em></span> <span class='ocrx_word' id='word_1_994' title='bbox 3133 5489 3270 5545; x_wconf 88' lang='grc' dir='ltr'><em>άλλά</em></span> <span class='ocrx_word' id='word_1_995' title='bbox 3313 5489 3567 5554; x_wconf 75' lang='grc' dir='ltr'><em>ἐναντίας</em></span> <span class='ocrx_word' id='word_1_996' title='bbox 3594 5491 3709 5554; x_wconf 85' lang='grc' dir='ltr'><em>τοῖς</em></span> <span class='ocrx_word' id='word_1_997' title='bbox 3736 5480 3832 5539; x_wconf 80' lang='grc' dir='ltr'><em>οὖσι</em></span> 
     </span>
    </p>
   </div>
   <div class='ocr_carea' id='block_1_123' title="bbox 2178 5570 3832 5653">
    <p class='ocr_par' dir='ltr' id='par_1_123' title="bbox 2178 5570 3832 5653">
     <span class='ocr_line' id='line_1_123' title="bbox 2178 5570 3832 5653; baseline -0.005 -18"><span class='ocrx_word' id='word_1_998' title='bbox 2178 5580 2277 5643; x_wconf 81' lang='grc' dir='ltr'><em>τὰς</em></span> <span class='ocrx_word' id='word_1_999' title='bbox 2318 5580 2534 5653; x_wconf 83' lang='grc' dir='ltr'><em>ψήφους</em></span> <span class='ocrx_word' id='word_1_1000' title='bbox 2560 5580 2903 5650; x_wconf 79' lang='grc' dir='ltr'><em>ἐκφέρουσιν.</em></span> <span class='ocrx_word' id='word_1_1001' title='bbox 2944 5579 3234 5648; x_wconf 77' lang='grc' dir='ltr'><em>Ὀλύμπια</em></span> <span class='ocrx_word' id='word_1_1002' title='bbox 3256 5576 3377 5648; x_wconf 82' lang='grc' dir='ltr'><em>μὲν</em></span> <span class='ocrx_word' id='word_1_1003' title='bbox 3404 5578 3480 5632; x_wconf 83' lang='grc' dir='ltr'><em>οὐ</em></span> <span class='ocrx_word' id='word_1_1004' title='bbox 3522 5576 3691 5646; x_wconf 77' lang='grc' dir='ltr'><em>μάλα</em></span> <span class='ocrx_word' id='word_1_1005' title='bbox 3721 5570 3832 5638; x_wconf 69' lang='grc' dir='ltr'><em>παῤ-</em></span> 
     </span>
    </p>
   </div>
   <div class='ocr_carea' id='block_1_124' title="bbox 2172 5661 3829 5740">
    <p class='ocr_par' dir='ltr' id='par_1_124' title="bbox 2172 5661 3829 5740">
     <span class='ocr_line' id='line_1_124' title="bbox 2172 5661 3829 5740; baseline -0.001 -18"><span class='ocrx_word' id='word_1_1006' title='bbox 2172 5669 2259 5738; x_wconf 73' lang='grc' dir='ltr'><em>ρω</em></span> <span class='ocrx_word' id='word_1_1007' title='bbox 2278 5684 2291 5699; x_wconf 89' lang='grc'><strong>·</strong></span> <span class='ocrx_word' id='word_1_1008' title='bbox 2330 5668 2495 5722; x_wconf 86' lang='grc' dir='ltr'><em>πάλιν</em></span> <span class='ocrx_word' id='word_1_1009' title='bbox 2541 5668 2651 5740; x_wconf 83' lang='grc' dir='ltr'><em>γὰρ</em></span> <span class='ocrx_word' id='word_1_1010' title='bbox 2677 5669 2763 5722; x_wconf 77' lang='grc' dir='ltr'><em>ἐπὶ</em></span> <span class='ocrx_word' id='word_1_1011' title='bbox 2794 5668 2884 5722; x_wconf 79' lang='grc' dir='ltr'><em>τὸν</em></span> <span class='ocrx_word' id='word_1_1012' title='bbox 2921 5667 3120 5737; x_wconf 81' lang='grc' dir='ltr'><em>θρῆνον</em></span> <span class='ocrx_word' id='word_1_1013' title='bbox 3144 5664 3441 5738; x_wconf 87' lang='grc' dir='ltr'><em>ἐλεύσομαι</em></span> <span class='ocrx_word' id='word_1_1014' title='bbox 3485 5665 3700 5730; x_wconf 79' lang='grc' dir='ltr'><em>δεικνὺς</em></span> <span class='ocrx_word' id='word_1_1015' title='bbox 3723 5661 3829 5729; x_wconf 72' lang='grc' dir='ltr'><em>ὅστΓ</em></span> 
     </span>
    </p>
   </div>
   <div class='ocr_carea' id='block_1_125' title="bbox 2249 5871 3213 5937">
    <p class='ocr_par' dir='ltr' id='par_1_125' title="bbox 2249 5871 3213 5937">
     <span class='ocr_line' id='line_1_125' title="bbox 2249 5871 3213 5937; baseline -0.006 -11"><span class='ocrx_word' id='word_1_1016' title='bbox 2249 5877 2271 5907; x_wconf 75' lang='grc'><strong><em>⁸</em></strong></span> <span class='ocrx_word' id='word_1_1017' title='bbox 2296 5875 2391 5926; x_wconf 77' lang='lat' dir='ltr'><em>Alii</em></span> <span class='ocrx_word' id='word_1_1018' title='bbox 2409 5877 2494 5935; x_wconf 84' lang='grc' dir='ltr'><em>τήν</em></span> <span class='ocrx_word' id='word_1_1019' title='bbox 2518 5876 2613 5925; x_wconf 81' lang='grc' dir='ltr'><em>τῶν</em></span> <span class='ocrx_word' id='word_1_1020' title='bbox 2629 5875 2885 5931; x_wconf 82' lang='grc' dir='ltr'><em>ἀνθρώπων</em></span> <span class='ocrx_word' id='word_1_1021' title='bbox 2904 5871 3213 5937; x_wconf 76' lang='grc' dir='ltr'><em>κηδεμονίαν.</em></span> 
     </span>
    </p>
   </div>
  </div>
