3876 6286
191 409 286 466 561
578 401 580 405 ’
972 408 1061 462 DE
1100 409 1156 464 S.
1202 407 1497 473 BAIlYLA,
1537 405 1808 463 CONTRA
1850 405 2189 461 JULIANUM
2229 404 2319 460 ΕΤ
2361 404 2720 460 GENTILES.

187 538 358 575 sereno
385 529 642 590 tempore,
670 535 786 573 cum
815 516 965 573 nubes
1009 520 1331 591 pra'tcriisset
1351 561 1364 580 .
1394 517 1643 590 defectum
1681 525 1775 569 est.

186 613 394 667 Nubem
443 619 497 666 et
540 611 794 666 diluvium
837 623 990 664 vocat
1043 609 1392 679 prmcedeutis
1439 607 1782 677 Imperatoris

186 712 418 773 tempus.
450 701 655 756 Rursus
685 701 896 771 paulum
931 716 1243 772 progressus
1271 700 1374 754 hoc
1415 700 1586 769 ipsum
1627 713 1777 752 ama-

185 793 448 848 rulentius
490 793 736 862 deplorat
772 793 854 847 his
903 793 1118 847 verbis:
1151 791 1346 845 Deinde
1383 807 1494 844 cum
1536 805 1641 844 arce
1680 799 1782 843 tua:

185 886 482 956 sanguinem
523 886 742 948 sitirent,
787 884 1071 954 neglectus,
1101 901 1130 937 ο
1157 884 1368 954 Apollo,
1415 882 1621 936 sedulus
1665 881 1779 936 Da-

190 979 348 1045 phnes
388 986 554 1030 custos
591 977 863 1039 monebas;
904 976 1180 1045 aliquando
1207 977 1357 1031 etiam
1403 975 1666 1030 lacessitus
1694 984 1775 1028 at-

185 1085 285 1138 que
308 1078 512 1123 externo
537 1068 784 1138 spoliatus
813 1078 995 1120 ornatu
1025 1069 1270 1135 patienter
1299 1066 1457 1120 tulisti
1486 1083 1505 1120 :
1533 1083 1664 1120 nunc
1689 1083 1780 1119 au-

187 1171 289 1214 tem
315 1171 384 1213 tot
407 1159 576 1212 ovibus
601 1158 854 1222 bobusque
879 1159 1125 1223 mactatis,
1149 1175 1204 1212 os
1224 1157 1556 1230 Imperatoris
1579 1175 1780 1212 sacrum

191 1252 318 1321 pede
341 1251 610 1320 excepisti,
643 1251 854 1304 intuitus
883 1266 1027 1320 quem
1072 1250 1376 1320 prtedicebas
1395 1292 1410 1316 ,
1435 1251 1570 1303 uisus
1597 1252 1659 1302 ab
1683 1265 1741 1302 eo
1759 1289 1775 1312 ,

188 1358 335 1413 quem
377 1343 805 1414 promuntiaveras
824 1383 837 1405 ,
870 1343 1006 1396 malo
1058 1342 1220 1396 vicino
1275 1342 1537 1408 liberatus,
1580 1351 1778 1393 mortuo

189 1434 409 1504 quodam
439 1450 642 1505 nempe,
676 1435 760 1505 qui
787 1433 875 1486 tibi
905 1432 1189 1487 molestiam
1230 1433 1431 1487 creabat
1473 1473 1488 1498 ,
1512 1447 1576 1487 ea:
1615 1432 1778 1485 medio

189 1525 328 1579 cultu
366 1525 616 1579 exsiliisti.
656 1523 922 1580 Undenam
951 1524 1087 1578 ultra
1125 1523 1453 1594 gloriabimur
1480 1523 1620 1592 apud
1646 1523 1778 1575 uiros

189 1634 452 1671 sacrorum
481 1628 862 1682 statuarumque
883 1627 1084 1671 tuarum
1108 1632 1349 1670 memores
1367 1617 1394 1668 Ρ
1419 1615 1554 1682 Quid
1579 1616 1678 1678 ais,
1707 1615 1780 1668 lu-

188 1708 373 1776 gubris
416 1707 769 1763 dectntator?
796 1707 942 1763 Itane
980 1707 1300 1764 contumelia
1331 1718 1386 1761 et
1424 1706 1614 1775 injuria
1645 1705 1776 1761 alic-

191 1808 313 1855 ctus
337 1810 477 1855 tutus
508 1803 704 1856 mansit
732 1801 980 1871 Daphnes
1003 1811 1219 1866 custos;
1253 1816 1374 1854 cum
1404 1809 1577 1854 autem
1606 1797 1780 1853 honor

194 1894 294 1963 ipsi
339 1903 498 1965 atque
545 1895 720 1950 cultus
769 1895 1118 1961 redderetur,
1152 1909 1219 1949 ne
1269 1895 1519 1964 templum
1564 1891 1775 1963 quidem

189 1999 346 2038 suum
373 1999 594 2040 servare
623 1986 790 2055 potuit
814 2002 828 2052 ;
861 1986 1155 2056 praesertim
1182 1999 1304 2038 cum
1331 1985 1512 2049 sciret,
1541 1983 1778 2051 collapso

193 2073 317 2138 illo,
348 2075 606 2143 majorem
652 2076 752 2129 sibi
791 2075 1134 2144 ignominiam
1169 2075 1399 2129 futuram
1441 2073 1602 2128 esse?
1648 2072 1779 2140 Quis

189 2176 368 2220 autem
399 2167 490 2220 ille
513 2176 773 2232 mortuus,
800 2181 833 2221 ο
859 2166 1118 2236 SOphista,
1142 2166 1230 2235 qui
1256 2165 1358 2218 deo
1384 2164 1458 2218 illi
1481 2164 1776 2219 molesuam

188 2257 452 2310 creabat?
477 2273 642 2328 ecqua
670 2259 758 2312 illa
786 2258 923 2312 mala
955 2257 1237 2312 vicinitas?
1265 2256 1362 2310 Hic
1391 2255 1531 2310 enim
1559 2255 1611 2309 in
1639 2255 1778 2310 beati

192 2347 406 2418 Babylaa
429 2349 652 2406 virtutes
675 2366 795 2406 cum
823 2350 1115 2416 incidisset,
1147 2364 1247 2404 nec
1277 2349 1617 2418 ignominiam
1641 2362 1780 2418 prae-

192 2439 355 2494 terire
382 2450 582 2510 posset,
607 2457 724 2496 eam
751 2457 859 2510 pra:
879 2442 1084 2511 pudore
1104 2457 1162 2496 se
1189 2441 1463 2496 occultans
1490 2440 1775 2507 praeteriit:

195 2539 422 2585 testatus
451 2541 627 2588 autem
667 2533 965 2589 daemonem
994 2550 1026 2588 a
1055 2543 1288 2605 martyre
1330 2533 1572 2587 molestia
1620 2541 1779 2601 atque

191 2639 431 2678 :erumna
470 2625 715 2680 allectum
753 2626 916 2681 fuisse
937 2668 951 2692 ,
981 2641 1081 2682 nec
1122 2626 1377 2694 adjiciens
1398 2666 1414 2689 ,
1440 2625 1737 2680 daemonem
1759 2664 1774 2688 ,

190 2730 314 2768 cum
361 2715 566 2770 cladem
615 2731 765 2770 suam
820 2724 1000 2787 tegere
1044 2717 1242 2778 vellet,
1273 2717 1442 2786 magis
1486 2716 1630 2769 illam
1681 2715 1779 2769 de-

193 2806 392 2860 texisse
411 2848 425 2872 ,
456 2806 770 2876 simpliciter
791 2807 944 2875 dixit,
975 2823 1005 2862 a
1036 2809 1171 2862 mala
1195 2809 1467 2862 vicinitate
1495 2807 1778 2861 liberatum

190 2912 341 2951 esse.
367 2895 473 2952 Cur
504 2915 608 2952 non
639 2898 806 2965 dicis,
837 2915 870 2954 ο
900 2901 1216 2969 sapientium
1250 2901 1632 2970 nugacissime,
1661 2900 1782 2970 quis

193 2987 289 3044 ille
317 2999 558 3045 mortuus
584 3003 761 3057 esset,
793 3000 848 3047 et
875 3007 1037 3062 quare
1065 2993 1212 3048 solus
1240 2991 1343 3048 deo
1366 3001 1456 3048 tuo
1483 2992 1780 3047 molestiam

191 3082 443 3136 crearet?
470 3082 642 3151 Quare
687 3085 1010 3139 vicinitatem
1057 3085 1200 3139 illam
1232 3086 1426 3139 malam
1465 3083 1671 3140 vocas?
1711 3099 1778 3138 an

193 3172 318 3240 quia
349 3173 604 3228 damonis
640 3176 874 3230 fraudem
924 3176 1211 3246 arguebat?
1240 3177 1396 3246 Atqui
1441 3175 1492 3230 id
1533 3191 1637 3230 non
1664 3182 1783 3230 erat

193 3264 352 3317 mala:
379 3264 662 3319 vicinitatis
709 3283 877 3336 Opus;
919 3267 1366 3336 quemadmodum
1409 3284 1509 3324 nec
1542 3268 1778 3335 mortui,

195 3354 290 3408 sed
320 3355 562 3422 viventis,
587 3359 857 3426 operantis
881 3400 895 3422 ,
928 3357 1109 3428 probi,
1137 3358 1519 3426 patrocinantis
1548 3369 1602 3413 et
1627 3375 1782 3414 cura-

195 3444 330 3497 toris
353 3483 369 3508 ,
403 3456 564 3516 atque
589 3448 765 3500 omnia
804 3463 902 3516 pro
922 3448 1095 3503 salute
1121 3457 1295 3503 vestra
1321 3451 1522 3518 agentis
1544 3490 1557 3513 ,
1591 3451 1634 3506 si
1662 3450 1780 3520 qui-

195 3533 320 3587 dem
351 3536 672 3592 voluissetis.
706 3537 913 3593 Etenim
942 3554 1010 3594 ne
1047 3540 1195 3594 vobis
1227 3540 1446 3594 ulterius
1473 3540 1658 3596 liceret
1686 3555 1781 3596 vos

195 3625 346 3694 ipsos
377 3628 627 3698 decipere
653 3645 716 3686 ac
741 3631 921 3687 dicere
962 3633 1136 3702 ipsum
1181 3634 1406 3699 iratum,
1439 3645 1490 3688 et
1518 3635 1588 3688 ob
1617 3635 1781 3689 inter-

196 3718 361 3771 missa
389 3719 647 3776 sacrificia
686 3724 1130 3791 expostulantem,
1153 3724 1326 3795 deque
1350 3725 1556 3795 reliquo
1586 3724 1782 3794 pariter

195 3809 399 3866 omisso
425 3813 569 3868 cultu
597 3825 1012 3885 conquerentem
1033 3859 1048 3883 ,
1079 3819 1220 3874 ultro
1253 3820 1576 3874 abscessisse
1611 3838 1624 3874 :
1659 3821 1779 3875 ideo

192 3913 402 3973 martyr
425 3919 550 3962 eum
588 3920 657 3960 ex
705 3907 820 3962 loco
861 3924 1078 3978 prorsus
1125 3911 1316 3979 ejecit,
1348 3911 1435 3982 qui
1484 3913 1630 3966 locus
1679 3913 1779 3981 ipsi

195 3993 428 4048 maxime
453 3997 690 4051 omnium
718 4007 898 4067 gratus
923 4010 1037 4056 erat
1055 4042 1069 4064 ,
1103 4017 1367 4071 quemque
1396 4003 1514 4056 aliis
1549 4003 1680 4058 locis
1706 4004 1780 4058 ita

193 4085 560 4153 anteferebat,
587 4099 647 4146 ut
671 4092 754 4146 vel
781 4092 1128 4147 inhonoratus
1159 4095 1227 4148 ibi
1269 4095 1542 4151 insideret.
1571 4095 1700 4149 Nam
1727 4095 1779 4149 id

195 4187 252 4232 tu
298 4193 510 4248 quoque
555 4181 733 4237 dicere
769 4184 1086 4252 praevenisti
1117 4202 1130 4236 :
1162 4187 1320 4254 Atque
1365 4186 1460 4240 hoc
1495 4187 1606 4254 ipso
1649 4197 1778 4240 tem-

193 4287 336 4342 pore,
363 4289 462 4342 quo
485 4274 671 4328 multas
706 4276 806 4344 ipsi
848 4291 960 4330 oves
985 4287 1034 4330 et
1071 4278 1256 4332 multos
1301 4278 1446 4332 boves
1488 4279 1779 4332 immolabat

191 4361 484 4434 Imperator
510 4364 735 4436 (Libanii
765 4367 930 4439 verba)
958 4385 969 4422 :
1003 4379 1062 4423 ut
1090 4369 1262 4440 palam
1292 4370 1360 4423 sit
1386 4370 1734 4440 undequaque
1759 4411 1774 4437 ,

191 4454 368 4524 ipsum
412 4466 654 4511 coactum
695 4459 1000 4529 maioreque
1025 4460 1074 4514 vi
1118 4461 1324 4530 pulsum
1357 4461 1609 4530 Daphnen
1650 4462 1778 4516 reli-

191 4546 395 4616 quisse.
426 4548 689 4604 Potutsset
711 4551 924 4620 quidem
959 4551 1185 4623 Babylas
1223 4553 1304 4607 vel
1333 4563 1581 4608 manente
1607 4562 1778 4609 statua

190 4639 366 4709 ipsmn
399 4641 514 4696 loco
543 4644 778 4713 pellere;
811 4653 864 4698 at
895 4661 988 4700 vos
1019 4662 1125 4700 non
1167 4646 1559 4711 credidissetis,
1593 4663 1778 4717 quem-

158 4730 476 4786 .admodum
520 4749 690 4804 neque
733 4736 896 4801 olim,
941 4752 1061 4791 cum
1111 4739 1177 4792 ab
1218 4753 1284 4793 eo
1315 4739 1522 4794 vinctus
1552 4739 1773 4806 fuisset,

186 4837 393 4893 vosque
439 4827 652 4881 assiduo
714 4830 856 4883 cultu
904 4829 1195 4885 iustaretis.
1245 4831 1600 4898 Quamobrem
1655 4849 1776 4888 cum

187 4915 338 4984 prius
363 4916 706 4975 simulacrum
746 4931 887 4976 stare
929 4922 1294 4991 permisisset,
1323 4933 1447 4981 tunc
1477 4925 1602 4979 illud
1629 4925 1778 4994 deje-

185 5010 306 5074 cit,
359 5025 478 5065 cum
536 5014 766 5070 maxime
816 5015 1028 5070 ﬂamma
1083 5019 1368 5088 impietatis
1424 5033 1776 5091 exsurgeret,

185 5101 482 5158 ostendens
521 5105 780 5161 victorem
828 5117 936 5162 tum
970 5108 1180 5164 vincere
1209 5121 1490 5179 oportere,
1523 5127 1630 5165 non
1658 5125 1777 5166 cum

185 5193 374 5247 amicti
399 5209 462 5250 ac
483 5195 743 5264 depressi,
771 5198 865 5253 sed
894 5211 1014 5256 cum
1037 5201 1291 5256 ﬂorentes
1317 5211 1474 5270 atque
1499 5203 1623 5256 elati
1653 5212 1779 5257 sunt

185 5286 503 5342 adversarii.
535 5284 644 5344 Cur
673 5291 836 5354 enim,
867 5302 988 5346 cum
1020 5291 1272 5363 Daphnen
1305 5301 1776 5362 transportaretur,

182 5373 504 5447 Imperatori
531 5395 590 5434 se
613 5380 949 5438 transferenti
984 5395 1088 5438 non
1119 5383 1416 5452 mandavit,
1441 5392 1498 5438 ut
1524 5383 1777 5452 templum

180 5467 430 5524 dirueret
465 5485 528 5526 ac
556 5481 784 5526 statuam
833 5471 1143 5540 transferret
1170 5515 1186 5540 ,
1220 5484 1278 5528 ut
1306 5489 1518 5544 capsum
1553 5473 1781 5529 transfe-

180 5559 379 5615 rebat?
405 5559 538 5630 Quia
567 5563 814 5620 nimirum
850 5564 981 5619 nihil
1029 5565 1098 5619 ab
1125 5565 1212 5621 illa
1246 5565 1537 5622 hedebatur
1560 5609 1574 5631 ,
1605 5580 1779 5634 neque

178 5653 390 5707 carnali
418 5653 608 5725 egebat
629 5655 865 5721 auxilio;
899 5656 991 5711 sed
1018 5665 1072 5711 et
1101 5664 1225 5712 tunc
1261 5668 1316 5711 et
1352 5670 1499 5711 nunc
1537 5657 1650 5710 siue
1681 5655 1779 5710 lm-

179 5758 342 5798 tnana
377 5760 538 5798 manu
566 5747 778 5818 dejecit.
807 5749 872 5803 Et
901 5749 1122 5818 primam
1149 5749 1362 5819 quidem
1390 5748 1478 5803 ille
1504 5747 1776 5803 victi-riam

177 5848 290 5891 non
340 5837 632 5894 declaravit
671 5840 865 5908 nobis;
905 5840 998 5898 sed
1026 5856 1147 5898 cum
1191 5841 1267 5897 illi
1300 5855 1363 5898 os
1391 5837 1773 5907 obstrinxisset.

3365 410 3470 465 66?.

1886 515 2106 584 quievit.
2137 515 2449 585 Hujusmodi
2481 525 2605 570 sunt
2647 517 2815 571 sancti
2852 535 2866 571 :
2899 532 2961 572 ea
3004 518 3213 585 solum,
3242 535 3361 588 qua:
3409 521 3471 576 ad

1888 605 2162 661 Itoniiinum
2185 608 2411 662 salutem
2441 617 2702 677 spectant,
2733 609 2917 676 perlici
2943 609 3147 675 volunt,
3173 626 3270 666 nec
3295 621 3472 665 tamen

1886 697 2067 750 multis
2094 697 2207 753 haec
2235 712 2328 752 sua
2354 713 2473 753 esse
2497 714 2659 769 opera
2693 699 2973 762 declarari,
3005 701 3103 755 nisi
3136 711 3358 771 urgente
3384 718 3476 756 ue-

1883 789 2160 854 cessitate;
2193 790 2562 844 necessitatem
2597 805 2754 858 porro
2780 806 2915 845 voco
2945 792 3326 868 servandorum
3372 795 3468 846 ho.

1886 882 2087 936 minum
2117 881 2340 936 salutem
2371 901 2384 942 :
2415 882 2556 951 quod
2587 892 2642 937 et
2682 893 2807 938 tunc
2846 884 3040 938 factum
3077 867 3181 940 est.
3211 884 3471 951 Quoniam

1885 974 2027 1026 enim
2059 971 2260 1026 fraudis
2285 975 2422 1027 mala
2453 973 2608 1028 latius
2634 976 2949 1044 serpebant,
2981 985 3106 1030 tunc
3133 975 3347 1030 demum
3375 992 3470 1032 no-

1886 1062 1966 1115 bis
2008 1061 2228 1116 victoria
2257 1062 2526 1117 rcvelatur
2554 1080 2567 1116 :
2601 1074 2655 1118 et
2681 1064 2893 1133 quidem
2925 1080 3029 1119 non
3058 1082 3087 1120 a
3114 1066 3313 1121 victore
3336 1108 3350 1131 ,
3377 1068 3469 1120 sed

1883 1155 1951 1208 ab
1976 1153 2090 1224 ipso
2115 1155 2274 1209 victo.
2307 1155 2419 1208 Hoc
2458 1165 2638 1210 autem
2668 1156 2830 1212 modo
2860 1157 3220 1212 testimonium
3251 1173 3318 1213 ne
3345 1158 3471 1227 ipsis

1883 1249 2097 1320 quidem
2128 1250 2370 1304 hostibus
2409 1260 2713 1319 suspectmn
2755 1261 3043 1316 erat,cum
3089 1261 3306 1307 sanctus
3342 1252 3432 1305 ille
3455 1294 3469 1314 ,

1878 1341 1964 1395 vel
1997 1351 2217 1411 urgente
2241 1340 2560 1396 necessitate
2584 1382 2600 1408 ,
2630 1357 2748 1412 quae
2772 1341 2838 1397 ad
2863 1357 2921 1398 se
2942 1345 3250 1412 spectabant
3274 1343 3468 1414 ιιι-ωιὶὶ-

1881 1447 2006 1487 care
2036 1441 2321 1488 renueret:
2354 1443 2407 1488 at
2437 1449 2563 1489 vero
2591 1451 2712 1489 cum
2740 1451 2807 1490 ne
2834 1435 2911 1490 sic
2936 1437 3150 1506 quidem
3178 1453 3330 1493 error
3357 1452 3472 1492 ces-

1881 1532 2058 1590 saret,
2087 1521 2179 1576 sed
2210 1538 2397 1578 rursus
2428 1524 2689 1579 instarent
2718 1526 2813 1590 illi,
2846 1527 2926 1581 vel
2966 1524 3109 1581 saxis
3148 1528 3276 1599 ipsis
3302 1528 3471 1600 stupi-

1880 1614 2059 1670 diores
2079 1657 2094 1678 ,
2124 1614 2392 1669 devictum
2421 1614 2720 1671 diemonem
2768 1615 3148 1686 implorantes,
3177 1627 3231 1672 et
3273 1617 3338 1671 ad
3366 1626 3470 1671 tam

1881 1718 2120 1777 apertam
2144 1709 2421 1762 veritatem
2462 1709 2836 1775 caecutientes,
2877 1718 3001 1764 tunc
3031 1723 3252 1764 necesse
3281 1707 3377 1763 fuit
3419 1710 3471 1763 in

1882 1811 2107 1853 statuam
2135 1799 2310 1869 ignem
2333 1798 2578 1869 iaculari,
2609 1797 3046 1854 uthocinceudio
3071 1799 3317 1867 alterum,
3349 1799 3468 1854 ido-

1882 1891 2107 1945 lolatrire
2130 1907 2341 1962 nempe,
2373 1891 2676 1947 incendium
2705 1893 3153 1963 cxstiugueretur.

1953 1985 2039 2039 19.
2069 1983 2178 2039 Cur
2205 2000 2332 2053 ergo
2359 1985 2658 2040 dmmonem
2686 1985 2988 2040 criminaris
3025 1985 3230 2051 dicens,
3265 1985 3341 2040 De
3368 2003 3473 2041 me-

1882 2076 1966 2130 dio
1990 2076 2130 2131 cultu
2177 2085 2224 2129 te
2255 2076 2587 2131 subtraxisti?
2613 2075 2726 2130 Non
2761 2076 2931 2131 libens
2957 2091 3014 2132 se
3055 2077 3339 2145 subtraxit,
3380 2078 3472 2133 sed

1883 2171 2076 2224 invitus
2102 2180 2158 2224 et
2183 2176 2418 2233 coactus,
2448 2169 2650 2238 cjectus
2675 2177 2727 2221 et
2757 2168 2937 2236 pulsus
2963 2175 3064 2232 est,
3089 2183 3208 2222 cum
3242 2169 3474 2224 maxime

1882 2278 2119 2327 manere,
2152 2259 2340 2316 nidore
2383 2271 2436 2316 ct
2480 2261 2756 2315 sacriﬁciis
2798 2261 3170 2326 allicientibus,
3200 2263 3472 2319 voluisset.

1883 2355 1958 2409 Ac
1987 2354 2031 2408 si
2062 2354 2204 2408 enim
2235 2353 2302 2408 ad
2333 2352 2434 2407 hoc
2465 2353 2751 2422 imperaret
2782 2352 3075 2423 Imperator
3103 2353 3212 2420 ille,
3245 2364 3303 2408 ut
3329 2355 3473 2409 orbis

1883 2462 2075 2517 pecora
2101 2447 2278 2500 omnia
2320 2447 2664 2510 absumeret,
2692 2445 2769 2499 sic
2799 2445 2998 2499 aﬂ‘atim
3046 2461 3175 2500 ovcs
3204 2455 3258 2501 ct
3312 2445 3474 2500 boves

1882 2537 1948 2592 ad
1981 2551 2101 2592 aras
2127 2537 2414 2602 mactabat,
2447 2550 2513 2591 eo
2535 2536 2756 2590 insani-.e
2784 2550 3121 2606 progressus,
3147 2545 3204 2590 ut
3230 2536 3383 2590 multi
3410 2552 3472 2591 ex

1885 2629 1949 2684 iis
1994 2629 2082 2699 qui
2123 2629 2283 2682 etiam
2311 2643 2452 2682 nunc
2478 2627 2620 2697 apud
2650 2642 2745 2682 eos
2775 2626 3140 2696 philosorihari
3183 2627 3430 2684 videntur
3456 2670 3472 2694 ,

1883 2736 2111 2792 coquum
2141 2721 2313 2790 ipsum
2332 2762 2346 2788 ,
2397 2720 2636 2775 carnimn
2669 2735 2987 2790 cauponem,
3015 2728 3070 2774 et
3099 2719 3359 2774 similibus
3384 2736 3475 2772 vo-

1883 2813 2088 2867 eabulis
2114 2811 2463 2880 appellarent.
2489 2811 2646 2866 Certe
2675 2827 2704 2865 a
2734 2819 2838 2864 tam
2874 2811 3011 2864 lauta
3042 2825 3245 2873 mensa,
3267 2809 3474 2876 nidore,

1885 2905 2031 2959 fumo
2056 2945 2070 2967 ,
2097 2913 2153 2958 et
2192 2902 2464 2973 sanguinis
2494 2903 2821 2957 torrentibus
2849 2903 3017 2958 libens
3045 2919 3149 2957 non
3189 2902 3476 2972 aufugisset

1884 2995 2097 3050 dzcmon
2123 3036 2137 3060 ,
2165 2994 2253 3063 qui
2273 3033 2288 3058 ,
2321 3002 2380 3048 ut
2402 3003 2455 3049 tu
2486 2993 2701 3050 dicebas
2725 3035 2739 3057 ,
2771 2993 2854 3047 his
2891 2992 3175 3048 destitutus
3197 3033 3211 3058 ,
3258 3005 3476 3063 propter

1885 3087 2129 3142 insanum
2159 3085 2355 3155 puella:
2383 3100 2621 3140 amorem
2650 3084 2723 3139 ibi
2751 3084 3022 3139 manebat.

1955 3177 2133 3232 Jovem
2152 3177 2422 3246 compellat
2448 3174 2693 3229 Libanius
2715 3191 2734 3238 ;
2760 3173 2964 3228 Libauii
2985 3173 3151 3227 verba.
3177 3203 3248 3214 —-
3273 3171 3471 3228 Verum

1885 3269 2306 3339 hic,intermissa
2336 3269 2596 3338 tantisper
2632 3268 2874 3322 oratione
2899 3308 2914 3333 ,
2946 3266 3204 3336 sophista:
3242 3264 3475 3319 lamenta

1885 3363 2077 3418 iterum
2103 3361 2382 3416 audiamus
2403 3403 2418 3427 ,
2448 3361 2536 3430 qui
2564 3361 2727 3415 misso
2760 3359 2870 3429 jam
2900 3359 3179 3430 Apolline,
3212 3359 3351 3429 apud
3378 3358 3470 3412 Jo-

1882 3469 2000 3508 vem
2039 3451 2385 3524 conqueritur
2414 3452 2496 3506 his
2517 3451 2694 3506 verbis
2728 3468 2742 3506 :
2786 3450 2948 3517 Quale
2968 3492 2981 3515 ,
3009 3466 3038 3504 ο
3061 3448 3264 3521 Jupiter
3285 3491 3301 3517 ,
3339 3450 3476 3504 labo-

1883 3546 2043 3599 rantis
2089 3544 2246 3598 animi
2305 3543 2644 3598 laxamentum
2695 3541 3044 3604 perdidimus!
3069 3557 3220 3608 quant
3264 3545 3476 3596 tumultu

1883 3652 2072 3689 vacuus
2113 3634 2356 3705 Daphnes
2397 3632 2570 3688 locus!
2609 3643 2798 3705 quanto
2845 3631 3006 3703 magis
3049 3647 3259 3686 vacuum
3303 3633 3474 3702 ipsum

1885 3727 2167 3798 templum!
2189 3743 2287 3798 quo
2312 3728 2365 3780 in
2387 3725 2496 3780 loco
2517 3736 2699 3778 natura
2727 3741 2816 3778 ceu
2851 3735 3048 3793 portum
3070 3724 3123 3775 in
3160 3733 3312 3792 portu
3341 3728 3476 3793 fece-

1883 3828 1963 3872 rat
1982 3860 1997 3884 ,
2027 3820 2270 3886 ﬂuctuant
2299 3825 2554 3885 expertem
2587 3824 2870 3885 utrumque,
2900 3814 2986 3866 sed
3011 3814 3282 3867 secundum
3308 3814 3476 3882 majo-

1883 3924 1988 3962 rem
2038 3905 2451 3976 tranquillitatem
2489 3902 2801 3970 a/ferentem.
2837 3902 2964 3970 Quis
3009 3901 3078 3954 ibi
3118 3902 3346 3955 morbum
3375 3918 3476 3955 nou

1884 3997 2289 4071 deposuit3qttis
2335 4012 2436 4050 non
2485 3995 2721 4048 metunt?
2757 3995 2868 4064 quis
2924 4010 3025 4046 non
3079 3992 3314 4047 luctum?
3363 3994 3475 4063 quis

1883 4095 2169 4162 fortunatas
2224 4086 2420 4141 insulas
2479 4085 2778 4139 desideravit
2819 4087 2844 4138 .’
2891 4084 3059 4153 Quale
3115 4085 3475 4139 laxamentum

1884 4182 2233 4252 perdidimus,
2263 4195 2295 4234 ο
2327 4179 2594 4235 sceleste?
2617 4175 2886 4247 quomodo
2927 4177 3156 4232 tumultu
3187 4178 3355 4247 magis
3377 4193 3473 4230 va-

1883 4289 2038 4330 cuum
2079 4273 2367 4342 templum,
2410 4269 2676 4341 quomodo
2724 4278 2906 4340 portus
2947 4269 3198 4324 ﬂuctuum
3242 4284 3473 4338 expers,

1884 4365 1972 4418 ubi
2031 4364 2214 4428 tibiae,
2274 4375 2556 4432 tympana,
2618 4362 2889 4431 crapulae,
2946 4362 3365 4416 comessationes
3420 4371 3475 4416 et

1883 4456 2209 4512 ebrietates?
2239 4457 2365 4523 Quis
2411 4472 2510 4509 non
2554 4455 2623 4508 ibi
2669 4454 2897 4509 morbum
2943 4455 3218 4521 deposuit,
3265 4454 3476 4524 inquit?

1869 4543 1995 4602 .lmo
2038 4549 2158 4618 quis
2202 4548 2470 4603 cultorum
2517 4557 2727 4602 tuorum
2781 4562 2887 4602 non
2935 4547 3008 4601 ibi
3048 4547 3293 4602 morbum
3338 4561 3471 4601 cou-

1883 4641 2064 4705 traxit,
2093 4640 2302 4696 etiamsi
2335 4641 2480 4709 prius
2510 4638 2646 4694 bene
2677 4639 2897 4700 valeret,
2929 4637 3198 4707 morbum,
3229 4638 3470 4708 inquam,
3541 4690 3543 4693 .

1883 4733 2121 4788 omnium
2168 4732 2541 4803 gravissimum
2567 4730 2590 4784 ?
2619 4729 2750 4785 Nam
2773 4731 2860 4799 qui
2902 4730 3202 4785 dmmouem
3250 4730 3471 4795 adorat,

1883 4835 1935 4880 et
1975 4825 2221 4895 Daphnes
2245 4821 2478 4879 fabulam
2508 4823 2676 4890 audit,
2705 4833 3013 4894 tantamque
3040 4825 3299 4879 datlIIOltiS
3328 4824 3472 4879 insa-

1882 4919 2024 4972 niam
2053 4917 2228 4984 videt,
2257 4925 2315 4970 ut
2339 4915 2424 4971 vel
2451 4916 2699 4985 absorpta
2739 4916 2907 4971 amica
2943 4915 3116 4971 adhuc
3145 4917 3261 4970 loco
3290 4923 3345 4970 et
3380 4929 3472 4968 ar-

1883 5011 1999 5066 bori
2046 5010 2304 5074 insideat,
2332 5017 2584 5078 quantam
2627 5008 2752 5062 hinc
2797 5009 3018 5063 insania:
3062 5007 3329 5064 ilanuuam
3361 5021 3468 5060 non

1883 5103 2470 5174 concipiat?quantam
2512 5109 2921 5172 tempestatem,
2971 5112 3225 5171 quantum
3275 5098 3471 5152 tumul»

1884 5207 1996 5256 tum
2020 5237 2034 5263 ,
2059 5203 2315 5265 quantum
2360 5192 2604 5248 morbum
2625 5233 2642 5259 ,
2670 5200 2920 5260 quantam
2970 5189 3422 5261 perturbationem
3448 5191 3472 5240 ’ρ

1884 5288 2013 5343 Idne
2056 5299 2215 5341 vocas
2249 5284 2413 5340 animi
2455 5284 2836 5346 laxamentum,
2863 5290 2917 5338 et
2960 5291 3168 5350 portum
3216 5279 3469 5333 ﬂuctuum

1882 5375 2196 5446 expertem?
2223 5374 2348 5430 idne
2393 5374 2564 5430 morbi
2608 5373 2890 5429 levamen?
2934 5369 3135 5440 Ecquid
3191 5371 3379 5423 mirum
3426 5385 3470 5422 si

1884 5468 2150 5524 contraria
2181 5467 2465 5522 contrariis
2495 5463 2783 5536 apponas?
2829 5463 2959 5518 Nam
2999 5462 3088 5532 qui
3136 5460 3313 5516 furore
3354 5475 3471 5515 cur.

1883 5563 2018 5633 repti
2054 5571 2196 5628 sunt,
2226 5561 2424 5617 nullius
2455 5561 2532 5615 rei
2564 5567 2805 5613 naturam
2831 5557 2904 5610 uti
2935 5570 2993 5610 se
3026 5555 3184 5610 habet
3209 5555 3468 5616 sentiunt,

1882 5653 1976 5708 sed
2016 5653 2311 5708 contrarios
2344 5652 2422 5706 rei
2454 5649 2662 5705 veritati
2707 5647 2942 5704 calculos
2974 5655 3195 5717 pommt.
3231 5647 3471 5717 Olympia

1885 5743 2125 5815 siquidem
2166 5760 2268 5797 non
2305 5744 2578 5798 admodum
2614 5739 2794 5812 procul
2822 5756 2842 5794 :
2870 5753 3056 5802 rursus
3103 5738 3243 5793 enim
3285 5740 3350 5792 ad
3395 5739 3471 5791 la-

1885 5846 2122 5896 mentum
2168 5842 2437 5904 revertar,
2497 5843 2553 5888 ut
2620 5831 2896 5888 ostendam
2950 5840 3197 5901 quantam
3251 5831 3472 5901 gentiles
