3884 6294
393 401 499 460 563

391 531 581 572 unmes
622 525 748 570 tunc
798 516 980 571 urbem
1034 517 1326 571 incolentes
1376 515 1586 584 plagam
1633 516 1977 584 acceperint;

393 609 676 678 palamque
721 609 907 664 faciam
957 608 1336 676 Imperatorem
1382 622 1486 660 non
1524 607 1577 661 id
1619 622 1773 676 aequo
1801 609 1980 662 animo

397 700 652 762 laturum,
681 697 773 752 sed
807 707 972 752 totum
1016 698 1247 751 furorem
1289 698 1340 750 in
1370 697 1620 768 martyris
1647 712 1824 752 arcam
1852 698 1984 753 effu-

395 804 578 842 snrutn
628 787 822 852 fuisse,
857 787 958 841 nisi
1002 803 1123 841 eum
1172 788 1344 856 major
1392 797 1565 840 metus
1615 787 1984 841 cohibuisset?

397 878 535 944 Quid
563 878 722 947 igitur
741 879 810 932 ait
834 878 856 932 ?
885 877 1124 949 Olympia
1153 895 1254 932 non
1292 878 1567 931 admodum
1599 878 1778 948 procul
1807 895 1827 932 :
1856 879 1984 932 cele-

397 972 551 1024 britas
579 970 722 1025 urbes
749 972 1036 1024 convocabit
1057 987 1076 1034 ;
1101 971 1181 1024 ha:
1208 972 1401 1024 venient
1429 974 1571 1024 boves
1597 981 1796 1040 agentes
1825 970 1986 1040 Apol-

395 1061 488 1114 lini
534 1062 917 1126 sacriﬁcandos.
963 1061 1098 1128 Quid
1138 1061 1380 1130 faciemus
1405 1061 1431 1113 ?
1459 1077 1555 1128 quo
1605 1077 1696 1114 nos
1737 1060 1986 1114 subduce-

398 1168 509 1208 mus
525 1154 550 1206 .9
574 1153 683 1223 quis
713 1153 921 1206 deorum
949 1153 1090 1206 nobis
1129 1163 1314 1205 terram
1338 1151 1593 1205 dehiscere
1614 1150 1805 1221 jubebit
1827 1152 1852 1204 ?
1871 1151 1990 1221 .quis

398 1260 586 1313 praeco,
613 1261 724 1312 qua?
749 1245 868 1298 tuba
895 1260 995 1297 non
1025 1244 1272 1314 lacrymas
1298 1243 1582 1312 exprimet?
1602 1243 1718 1313 quis
1751 1242 1990 1312 Olympia

401 1337 585 1404 festum
612 1336 804 1389 vocabit
827 1378 842 1402 ,
865 1336 1000 1404 quod
1027 1335 1284 1405 proximus
1309 1351 1455 1388 casus
1485 1334 1940 1388 luctuminvexerit
1965 1333 1992 1386 ?

402 1426 486 1478 Da
512 1427 636 1480 mihi
663 1444 838 1480 arcum
867 1427 1165 1492 corneum‘,
1194 1426 1352 1496 inquit
1391 1425 1650 1495 tragoedia.
1686 1424 1796 1496 Ego
1825 1435 1992 1478 autem

396 1520 547 1585 dico,
571 1529 618 1573 et
643 1520 866 1572 vaticinii
894 1517 1126 1572 nonnihil
1151 1561 1167 1585 ,
1198 1526 1251 1570 nt
1281 1518 1370 1571 illo
1409 1518 1634 1586 capiam,
1665 1517 1757 1570 hoc
1797 1517 1992 1586 sagittis

401 1612 641 1680 im‘petam
681 1610 921 1680 facinoris
971 1619 1245 1662 auctorem.
1290 1608 1334 1662 0
1381 1608 1591 1676 impiam
1634 1608 1938 1662 audaciam!
1964 1625 1993 1662 ο

403 1702 663 1768 impuram
689 1701 954 1755 animam!
981 1718 1010 1755 ο
1038 1701 1353 1754 temerariam
1382 1716 1590 1753 manum
1616 1700 1637 1752 .'
1664 1698 1842 1770 Tityus
1867 1701 1996 1754 alter

404 1791 487 1845 hic
513 1802 624 1857 est,
658 1793 732 1847 vel
753 1791 896 1847 .Idas
932 1792 1120 1864 Lyncei
1153 1793 1344 1862 frater;
1374 1809 1475 1846 non
1517 1809 1731 1862 magnus
1773 1803 1827 1846 ut
1870 1793 1992 1859 ille,

404 1900 508 1936 non
522 1886 785 1953 jacutator
812 1894 866 1937 ut
893 1885 1003 1951 hic,
1034 1884 1120 1937 sed
1146 1885 1198 1937 in
1227 1900 1380 1936 unum
1407 1883 1610 1938 edoctus
1635 1925 1650 1950 ,
1680 1893 1857 1938 contra
1878 1885 1996 1938 deos

403 1977 646 2030 insanire.
697 1976 840 2030 Aloei
885 1978 1019 2044 ﬁlios
1070 1976 1167 2029 diis
1215 1977 1426 2030 insidias
1473 1985 1664 2030 struere
1713 1977 1992 2047 cogitantes

405 2075 567 2118 morte
611 2065 828 2132 sedusti,
875 2065 1096 2136 Apollo;
1124 2065 1239 2119 huic
1276 2082 1391 2119 vero
1418 2067 1585 2136 ignem
1615 2067 1793 2134 procul
1818 2066 1997 2134 ferenti

403 2174 507 2211 non
534 2159 750 2212 occurrit
777 2159 959 2229 sagitta
998 2160 1050 2211 in
1088 2175 1174 2212 cor
1205 2159 1362 2228 ipsius
1387 2159 1634 2213 involans.
1669 2159 1713 2213 0
1733 2159 1996 2214 dexteram

408 2250 654 2318 furiosam
676 2251 696 2305 !
721 2268 750 2304 0
779 2251 1008 2320 iniquum
1034 2251 1240 2321 ignem!
1268 2267 1484 2319 quonam
1514 2252 1732 2320 primum
1774 2251 1998 2305 incidit?

404 2341 540 2411 quod
579 2342 702 2395 ntali
735 2343 1046 2396 exordium?
1071 2359 1190 2395 num
1218 2359 1249 2395 a
1282 2351 1409 2395 tecto
1448 2359 1656 2396 exorsus
1693 2343 1762 2396 ad
1805 2345 1998 2413 reliqua

409 2433 648 2501 processit
677 2432 702 2484 ?
726 2432 794 2484 ad
836 2441 986 2502 caput
1023 2432 1153 2486 illud
1172 2473 1186 2497 ,
1216 2432 1284 2485 ad
1308 2432 1520 2501 faciem,
1546 2433 1613 2486 ad
1641 2433 1866 2502 phialam
1889 2476 1902 2500 ,
1931 2436 1998 2488 ad

405 2525 640 2590 cidarim,
662 2526 730 2578 ad
755 2527 963 2580 talarem
991 2527 1218 2580 vestem?
1243 2525 1520 2594 Vulcanus,
1545 2527 1674 2597 ignis
1700 2528 1995 2596 penuarius,

409 2631 511 2669 non
541 2616 874 2669 comminatus
915 2627 986 2670 est
1027 2617 1134 2686 igni
1173 2618 1423 2687 grassanti
1443 2658 1457 2682 ,
1487 2633 1600 2670 cum
1625 2618 1838 2686 gratiam
1865 2620 1997 2686 r‘efe-

409 2706 623 2760 rendam
651 2707 853 2760 haberet
882 2707 974 2761 deo
1012 2709 1072 2761 ob
1098 2708 1190 2762 sibi
1231 2713 1405 2762 datum
1435 2707 1556 2761 olim
1592 2709 1855 2762 indicium.
1893 2708 1999 2762 Sed

412 2813 568 2866 neque
591 2795 796 2867 Jupiter
821 2797 1056 2851 imbrium
1080 2799 1366 2852 moderator
1385 2815 1567 2868 aquam
1591 2800 1752 2852 emisit
1777 2799 1828 2852 in
1847 2801 2001 2869 ﬂam-

412 2904 568 2950 mant,
586 2889 670 2958 qui
692 2899 858 2943 tamen
880 2888 1141 2960 Lydorum
1164 2890 1270 2960 regi
1289 2891 1588 2960 periclitanti
1605 2908 1785 2961 pyram
1812 2895 2001 2945 exstin-

413 2979 564 3033 a‘erit.
600 2979 979 3050 Quidprimum
1003 2981 1071 3034 ad
1095 2982 1242 3034 illum
1264 2983 1432 3045 dixit,
1460 2982 1544 3052 qui
1571 2983 1755 3036 bellum
1793 2999 1998 3054 aggres-

417 3089 503 3125 sus
528 3074 643 3127 est?
668 3075 922 3126 undenam
961 3073 1058 3127 illa
1101 3074 1446 3142 conﬁdentia?
1471 3076 1718 3144 quomodo
1759 3076 2000 3145 impetum

411 3165 666 3218 servavit?
693 3181 784 3218 cur
811 3165 1068 3219 decretum
1098 3181 1248 3219 suum
1277 3182 1376 3218 non
1406 3166 1572 3232 solvit,
1602 3165 1686 3218 dei
1715 3166 2000 3235 pulchritu-

416 3254 583 3308 dinem
607 3257 844 3310 reveritus
869 3256 894 3309 ?
922 3255 1209 3326 Quousque
1245 3257 1490 3312 miser-et
1536 3256 1719 3312 infelix
1746 3273 1860 3313 rem
1891 3274 2000 3314 non

355 3352 357 3354 '
414 3347 695 3416 intelliges,
725 3349 816 3417 qui
839 3347 971 3403 dicis
999 3349 1114 3403 haec
1135 3349 1380 3404 humana:
1405 3364 1540 3420 opus
1566 3365 1757 3406 manus
1781 3366 1922 3416 esse,
1947 3360 2002 3406 et

415 3452 517 3491 ceu
567 3439 873 3508 lymphatas
921 3447 1094 3494 tecum
1143 3441 1258 3509 ipse
1306 3455 1509 3510 pugnas
1555 3449 1610 3496 et
1657 3441 2001 3511 digladiaris?

416 3528 549 3582 Nam
577 3531 621 3584 si
650 3530 934 3584 Persarum
961 3546 1139 3601 regem
1164 3573 1180 3598 ,
1220 3541 1424 3586 tantum
1467 3533 1750 3588 ducentem
1793 3534 2000 3589 exerci-

418 3630 570 3688 tum,
601 3622 688 3690 qui
737 3621 923 3677 urbem
967 3633 1212 3693 ceperat,
1252 3633 1553 3695 cmteraque
1589 3627 1766 3680 omnia
1807 3629 2001 3698 templa

419 3721 732 3779 exusserat,
773 3713 938 3768 facem
965 3715 1209 3770 manibus
1235 3715 1542 3785 gerebat,et
1560 3716 1777 3786 jamjam
1808 3719 2003 3788 templo

416 3803 727 3858 admoturus
776 3814 920 3870 erat,
954 3804 1167 3859 daemon
1214 3807 1466 3871 mutavit;
1509 3806 1610 3861 hoc
1657 3809 1796 3862 enim
1851 3809 2001 3862 initio

421 3894 608 3948 necuim
655 3902 757 3948 tum
810 3893 996 3974 lugeps
1023 3893 1239 3949 dicebas
1272 3913 1284 3949 :
1318 3894 1594 3950 Persarum
1618 3913 1814 3968 regem,
1846 3915 2003 3952 unum

419 4000 482 4038 ea:
505 3984 777 4055 majoribus
805 3985 934 4056 ejus,
959 3986 1044 4056 qui
1066 3985 1320 4041 nobiscum
1349 3986 1536 4040 bellum
1563 3990 1708 4058 gerit,
1742 4006 1856 4042 cum
1885 4006 2004 4059 pro-

420 4077 606 4132 ditione
633 4077 801 4132 urbem
830 4079 1038 4149 cepisset
1071 4088 1118 4133 et
1156 4079 1474 4148 incendisset,
1513 4079 1759 4151 Daphnen
1782 4083 2004 4151 idipsum

415 4173 666 4239 facturum
709 4183 1091 4243 praperantem,
1133 4159 1339 4226 mutavit
1385 4173 1541 4239 deus,
1573 4183 1627 4228 ut
1665 4173 1857 4244 abjecta
1897 4177 2007 4244 face

419 4264 704 4334 Apollinem
731 4266 965 4318 adoraret
995 4281 1014 4318 :
1042 4265 1168 4320 adeo
1207 4266 1350 4320 illum
1387 4276 1654 4336 conspectu
1683 4283 1774 4321 suo
1803 4266 2003 4321 emolli-

418 4356 487 4408 vit
513 4366 662 4426 atque
690 4357 968 4421 convertit;
996 4356 1106 4423 ille,
1139 4357 1372 4427 inquam,
1396 4357 1628 4424 daemon,
1656 4359 1744 4429 qui
1768 4358 2004 4413 furorem

421 4447 756 4502 barbaricum
786 4458 838 4502 ct
867 4457 1068 4502 tantum
1117 4449 1409 4503 exercitum
1439 4463 1722 4520 superare,
1758 4459 1813 4504 ut
1855 4449 2004 4504 dice-

419 4541 536 4604 bas,
565 4547 618 4592 et
645 4547 844 4592 tantum
869 4547 992 4593 tunc
1020 4539 1310 4606 perieulum
1337 4538 1567 4608 effugere
1595 4540 1784 4610 potuit,
1811 4541 1922 4610 qui,
1951 4548 2010 4596 ut

419 4630 627 4699 adjicis,
660 4630 876 4685 Aloidas
901 4631 1003 4684 diis
1030 4630 1248 4685 insidias
1268 4640 1533 4687 struentes
1563 4639 1736 4687 morte
1763 4633 2003 4690 sedavit:

422 4721 692 4789 quomodo
707 4762 722 4787 ,
750 4737 950 4790 qumso,
972 4722 1018 4776 is
1037 4724 1124 4792 qui
1149 4731 1288 4778 tanta
1310 4725 1500 4793 potuit,
1517 4723 1648 4778 nihil
1669 4724 1841 4779 simile
1869 4741 2008 4782 nunc

419 4811 599 4867 effecit
622 4812 645 4864 ?
673 4813 829 4881 Atqui
858 4812 904 4866 si
933 4813 1067 4866 nihil
1091 4813 1250 4880 aliud,
1270 4821 1415 4868 certe
1457 4813 1786 4868 sacerdotem
1810 4815 2009 4885 injuste

418 4902 733 4966 laceratum,
765 4902 1023 4971 producto
1051 4902 1300 4959 facinoris
1323 4914 1562 4969 auctore,
1588 4905 1828 4960 miserari
1851 4921 2009 4976 Opor-

419 4995 611 5051 tuit.Et
627 4995 670 5049 si
687 4994 897 5065 quidem
919 4994 1146 5049 incendii
1167 5005 1402 5064 tempore
1412 4995 1714 5066 ell'ugitille,
1731 4998 2010 5068 atquando

420 5087 585 5142 miser
602 5087 687 5142 ille
709 5101 1000 5157 suspensus
1017 5085 1178 5140 latera
1205 5086 1588 5155 perfoderetur,
1603 5103 1830 5158 cumque
1851 5104 2006 5160 roga-

427 5189 512 5234 tus
557 5179 802 5234 facinoris
828 5187 1098 5232 auctorem
1128 5177 1422 5243 declarare,
1453 5194 1558 5233 non
1593 5178 1812 5235 haberet
1851 5195 2007 5252 quem

424 5271 746 5335 nominaret,
773 5279 898 5323 tunc
926 5277 1071 5348 certe
1096 5268 1284 5323 sistere
1303 5267 1659 5323 facinorosum
1685 5267 2004 5339 producere-

423 5378 529 5432 que
557 5363 826 5432 oportuit,
858 5362 944 5416 vel
971 5361 1159 5415 saltem
1188 5361 1454 5426 indicare,
1485 5361 1530 5415 si
1567 5361 1860 5430 producere
1899 5377 2006 5417 non

428 5465 653 5525 poterat.
683 5454 838 5510 Nunc
861 5469 990 5508 vero
1015 5452 1233 5523 negligit
1257 5452 1494 5522 ingratus
1530 5453 1826 5509 ministrum
1855 5470 2008 5510 suum

427 5549 622 5618 injuste
651 5547 970 5602 lancinatum
1001 5545 1251 5609 intuitus,
1276 5543 1492 5614 negligit
1518 5545 1686 5614 ipsum
1717 5545 2009 5617 Imperato-

428 5656 541 5695 rem
575 5649 650 5693 tot
673 5639 901 5694 victimis
930 5639 1093 5692 risum
1124 5638 1221 5692 sibi
1256 5645 1550 5706 parantem.
1588 5635 1858 5708 Siquidem
1884 5652 2006 5694 eum

487 5778 502 5806 ι
538 5781 612 5821 Sic
633 5785 760 5821 unus
781 5771 892 5820 Cod.
921 5779 972 5819 et
1000 5767 1148 5820 Savil.
1192 5771 1240 5818 in
1262 5771 1500 5833 margine.
1527 5773 1612 5819 Alit
1639 5773 1773 5830 editi,
1800 5784 1943 5824 arcus
1963 5777 2011 5824 ei

434 5834 710 5886 chwniccm.
737 5835 808 5884 sic
833 5835 979 5883 etiam
999 5835 1049 5882 iu
1072 5839 1142 5893 8-.
1163 5845 1271 5896 quae
1282 5831 1432 5900 lectio
1451 5833 1626 5884 absona
1651 5844 1742 5884 est.

1165 399 1223 454 S.
1263 396 2036 455 JUANNIS-CIIRYSOSTOMI
2076 397 2394 454 ARCHIEP.
2431 396 2968 453 CONSTAN-TlNOP.

3577 393 3690 448 56%

2091 530 2190 570 ceu
2218 514 2474 569 furiosum
2517 523 2572 569 et
2619 524 2799 568 mente
2845 521 3055 581 captum
3101 523 3287 563 omnes
3328 508 3699 575 deridebant,

2091 621 2211 660 eum
2240 608 2372 660 iram
2420 620 2570 660 suam
2612 620 2665 659 m
2715 605 2966 658 miserum
3007 601 3155 655 illum
3193 600 3510 656 effunderet.
3538 601 3699 670 Quo-

2091 697 2250 752 modo
2277 705 2452 751 autem
2483 697 2528 750 is
2569 695 2659 766 qui
2689 693 3030 764 Imperatoris
3071 692 3245 746 adhuc
3271 694 3449 762 procul
3479 695 3698 764 agentis

2093 787 2379 841 adventum
2413 786 2738 855 praedicebat
2763 788 2780 853 (
2808 800 2928 838 nam
2972 793 3026 838 et
3055 782 3197 837 illud-
3220 784 3465 853 snperius
3499 785 3698 854 lugens

2092 877 2370 946 dicebas),
2403 891 2524 931 eum
2554 877 2644 946 qui
2673 876 2912 945 proxime
2934 875 3109 929 stabat
3131 889 3295 944 seque
3337 875 3700 930 comburebat

2095 985 2202 1024 non
2246 969 2410 1022 vidit?
2436 968 2765 1038 Quamquam
2809 975 2863 1021 et
2904 967 3051 1022 illum
3085 976 3257 1020 vatem
3310 981 3430 1021 esse
3466 967 3653 1021 dicitis
3681 1011 3696 1027 .

2094 1061 2331 1130 aliasque
2352 1060 2468 1113 aliis
2496 1059 2599 1114 diis
2620 1060 2812 1113 vestris
2831 1100 2843 1121 ,
2875 1067 3142 1129 tamquam
3170 1058 3475 1112 hominibus
3495 1099 3511 1125 ,
3542 1070 3700 1113 artes

2095 1153 2416 1222 assignatis:
2453 1152 2527 1205 illi
2570 1151 2894 1206 vaticinandi
2939 1150 3241 1205 facultatem
3289 1149 3695 1220 adscripsistis,

2097 1259 2195 1297 nec
2227 1253 2550 1298 tamen-eum
2588 1253 2762 1298 tecum
2791 1251 2960 1298 artem
2991 1257 3141 1296 suam
3169 1243 3564 1298 communicare
3596 1261 3694 1298 ro-

2093 1350 2210 1405 gas.
2242 1335 2521 1402 Quomodo
2549 1333 2788 1405 proprias
2831 1351 2937 1389 non
2968 1336 3115 1389 novit
3147 1336 3474 1391 calamitates
3496 1377 3511 1401 ,
3543 1339 3697 1406 quod

2097 1442 2167 1481 ne
2212 1428 2292 1480 vir
2335 1426 2548 1496 quidem
2591 1425 2907 1495 ignoraret?
2936 1426 3127 1480 Annon
3171 1427 3393 1480 fortasse
3437 1427 3698 1480 dormivit

2091 1534 2219 1574 cum
2247 1519 2400 1588 ignis
2441 1517 2865 1573 accenderetur?
2898 1518 2968 1572 At
2997 1533 3101 1572 non
3135 1518 3204 1571 ita
3249 1533 3436 1573 sensus
3463 1534 3698 1589 exspcrs

2099 1621 2214 1672 est,
2237 1623 2295 1666 ut
2321 1611 2532 1666 admota
2564 1611 2774 1665 flamma
2805 1625 2910 1664 non
2956 1610 3134 1663 statim
3174 1619 3389 1680 surgat,
3419 1621 3468 1666 et
3497 1611 3697 1665 admo-

2101 1713 2314 1757 ventem
2337 1701 2774 1772 comprehendat.
2805 1700 2943 1755 Vere
2973 1699 3136 1754 ϐηεεὶ
3173 1717 3368 1771 semper
3394 1704 3558 1771 pueri,
3603 1718 3694 1754 se-

2101 1810 2198 1847 nex
2227 1791 2430 1847 ercus
2474 1809 2617 1846 nemo
2645 1790 2742 1863 (a).
2774 1789 2906 1845 Cum
2934 1791 3076 1846 enim
3106 1793 3374 1860 propriam
3403 1791 3696 1861 deplorare

2099 1883 2377 1937 stultitiam
2420 1890 2722 1951 oporteret,
2748 1881 2891 1951 quod
2937 1881 3064 1950 ipsis
3103 1881 3262 1935 etiam
3291 1882 3450 1937 rebus
3487 1882 3699 1936 (ἰωωο-

2102 1990 2228 2029 num
2262 1975 2521 2030 fallaciam
2548 1974 2985 2039 inelamantibus,
3019 1988 3189 2043 neque
3212 1973 3290 2028 sic
3317 1974 3560 2041 resilitis,
3591 1975 3698 2029 sed

2105 2082 2199 2121 vos
2229 2066 2282 2120 in
2312 2065 2602 2136 perniciem
2625 2066 2899 2132 dedentes,
2934 2075 3272 2134 vestramque
3299 2065 3586 2134 prodentes
3612 2081 3698 2120 sa-

2103 2157 2287 2223 lutem,
2317 2160 2484 2212 instar
2509 2156 2770 2226 pecudum
2795 2155 3254 2226 agimini,jquo~illi
3275 2156 3471 2210 dueere
3496 2156 3692 2221 velint,

2102 2249 2192 2318 qui
2219 2248 2468 2304 sedentes
2505 2258 2802 2302 statuarum
2829 2247 3048 2302 exitium
3094 2247 3307 2317 lugetis.
3339 2247 3418 2301 'l‘u
3447 2262 3577 2302 vero
3604 2265 3696 2302 ar-

2103 2358 2224 2397 cum
2265 2341 2502 2412 ﬂagitas,
2533 2341 2769 2412 nihilque
2803 2340 2985 2395 differs
3025 2339 3092 2394 ab
3118 2355 3203 2405 eo,
3235 2340 3324 2409 qui
3353 2339 3466 2394 haec
3494 2340 3548 2394 in
3575 2348 3693 2395 tra-

2101 2432 2276 2502 gtedia
2307 2432 2557 2501 loquitur.
2589 2432 2706 2499 Quo
2733 2441 2886 2500 pacto
2929 2431 3072 2485 enim
3102 2429 3155 2484 id
3185 2445 3288 2484 non
3333 2429 3482 2484 furor
3522 2432 3696 2486 mani-

2102 2524 2272 2577 festus
2309 2523 2470 2576 fuerit
2514 2525 2583 2577 de
2621 2522 2783 2577 armis
2811 2521 3071 2590 ejusmodi
3111 2521 3308 2590 aliquid
3337 2531 3688 2590 exspectare,

2103 2629 2221 2682 qua:
2261 2629 2330 2668 ne
2360 2613 2658 2682 possidenti
2705 2613 2917 2682 quidem
2957 2627 3016 2667 se
3045 2624 3198 2681 opem
3229 2613 3433 2667 tulere?
3461 2613 3616 2679 Quod
3648 2616 3695 2668 si

2105 2713 2162 2757 tu
2207 2704 2301 2758 tibi
2330 2701 2586 2773 majOrem
2622 2713 2678 2758 et
2706 2712 2876 2758 artem
2903 2714 2958 2758 et
2986 2703 3364 2773 experientiam
3403 2703 3582 2758 inesse
3610 2704 3697 2758 di-

2103 2811 2215 2863 cas,
2246 2812 2403 2867 quam
2433 2796 2664 2851 daemonii
2689 2838 2703 2862 ,
2731 2798 2902 2866 ipsum
2930 2805 3078 2850 certe
3115 2795 3292 2850 colere
3336 2811 3439 2850 non
3471 2806 3696 2865 oportee

2104 2887 2226 2954 bat,
2259 2897 2438 2956 utpote
2463 2889 2846 2952 imperitiorem
2875 2898 2929 2942 et
2968 2887 3313 2942 infirmiorem
3333 2929 3348 2954 ,
3382 2889 3466 2943 vel
3493 2889 3547 2943 in
3576 2891 3696 2959 qui-

2103 2979 2205 3035 bus
2261 2980 2407 3034 illum
2455 2981 2762 3052 prmeellere
2812 2980 3006 3036 dicitis.
3057 2981 3212 3049 Quod
3271 2981 3316 3036 si
3363 2983 3565 3050 primas
3620 2985 3694 3039 illi

2105 3070 2356 3124 concedis
2373 3111 2388 3138 ,
2418 3071 2531 3126 sive
2552 3071 2774 3140 jaculari
2811 3071 2922 3127 sive
2945 3072 3224 3126 vaticinari
3243 3080 3522 3141 oporteat,
3548 3091 3693 3145 quo-

2105 3163 2268 3218 modo
2286 3164 2418 3218 artis
2465 3164 2638 3218 solum
2685 3173 2836 3233 parte
2881 3163 3170 3233 praeditus,
3206 3164 3294 3218 illa
3343 3174 3395 3220 te
3438 3179 3695 3234 praestare

2105 3269 2264 3325 posse
2308 3254 2534 3324 putasti,
2579 3271 2698 3326 quae
2742 3272 2848 3310 non
2890 3255 3061 3324 potuit
3103 3255 3149 3310 is
3192 3257 3283 3326 qui
3333 3265 3497 3311 totam
3545 3267 3696 3314 tenet

2105 3356 2275 3401 artem
2306 3345 2329 3399 ?

2175 3437 2266 3492 20.
2306 3437 2433 3493 11ωο
2476 3437 2695 3493 ridicula
2719 3478 2735 3503 ,
2767 3436 2882 3492 hare
2909 3453 3063 3508 nugae
3116 3448 3274 3506 sunt;
3324 3455 3500 3510 neque
3548 3442 3692 3497 enim

2108 3530 2199 3585 ille
2226 3531 2547 3585 vaticinandi
2586 3540 2756 3585 artem
2806 3531 3108 3601 quampiam
3154 3530 3373 3600 habuit,
3424 3549 3599 3603 neque
3647 3535 3690 3589 si

2109 3621 2410 3688 habuisset,
2457 3622 2601 3675 illam
2633 3636 2885 3677 exercere
2927 3623 3201 3691 potuisset.
3234 3623 3349 3677 Non
3392 3623 3538 3678 enim
3589 3625 3692 3690 vir,

2109 3727 2214 3765 non
2245 3712 2427 3781 utique
2453 3712 2566 3766 huic
2595 3719 2844 3780 operatus
2875 3721 2977 3776 est,
3007 3713 3100 3766 sed
3130 3711 3304 3766 divina
3333 3713 3535 3778 virtus;
3563 3728 3694 3768 cau-

2109 3817 2223 3856 sam
2244 3811 2419 3856 autem
2449 3811 2628 3871 postea
2659 3803 2914 3871 aperiam.
2942 3801 3159 3857 Interim
3182 3819 3310 3856 vero
3337 3818 3434 3872 par
3451 3813 3540 3858 est
3581 3805 3697 3860 edi-

2107 3909 2258 3948 scere
2276 3893 2426 3963 cujus
2446 3894 2523 3948 rei
2550 3909 2712 3949 causa
2737 3894 2927 3965 ingrati
2953 3896 3120 3949 animi
3150 3895 3440 3950 Vulcanum
3483 3907 3698 3951 accuset

2110 3983 2194 4038 his
2228 3984 2447 4040 verbis:
2504 3983 2762 4038 Vulcanus
2807 3996 3002 4052 autem,
3055 3986 3186 4057 ignis
3237 3987 3549 4055 penuarius,
3595 4004 3698 4041 non

2109 4076 2439 4130 comminatus
2464 4085 2534 4130 est
2559 4077 2664 4146 igni
2682 4078 2934 4147 grassanti
2951 4119 2968 4143 ,
2991 4093 3103 4130 cum
3123 4077 3286 4147 gratia
3310 4077 3409 4147 ipsi
3433 4079 3697 4147 referenda

2111 4176 2236 4220 esset
2265 4167 2358 4220 deo
2388 4168 2449 4220 ob
2490 4167 2668 4221 datum
2693 4168 2812 4221 olim
2841 4168 3106 4223 indicium.
3137 4168 3267 4235 Quae
3310 4169 3513 4237 gratia?
3552 4169 3694 4238 quod

2111 4257 2236 4311 olim
2267 4257 2558 4313 indicium?
2584 4274 2749 4327 quare
2777 4260 3028 4327 praeclara
3055 4258 3276 4314 deorum
3307 4268 3518 4313 tuorum
3549 4269 3696 4328 gesta

2111 4348 2381 4403 occultas?
2406 4348 2538 4404 Nam
2561 4349 2606 4403 si
2633 4348 2855 4418 gratiam
2885 4348 3147 4404 indicares
3165 4390 3180 4414 ,
3209 4349 3505 4404 Vulcanum
3529 4350 3698 4420 magis

2111 4439 2376 4510 ingratum
2399 4439 2726 4495 ostenderes.
2757 4439 2864 4495 Sed
2883 4439 3080 4495 rubore
3121 4455 3185 4494 ac
3225 4440 3427 4508 pudore
3462 4441 3699 4495 teneris:

2113 4529 2270 4600 igitur
2294 4546 2394 4586 nos
2428 4531 2592 4585 libere
2622 4545 2708 4585 res
2743 4540 2861 4584 tuas
2886 4532 3206 4599 aperiemus.
3240 4529 3495 4597 Quaenam
3541 4529 3702 4600 igitur

2113 4620 2200 4674 illa
2217 4621 2383 4692 gratia
2401 4621 2423 4675 ?
2438 4621 2656 4676 Martem
2678 4621 2804 4674 olim
2829 4620 3052 4675 Veneris
3071 4633 3254 4675 amere
3278 4629 3518 4690 captum,
3541 4630 3702 4690 atque

2115 4710 2440 4780 Vulcanum,
2471 4711 2564 4782 qui
2590 4711 2814 4766 maritus
2842 4711 2957 4780 ejus
2992 4719 3140 4778 erat,
3186 4720 3512 4766 metuentem
3531 4753 3548 4778 ,
3577 4726 3700 4766 cum

2113 4815 2236 4856 eum
2263 4802 2537 4858 absentem
2573 4803 2937 4868 observasset,
2968 4802 3035 4856 ad
3091 4817 3208 4858 eam
3251 4803 3546 4857 accessisse
3578 4819 3703 4857 nar-

2115 4903 2254 4948 rant.
2281 4894 2582 4964 Apollinem
2615 4910 2776 4960 vero,
2807 4908 2929 4947 cum
2969 4893 3090 4947 illos
3117 4908 3220 4946 una
3261 4893 3586 4948 commixtos
3624 4896 3703 4947 vi-

2113 4985 2308 5054 disset,
2357 4987 2590 5041 Vulcano
2637 4987 2960 5041 adulterium
3004 4986 3342 5040 renuntiasse
3381 5001 3395 5037 :
3444 4987 3593 5040 illum
3635 5002 3700 5042 eo

2112 5096 2235 5135 cum
2275 5080 2548 5147 venisset,
2579 5081 2764 5135 ambos
2813 5081 2864 5134 in
2890 5081 3029 5134 lecto
3083 5086 3325 5148 repertos
3373 5079 3607 5134 vinculis
3646 5089 3703 5133 ut

2116 5183 2242 5227 tunc
2274 5185 2426 5227 erant
2454 5173 2731 5242 colligasse
2750 5212 2765 5237 ,
2796 5180 2850 5226 et
2890 5171 2957 5225 ad
2985 5180 3138 5240 turpe
3167 5170 3526 5239 spectaculum
3571 5170 3702 5226 deos

2115 5281 2387 5331 evocasse,
2409 5266 2644 5336 talesque
2663 5265 2734 5323 de
2755 5265 2862 5320 illis
2887 5263 3134 5318 adulterii
3172 5276 3356 5332 poenas
3380 5262 3697 5332 sumpsisse.

2115 5357 2260 5412 Talis
2289 5372 2416 5428 ergo
2455 5359 2640 5427 gratire
2678 5355 2973 5411 debitorem
3009 5353 3330 5418 Vulcanum,
3377 5366 3622 5423 tempore
3649 5351 3698 5407 id

2117 5450 2438 5518 postulante,
2463 5451 2722 5518 ingratum
2752 5449 2806 5503 in
2828 5446 3098 5503 reddendo
3120 5445 3383 5501 beneﬁcio
3413 5445 3578 5500 fuisse
3604 5447 3695 5499 ait.

2115 5540 2250 5609 Quid
2293 5541 2449 5610 igitur
2487 5540 2712 5609 Jupiter,
2751 5555 2784 5593 ο
2821 5541 2901 5594 vir
2928 5537 3172 5608 optime?
3197 5536 3330 5590 Nam
3360 5545 3415 5592 et
3441 5535 3592 5590 illum
3623 5536 3700 5589 in-

2117 5631 2463 5686 bumanitatis
2489 5646 2740 5697 accusas,
2795 5631 2900 5686 Sed
2943 5645 3100 5699 neque
3142 5626 3364 5699 Jupiter,
3421 5627 3696 5698 inquiens,

2179 5769 2254 5833 (a)
2287 5777 2396 5833 Haec
2417 5770 2567 5833 verba
2590 5769 2655 5816 "in
2675 5769 2851 5819 Timeo
2871 5765 3181 5831 proferuntur
3203 5764 3264 5814 ab
3293 5763 3516 5826 Egyptio
3537 5775 3698 5814 sacer

2118 5830 2243 5886 dote
2257 5831 2477 5883 Solonem
2491 5830 2791 5896 alloquente.
