3884 6294
165 409 279 468 563

168 526 415 589 ἅπαντες
447 522 495 577 οί
539 523 661 577 τότε
690 522 789 593 τὴν
812 520 963 575 πόλιν
985 520 1260 585 οἰκοῦντες
1295 521 1556 593 ’Έλληνες
1589 518 1837 589 ἐδέξαντο

165 615 272 682 τὴν
302 610 541 683 πληγὴν,
593 610 687 665 καί⁷
718 610 794 674 ὡς
839 609 938 663 οὐκ
973 609 1039 661 ἂν
1071 608 1271 662 τοῦτου
1318 609 1506 680 πράως
1549 610 1778 679 ἤνεγκεν
1814 611 1843 664 6

169 698 451 770 βασιλεὺς,
479 698 615 752 ἀλλά
646 696 823 750 πάντα
850 694 1020 765 θυμὸν
1048 697 1128 758 είς
1158 696 1258 765 τὴν
1285 695 1382 747 τοῦ
1416 696 1689 767 μάρτυρος
1713 695 1845 766 λάρ-

166 801 314 839 νακα
346 785 558 854 ἀφῆκεν
591 783 678 849 ἂν,
702 785 761 837 εἴ
784 783 860 853 μὴ
898 782 1049 853 φόϐῳ
1070 781 1354 851 κατείχετο
1389 781 1616 852 μείζονι.
1658 783 1722 835 Τί
1750 779 1844 837 οῦν

168 889 371 942 (manu;
401 872 694 941 Ὀλύμπια
706 869 823 939 μὲν
846 871 918 923 οὐ
939 870 1106 938 μάλα
1123 870 1319 937 πόρρω
1337 884 1353 900 ·
1380 869 1746 938 συγωλέσει
1779 869 1847 923 δέ

167 962 211 1030 ή
243 960 579 1031 πανήγυρις
608 958 716 1025 τὰς
761 960 989 1023 πόλεις,
1020 960 1079 1010 αἱ
1127 956 1195 1009 δὲ
1238 957 1458 1024 ἥξουσι
1483 956 1633 1022 ,βοῦς
1666 957 1846 1027 ἄγου-

170 1063 280 1100 σαι
316 1046 397 1112 τῷ
442 1046 765 1100 Ἀπόλλωνι
812 1045 1053 1099 θυσίαν.
1087 1044 1148 1096 Τί
1171 1042 1505 1112 δράσομεν;
1543 1043 1650 1096 ποῖ
1670 1060 1848 1098 xam-

166 1132 512 1203 δυσόμεθα;
541 1134 633 1199 τίς
665 1132 805 1200 ἡμῖν
829 1129 980 1186 θεῶν
1005 1130 1323 1198 διαστήσει
1345 1130 1461 1199 τὴν
1490 1131 1643 1202 γῆν;
1676 1131 1847 1197 ποῖος

166 1219 391 1290 κῆρυξ,
440 1220 584 1275 ποία
642 1217 913 1286 σάλπιγξ⁹
970 1219 1085 1287 οὐχ
1127 1216 1490 1283 ὑποκινήσει
1545 1216 1810 1286 δάκρυον
1824 1233 1845 1283 ;

165 1308 264 1371 τίς
307 1307 525 1376 ἑορτὴν
571 1306 695 1375 ἐρεῖ
720 1309 794 1359 τὰ
832 1306 1144 1375 Ὀλύμπια,
1175 1305 1283 1359 τοῦ
1330 1304 1637 1375 πτώματος
1669 1307 1845 1375 ἐγγύὸ

168 1397 280 1448 θεν
293 1394 776 1462 ἐπεμϐάλλοντος
807 1391 1101 1461 ὀδυρμόν;
1132 1392 1244 1457 Δός
1275 1391 1437 1456 τόξα
1446 1409 1548 1461 μοι
1593 1396 1845 1460 κερουλ-

168 1481 271 1545 xit,
306 1479 499 1548 φησὶν
516 1480 543 1520 h
565 1481 604 1548 ἡ
634 1479 953 1549 τραγῳδία·
983 1477 1097 1547 ἐγὼ
1122 1478 1191 1532 δὲ
1217 1478 1394 1547 λέγω,
1426 1479 1537 1533 καί
1548 1478 1846 1548 μαντικῆς

170 1586 224 1620 τι
245 1569 485 1638 μικρὸν,
511 1569 669 1634 ὅπως
693 1567 768 1637 τῇ
784 1568 902 1637 μὲν
925 1567 1065 1630 ἕλω,
1096 1565 1171 1635 τῇ
1186 1566 1254 1619 δὲ
1281 1566 1546 1631 τοξεύσω
1582 1567 1687 1620 τόν
1706 1567 1847 1635 δρά-

166 1677 390 1718 σαντα.
409 1661 470 1714 Ὤ
488 1662 712 1728 τόλμης
736 1659 996 1725 ἀσεϐοῦς
1014 1655 1328 1726 Ῑνῶψυχῆς
1348 1655 1560 1727 μιαρᾶς
1588 1654 1678 1708 3ίῶ
1709 1660 1846 1724 θρα-

165 1749 346 1813 σείας
378 1746 578 1818 χειρός
608 1745 858 1810 ίΤίτυός
901 1762 992 1811 τις
1032 1741 1208 1811 οὗτος
1257 1744 1476 1812 ἕτερος,
1529 1743 1568 1811 ἢ
1608 1743 1781 1809 Ἴδας,
1812 1746 1846 1798 ό

165 1836 439 1905 ἁδελφός
456 1835 751 1905 Λυγκέως,
771 1836 843 1888 οὐ
863 1831 1052 1907 μέγας
1070 1831 1186 1901 μὲν
1208 1829 1411 1902 ὥσπερ
1433 1831 1683 1898 ἐκεῖνος,
1705 1831 1847 1885 οὐδέ

169 1921 427 1990 τοξότης
460 1920 665 1989 ὥσπερ
702 1915 905 1985 οὗτος,
934 1919 1074 1973 ἀλλ’
1102 1917 1172 1973 ἒν
1198 1918 1375 1973 τοῦτο
1398 1917 1572 1984 εὶδὼς
1603 1919 1669 1971 τό
1697 1917 1847 1971 κατὰ

172 2007 329 2061 θεῶν
359 2005 513 2080 [569]
547 2007 890 2076 μαίνεσθαι.
948 2004 1102 2071 Τοὺς
1142 2004 1261 2073 μὲν
1319 2005 1571 2072 Ἀλωέως
1605 2003 1849 2058 ἐτιτιδια-

170 2080 544 2164 νοοιψένους
579 2093 686 2160 τὰς
718 2092 839 2146 τῶν
878 2089 1028 2145 θεῶν
1068 2091 1396 2158 ἐπιϐουλὰς
1426 2089 1659 2153 θανάτῳ
1704 2106 1852 2143 κατ-

170 2180 469 2247 έπαυσας,
509 2184 842 2246 Ἄπολλον,
909 2177 1101 2245 τούτῳ
1134 2177 1205 2231 δὲ
1254 2178 1561 2246 πόρρωθεν
1596 2177 1845 2246 φέροντι

172 2268 241 2321 τό
258 2268 384 2337 πῦρ
411 2271 521 2321 οὐκ
550 2266 903 2334 ἀπήντησεν
922 2264 1125 2330 ὀϊστὸς
1152 2263 1244 2317 ἐπ’
1267 2263 1461 2330 αὐτὴν
1481 2264 1804 2332 πετόμενος
1820 2272 1843 2302 α

172 2354 291 2423 τὴν
325 2353 594 2423 καρδίαν.
626 2355 691 2407 Ὤ
719 2350 922 2419 δεξιᾶς
951 2350 1258 2421 τελχῖνοςί
1284 2349 1330 2403 ὣ
1367 2349 1556 2419 πυρός
1599 2350 1848 2404 ἀδίκουτί

173 2442 294 2495 ποῦ
326 2458 470 2495 ποτε
509 2440 622 2509 ἄρα
671 2440 739 2495 τό
798 2438 1028 2508 πρῶτον
1080 2438 1297 2504 ἔπεσὲς
1327 2437 1385 2491 τί
1412 2438 1519 2491 τοῦ
1551 2437 1739 2491 κακοῦ
1780 2438 1848 2493 τό

172 2529 486 2597 προοίμιον
502 2547 528 2594 ,’
560 2522 675 2597 ἆρα
711 2527 781 2592 ἐξ
804 2526 1028 2596 ὀροφῆς
1073 2524 1411 2595 ἀρξάμενον
1444 2525 1540 2579 ἐπὶ
1566 2524 1639 2578 τὰ
1690 2524 1849 2580 ἄλλα

173 2615 426 2683 προῦϐη,
455 2614 575 2683 τὴν
608 2613 893 2683 κεφαλὴν
941 2612 1203 2680 ἐκείνην,
1243 2610 1308 2664 τὸ
1353 2611 1698 2677 πρόσωπον,
1733 2608 1849 2679 τὴν

171 2699 422 2769 φιάλην,
451 2702 568 2767 τὴν
591 2700 842 2768 κίδαριν,
859 2699 964 2752 τόν
986 2697 1217 2765 ποδήρη
1240 2696 1458 2766 χιτῶνα
1473 2713 1493 2762 ;
1529 2698 1849 2765 Ἥφαιστος

171 2787 262 2851 δὲ,
285 2788 476 2855 πυρός
508 2780 742 2857 ταμίας,
782 2788 893 2840 οὐκ
948 2787 1253 2853 ἠπείλησε
1285 2782 1364 2849 τῷ
1392 2784 1532 2851 πυρί
1562 2788 1847 2853 λυμαινο-

164 2873 352 2943 μὲνφ,
399 2873 515 2942 τὴν
562 2873 736 2942 χάριν
778 2874 1039 2942 ὀφείλων
1082 2872 1164 2938 τῷ
1215 2869 1333 2936 θεῷ
1356 2873 1707 2940 μηνύματος
1746 2873 1849 2940 ἀρ-

171 2961 352 3032 χαίου
371 2977 387 2990 ·
423 2960 561 3016 ἀλλ’
611 2958 755 3015 οὐδέ
778 2964 813 3014 ό
839 2959 1010 3025 Ζεὺς,
1043 2958 1274 3028 ὄμϐρων
1300 2958 1478 3027 ήνίας
1495 2957 1674 3026 ἔχων,
1691 2958 1848 3028 ὕδωρ

170 3046 413 3115 ἀφῆκεν
448 3047 549 3100 ἐπὶ
609 3046 724 3114 τὴν
769 3047 988 3116 φλόγα,
1052 3046 1150 3099 καί
1201 3045 1389 3100 ταῦτα
1425 3044 1639 3100 Λυδῶν
1703 3063 1849 3101 ποτε

168 3135 425 3199 βασιλεῖ
470 3132 929 3204 δυστυχήσαντι
971 3133 1201 3199 σϐέσας
1235 3131 1454 3202 πυράν.
1509 3133 1569 3186 Τί
1615 3133 1849 3203 πρῶτον

167 3221 301 3291 ἄρα.
334 3222 485 3291 πρὸς
519 3221 706 3276 αὐτὸν
751 3218 921 3276 εἶπεν
965 3224 998 3276 ό
1052 3220 1161 3275 τὸν
1193 3221 1460 3290 πόλεμον
1505 3221 1844 3292 ἀράμενος;

171 3310 364 3365 πόθεν
383 3309 530 3363 ποτε
562 3307 628 3362 τὸ
651 3308 911 3376 θάρσος;
940 3306 1067 3374 πῶς
1090 3306 1159 3361 δὲ
1183 3307 1450 3376 ἐφύλαξε
1480 3309 1597 3377 τὴν
1626 3308 1849 3379 όρμήν;

169 3396 303 3464 πῶς
327 3396 400 3451 δὲ
427 3399 547 3451 οὐκ
577 3396 766 3451 ἔλυσε
803 3397 869 3450 τὸ
908 3395 1125 3466 δόγμα,
1155 3396 1263 3449 τοῦ
1313 3398 1461 3450 Θεοῦ
1513 3396 1580 3450 τὸ
1617 3395 1853 3464 κάλλος

169 3484 508 3551 αἱδεσθείς;
534 3484 713 3555 Μέχρι
744 3484 890 3548 τίνος
918 3483 980 3537 οὐ
1004 3483 1335 3554 διαϐλέψεις,
1361 3483 1511 3537 ἄθλιε
1531 3485 1628 3539 καὶ
1659 3484 1848 3539 ταλαί-

170 3592 348 3646 πωρε,
377 3573 551 3630 ταῦτα
594 3572 943 3645 ἀνθρωπίνης
965 3567 1105 3626 εἶναι
1137 3572 1312 3641 λέγων
1361 3573 1561 3646 χειρὸς,
1607 3576 1701 3628 καὶ
1736 3574 1846 3629 ὥσ-

168 3679 282 3734 περ
311 3664 359 3715 οἱ
404 3659 811 3734 παραπαίοντες
841 3659 1229 3728 ἐναντιολογῶν
1263 3660 1356 3713 καὶ
1390 3659 1572 3732 σαυτῷ
1608 3663 1849 3734 μαχόμε-

168 3767 295 3816 νος;
320 3750 383 3805 Εἰ
410 3749 519 3820 γὰρ
542 3749 635 3802 τὸν
666 3748 892 3821 Περσῶν
927 3748 1173 3819 βασιλέα,
1208 3749 1301 3802 καὶ
1332 3748 1602 3820 τοσαύτην
1647 3750 1849 3820 ἄγοντα

170 3836 455 3907 στρατιὰν,
483 3836 580 3890 καὶ
603 3838 702 3908 τὴν
725 3834 879 3889 πόλιν
905 3835 1116 3899 ἑλόντα,
1140 3836 1236 3888 καὶ
1267 3833 1521 3889 τάλλοιπά
1548 3836 1658 3889 τῶν
1687 3837 1850 3909 ιερῶν

169 3925 560 3995 ἐμπρήσαντα,
606 3925 702 3978 καὶ
734 3923 834 3994 τὴν
883 3921 1018 3994 δᾷδα
1071 3922 1208 3995 μετὰ
1254 3926 1443 3995 χεῖρας
1496 3923 1708 3994 ἔχοντα,
1754 3926 1849 3979 καὶ

169 4012 470 4084 προσάγειν
492 4011 661 4083 αὐτὴν
681 4011 783 4082 ἤδη
809 4010 981 4082 τούτῳ
1014 4011 1271 4081 μέλλοντα
1299 4010 1377 4082 τῷ
1402 4010 1539 4082 ναῷ,
1558 4012 1849 4082 μετέϐαλεν

165 4099 198 4151 6
226 4098 437 4169 δαίμων
460 4099 577 4168 (καὶ
604 4098 714 4168 γὰρ
733 4099 827 4152 καὶ
857 4095 1029 4151 ταῦτα
1053 4099 1122 4151 ἐν.
1137 4098 1277 4169 ἀρχῇ
1301 4097 1403 4167 τῆς
1439 4098 1700 4169 μονῳδίας
1730 4099 1849 4153 ἐλε-

167 4202 268 4254 γες
300 4185 534 4257 θρηνῶν,
569 4185 740 4249 οὕτως
778 4185 976 4239 εἰπών’
1017 4186 1135 4239 Τόν
1169 4202 1259 4238 τοι
1293 4184 1561 4249 ,βασιλέα
1602 4187 1851 4256 Περσῶν

167 4273 279 4328 τοῦ
319 4273 438 4328 νῦν
460 4273 676 4328 τούτου
703 4271 1111 4341 πολεμοῦντος
1133 4271 1451 4342 πρόγονον,
1469 4272 1764 4341 προδοσίᾳ
1781 4274 1849 4329 τό

170 4360 332 4415 ἄστυ
368 4360 633 4415 λαϐόντα
659 4360 758 4414 καί
785 4359 1197 4430 ἐμπρήσαντα,
1242 4358 1600 4430 χωρήσαντα
1613 4360 1711 4414 ἐπὶ
1742 4359 1850 4416 Ad-

168 4464 336 4516 φνην
358 4447 439 4513 ὡς
454 4446 522 4500 τὸ
538 4447 684 4501 αὐτὸ
711 4446 1033 4516 δράσοντα,
1049 4447 1380 4517 μετέϐαλεν
1395 4447 1428 4498 ὁ
1443 4444 1600 4512 θεὸς,
1619 4446 1718 4500 καὶ
1732 4446 1849 4515 τὴν

168 4531 325 4601 δᾷδα
331 4533 522 4603 ῥίψας
540 4534 961 4608 προσεκύνησε
972 4532 1054 4599 τῷ
1084 4533 1406 4589 Ἀπόλλωνι
1424 4547 1438 4561 ⁸
1463 4531 1649 4599 οὕτως
1662 4533 1850 4589 αὐτόν

168 4620 542 4692 κατεπράϋνε
585 4638 650 4674 τε
707 4620 807 4675 καί
837 4619 1129 4687 διήλλαξε
1153 4619 1181 4660 ἀ
1209 4621 1468 4692 φανείςὶ·
1495 4625 1523 4678 6
1556 4620 1620 4693 δὴ
1673 4620 1846 4693 θυμοῦ

171 4708 512 4782 βαρϐαρικοῦ
554 4710 648 4763 καὶ
682 4708 956 4779 τοσαύτης
987 4708 1407 4780 περιγενόμενος
1460 4711 1740 4783 στρατιᾶς,
1771 4710 1847 4775 ὡς

166 4795 329 4868 ἔφης,
362 4798 458 4851 καὶ
480 4797 731 4870 δυνηθεὶς
766 4797 890 4850 τότε
930 4796 1022 4850 τὸν
1059 4795 1301 4850 κίνδυνον
1333 4796 1616 4865 διαφυγεῖν
1646 4796 1848 4867 (λέγεις

167 4882 226 4936 δέ
252 4883 338 4937 ὅτι
367 4883 461 4937 καὶ
497 4884 625 4947 τοὺς
672 4883 920 4947 Ἀλωέως
953 4882 1148 4947 παῖδας
1173 4881 1583 4953 διανοουμένους
1610 4882 1709 4947 τὰς
1737 4883 1847 4938 τῶν

168 4972 309 5026 θεῶν
334 4971 873 5041 ἐπιϐουλὰςπθανὰτῳ
899 4970 1254 5040 κατέπαυσε),
1288 4967 1405 5031 πῶς
1436 4964 1530 5023 οῦν
1555 4969 1584 5021 6
1610 4967 1845 5024 τοσαῦτα

167 5060 442 5130 δυνηθεὶς.
464 5061 618 5118 οὐδὲν
650 5060 890 5117 τοιοῦτον
920 5058 1339 5129 εἰργάσατοςνῦν
1357 5074 1373 5124 ;
1394 5059 1654 5112 Καίτοιεί
1680 5060 1845 5130 μηδὲν

166 5148 379 5219 ἕτερον,
405 5147 498 5201 τὸν
536 5147 668 5217 γοῦν
722 5147 873 5220 ίερέα
915 5145 1355 5216 σπαραττόμενον
1398 5144 1596 5209 ἀδίκως
1623 5145 1843 5218 ἐλεῆσαι

167 5237 361 5306 ἐχρῆν,
394 5237 637 5309 φανερὸν.
667 5236 1093 5305 καταστήσαντα
1142 5233 1232 5287 τὸν
1277 5231 1580 5285 ἐπίϐουλον.
1639 5234 1748 5286 Καὶ
1795 5238 1843 5288 εί

167 5321 289 5373 τότε
320 5321 473 5392 παρὰ
496 5322 591 5374 τὸν
623 5318 952 5393 ἐμπρησμὸν
980 5318 1256 5388 διέφυγεν,
1291 5317 1379 5370 ὅτε
1419 5315 1594 5385 γοῦνό
1616 5317 1844 5382 δείλαιος

166 5407 379 5471 ἐκεῖνος
423 5408 769 5479 κρεμάμενος
808 5406 1136 5480 διωρύττετο
1180 5406 1278 5469 τὰς
1323 5404 1583 5474 πλευρὰς,
1619 5406 1711 5459 καὶ
1754 5407 1844 5461 τὸν

167 5496 547 5566 ἐργασάμενον
586 5495 987 5568 ἀπαιτούμενος
1038 5496 1213 5549 εἰπεῖν
1269 5495 1368 5548 οὐκ
1398 5489 1533 5564 εἶχε,
1560 5493 1681 5547 τότε
1737 5511 1845 5549 παψ

229 5586 259 5616 ⁸
281 5585 380 5633 Alii
404 5585 461 5633 ἂν
478 5582 647 5634 ταῦτα.

229 5643 259 5683 1³
289 5646 430 5696 Unus
465 5648 620 5709 qodex
644 5651 699 5695 et
721 5646 870 5709 Savil.
896 5642 947 5694 in
970 5657 1124 5705 marg.
1153 5645 1266 5709 τόξα
1286 5661 1366 5707 μοι
1403 5644 1657 5709 κερουλκά,
1676 5699 1679 5702 ς
1698 5656 1843 5709 quam

167 5707 439 5757 lectionem
477 5706 687 5756 Libanio
711 5708 843 5758 edito
867 5703 1148 5768 consonain,
1174 5703 1369 5768 absq‘uer
1399 5703 1497 5756 ull'a
1535 5703 1842 5768 haesitatione

169 5772 484 5880 τεςερὶωιὲε.¹
498 5769 554 5818 1n
575 5769 827 5831 Chrysosl.
857 5767 977 5819 edit.
1002 5768 1217 5820 absurde
1246 5767 1636 5832 legebatur-165a
1660 5783 1741 5829 μοι
1758 5767 1841 5816 καὶ

169 5847 369 5880 Ὶοινικα.
439 5846 468 5877 Ι)
485 5846 528 5878 τ.

166 5843 369 5895 χοινικα.
396 5843 528 5880 mm.

229 5894 256 5955 ἢ
280 5895 367 5955 Sic
387 5904 562 5941 omnes
585 5906 702 5941 mss.
731 5891 902 5942 More}.
928 5905 1054 5955 νει-οι
1078 5891 1342 5955 φερόμενος.

228 5952 258 5995 ὁ
282 5954 367 6005 Sic
388 5955 537 6003 Savil.
561 5963 614 6004 et
640 5968 813 6004 omnes
834 5969 945 6005 mss.
960 5952 1273 6004 Ἀσιηνοί-ο
1298 5952 1523 6013 διήλεγξε.

1012 408 1103 463 DE
1144 409 1202 466 S.
1238 406 1533 474 BABYLA,
1578 404 1860 463 CONTRA
1906 402 2392 463 JULIANUMJE’P
2417 396 2776 460 GENTILES.

3484 394 3602 452 ,ΞΜ

1948 520 2210 594 ραστῆναι
2260 517 2428 590 ἐχρῆν
2480 516 2572 568 καὶ
2600 512 2847 568 ἐκδοῦναι
2879 511 2969 566 τὸν
3002 506 3352 581 δράσαντα,ἢ
3384 510 3477 565 καὶ
3502 528 3598 566 κα.

1943 607 2252 680 ταμηνῦσαι
2289 606 2468 676 μόνον,
2500 603 2553 656 εῖ
2593 619 2656 670 γε
2688 601 2933 655 ἐκδοῦναι
2976 600 3076 653 οὐκ
3123 599 3277 668 ίσχυε
3327 600 3604 653 οοπνῦν-δέ

1944 699 2179 770 περιορᾷ
2212 696 2310 768 μὲν
2336 698 2365 749 6
2393 693 2685 765 ἀχάριστος
2707 693 2801 745 καὶ
2830 688 3224 759 ἀγνώμωνιτδν
3252 687 3416 742 αὑτοῦ
3446 686 3609 759 θερα-

1944 785 2149 856 πευτὴν
2179 781 2636 852 καταξαινόμενον
2664 778 3156 848 ἀλόγως,.περιορᾷ
3187 775 3608 846 δὲ’τδνλιβασιλέα

1948 871 2087 944 μετά
2115 870 2383 934 τοσαύτας
2406 869 2598 930 θυσίας
2618 864 3089 936 καταγελώμενον.
3115 864 3224 917 Καὶ
3252 864 3361 933 γὰρ
3383 864 3458 926 ὼς
3484 879 3611 933 μαι-

1944 961 2167 1031 νόμενον
2199 959 2294 1014 καὶ
2314 956 2715 1029 ·παραπαίοντα
2743 954 2951 1018 πάντες
2975 953 3176 1022 ἐγέλων
3206 950 3387 1014 αὐτὸν,
3421 952 3507 1004 ὅτε
3528 953 3611 1015 εἰς

1942 1049 2035 1102 τὸν
2083 1048 2281 1102 ἄθλιον·
2319 1049 2524 1101 ἐκεῖνον
2559 1043 2824 1115 ἡφίειτῆν
2852 1044 3040 1115 ὀργήν.
3074 1040 3200 1105 Πῶς
3239 1041 3352 1094 δέό
3379 1040 3473 1093 τοῦ
3513 1040 3612 1111 βαα

1948 1134 2139 1199 σιλὲως
2177 1135 2277 1206 τὴν
2319 1132 2621 1205 παρουσίαν
2643 1131 2723 1185 ἐτι
2757 1129 2975 1202 μακρὰν
3001 1129 3154 1193 ὄντος
3187 1128 3467 1200 προλέγων
3495 1130 3610 1194 (καὶ

1944 1224 2057 1297 γάρ
2087 1224 2180 1278 καὶ
2208 1222 2368 1277 τοῦτο
2398 1220 2654 1301 ἀνωτέρω
2697 1220 2904 1273 τούτων
2941 1218 3232 1289 ἐθρήνεις),
3260 1216 3351 1270 τὸν
3384 1215 3608 1287 πλησίον

1948 1311 2308 1365 ἐστῶτωκαὶ
2355 1309 2721 1364 κατακαίοντα
2791 1306 2953 1360 αὐτὸν
2993 1307 3094 1360 οὐκ
3143 1302 3277 1370 εἶδες
3316 1305 3510 1359 Καίτοι
3544 1321 3609 1372 γε

1944 1400 2061 1454 καῖ’
2099 1399 2357 1470 μαντικὸν
2400 1398 2559 1451 αὐτὸν
2611 1392 2752 1449 εἷναί
2781 1412 2939 1465 φατε,
2969 1395 3062 1448 καὶ
3093 1395 3273 1458 ἄλλοις
3299 1394 3465 1458 ἀλλοις
3504 1393 3612 1447 διας
3642 1412 3681 1446 ,’

1944 1486 2201 1557 νέμοντες
2246 1485 2442 1556 τέχνας
2493 1483 2743 1554 καθάπερ
2789 1481 3112 1553 ἀνθρώποις
3150 1484 3263 1546 τοῖς
3324 1482 3611 1552 ὑμετέροις

1945 1573 2114 1636 θεοῖς,
2144 1573 2318 1643 τούτῳ
2362 1572 2460 1642 τὴν
2489 1570 2756 1642 μαντικὴν
2783 1570 3108 1641 ἀνεθήκατε,
3144 1570 3238 1623 καὶ
3273 1569 3393 1622 οὐδέ
3416 1587 3610 1640 ίμετα-

1943 1661 2122 1715 δοῦναι
2145 1659 2306 1713 αὐτόν
2337 1675 2417 1712 σοι
2452 1659 2551 1728 τῆς
2582 1657 2775 1729 τέχνης
2797 1656 2994 1722 ἀξιοῖς..
3024 1655 3149 1720 Πῶς
3169 1652 3263 1710 οὖν
3286 1656 3385 1719 τὰς
3404 1656 3610 1721 οἰκείας

1943 1749 2044 1802 οὐκ
2092 1748 2232 1817 ἐγνω
2261 1747 2580 1817 συμφοράςς
2628 1744 2805 1799 καίτοι
2856 1743 3154 1799 τοῦτο.ούδ’
3204 1743 3277 1798 ἂν
3320 1743 3489 1815 ἄνδρα
3529 1744 3610 1796 δι-

1945 1836 2155 1889 έλαθεν.
2203 1834 2343 1887 Ἀλλ’
2374 1829 2482 1905 ἆρα
2508 1833 2582 1903 μὴ
2614 1831 2902 1885 ἐκάθευδεν
2942 1833 3250 1901 ἁπτομένου
3288 1830 3381 1884 τοῦ
3402 1831 3609 1902 πυρός;

1957 1922 2095 1979 Ἀλλ’
2119 1921 2238 1975 ούδέ
2265 1920 2439 1983 οὕτως
2471 1919 2795 1991 ἀναίσθητός
2837 1918 2922 1982 τίς
2962 1921 3130 1982 ἐστιν,
3166 1917 3314 1992 [570]
3338 1917 3435 1982 πὼς
3460 1920 3615 1988 αὐτῷ

1943 2014 2043 2081 τῆς
2066 2009 2264 2080 φλογὸς
2289 2007 2742 2081 προσφερομένης
2774 2007 2847 2078 μὴ
2885 2007 3236 2076 διαναστῆναι
3268 2006 3489 2070 εὐθέως,
3515 2008 3617 2064 καὶ

1943 2099 2035 2152 τὸν
2062 2098 2407 2170 προσάγοντα
2435 2098 2747 2167 κατασχεῖν.
2786 2093 3026 2165 Ἀληθῶς
3053 2094 3461 2161 Ἕλληνεςηάεὶ
3478 2095 3612 2147 παῖε

1945 2187 2066 2255 δες,
2098 2188 2287 2257 γέρων
2317 2186 2385 2241 δὲ
2411 2187 2642 2254 Ἕλλην
2690 2186 2908 2251 οὐδείς.
2946 2184 3074 2237 Δέον
3125 2184 3233 2255 γὰρ
3274 2185 3373 2254 τὴν
3403 2186 3615 2238 οίκείαν

1946 2277 2130 2331 ἄνοιαν
2158 2276 2398 2347 θρηνεῖν,
2436 2275 2525 2328 ὃτι
2558 2272 2688 2327 τῶν.
2713 2271 3055 2346 πραγμάτων
3099 2270 3344 2342 βοώντων
3377 2272 3477 2342 τὴν
3501 2271 3613 2326 τῶν

1944 2363 2231 2434 δαιμόνων.
2261 2364 2497 2432 ἀπάτην,
2536 2361 2657 2415 οὐδὲ
2695 2359 2869 2424 οὕτως
2921 2358 3242 2428 ἀφίστασθε,
3274 2359 3389 2412 ἀλλ’
3423 2358 3608 2412 ἐκδόν-

1943 2466 2036 2513 τες
2065 2450 2290 2513 ἐαυτοὺς
2317 2449 2397 2511 είς
2426 2447 2720 2512 ἀπώλειαν,
2751 2448 2847 2500 καὶ
2873 2445 2973 2517 τὴν
2996 2446 3266 2517 ὑμετέραν
3286 2446 3611 2517 ἀποδόμενοι

1947 2537 2243 2608 σωτηρίαν,
2287 2535 2487 2605 ἀγεσθε
2528 2536 2683 2605 δίκην
2735 2535 3089 2608 θρεμμάτων,
3115 2529 3258 2607 ᾗπερ
3291 2535 3356 2588 ἂν
3384 2534 3612 2590 κελεύω-

1947 2642 2030 2679 σιν
2061 2624 2311 2687 ἔπεσθαι,
2339 2625 2388 2677 οἳ
2414 2623 2668 2694 ’κάθησθε
2700 2622 2905 2690 ξοάνων
2957 2622 3280 2687 πενθοῦντες
3309 2622 3606 2681 ἀπώλειαν.

1947 2713 2017 2766 Σὺ
2041 2712 2098 2765 δὲ
2133 2713 2226 2768 καὶ
2252 2712 2379 2777 τόξα
2398 2712 2677 2775 ἀπαιτεῖς,
2716 2711 2868 2764 οὐδὲν
2893 2710 3102 2763 ἐκείνου
3134 2711 3229 2763 τοῦ
3259 2710 3430 2764 ταῦτα
3460 2713 3518 2764 ἐν
3539 2715 3606 2784 τῇ

1944 2803 2222 2875 τραγῳδίᾳ
2241 2802 2492 2871 λέγοντος
2530 2801 2849 2871 διεστηκώς.
2883 2801 3008 2864 Πῶς
3027 2801 3137 2872 γάρ
3168 2800 3229 2854 οὐ
3269 2802 3433 2871 μανία
3467 2801 3605 2873 πρό-

1943 2890 2100 2960 δηλος
2120 2890 2213 2943 καὶ¹
2239 2890 2414 2960 σαφὴς
2430 2889 2731 2960 προσδοκᾷν
2757 2906 2810 2941 τι
2830 2891 2942 2951 τοῖς
2970 2888 3154 2952 ὅπλοις
3172 2887 3381 2952 τούτοις
3400 2887 3606 2956 ἀνύειν,

1943 2977 1980 3032 ἃ
2004 2978 2095 3031 τὸν
2132 2994 2298 3048 κεκτη
2310 2977 2467 3046 μένον
2491 2977 2644 3030 οὐδὲν
2667 2975 2909 3046 ὧνησεν;
2941 2977 3003 3028 El
3031 2976 3129 3047 μὲν
3159 2975 3269 3048 γὰρ
3298 2976 3457 3041 αὐτὸς
3492 2977 3610 3047 μεί-

1946 3066 2074 3131 ζονα
2109 3066 2205 3119 καὶ
2246 3067 2349 3135 τὴν
2377 3064 2572 3136 τέχνην
2601 3067 2695 3119 καὶ
2740 3065 2839 3134 τὴν
2866 3064 3163 3134 ἐμπειρίαν
3209 3063 3305 3118 τοῦ
3357 3065 3609 3136 δαίμονος

1944 3153 2087 3223 ἐχειν
2117 3152 2362 3224 φὴς,οΜ
2388 3152 2555 3224 ἐχρῆν
2593 3150 2754 3204 αὑτὸν
2797 3152 2961 3221 τιμᾷν
2994 3150 3363 3221 ἀμαθέστερόν
3391 3168 3450 3204 τε
3479 3150 3611 3205 ὄντα

1944 3242 2040 3295 καὶ
2068 3239 2477 3310 ἀσθενέστερον,
2506 3239 2563 3292 ἐν
2582 3234 2664 3302 οἷς
2689 3236 2850 3291 αὐτόν
2877 3254 3013 3306 φατε
3036 3238 3254 3292 πάντων
3277 3241 3517 3309 κρατεῖν.
3545 3240 3609 3293 El

1944 3328 2001 3381 δέ
2024 3327 2133 3381 τῶν
2161 3325 2443 3396 πρωτείων
2472 3325 2665 3395 ἐκείνῳ
2693 3326 3060 3396 παραχωρεῖς,
3091 3324 3156 3379 ἄν
3179 3340 3240 3377 τε
3261 3324 3518 3391 τοξεύειν,
3543 3326 3611 3381 ἄν

1942 3433 2005 3470 τε
2047 3414 2406 3487 μαντεύεσθαι
2422 3413 2547 3484 δέῃ,
2578 3414 2696 3476 πῶς
2721 3413 2878 3483 ἐν.τῷ
2901 3414 3057 3484 μέρει
3084 3413 3186 3483 τῆς
3220 3413 3416 3485 τέχνης
3435 3414 3609 3468 ταῦτα

1946 3502 2355 3574 προσεδόκησας
2378 3501 2617 3572 δράσειν,
2639 3499 2783 3571 άπερ
2806 3501 2834 3552 6
2852 3500 2952 3571 τὴν
2971 3501 3097 3572 ὅλην
3114 3500 3253 3572 ἐχων
3279 3502 3380 3554 οὐκ
3397 3501 3606 3572 ίσχυσε;

2017 3596 2089 3646 xz;
2112 3588 2291 3652 Γέλως
2310 3586 2481 3641 ταῦτα
2507 3588 2604 3641 καὶ
2629 3586 2815 3658 λῆρος.
2833 3586 2971 3640 Οῠτε
2986 3589 3093 3659 γάρ
3109 3585 3221 3658 εἶχέ
3240 3605 3294 3641 τι
3321 3588 3606 3660 μαντικῆς.

1944 3670 2068 3726 οὔτε
2085 3671 2188 3726 κᾶν
2210 3666 2355 3742 εἶχεν
2383 3670 2542 3741 ἤνυεν
2557 3668 2647 3722 ἄν.
2671 3670 2745 3722 Οὐ
2772 3669 2881 3740 γάρ
2901 3671 3065 3731 ἐστιν,
3097 3673 3197 3724 οὐκ
3213 3670 3361 3725 ἐστιν
3388 3674 3417 3725 6
3436 3671 3610 3725 ταῦτα

1946 3760 2319 3831 ἐργασάμενος
2357 3758 2519 3829 ἀνὴρ,
2547 3756 2683 3811 ἀλλὰ
2706 3757 2824 3811 θεία
2849 3774 2937 3821 τις
2976 3757 3223 3828 δύναμις.
3254 3759 3363 3812 Καὶ
3399 3759 3499 3830 τὴν
3521 3761 3609 3813 αῖ-

1944 3849 2066 3900 τίαν
2099 3846 2157 3900 δὲ
2201 3845 2337 3917 μετά
2374 3845 2548 3900 ταῦτα
2592 3843 2732 3916 ἐρῶ*
2766 3844 2903 3908 τέως
2940 3845 3000 3899 δὲ
3049 3845 3198 3910 ἀξιον
3251 3847 3442 3917 μαθεῖν
3468 3848 3610 3917 ὑπὲρ

1945 3928 2020 3991 ὧν
2057 3932 2448 4004 ἀγνωμοσύνην
2479 3931 2702 4000 ἐγκαλεῖ
2726 3930 2805 4001 τῷ
2844 3931 3145 4004 Ἡφαίστῳ,
3173 3933 3370 3987 οὑτωσί
3393 3951 3510 3999 πως
3523 3935 3612 3988 λέ-

1946 4038 2087 4092 γων’
2117 4021 2442 4090 Ἥφαιστος
2485 4018 2573 4083 δὲ,
2621 4017 2812 4086 πυρός
2858 4020 3103 4089 ταμίας.
3154 4023 3266 4074 οὐκ
3310 4021 3612 4089 ἠπείλησε

1946 4110 2027 4176 τῷ
2058 4109 2202 4178 πυρὶ
2236 4109 2672 4178 λυμαινομένῳ,
2707 4107 2823 4174 τὴν
2869 4108 3046 4178 χάριν
3077 4109 3338 4178 ὀφείλων
3385 4110 3467 4177 τῷ
3497 4112 3611 4178 θεῷ

1942 4198 2291 4267 μηνύματος
2322 4195 2594 4264 ἀρχαίου.
2640 4193 2807 4248 Ποίαν
2840 4196 3026 4266 χάριν;
3077 4197 3232 4249 ποίου
3294 4199 3611 4270 μηνύματος

1948 4286 2202 4357 ἀρχαίου,
2232 4283 2381 4350 εἶπές
2410 4282 2499 4337 διὰ
2526 4284 2579 4336 τί
2606 4283 2869 4356 κρύπτεις
2903 4301 2996 4337 σου
3027 4286 3095 4338 τά
3133 4286 3304 4355 σεμνά
3342 4287 3450 4341 τῶν
3470 4288 3611 4342 θεῶν

1947 4372 2379 4445 κατορθώματα;
2434 4372 2499 4425 Εί
2552 4371 2662 4443 γὰρ
2696 4372 2791 4425 καὶ
2849 4372 2949 4443 τὴν
2985 4372 3144 4443 χάριν
3176 4368 3327 4439 εἶπες
3361 4374 3381 4414 τ
3418 4376 3608 4448 αὐτὴν,

1950 4460 2150 4532 μᾶλλον
2193 4459 2260 4514 ἂν
2296 4457 2591 4529 ἀγνώμονα
2638 4458 2732 4512 τὸν
2760 4459 3314 4527 Ἥφαιστονιὲδειξας.
3360 4462 3611 4518 Ἀλλἀίέ

1949 4549 2119 4623 σχύνῃ
2141 4551 2235 4605 καὶ
2257 4547 2531 4621 ἐρυθριᾷς·
2545 4546 2738 4602 οὐκοῦν
2764 4549 2922 4619 ἡμεῖς
2952 4548 3088 4618 μετὰ
3113 4550 3431 4621 παρρησίας
3454 4551 3610 4623 ἐροῦ-

1950 4655 2050 4709 μεν
2072 4638 2144 4692 τὰ
2170 4638 2257 4693 σά.
2276 4637 2375 4702 Τίς
2387 4632 2480 4692 οὖν
2500 4639 2541 4710 ἡ-
2553 4637 2756 4709 υχάρις;
2787 4636 3121 4707 Ἐρασθέντα
3148 4638 3279 4691 ποτὲ
3297 4638 3403 4692 τὸν
3430 4641 3609 4713 ’Ἄρην

1944 4727 2044 4797 τῆς
2085 4724 2426 4798 Ἀφροδίτης,
2450 4725 2547 4779 καὶ
2587 4726 2680 4779 τὸν
2723 4724 3032 4793 ’Ἦφαιατον
3062 4724 3255 4798 (ἄνδρα
3287 4726 3611 4800 γὰρ.αὐτῆς

1945 4810 2105 4886 εἶναι)
2133 4814 2430 4882 δεδοικότα,
2459 4815 2572 4886 τὴν.
2591 4813 2861 4867 ἀπουσίαν
2887 4816 3305 4886 ἐπιτηρήσαντα
3335 4818 3434 4888 τὴν
3466 4817 3610 4869 ἐκεί-

1945 4919 2062 4969 νου,
2086 4903 2224 4974 πρὺς
2267 4902 2436 4974 αὐτὴν
2478 4901 2741 4956 εἰσελθεῖν
2783 4919 2944 4970 φασι.
2979 4901 3083 4955 Τὸν
3115 4902 3174 4956 δέ
3210 4902 3453 4956 Ἀπόλλω
3482 4903 3608 4971 θεα-

1948 4994 2180 5063 σάμενον
2236 4990 2600 5062 μιγνυμένους
2674 4990 2872 5052 αὐτοὺς
2895 5029 2913 5057 ,
2962 4989 3265 5043 ἀπελθόντα
3320 4989 3458 5060 πρὸς
3514 4990 3609 5043 τὸν

1947 5080 2251 5149 Ἥφαιστον
2297 5080 2397 5151 τὴν
2433 5077 2680 5150 μοιχείαν
2712 5080 3021 5131 κατειπεῖν·
3060 5076 3368 5131 ἐλθόνταλδὲ
3396 5078 3611 5131 ἐκεῖνον

1945 5171 2040 5223 καὶ
2073 5168 2414 5240 ἀμφοτέρους
2452 5168 2545 5220 ἐπὶ
2587 5167 2687 5236 τῆς
2709 5165 2897 5234 κλίνης
2932 5164 3181 5236 εὑρόντα,
3214 5163 3392 5233 δεσμὰ
3420 5166 3609 5227 αὐτοῖς

1944 5255 2123 5320 οὕτως
2146 5256 2223 5318 ὡς
2254 5251 2399 5325 εἶχον
2427 5253 2810 5325 περιϐαλόντα,
2839 5252 3067 5306 καλέσαι
3090 5268 3151 5304 τε
3171 5251 3299 5314 τοὺς
3326 5250 3483 5315 θεοὺς
3514 5254 3610 5308 ἐπὶ

1944 5343 2042 5415 τὴν
2073 5344 2361 5414 ἀσχήμονα
2397 5341 2650 5415 θεωρίαν,
2686 5341 2780 5395 καὶ
2829 5339 3032 5410 ταύτην
3076 5339 3176 5410 τῆς
3207 5339 3455 5408 μοιχείας
3501 5341 3609 5393 εἱσ-

1944 5429 2259 5502 πράξασθαι
2287 5429 2448 5501 δίκην
2494 5427 2713 5490 αὐτούς.
2738 5426 2955 5497 Ταύτης
2978 5421 3072 5480 οῦν
3103 5426 3204 5497 τῆς
3228 5427 3451 5497 χάριτος
3465 5429 3609 5498 ὀφει-

1943 5518 2106 5589 λέτην
2136 5517 2266 5573 ὅντα
2299 5517 2391 5571 τὸν
2424 5515 2752 5585 Ἥφαιστον,
2781 5512 2976 5585 καιροῦ
3004 5512 3320 5580 καλοῦντος,
3355 5516 3611 5587 ἀγνωμο-

1943 5607 2106 5678 νῆσαι
2143 5604 2273 5677 περὶ
2301 5605 2403 5679 τὴν
2439 5602 2711 5659 ἀντίδοσίν
2746 5618 2899 5671 φησι.
2941 5601 3007 5654 Τί
3050 5596 3145 5656 οὖν
3190 5600 3287 5655 καὶ
3323 5604 3352 5656 6
3378 5604 3534 5669 Ζεὺς,
3562 5598 3612 5658 ὧ

1947 5693 2217 5765 βέλτιστε;
2250 5694 2345 5746 καλ¹
2387 5694 2496 5764 γὰρ
2520 5690 2614 5745 καὶ
2648 5689 2823 5759 τούτῳ
2852 5688 3013 5742 πάλιν
3040 5689 3308 5760 ἀπήνειαν
3331 5690 3603 5760 ἐγκαλεῖς,

1955 5781 2101 5836 Αλλ’
2121 5779 2264 5834 οὐδὲ
2289 5779 2321 5832 ὸ
2347 5777 2517 5845 Ζεὺς,
2548 5777 2741 5849 λέγων,
2764 5775 2995 5847 ὄμϐρων
3031 5775 3206 5846 ήνίας
3233 5775 3410 5848 ἔχων,
3450 5775 3608 5843 ὕδωρ

1998 5891 2018 5913 ⁸
2039 5887 2186 5938 Savil.
2209 5886 2398 5948 ἴσχυσε.

2006 5949 2024 5989 ί
2051 5949 2146 6001 Alii
2174 5948 2327 6004 εἶπαςσ
