3876 6286
137 371 262 428 568.

138 484 383 537 imbrium
402 479 686 534 moderator
709 493 892 548 aquam
916 476 1121 530 immisit
1143 475 1194 528 in
1223 474 1482 535 ﬂwnmam
1503 513 1518 538 ,
1545 470 1628 538 qui
1655 478 1734 522 ta-

143 590 262 628 men
308 572 568 643 Lydorum
607 570 715 640 regi
757 566 1064 639 periclitanti
1097 582 1279 636 pyram
1326 564 1576 618 restinxit.
1627 561 1734 616 Sed

143 665 292 720 enim
336 663 552 733 pulchre
593 662 745 716 nobis
788 660 993 731 Lydum
1021 660 1074 713 in
1097 657 1409 712 tnctnoriam
1435 655 1732 710 revocaSti:

145 771 272 809 nam
300 763 354 810 et
384 753 532 808 illum
561 752 647 807 hic
675 753 886 806 darmon
919 749 1129 820 decepit
1158 763 1290 802 vana
1307 762 1402 817 spe
1432 745 1620 800 inflans
1640 786 1655 810 ,
1685 755 1740 801 et

146 847 200 902 in
252 845 588 901 manifestam
618 843 905 913 perniciem
943 842 1257 910 eoinjiciens.
1293 841 1373 896 Ac
1417 839 1520 894 nisi
1564 839 1739 909 Cyrus

147 937 416 992 hmnanus
445 935 652 998 fuisset,
680 933 812 988 nihil
839 934 1008 1002 ipsum
1027 934 1044 964 ¹
1073 932 1276 1001 Jupiter
1296 930 1537 1002 iuvisset.
1562 930 1739 996 Quare

147 1029 347 1084 frustra
373 1027 490 1084 Jovi
515 1029 642 1081 vitio
664 1026 823 1081 vertis
841 1068 855 1092 ,
872 1024 1013 1095 quod
1041 1023 1244 1095 Lydum
1270 1024 1378 1078 ﬁlio
1409 1023 1735 1092 praetulerit:

146 1135 327 1189 neque
355 1119 497 1174 enim
534 1117 634 1172 sibi
664 1117 764 1186 ipsi
798 1116 850 1169 in
880 1131 982 1185 qua
1013 1116 1146 1169 urbe
1171 1115 1402 1169 maxime
1429 1113 1736 1179 colebatur,

146 1211 201 1266 in
235 1211 450 1268 Romuli
478 1209 683 1266 scilicet
712 1210 840 1264 urbe
861 1249 880 1273 ,
923 1208 1142 1263 fulmine
1190 1215 1376 1262 tactus.
1400 1220 1556 1274 opem
1598 1205 1736 1259 tulit.

223 1302 427 1357 Libanii
449 1301 692 1356 uerba.—
716 1299 982 1354 Cancrum
1001 1299 1279 1354 audiamus
1306 1298 1504 1367 reliqua
1521 1296 1742 1351 lamenti

125 1395 312 1451 -vcrba
344 1413 361 1449 ;
390 1394 468 1450 sic
504 1395 645 1449 enim
673 1395 872 1449 luctum
904 1392 1052 1448 illum
1079 1436 1094 1459 ,
1129 1393 1219 1462 qui
1248 1407 1436 1449 eorum
1461 1391 1740 1460 occupavit

145 1489 359 1543 animos
377 1528 394 1554 ,
422 1488 586 1557 probe
615 1488 862 1542 sciemus.
895 1485 1004 1542 Viri
1021 1528 1036 1551 ,
1061 1485 1277 1538 trahitur
1295 1485 1418 1538 mihi
1443 1485 1641 1537 animm
1671 1483 1739 1536 ad

145 1580 362 1650 speciem
391 1580 473 1633 dei
491 1621 505 1647 ,
543 1580 764 1648 mihique
799 1579 1037 1652 cogitatio
1065 1587 1242 1647 typum
1269 1579 1378 1646 ejus
1405 1586 1520 1629 ante
1566 1576 1740 1629 oculos

145 1672 354 1738 statuit,
381 1676 560 1744 forma:
578 1672 832 1726 lenitatem
854 1711 870 1735 ,
900 1671 1028 1724 cutis
1049 1668 1430 1722 teneritudinem
1453 1710 1468 1734 ,
1491 1677 1537 1720 et
1568 1668 1660 1720 hoc
1685 1667 1739 1722 in

147 1765 322 1834 lapide
339 1806 354 1831 ,
380 1763 637 1836 cingulum
661 1763 798 1816 circa
822 1770 991 1831 pectus
1006 1777 1212 1813 auream
1233 1760 1452 1812 tunicam
1473 1757 1737 1827 colligens,

147 1856 221 1908 ita
248 1864 302 1908 ut
336 1854 440 1908 alio
469 1853 670 1920 quidem
697 1853 1042 1917 subsiderent,
1074 1852 1177 1905 alia
1208 1851 1580 1921 subsurgerent.
1612 1849 1739 1903 Tota

148 1966 265 2006 vero
294 1953 458 2021 forma
482 1951 630 2020 cujus
665 1950 796 2002 iram
825 1950 902 2003 vel
934 1949 1204 2019 ferventem
1232 1965 1334 2002 non
1360 1949 1576 2001 sedasset
1594 1949 1630 2001 2·
1652 1947 1741 2002 Si-

149 2045 283 2099 milis
308 2049 440 2099 enim
470 2055 576 2098 erat
597 2044 750 2099 melos
771 2045 967 2096 canenti
997 2057 1016 2095 :
1041 2042 1142 2095 imo
1165 2041 1413 2112 quispiam
1439 2041 1627 2093 audivit
1643 2082 1657 2104 ,
1683 2048 1740 2093 ut

146 2121 397 2201 aiunt,in
436 2135 642 2190 meridie
678 2136 925 2189 citharam
969 2134 1272 2202 pulsantem.
1321 2132 1482 2186 Aures
1528 2132 1740 2186 beatas'

149 2228 339 2284 Cantus
359 2243 474 2281 uero
494 2227 707 2297 fortasse
729 2237 836 2280 erat
859 2227 1089 2280 laudatio
1136 2235 1318 2290 terrce,
1362 2224 1446 2278 cui
1491 2224 1554 2277 de
1584 2240 1738 2276 aureo

148 2321 333 2392 cyatho
365 2321 490 2376 mihi
519 2321 676 2375 libare
699 2321 911 2386 videtur,
941 2321 1075 2388 quod
1098 2320 1319 2388 puellam
1344 2318 1612 2372 occultarit
1645 2318 1740 2370 de-
1767 2381 1769 2384 ,

150 2415 351 2468 hiscens
370 2455 387 2479 ,
415 2430 476 2467 ac
500 2413 683 2467 deinde
705 2429 808 2468 sese
834 2415 1156 2466 contra/iens.
1189 2412 1313 2466 Post
1338 2411 1454 2466 hmc
1483 2426 1644 2480 pauca
1671 2413 1740 2466 de

150 2506 400 2562 incendio
444 2515 662 2577 questus
695 2524 710 2559 :
745 2507 1038 2571 Clamabat,
1070 2506 1281 2576 inquit,
1333 2507 1500 2559 viator
1535 2505 1741 2574 fulgure

149 2609 440 2667 erumpente
465 2613 485 2652 :
512 2599 804 2652 turbabatur
827 2601 880 2650 in
901 2599 1014 2650 luco
1038 2597 1282 2666 Daphnes
1304 2598 1550 2666 inquilina
1573 2613 1743 2651 sacer-

149 2690 246 2742 dos
270 2689 351 2744 dei
373 2705 392 2742 :
414 2690 754 2758 percussiones
777 2699 943 2742 autem
971 2698 1224 2757 pectorum
1246 2729 1262 2753 ,
1289 2696 1334 2741 et
1363 2689 1586 2755 eiulatus
1605 2706 1734 2742 acu-

149 2791 230 2834 tus
255 2797 344 2848 per
368 2781 532 2834 locum
555 2780 816 2834 arboribus
851 2781 1062 2834 densum
1103 2797 1400 2850 percurrens
1419 2821 1434 2845 ,
1473 2780 1541 2832 ad
1564 2781 1738 2834 urbem

149 2887 307 2941 usque
348 2871 606 2926 vehemens
659 2882 805 2941 atque
848 2872 1117 2940 horriﬁcus
1177 2873 1439 2942 pervadit;
1495 2872 1739 2941 principis

149 2961 328 3016 oculus
353 2971 471 3014 tunc
493 2978 723 3016 somnum
742 2979 921 3031 capere
948 2963 1191 3031 incipiens
1207 3003 1222 3028 ,
1253 2963 1321 3015 ad
1341 2963 1571 3016 acerbum
1601 2979 1736 3016 nun-

150 3053 277 3105 tium
306 3069 333 3105 e
359 3053 485 3107 lecto
513 3054 746 3107 surreait.
779 3053 806 3106 Ι
816 3053 883 3108 lle
923 3057 1094 3124 furore
1132 3055 1349 3124 percitus
1377 3054 1486 3108 alas
1516 3071 1548 3107 α
1594 3054 1737 3108 Mer-

149 3143 292 3196 curio
317 3145 456 3213 petit.
473 3144 580 3214 ipse
606 3146 672 3197 ad
693 3145 813 3198 mali
838 3145 1058 3199 radicem
1084 3146 1406 3216 qutereudam
1438 3163 1737 3214 properans,

153 3251 252 3286 non
283 3236 446 3288 minus
471 3236 604 3289 intus
627 3235 868 3303 ardebat,
898 3253 1050 3306 quant
1078 3239 1338 3307 templum.
1367 3237 1554 3292 Trabes
1583 3239 1737 3292 cade-

153 3324 271 3378 bant
292 3325 527 3380 deorsum
567 3327 732 3395 ignem
761 3331 972 3396 ferentes
991 3369 1006 3395 ,
1037 3345 1149 3398 qua:
1176 3330 1403 3400 proxime
1425 3331 1623 3384 stabant
1647 3331 1737 3384 ab-

151 3425 436 3479 sumentes,
486 3417 772 3486 Apollinem
817 3433 932 3471 vero
973 3419 1172 3484 statim,
1223 3429 1394 3490 utpote
1430 3421 1516 3491 qui
1553 3439 1737 3492 parum

153 3514 358 3565 distaret
400 3529 432 3565 a
461 3515 620 3575 lecto,
653 3508 770 3562 hinc
794 3516 842 3562 et
873 3509 978 3561 alia
1002 3520 1297 3564 ornamenta
1315 3552 1330 3577 ,
1377 3511 1739 3583 Musarumque

152 3615 345 3659 statuas
382 3605 450 3658 ibi
478 3618 695 3674 positas.
755 3603 1044 3673 lapillorum
1089 3604 1328 3676 fulgura,
1378 3609 1736 3661 columnarum

156 3697 598 3765 pulchritudinem.
631 3693 906 3751 Multitudo
930 3696 1259 3751 circumstans
1309 3697 1546 3768 lugebat,
1591 3716 1734 3769 opem

153 3791 286 3855 ferre
312 3803 414 3840 non
433 3786 637 3854 valens,
689 3797 744 3840 ut
778 3785 958 3842 accidit
997 3789 1060 3840 iis
1079 3788 1165 3858 qui
1194 3805 1222 3841 e
1250 3797 1383 3842 terra
1412 3791 1737 3861 naufragium

154 3879 352 3946 vident,
397 3895 610 3950 quorum
660 3882 909 3934 auxilium
951 3895 1108 3935 unum
1147 3890 1255 3949 est,
1306 3886 1496 3954 factum
1546 3883 1736 3954 lugere.

155 3968 298 4024 Certe
339 3987 578 4041 magnum
605 3974 880 4027 excitavere
909 3974 1097 4027 luctum
1116 3990 1179 4027 ea:
1203 3975 1426 4044 fontibus
1451 3977 1737 4032 exsilientes

155 4063 424 4132 nymphas,
471 4081 711 4134 magnum
737 4062 944 4132 Jupiter
981 4081 1136 4136 prope
1173 4066 1378 4134 sedens,
1429 4077 1482 4120 ut
1513 4084 1606 4137 par
1633 4077 1739 4121 erat

154 4155 471 4225 labefactatis
509 4156 602 4224 lilii
629 4157 899 4210 honoribus
923 4172 942 4210 :
970 4157 1220 4227 ingentem
1245 4160 1363 4211 item
1387 4168 1735 4212 sexcentarum

155 4253 441 4299 dtenionum
469 4247 522 4299 in
543 4247 654 4300 luco
693 4248 979 4318 degentium
1009 4261 1162 4302 cretus
1191 4264 1210 4302 :
1238 4265 1327 4302 nec
1363 4250 1604 4303 minorem
1643 4249 1742 4302 lu-

154 4351 290 4389 ctum
310 4338 474 4390 media
493 4355 554 4392 ea:
578 4341 697 4392 urbe
713 4338 939 4409 CalliOpe
962 4341 1212 4403 excitavit,
1237 4339 1505 4394 Musarum
1518 4343 1738 4412 chorago

156 4431 272 4499 igne
297 4430 438 4482 laesa.
468 4431 656 4486 Postea
685 4432 784 4485 sub
809 4432 967 4486 ﬁnem
997 4433 1072 4486 ait
1105 4450 1117 4485 :
1159 4430 1286 4486 Esto
1316 4433 1438 4485 mihi
1475 4443 1522 4486 et
1566 4450 1731 4498 nunc,

161 4523 343 4591 Apollo
361 4565 378 4590 ,
407 4525 606 4593 qualem
643 4535 689 4580 te
717 4526 935 4579 reddidit
961 4524 1176 4597 Chryses
1196 4566 1211 4589 ,
1243 4528 1360 4579 dum
1406 4527 1606 4580 Achivis
1644 4527 1739 4579 im-

159 4627 468 4684 precarctur,
510 4617 587 4669 ira
605 4618 808 4683 plenum
837 4629 881 4671 et
907 4621 1038 4671 nocti
1066 4620 1315 4684 similem,
1353 4620 1472 4689 quia
1490 4635 1602 4672 cum
1634 4630 1737 4673 sto-

160 4708 240 4763 las
266 4709 287 4740 ⁸
316 4708 403 4762 tibi
431 4711 790 4774 redderemus,
814 4720 860 4763 et
908 4723 1148 4780 quantum
1201 4713 1424 4764 ablatum
1454 4715 1618 4784 fuerat
1656 4730 1739 4768 re-

159 4803 495 4866 stitueremus,
519 4811 820 4871 praereptum
846 4813 916 4855 est
944 4803 1078 4871 quod
1103 4804 1342 4868 colimus,
1369 4820 1435 4874 ac
1457 4805 1502 4859 si
1527 4821 1742 4874 sponsus

157 4891 342 4960 aiiquis
359 4930 375 4954 ,
404 4891 525 4944 dum
551 4907 752 4945 corona
775 4903 1062 4956 nectuntur,
1089 4895 1418 4948 abscessisset.

230 4981 320 5035 2|.
369 4981 494 5035 llzuc
529 4981 837 5037 lamentatio
879 4983 1016 5047 fuit,
1054 4999 1147 5038 seu
1185 4989 1358 5054 potius
1403 4984 1485 5038 hae
1516 4985 1742 5042 modicae

159 5083 281 5128 sunt
319 5074 708 5129 lamentationis
753 5085 947 5144 partes.
992 5075 1118 5132 Mihi
1163 5092 1291 5132 vero
1331 5079 1510 5134 mirari
1560 5080 1734 5147 subit,

160 5165 429 5234 qlnunodo
466 5166 517 5219 in
545 5166 640 5228 iis,
670 5181 786 5234 qua:
830 5168 1028 5234 pudore
1070 5167 1288 5223 afﬁcere
1332 5169 1630 5236 debebant,
1683 5185 1745 5226 se

159 5266 407 5311 ornatum
431 5273 549 5311 esse
577 5268 725 5327 putet
754 5276 766 5311 :
799 5260 966 5314 nihilo
991 5263 1213 5326 melius,
1231 5278 1388 5332 quam
1413 5265 1663 5319 lascivum
1690 5275 1744 5319 et

161 5353 476 5406 obscaenum
503 5351 787 5420 juvenem,
819 5354 870 5407 in
899 5355 1121 5408 meridie
1158 5371 1280 5409 eum
1310 5355 1512 5410 cithara
1551 5357 1742 5412 luden—

162 5456 266 5498 tem
299 5444 577 5509 inducens,
607 5456 661 5498 et
687 5446 877 5499 cantici
907 5456 1276 5516 argumentum
1306 5449 1490 5504 dicens
1516 5450 1740 5504 amicam

159 5555 312 5605 esse,
343 5555 610 5609 auresque
638 5541 753 5595 illas
802 5541 982 5596 beatas
1012 5541 1306 5612 praedicans
1326 5585 1340 5610 ,
1365 5559 1483 5613 quae
1531 5553 1742 5614 turpem

224 5700 237 5730 ¹
411 5703 620 5768 etunus
651 5698 829 5768 collem
869 5698 965 5750 nisi
991 5707 1146 5762 Cyrus
1181 5712 1288 5764 pra:
1323 5699 1616 5754 humanitate
1655 5716 1744 5754 sua

155 5761 291 5815 illum
310 5759 590 5826 dimisisset,
615 5759 734 5807 nihil
756 5759 930 5826 ipsum,
953 5759 1049 5812 etc}
1082 5819 1084 5826 _

217 5826 237 5856 ⁸
272 5823 378 5878 Alii,
397 5821 630 5877 uictumis,
655 5833 758 5881 pro,
773 5821 943 5876 stolas.

939 363 1026 418 ΒΕ
1064 361 1123 418 S.
1166 359 1462 425 BABYLA,
1501 353 1778 413 CONTRA
1804 353 2148 413 JULIANUM
2187 356 2277 412 ET
2314 355 2679 414 GEN’HLES.

3325 363 3440 418 566-

1849 470 1990 525 Illam
2012 471 2328 526 cantilenam
2367 472 2652 527 audierint.
2676 471 2742 526 Et
2771 469 2896 542 quid
2932 469 3144 542 quidem
3171 471 3312 526 dicat
3335 473 3430 526 ali-

1843 577 1976 632 quos
1993 565 2160 633 exiis,
2189 563 2280 636 qui
2313 565 2566 633 Daphnen
2589 565 3099 634 eteircumjacentia
3129 565 3244 620 loca
3274 566 3430 619 habi-

1845 665 1988 724 tant,
2020 658 2336 729 lacrymatos
2363 660 2791 728 esse;‘urbisque
2825 661 3114 728 principem
3149 659 3430 714 ardentem

1845 747 2042 814 fuisse,
2069 749 2309 820 nihilque
2338 751 2601 820 amplius,
2635 767 2792 821 quam
2830 750 3030 805 luctum
3065 751 3312 817 inducat,
3345 750 3432 804 ni-

1847 839 1918 894 hil
1948 841 2140 894 mirum
2177 859 2190 894 :
2222 841 2364 909 quod
2389 851 2564 896 autem
2598 842 2742 911 ipsos
2777 841 2911 896 deos
2949 842 3218 897 inseadem
3250 844 3433 898 consi-

1844 932 1898 984 lii
1927 932 2104 1000 inopia
2133 931 2298 986 fuisse
2331 932 2509 998 dicat,
2535 933 2817 1004 solumque
2858 934 2998 1003 apud
3026 949 3085 989 se
3110 934 3433 1005 lacrymatos

1843 1039 1991 1089 esse;
2023 1039 2087 1079 ac
2113 1040 2285 1095 neque
2309 1025 2493 1080 Jovem
2515 1068 2532 1094 ,
2560 1042 2732 1096 neque
2771 1025 3076 1096 Calliopen,
3125 1042 3296 1097 neque
3326 1026 3434 1081 fre-

1844 1129 2096 1187 quentem
2137 1119 2280 1172 illam
2303 1118 2608 1174 daemonum
2634 1121 2841 1174 turbam
2861 1161 2875 1184 ,
2905 1135 3078 1190 neque
3108 1121 3252 1189 ipsas
3277 1135 3433 1190 nym-

1845 1208 1978 1278 phas
2006 1208 2205 1278 aliquid
2237 1217 2420 1264 contra
2452 1211 2754 1265 incendium
2804 1213 3071 1280 potuisse,
3104 1211 3195 1265 sed
3243 1225 3430 1265 omnes

1845 1302 2073 1372 ejulatns
2096 1313 2152 1357 et
2183 1304 2356 1359 luctus
2386 1304 2650 1358 excitasse
2672 1312 2874 1357 tantum
2909 1322 2922 1356 :
2955 1303 3004 1357 id
3035 1303 3273 1373 profecto
3302 1303 3430 1356 ridis

1845 1397 2020 1450 culum
2055 1397 2340 1450 admodum
2369 1407 2468 1450 est.
2498 1397 2648 1464 Quod
2674 1397 2832 1466 igitur
2853 1412 3097 1466 magnam
3127 1397 3436 1466 acceperint.

1846 1487 2054 1556 plagam
2099 1488 2228 1542 satis
2254 1504 2319 1542 ex
2365 1487 2471 1556 jam
2520 1488 2677 1542 dictis
2719 1486 3143 1542 demonstratum
3189 1497 3312 1543 est:
3352 1499 3432 1543 et-

1843 1579 1984 1632 enim
2015 1580 2064 1632 in
2096 1579 2272 1633 medio
2303 1581 2490 1634 narrum
2533 1579 2676 1649 ipsos
2702 1577 2880 1634 lethali
2907 1580 3126 1634 vulnere
3161 1579 3432 1650 perfossus

1843 1672 2144 1727 eontitetur.
2195 1672 2307 1726 Non
2336 1673 2494 1743 igitur
2523 1672 2574 1726 id
2599 1674 2858 1744 patienter
2881 1672 3090 1726 tulisset
3115 1672 3426 1742 Imperator,

1843 1764 1946 1817 nisi
1975 1763 2120 1818 illum
2153 1765 2323 1832 major
2347 1773 2522 1818 metus
2545 1773 2601 1820 ct
2630 1763 2856 1818 formido
2883 1772 3214 1833 occupasset.
3245 1764 3431 1817 llesmt

1842 1854 2055 1908 demum
2081 1865 2133 1908 ut
2155 1855 2503 1908 ostendamus
2531 1871 2632 1923 qua
2663 1854 2731 1909 de
2757 1869 2914 1908 causa
2945 1855 3080 1908 Deus
3109 1854 3240 1907 iram
3279 1869 3430 1907 suam

1845 1946 1896 1999 in
1920 1945 2294 2018 Imperatorem
2341 1964 2444 2000 non
2479 1946 2786 2013 immiserit,
2812 1948 2904 2001 sed
2935 1947 2987 2000 in
3015 1947 3344 2012 dmnionem,
3378 1956 3433 2001 et

1843 2056 1940 2093 cur
1965 2040 2100 2109 ignis
2135 2055 2242 2093 non
2272 2048 2438 2094 totum
2463 2040 2715 2110 templum
2742 2040 3134 2108 absumpserit,
3162 2039 3255 2093 sed
3286 2054 3433 2093 com-

1841 2133 1998 2187 bllalO
2042 2142 2182 2187 tecto
2223 2133 2382 2188 etiam
2429 2132 2625 2186 idolum
2655 2131 3021 2201 prostraverit.
3077 2131 3259 2200 Neque
3287 2129 3430 2185 enim

1845 2233 2044 2280 temere
2070 2225 2266 2279 et’sine
2289 2239 2446 2277 causa
2475 2224 2589 2277 tunc
2616 2221 2752 2276 facta
2780 2233 2906 2277 sunt
2929 2264 2943 2288 ,
2977 2222 3070 2276 sed
3093 2238 3157 2276 ex
3188 2222 3279 2276 Dei
3307 2236 3431 2292 erga

1842 2328 2084 2373 errantes
2111 2318 2391 2372 clementia
2424 2318 2602 2371 omnia
2641 2326 2787 2388 gesta
2820 2316 2988 2371 fuere.
3017 2315 3116 2384 Qui
3143 2316 3285 2370 enim
3316 2331 3434 2369 om-

1844 2412 1930 2479 nia
1963 2411 2108 2466 novit
2134 2421 2414 2481 antequam
2457 2411 2586 2464 fiant
2605 2451 2619 2476 ,
2645 2419 2699 2465 et
2727 2409 2829 2464 hoc
2854 2425 2974 2463 cum
3019 2409 3137 2462 aliis
3165 2418 3384 2462 noverat
3415 2425 3430 2462 :

1843 2503 2044 2558 scilicet
2069 2503 2110 2558 si
2155 2503 2350 2557 fulmen
2391 2503 2442 2556 in
2472 2502 2850 2572 Imperatorem
2882 2501 3177 2556 immissum
3209 2499 3431 2566 fuisset,

1842 2597 1929 2666 qni
1983 2605 2273 2665 prmsentes
2301 2594 2524 2649 fuissent
2550 2610 2612 2648 ac
2641 2594 2935 2658 vidissent,
2975 2593 3040 2647 ad
3087 2601 3296 2663 tempus
3338 2609 3432 2648 ex-

1844 2687 2014 2741 territi
2044 2697 2256 2754 essent,
2287 2687 2527 2740 secundo
2547 2697 2723 2741 autem
2753 2685 2835 2740 vel
2865 2686 3025 2740 tertio
3051 2693 3265 2754 peracto
3288 2700 3430 2739 anno

1843 2781 1965 2834 facti
1996 2779 2253 2836 memoria
2286 2781 2566 2848 periisset,
2615 2778 2874 2848 multique
2917 2776 3086 2833 futuri
3123 2787 3276 2832 erant
3299 2821 3312 2845 ,
3340 2779 3430 2849 qui

1843 2872 2102 2926 miraculo
2129 2887 2234 2926 non
2265 2871 2566 2926 crederent.
2598 2871 2688 2926 Sin
2716 2885 2847 2925 vero
2875 2869 3130 2940 templum
3161 2867 3432 2923 ﬂammam

1842 2967 2138 3035 reciperet,
2185 2965 2331 3020 omni
2371 2980 2618 3035 praecone
2647 2963 2842 3019 clarius
2862 3005 2880 3030 ,
2909 2979 3014 3016 non
3048 2963 3112 3017 iis
3143 2962 3312 3017 solum
3339 2961 3431 3031 qui

1843 3066 1970 3112 tunc
1998 3065 2180 3122 erant,
2223 3057 2318 3112 sed
2369 3059 2528 3112 etiam
2559 3056 2790 3126 posteris
2828 3053 3081 3109 erunibus
3113 3054 3248 3108 iram
3277 3067 3429 3107 suam

1844 3149 2251 3204 denuntiaturus
2295 3157 2410 3203 erat
2447 3149 2588 3202 Deus
2619 3165 2632 3199 :
2661 3147 2735 3200 ita
2768 3153 2830 3200 ut
2863 3145 2909 3199 si
2947 3145 3036 3214 qui
3065 3160 3178 3199 rem
3221 3154 3429 3214 gestam

1842 3243 2044 3296 vellent
2071 3241 2407 3311 impudenter
2427 3241 2733 3306 occultare,
2755 3240 2820 3293 iis
2843 3239 3019 3293 onmis
3045 3239 3256 3293 occasio
3287 3253 3428 3307 prm-

1842 3335 2143 3389 cideretur.-
2160 3334 2410 3405 Quisquis
2449 3335 2589 3388 enim
2631 3334 2805 3388 locum
2839 3333 2996 3402 petit,
3029 3331 3107 3387 sic
3142 3333 3321 3386 animo
3346 3329 3428 3384 af-

1845 3425 2037 3490 ﬁcitur,
2076 3440 2140 3480 ac
2159 3426 2204 3479 si
2233 3424 2536 3479 incendium
2566 3439 2737 3494 nuper
2760 3423 3045 3478 accidisset
3066 3465 3078 3486 ,
3109 3432 3270 3492 atque
3299 3421 3428 3476 hor-

1843 3531 1934 3569 ror
1958 3515 2170 3584 quidam
2215 3515 2386 3585 ipsum
2432 3514 2662 3580 iItVndit,
2714 3523 2768 3568 et
2792 3512 2857 3567 ad
2897 3514 3086 3568 caelum
3135 3512 3431 3582 respiciens

1843 3610 2018 3662 statim
2065 3608 2300 3663 celebrat
2342 3607 2589 3662 virtutem
2620 3607 2769 3677 ejus,
2812 3607 2901 3677 qui
2955 3605 3140 3661 istlncc
3179 3615 3430 3675 operatus

1843 3708 1946 3753 cst.
1977 3699 2044 3753 Ut
2087 3699 2228 3754 enim
2260 3699 2304 3753 si
2331 3700 2448 3770 quis
2470 3698 2777 3769 praedonum
2826 3698 3082 3767 principis
3134 3707 3344 3752 antrum
3374 3707 3436 3752 et

1844 3791 2120 3845 latibulum
2165 3791 2532 3862 perfringens,
2565 3791 2799 3846 vinctum
2830 3791 2979 3845 illum
3023 3789 3297 3855 eduxerit,
3341 3787 3428 3843 di-

1844 3885 2114 3954 reptisque
2141 3885 2257 3954 ejus
2284 3883 2620 3939 facultatibus
2639 3925 2655 3950 ,
2682 3885 2858 3938 locum
2885 3881 3156 3952 reliquerit
3185 3889 3426 3951 recepta-

1843 3976 2022 4031 culum
2053 3975 2283 4031 ferarum
2314 3985 2367 4030 et
2397 3974 2841 4038 monedularum;
2873 3973 3069 4028 deinde
3097 3987 3256 4040 vero,
3284 3974 3430 4042 quis-

1844 4070 1963 4140 quis
2005 4070 2058 4123 in
2104 4066 2406 4138 huiusmodi
2443 4066 2719 4121 latibulum
2760 4065 3000 4129 venerit,
3045 4065 3222 4120 statim
3269 4072 3431 4134 atque

1846 4165 2018 4218 locum
2047 4161 2226 4229 videt,
2260 4161 2503 4215 incursus
2531 4171 2586 4214 et
2610 4159 2747 4212 furta
2779 4158 2952 4212 locum
2982 4158 3128 4226 prius
3151 4157 3434 4212 incolentis

1845 4253 1944 4309 sibi
1997 4253 2177 4307 animo
2223 4251 2494 4321 depingit:
2529 4251 2600 4304 ita
2626 4257 2682 4304 et
2721 4247 2809 4303 hic
2834 4263 2931 4302 usu
2974 4249 3136 4302 venit.
3182 4247 3440 4318 Quisquis.

1845 4345 1988 4398 enim
2019 4344 2292 4398 columnas
2323 4340 2510 4412 procul
2527 4340 2784 4411 conspicit
2805 4380 2821 4405 ,
2849 4338 3216 4410 accedensque
3245 4349 3440 4409 postea.

1848 4439 2006 4490 limen
2031 4433 2434 4505 transgreditur,
2468 4433 2728 4488 damonis
2755 4431 3206 4490 abominalionem
3250 4432 3430 4487 animo

1847 4529 1946 4584 sibi
1975 4529 2212 4598 depingit
2235 4569 2250 4593 ,
2280 4527 2538 4582 fallaciam
2565 4525 2691 4580 item
2719 4534 2772 4579 et
2792 4523 3011 4579 insidias
3045 4542 3058 4577 :
3090 4534 3248 4594 atque
3296 4524 3429 4578 iram

1847 4622 2204 4688 virtutemque
2243 4618 2336 4673 Dei
2364 4623 2583 4672 miratus
2608 4615 2864 4670 abscedit.
2893 4615 2982 4670 Sic
3004 4615 3144 4685 quod
3174 4615 3318 4684 prius
3342 4629 3438 4667 er-

1847 4713 1986 4767 roris
2017 4720 2072 4767 et
2098 4709 2441 4780 blasphemiae
2472 4707 2830 4763 habitaculum
2860 4706 3065 4775 fuerat,
3095 4722 3234 4762 nunc
3260 4707 3430 4762 laudis

1846 4803 2188 4859 decantandae
2209 4812 2584 4872 argumentum
2613 4807 2697 4856 est
2726 4817 2739 4853 :
2767 4809 2909 4854 tanta
2939 4800 3081 4855 Deus
3109 4809 3292 4854 noster
3318 4815 3430 4853 ma.-

1845 4895 2096 4950 chinandi
2124 4903 2240 4949 arte
2258 4891 2511 4947 valet..Et
2532 4891 2792 4946 mirabilia
2817 4890 3116 4959 hujusmodi
3149 4907 3256 4945 non
3287 4905 3427 4944 mmc

1846 4989 2078 5058 primum
2096 5028 2110 5051 ,
2133 4986 2226 5042 sed
2243 4986 2351 5056 jam
2375 4986 2502 5039 olim
2524 4999 2552 5038 a
2582 4984 2843 5054 prioribus
2854 4983 3286 5054 generationibus
3304 4996 3432 5052 ope-

1847 5089 2012 5135 ratur.
2039 5079 2226 5134 Omnia
2259 5093 2420 5148 porro
2445 5091 2726 5134 recensere
2753 5091 2858 5130 non
2881 5085 2963 5131 est
2991 5075 3268 5145 prtesentis
3301 5081 3432 5127 tem-

1847 5176 2024 5242 poris;
2049 5189 2160 5227 rem
2198 5180 2370 5225 tamen
2415 5169 2847 5225 commemorabo
2877 5167 3001 5222 huic
3023 5167 3240 5220 omnino
3283 5165 3432 5219 simi-

1848 5269 1969 5321 lem.
1996 5267 2142 5320 Bello
2172 5267 2296 5318 olim
2335 5267 2388 5318 in
2409 5263 2689 5318 Palmstina
2733 5263 2954 5318 subortu
2978 5261 3116 5315 inter
3144 5257 3358 5313 Jndmos
3382 5269 3434 5314 et

1845 5357 2102 5429 quosdam
2155 5356 2509 5425 alienigenas,
2545 5355 2769 5408 victoria
2814 5351 2966 5422 potiti
3015 5351 3197 5405 hostes
3222 5359 3434 5419 captam

1849 5450 1940 5503 Dei
1968 5463 2144 5502 arcam
2180 5448 2255 5517 (ι.
2280 5444 2389 5516 Reg
2437 5445 2489 5500 5.
2515 5445 2575 5514 2)
2594 5485 2608 5510 ,
2651 5443 2802 5514 quasi
2845 5441 3122 5496 manubias
3152 5448 3204 5494 et
3231 5440 3397 5511 Spolia
3417 5481 3434 5508 ,

1846 5541 2052 5596 cuidam
2086 5538 2229 5594 idolo
2251 5545 2664 5602 consecrarunt,
2709 5536 2794 5591 cui
2841 5547 3036 5588 nomen
3071 5533 3250 5601 Dagon
3298 5543 3434 5586 erat.

1848 5634 1947 5690 ιω
1976 5643 2151 5688 autem
2180 5633 2407 5702 primum
2457 5630 2669 5686 inducta
2700 5628 2797 5683 fuit
2826 5642 2947 5683 arca
2978 5669 2994 5693 ,
3036 5635 3208 5680 statua
3239 5625 3436 5682 decidit

1850 5736 1902 5778 ot
1934 5732 2196 5794 prostrata
2222 5723 2450 5792 jacebat.
2489 5719 2555 5776 Ut
2583 5729 2758 5774 autem
2788 5735 2853 5775 ex
2907 5717 3008 5772 hoc
3031 5732 3156 5773 casu
3191 5718 3280 5773 Dei
3325 5718 3431 5771 vir-

1853 5829 2016 5875 tutem
2065 5833 2170 5872 non
2197 5814 2602 5881 intellexerunt,
2641 5810 2736 5870 scd
2777 5819 3009 5868 erectam
3060 5826 3245 5867 rursus
3293 5810 3433 5866 illam
