  <div class='ocr_page' id='page_1' title='image "/cluster/home/n/w/nwhite01/storage/ocr_20150623/50/mdp.39015066055818/163.png"; bbox 0 0 3884 6294; ppageno 0'>
   <div class='ocr_carea' id='block_1_1' title="bbox 429 350 529 407">
    <p class='ocr_par' dir='ltr' id='par_1_1' title="bbox 429 350 529 407">
     <span class='ocr_line' id='line_1_1' title="bbox 429 350 529 407; baseline -0.06 1"><span class='ocrx_word' id='word_1_1' title='bbox 429 350 529 407; x_wconf 77' lang='lat'><strong>567</strong></span> 
     </span>
    </p>
   </div>
   <div class='ocr_carea' id='block_1_2' title="bbox 430 458 2006 528">
    <p class='ocr_par' dir='ltr' id='par_1_2' title="bbox 430 458 2006 528">
     <span class='ocr_line' id='line_1_2' title="bbox 430 458 2006 528; baseline -0.004 -11"><span class='ocrx_word' id='word_1_2' title='bbox 430 465 481 517; x_wconf 92' lang='lat' dir='ltr'><strong>in</strong></span> <span class='ocrx_word' id='word_1_3' title='bbox 511 461 623 516; x_wconf 85' lang='lat' dir='ltr'><strong>basi</strong></span> <span class='ocrx_word' id='word_1_4' title='bbox 652 474 744 516; x_wconf 91' lang='lat' dir='ltr'><strong>sua</strong></span> <span class='ocrx_word' id='word_1_5' title='bbox 779 459 1140 524; x_wconf 87' lang='lat' dir='ltr'><strong>collocarunt,</strong></span> <span class='ocrx_word' id='word_1_6' title='bbox 1165 459 1418 528; x_wconf 73' lang='lat' dir='ltr'><strong>postridie</strong></span> <span class='ocrx_word' id='word_1_7' title='bbox 1438 458 1536 512; x_wconf 80' lang='lat' dir='ltr'><strong>sub</strong></span> <span class='ocrx_word' id='word_1_8' title='bbox 1565 473 1770 510; x_wconf 75' lang='lat' dir='ltr'><strong>aurora:</strong></span> <span class='ocrx_word' id='word_1_9' title='bbox 1799 465 2006 524; x_wconf 92' lang='lat' dir='ltr'><strong>tempus</strong></span> 
     </span>
    </p>
   </div>
   <div class='ocr_carea' id='block_1_3' title="bbox 429 548 2012 620">
    <p class='ocr_par' dir='ltr' id='par_1_3' title="bbox 429 548 2012 620">
     <span class='ocr_line' id='line_1_3' title="bbox 429 548 2012 620; baseline -0.004 -12"><span class='ocrx_word' id='word_1_10' title='bbox 429 555 779 618; x_wconf 83' lang='lat' dir='ltr'><strong>accedentes,</strong></span> <span class='ocrx_word' id='word_1_11' title='bbox 811 568 915 606; x_wconf 93' lang='lat' dir='ltr'><strong>non</strong></span> <span class='ocrx_word' id='word_1_12' title='bbox 964 552 1132 605; x_wconf 88' lang='lat' dir='ltr'><strong>solum</strong></span> <span class='ocrx_word' id='word_1_13' title='bbox 1178 551 1482 620; x_wconf 67' lang='lat' dir='ltr'><strong>delapsam,</strong></span> <span class='ocrx_word' id='word_1_14' title='bbox 1511 550 1604 604; x_wconf 90' lang='lat' dir='ltr'><strong>sed</strong></span> <span class='ocrx_word' id='word_1_15' title='bbox 1649 549 1860 618; x_wconf 82' lang='lat' dir='ltr'><strong>penitus</strong></span> <span class='ocrx_word' id='word_1_16' title='bbox 1907 548 2012 602; x_wconf 89' lang='lat' dir='ltr'><strong>fra-</strong></span> 
     </span>
    </p>
   </div>
   <div class='ocr_carea' id='block_1_4' title="bbox 433 640 2010 713">
    <p class='ocr_par' dir='ltr' id='par_1_4' title="bbox 433 640 2010 713">
     <span class='ocr_line' id='line_1_4' title="bbox 433 640 2010 713; baseline -0.004 -15"><span class='ocrx_word' id='word_1_17' title='bbox 433 656 570 698; x_wconf 90' lang='lat' dir='ltr'><strong>ctam</strong></span> <span class='ocrx_word' id='word_1_18' title='bbox 595 651 925 713; x_wconf 89' lang='lat' dir='ltr'><strong>repererunt.</strong></span> <span class='ocrx_word' id='word_1_19' title='bbox 957 641 1088 696; x_wconf 87' lang='lat' dir='ltr'><strong>Nam</strong></span> <span class='ocrx_word' id='word_1_20' title='bbox 1116 642 1313 696; x_wconf 75' lang='lat' dir='ltr'><strong>avulsa:</strong></span> <span class='ocrx_word' id='word_1_21' title='bbox 1343 655 1532 694; x_wconf 89' lang='lat' dir='ltr'><strong>manus</strong></span> <span class='ocrx_word' id='word_1_22' title='bbox 1555 641 1623 693; x_wconf 91' lang='lat' dir='ltr'><strong>ab</strong></span> <span class='ocrx_word' id='word_1_23' title='bbox 1647 641 1917 703; x_wconf 90' lang='lat' dir='ltr'><strong>lmmeris,</strong></span> <span class='ocrx_word' id='word_1_24' title='bbox 1944 640 2010 693; x_wconf 90' lang='lat' dir='ltr'><strong>ad</strong></span> 
     </span>
    </p>
   </div>
   <div class='ocr_carea' id='block_1_5' title="bbox 432 733 2012 804">
    <p class='ocr_par' dir='ltr' id='par_1_5' title="bbox 432 733 2012 804">
     <span class='ocr_line' id='line_1_5' title="bbox 432 733 2012 804; baseline -0.002 -14"><span class='ocrx_word' id='word_1_25' title='bbox 432 737 593 790; x_wconf 92' lang='lat' dir='ltr'><strong>limen</strong></span> <span class='ocrx_word' id='word_1_26' title='bbox 624 735 804 804; x_wconf 90' lang='lat' dir='ltr'><strong>templi</strong></span> <span class='ocrx_word' id='word_1_27' title='bbox 846 749 968 788; x_wconf 94' lang='lat' dir='ltr'><strong>cum</strong></span> <span class='ocrx_word' id='word_1_28' title='bbox 1007 734 1225 802; x_wconf 89' lang='lat' dir='ltr'><strong>pedibus</strong></span> <span class='ocrx_word' id='word_1_29' title='bbox 1268 733 1610 796; x_wconf 84' lang='lat' dir='ltr'><strong>exsilierant,</strong></span> <span class='ocrx_word' id='word_1_30' title='bbox 1640 733 1841 802; x_wconf 87' lang='lat' dir='ltr'><strong>reliqua</strong></span> <span class='ocrx_word' id='word_1_31' title='bbox 1889 749 2012 801; x_wconf 91' lang='lat' dir='ltr'><strong>pars</strong></span> 
     </span>
    </p>
   </div>
   <div class='ocr_carea' id='block_1_6' title="bbox 431 825 2010 893">
    <p class='ocr_par' dir='ltr' id='par_1_6' title="bbox 431 825 2010 893">
     <span class='ocr_line' id='line_1_6' title="bbox 431 825 2010 893; baseline -0.003 -12"><span class='ocrx_word' id='word_1_32' title='bbox 431 835 617 881; x_wconf 74' lang='lat' dir='ltr'><strong>statua:</strong></span> <span class='ocrx_word' id='word_1_33' title='bbox 659 825 860 880; x_wconf 88' lang='lat' dir='ltr'><strong>divulsa</strong></span> <span class='ocrx_word' id='word_1_34' title='bbox 909 825 1030 879; x_wconf 87' lang='lat' dir='ltr'><strong>alibi</strong></span> <span class='ocrx_word' id='word_1_35' title='bbox 1073 834 1281 893; x_wconf 85' lang='lat' dir='ltr'><strong>reperta</strong></span> <span class='ocrx_word' id='word_1_36' title='bbox 1337 833 1439 879; x_wconf 91' lang='lat' dir='ltr'><strong>est.</strong></span> <span class='ocrx_word' id='word_1_37' title='bbox 1487 825 1839 879; x_wconf 83' lang='lat' dir='ltr'><strong>Soddmorum</strong></span> <span class='ocrx_word' id='word_1_38' title='bbox 1885 826 2010 879; x_wconf 82' lang='lat' dir='ltr'><strong>item</strong></span> 
     </span>
    </p>
   </div>
   <div class='ocr_carea' id='block_1_7' title="bbox 433 914 2012 986">
    <p class='ocr_par' dir='ltr' id='par_1_7' title="bbox 433 914 2012 986">
     <span class='ocr_line' id='line_1_7' title="bbox 433 914 2012 986; baseline -0.002 -14"><span class='ocrx_word' id='word_1_39' title='bbox 433 917 591 972; x_wconf 87' lang='lat' dir='ltr'><strong>tellus</strong></span> <span class='ocrx_word' id='word_1_40' title='bbox 611 959 626 984; x_wconf 93' lang='lat'><strong>,</strong></span> <span class='ocrx_word' id='word_1_41' title='bbox 652 927 710 971; x_wconf 92' lang='lat' dir='ltr'><strong>ut</strong></span> <span class='ocrx_word' id='word_1_42' title='bbox 733 932 893 986; x_wconf 89' lang='lat' dir='ltr'><strong>parva</strong></span> <span class='ocrx_word' id='word_1_43' title='bbox 924 917 1129 984; x_wconf 83' lang='lat' dir='ltr'><strong>magnis</strong></span> <span class='ocrx_word' id='word_1_44' title='bbox 1157 916 1526 981; x_wconf 85' lang='lat' dir='ltr'><strong>conferamus,</strong></span> <span class='ocrx_word' id='word_1_45' title='bbox 1561 915 1680 969; x_wconf 88' lang='lat' dir='ltr'><strong>ideo</strong></span> <span class='ocrx_word' id='word_1_46' title='bbox 1705 931 1824 970; x_wconf 93' lang='lat' dir='ltr'><strong>cum</strong></span> <span class='ocrx_word' id='word_1_47' title='bbox 1861 914 2012 969; x_wconf 57' lang='lat' dir='ltr'><strong>hahi-</strong></span> 
     </span>
    </p>
   </div>
   <div class='ocr_carea' id='block_1_8' title="bbox 429 1005 2017 1077">
    <p class='ocr_par' dir='ltr' id='par_1_8' title="bbox 429 1005 2017 1077">
     <span class='ocr_line' id='line_1_8' title="bbox 429 1005 2017 1077; baseline -0.001 -15"><span class='ocrx_word' id='word_1_48' title='bbox 429 1008 686 1063; x_wconf 86' lang='lat' dir='ltr'><strong>tatoribus</strong></span> <span class='ocrx_word' id='word_1_49' title='bbox 717 1008 837 1076; x_wconf 85' lang='lat' dir='ltr'><strong>igne</strong></span> <span class='ocrx_word' id='word_1_50' title='bbox 866 1018 1137 1076; x_wconf 88' lang='lat' dir='ltr'><strong>assumpta</strong></span> <span class='ocrx_word' id='word_1_51' title='bbox 1170 1008 1325 1076; x_wconf 89' lang='lat' dir='ltr'><strong>periit</strong></span> <span class='ocrx_word' id='word_1_52' title='bbox 1355 1007 1503 1077; x_wconf 86' lang='lat' dir='ltr'><strong>(Gen.</strong></span> <span class='ocrx_word' id='word_1_53' title='bbox 1538 1007 1626 1076; x_wconf 68' lang='lat'><strong>49)</strong></span> <span class='ocrx_word' id='word_1_54' title='bbox 1653 1048 1668 1073; x_wconf 95' lang='lat'><strong>,</strong></span> <span class='ocrx_word' id='word_1_55' title='bbox 1723 1005 2017 1061; x_wconf 85' lang='lat' dir='ltr'><strong>infructuo-</strong></span> 
     </span>
    </p>
   </div>
   <div class='ocr_carea' id='block_1_9' title="bbox 431 1096 2014 1166">
    <p class='ocr_par' dir='ltr' id='par_1_9' title="bbox 431 1096 2014 1166">
     <span class='ocr_line' id='line_1_9' title="bbox 431 1096 2014 1166; baseline 0.001 -17"><span class='ocrx_word' id='word_1_56' title='bbox 431 1112 594 1166; x_wconf 90' lang='lat' dir='ltr'><strong>saque</strong></span> <span class='ocrx_word' id='word_1_57' title='bbox 625 1097 850 1160; x_wconf 89' lang='lat' dir='ltr'><strong>mansit,</strong></span> <span class='ocrx_word' id='word_1_58' title='bbox 888 1106 946 1152; x_wconf 92' lang='lat' dir='ltr'><strong>ut</strong></span> <span class='ocrx_word' id='word_1_59' title='bbox 987 1113 1090 1150; x_wconf 92' lang='lat' dir='ltr'><strong>non</strong></span> <span class='ocrx_word' id='word_1_60' title='bbox 1125 1097 1286 1151; x_wconf 90' lang='lat' dir='ltr'><strong>modo</strong></span> <span class='ocrx_word' id='word_1_61' title='bbox 1317 1098 1458 1152; x_wconf 91' lang='lat' dir='ltr'><strong>illius</strong></span> <span class='ocrx_word' id='word_1_62' title='bbox 1485 1098 1582 1150; x_wconf 72' lang='lat' dir='ltr'><strong>aevi</strong></span> <span class='ocrx_word' id='word_1_63' title='bbox 1614 1096 1889 1163; x_wconf 86' lang='lat' dir='ltr'><strong>homines,</strong></span> <span class='ocrx_word' id='word_1_64' title='bbox 1919 1096 2014 1152; x_wconf 91' lang='lat' dir='ltr'><strong>sed</strong></span> 
     </span>
    </p>
   </div>
   <div class='ocr_carea' id='block_1_10' title="bbox 436 1190 2015 1260">
    <p class='ocr_par' dir='ltr' id='par_1_10' title="bbox 436 1190 2015 1260">
     <span class='ocr_line' id='line_1_10' title="bbox 436 1190 2015 1260; baseline 0.002 -19"><span class='ocrx_word' id='word_1_65' title='bbox 436 1200 554 1257; x_wconf 88' lang='lat' dir='ltr'><strong>post</strong></span> <span class='ocrx_word' id='word_1_66' title='bbox 575 1190 733 1245; x_wconf 86' lang='lat' dir='ltr'><strong>futuri</strong></span> <span class='ocrx_word' id='word_1_67' title='bbox 761 1205 948 1244; x_wconf 89' lang='lat' dir='ltr'><strong>omnes</strong></span> <span class='ocrx_word' id='word_1_68' title='bbox 978 1192 1167 1244; x_wconf 86' lang='lat' dir='ltr'><strong>alneis</strong></span> <span class='ocrx_word' id='word_1_69' title='bbox 1211 1192 1341 1259; x_wconf 91' lang='lat' dir='ltr'><strong>ipsis</strong></span> <span class='ocrx_word' id='word_1_70' title='bbox 1383 1191 1448 1244; x_wconf 87' lang='lat' dir='ltr'><strong>ad</strong></span> <span class='ocrx_word' id='word_1_71' title='bbox 1493 1191 1768 1245; x_wconf 88' lang='lat' dir='ltr'><strong>meliorem</strong></span> <span class='ocrx_word' id='word_1_72' title='bbox 1812 1191 2015 1260; x_wconf 79' lang='lat' dir='ltr'><strong>frugem</strong></span> 
     </span>
    </p>
   </div>
   <div class='ocr_carea' id='block_1_11' title="bbox 433 1282 2017 1351">
    <p class='ocr_par' dir='ltr' id='par_1_11' title="bbox 433 1282 2017 1351">
     <span class='ocr_line' id='line_1_11' title="bbox 433 1282 2017 1351; baseline 0.001 -15"><span class='ocrx_word' id='word_1_73' title='bbox 433 1282 832 1337; x_wconf 87' lang='lat' dir='ltr'><strong>reducerentur.</strong></span> <span class='ocrx_word' id='word_1_74' title='bbox 861 1283 918 1338; x_wconf 87' lang='lat' dir='ltr'><strong>Si</strong></span> <span class='ocrx_word' id='word_1_75' title='bbox 962 1284 1102 1338; x_wconf 89' lang='lat' dir='ltr'><strong>enim</strong></span> <span class='ocrx_word' id='word_1_76' title='bbox 1147 1283 1388 1337; x_wconf 83' lang='lat' dir='ltr'><strong>homines</strong></span> <span class='ocrx_word' id='word_1_77' title='bbox 1414 1292 1614 1337; x_wconf 89' lang='lat' dir='ltr'><strong>tantum</strong></span> <span class='ocrx_word' id='word_1_78' title='bbox 1645 1285 1779 1338; x_wconf 88' lang='lat' dir='ltr'><strong>ultio</strong></span> <span class='ocrx_word' id='word_1_79' title='bbox 1811 1285 2017 1351; x_wconf 84' lang='lat' dir='ltr'><strong>attigis-</strong></span> 
     </span>
    </p>
   </div>
   <div class='ocr_carea' id='block_1_12' title="bbox 433 1374 2018 1444">
    <p class='ocr_par' dir='ltr' id='par_1_12' title="bbox 433 1374 2018 1444">
     <span class='ocr_line' id='line_1_12' title="bbox 433 1374 2018 1444; baseline 0.004 -19"><span class='ocrx_word' id='word_1_80' title='bbox 433 1383 549 1440; x_wconf 77' lang='lat' dir='ltr'><strong>set,</strong></span> <span class='ocrx_word' id='word_1_81' title='bbox 582 1374 777 1429; x_wconf 88' lang='lat' dir='ltr'><strong>factum</strong></span> <span class='ocrx_word' id='word_1_82' title='bbox 819 1385 1002 1444; x_wconf 88' lang='lat' dir='ltr'><strong>postea</strong></span> <span class='ocrx_word' id='word_1_83' title='bbox 1048 1391 1152 1428; x_wconf 89' lang='lat' dir='ltr'><strong>non</strong></span> <span class='ocrx_word' id='word_1_84' title='bbox 1192 1375 1450 1429; x_wconf 91' lang='lat' dir='ltr'><strong>creditum</strong></span> <span class='ocrx_word' id='word_1_85' title='bbox 1484 1374 1687 1430; x_wconf 79' lang='lat' dir='ltr'><strong>fuisset.</strong></span> <span class='ocrx_word' id='word_1_86' title='bbox 1718 1376 1839 1430; x_wconf 91' lang='lat' dir='ltr'><strong>Ideo</strong></span> <span class='ocrx_word' id='word_1_87' title='bbox 1867 1375 2018 1431; x_wconf 89' lang='lat' dir='ltr'><strong>locus</strong></span> 
     </span>
    </p>
   </div>
   <div class='ocr_carea' id='block_1_13' title="bbox 437 1467 2018 1537">
    <p class='ocr_par' dir='ltr' id='par_1_13' title="bbox 437 1467 2018 1537">
     <span class='ocr_line' id='line_1_13' title="bbox 437 1467 2018 1537; baseline 0.001 -17"><span class='ocrx_word' id='word_1_88' title='bbox 437 1469 642 1536; x_wconf 68' lang='lat' dir='ltr'><strong>pfagam</strong></span> <span class='ocrx_word' id='word_1_89' title='bbox 673 1467 901 1536; x_wconf 88' lang='lat' dir='ltr'><strong>accipit,</strong></span> <span class='ocrx_word' id='word_1_90' title='bbox 933 1468 1022 1537; x_wconf 89' lang='lat' dir='ltr'><strong>qui</strong></span> <span class='ocrx_word' id='word_1_91' title='bbox 1069 1475 1244 1536; x_wconf 90' lang='lat' dir='ltr'><strong>potest</strong></span> <span class='ocrx_word' id='word_1_92' title='bbox 1273 1479 1512 1537; x_wconf 86' lang='lat' dir='ltr'><strong>tempore</strong></span> <span class='ocrx_word' id='word_1_93' title='bbox 1539 1483 1642 1523; x_wconf 91' lang='lat' dir='ltr'><strong>non</strong></span> <span class='ocrx_word' id='word_1_94' title='bbox 1671 1468 1872 1533; x_wconf 86' lang='lat' dir='ltr'><strong>deleri,</strong></span> <span class='ocrx_word' id='word_1_95' title='bbox 1904 1470 2018 1523; x_wconf 92' lang='lat' dir='ltr'><strong>sin-</strong></span> 
     </span>
    </p>
   </div>
   <div class='ocr_carea' id='block_1_14' title="bbox 436 1556 2020 1630">
    <p class='ocr_par' dir='ltr' id='par_1_14' title="bbox 436 1556 2020 1630">
     <span class='ocr_line' id='line_1_14' title="bbox 436 1556 2020 1630; baseline 0.004 -23"><span class='ocrx_word' id='word_1_96' title='bbox 436 1557 692 1624; x_wconf 80' lang='lat' dir='ltr'><strong>gnlasque</strong></span> <span class='ocrx_word' id='word_1_97' title='bbox 743 1557 1115 1625; x_wconf 81' lang='lat' dir='ltr'><strong>generationes</strong></span> <span class='ocrx_word' id='word_1_98' title='bbox 1169 1556 1611 1626; x_wconf 79' lang='lat' dir='ltr'><strong>commonefacit,</strong></span> <span class='ocrx_word' id='word_1_99' title='bbox 1666 1558 1780 1630; x_wconf 79' lang='lat' dir='ltr'><strong>lege</strong></span> <span class='ocrx_word' id='word_1_100' title='bbox 1829 1574 2020 1629; x_wconf 88' lang='lat' dir='ltr'><strong>nempe</strong></span> 
     </span>
    </p>
   </div>
   <div class='ocr_carea' id='block_1_15' title="bbox 437 1647 2018 1718">
    <p class='ocr_par' dir='ltr' id='par_1_15' title="bbox 437 1647 2018 1718">
     <span class='ocr_line' id='line_1_15' title="bbox 437 1647 2018 1718; baseline 0.004 -21"><span class='ocrx_word' id='word_1_101' title='bbox 437 1654 690 1698; x_wconf 87' lang='lat' dir='ltr'><strong>statutum</strong></span> <span class='ocrx_word' id='word_1_102' title='bbox 732 1661 884 1712; x_wconf 89' lang='lat' dir='ltr'><strong>esse,</strong></span> <span class='ocrx_word' id='word_1_103' title='bbox 915 1656 972 1701; x_wconf 92' lang='lat' dir='ltr'><strong>ut</strong></span> <span class='ocrx_word' id='word_1_104' title='bbox 1023 1647 1110 1716; x_wconf 92' lang='lat' dir='ltr'><strong>qui</strong></span> <span class='ocrx_word' id='word_1_105' title='bbox 1159 1647 1279 1700; x_wconf 87' lang='lat' dir='ltr'><strong>talia</strong></span> <span class='ocrx_word' id='word_1_106' title='bbox 1328 1657 1521 1715; x_wconf 83' lang='lat' dir='ltr'><strong>agant,</strong></span> <span class='ocrx_word' id='word_1_107' title='bbox 1553 1648 1678 1704; x_wconf 88' lang='lat' dir='ltr'><strong>talia</strong></span> <span class='ocrx_word' id='word_1_108' title='bbox 1719 1649 2018 1718; x_wconf 86' lang='lat' dir='ltr'><strong>patiantur;</strong></span> 
     </span>
    </p>
   </div>
   <div class='ocr_carea' id='block_1_16' title="bbox 439 1736 2021 1810">
    <p class='ocr_par' dir='ltr' id='par_1_16' title="bbox 439 1736 2021 1810">
     <span class='ocr_line' id='line_1_16' title="bbox 439 1736 2021 1810; baseline 0.004 -20"><span class='ocrx_word' id='word_1_109' title='bbox 439 1736 647 1790; x_wconf 89' lang='lat' dir='ltr'><strong>etiamsi</strong></span> <span class='ocrx_word' id='word_1_110' title='bbox 693 1751 801 1790; x_wconf 93' lang='lat' dir='ltr'><strong>non</strong></span> <span class='ocrx_word' id='word_1_111' title='bbox 848 1738 1027 1792; x_wconf 83' lang='lat' dir='ltr'><strong>statim</strong></span> <span class='ocrx_word' id='word_1_112' title='bbox 1075 1752 1257 1807; x_wconf 67' lang='lat' dir='ltr'><strong>pinnas</strong></span> <span class='ocrx_word' id='word_1_113' title='bbox 1293 1744 1466 1807; x_wconf 89' lang='lat' dir='ltr'><strong>tuant,</strong></span> <span class='ocrx_word' id='word_1_114' title='bbox 1497 1748 1554 1794; x_wconf 91' lang='lat' dir='ltr'><strong>ut</strong></span> <span class='ocrx_word' id='word_1_115' title='bbox 1597 1739 1650 1793; x_wconf 94' lang='lat' dir='ltr'><strong>in</strong></span> <span class='ocrx_word' id='word_1_116' title='bbox 1683 1740 1784 1794; x_wconf 92' lang='lat' dir='ltr'><strong>hoc</strong></span> <span class='ocrx_word' id='word_1_117' title='bbox 1824 1742 2021 1810; x_wconf 89' lang='lat' dir='ltr'><strong>templo</strong></span> 
     </span>
    </p>
   </div>
   <div class='ocr_carea' id='block_1_17' title="bbox 438 1828 2019 1898">
    <p class='ocr_par' dir='ltr' id='par_1_17' title="bbox 438 1828 2019 1898">
     <span class='ocr_line' id='line_1_17' title="bbox 438 1828 2019 1898; baseline 0.004 -17"><span class='ocrx_word' id='word_1_118' title='bbox 438 1828 678 1897; x_wconf 80' lang='lat' dir='ltr'><strong>contigit.</strong></span> <span class='ocrx_word' id='word_1_119' title='bbox 707 1828 847 1883; x_wconf 88' lang='lat' dir='ltr'><strong>Ecce</strong></span> <span class='ocrx_word' id='word_1_120' title='bbox 895 1844 1125 1898; x_wconf 87' lang='lat' dir='ltr'><strong>namque</strong></span> <span class='ocrx_word' id='word_1_121' title='bbox 1151 1829 1434 1898; x_wconf 54' lang='lat' dir='ltr'><strong>viget-imus</strong></span> <span class='ocrx_word' id='word_1_122' title='bbox 1478 1846 1648 1886; x_wconf 89' lang='lat' dir='ltr'><strong>annus</strong></span> <span class='ocrx_word' id='word_1_123' title='bbox 1666 1847 1731 1886; x_wconf 84' lang='lat' dir='ltr'><strong>ex</strong></span> <span class='ocrx_word' id='word_1_124' title='bbox 1762 1832 1852 1886; x_wconf 88' lang='lat' dir='ltr'><strong>illo</strong></span> <span class='ocrx_word' id='word_1_125' title='bbox 1882 1843 2019 1887; x_wconf 88' lang='lat' dir='ltr'><strong>tem-</strong></span> 
     </span>
    </p>
   </div>
   <div class='ocr_carea' id='block_1_18' title="bbox 441 1922 2022 1998">
    <p class='ocr_par' dir='ltr' id='par_1_18' title="bbox 441 1922 2022 1998">
     <span class='ocr_line' id='line_1_18' title="bbox 441 1922 2022 1998; baseline 0.005 -23"><span class='ocrx_word' id='word_1_126' title='bbox 441 1937 570 1989; x_wconf 91' lang='lat' dir='ltr'><strong>pore</strong></span> <span class='ocrx_word' id='word_1_127' title='bbox 606 1923 778 1992; x_wconf 87' lang='lat' dir='ltr'><strong>agitur</strong></span> <span class='ocrx_word' id='word_1_128' title='bbox 809 1922 882 1996; x_wconf 82' lang='grc' dir='ltr'><strong>(α)</strong></span> <span class='ocrx_word' id='word_1_129' title='bbox 909 1965 922 1989; x_wconf 92' lang='grc'><strong><em>,</em></strong></span> <span class='ocrx_word' id='word_1_130' title='bbox 952 1939 1049 1979; x_wconf 91' lang='lat' dir='ltr'><strong>nec</strong></span> <span class='ocrx_word' id='word_1_131' title='bbox 1092 1933 1270 1980; x_wconf 86' lang='lat' dir='ltr'><strong>tamen</strong></span> <span class='ocrx_word' id='word_1_132' title='bbox 1322 1925 1532 1982; x_wconf 75' lang='lat' dir='ltr'><strong>:editicii</strong></span> <span class='ocrx_word' id='word_1_133' title='bbox 1573 1928 1640 1981; x_wconf 91' lang='lat' dir='ltr'><strong>ab</strong></span> <span class='ocrx_word' id='word_1_134' title='bbox 1690 1929 1810 1998; x_wconf 87' lang='lat' dir='ltr'><strong>igne</strong></span> <span class='ocrx_word' id='word_1_135' title='bbox 1852 1929 2022 1984; x_wconf 81' lang='lat' dir='ltr'><strong>relicti</strong></span> 
     </span>
    </p>
   </div>
   <div class='ocr_carea' id='block_1_19' title="bbox 441 2013 2021 2090">
    <p class='ocr_par' dir='ltr' id='par_1_19' title="bbox 441 2013 2021 2090">
     <span class='ocr_line' id='line_1_19' title="bbox 441 2013 2021 2090; baseline 0.009 -29"><span class='ocrx_word' id='word_1_136' title='bbox 441 2027 563 2080; x_wconf 85' lang='lat' dir='ltr'><strong>pars</strong></span> <span class='ocrx_word' id='word_1_137' title='bbox 607 2013 710 2066; x_wconf 87' lang='lat' dir='ltr'><strong>ulla</strong></span> <span class='ocrx_word' id='word_1_138' title='bbox 752 2016 938 2083; x_wconf 86' lang='lat' dir='ltr'><strong>periit,</strong></span> <span class='ocrx_word' id='word_1_139' title='bbox 983 2015 1075 2069; x_wconf 77' lang='lat' dir='ltr'><strong>sed</strong></span> <span class='ocrx_word' id='word_1_140' title='bbox 1106 2032 1223 2086; x_wconf 73' lang='lat' dir='ltr'><strong>qum</strong></span> <span class='ocrx_word' id='word_1_141' title='bbox 1264 2026 1440 2086; x_wconf 88' lang='lat' dir='ltr'><strong>partes</strong></span> <span class='ocrx_word' id='word_1_142' title='bbox 1487 2019 1658 2089; x_wconf 84' lang='lat' dir='ltr'><strong>ignem</strong></span> <span class='ocrx_word' id='word_1_143' title='bbox 1685 2020 2021 2090; x_wconf 81' lang='lat' dir='ltr'><strong>effugerunt,</strong></span> 
     </span>
    </p>
   </div>
   <div class='ocr_carea' id='block_1_20' title="bbox 398 2104 2026 2176">
    <p class='ocr_par' dir='ltr' id='par_1_20' title="bbox 398 2104 2026 2176">
     <span class='ocr_line' id='line_1_20' title="bbox 398 2104 2026 2176; baseline 0.006 -19"><span class='ocrx_word' id='word_1_144' title='bbox 398 2113 401 2118; x_wconf 83' lang='lat'>&#39;</span> <span class='ocrx_word' id='word_1_145' title='bbox 439 2119 516 2157; x_wconf 87' lang='lat' dir='ltr'><strong>c:e</strong></span> <span class='ocrx_word' id='word_1_146' title='bbox 539 2104 761 2159; x_wconf 83' lang='lat' dir='ltr'><strong>firmiter</strong></span> <span class='ocrx_word' id='word_1_147' title='bbox 787 2114 928 2159; x_wconf 86' lang='lat' dir='ltr'><strong>stant</strong></span> <span class='ocrx_word' id='word_1_148' title='bbox 957 2122 1122 2176; x_wconf 91' lang='lat' dir='ltr'><strong>usque</strong></span> <span class='ocrx_word' id='word_1_149' title='bbox 1155 2107 1289 2162; x_wconf 88' lang='lat' dir='ltr'><strong>adeo</strong></span> <span class='ocrx_word' id='word_1_150' title='bbox 1315 2109 1534 2172; x_wconf 68' lang='lat' dir='ltr'><strong>validic,</strong></span> <span class='ocrx_word' id='word_1_151' title='bbox 1561 2120 1620 2164; x_wconf 92' lang='lat' dir='ltr'><strong>ut</strong></span> <span class='ocrx_word' id='word_1_152' title='bbox 1647 2120 1697 2165; x_wconf 92' lang='lat' dir='ltr'><strong>et</strong></span> <span class='ocrx_word' id='word_1_153' title='bbox 1725 2123 1937 2167; x_wconf 89' lang='lat' dir='ltr'><strong>centum</strong></span> <span class='ocrx_word' id='word_1_154' title='bbox 1969 2123 2026 2168; x_wconf 92' lang='lat' dir='ltr'><strong>et</strong></span> 
     </span>
    </p>
   </div>
   <div class='ocr_carea' id='block_1_21' title="bbox 440 2193 2025 2269">
    <p class='ocr_par' dir='ltr' id='par_1_21' title="bbox 440 2193 2025 2269">
     <span class='ocr_line' id='line_1_21' title="bbox 440 2193 2025 2269; baseline 0.008 -21"><span class='ocrx_word' id='word_1_155' title='bbox 440 2193 520 2250; x_wconf 84' lang='lat' dir='ltr'><strong>bis</strong></span> <span class='ocrx_word' id='word_1_156' title='bbox 550 2195 726 2264; x_wconf 88' lang='lat' dir='ltr'><strong>plures</strong></span> <span class='ocrx_word' id='word_1_157' title='bbox 751 2237 766 2260; x_wconf 97' lang='lat'><strong>,</strong></span> <span class='ocrx_word' id='word_1_158' title='bbox 797 2196 986 2266; x_wconf 87' lang='lat' dir='ltr'><strong>hisque</strong></span> <span class='ocrx_word' id='word_1_159' title='bbox 1009 2213 1217 2252; x_wconf 90' lang='lat' dir='ltr'><strong>rursum</strong></span> <span class='ocrx_word' id='word_1_160' title='bbox 1249 2198 1405 2269; x_wconf 88' lang='lat' dir='ltr'><strong>longe</strong></span> <span class='ocrx_word' id='word_1_161' title='bbox 1433 2200 1608 2268; x_wconf 89' lang='lat' dir='ltr'><strong>plures</strong></span> <span class='ocrx_word' id='word_1_162' title='bbox 1637 2217 1805 2258; x_wconf 90' lang='lat' dir='ltr'><strong>annos</strong></span> <span class='ocrx_word' id='word_1_163' title='bbox 1830 2204 2025 2260; x_wconf 89' lang='lat' dir='ltr'><strong>durare</strong></span> 
     </span>
    </p>
   </div>
   <div class='ocr_carea' id='block_1_22' title="bbox 440 2287 2024 2356">
    <p class='ocr_par' dir='ltr' id='par_1_22' title="bbox 440 2287 2024 2356">
     <span class='ocr_line' id='line_1_22' title="bbox 440 2287 2024 2356; baseline 0.012 -24"><span class='ocrx_word' id='word_1_164' title='bbox 440 2287 662 2353; x_wconf 78' lang='lat' dir='ltr'><strong>possint.</strong></span> <span class='ocrx_word' id='word_1_165' title='bbox 699 2287 903 2356; x_wconf 84' lang='lat' dir='ltr'><strong>Ecquid</strong></span> <span class='ocrx_word' id='word_1_166' title='bbox 928 2290 1121 2342; x_wconf 88' lang='lat' dir='ltr'><strong>mirum</strong></span> <span class='ocrx_word' id='word_1_167' title='bbox 1147 2290 1190 2344; x_wconf 90' lang='lat' dir='ltr'><strong>si</strong></span> <span class='ocrx_word' id='word_1_168' title='bbox 1218 2306 1285 2345; x_wconf 83' lang='lat' dir='ltr'><strong>ex</strong></span> <span class='ocrx_word' id='word_1_169' title='bbox 1315 2291 1578 2346; x_wconf 91' lang='lat' dir='ltr'><strong>columnis</strong></span> <span class='ocrx_word' id='word_1_170' title='bbox 1601 2295 1739 2348; x_wconf 89' lang='lat' dir='ltr'><strong>nulla</strong></span> <span class='ocrx_word' id='word_1_171' title='bbox 1769 2297 1837 2350; x_wconf 90' lang='lat' dir='ltr'><strong>ab</strong></span> <span class='ocrx_word' id='word_1_172' title='bbox 1857 2297 2024 2351; x_wconf 85' lang='lat' dir='ltr'><strong>altera</strong></span> 
     </span>
    </p>
   </div>
   <div class='ocr_carea' id='block_1_23' title="bbox 442 2375 2024 2442">
    <p class='ocr_par' dir='ltr' id='par_1_23' title="bbox 442 2375 2024 2442">
     <span class='ocr_line' id='line_1_23' title="bbox 442 2375 2024 2442; baseline 0.009 -14"><span class='ocrx_word' id='word_1_173' title='bbox 442 2375 622 2430; x_wconf 84' lang='lat' dir='ltr'><strong>avulsa</strong></span> <span class='ocrx_word' id='word_1_174' title='bbox 653 2377 718 2431; x_wconf 90' lang='lat' dir='ltr'><strong>ad</strong></span> <span class='ocrx_word' id='word_1_175' title='bbox 749 2378 919 2432; x_wconf 75' lang='lat' dir='ltr'><strong>Solum</strong></span> <span class='ocrx_word' id='word_1_176' title='bbox 950 2379 1240 2435; x_wconf 85' lang='lat' dir='ltr'><strong>deciderit?</strong></span> <span class='ocrx_word' id='word_1_177' title='bbox 1265 2381 1644 2437; x_wconf 83' lang='lat' dir='ltr'><strong>Columnarum</strong></span> <span class='ocrx_word' id='word_1_178' title='bbox 1671 2386 1813 2439; x_wconf 91' lang='lat' dir='ltr'><strong>enim</strong></span> <span class='ocrx_word' id='word_1_179' title='bbox 1841 2402 2024 2442; x_wconf 86' lang='lat' dir='ltr'><strong>earum</strong></span> 
     </span>
    </p>
   </div>
   <div class='ocr_carea' id='block_1_24' title="bbox 441 2466 2024 2541">
    <p class='ocr_par' dir='ltr' id='par_1_24' title="bbox 441 2466 2024 2541">
     <span class='ocr_line' id='line_1_24' title="bbox 441 2466 2024 2541; baseline 0.008 -22"><span class='ocrx_word' id='word_1_180' title='bbox 441 2482 560 2535; x_wconf 69' lang='lat' dir='ltr'><strong>quae</strong></span> <span class='ocrx_word' id='word_1_181' title='bbox 590 2466 654 2520; x_wconf 88' lang='lat' dir='ltr'><strong>ad</strong></span> <span class='ocrx_word' id='word_1_182' title='bbox 683 2471 1030 2536; x_wconf 83' lang='lat' dir='ltr'><strong>pesteriorem</strong></span> <span class='ocrx_word' id='word_1_183' title='bbox 1060 2471 1240 2540; x_wconf 81' lang='lat' dir='ltr'><strong>templi</strong></span> <span class='ocrx_word' id='word_1_184' title='bbox 1261 2481 1462 2541; x_wconf 88' lang='lat' dir='ltr'><strong>partem</strong></span> <span class='ocrx_word' id='word_1_185' title='bbox 1487 2483 1669 2534; x_wconf 85' lang='lat' dir='ltr'><strong>erant.</strong></span> <span class='ocrx_word' id='word_1_186' title='bbox 1695 2491 1794 2529; x_wconf 89' lang='lat' dir='ltr'><strong>una</strong></span> <span class='ocrx_word' id='word_1_187' title='bbox 1821 2485 2024 2531; x_wconf 90' lang='lat' dir='ltr'><strong>tantum</strong></span> 
     </span>
    </p>
   </div>
   <div class='ocr_carea' id='block_1_25' title="bbox 442 2555 2026 2632">
    <p class='ocr_par' dir='ltr' id='par_1_25' title="bbox 442 2555 2026 2632">
     <span class='ocr_line' id='line_1_25' title="bbox 442 2555 2026 2632; baseline 0.009 -20"><span class='ocrx_word' id='word_1_188' title='bbox 442 2555 607 2613; x_wconf 87' lang='lat' dir='ltr'><strong>fracta</strong></span> <span class='ocrx_word' id='word_1_189' title='bbox 625 2601 639 2624; x_wconf 91' lang='lat'><strong>,</strong></span> <span class='ocrx_word' id='word_1_190' title='bbox 664 2575 730 2614; x_wconf 92' lang='lat' dir='ltr'><strong>ne</strong></span> <span class='ocrx_word' id='word_1_191' title='bbox 756 2576 816 2614; x_wconf 86' lang='lat' dir='ltr'><strong>ea</strong></span> <span class='ocrx_word' id='word_1_192' title='bbox 847 2562 1063 2631; x_wconf 86' lang='lat' dir='ltr'><strong>quidem</strong></span> <span class='ocrx_word' id='word_1_193' title='bbox 1086 2565 1318 2632; x_wconf 87' lang='lat' dir='ltr'><strong>corruit,</strong></span> <span class='ocrx_word' id='word_1_194' title='bbox 1345 2566 1439 2619; x_wconf 85' lang='lat' dir='ltr'><strong>sed</strong></span> <span class='ocrx_word' id='word_1_195' title='bbox 1466 2582 1496 2620; x_wconf 93' lang='lat' dir='ltr'><strong>a</strong></span> <span class='ocrx_word' id='word_1_196' title='bbox 1537 2581 1631 2621; x_wconf 89' lang='lat' dir='ltr'><strong>sua</strong></span> <span class='ocrx_word' id='word_1_197' title='bbox 1658 2569 1770 2624; x_wconf 88' lang='lat' dir='ltr'><strong>basi</strong></span> <span class='ocrx_word' id='word_1_198' title='bbox 1802 2581 1941 2625; x_wconf 87' lang='lat' dir='ltr'><strong>mola</strong></span> <span class='ocrx_word' id='word_1_199' title='bbox 1973 2581 2026 2626; x_wconf 89' lang='lat' dir='ltr'><strong>et</strong></span> 
     </span>
    </p>
   </div>
   <div class='ocr_carea' id='block_1_26' title="bbox 440 2652 2029 2730">
    <p class='ocr_par' dir='ltr' id='par_1_26' title="bbox 440 2652 2029 2730">
     <span class='ocr_line' id='line_1_26' title="bbox 440 2652 2029 2730; baseline 0.01 -26"><span class='ocrx_word' id='word_1_200' title='bbox 440 2652 509 2705; x_wconf 79' lang='lat' dir='ltr'><strong>ad</strong></span> <span class='ocrx_word' id='word_1_201' title='bbox 535 2668 742 2706; x_wconf 89' lang='lat' dir='ltr'><strong>murqu</strong></span> <span class='ocrx_word' id='word_1_202' title='bbox 773 2655 1028 2711; x_wconf 88' lang='lat' dir='ltr'><strong>reclinata</strong></span> <span class='ocrx_word' id='word_1_203' title='bbox 1055 2658 1285 2724; x_wconf 86' lang='lat' dir='ltr'><strong>mansit,</strong></span> <span class='ocrx_word' id='word_1_204' title='bbox 1318 2658 1540 2729; x_wconf 86' lang='lat' dir='ltr'><strong>ejusque</strong></span> <span class='ocrx_word' id='word_1_205' title='bbox 1572 2676 1695 2730; x_wconf 91' lang='lat' dir='ltr'><strong>pars</strong></span> <span class='ocrx_word' id='word_1_206' title='bbox 1715 2663 1782 2716; x_wconf 89' lang='lat' dir='ltr'><strong>ab</strong></span> <span class='ocrx_word' id='word_1_207' title='bbox 1807 2663 1914 2719; x_wconf 91' lang='lat' dir='ltr'><strong>imo</strong></span> <span class='ocrx_word' id='word_1_208' title='bbox 1936 2680 2029 2719; x_wconf 86' lang='lat' dir='ltr'><strong>us-</strong></span> 
     </span>
    </p>
   </div>
   <div class='ocr_carea' id='block_1_27' title="bbox 443 2744 2027 2820">
    <p class='ocr_par' dir='ltr' id='par_1_27' title="bbox 443 2744 2027 2820">
     <span class='ocr_line' id='line_1_27' title="bbox 443 2744 2027 2820; baseline 0.007 -20"><span class='ocrx_word' id='word_1_209' title='bbox 443 2761 548 2814; x_wconf 87' lang='lat' dir='ltr'><strong>que</strong></span> <span class='ocrx_word' id='word_1_210' title='bbox 577 2745 643 2800; x_wconf 91' lang='lat' dir='ltr'><strong>ad</strong></span> <span class='ocrx_word' id='word_1_211' title='bbox 674 2744 960 2802; x_wconf 86' lang='lat' dir='ltr'><strong>fracturam</strong></span> <span class='ocrx_word' id='word_1_212' title='bbox 999 2749 1212 2818; x_wconf 83' lang='lat' dir='ltr'><strong>oblique</strong></span> <span class='ocrx_word' id='word_1_213' title='bbox 1255 2766 1407 2805; x_wconf 90' lang='lat' dir='ltr'><strong>muro</strong></span> <span class='ocrx_word' id='word_1_214' title='bbox 1450 2753 1670 2820; x_wconf 89' lang='lat' dir='ltr'><strong>nititur;</strong></span> <span class='ocrx_word' id='word_1_215' title='bbox 1723 2770 1754 2809; x_wconf 83' lang='lat' dir='ltr'><strong>a</strong></span> <span class='ocrx_word' id='word_1_216' title='bbox 1801 2755 2027 2811; x_wconf 86' lang='lat' dir='ltr'><strong>fractura</strong></span> 
     </span>
    </p>
   </div>
   <div class='ocr_carea' id='block_1_28' title="bbox 443 2839 2028 2912">
    <p class='ocr_par' dir='ltr' id='par_1_28' title="bbox 443 2839 2028 2912">
     <span class='ocr_line' id='line_1_28' title="bbox 443 2839 2028 2912; baseline 0.008 -22"><span class='ocrx_word' id='word_1_217' title='bbox 443 2851 573 2891; x_wconf 87' lang='lat' dir='ltr'><strong>vero</strong></span> <span class='ocrx_word' id='word_1_218' title='bbox 617 2852 785 2906; x_wconf 86' lang='lat' dir='ltr'><strong>usque</strong></span> <span class='ocrx_word' id='word_1_219' title='bbox 829 2839 894 2892; x_wconf 90' lang='lat' dir='ltr'><strong>ad</strong></span> <span class='ocrx_word' id='word_1_220' title='bbox 939 2841 1240 2908; x_wconf 71' lang='lat' dir='ltr'><strong>capite-llum</strong></span> <span class='ocrx_word' id='word_1_221' title='bbox 1288 2843 1472 2912; x_wconf 89' lang='lat' dir='ltr'><strong>supina</strong></span> <span class='ocrx_word' id='word_1_222' title='bbox 1505 2854 1645 2910; x_wconf 86' lang='lat' dir='ltr'><strong>stat,</strong></span> <span class='ocrx_word' id='word_1_223' title='bbox 1677 2846 1744 2900; x_wconf 90' lang='lat' dir='ltr'><strong>ab</strong></span> <span class='ocrx_word' id='word_1_224' title='bbox 1789 2847 2028 2904; x_wconf 89' lang='lat' dir='ltr'><strong>inferiori</strong></span> 
     </span>
    </p>
   </div>
   <div class='ocr_carea' id='block_1_29' title="bbox 445 2928 2030 3000">
    <p class='ocr_par' dir='ltr' id='par_1_29' title="bbox 445 2928 2030 3000">
     <span class='ocr_line' id='line_1_29' title="bbox 445 2928 2030 3000; baseline 0.011 -23"><span class='ocrx_word' id='word_1_225' title='bbox 445 2937 594 2996; x_wconf 88' lang='lat' dir='ltr'><strong>parte</strong></span> <span class='ocrx_word' id='word_1_226' title='bbox 620 2928 853 2982; x_wconf 74' lang='lat' dir='ltr'><strong>suffulta.</strong></span> <span class='ocrx_word' id='word_1_227' title='bbox 882 2929 1210 3000; x_wconf 84' lang='lat' dir='ltr'><strong>Quamquam</strong></span> <span class='ocrx_word' id='word_1_228' title='bbox 1238 2942 1414 2988; x_wconf 76' lang='lat' dir='ltr'><strong>autem</strong></span> <span class='ocrx_word' id='word_1_229' title='bbox 1436 2945 1490 2989; x_wconf 91' lang='lat' dir='ltr'><strong>et</strong></span> <span class='ocrx_word' id='word_1_230' title='bbox 1514 2937 1654 2990; x_wconf 89' lang='lat' dir='ltr'><strong>venti</strong></span> <span class='ocrx_word' id='word_1_231' title='bbox 1684 2937 2030 2995; x_wconf 84' lang='lat' dir='ltr'><strong>vehementer</strong></span> 
     </span>
    </p>
   </div>
   <div class='ocr_carea' id='block_1_30' title="bbox 444 3022 2028 3096">
    <p class='ocr_par' dir='ltr' id='par_1_30' title="bbox 444 3022 2028 3096">
     <span class='ocr_line' id='line_1_30' title="bbox 444 3022 2028 3096; baseline 0.009 -20"><span class='ocrx_word' id='word_1_232' title='bbox 444 3022 778 3092; x_wconf 86' lang='lat' dir='ltr'><strong>ingruerint,</strong></span> <span class='ocrx_word' id='word_1_233' title='bbox 813 3035 970 3081; x_wconf 68' lang='lat' dir='ltr'><strong>terrae</strong></span> <span class='ocrx_word' id='word_1_234' title='bbox 1012 3039 1188 3082; x_wconf 92' lang='lat' dir='ltr'><strong>motus</strong></span> <span class='ocrx_word' id='word_1_235' title='bbox 1231 3032 1563 3096; x_wconf 88' lang='lat' dir='ltr'><strong>acciderint,</strong></span> <span class='ocrx_word' id='word_1_236' title='bbox 1597 3042 1650 3087; x_wconf 91' lang='lat' dir='ltr'><strong>et</strong></span> <span class='ocrx_word' id='word_1_237' title='bbox 1699 3042 1840 3090; x_wconf 89' lang='lat' dir='ltr'><strong>terra</strong></span> <span class='ocrx_word' id='word_1_238' title='bbox 1896 3052 2028 3090; x_wconf 82' lang='lat' dir='ltr'><strong>con-</strong></span> 
     </span>
    </p>
   </div>
   <div class='ocr_carea' id='block_1_31' title="bbox 443 3113 2026 3192">
    <p class='ocr_par' dir='ltr' id='par_1_31' title="bbox 443 3113 2026 3192">
     <span class='ocr_line' id='line_1_31' title="bbox 443 3113 2026 3192; baseline 0.009 -26"><span class='ocrx_word' id='word_1_239' title='bbox 443 3128 598 3169; x_wconf 86' lang='lat' dir='ltr'><strong>cussa</strong></span> <span class='ocrx_word' id='word_1_240' title='bbox 627 3113 816 3182; x_wconf 85' lang='lat' dir='ltr'><strong>fuerit,</strong></span> <span class='ocrx_word' id='word_1_241' title='bbox 851 3117 1078 3173; x_wconf 70' lang='lat' dir='ltr'><strong>flamma:</strong></span> <span class='ocrx_word' id='word_1_242' title='bbox 1106 3122 1341 3190; x_wconf 77' lang='lat' dir='ltr'><strong>reliquiae</strong></span> <span class='ocrx_word' id='word_1_243' title='bbox 1384 3139 1488 3178; x_wconf 92' lang='lat' dir='ltr'><strong>non</strong></span> <span class='ocrx_word' id='word_1_244' title='bbox 1517 3135 1707 3179; x_wconf 64' lang='lat' dir='ltr'><strong>amota:</strong></span> <span class='ocrx_word' id='word_1_245' title='bbox 1745 3137 1899 3192; x_wconf 92' lang='lat' dir='ltr'><strong>sunt;</strong></span> <span class='ocrx_word' id='word_1_246' title='bbox 1934 3129 2026 3181; x_wconf 88' lang='lat' dir='ltr'><strong>sed</strong></span> 
     </span>
    </p>
   </div>
   <div class='ocr_carea' id='block_1_32' title="bbox 441 3212 2028 3288">
    <p class='ocr_par' dir='ltr' id='par_1_32' title="bbox 441 3212 2028 3288">
     <span class='ocr_line' id='line_1_32' title="bbox 441 3212 2028 3288; baseline 0.009 -29"><span class='ocrx_word' id='word_1_247' title='bbox 441 3214 703 3262; x_wconf 85' lang='lat' dir='ltr'><strong>steterunt</strong></span> <span class='ocrx_word' id='word_1_248' title='bbox 745 3212 1126 3281; x_wconf 82' lang='lat' dir='ltr'><strong>propemodum</strong></span> <span class='ocrx_word' id='word_1_249' title='bbox 1159 3214 1480 3282; x_wconf 88' lang='lat' dir='ltr'><strong>clamantes,</strong></span> <span class='ocrx_word' id='word_1_250' title='bbox 1518 3231 1576 3271; x_wconf 89' lang='lat' dir='ltr'><strong>se</strong></span> <span class='ocrx_word' id='word_1_251' title='bbox 1602 3217 1666 3270; x_wconf 90' lang='lat' dir='ltr'><strong>ad</strong></span> <span class='ocrx_word' id='word_1_252' title='bbox 1693 3227 2028 3288; x_wconf 76' lang='lat' dir='ltr'><strong>posterorum</strong></span> 
     </span>
    </p>
   </div>
   <div class='ocr_carea' id='block_1_33' title="bbox 442 3299 1298 3361">
    <p class='ocr_par' dir='ltr' id='par_1_33' title="bbox 442 3299 1298 3361">
     <span class='ocr_line' id='line_1_33' title="bbox 442 3299 1298 3361; baseline 0.007 -7"><span class='ocrx_word' id='word_1_253' title='bbox 442 3299 869 3357; x_wconf 83' lang='lat' dir='ltr'><strong>emendationem</strong></span> <span class='ocrx_word' id='word_1_254' title='bbox 893 3313 1135 3360; x_wconf 87' lang='lat' dir='ltr'><strong>servatas</strong></span> <span class='ocrx_word' id='word_1_255' title='bbox 1156 3323 1298 3361; x_wconf 88' lang='lat' dir='ltr'><strong>esse.</strong></span> 
     </span>
    </p>
   </div>
   <div class='ocr_carea' id='block_1_34' title="bbox 512 3393 2022 3467">
    <p class='ocr_par' dir='ltr' id='par_1_34' title="bbox 512 3393 2022 3467">
     <span class='ocr_line' id='line_1_34' title="bbox 512 3393 2022 3467; baseline 0.009 -21"><span class='ocrx_word' id='word_1_256' title='bbox 512 3393 600 3447; x_wconf 76' lang='grc'><strong>22.</strong></span> <span class='ocrx_word' id='word_1_257' title='bbox 627 3394 691 3447; x_wconf 89' lang='lat' dir='ltr'><strong>Et</strong></span> <span class='ocrx_word' id='word_1_258' title='bbox 710 3395 922 3463; x_wconf 88' lang='lat' dir='ltr'><strong>quidem</strong></span> <span class='ocrx_word' id='word_1_259' title='bbox 952 3397 1088 3465; x_wconf 89' lang='lat' dir='ltr'><strong>quod</strong></span> <span class='ocrx_word' id='word_1_260' title='bbox 1121 3399 1371 3467; x_wconf 90' lang='lat' dir='ltr'><strong>templum</strong></span> <span class='ocrx_word' id='word_1_261' title='bbox 1397 3416 1500 3454; x_wconf 90' lang='lat' dir='ltr'><strong>non</strong></span> <span class='ocrx_word' id='word_1_262' title='bbox 1529 3400 1761 3456; x_wconf 91' lang='lat' dir='ltr'><strong>funditus</strong></span> <span class='ocrx_word' id='word_1_263' title='bbox 1789 3404 2022 3460; x_wconf 91' lang='lat' dir='ltr'><strong>dirutum</strong></span> 
     </span>
    </p>
   </div>
   <div class='ocr_carea' id='block_1_35' title="bbox 443 3481 2021 3561">
    <p class='ocr_par' dir='ltr' id='par_1_35' title="bbox 443 3481 2021 3561">
     <span class='ocr_line' id='line_1_35' title="bbox 443 3481 2021 3561; baseline 0.01 -27"><span class='ocrx_word' id='word_1_264' title='bbox 443 3481 634 3546; x_wconf 89' lang='lat' dir='ltr'><strong>fuerit,</strong></span> <span class='ocrx_word' id='word_1_265' title='bbox 665 3483 803 3538; x_wconf 91' lang='lat' dir='ltr'><strong>hanc</strong></span> <span class='ocrx_word' id='word_1_266' title='bbox 845 3500 1058 3540; x_wconf 87' lang='lat' dir='ltr'><strong>causam</strong></span> <span class='ocrx_word' id='word_1_267' title='bbox 1090 3488 1268 3544; x_wconf 89' lang='lat' dir='ltr'><strong>dicere</strong></span> <span class='ocrx_word' id='word_1_268' title='bbox 1295 3491 1466 3557; x_wconf 89' lang='lat' dir='ltr'><strong>possis</strong></span> <span class='ocrx_word' id='word_1_269' title='bbox 1498 3509 1509 3545; x_wconf 96' lang='lat'>:</span> <span class='ocrx_word' id='word_1_270' title='bbox 1540 3493 1681 3561; x_wconf 90' lang='lat' dir='ltr'><strong>quod</strong></span> <span class='ocrx_word' id='word_1_271' title='bbox 1710 3502 1884 3548; x_wconf 88' lang='lat' dir='ltr'><strong>autem</strong></span> <span class='ocrx_word' id='word_1_272' title='bbox 1919 3497 2021 3550; x_wconf 80' lang='lat' dir='ltr'><strong>ful-</strong></span> 
     </span>
    </p>
   </div>
   <div class='ocr_carea' id='block_1_36' title="bbox 447 3573 2029 3650">
    <p class='ocr_par' dir='ltr' id='par_1_36' title="bbox 447 3573 2029 3650">
     <span class='ocr_line' id='line_1_36' title="bbox 447 3573 2029 3650; baseline 0.009 -24"><span class='ocrx_word' id='word_1_273' title='bbox 447 3590 570 3628; x_wconf 90' lang='lat' dir='ltr'><strong>men</strong></span> <span class='ocrx_word' id='word_1_274' title='bbox 615 3573 995 3643; x_wconf 77' lang='lat' dir='ltr'><strong>Imperatorem</strong></span> <span class='ocrx_word' id='word_1_275' title='bbox 1025 3593 1128 3632; x_wconf 92' lang='lat' dir='ltr'><strong>non</strong></span> <span class='ocrx_word' id='word_1_276' title='bbox 1156 3581 1425 3650; x_wconf 87' lang='lat' dir='ltr'><strong>attigerit,</strong></span> <span class='ocrx_word' id='word_1_277' title='bbox 1467 3582 1686 3636; x_wconf 86' lang='lat' dir='ltr'><strong>alteram</strong></span> <span class='ocrx_word' id='word_1_278' title='bbox 1739 3599 1952 3639; x_wconf 89' lang='lat' dir='ltr'><strong>causam</strong></span> <span class='ocrx_word' id='word_1_279' title='bbox 1984 3587 2029 3640; x_wconf 91' lang='lat' dir='ltr'><strong>si</strong></span> 
     </span>
    </p>
   </div>
   <div class='ocr_carea' id='block_1_37' title="bbox 443 3669 2028 3744">
    <p class='ocr_par' dir='ltr' id='par_1_37' title="bbox 443 3669 2028 3744">
     <span class='ocr_line' id='line_1_37' title="bbox 443 3669 2028 3744; baseline 0.009 -26"><span class='ocrx_word' id='word_1_280' title='bbox 443 3681 655 3734; x_wconf 69' lang='lat' dir='ltr'><strong>quzcras</strong></span> <span class='ocrx_word' id='word_1_281' title='bbox 683 3669 918 3736; x_wconf 84' lang='lat' dir='ltr'><strong>reperies</strong></span> <span class='ocrx_word' id='word_1_282' title='bbox 942 3711 956 3730; x_wconf 83' lang='lat'><strong>,</strong></span> <span class='ocrx_word' id='word_1_283' title='bbox 1001 3684 1062 3724; x_wconf 83' lang='lat' dir='ltr'><strong>cx</strong></span> <span class='ocrx_word' id='word_1_284' title='bbox 1092 3671 1280 3726; x_wconf 90' lang='lat' dir='ltr'><strong>eodem</strong></span> <span class='ocrx_word' id='word_1_285' title='bbox 1327 3673 1441 3742; x_wconf 90' lang='lat' dir='ltr'><strong>ipso</strong></span> <span class='ocrx_word' id='word_1_286' title='bbox 1481 3675 1817 3744; x_wconf 80' lang='lat' dir='ltr'><strong>benignitatis</strong></span> <span class='ocrx_word' id='word_1_287' title='bbox 1845 3687 1895 3731; x_wconf 87' lang='lat' dir='ltr'><strong>et</strong></span> <span class='ocrx_word' id='word_1_288' title='bbox 1922 3679 2028 3733; x_wconf 75' lang='lat' dir='ltr'><strong>cle-</strong></span> 
     </span>
    </p>
   </div>
   <div class='ocr_carea' id='block_1_38' title="bbox 444 3758 2028 3838">
    <p class='ocr_par' dir='ltr' id='par_1_38' title="bbox 444 3758 2028 3838">
     <span class='ocr_line' id='line_1_38' title="bbox 444 3758 2028 3838; baseline 0.009 -28"><span class='ocrx_word' id='word_1_289' title='bbox 444 3758 658 3813; x_wconf 73' lang='lat' dir='ltr'><strong>mentia:</strong></span> <span class='ocrx_word' id='word_1_290' title='bbox 686 3759 880 3814; x_wconf 88' lang='lat' dir='ltr'><strong>Christi</strong></span> <span class='ocrx_word' id='word_1_291' title='bbox 913 3760 1054 3826; x_wconf 81' lang='lat' dir='ltr'><strong>fonte</strong></span> <span class='ocrx_word' id='word_1_292' title='bbox 1081 3773 1404 3819; x_wconf 87' lang='lat' dir='ltr'><strong>manantem.</strong></span> <span class='ocrx_word' id='word_1_293' title='bbox 1436 3766 1560 3820; x_wconf 87' lang='lat' dir='ltr'><strong>Ideo</strong></span> <span class='ocrx_word' id='word_1_294' title='bbox 1594 3768 1734 3822; x_wconf 90' lang='lat' dir='ltr'><strong>enim</strong></span> <span class='ocrx_word' id='word_1_295' title='bbox 1764 3769 1934 3838; x_wconf 83' lang='lat' dir='ltr'><strong>ignem</strong></span> <span class='ocrx_word' id='word_1_296' title='bbox 1963 3787 2028 3824; x_wconf 87' lang='lat' dir='ltr'><strong>cx</strong></span> 
     </span>
    </p>
   </div>
   <div class='ocr_carea' id='block_1_39' title="bbox 447 3851 2029 3929">
    <p class='ocr_par' dir='ltr' id='par_1_39' title="bbox 447 3851 2029 3929">
     <span class='ocr_line' id='line_1_39' title="bbox 447 3851 2029 3929; baseline 0.009 -27"><span class='ocrx_word' id='word_1_297' title='bbox 447 3851 782 3920; x_wconf 86' lang='lat' dir='ltr'><strong>Imperatoris</strong></span> <span class='ocrx_word' id='word_1_298' title='bbox 807 3855 980 3923; x_wconf 83' lang='lat' dir='ltr'><strong>capite</strong></span> <span class='ocrx_word' id='word_1_299' title='bbox 1003 3856 1190 3910; x_wconf 87' lang='lat' dir='ltr'><strong>avertit</strong></span> <span class='ocrx_word' id='word_1_300' title='bbox 1211 3897 1226 3921; x_wconf 93' lang='lat'><strong>,</strong></span> <span class='ocrx_word' id='word_1_301' title='bbox 1259 3857 1310 3910; x_wconf 95' lang='lat' dir='ltr'><strong>in</strong></span> <span class='ocrx_word' id='word_1_302' title='bbox 1351 3857 1631 3929; x_wconf 91' lang='lat' dir='ltr'><strong>ipsumque</strong></span> <span class='ocrx_word' id='word_1_303' title='bbox 1664 3862 2029 3929; x_wconf 56' lang='lat' dir='ltr'><strong>teetumjacuv</strong></span> 
     </span>
    </p>
   </div>
   <div class='ocr_carea' id='block_1_40' title="bbox 446 3941 2026 4020">
    <p class='ocr_par' dir='ltr' id='par_1_40' title="bbox 446 3941 2026 4020">
     <span class='ocr_line' id='line_1_40' title="bbox 446 3941 2026 4020; baseline 0.008 -27"><span class='ocrx_word' id='word_1_304' title='bbox 446 3941 582 3997; x_wconf 89' lang='lat' dir='ltr'><strong>latus</strong></span> <span class='ocrx_word' id='word_1_305' title='bbox 603 3953 714 4006; x_wconf 86' lang='lat' dir='ltr'><strong>est,</strong></span> <span class='ocrx_word' id='word_1_306' title='bbox 751 3954 808 3998; x_wconf 93' lang='lat' dir='ltr'><strong>ut</strong></span> <span class='ocrx_word' id='word_1_307' title='bbox 842 3945 1029 3999; x_wconf 91' lang='lat' dir='ltr'><strong>alienis</strong></span> <span class='ocrx_word' id='word_1_308' title='bbox 1059 3947 1445 4004; x_wconf 82' lang='lat' dir='ltr'><strong>calamitatibus</strong></span> <span class='ocrx_word' id='word_1_309' title='bbox 1475 3949 1696 4004; x_wconf 92' lang='lat' dir='ltr'><strong>edoctus</strong></span> <span class='ocrx_word' id='word_1_310' title='bbox 1741 3952 2026 4020; x_wconf 88' lang='lat' dir='ltr'><strong>repositam</strong></span> 
     </span>
    </p>
   </div>
   <div class='ocr_carea' id='block_1_41' title="bbox 443 4035 2025 4108">
    <p class='ocr_par' dir='ltr' id='par_1_41' title="bbox 443 4035 2025 4108">
     <span class='ocr_line' id='line_1_41' title="bbox 443 4035 2025 4108; baseline 0.007 -21"><span class='ocrx_word' id='word_1_311' title='bbox 443 4035 541 4089; x_wconf 86' lang='lat' dir='ltr'><strong>sibi</strong></span> <span class='ocrx_word' id='word_1_312' title='bbox 571 4051 778 4105; x_wconf 79' lang='lat' dir='ltr'><strong>pcenam</strong></span> <span class='ocrx_word' id='word_1_313' title='bbox 805 4037 1078 4108; x_wconf 71' lang='lat' dir='ltr'><strong>effugeret,</strong></span> <span class='ocrx_word' id='word_1_314' title='bbox 1111 4049 1344 4095; x_wconf 90' lang='lat' dir='ltr'><strong>mutatus</strong></span> <span class='ocrx_word' id='word_1_315' title='bbox 1370 4050 1425 4096; x_wconf 93' lang='lat' dir='ltr'><strong>et</strong></span> <span class='ocrx_word' id='word_1_316' title='bbox 1443 4042 1511 4097; x_wconf 87' lang='lat' dir='ltr'><strong>ab</strong></span> <span class='ocrx_word' id='word_1_317' title='bbox 1539 4058 1723 4098; x_wconf 87' lang='lat' dir='ltr'><strong>errore</strong></span> <span class='ocrx_word' id='word_1_318' title='bbox 1752 4043 2025 4098; x_wconf 88' lang='lat' dir='ltr'><strong>liberatus.</strong></span> 
     </span>
    </p>
   </div>
   <div class='ocr_carea' id='block_1_42' title="bbox 445 4125 2029 4204">
    <p class='ocr_par' dir='ltr' id='par_1_42' title="bbox 445 4125 2029 4204">
     <span class='ocr_line' id='line_1_42' title="bbox 445 4125 2029 4204; baseline 0.005 -24"><span class='ocrx_word' id='word_1_319' title='bbox 445 4125 623 4196; x_wconf 87' lang='lat' dir='ltr'><strong>Neque</strong></span> <span class='ocrx_word' id='word_1_320' title='bbox 650 4127 752 4183; x_wconf 91' lang='lat' dir='ltr'><strong>hoc</strong></span> <span class='ocrx_word' id='word_1_321' title='bbox 794 4129 966 4184; x_wconf 89' lang='lat' dir='ltr'><strong>solum</strong></span> <span class='ocrx_word' id='word_1_322' title='bbox 991 4171 1008 4198; x_wconf 92' lang='lat'><strong>,</strong></span> <span class='ocrx_word' id='word_1_323' title='bbox 1062 4147 1233 4203; x_wconf 87' lang='lat' dir='ltr'><strong>neque</strong></span> <span class='ocrx_word' id='word_1_324' title='bbox 1277 4133 1504 4204; x_wconf 90' lang='lat' dir='ltr'><strong>primum</strong></span> <span class='ocrx_word' id='word_1_325' title='bbox 1553 4135 1782 4204; x_wconf 64' lang='lat' dir='ltr'><strong>propriw</strong></span> <span class='ocrx_word' id='word_1_326' title='bbox 1821 4135 2029 4188; x_wconf 79' lang='lat' dir='ltr'><strong>virtutis</strong></span> 
     </span>
    </p>
   </div>
   <div class='ocr_carea' id='block_1_43' title="bbox 443 4219 2026 4289">
    <p class='ocr_par' dir='ltr' id='par_1_43' title="bbox 443 4219 2026 4289">
     <span class='ocr_line' id='line_1_43' title="bbox 443 4219 2026 4289; baseline 0.007 -18"><span class='ocrx_word' id='word_1_327' title='bbox 443 4219 648 4288; x_wconf 83' lang='lat' dir='ltr'><strong>signum</strong></span> <span class='ocrx_word' id='word_1_328' title='bbox 679 4221 725 4275; x_wconf 92' lang='lat' dir='ltr'><strong>ei</strong></span> <span class='ocrx_word' id='word_1_329' title='bbox 753 4221 898 4277; x_wconf 88' lang='lat' dir='ltr'><strong>dedit</strong></span> <span class='ocrx_word' id='word_1_330' title='bbox 923 4224 1201 4289; x_wconf 88' lang='lat' dir='ltr'><strong>Christus,</strong></span> <span class='ocrx_word' id='word_1_331' title='bbox 1233 4225 1326 4280; x_wconf 92' lang='lat' dir='ltr'><strong>sed</strong></span> <span class='ocrx_word' id='word_1_332' title='bbox 1369 4235 1424 4280; x_wconf 91' lang='lat' dir='ltr'><strong>et</strong></span> <span class='ocrx_word' id='word_1_333' title='bbox 1466 4227 1568 4281; x_wconf 86' lang='lat' dir='ltr'><strong>alia</strong></span> <span class='ocrx_word' id='word_1_334' title='bbox 1607 4228 1772 4282; x_wconf 91' lang='lat' dir='ltr'><strong>multa</strong></span> <span class='ocrx_word' id='word_1_335' title='bbox 1813 4226 1896 4283; x_wconf 91' lang='lat' dir='ltr'><strong>his</strong></span> <span class='ocrx_word' id='word_1_336' title='bbox 1921 4243 2026 4282; x_wconf 92' lang='lat' dir='ltr'><strong>non</strong></span> 
     </span>
    </p>
   </div>
   <div class='ocr_carea' id='block_1_44' title="bbox 445 4309 2032 4386">
    <p class='ocr_par' dir='ltr' id='par_1_44' title="bbox 445 4309 2032 4386">
     <span class='ocr_line' id='line_1_44' title="bbox 445 4309 2032 4386; baseline 0.008 -24"><span class='ocrx_word' id='word_1_337' title='bbox 445 4309 670 4366; x_wconf 90' lang='lat' dir='ltr'><strong>minora.</strong></span> <span class='ocrx_word' id='word_1_338' title='bbox 711 4311 844 4368; x_wconf 88' lang='lat' dir='ltr'><strong>Nam</strong></span> <span class='ocrx_word' id='word_1_339' title='bbox 870 4323 922 4368; x_wconf 92' lang='lat' dir='ltr'><strong>et</strong></span> <span class='ocrx_word' id='word_1_340' title='bbox 950 4325 1167 4384; x_wconf 90' lang='lat' dir='ltr'><strong>patruus</strong></span> <span class='ocrx_word' id='word_1_341' title='bbox 1191 4317 1307 4385; x_wconf 83' lang='lat' dir='ltr'><strong>ejus</strong></span> <span class='ocrx_word' id='word_1_342' title='bbox 1333 4327 1386 4370; x_wconf 90' lang='lat' dir='ltr'><strong>et</strong></span> <span class='ocrx_word' id='word_1_343' title='bbox 1415 4328 1648 4386; x_wconf 60' lang='lat' dir='ltr'><strong>quaestor</strong></span> <span class='ocrx_word' id='word_1_344' title='bbox 1668 4320 1888 4374; x_wconf 71' lang='lat' dir='ltr'><strong>aararius</strong></span> <span class='ocrx_word' id='word_1_345' title='bbox 1907 4360 1923 4384; x_wconf 89' lang='lat'><strong>,</strong></span> <span class='ocrx_word' id='word_1_346' title='bbox 1952 4321 2032 4374; x_wconf 89' lang='lat' dir='ltr'><strong>sic</strong></span> 
     </span>
    </p>
   </div>
   <div class='ocr_carea' id='block_1_45' title="bbox 443 4404 2029 4482">
    <p class='ocr_par' dir='ltr' id='par_1_45' title="bbox 443 4404 2029 4482">
     <span class='ocr_line' id='line_1_45' title="bbox 443 4404 2029 4482; baseline 0.01 -30"><span class='ocrx_word' id='word_1_347' title='bbox 443 4404 600 4458; x_wconf 81' lang='lat' dir='ltr'><strong>ambo</strong></span> <span class='ocrx_word' id='word_1_348' title='bbox 625 4404 732 4458; x_wconf 88' lang='lat' dir='ltr'><strong>vita</strong></span> <span class='ocrx_word' id='word_1_349' title='bbox 774 4405 936 4460; x_wconf 90' lang='lat' dir='ltr'><strong>functi</strong></span> <span class='ocrx_word' id='word_1_350' title='bbox 965 4417 1122 4472; x_wconf 92' lang='lat' dir='ltr'><strong>sunt;</strong></span> <span class='ocrx_word' id='word_1_351' title='bbox 1169 4407 1234 4460; x_wconf 90' lang='lat' dir='ltr'><strong>ad</strong></span> <span class='ocrx_word' id='word_1_352' title='bbox 1272 4407 1389 4462; x_wconf 73' lang='lat' dir='ltr'><strong>hzcc</strong></span> <span class='ocrx_word' id='word_1_353' title='bbox 1428 4409 1596 4464; x_wconf 88' lang='lat' dir='ltr'><strong>fames</strong></span> <span class='ocrx_word' id='word_1_354' title='bbox 1623 4427 1722 4464; x_wconf 88' lang='lat' dir='ltr'><strong>una</strong></span> <span class='ocrx_word' id='word_1_355' title='bbox 1753 4427 1872 4467; x_wconf 91' lang='lat' dir='ltr'><strong>cum</strong></span> <span class='ocrx_word' id='word_1_356' title='bbox 1911 4412 2029 4482; x_wconf 86' lang='lat' dir='ltr'><strong>ipso</strong></span> 
     </span>
    </p>
   </div>
   <div class='ocr_carea' id='block_1_46' title="bbox 443 4495 2024 4574">
    <p class='ocr_par' dir='ltr' id='par_1_46' title="bbox 443 4495 2024 4574">
     <span class='ocr_line' id='line_1_46' title="bbox 443 4495 2024 4574; baseline 0.008 -28"><span class='ocrx_word' id='word_1_357' title='bbox 443 4495 626 4550; x_wconf 87' lang='lat' dir='ltr'><strong>urbem</strong></span> <span class='ocrx_word' id='word_1_358' title='bbox 653 4497 929 4563; x_wconf 80' lang='lat' dir='ltr'><strong>invadens,</strong></span> <span class='ocrx_word' id='word_1_359' title='bbox 961 4513 1223 4567; x_wconf 90' lang='lat' dir='ltr'><strong>aquarum</strong></span> <span class='ocrx_word' id='word_1_360' title='bbox 1249 4515 1461 4570; x_wconf 88' lang='lat' dir='ltr'><strong>quoque</strong></span> <span class='ocrx_word' id='word_1_361' title='bbox 1492 4503 1708 4570; x_wconf 89' lang='lat' dir='ltr'><strong>penuria</strong></span> <span class='ocrx_word' id='word_1_362' title='bbox 1738 4521 2024 4574; x_wconf 91' lang='lat' dir='ltr'><strong>numquam</strong></span> 
     </span>
    </p>
   </div>
   <div class='ocr_carea' id='block_1_47' title="bbox 441 4588 2026 4659">
    <p class='ocr_par' dir='ltr' id='par_1_47' title="bbox 441 4588 2026 4659">
     <span class='ocr_line' id='line_1_47' title="bbox 441 4588 2026 4659; baseline 0.009 -21"><span class='ocrx_word' id='word_1_363' title='bbox 441 4594 564 4641; x_wconf 88' lang='lat' dir='ltr'><strong>ante</strong></span> <span class='ocrx_word' id='word_1_364' title='bbox 591 4588 734 4654; x_wconf 88' lang='lat' dir='ltr'><strong>visa,</strong></span> <span class='ocrx_word' id='word_1_365' title='bbox 776 4604 934 4659; x_wconf 89' lang='lat' dir='ltr'><strong>quam</strong></span> <span class='ocrx_word' id='word_1_366' title='bbox 963 4589 1029 4643; x_wconf 88' lang='lat' dir='ltr'><strong>ab</strong></span> <span class='ocrx_word' id='word_1_367' title='bbox 1055 4605 1122 4644; x_wconf 89' lang='lat' dir='ltr'><strong>eo</strong></span> <span class='ocrx_word' id='word_1_368' title='bbox 1149 4592 1408 4645; x_wconf 89' lang='lat' dir='ltr'><strong>sacrificia</strong></span> <span class='ocrx_word' id='word_1_369' title='bbox 1447 4592 1682 4650; x_wconf 89' lang='lat' dir='ltr'><strong>fontibus</strong></span> <span class='ocrx_word' id='word_1_370' title='bbox 1717 4595 1852 4651; x_wconf 90' lang='lat' dir='ltr'><strong>facta</strong></span> <span class='ocrx_word' id='word_1_371' title='bbox 1893 4596 2026 4652; x_wconf 85' lang='lat' dir='ltr'><strong>fuis-</strong></span> 
     </span>
    </p>
   </div>
   <div class='ocr_carea' id='block_1_48' title="bbox 441 4681 2028 4750">
    <p class='ocr_par' dir='ltr' id='par_1_48' title="bbox 441 4681 2028 4750">
     <span class='ocr_line' id='line_1_48' title="bbox 441 4681 2028 4750; baseline 0.009 -18"><span class='ocrx_word' id='word_1_372' title='bbox 441 4688 562 4732; x_wconf 85' lang='lat' dir='ltr'><strong>sent</strong></span> <span class='ocrx_word' id='word_1_373' title='bbox 587 4721 602 4744; x_wconf 91' lang='lat'><strong>,</strong></span> <span class='ocrx_word' id='word_1_374' title='bbox 633 4681 843 4750; x_wconf 88' lang='lat' dir='ltr'><strong>aliaque</strong></span> <span class='ocrx_word' id='word_1_375' title='bbox 873 4681 1034 4735; x_wconf 89' lang='lat' dir='ltr'><strong>multa</strong></span> <span class='ocrx_word' id='word_1_376' title='bbox 1055 4723 1071 4748; x_wconf 93' lang='lat'><strong>,</strong></span> <span class='ocrx_word' id='word_1_377' title='bbox 1117 4683 1230 4738; x_wconf 80' lang='lat' dir='ltr'><strong>sive</strong></span> <span class='ocrx_word' id='word_1_378' title='bbox 1257 4683 1307 4738; x_wconf 93' lang='lat' dir='ltr'><strong>in</strong></span> <span class='ocrx_word' id='word_1_379' title='bbox 1333 4687 1566 4740; x_wconf 89' lang='lat' dir='ltr'><strong>exercitu</strong></span> <span class='ocrx_word' id='word_1_380' title='bbox 1594 4689 1704 4741; x_wconf 87' lang='lat' dir='ltr'><strong>sive</strong></span> <span class='ocrx_word' id='word_1_381' title='bbox 1735 4687 1786 4743; x_wconf 91' lang='lat' dir='ltr'><strong>in</strong></span> <span class='ocrx_word' id='word_1_382' title='bbox 1811 4690 2028 4747; x_wconf 87' lang='lat' dir='ltr'><strong>urbibus</strong></span> 
     </span>
    </p>
   </div>
   <div class='ocr_carea' id='block_1_49' title="bbox 440 4769 2022 4846">
    <p class='ocr_par' dir='ltr' id='par_1_49' title="bbox 440 4769 2022 4846">
     <span class='ocr_line' id='line_1_49' title="bbox 440 4769 2022 4846; baseline 0.009 -25"><span class='ocrx_word' id='word_1_383' title='bbox 440 4769 758 4831; x_wconf 86' lang='lat' dir='ltr'><strong>accidentia.</strong></span> <span class='ocrx_word' id='word_1_384' title='bbox 789 4771 1086 4838; x_wconf 91' lang='lat' dir='ltr'><strong>potuissent</strong></span> <span class='ocrx_word' id='word_1_385' title='bbox 1106 4773 1191 4829; x_wconf 88' lang='lat' dir='ltr'><strong>vel</strong></span> <span class='ocrx_word' id='word_1_386' title='bbox 1222 4773 1488 4843; x_wconf 87' lang='lat' dir='ltr'><strong>lapideum</strong></span> <span class='ocrx_word' id='word_1_387' title='bbox 1520 4777 1754 4831; x_wconf 91' lang='lat' dir='ltr'><strong>animum</strong></span> <span class='ocrx_word' id='word_1_388' title='bbox 1787 4778 2022 4846; x_wconf 86' lang='lat' dir='ltr'><strong>ﬂectere,</strong></span> 
     </span>
    </p>
   </div>
   <div class='ocr_carea' id='block_1_50' title="bbox 445 4858 2026 4935">
    <p class='ocr_par' dir='ltr' id='par_1_50' title="bbox 445 4858 2026 4935">
     <span class='ocr_line' id='line_1_50' title="bbox 445 4858 2026 4935; baseline 0.009 -23"><span class='ocrx_word' id='word_1_389' title='bbox 445 4873 550 4912; x_wconf 90' lang='lat' dir='ltr'><strong>non</strong></span> <span class='ocrx_word' id='word_1_390' title='bbox 577 4858 911 4914; x_wconf 91' lang='lat' dir='ltr'><strong>multitudine</strong></span> <span class='ocrx_word' id='word_1_391' title='bbox 959 4870 1190 4928; x_wconf 89' lang='lat' dir='ltr'><strong>tantum,</strong></span> <span class='ocrx_word' id='word_1_392' title='bbox 1241 4881 1414 4935; x_wconf 90' lang='lat' dir='ltr'><strong>neque</strong></span> <span class='ocrx_word' id='word_1_393' title='bbox 1456 4867 1596 4935; x_wconf 90' lang='lat' dir='ltr'><strong>quod</strong></span> <span class='ocrx_word' id='word_1_394' title='bbox 1647 4868 1824 4922; x_wconf 89' lang='lat' dir='ltr'><strong>omnia</strong></span> <span class='ocrx_word' id='word_1_395' title='bbox 1869 4870 2026 4926; x_wconf 88' lang='lat' dir='ltr'><strong>simul</strong></span> 
     </span>
    </p>
   </div>
   <div class='ocr_carea' id='block_1_51' title="bbox 443 4948 2023 5030">
    <p class='ocr_par' dir='ltr' id='par_1_51' title="bbox 443 4948 2023 5030">
     <span class='ocr_line' id='line_1_51' title="bbox 443 4948 2023 5030; baseline 0.008 -29"><span class='ocrx_word' id='word_1_396' title='bbox 443 4948 680 5002; x_wconf 86' lang='lat' dir='ltr'><strong>facinora</strong></span> <span class='ocrx_word' id='word_1_397' title='bbox 707 4950 884 5003; x_wconf 88' lang='lat' dir='ltr'><strong>statim</strong></span> <span class='ocrx_word' id='word_1_398' title='bbox 914 4959 1300 5022; x_wconf 84' lang='lat' dir='ltr'><strong>sequerentur,</strong></span> <span class='ocrx_word' id='word_1_399' title='bbox 1349 4965 1405 5009; x_wconf 91' lang='lat' dir='ltr'><strong>ut</strong></span> <span class='ocrx_word' id='word_1_400' title='bbox 1444 4957 1712 5026; x_wconf 90' lang='lat' dir='ltr'><strong>quondam</strong></span> <span class='ocrx_word' id='word_1_401' title='bbox 1743 4957 2023 5030; x_wconf 65' lang='lat' dir='ltr'><strong>Egyptio-</strong></span> 
     </span>
    </p>
   </div>
   <div class='ocr_carea' id='block_1_52' title="bbox 443 5042 2030 5118">
    <p class='ocr_par' dir='ltr' id='par_1_52' title="bbox 443 5042 2030 5118">
     <span class='ocr_line' id='line_1_52' title="bbox 443 5042 2030 5118; baseline 0.008 -24"><span class='ocrx_word' id='word_1_402' title='bbox 443 5056 559 5096; x_wconf 88' lang='lat' dir='ltr'><strong>rum</strong></span> <span class='ocrx_word' id='word_1_403' title='bbox 592 5042 731 5112; x_wconf 83' lang='lat' dir='ltr'><strong>regis</strong></span> <span class='ocrx_word' id='word_1_404' title='bbox 760 5053 1034 5114; x_wconf 85' lang='lat' dir='ltr'><strong>tempore;</strong></span> <span class='ocrx_word' id='word_1_405' title='bbox 1079 5047 1170 5102; x_wconf 89' lang='lat' dir='ltr'><strong>sed</strong></span> <span class='ocrx_word' id='word_1_406' title='bbox 1193 5048 1352 5102; x_wconf 92' lang='lat' dir='ltr'><strong>etiam</strong></span> <span class='ocrx_word' id='word_1_407' title='bbox 1384 5047 1522 5118; x_wconf 89' lang='lat' dir='ltr'><strong>quod</strong></span> <span class='ocrx_word' id='word_1_408' title='bbox 1551 5064 1646 5118; x_wconf 90' lang='lat' dir='ltr'><strong>per</strong></span> <span class='ocrx_word' id='word_1_409' title='bbox 1669 5065 1726 5104; x_wconf 87' lang='lat' dir='ltr'><strong>se</strong></span> <span class='ocrx_word' id='word_1_410' title='bbox 1752 5051 1870 5105; x_wconf 87' lang='lat' dir='ltr'><strong>talia</strong></span> <span class='ocrx_word' id='word_1_411' title='bbox 1901 5051 2030 5108; x_wconf 87' lang='lat' dir='ltr'><strong>ede-</strong></span> 
     </span>
    </p>
   </div>
   <div class='ocr_carea' id='block_1_53' title="bbox 442 5135 2025 5209">
    <p class='ocr_par' dir='ltr' id='par_1_53' title="bbox 442 5135 2025 5209">
     <span class='ocr_line' id='line_1_53' title="bbox 442 5135 2025 5209; baseline 0.008 -22"><span class='ocrx_word' id='word_1_412' title='bbox 442 5144 628 5189; x_wconf 89' lang='lat' dir='ltr'><strong>rentur</strong></span> <span class='ocrx_word' id='word_1_413' title='bbox 653 5135 926 5204; x_wconf 88' lang='lat' dir='ltr'><strong>miracula,</strong></span> <span class='ocrx_word' id='word_1_414' title='bbox 953 5146 1010 5191; x_wconf 92' lang='lat' dir='ltr'><strong>ut</strong></span> <span class='ocrx_word' id='word_1_415' title='bbox 1027 5137 1166 5192; x_wconf 87' lang='lat' dir='ltr'><strong>aliud</strong></span> <span class='ocrx_word' id='word_1_416' title='bbox 1190 5139 1294 5192; x_wconf 88' lang='lat' dir='ltr'><strong>alio</strong></span> <span class='ocrx_word' id='word_1_417' title='bbox 1321 5154 1426 5194; x_wconf 84' lang='lat' dir='ltr'><strong>non</strong></span> <span class='ocrx_word' id='word_1_418' title='bbox 1450 5149 1629 5209; x_wconf 83' lang='lat' dir='ltr'><strong>egeret</strong></span> <span class='ocrx_word' id='word_1_419' title='bbox 1647 5141 1712 5196; x_wconf 90' lang='lat' dir='ltr'><strong>ad</strong></span> <span class='ocrx_word' id='word_1_420' title='bbox 1734 5143 2025 5199; x_wconf 86' lang='lat' dir='ltr'><strong>videntium</strong></span> 
     </span>
    </p>
   </div>
   <div class='ocr_carea' id='block_1_54' title="bbox 437 5228 2026 5305">
    <p class='ocr_par' dir='ltr' id='par_1_54' title="bbox 437 5228 2026 5305">
     <span class='ocr_line' id='line_1_54' title="bbox 437 5228 2026 5305; baseline 0.006 -25"><span class='ocrx_word' id='word_1_421' title='bbox 437 5228 847 5284; x_wconf 79' lang='lat' dir='ltr'><strong>conversionem</strong></span> <span class='ocrx_word' id='word_1_422' title='bbox 872 5272 886 5296; x_wconf 93' lang='lat'><strong>,</strong></span> <span class='ocrx_word' id='word_1_423' title='bbox 919 5230 1011 5284; x_wconf 89' lang='lat' dir='ltr'><strong>sed</strong></span> <span class='ocrx_word' id='word_1_424' title='bbox 1053 5231 1259 5300; x_wconf 87' lang='lat' dir='ltr'><strong>singula</strong></span> <span class='ocrx_word' id='word_1_425' title='bbox 1296 5247 1360 5286; x_wconf 84' lang='lat' dir='ltr'><strong>ex</strong></span> <span class='ocrx_word' id='word_1_426' title='bbox 1405 5247 1464 5286; x_wconf 91' lang='lat' dir='ltr'><strong>se</strong></span> <span class='ocrx_word' id='word_1_427' title='bbox 1493 5232 1558 5286; x_wconf 91' lang='lat' dir='ltr'><strong>ad</strong></span> <span class='ocrx_word' id='word_1_428' title='bbox 1592 5233 1641 5288; x_wconf 91' lang='lat' dir='ltr'><strong>id</strong></span> <span class='ocrx_word' id='word_1_429' title='bbox 1671 5236 2026 5305; x_wconf 85' lang='lat' dir='ltr'><strong>peragendum</strong></span> 
     </span>
    </p>
   </div>
   <div class='ocr_carea' id='block_1_55' title="bbox 435 5321 2028 5395">
    <p class='ocr_par' dir='ltr' id='par_1_55' title="bbox 435 5321 2028 5395">
     <span class='ocr_line' id='line_1_55' title="bbox 435 5321 2028 5395; baseline 0.006 -21"><span class='ocrx_word' id='word_1_430' title='bbox 435 5324 567 5376; x_wconf 75' lang='lat' dir='ltr'><strong>satis</strong></span> <span class='ocrx_word' id='word_1_431' title='bbox 599 5329 801 5376; x_wconf 79' lang='lat' dir='ltr'><strong>essent.</strong></span> <span class='ocrx_word' id='word_1_432' title='bbox 847 5321 978 5375; x_wconf 87' lang='lat' dir='ltr'><strong>Nam</strong></span> <span class='ocrx_word' id='word_1_433' title='bbox 1020 5331 1076 5374; x_wconf 91' lang='lat' dir='ltr'><strong>ut</strong></span> <span class='ocrx_word' id='word_1_434' title='bbox 1104 5331 1295 5376; x_wconf 67' lang='lat' dir='ltr'><strong>etetera</strong></span> <span class='ocrx_word' id='word_1_435' title='bbox 1323 5322 1564 5377; x_wconf 91' lang='lat' dir='ltr'><strong>omittam</strong></span> <span class='ocrx_word' id='word_1_436' title='bbox 1587 5364 1601 5388; x_wconf 92' lang='lat'><strong>,</strong></span> <span class='ocrx_word' id='word_1_437' title='bbox 1647 5341 1804 5395; x_wconf 91' lang='lat' dir='ltr'><strong>quem</strong></span> <span class='ocrx_word' id='word_1_438' title='bbox 1848 5328 1930 5382; x_wconf 86' lang='lat' dir='ltr'><strong>vel</strong></span> <span class='ocrx_word' id='word_1_439' title='bbox 1962 5344 2028 5382; x_wconf 86' lang='lat' dir='ltr'><strong>ex</strong></span> 
     </span>
    </p>
   </div>
   <div class='ocr_carea' id='block_1_56' title="bbox 435 5411 2029 5485">
    <p class='ocr_par' dir='ltr' id='par_1_56' title="bbox 435 5411 2029 5485">
     <span class='ocr_line' id='line_1_56' title="bbox 435 5411 2029 5485; baseline 0.004 -20"><span class='ocrx_word' id='word_1_440' title='bbox 435 5411 727 5468; x_wconf 86' lang='lat' dir='ltr'><strong>admodum</strong></span> <span class='ocrx_word' id='word_1_441' title='bbox 753 5413 978 5482; x_wconf 90' lang='lat' dir='ltr'><strong>stupidis</strong></span> <span class='ocrx_word' id='word_1_442' title='bbox 1001 5428 1106 5467; x_wconf 92' lang='lat' dir='ltr'><strong>non</strong></span> <span class='ocrx_word' id='word_1_443' title='bbox 1136 5412 1482 5468; x_wconf 88' lang='lat' dir='ltr'><strong>deterruisset</strong></span> <span class='ocrx_word' id='word_1_444' title='bbox 1502 5415 1640 5485; x_wconf 92' lang='lat' dir='ltr'><strong>quod</strong></span> <span class='ocrx_word' id='word_1_445' title='bbox 1667 5417 1806 5472; x_wconf 90' lang='lat' dir='ltr'><strong>circa</strong></span> <span class='ocrx_word' id='word_1_446' title='bbox 1831 5419 2029 5473; x_wconf 88' lang='lat' dir='ltr'><strong>veteris</strong></span> 
     </span>
    </p>
   </div>
   <div class='ocr_carea' id='block_1_57' title="bbox 437 5505 2026 5579">
    <p class='ocr_par' dir='ltr' id='par_1_57' title="bbox 437 5505 2026 5579">
     <span class='ocr_line' id='line_1_57' title="bbox 437 5505 2026 5579; baseline 0.003 -19"><span class='ocrx_word' id='word_1_447' title='bbox 437 5507 873 5579; x_wconf 78' lang='lat' dir='ltr'><strong>Jerosolymitani</strong></span> <span class='ocrx_word' id='word_1_448' title='bbox 920 5505 1101 5574; x_wconf 88' lang='lat' dir='ltr'><strong>templi</strong></span> <span class='ocrx_word' id='word_1_449' title='bbox 1147 5505 1486 5560; x_wconf 87' lang='lat' dir='ltr'><strong>fundamenta</strong></span> <span class='ocrx_word' id='word_1_450' title='bbox 1519 5507 1810 5562; x_wconf 89' lang='lat' dir='ltr'><strong>exhibitum</strong></span> <span class='ocrx_word' id='word_1_451' title='bbox 1847 5518 1929 5564; x_wconf 92' lang='lat' dir='ltr'><strong>est</strong></span> <span class='ocrx_word' id='word_1_452' title='bbox 1953 5511 2026 5564; x_wconf 85' lang='lat' dir='ltr'><strong>si-</strong></span> 
     </span>
    </p>
   </div>
   <div class='ocr_carea' id='block_1_58' title="bbox 439 5597 2028 5674">
    <p class='ocr_par' dir='ltr' id='par_1_58' title="bbox 439 5597 2028 5674">
     <span class='ocr_line' id='line_1_58' title="bbox 439 5597 2028 5674; baseline 0.004 -22"><span class='ocrx_word' id='word_1_453' title='bbox 439 5600 649 5669; x_wconf 81' lang='lat' dir='ltr'><strong>gnum?</strong></span> <span class='ocrx_word' id='word_1_454' title='bbox 691 5599 957 5668; x_wconf 82' lang='lat' dir='ltr'><strong>Quidnam</strong></span> <span class='ocrx_word' id='word_1_455' title='bbox 1007 5597 1137 5654; x_wconf 86' lang='lat' dir='ltr'><strong>illud</strong></span> <span class='ocrx_word' id='word_1_456' title='bbox 1169 5598 1328 5653; x_wconf 80' lang='lat' dir='ltr'><strong>erat?</strong></span> <span class='ocrx_word' id='word_1_457' title='bbox 1374 5598 1510 5654; x_wconf 89' lang='lat' dir='ltr'><strong>Cum</strong></span> <span class='ocrx_word' id='word_1_458' title='bbox 1539 5598 1742 5657; x_wconf 88' lang='lat' dir='ltr'><strong>videret</strong></span> <span class='ocrx_word' id='word_1_459' title='bbox 1773 5612 2028 5674; x_wconf 86' lang='lat' dir='ltr'><strong>tyrannus</strong></span> 
     </span>
    </p>
   </div>
   <div class='ocr_carea' id='block_1_59' title="bbox 501 5793 1628 5860">
    <p class='ocr_par' dir='ltr' id='par_1_59' title="bbox 501 5793 1628 5860">
     <span class='ocr_line' id='line_1_59' title="bbox 501 5793 1628 5860; baseline 0.006 -19"><span class='ocrx_word' id='word_1_460' title='bbox 501 5797 574 5856; x_wconf 72' lang='lat' dir='ltr'><strong>tu)</strong></span> <span class='ocrx_word' id='word_1_461' title='bbox 611 5803 768 5846; x_wconf 72' lang='lat' dir='ltr'><strong>Annus</strong></span> <span class='ocrx_word' id='word_1_462' title='bbox 793 5801 1058 5860; x_wconf 75' lang='lat' dir='ltr'><strong>rigcstmus</strong></span> <span class='ocrx_word' id='word_1_463' title='bbox 1073 5806 1100 5844; x_wconf 86' lang='lat' dir='ltr'><strong>a</strong></span> <span class='ocrx_word' id='word_1_464' title='bbox 1114 5793 1298 5846; x_wconf 82' lang='lat' dir='ltr'><strong>Jutiano</strong></span> <span class='ocrx_word' id='word_1_465' title='bbox 1313 5793 1628 5860; x_wconf 86' lang='lat' dir='ltr'><strong>imperatore.</strong></span> 
     </span>
    </p>
   </div>
   <div class='ocr_carea' id='block_1_60' title="bbox 1138 331 2920 401">
    <p class='ocr_par' dir='ltr' id='par_1_60' title="bbox 1138 331 2920 401">
     <span class='ocr_line' id='line_1_60' title="bbox 1138 331 2920 401; baseline -0.006 -3"><span class='ocrx_word' id='word_1_466' title='bbox 1138 344 1179 398; x_wconf 70' lang='grc' dir='ltr'><strong>ς</strong></span> <span class='ocrx_word' id='word_1_467' title='bbox 1234 343 1511 401; x_wconf 71' lang='lat' dir='ltr'><strong>JOANNIS</strong></span> <span class='ocrx_word' id='word_1_468' title='bbox 1546 339 2016 399; x_wconf 77' lang='lat' dir='ltr'><strong>CHRYSOSTOMI</strong></span> <span class='ocrx_word' id='word_1_469' title='bbox 2045 337 2358 394; x_wconf 80' lang='lat' dir='ltr'><strong>AflClllEP.</strong></span> <span class='ocrx_word' id='word_1_470' title='bbox 2391 331 2920 392; x_wconf 77' lang='lat' dir='ltr'><strong>CONSTANTINOP.</strong></span> 
     </span>
    </p>
   </div>
   <div class='ocr_carea' id='block_1_61' title="bbox 3600 323 3706 379">
    <p class='ocr_par' dir='ltr' id='par_1_61' title="bbox 3600 323 3706 379">
     <span class='ocr_line' id='line_1_61' title="bbox 3600 323 3706 379; baseline -0.019 0"><span class='ocrx_word' id='word_1_471' title='bbox 3600 323 3706 379; x_wconf 68' lang='lat'><strong>563</strong></span> 
     </span>
    </p>
   </div>
   <div class='ocr_carea' id='block_1_62' title="bbox 2121 443 3713 513">
    <p class='ocr_par' dir='ltr' id='par_1_62' title="bbox 2121 443 3713 513">
     <span class='ocr_line' id='line_1_62' title="bbox 2121 443 3713 513; baseline -0.008 -6"><span class='ocrx_word' id='word_1_472' title='bbox 2121 455 2172 508; x_wconf 91' lang='lat' dir='ltr'><strong>in</strong></span> <span class='ocrx_word' id='word_1_473' title='bbox 2205 463 2309 507; x_wconf 90' lang='lat' dir='ltr'><strong>tota</strong></span> <span class='ocrx_word' id='word_1_474' title='bbox 2335 468 2429 506; x_wconf 87' lang='lat' dir='ltr'><strong>sua</strong></span> <span class='ocrx_word' id='word_1_475' title='bbox 2473 451 2670 506; x_wconf 90' lang='lat' dir='ltr'><strong>ditione</strong></span> <span class='ocrx_word' id='word_1_476' title='bbox 2712 449 2957 505; x_wconf 74' lang='lat' dir='ltr'><strong>diffusam</strong></span> <span class='ocrx_word' id='word_1_477' title='bbox 2997 445 3192 503; x_wconf 86' lang='lat' dir='ltr'><strong>Christi</strong></span> <span class='ocrx_word' id='word_1_478' title='bbox 3233 445 3390 501; x_wconf 84' lang='lat' dir='ltr'><strong>fidem</strong></span> <span class='ocrx_word' id='word_1_479' title='bbox 3419 487 3436 508; x_wconf 94' lang='lat'><strong>,</strong></span> <span class='ocrx_word' id='word_1_480' title='bbox 3483 443 3713 513; x_wconf 79' lang='lat' dir='ltr'><strong>jamque</strong></span> 
     </span>
    </p>
   </div>
   <div class='ocr_carea' id='block_1_63' title="bbox 2118 536 3708 609">
    <p class='ocr_par' dir='ltr' id='par_1_63' title="bbox 2118 536 3708 609">
     <span class='ocr_line' id='line_1_63' title="bbox 2118 536 3708 609; baseline -0.008 -11"><span class='ocrx_word' id='word_1_481' title='bbox 2118 544 2396 598; x_wconf 87' lang='lat' dir='ltr'><strong>Persarum</strong></span> <span class='ocrx_word' id='word_1_482' title='bbox 2427 542 2558 596; x_wconf 89' lang='lat' dir='ltr'><strong>fines</strong></span> <span class='ocrx_word' id='word_1_483' title='bbox 2587 549 2962 609; x_wconf 91' lang='lat' dir='ltr'><strong>occupantem,</strong></span> <span class='ocrx_word' id='word_1_484' title='bbox 2992 539 3321 607; x_wconf 87' lang='lat' dir='ltr'><strong>aliorumque</strong></span> <span class='ocrx_word' id='word_1_485' title='bbox 3348 536 3708 591; x_wconf 88' lang='lat' dir='ltr'><strong>remotiorum</strong></span> 
     </span>
    </p>
   </div>
   <div class='ocr_carea' id='block_1_64' title="bbox 2117 631 3713 699">
    <p class='ocr_par' dir='ltr' id='par_1_64' title="bbox 2117 631 3713 699">
     <span class='ocr_line' id='line_1_64' title="bbox 2117 631 3713 699; baseline -0.008 -10"><span class='ocrx_word' id='word_1_486' title='bbox 2117 635 2500 698; x_wconf 88' lang='lat' dir='ltr'><strong>barbarorum,</strong></span> <span class='ocrx_word' id='word_1_487' title='bbox 2551 647 2867 699; x_wconf 84' lang='lat' dir='ltr'><strong>rursumque</strong></span> <span class='ocrx_word' id='word_1_488' title='bbox 2916 631 3050 684; x_wconf 90' lang='lat' dir='ltr'><strong>ultra</strong></span> <span class='ocrx_word' id='word_1_489' title='bbox 3093 645 3186 684; x_wconf 90' lang='lat' dir='ltr'><strong>eos</strong></span> <span class='ocrx_word' id='word_1_490' title='bbox 3230 641 3568 697; x_wconf 76' lang='lat' dir='ltr'><strong>progressam</strong></span> <span class='ocrx_word' id='word_1_491' title='bbox 3595 665 3611 684; x_wconf 85' lang='lat'><em>.</em></span> <span class='ocrx_word' id='word_1_492' title='bbox 3646 640 3713 677; x_wconf 89' lang='lat' dir='ltr'><strong>ac</strong></span> 
     </span>
    </p>
   </div>
   <div class='ocr_carea' id='block_1_65' title="bbox 2119 717 3713 792">
    <p class='ocr_par' dir='ltr' id='par_1_65' title="bbox 2119 717 3713 792">
     <span class='ocr_line' id='line_1_65' title="bbox 2119 717 3713 792; baseline -0.008 -12"><span class='ocrx_word' id='word_1_493' title='bbox 2119 735 2286 780; x_wconf 92' lang='lat' dir='ltr'><strong>totum</strong></span> <span class='ocrx_word' id='word_1_494' title='bbox 2311 767 2326 792; x_wconf 93' lang='lat'><strong>,</strong></span> <span class='ocrx_word' id='word_1_495' title='bbox 2359 735 2416 779; x_wconf 93' lang='lat' dir='ltr'><strong>ut</strong></span> <span class='ocrx_word' id='word_1_496' title='bbox 2443 725 2514 778; x_wconf 90' lang='lat' dir='ltr'><strong>ita</strong></span> <span class='ocrx_word' id='word_1_497' title='bbox 2541 724 2712 778; x_wconf 88' lang='lat' dir='ltr'><strong>dicam</strong></span> <span class='ocrx_word' id='word_1_498' title='bbox 2741 763 2758 787; x_wconf 97' lang='lat'><strong>,</strong></span> <span class='ocrx_word' id='word_1_499' title='bbox 2792 723 2978 777; x_wconf 90' lang='lat' dir='ltr'><strong>orbem</strong></span> <span class='ocrx_word' id='word_1_500' title='bbox 3001 730 3347 788; x_wconf 90' lang='lat' dir='ltr'><strong>occupantem</strong></span> <span class='ocrx_word' id='word_1_501' title='bbox 3371 736 3394 773; x_wconf 75' lang='lat'><strong>.&#39;</strong></span> <span class='ocrx_word' id='word_1_502' title='bbox 3426 717 3713 773; x_wconf 78' lang='lat' dir='ltr'><strong>cruciaba-</strong></span> 
     </span>
    </p>
   </div>
   <div class='ocr_carea' id='block_1_66' title="bbox 2121 811 3716 886">
    <p class='ocr_par' dir='ltr' id='par_1_66' title="bbox 2121 811 3716 886">
     <span class='ocr_line' id='line_1_66' title="bbox 2121 811 3716 886; baseline -0.004 -14"><span class='ocrx_word' id='word_1_503' title='bbox 2121 827 2208 872; x_wconf 85' lang='lat' dir='ltr'><strong>tur</strong></span> <span class='ocrx_word' id='word_1_504' title='bbox 2228 820 2406 872; x_wconf 90' lang='lat' dir='ltr'><strong>animo</strong></span> <span class='ocrx_word' id='word_1_505' title='bbox 2431 827 2484 872; x_wconf 90' lang='lat' dir='ltr'><strong>et</strong></span> <span class='ocrx_word' id='word_1_506' title='bbox 2502 817 2811 886; x_wconf 82' lang='lat' dir='ltr'><strong>angebatur,</strong></span> <span class='ocrx_word' id='word_1_507' title='bbox 2840 815 3204 884; x_wconf 85' lang='lat' dir='ltr'><strong>Ecclesiisque</strong></span> <span class='ocrx_word' id='word_1_508' title='bbox 3227 814 3421 868; x_wconf 87' lang='lat' dir='ltr'><strong>bellum</strong></span> <span class='ocrx_word' id='word_1_509' title='bbox 3445 811 3678 882; x_wconf 85' lang='lat' dir='ltr'><strong>parabat</strong></span> <span class='ocrx_word' id='word_1_510' title='bbox 3699 855 3716 866; x_wconf 94' lang='lat'><strong>.</strong></span> 
     </span>
    </p>
   </div>
   <div class='ocr_carea' id='block_1_67' title="bbox 2121 907 3708 983">
    <p class='ocr_par' dir='ltr' id='par_1_67' title="bbox 2121 907 3708 983">
     <span class='ocr_line' id='line_1_67' title="bbox 2121 907 3708 983; baseline -0.006 -16"><span class='ocrx_word' id='word_1_511' title='bbox 2121 913 2397 983; x_wconf 88' lang='lat' dir='ltr'><strong>ignorabat</strong></span> <span class='ocrx_word' id='word_1_512' title='bbox 2418 924 2593 966; x_wconf 90' lang='lat' dir='ltr'><strong>autem</strong></span> <span class='ocrx_word' id='word_1_513' title='bbox 2609 911 2788 965; x_wconf 80' lang='lat' dir='ltr'><strong>infelix</strong></span> <span class='ocrx_word' id='word_1_514' title='bbox 2804 926 2863 965; x_wconf 92' lang='lat' dir='ltr'><strong>se</strong></span> <span class='ocrx_word' id='word_1_515' title='bbox 2890 918 3074 964; x_wconf 87' lang='lat' dir='ltr'><strong>contra</strong></span> <span class='ocrx_word' id='word_1_516' title='bbox 3095 909 3366 962; x_wconf 90' lang='lat' dir='ltr'><strong>stimulum</strong></span> <span class='ocrx_word' id='word_1_517' title='bbox 3396 907 3708 962; x_wconf 85' lang='lat' dir='ltr'><strong>calcitrare.</strong></span> 
     </span>
    </p>
   </div>
   <div class='ocr_carea' id='block_1_68' title="bbox 2121 996 3715 1074">
    <p class='ocr_par' dir='ltr' id='par_1_68' title="bbox 2121 996 3715 1074">
     <span class='ocr_line' id='line_1_68' title="bbox 2121 996 3715 1074; baseline -0.006 -15"><span class='ocrx_word' id='word_1_518' title='bbox 2121 1007 2199 1060; x_wconf 81' lang='lat' dir='ltr'><strong>Ac</strong></span> <span class='ocrx_word' id='word_1_519' title='bbox 2225 1005 2396 1074; x_wconf 88' lang='lat' dir='ltr'><strong>primo</strong></span> <span class='ocrx_word' id='word_1_520' title='bbox 2426 1003 2637 1072; x_wconf 83' lang='lat' dir='ltr'><strong>quidem</strong></span> <span class='ocrx_word' id='word_1_521' title='bbox 2676 1002 3180 1072; x_wconf 81' lang='lat' dir='ltr'><strong>Jerosolymitanum</strong></span> <span class='ocrx_word' id='word_1_522' title='bbox 3223 999 3482 1069; x_wconf 89' lang='lat' dir='ltr'><strong>templum</strong></span> <span class='ocrx_word' id='word_1_523' title='bbox 3503 1039 3520 1063; x_wconf 95' lang='lat'><strong>,</strong></span> <span class='ocrx_word' id='word_1_524' title='bbox 3563 996 3715 1066; x_wconf 84' lang='lat' dir='ltr'><strong>quod</strong></span> 
     </span>
    </p>
   </div>
   <div class='ocr_carea' id='block_1_69' title="bbox 2120 1093 3711 1159">
    <p class='ocr_par' dir='ltr' id='par_1_69' title="bbox 2120 1093 3711 1159">
     <span class='ocr_line' id='line_1_69' title="bbox 2120 1093 3711 1159; baseline -0.006 -7"><span class='ocrx_word' id='word_1_525' title='bbox 2120 1097 2359 1152; x_wconf 86' lang='lat' dir='ltr'><strong>funditus</strong></span> <span class='ocrx_word' id='word_1_526' title='bbox 2385 1095 2582 1152; x_wconf 85' lang='lat' dir='ltr'><strong>Christi</strong></span> <span class='ocrx_word' id='word_1_527' title='bbox 2605 1096 2770 1149; x_wconf 88' lang='lat' dir='ltr'><strong>virtus</strong></span> <span class='ocrx_word' id='word_1_528' title='bbox 2787 1095 3037 1159; x_wconf 85' lang='lat' dir='ltr'><strong>diruerat,</strong></span> <span class='ocrx_word' id='word_1_529' title='bbox 3066 1103 3364 1149; x_wconf 86' lang='lat' dir='ltr'><strong>restaurare</strong></span> <span class='ocrx_word' id='word_1_530' title='bbox 3387 1093 3711 1152; x_wconf 89' lang='lat' dir='ltr'><strong>conabatur,</strong></span> 
     </span>
    </p>
   </div>
   <div class='ocr_carea' id='block_1_70' title="bbox 2123 1183 3712 1262">
    <p class='ocr_par' dir='ltr' id='par_1_70' title="bbox 2123 1183 3712 1262">
     <span class='ocr_line' id='line_1_70' title="bbox 2123 1183 3712 1262; baseline -0.007 -16"><span class='ocrx_word' id='word_1_531' title='bbox 2123 1192 2438 1262; x_wconf 89' lang='lat' dir='ltr'><strong>gentilisque</strong></span> <span class='ocrx_word' id='word_1_532' title='bbox 2468 1189 2627 1243; x_wconf 92' lang='lat' dir='ltr'><strong>homo</strong></span> <span class='ocrx_word' id='word_1_533' title='bbox 2650 1203 2735 1243; x_wconf 90' lang='lat' dir='ltr'><strong>res</strong></span> <span class='ocrx_word' id='word_1_534' title='bbox 2762 1187 3069 1242; x_wconf 75' lang='lat' dir='ltr'><strong>Judmorum</strong></span> <span class='ocrx_word' id='word_1_535' title='bbox 3103 1186 3419 1254; x_wconf 89' lang='lat' dir='ltr'><strong>procurabat</strong></span> <span class='ocrx_word' id='word_1_536' title='bbox 3444 1227 3459 1250; x_wconf 90' lang='lat'><strong>,</strong></span> <span class='ocrx_word' id='word_1_537' title='bbox 3492 1183 3712 1236; x_wconf 85' lang='lat' dir='ltr'><strong>virtutis</strong></span> 
     </span>
    </p>
   </div>
   <div class='ocr_carea' id='block_1_71' title="bbox 2123 1273 3715 1351">
    <p class='ocr_par' dir='ltr' id='par_1_71' title="bbox 2123 1273 3715 1351">
     <span class='ocr_line' id='line_1_71' title="bbox 2123 1273 3715 1351; baseline -0.008 -13"><span class='ocrx_word' id='word_1_538' title='bbox 2123 1282 2317 1338; x_wconf 83' lang='lat' dir='ltr'><strong>Christi</strong></span> <span class='ocrx_word' id='word_1_539' title='bbox 2349 1281 2638 1351; x_wconf 89' lang='lat' dir='ltr'><strong>periculum</strong></span> <span class='ocrx_word' id='word_1_540' title='bbox 2670 1279 2793 1333; x_wconf 91' lang='lat' dir='ltr'><strong>inde</strong></span> <span class='ocrx_word' id='word_1_541' title='bbox 2838 1278 3014 1333; x_wconf 90' lang='lat' dir='ltr'><strong>facere</strong></span> <span class='ocrx_word' id='word_1_542' title='bbox 3041 1277 3262 1342; x_wconf 88' lang='lat' dir='ltr'><strong>volens;</strong></span> <span class='ocrx_word' id='word_1_543' title='bbox 3308 1284 3362 1330; x_wconf 91' lang='lat' dir='ltr'><strong>et</strong></span> <span class='ocrx_word' id='word_1_544' title='bbox 3400 1276 3589 1329; x_wconf 88' lang='lat' dir='ltr'><strong>accitis</strong></span> <span class='ocrx_word' id='word_1_545' title='bbox 3614 1273 3715 1327; x_wconf 79' lang='lat' dir='ltr'><strong>Ju-</strong></span> 
     </span>
    </p>
   </div>
   <div class='ocr_carea' id='block_1_72' title="bbox 2123 1369 3716 1444">
    <p class='ocr_par' dir='ltr' id='par_1_72' title="bbox 2123 1369 3716 1444">
     <span class='ocr_line' id='line_1_72' title="bbox 2123 1369 3716 1444; baseline -0.006 -15"><span class='ocrx_word' id='word_1_546' title='bbox 2123 1374 2252 1429; x_wconf 71' lang='lat' dir='ltr'><strong>diElS</strong></span> <span class='ocrx_word' id='word_1_547' title='bbox 2277 1373 2611 1444; x_wconf 88' lang='lat' dir='ltr'><strong>quibusdam,</strong></span> <span class='ocrx_word' id='word_1_548' title='bbox 2632 1373 2800 1442; x_wconf 89' lang='lat' dir='ltr'><strong>iisque</strong></span> <span class='ocrx_word' id='word_1_549' title='bbox 2815 1371 3115 1425; x_wconf 77' lang='lat' dir='ltr'><strong>sacrificare</strong></span> <span class='ocrx_word' id='word_1_550' title='bbox 3134 1370 3296 1438; x_wconf 74' lang='lat' dir='ltr'><strong>jussis</strong></span> <span class='ocrx_word' id='word_1_551' title='bbox 3311 1370 3456 1442; x_wconf 89' lang='lat' dir='ltr'><strong>(nam</strong></span> <span class='ocrx_word' id='word_1_552' title='bbox 3479 1369 3716 1436; x_wconf 81' lang='lat' dir='ltr'><strong>majores</strong></span> 
     </span>
    </p>
   </div>
   <div class='ocr_carea' id='block_1_73' title="bbox 2124 1458 3716 1532">
    <p class='ocr_par' dir='ltr' id='par_1_73' title="bbox 2124 1458 3716 1532">
     <span class='ocr_line' id='line_1_73' title="bbox 2124 1458 3716 1532; baseline -0.006 -11"><span class='ocrx_word' id='word_1_553' title='bbox 2124 1481 2306 1521; x_wconf 91' lang='lat' dir='ltr'><strong>eorum</strong></span> <span class='ocrx_word' id='word_1_554' title='bbox 2336 1465 2546 1519; x_wconf 88' lang='lat' dir='ltr'><strong>dicebat</strong></span> <span class='ocrx_word' id='word_1_555' title='bbox 2590 1467 2692 1519; x_wconf 89' lang='lat' dir='ltr'><strong>hoc</strong></span> <span class='ocrx_word' id='word_1_556' title='bbox 2728 1463 2905 1517; x_wconf 91' lang='lat' dir='ltr'><strong>cultus</strong></span> <span class='ocrx_word' id='word_1_557' title='bbox 2951 1477 3146 1532; x_wconf 84' lang='lat' dir='ltr'><strong>genere</strong></span> <span class='ocrx_word' id='word_1_558' title='bbox 3190 1476 3316 1515; x_wconf 89' lang='lat' dir='ltr'><strong>usos</strong></span> <span class='ocrx_word' id='word_1_559' title='bbox 3362 1458 3542 1530; x_wconf 88' lang='lat' dir='ltr'><strong>esse),</strong></span> <span class='ocrx_word' id='word_1_560' title='bbox 3588 1475 3716 1513; x_wconf 88' lang='lat' dir='ltr'><strong>cum</strong></span> 
     </span>
    </p>
   </div>
   <div class='ocr_carea' id='block_1_74' title="bbox 2123 1554 3716 1627">
    <p class='ocr_par' dir='ltr' id='par_1_74' title="bbox 2123 1554 3716 1627">
     <span class='ocr_line' id='line_1_74' title="bbox 2123 1554 3716 1627; baseline -0.008 -12"><span class='ocrx_word' id='word_1_561' title='bbox 2123 1559 2292 1615; x_wconf 66' lang='lat' dir='ltr'><strong>Judaei</strong></span> <span class='ocrx_word' id='word_1_562' title='bbox 2323 1575 2388 1614; x_wconf 90' lang='lat' dir='ltr'><strong>eo</strong></span> <span class='ocrx_word' id='word_1_563' title='bbox 2414 1559 2796 1627; x_wconf 90' lang='lat' dir='ltr'><strong>confugerent,</strong></span> <span class='ocrx_word' id='word_1_564' title='bbox 2831 1565 2888 1611; x_wconf 93' lang='lat' dir='ltr'><strong>ut</strong></span> <span class='ocrx_word' id='word_1_565' title='bbox 2920 1571 3024 1611; x_wconf 90' lang='lat' dir='ltr'><strong>non</strong></span> <span class='ocrx_word' id='word_1_566' title='bbox 3067 1554 3146 1610; x_wconf 90' lang='lat' dir='ltr'><strong>fas</strong></span> <span class='ocrx_word' id='word_1_567' title='bbox 3174 1569 3292 1610; x_wconf 89' lang='lat' dir='ltr'><strong>esse</strong></span> <span class='ocrx_word' id='word_1_568' title='bbox 3318 1555 3418 1608; x_wconf 88' lang='lat' dir='ltr'><strong>sibi</strong></span> <span class='ocrx_word' id='word_1_569' title='bbox 3449 1554 3716 1616; x_wconf 67' lang='lat' dir='ltr'><strong>dici-rent,</strong></span> 
     </span>
    </p>
   </div>
   <div class='ocr_carea' id='block_1_75' title="bbox 2126 1646 3714 1719">
    <p class='ocr_par' dir='ltr' id='par_1_75' title="bbox 2126 1646 3714 1719">
     <span class='ocr_line' id='line_1_75' title="bbox 2126 1646 3714 1719; baseline -0.004 -13"><span class='ocrx_word' id='word_1_570' title='bbox 2126 1651 2327 1719; x_wconf 86' lang='lat' dir='ltr'><strong>templo</strong></span> <span class='ocrx_word' id='word_1_571' title='bbox 2369 1651 2546 1705; x_wconf 91' lang='lat' dir='ltr'><strong>diruto</strong></span> <span class='ocrx_word' id='word_1_572' title='bbox 2581 1659 2730 1705; x_wconf 82' lang='lat' dir='ltr'><strong>extra</strong></span> <span class='ocrx_word' id='word_1_573' title='bbox 2777 1658 3012 1703; x_wconf 88' lang='lat' dir='ltr'><strong>veterem</strong></span> <span class='ocrx_word' id='word_1_574' title='bbox 3058 1647 3373 1717; x_wconf 82' lang='lat' dir='ltr'><strong>metrOpolin</strong></span> <span class='ocrx_word' id='word_1_575' title='bbox 3407 1646 3458 1700; x_wconf 91' lang='lat' dir='ltr'><strong>id</strong></span> <span class='ocrx_word' id='word_1_576' title='bbox 3507 1647 3714 1710; x_wconf 85' lang='lat' dir='ltr'><strong>facere,</strong></span> 
     </span>
    </p>
   </div>
   <div class='ocr_carea' id='block_1_76' title="bbox 2121 1738 3720 1814">
    <p class='ocr_par' dir='ltr' id='par_1_76' title="bbox 2121 1738 3720 1814">
     <span class='ocr_line' id='line_1_76' title="bbox 2121 1738 3720 1814; baseline -0.006 -17"><span class='ocrx_word' id='word_1_577' title='bbox 2121 1743 2272 1814; x_wconf 85' lang='lat' dir='ltr'><strong>jubet</strong></span> <span class='ocrx_word' id='word_1_578' title='bbox 2299 1742 2548 1812; x_wconf 90' lang='lat' dir='ltr'><strong>pecunias</strong></span> <span class='ocrx_word' id='word_1_579' title='bbox 2577 1757 2642 1795; x_wconf 88' lang='lat' dir='ltr'><strong>ex</strong></span> <span class='ocrx_word' id='word_1_580' title='bbox 2683 1740 3023 1809; x_wconf 89' lang='lat' dir='ltr'><strong>imperatorio</strong></span> <span class='ocrx_word' id='word_1_581' title='bbox 3061 1739 3253 1792; x_wconf 64' lang='lat' dir='ltr'><strong>arrario</strong></span> <span class='ocrx_word' id='word_1_582' title='bbox 3277 1738 3521 1806; x_wconf 90' lang='lat' dir='ltr'><strong>accipere</strong></span> <span class='ocrx_word' id='word_1_583' title='bbox 3540 1777 3556 1801; x_wconf 94' lang='lat'><strong>,</strong></span> <span class='ocrx_word' id='word_1_584' title='bbox 3587 1751 3720 1788; x_wconf 81' lang='lat' dir='ltr'><strong>nec-</strong></span> 
     </span>
    </p>
   </div>
   <div class='ocr_carea' id='block_1_77' title="bbox 2128 1831 3723 1900">
    <p class='ocr_par' dir='ltr' id='par_1_77' title="bbox 2128 1831 3723 1900">
     <span class='ocr_line' id='line_1_77' title="bbox 2128 1831 3723 1900; baseline -0.004 -11"><span class='ocrx_word' id='word_1_585' title='bbox 2128 1853 2233 1890; x_wconf 91' lang='lat' dir='ltr'><strong>non</strong></span> <span class='ocrx_word' id='word_1_586' title='bbox 2269 1837 2369 1889; x_wconf 89' lang='lat' dir='ltr'><strong>alia</strong></span> <span class='ocrx_word' id='word_1_587' title='bbox 2399 1835 2573 1889; x_wconf 92' lang='lat' dir='ltr'><strong>omnia</strong></span> <span class='ocrx_word' id='word_1_588' title='bbox 2617 1834 2682 1888; x_wconf 87' lang='lat' dir='ltr'><strong>ad</strong></span> <span class='ocrx_word' id='word_1_589' title='bbox 2717 1842 3038 1888; x_wconf 90' lang='lat' dir='ltr'><strong>structuram</strong></span> <span class='ocrx_word' id='word_1_590' title='bbox 3084 1833 3417 1894; x_wconf 86' lang='lat' dir='ltr'><strong>necessaria,</strong></span> <span class='ocrx_word' id='word_1_591' title='bbox 3460 1831 3723 1900; x_wconf 88' lang='lat' dir='ltr'><strong>abireque</strong></span> 
     </span>
    </p>
   </div>
   <div class='ocr_carea' id='block_1_78' title="bbox 2128 1922 3723 1995">
    <p class='ocr_par' dir='ltr' id='par_1_78' title="bbox 2128 1922 3723 1995">
     <span class='ocr_line' id='line_1_78' title="bbox 2128 1922 3723 1995; baseline -0.003 -14"><span class='ocrx_word' id='word_1_592' title='bbox 2128 1927 2484 1983; x_wconf 89' lang='lat' dir='ltr'><strong>instauratum</strong></span> <span class='ocrx_word' id='word_1_593' title='bbox 2513 1925 2764 1995; x_wconf 89' lang='lat' dir='ltr'><strong>templum</strong></span> <span class='ocrx_word' id='word_1_594' title='bbox 2791 1965 2806 1991; x_wconf 90' lang='lat'><strong>,</strong></span> <span class='ocrx_word' id='word_1_595' title='bbox 2835 1939 2897 1978; x_wconf 92' lang='lat' dir='ltr'><strong>ac</strong></span> <span class='ocrx_word' id='word_1_596' title='bbox 2922 1934 3156 1978; x_wconf 89' lang='lat' dir='ltr'><strong>veterem</strong></span> <span class='ocrx_word' id='word_1_597' title='bbox 3187 1922 3572 1976; x_wconf 88' lang='lat' dir='ltr'><strong>sacrificiorum</strong></span> <span class='ocrx_word' id='word_1_598' title='bbox 3603 1938 3723 1976; x_wconf 86' lang='lat' dir='ltr'><strong>mo-</strong></span> 
     </span>
    </p>
   </div>
   <div class='ocr_carea' id='block_1_79' title="bbox 2129 2016 3724 2087">
    <p class='ocr_par' dir='ltr' id='par_1_79' title="bbox 2129 2016 3724 2087">
     <span class='ocr_line' id='line_1_79' title="bbox 2129 2016 3724 2087; baseline -0.001 -15"><span class='ocrx_word' id='word_1_599' title='bbox 2129 2033 2242 2072; x_wconf 89' lang='lat' dir='ltr'><strong>rem</strong></span> <span class='ocrx_word' id='word_1_600' title='bbox 2283 2019 2586 2087; x_wconf 87' lang='lat' dir='ltr'><strong>repetitum.</strong></span> <span class='ocrx_word' id='word_1_601' title='bbox 2630 2017 2764 2072; x_wconf 92' lang='lat' dir='ltr'><strong>Tum</strong></span> <span class='ocrx_word' id='word_1_602' title='bbox 2793 2017 2939 2070; x_wconf 90' lang='lat' dir='ltr'><strong>stulti</strong></span> <span class='ocrx_word' id='word_1_603' title='bbox 2971 2017 3086 2082; x_wconf 91' lang='lat' dir='ltr'><strong>illi,</strong></span> <span class='ocrx_word' id='word_1_604' title='bbox 3123 2016 3190 2070; x_wconf 90' lang='lat' dir='ltr'><strong>ab</strong></span> <span class='ocrx_word' id='word_1_605' title='bbox 3219 2023 3367 2069; x_wconf 91' lang='lat' dir='ltr'><strong>utero</strong></span> <span class='ocrx_word' id='word_1_606' title='bbox 3394 2025 3641 2070; x_wconf 89' lang='lat' dir='ltr'><strong>errantes</strong></span> <span class='ocrx_word' id='word_1_607' title='bbox 3671 2024 3724 2070; x_wconf 87' lang='lat' dir='ltr'><strong>et</strong></span> 
     </span>
    </p>
   </div>
   <div class='ocr_carea' id='block_1_80' title="bbox 2128 2106 3725 2179">
    <p class='ocr_par' dir='ltr' id='par_1_80' title="bbox 2128 2106 3725 2179">
     <span class='ocr_line' id='line_1_80' title="bbox 2128 2106 3725 2179; baseline -0.003 -16"><span class='ocrx_word' id='word_1_608' title='bbox 2128 2110 2196 2164; x_wconf 92' lang='lat' dir='ltr'><strong>ad</strong></span> <span class='ocrx_word' id='word_1_609' title='bbox 2221 2125 2384 2164; x_wconf 89' lang='lat' dir='ltr'><strong>canos</strong></span> <span class='ocrx_word' id='word_1_610' title='bbox 2425 2124 2593 2179; x_wconf 83' lang='lat' dir='ltr'><strong>uSque</strong></span> <span class='ocrx_word' id='word_1_611' title='bbox 2636 2109 2820 2178; x_wconf 91' lang='lat' dir='ltr'><strong>puerili</strong></span> <span class='ocrx_word' id='word_1_612' title='bbox 2847 2117 3064 2176; x_wconf 84' lang='lat' dir='ltr'><strong>egentes</strong></span> <span class='ocrx_word' id='word_1_613' title='bbox 3110 2108 3440 2162; x_wconf 85' lang='lat' dir='ltr'><strong>institutione</strong></span> <span class='ocrx_word' id='word_1_614' title='bbox 3463 2147 3478 2170; x_wconf 93' lang='lat'><strong>,</strong></span> <span class='ocrx_word' id='word_1_615' title='bbox 3515 2106 3725 2161; x_wconf 87' lang='lat' dir='ltr'><strong>disces-</strong></span> 
     </span>
    </p>
   </div>
   <div class='ocr_carea' id='block_1_81' title="bbox 2130 2200 3726 2270">
    <p class='ocr_par' dir='ltr' id='par_1_81' title="bbox 2130 2200 3726 2270">
     <span class='ocr_line' id='line_1_81' title="bbox 2130 2200 3726 2270; baseline -0.002 -15"><span class='ocrx_word' id='word_1_616' title='bbox 2130 2209 2350 2268; x_wconf 89' lang='lat' dir='ltr'><strong>serunt,</strong></span> <span class='ocrx_word' id='word_1_617' title='bbox 2396 2210 2458 2254; x_wconf 89' lang='lat' dir='ltr'><strong>ut</strong></span> <span class='ocrx_word' id='word_1_618' title='bbox 2503 2201 2828 2270; x_wconf 88' lang='lat' dir='ltr'><strong>lmperatore</strong></span> <span class='ocrx_word' id='word_1_619' title='bbox 2867 2200 3076 2255; x_wconf 89' lang='lat' dir='ltr'><strong>favente</strong></span> <span class='ocrx_word' id='word_1_620' title='bbox 3110 2214 3222 2254; x_wconf 90' lang='lat' dir='ltr'><strong>rem</strong></span> <span class='ocrx_word' id='word_1_621' title='bbox 3261 2207 3625 2270; x_wconf 86' lang='lat' dir='ltr'><strong>peragerent:</strong></span> <span class='ocrx_word' id='word_1_622' title='bbox 3660 2214 3726 2252; x_wconf 85' lang='lat' dir='ltr'><strong>ac</strong></span> 
     </span>
    </p>
   </div>
   <div class='ocr_carea' id='block_1_82' title="bbox 2129 2291 3722 2365">
    <p class='ocr_par' dir='ltr' id='par_1_82' title="bbox 2129 2291 3722 2365">
     <span class='ocr_line' id='line_1_82' title="bbox 2129 2291 3722 2365; baseline -0.003 -17"><span class='ocrx_word' id='word_1_623' title='bbox 2129 2294 2307 2348; x_wconf 90' lang='lat' dir='ltr'><strong>statim</strong></span> <span class='ocrx_word' id='word_1_624' title='bbox 2329 2305 2488 2365; x_wconf 87' lang='lat' dir='ltr'><strong>atque</strong></span> <span class='ocrx_word' id='word_1_625' title='bbox 2516 2294 2736 2349; x_wconf 90' lang='lat' dir='ltr'><strong>humum</strong></span> <span class='ocrx_word' id='word_1_626' title='bbox 2767 2309 2988 2365; x_wconf 86' lang='lat' dir='ltr'><strong>egerere</strong></span> <span class='ocrx_word' id='word_1_627' title='bbox 3017 2294 3306 2363; x_wconf 74' lang='lat' dir='ltr'><strong>cwpissent</strong></span> <span class='ocrx_word' id='word_1_628' title='bbox 3324 2334 3339 2359; x_wconf 93' lang='lat'><strong>,</strong></span> <span class='ocrx_word' id='word_1_629' title='bbox 3369 2293 3507 2364; x_wconf 88' lang='lat' dir='ltr'><strong>ignis</strong></span> <span class='ocrx_word' id='word_1_630' title='bbox 3534 2308 3566 2346; x_wconf 89' lang='lat' dir='ltr'><strong>e</strong></span> <span class='ocrx_word' id='word_1_631' title='bbox 3593 2291 3722 2345; x_wconf 87' lang='lat' dir='ltr'><strong>fun-</strong></span> 
     </span>
    </p>
   </div>
   <div class='ocr_carea' id='block_1_83' title="bbox 2130 2383 3723 2452">
    <p class='ocr_par' dir='ltr' id='par_1_83' title="bbox 2130 2383 3723 2452">
     <span class='ocr_line' id='line_1_83' title="bbox 2130 2383 3723 2452; baseline -0.002 -13"><span class='ocrx_word' id='word_1_632' title='bbox 2130 2385 2391 2440; x_wconf 90' lang='lat' dir='ltr'><strong>damentis</strong></span> <span class='ocrx_word' id='word_1_633' title='bbox 2419 2386 2670 2441; x_wconf 85' lang='lat' dir='ltr'><strong>exsiliens</strong></span> <span class='ocrx_word' id='word_1_634' title='bbox 2699 2400 2792 2441; x_wconf 92' lang='lat' dir='ltr'><strong>eos</strong></span> <span class='ocrx_word' id='word_1_635' title='bbox 2820 2386 2997 2440; x_wconf 91' lang='lat' dir='ltr'><strong>statim</strong></span> <span class='ocrx_word' id='word_1_636' title='bbox 3026 2385 3377 2452; x_wconf 89' lang='lat' dir='ltr'><strong>consumpsit.</strong></span> <span class='ocrx_word' id='word_1_637' title='bbox 3421 2383 3511 2437; x_wconf 86' lang='lat' dir='ltr'><strong>llis</strong></span> <span class='ocrx_word' id='word_1_638' title='bbox 3542 2383 3723 2452; x_wconf 89' lang='lat' dir='ltr'><strong>Impe-</strong></span> 
     </span>
    </p>
   </div>
   <div class='ocr_carea' id='block_1_84' title="bbox 2129 2477 3723 2544">
    <p class='ocr_par' dir='ltr' id='par_1_84' title="bbox 2129 2477 3723 2544">
     <span class='ocr_line' id='line_1_84' title="bbox 2129 2477 3723 2544; baseline -0.003 -13"><span class='ocrx_word' id='word_1_639' title='bbox 2129 2478 2295 2532; x_wconf 90' lang='lat' dir='ltr'><strong>ratori</strong></span> <span class='ocrx_word' id='word_1_640' title='bbox 2323 2477 2577 2531; x_wconf 88' lang='lat' dir='ltr'><strong>nuntiatis</strong></span> <span class='ocrx_word' id='word_1_641' title='bbox 2603 2492 2708 2532; x_wconf 91' lang='lat' dir='ltr'><strong>non</strong></span> <span class='ocrx_word' id='word_1_642' title='bbox 2737 2477 2876 2531; x_wconf 89' lang='lat' dir='ltr'><strong>ultra</strong></span> <span class='ocrx_word' id='word_1_643' title='bbox 2921 2492 3032 2530; x_wconf 90' lang='lat' dir='ltr'><strong>rem</strong></span> <span class='ocrx_word' id='word_1_644' title='bbox 3081 2490 3396 2544; x_wconf 87' lang='lat' dir='ltr'><strong>promovere</strong></span> <span class='ocrx_word' id='word_1_645' title='bbox 3421 2489 3587 2528; x_wconf 90' lang='lat' dir='ltr'><strong>ausus</strong></span> <span class='ocrx_word' id='word_1_646' title='bbox 3613 2484 3723 2538; x_wconf 88' lang='lat' dir='ltr'><strong>est,</strong></span> 
     </span>
    </p>
   </div>
   <div class='ocr_carea' id='block_1_85' title="bbox 2130 2566 3726 2637">
    <p class='ocr_par' dir='ltr' id='par_1_85' title="bbox 2130 2566 3726 2637">
     <span class='ocr_line' id='line_1_85' title="bbox 2130 2566 3726 2637; baseline -0.004 -11"><span class='ocrx_word' id='word_1_647' title='bbox 2130 2583 2279 2626; x_wconf 91' lang='lat' dir='ltr'><strong>metu</strong></span> <span class='ocrx_word' id='word_1_648' title='bbox 2326 2571 2532 2626; x_wconf 87' lang='lat' dir='ltr'><strong>scilicet</strong></span> <span class='ocrx_word' id='word_1_649' title='bbox 2585 2569 2908 2635; x_wconf 90' lang='lat' dir='ltr'><strong>cohibente;</strong></span> <span class='ocrx_word' id='word_1_650' title='bbox 2969 2583 3141 2637; x_wconf 85' lang='lat' dir='ltr'><strong>neque</strong></span> <span class='ocrx_word' id='word_1_651' title='bbox 3192 2575 3368 2620; x_wconf 89' lang='lat' dir='ltr'><strong>tamen</strong></span> <span class='ocrx_word' id='word_1_652' title='bbox 3414 2566 3482 2620; x_wconf 90' lang='lat' dir='ltr'><strong>ab</strong></span> <span class='ocrx_word' id='word_1_653' title='bbox 3533 2579 3726 2619; x_wconf 87' lang='lat' dir='ltr'><strong>errore</strong></span> 
     </span>
    </p>
   </div>
   <div class='ocr_carea' id='block_1_86' title="bbox 2131 2656 3722 2731">
    <p class='ocr_par' dir='ltr' id='par_1_86' title="bbox 2131 2656 3722 2731">
     <span class='ocr_line' id='line_1_86' title="bbox 2131 2656 3722 2731; baseline -0.004 -15"><span class='ocrx_word' id='word_1_654' title='bbox 2131 2662 2431 2717; x_wconf 63' lang='lat' dir='ltr'><strong>daemonum</strong></span> <span class='ocrx_word' id='word_1_655' title='bbox 2454 2701 2469 2726; x_wconf 93' lang='lat'><strong>,</strong></span> <span class='ocrx_word' id='word_1_656' title='bbox 2507 2662 2699 2731; x_wconf 90' lang='lat' dir='ltr'><strong>quibus</strong></span> <span class='ocrx_word' id='word_1_657' title='bbox 2731 2661 2885 2730; x_wconf 91' lang='lat' dir='ltr'><strong>plane</strong></span> <span class='ocrx_word' id='word_1_658' title='bbox 2913 2659 3160 2714; x_wconf 88' lang='lat' dir='ltr'><strong>subditus</strong></span> <span class='ocrx_word' id='word_1_659' title='bbox 3202 2667 3338 2725; x_wconf 87' lang='lat' dir='ltr'><strong>erat,</strong></span> <span class='ocrx_word' id='word_1_660' title='bbox 3371 2656 3591 2712; x_wconf 87' lang='lat' dir='ltr'><strong>liberari</strong></span> <span class='ocrx_word' id='word_1_661' title='bbox 3621 2671 3722 2709; x_wconf 81' lang='lat' dir='ltr'><strong>vo-</strong></span> 
     </span>
    </p>
   </div>
   <div class='ocr_carea' id='block_1_87' title="bbox 2133 2752 3190 2824">
    <p class='ocr_par' dir='ltr' id='par_1_87' title="bbox 2133 2752 3190 2824">
     <span class='ocr_line' id='line_1_87' title="bbox 2133 2752 3190 2824; baseline -0.007 -13"><span class='ocrx_word' id='word_1_662' title='bbox 2133 2756 2257 2820; x_wconf 91' lang='lat' dir='ltr'><strong>luit;</strong></span> <span class='ocrx_word' id='word_1_663' title='bbox 2290 2756 2498 2810; x_wconf 86' lang='lat' dir='ltr'><strong>interim</strong></span> <span class='ocrx_word' id='word_1_664' title='bbox 2527 2765 2700 2809; x_wconf 86' lang='lat' dir='ltr'><strong>tatneu</strong></span> <span class='ocrx_word' id='word_1_665' title='bbox 2728 2754 2941 2824; x_wconf 91' lang='lat' dir='ltr'><strong>paulum</strong></span> <span class='ocrx_word' id='word_1_666' title='bbox 2966 2752 3190 2822; x_wconf 89' lang='lat' dir='ltr'><strong>quievit.</strong></span> 
     </span>
    </p>
   </div>
   <div class='ocr_carea' id='block_1_88' title="bbox 2204 2842 3722 2918">
    <p class='ocr_par' dir='ltr' id='par_1_88' title="bbox 2204 2842 3722 2918">
     <span class='ocr_line' id='line_1_88' title="bbox 2204 2842 3722 2918; baseline -0.005 -18"><span class='ocrx_word' id='word_1_667' title='bbox 2204 2847 2392 2901; x_wconf 74' lang='lat' dir='ltr'><strong>Modus</strong></span> <span class='ocrx_word' id='word_1_668' title='bbox 2432 2846 2822 2918; x_wconf 73' lang='lat' dir='ltr'><strong>pcrsequutiom&#39;s</strong></span> <span class='ocrx_word' id='word_1_669' title='bbox 2861 2847 2952 2897; x_wconf 77' lang='lat' dir='ltr'><strong>sub</strong></span> <span class='ocrx_word' id='word_1_670' title='bbox 2977 2843 3208 2897; x_wconf 68' lang='lat' dir='ltr'><strong>Iuliano.</strong></span> <span class='ocrx_word' id='word_1_671' title='bbox 3248 2871 3321 2882; x_wconf 89' lang='lat'>—</span> <span class='ocrx_word' id='word_1_672' title='bbox 3349 2842 3503 2896; x_wconf 89' lang='lat' dir='ltr'><strong>Brevi</strong></span> <span class='ocrx_word' id='word_1_673' title='bbox 3535 2849 3722 2909; x_wconf 80' lang='lat' dir='ltr'><strong>postea</strong></span> 
     </span>
    </p>
   </div>
   <div class='ocr_carea' id='block_1_89' title="bbox 2134 2933 3723 3007">
    <p class='ocr_par' dir='ltr' id='par_1_89' title="bbox 2134 2933 3723 3007">
     <span class='ocr_line' id='line_1_89' title="bbox 2134 2933 3723 3007; baseline -0.004 -15"><span class='ocrx_word' id='word_1_674' title='bbox 2134 2947 2373 3007; x_wconf 85' lang='lat' dir='ltr'><strong>tempore</strong></span> <span class='ocrx_word' id='word_1_675' title='bbox 2403 2954 2590 2992; x_wconf 87' lang='lat' dir='ltr'><strong>vanam</strong></span> <span class='ocrx_word' id='word_1_676' title='bbox 2621 2937 2802 2992; x_wconf 90' lang='lat' dir='ltr'><strong>itidem</strong></span> <span class='ocrx_word' id='word_1_677' title='bbox 2830 2951 3045 3005; x_wconf 88' lang='lat' dir='ltr'><strong>operam</strong></span> <span class='ocrx_word' id='word_1_678' title='bbox 3076 2935 3340 3002; x_wconf 84' lang='lat' dir='ltr'><strong>suscepit,</strong></span> <span class='ocrx_word' id='word_1_679' title='bbox 3375 2949 3478 2986; x_wconf 95' lang='lat' dir='ltr'><strong>nou</strong></span> <span class='ocrx_word' id='word_1_680' title='bbox 3505 2933 3723 3001; x_wconf 88' lang='lat' dir='ltr'><strong>quidem</strong></span> 
     </span>
    </p>
   </div>
   <div class='ocr_carea' id='block_1_90' title="bbox 2132 3027 3725 3100">
    <p class='ocr_par' dir='ltr' id='par_1_90' title="bbox 2132 3027 3725 3100">
     <span class='ocr_line' id='line_1_90' title="bbox 2132 3027 3725 3100; baseline -0.002 -16"><span class='ocrx_word' id='word_1_681' title='bbox 2132 3048 2293 3087; x_wconf 88' lang='lat' dir='ltr'><strong>ausus</strong></span> <span class='ocrx_word' id='word_1_682' title='bbox 2316 3033 2449 3086; x_wconf 88' lang='lat' dir='ltr'><strong>ultra</strong></span> <span class='ocrx_word' id='word_1_683' title='bbox 2476 3031 2728 3100; x_wconf 89' lang='lat' dir='ltr'><strong>templum</strong></span> <span class='ocrx_word' id='word_1_684' title='bbox 2764 3040 3075 3084; x_wconf 89' lang='lat' dir='ltr'><strong>construere</strong></span> <span class='ocrx_word' id='word_1_685' title='bbox 3100 3071 3114 3094; x_wconf 92' lang='lat'><strong>,</strong></span> <span class='ocrx_word' id='word_1_686' title='bbox 3151 3029 3241 3083; x_wconf 90' lang='lat' dir='ltr'><strong>sed</strong></span> <span class='ocrx_word' id='word_1_687' title='bbox 3277 3028 3554 3080; x_wconf 83' lang='lat' dir='ltr'><strong>nobiscum</strong></span> <span class='ocrx_word' id='word_1_688' title='bbox 3587 3027 3725 3081; x_wconf 78' lang='lat' dir='ltr'><strong>veli-</strong></span> 
     </span>
    </p>
   </div>
   <div class='ocr_carea' id='block_1_91' title="bbox 2135 3121 3724 3194">
    <p class='ocr_par' dir='ltr' id='par_1_91' title="bbox 2135 3121 3724 3194">
     <span class='ocr_line' id='line_1_91' title="bbox 2135 3121 3724 3194; baseline -0.004 -15"><span class='ocrx_word' id='word_1_689' title='bbox 2135 3126 2422 3180; x_wconf 88' lang='lat' dir='ltr'><strong>tationihus</strong></span> <span class='ocrx_word' id='word_1_690' title='bbox 2467 3140 2700 3194; x_wconf 88' lang='lat' dir='ltr'><strong>pugnare</strong></span> <span class='ocrx_word' id='word_1_691' title='bbox 2735 3124 2920 3179; x_wconf 89' lang='lat' dir='ltr'><strong>volens</strong></span> <span class='ocrx_word' id='word_1_692' title='bbox 2954 3140 2968 3176; x_wconf 92' lang='lat'>:</span> <span class='ocrx_word' id='word_1_693' title='bbox 3009 3131 3198 3190; x_wconf 89' lang='lat' dir='ltr'><strong>aperto</strong></span> <span class='ocrx_word' id='word_1_694' title='bbox 3235 3121 3375 3174; x_wconf 88' lang='lat' dir='ltr'><strong>enim</strong></span> <span class='ocrx_word' id='word_1_695' title='bbox 3420 3130 3594 3174; x_wconf 89' lang='lat' dir='ltr'><strong>marte</strong></span> <span class='ocrx_word' id='word_1_696' title='bbox 3622 3135 3724 3173; x_wconf 88' lang='lat' dir='ltr'><strong>nos</strong></span> 
     </span>
    </p>
   </div>
   <div class='ocr_carea' id='block_1_92' title="bbox 2132 3212 3724 3284">
    <p class='ocr_par' dir='ltr' id='par_1_92' title="bbox 2132 3212 3724 3284">
     <span class='ocr_line' id='line_1_92' title="bbox 2132 3212 3724 3284; baseline -0.003 -13"><span class='ocrx_word' id='word_1_697' title='bbox 2132 3217 2328 3271; x_wconf 78' lang='lat' dir='ltr'><strong>adoriri</strong></span> <span class='ocrx_word' id='word_1_698' title='bbox 2356 3216 2529 3270; x_wconf 90' lang='lat' dir='ltr'><strong>adhuc</strong></span> <span class='ocrx_word' id='word_1_699' title='bbox 2556 3215 2834 3270; x_wconf 77' lang='lat' dir='ltr'><strong>differebat</strong></span> <span class='ocrx_word' id='word_1_700' title='bbox 2862 3233 2876 3270; x_wconf 90' lang='lat'><strong>:</strong></span> <span class='ocrx_word' id='word_1_701' title='bbox 2904 3214 3002 3268; x_wconf 91' lang='lat' dir='ltr'><strong>hac</strong></span> <span class='ocrx_word' id='word_1_702' title='bbox 3029 3230 3130 3268; x_wconf 89' lang='lat' dir='ltr'><strong>una</strong></span> <span class='ocrx_word' id='word_1_703' title='bbox 3157 3224 3210 3268; x_wconf 90' lang='lat' dir='ltr'><strong>et</strong></span> <span class='ocrx_word' id='word_1_704' title='bbox 3239 3214 3408 3284; x_wconf 88' lang='lat' dir='ltr'><strong>prima</strong></span> <span class='ocrx_word' id='word_1_705' title='bbox 3443 3212 3513 3267; x_wconf 92' lang='lat' dir='ltr'><strong>de</strong></span> <span class='ocrx_word' id='word_1_706' title='bbox 3537 3227 3724 3278; x_wconf 87' lang='lat' dir='ltr'><strong>causa,</strong></span> 
     </span>
    </p>
   </div>
   <div class='ocr_carea' id='block_1_93' title="bbox 2133 3305 3726 3376">
    <p class='ocr_par' dir='ltr' id='par_1_93' title="bbox 2133 3305 3726 3376">
     <span class='ocr_line' id='line_1_93' title="bbox 2133 3305 3726 3376; baseline -0.002 -16"><span class='ocrx_word' id='word_1_707' title='bbox 2133 3308 2274 3375; x_wconf 86' lang='lat' dir='ltr'><strong>quod</strong></span> <span class='ocrx_word' id='word_1_708' title='bbox 2324 3322 2605 3376; x_wconf 86' lang='lat' dir='ltr'><strong>persuasus</strong></span> <span class='ocrx_word' id='word_1_709' title='bbox 2630 3315 2773 3361; x_wconf 86' lang='lat' dir='ltr'><strong>esset</strong></span> <span class='ocrx_word' id='word_1_710' title='bbox 2802 3320 2862 3360; x_wconf 90' lang='lat' dir='ltr'><strong>se</strong></span> <span class='ocrx_word' id='word_1_711' title='bbox 2887 3305 2938 3359; x_wconf 90' lang='lat' dir='ltr'><strong>id</strong></span> <span class='ocrx_word' id='word_1_712' title='bbox 2987 3305 3178 3358; x_wconf 90' lang='lat' dir='ltr'><strong>frustra</strong></span> <span class='ocrx_word' id='word_1_713' title='bbox 3208 3313 3529 3357; x_wconf 82' lang='lat' dir='ltr'><strong>tentaturum</strong></span> <span class='ocrx_word' id='word_1_714' title='bbox 3561 3319 3683 3358; x_wconf 88' lang='lat' dir='ltr'><strong>esse</strong></span> <span class='ocrx_word' id='word_1_715' title='bbox 3709 3319 3726 3366; x_wconf 84' lang='lat'><strong>;</strong></span> 
     </span>
    </p>
   </div>
   <div class='ocr_carea' id='block_1_94' title="bbox 2135 3395 3724 3465">
    <p class='ocr_par' dir='ltr' id='par_1_94' title="bbox 2135 3395 3724 3465">
     <span class='ocr_line' id='line_1_94' title="bbox 2135 3395 3724 3465; baseline -0.004 -13"><span class='ocrx_word' id='word_1_716' title='bbox 2135 3400 2369 3453; x_wconf 89' lang='lat' dir='ltr'><strong>secunda</strong></span> <span class='ocrx_word' id='word_1_717' title='bbox 2392 3414 2554 3465; x_wconf 86' lang='lat' dir='ltr'><strong>vero,</strong></span> <span class='ocrx_word' id='word_1_718' title='bbox 2593 3413 2662 3452; x_wconf 90' lang='lat' dir='ltr'><strong>ne</strong></span> <span class='ocrx_word' id='word_1_719' title='bbox 2701 3397 2854 3452; x_wconf 79' lang='lat' dir='ltr'><strong>nobis</strong></span> <span class='ocrx_word' id='word_1_720' title='bbox 2892 3397 3225 3451; x_wconf 87' lang='lat' dir='ltr'><strong>occasionem</strong></span> <span class='ocrx_word' id='word_1_721' title='bbox 3256 3395 3518 3464; x_wconf 72' lang='lat' dir='ltr'><strong>przeberet</strong></span> <span class='ocrx_word' id='word_1_722' title='bbox 3543 3404 3603 3448; x_wconf 87' lang='lat' dir='ltr'><strong>ut</strong></span> <span class='ocrx_word' id='word_1_723' title='bbox 3631 3411 3724 3449; x_wconf 79' lang='lat' dir='ltr'><strong>eo-</strong></span> 
     </span>
    </p>
   </div>
   <div class='ocr_carea' id='block_1_95' title="bbox 2133 3487 3716 3560">
    <p class='ocr_par' dir='ltr' id='par_1_95' title="bbox 2133 3487 3716 3560">
     <span class='ocr_line' id='line_1_95' title="bbox 2133 3487 3716 3560; baseline -0.002 -18"><span class='ocrx_word' id='word_1_724' title='bbox 2133 3505 2265 3543; x_wconf 91' lang='lat' dir='ltr'><strong>rona</strong></span> <span class='ocrx_word' id='word_1_725' title='bbox 2295 3489 2532 3560; x_wconf 84' lang='lat' dir='ltr'><strong>martyrii</strong></span> <span class='ocrx_word' id='word_1_726' title='bbox 2551 3489 2940 3543; x_wconf 89' lang='lat' dir='ltr'><strong>redimiremur.</strong></span> <span class='ocrx_word' id='word_1_727' title='bbox 2973 3488 3290 3556; x_wconf 88' lang='lat' dir='ltr'><strong>llocqnippc</strong></span> <span class='ocrx_word' id='word_1_728' title='bbox 3319 3487 3716 3540; x_wconf 82' lang='lat' dir='ltr'><strong>intolerandum</strong></span> 
     </span>
    </p>
   </div>
   <div class='ocr_carea' id='block_1_96' title="bbox 2134 3577 3724 3648">
    <p class='ocr_par' dir='ltr' id='par_1_96' title="bbox 2134 3577 3724 3648">
     <span class='ocr_line' id='line_1_96' title="bbox 2134 3577 3724 3648; baseline -0.001 -16"><span class='ocrx_word' id='word_1_729' title='bbox 2134 3579 2257 3648; x_wconf 82' lang='lat' dir='ltr'><strong>ipsi,</strong></span> <span class='ocrx_word' id='word_1_730' title='bbox 2301 3587 2354 3634; x_wconf 90' lang='lat' dir='ltr'><strong>et</strong></span> <span class='ocrx_word' id='word_1_731' title='bbox 2383 3579 2525 3633; x_wconf 90' lang='lat' dir='ltr'><strong>omni</strong></span> <span class='ocrx_word' id='word_1_732' title='bbox 2555 3579 2856 3636; x_wconf 87' lang='lat' dir='ltr'><strong>calamitate</strong></span> <span class='ocrx_word' id='word_1_733' title='bbox 2895 3579 3110 3647; x_wconf 88' lang='lat' dir='ltr'><strong>gravius</strong></span> <span class='ocrx_word' id='word_1_734' title='bbox 3142 3587 3277 3642; x_wconf 84' lang='lat' dir='ltr'><strong>erat,</strong></span> <span class='ocrx_word' id='word_1_735' title='bbox 3307 3579 3347 3631; x_wconf 92' lang='lat' dir='ltr'><strong>si</strong></span> <span class='ocrx_word' id='word_1_736' title='bbox 3376 3577 3498 3646; x_wconf 90' lang='lat' dir='ltr'><strong>quis</strong></span> <span class='ocrx_word' id='word_1_737' title='bbox 3528 3579 3583 3632; x_wconf 91' lang='lat' dir='ltr'><strong>in</strong></span> <span class='ocrx_word' id='word_1_738' title='bbox 3615 3594 3724 3631; x_wconf 83' lang='lat' dir='ltr'><strong>me-</strong></span> 
     </span>
    </p>
   </div>
   <div class='ocr_carea' id='block_1_97' title="bbox 2133 3669 3724 3741">
    <p class='ocr_par' dir='ltr' id='par_1_97' title="bbox 2133 3669 3724 3741">
     <span class='ocr_line' id='line_1_97' title="bbox 2133 3669 3724 3741; baseline -0.002 -16"><span class='ocrx_word' id='word_1_739' title='bbox 2133 3673 2279 3725; x_wconf 87' lang='lat' dir='ltr'><strong>dium</strong></span> <span class='ocrx_word' id='word_1_740' title='bbox 2327 3671 2615 3741; x_wconf 78' lang='lat' dir='ltr'><strong>prpductus</strong></span> <span class='ocrx_word' id='word_1_741' title='bbox 2663 3686 2760 3740; x_wconf 92' lang='lat' dir='ltr'><strong>pro</strong></span> <span class='ocrx_word' id='word_1_742' title='bbox 2789 3671 3010 3726; x_wconf 84' lang='lat' dir='ltr'><strong>veritate</strong></span> <span class='ocrx_word' id='word_1_743' title='bbox 3053 3686 3222 3741; x_wconf 83' lang='lat' dir='ltr'><strong>usque</strong></span> <span class='ocrx_word' id='word_1_744' title='bbox 3271 3669 3338 3723; x_wconf 90' lang='lat' dir='ltr'><strong>ad</strong></span> <span class='ocrx_word' id='word_1_745' title='bbox 3392 3680 3623 3724; x_wconf 89' lang='lat' dir='ltr'><strong>mortem</strong></span> <span class='ocrx_word' id='word_1_746' title='bbox 3677 3672 3724 3723; x_wconf 90' lang='lat' dir='ltr'><strong>in</strong></span> 
     </span>
    </p>
   </div>
   <div class='ocr_carea' id='block_1_98' title="bbox 2133 3762 3724 3832">
    <p class='ocr_par' dir='ltr' id='par_1_98' title="bbox 2133 3762 3724 3832">
     <span class='ocr_line' id='line_1_98' title="bbox 2133 3762 3724 3832; baseline -0.002 -15"><span class='ocrx_word' id='word_1_747' title='bbox 2133 3763 2455 3818; x_wconf 89' lang='lat' dir='ltr'><strong>cruciatibus</strong></span> <span class='ocrx_word' id='word_1_748' title='bbox 2488 3771 2855 3832; x_wconf 88' lang='lat' dir='ltr'><strong>perseveraret</strong></span> <span class='ocrx_word' id='word_1_749' title='bbox 2887 3781 2899 3817; x_wconf 93' lang='lat'><strong>:</strong></span> <span class='ocrx_word' id='word_1_750' title='bbox 2933 3764 3004 3817; x_wconf 90' lang='lat' dir='ltr'><strong>ita</strong></span> <span class='ocrx_word' id='word_1_751' title='bbox 3044 3777 3164 3817; x_wconf 92' lang='lat' dir='ltr'><strong>sese</strong></span> <span class='ocrx_word' id='word_1_752' title='bbox 3205 3777 3273 3816; x_wconf 79' lang='lat' dir='ltr'><strong>ex</strong></span> <span class='ocrx_word' id='word_1_753' title='bbox 3317 3763 3498 3816; x_wconf 89' lang='lat' dir='ltr'><strong>animo</strong></span> <span class='ocrx_word' id='word_1_754' title='bbox 3543 3762 3724 3815; x_wconf 76' lang='lat' dir='ltr'><strong>llllllll~</strong></span> 
     </span>
    </p>
   </div>
   <div class='ocr_carea' id='block_1_99' title="bbox 2133 3854 3723 3920">
    <p class='ocr_par' dir='ltr' id='par_1_99' title="bbox 2133 3854 3723 3920">
     <span class='ocr_line' id='line_1_99' title="bbox 2133 3854 3723 3920; baseline -0.001 -12"><span class='ocrx_word' id='word_1_755' title='bbox 2133 3871 2253 3908; x_wconf 91' lang='lat' dir='ltr'><strong>cum</strong></span> <span class='ocrx_word' id='word_1_756' title='bbox 2305 3865 2546 3909; x_wconf 88' lang='lat' dir='ltr'><strong>nostrmn</strong></span> <span class='ocrx_word' id='word_1_757' title='bbox 2598 3855 2924 3911; x_wconf 87' lang='lat' dir='ltr'><strong>declarabat.</strong></span> <span class='ocrx_word' id='word_1_758' title='bbox 2983 3854 3214 3910; x_wconf 83' lang='lat' dir='ltr'><strong>Noverat</strong></span> <span class='ocrx_word' id='word_1_759' title='bbox 3256 3855 3441 3920; x_wconf 90' lang='lat' dir='ltr'><strong>enim,</strong></span> <span class='ocrx_word' id='word_1_760' title='bbox 3498 3865 3723 3909; x_wconf 82' lang='lat' dir='ltr'><strong>noverat</strong></span> 
     </span>
    </p>
   </div>
   <div class='ocr_carea' id='block_1_100' title="bbox 2134 3946 3725 4018">
    <p class='ocr_par' dir='ltr' id='par_1_100' title="bbox 2134 3946 3725 4018">
     <span class='ocr_line' id='line_1_100' title="bbox 2134 3946 3725 4018; baseline 0.003 -19"><span class='ocrx_word' id='word_1_761' title='bbox 2134 3949 2310 4016; x_wconf 82' lang='lat' dir='ltr'><strong>plane,</strong></span> <span class='ocrx_word' id='word_1_762' title='bbox 2337 3948 2381 4002; x_wconf 90' lang='lat' dir='ltr'><strong>si</strong></span> <span class='ocrx_word' id='word_1_763' title='bbox 2412 3946 2464 4002; x_wconf 88' lang='lat' dir='ltr'><strong>id</strong></span> <span class='ocrx_word' id='word_1_764' title='bbox 2499 3947 2756 4014; x_wconf 89' lang='lat' dir='ltr'><strong>auderet,</strong></span> <span class='ocrx_word' id='word_1_765' title='bbox 2787 3963 2977 4002; x_wconf 90' lang='lat' dir='ltr'><strong>omnes</strong></span> <span class='ocrx_word' id='word_1_766' title='bbox 3007 3964 3102 4018; x_wconf 89' lang='lat' dir='ltr'><strong>pro</strong></span> <span class='ocrx_word' id='word_1_767' title='bbox 3126 3947 3338 4002; x_wconf 88' lang='lat' dir='ltr'><strong>Christo</strong></span> <span class='ocrx_word' id='word_1_768' title='bbox 3363 3953 3571 4002; x_wconf 85' lang='lat' dir='ltr'><strong>animas</strong></span> <span class='ocrx_word' id='word_1_769' title='bbox 3603 3964 3725 4004; x_wconf 85' lang='lat' dir='ltr'><strong>suas</strong></span> 
     </span>
    </p>
   </div>
   <div class='ocr_carea' id='block_1_101' title="bbox 2136 4035 3723 4110">
    <p class='ocr_par' dir='ltr' id='par_1_101' title="bbox 2136 4035 3723 4110">
     <span class='ocr_line' id='line_1_101' title="bbox 2136 4035 3723 4110; baseline 0 -16"><span class='ocrx_word' id='word_1_770' title='bbox 2136 4041 2428 4096; x_wconf 81' lang='lat' dir='ltr'><strong>tradituros</strong></span> <span class='ocrx_word' id='word_1_771' title='bbox 2477 4056 2634 4107; x_wconf 87' lang='lat' dir='ltr'><strong>esse;</strong></span> <span class='ocrx_word' id='word_1_772' title='bbox 2691 4042 2956 4110; x_wconf 85' lang='lat' dir='ltr'><strong>malignus</strong></span> <span class='ocrx_word' id='word_1_773' title='bbox 3002 4051 3182 4096; x_wconf 85' lang='lat' dir='ltr'><strong>autem</strong></span> <span class='ocrx_word' id='word_1_774' title='bbox 3229 4049 3283 4094; x_wconf 89' lang='lat' dir='ltr'><strong>et</strong></span> <span class='ocrx_word' id='word_1_775' title='bbox 3329 4035 3554 4096; x_wconf 84' lang='lat' dir='ltr'><strong>callidus</strong></span> <span class='ocrx_word' id='word_1_776' title='bbox 3601 4057 3723 4096; x_wconf 90' lang='lat' dir='ltr'><strong>cum</strong></span> 
     </span>
    </p>
   </div>
   <div class='ocr_carea' id='block_1_102' title="bbox 2134 4131 3723 4202">
    <p class='ocr_par' dir='ltr' id='par_1_102' title="bbox 2134 4131 3723 4202">
     <span class='ocr_line' id='line_1_102' title="bbox 2134 4131 3723 4202; baseline 0.001 -17"><span class='ocrx_word' id='word_1_777' title='bbox 2134 4142 2298 4197; x_wconf 90' lang='lat' dir='ltr'><strong>esset,</strong></span> <span class='ocrx_word' id='word_1_778' title='bbox 2317 4147 2409 4186; x_wconf 88' lang='lat' dir='ltr'><strong>eos</strong></span> <span class='ocrx_word' id='word_1_779' title='bbox 2434 4133 2523 4202; x_wconf 93' lang='lat' dir='ltr'><strong>qui</strong></span> <span class='ocrx_word' id='word_1_780' title='bbox 2549 4133 2619 4186; x_wconf 90' lang='lat' dir='ltr'><strong>ob</strong></span> <span class='ocrx_word' id='word_1_781' title='bbox 2645 4143 2916 4202; x_wconf 87' lang='lat' dir='ltr'><strong>peccatum</strong></span> <span class='ocrx_word' id='word_1_782' title='bbox 2939 4132 3202 4202; x_wconf 85' lang='lat' dir='ltr'><strong>quoddam</strong></span> <span class='ocrx_word' id='word_1_783' title='bbox 3228 4131 3485 4187; x_wconf 69' lang='lat' dir='ltr'><strong>Ecclesia:</strong></span> <span class='ocrx_word' id='word_1_784' title='bbox 3516 4133 3723 4200; x_wconf 86' lang='lat' dir='ltr'><strong>princi-</strong></span> 
     </span>
    </p>
   </div>
   <div class='ocr_carea' id='block_1_103' title="bbox 2137 4225 3722 4295">
    <p class='ocr_par' dir='ltr' id='par_1_103' title="bbox 2137 4225 3722 4295">
     <span class='ocr_line' id='line_1_103' title="bbox 2137 4225 3722 4295; baseline 0.001 -19"><span class='ocrx_word' id='word_1_785' title='bbox 2137 4226 2290 4294; x_wconf 90' lang='lat' dir='ltr'><strong>pibus</strong></span> <span class='ocrx_word' id='word_1_786' title='bbox 2335 4241 2519 4295; x_wconf 69' lang='lat' dir='ltr'><strong>poenas</strong></span> <span class='ocrx_word' id='word_1_787' title='bbox 2559 4226 2870 4290; x_wconf 90' lang='lat' dir='ltr'><strong>dedissent,</strong></span> <span class='ocrx_word' id='word_1_788' title='bbox 2921 4235 3014 4279; x_wconf 90' lang='lat' dir='ltr'><strong>aut</strong></span> <span class='ocrx_word' id='word_1_789' title='bbox 3051 4240 3079 4278; x_wconf 90' lang='lat' dir='ltr'><strong>a</strong></span> <span class='ocrx_word' id='word_1_790' title='bbox 3112 4225 3428 4292; x_wconf 70' lang='lat' dir='ltr'><strong>prrefcctura</strong></span> <span class='ocrx_word' id='word_1_791' title='bbox 3469 4226 3722 4294; x_wconf 86' lang='lat' dir='ltr'><strong>quapiam</strong></span> 
     </span>
    </p>
   </div>
   <div class='ocr_carea' id='block_1_104' title="bbox 2134 4317 3724 4387">
    <p class='ocr_par' dir='ltr' id='par_1_104' title="bbox 2134 4317 3724 4387">
     <span class='ocr_line' id='line_1_104' title="bbox 2134 4317 3724 4387; baseline 0.002 -17"><span class='ocrx_word' id='word_1_792' title='bbox 2134 4319 2296 4372; x_wconf 88' lang='lat' dir='ltr'><strong>amoti</strong></span> <span class='ocrx_word' id='word_1_793' title='bbox 2319 4327 2538 4380; x_wconf 88' lang='lat' dir='ltr'><strong>essent,</strong></span> <span class='ocrx_word' id='word_1_794' title='bbox 2585 4319 2785 4373; x_wconf 92' lang='lat' dir='ltr'><strong>liberos</strong></span> <span class='ocrx_word' id='word_1_795' title='bbox 2813 4332 3000 4372; x_wconf 91' lang='lat' dir='ltr'><strong>omnes</strong></span> <span class='ocrx_word' id='word_1_796' title='bbox 3029 4317 3224 4387; x_wconf 89' lang='lat' dir='ltr'><strong>ubique</strong></span> <span class='ocrx_word' id='word_1_797' title='bbox 3252 4318 3555 4372; x_wconf 89' lang='lat' dir='ltr'><strong>dimittebat</strong></span> <span class='ocrx_word' id='word_1_798' title='bbox 3579 4361 3592 4383; x_wconf 91' lang='lat'><strong>,</strong></span> <span class='ocrx_word' id='word_1_799' title='bbox 3625 4318 3724 4373; x_wconf 88' lang='lat' dir='ltr'><strong>hoc</strong></span> 
     </span>
    </p>
   </div>
   <div class='ocr_carea' id='block_1_105' title="bbox 2136 4410 3724 4480">
    <p class='ocr_par' dir='ltr' id='par_1_105' title="bbox 2136 4410 3724 4480">
     <span class='ocr_line' id='line_1_105' title="bbox 2136 4410 3724 4480; baseline 0.001 -17"><span class='ocrx_word' id='word_1_800' title='bbox 2136 4411 2295 4465; x_wconf 91' lang='lat' dir='ltr'><strong>modo</strong></span> <span class='ocrx_word' id='word_1_801' title='bbox 2329 4411 2667 4480; x_wconf 90' lang='lat' dir='ltr'><strong>nequissimis</strong></span> <span class='ocrx_word' id='word_1_802' title='bbox 2695 4418 3012 4479; x_wconf 86' lang='lat' dir='ltr'><strong>potestatem</strong></span> <span class='ocrx_word' id='word_1_803' title='bbox 3054 4410 3293 4464; x_wconf 88' lang='lat' dir='ltr'><strong>tribuens</strong></span> <span class='ocrx_word' id='word_1_804' title='bbox 3317 4451 3330 4474; x_wconf 90' lang='lat'><strong>,</strong></span> <span class='ocrx_word' id='word_1_805' title='bbox 3366 4410 3622 4464; x_wconf 73' lang='lat' dir='ltr'><strong>Ecclesiae</strong></span> <span class='ocrx_word' id='word_1_806' title='bbox 3654 4412 3724 4464; x_wconf 91' lang='lat' dir='ltr'><strong>Ic-</strong></span> 
     </span>
    </p>
   </div>
   <div class='ocr_carea' id='block_1_106' title="bbox 2133 4501 3724 4572">
    <p class='ocr_par' dir='ltr' id='par_1_106' title="bbox 2133 4501 3724 4572">
     <span class='ocr_line' id='line_1_106' title="bbox 2133 4501 3724 4572; baseline -0.002 -17"><span class='ocrx_word' id='word_1_807' title='bbox 2133 4517 2225 4572; x_wconf 81' lang='lat' dir='ltr'><strong>gcs</strong></span> <span class='ocrx_word' id='word_1_808' title='bbox 2269 4511 2515 4558; x_wconf 89' lang='lat' dir='ltr'><strong>evertens</strong></span> <span class='ocrx_word' id='word_1_809' title='bbox 2564 4510 2912 4571; x_wconf 88' lang='lat' dir='ltr'><strong>mutuumque</strong></span> <span class='ocrx_word' id='word_1_810' title='bbox 2961 4502 3100 4556; x_wconf 91' lang='lat' dir='ltr'><strong>inter</strong></span> <span class='ocrx_word' id='word_1_811' title='bbox 3137 4517 3232 4556; x_wconf 89' lang='lat' dir='ltr'><strong>eos</strong></span> <span class='ocrx_word' id='word_1_812' title='bbox 3273 4501 3580 4556; x_wconf 88' lang='lat' dir='ltr'><strong>conflictum</strong></span> <span class='ocrx_word' id='word_1_813' title='bbox 3612 4517 3724 4554; x_wconf 56' lang='lat' dir='ltr'><strong>mo.</strong></span> 
     </span>
    </p>
   </div>
   <div class='ocr_carea' id='block_1_107' title="bbox 2135 4591 3724 4663">
    <p class='ocr_par' dir='ltr' id='par_1_107' title="bbox 2135 4591 3724 4663">
     <span class='ocr_line' id='line_1_107' title="bbox 2135 4591 3724 4663; baseline 0 -19"><span class='ocrx_word' id='word_1_814' title='bbox 2135 4609 2264 4648; x_wconf 82' lang='lat' dir='ltr'><strong>vens</strong></span> <span class='ocrx_word' id='word_1_815' title='bbox 2294 4611 2306 4646; x_wconf 93' lang='lat'>:</span> <span class='ocrx_word' id='word_1_816' title='bbox 2336 4609 2458 4647; x_wconf 89' lang='lat' dir='ltr'><strong>nam</strong></span> <span class='ocrx_word' id='word_1_817' title='bbox 2490 4602 2787 4663; x_wconf 88' lang='lat' dir='ltr'><strong>expugnatu</strong></span> <span class='ocrx_word' id='word_1_818' title='bbox 2835 4591 3015 4645; x_wconf 83' lang='lat' dir='ltr'><strong>faciles</strong></span> <span class='ocrx_word' id='word_1_819' title='bbox 3054 4591 3269 4646; x_wconf 89' lang='lat' dir='ltr'><strong>demum</strong></span> <span class='ocrx_word' id='word_1_820' title='bbox 3301 4591 3507 4646; x_wconf 90' lang='lat' dir='ltr'><strong>futuros</strong></span> <span class='ocrx_word' id='word_1_821' title='bbox 3536 4607 3724 4661; x_wconf 87' lang='lat' dir='ltr'><strong>spera-</strong></span> 
     </span>
    </p>
   </div>
   <div class='ocr_carea' id='block_1_108' title="bbox 2134 4682 3725 4751">
    <p class='ocr_par' dir='ltr' id='par_1_108' title="bbox 2134 4682 3725 4751">
     <span class='ocr_line' id='line_1_108' title="bbox 2134 4682 3725 4751; baseline -0.001 -13"><span class='ocrx_word' id='word_1_822' title='bbox 2134 4685 2245 4750; x_wconf 83' lang='lat' dir='ltr'><strong>bat,</strong></span> <span class='ocrx_word' id='word_1_823' title='bbox 2272 4700 2394 4739; x_wconf 92' lang='lat' dir='ltr'><strong>cum</strong></span> <span class='ocrx_word' id='word_1_824' title='bbox 2419 4699 2536 4739; x_wconf 90' lang='lat' dir='ltr'><strong>sesc</strong></span> <span class='ocrx_word' id='word_1_825' title='bbox 2559 4684 2808 4738; x_wconf 89' lang='lat' dir='ltr'><strong>intestino</strong></span> <span class='ocrx_word' id='word_1_826' title='bbox 2832 4682 2970 4738; x_wconf 88' lang='lat' dir='ltr'><strong>bello</strong></span> <span class='ocrx_word' id='word_1_827' title='bbox 2995 4683 3476 4750; x_wconf 83' lang='lat' dir='ltr'><strong>consumpsissem.</strong></span> <span class='ocrx_word' id='word_1_828' title='bbox 3524 4683 3725 4751; x_wconf 84' lang='lat' dir='ltr'><strong>Quem-</strong></span> 
     </span>
    </p>
   </div>
   <div class='ocr_carea' id='block_1_109' title="bbox 2134 4775 3724 4845">
    <p class='ocr_par' dir='ltr' id='par_1_109' title="bbox 2134 4775 3724 4845">
     <span class='ocr_line' id='line_1_109' title="bbox 2134 4775 3724 4845; baseline -0.001 -16"><span class='ocrx_word' id='word_1_829' title='bbox 2134 4778 2256 4831; x_wconf 86' lang='lat' dir='ltr'><strong>dam</strong></span> <span class='ocrx_word' id='word_1_830' title='bbox 2285 4778 2447 4832; x_wconf 90' lang='lat' dir='ltr'><strong>etiam</strong></span> <span class='ocrx_word' id='word_1_831' title='bbox 2489 4785 2598 4834; x_wconf 90' lang='lat' dir='ltr'><strong>tum</strong></span> <span class='ocrx_word' id='word_1_832' title='bbox 2649 4790 2912 4845; x_wconf 65' lang='lat' dir='ltr'><strong>perversa?</strong></span> <span class='ocrx_word' id='word_1_833' title='bbox 2961 4775 3220 4828; x_wconf 68' lang='lat' dir='ltr'><strong>doctrina:</strong></span> <span class='ocrx_word' id='word_1_834' title='bbox 3245 4815 3261 4840; x_wconf 93' lang='lat'><strong>,</strong></span> <span class='ocrx_word' id='word_1_835' title='bbox 3309 4782 3420 4827; x_wconf 93' lang='lat' dir='ltr'><strong>tum</strong></span> <span class='ocrx_word' id='word_1_836' title='bbox 3462 4775 3724 4844; x_wconf 74' lang='lat' dir='ltr'><strong>improba:</strong></span> 
     </span>
    </p>
   </div>
   <div class='ocr_carea' id='block_1_110' title="bbox 2136 4867 3725 4938">
    <p class='ocr_par' dir='ltr' id='par_1_110' title="bbox 2136 4867 3725 4938">
     <span class='ocr_line' id='line_1_110' title="bbox 2136 4867 3725 4938; baseline -0.001 -16"><span class='ocrx_word' id='word_1_837' title='bbox 2136 4874 2255 4923; x_wconf 78' lang='lat' dir='ltr'><strong>vita:</strong></span> <span class='ocrx_word' id='word_1_838' title='bbox 2284 4885 2473 4934; x_wconf 88' lang='lat' dir='ltr'><strong>causa,</strong></span> <span class='ocrx_word' id='word_1_839' title='bbox 2512 4868 2876 4924; x_wconf 82' lang='lat' dir='ltr'><strong>ecclesiastico</strong></span> <span class='ocrx_word' id='word_1_840' title='bbox 2908 4867 3203 4938; x_wconf 84' lang='lat' dir='ltr'><strong>principatu</strong></span> <span class='ocrx_word' id='word_1_841' title='bbox 3239 4867 3472 4936; x_wconf 91' lang='lat' dir='ltr'><strong>pulsum,</strong></span> <span class='ocrx_word' id='word_1_842' title='bbox 3504 4869 3725 4922; x_wconf 80' lang='lat' dir='ltr'><strong>nonnae</strong></span> 
     </span>
    </p>
   </div>
   <div class='ocr_carea' id='block_1_111' title="bbox 2137 4959 3726 5031">
    <p class='ocr_par' dir='ltr' id='par_1_111' title="bbox 2137 4959 3726 5031">
     <span class='ocr_line' id='line_1_111' title="bbox 2137 4959 3726 5031; baseline -0.003 -15"><span class='ocrx_word' id='word_1_843' title='bbox 2137 4962 2463 5031; x_wconf 86' lang='lat' dir='ltr'><strong>Stephanum</strong></span> <span class='ocrx_word' id='word_1_844' title='bbox 2489 5002 2505 5027; x_wconf 96' lang='lat'><strong>,</strong></span> <span class='ocrx_word' id='word_1_845' title='bbox 2545 4961 2696 5030; x_wconf 90' lang='lat' dir='ltr'><strong>jubet</strong></span> <span class='ocrx_word' id='word_1_846' title='bbox 2735 4975 2946 5014; x_wconf 91' lang='lat' dir='ltr'><strong>rursum</strong></span> <span class='ocrx_word' id='word_1_847' title='bbox 2977 4959 3234 5014; x_wconf 74' lang='lat' dir='ltr'><strong>doctrina:</strong></span> <span class='ocrx_word' id='word_1_848' title='bbox 3280 4959 3528 5015; x_wconf 89' lang='lat' dir='ltr'><strong>thronum</strong></span> <span class='ocrx_word' id='word_1_849' title='bbox 3567 4975 3726 5014; x_wconf 87' lang='lat' dir='ltr'><strong>occu-</strong></span> 
     </span>
    </p>
   </div>
   <div class='ocr_carea' id='block_1_112' title="bbox 2139 5049 3722 5122">
    <p class='ocr_par' dir='ltr' id='par_1_112' title="bbox 2139 5049 3722 5122">
     <span class='ocr_line' id='line_1_112' title="bbox 2139 5049 3722 5122; baseline 0 -21"><span class='ocrx_word' id='word_1_850' title='bbox 2139 5068 2264 5122; x_wconf 76' lang='lat' dir='ltr'><strong>pare</strong></span> <span class='ocrx_word' id='word_1_851' title='bbox 2293 5097 2308 5120; x_wconf 84' lang='lat'><strong>,</strong></span> <span class='ocrx_word' id='word_1_852' title='bbox 2351 5062 2511 5121; x_wconf 90' lang='lat' dir='ltr'><strong>atque</strong></span> <span class='ocrx_word' id='word_1_853' title='bbox 2558 5052 2890 5104; x_wconf 89' lang='lat' dir='ltr'><strong>Dominicum</strong></span> <span class='ocrx_word' id='word_1_854' title='bbox 2940 5065 3131 5104; x_wconf 90' lang='lat' dir='ltr'><strong>nomen</strong></span> <span class='ocrx_word' id='word_1_855' title='bbox 3159 5090 3173 5115; x_wconf 94' lang='lat'><strong>,</strong></span> <span class='ocrx_word' id='word_1_856' title='bbox 3223 5049 3398 5118; x_wconf 86' lang='lat' dir='ltr'><strong>quoad</strong></span> <span class='ocrx_word' id='word_1_857' title='bbox 3443 5050 3564 5117; x_wconf 86' lang='lat' dir='ltr'><strong>ejus</strong></span> <span class='ocrx_word' id='word_1_858' title='bbox 3611 5049 3722 5106; x_wconf 81' lang='lat' dir='ltr'><strong>ﬁeri</strong></span> 
     </span>
    </p>
   </div>
   <div class='ocr_carea' id='block_1_113' title="bbox 2138 5139 3721 5212">
    <p class='ocr_par' dir='ltr' id='par_1_113' title="bbox 2138 5139 3721 5212">
     <span class='ocr_line' id='line_1_113' title="bbox 2138 5139 3721 5212; baseline 0.002 -21"><span class='ocrx_word' id='word_1_859' title='bbox 2138 5143 2328 5211; x_wconf 85' lang='lat' dir='ltr'><strong>potuit,</strong></span> <span class='ocrx_word' id='word_1_860' title='bbox 2356 5143 2694 5212; x_wconf 86' lang='lat' dir='ltr'><strong>exstinguere</strong></span> <span class='ocrx_word' id='word_1_861' title='bbox 2723 5140 2964 5204; x_wconf 89' lang='lat' dir='ltr'><strong>curabat,</strong></span> <span class='ocrx_word' id='word_1_862' title='bbox 2996 5139 3244 5195; x_wconf 76' lang='lat' dir='ltr'><strong>Galilaeos</strong></span> <span class='ocrx_word' id='word_1_863' title='bbox 3276 5154 3370 5207; x_wconf 90' lang='lat' dir='ltr'><strong>pro</strong></span> <span class='ocrx_word' id='word_1_864' title='bbox 3399 5139 3721 5194; x_wconf 86' lang='lat' dir='ltr'><strong>Christianis</strong></span> 
     </span>
    </p>
   </div>
   <div class='ocr_carea' id='block_1_114' title="bbox 2137 5233 3724 5301">
    <p class='ocr_par' dir='ltr' id='par_1_114' title="bbox 2137 5233 3724 5301">
     <span class='ocr_line' id='line_1_114' title="bbox 2137 5233 3724 5301; baseline -0.001 -13"><span class='ocrx_word' id='word_1_865' title='bbox 2137 5251 2234 5288; x_wconf 88' lang='lat' dir='ltr'><strong>nos</strong></span> <span class='ocrx_word' id='word_1_866' title='bbox 2266 5244 2374 5288; x_wconf 93' lang='lat' dir='ltr'><strong>tum</strong></span> <span class='ocrx_word' id='word_1_867' title='bbox 2399 5236 2450 5288; x_wconf 91' lang='lat' dir='ltr'><strong>in</strong></span> <span class='ocrx_word' id='word_1_868' title='bbox 2472 5234 2661 5289; x_wconf 91' lang='lat' dir='ltr'><strong>edictis</strong></span> <span class='ocrx_word' id='word_1_869' title='bbox 2695 5235 2807 5289; x_wconf 91' lang='lat' dir='ltr'><strong>suis</strong></span> <span class='ocrx_word' id='word_1_870' title='bbox 2831 5248 3048 5300; x_wconf 90' lang='lat' dir='ltr'><strong>vocans,</strong></span> <span class='ocrx_word' id='word_1_871' title='bbox 3080 5243 3188 5287; x_wconf 92' lang='lat' dir='ltr'><strong>tum</strong></span> <span class='ocrx_word' id='word_1_872' title='bbox 3207 5233 3473 5301; x_wconf 88' lang='lat' dir='ltr'><strong>principes</strong></span> <span class='ocrx_word' id='word_1_873' title='bbox 3501 5241 3559 5285; x_wconf 89' lang='lat' dir='ltr'><strong>ut</strong></span> <span class='ocrx_word' id='word_1_874' title='bbox 3587 5233 3724 5286; x_wconf 80' lang='lat' dir='ltr'><strong>idem</strong></span> 
     </span>
    </p>
   </div>
   <div class='ocr_carea' id='block_1_115' title="bbox 2136 5313 3723 5397">
    <p class='ocr_par' dir='ltr' id='par_1_115' title="bbox 2136 5313 3723 5397">
     <span class='ocr_line' id='line_1_115' title="bbox 2136 5313 3723 5397; baseline -0.001 -15"><span class='ocrx_word' id='word_1_875' title='bbox 2136 5331 2370 5384; x_wconf 88' lang='lat' dir='ltr'><strong>facerent</strong></span> <span class='ocrx_word' id='word_1_876' title='bbox 2406 5313 2716 5383; x_wconf 76' lang='lat' dir='ltr'><strong>adhortans.</strong></span> <span class='ocrx_word' id='word_1_877' title='bbox 2768 5328 2913 5385; x_wconf 90' lang='lat' dir='ltr'><strong>Inter</strong></span> <span class='ocrx_word' id='word_1_878' title='bbox 2941 5336 3017 5382; x_wconf 91' lang='lat' dir='ltr'><strong>tot</strong></span> <span class='ocrx_word' id='word_1_879' title='bbox 3053 5328 3201 5397; x_wconf 85' lang='lat' dir='ltr'><strong>signa</strong></span> <span class='ocrx_word' id='word_1_880' title='bbox 3234 5336 3411 5380; x_wconf 87' lang='lat' dir='ltr'><strong>autem</strong></span> <span class='ocrx_word' id='word_1_881' title='bbox 3438 5367 3451 5389; x_wconf 92' lang='lat'><strong>,</strong></span> <span class='ocrx_word' id='word_1_882' title='bbox 3495 5336 3554 5380; x_wconf 92' lang='lat' dir='ltr'><strong>ut</strong></span> <span class='ocrx_word' id='word_1_883' title='bbox 3593 5325 3723 5391; x_wconf 84' lang='lat' dir='ltr'><strong>dixi,</strong></span> 
     </span>
    </p>
   </div>
   <div class='ocr_carea' id='block_1_116' title="bbox 2137 5418 3722 5490">
    <p class='ocr_par' dir='ltr' id='par_1_116' title="bbox 2137 5418 3722 5490">
     <span class='ocr_line' id='line_1_116' title="bbox 2137 5418 3722 5490; baseline -0.002 -17"><span class='ocrx_word' id='word_1_884' title='bbox 2137 5437 2256 5490; x_wconf 75' lang='lat' dir='ltr'><strong>qua:</strong></span> <span class='ocrx_word' id='word_1_885' title='bbox 2292 5436 2386 5490; x_wconf 90' lang='lat' dir='ltr'><strong>per</strong></span> <span class='ocrx_word' id='word_1_886' title='bbox 2421 5419 2612 5474; x_wconf 88' lang='lat' dir='ltr'><strong>famem</strong></span> <span class='ocrx_word' id='word_1_887' title='bbox 2639 5429 2694 5474; x_wconf 92' lang='lat' dir='ltr'><strong>et</strong></span> <span class='ocrx_word' id='word_1_888' title='bbox 2734 5419 3028 5474; x_wconf 89' lang='lat' dir='ltr'><strong>siccitatem</strong></span> <span class='ocrx_word' id='word_1_889' title='bbox 3062 5418 3391 5479; x_wconf 84' lang='lat' dir='ltr'><strong>edebantur,</strong></span> <span class='ocrx_word' id='word_1_890' title='bbox 3433 5419 3485 5471; x_wconf 91' lang='lat' dir='ltr'><strong>in</strong></span> <span class='ocrx_word' id='word_1_891' title='bbox 3535 5418 3722 5472; x_wconf 88' lang='lat' dir='ltr'><strong>eadem</strong></span> 
     </span>
    </p>
   </div>
   <div class='ocr_carea' id='block_1_117' title="bbox 2137 5509 3722 5581">
    <p class='ocr_par' dir='ltr' id='par_1_117' title="bbox 2137 5509 3722 5581">
     <span class='ocr_line' id='line_1_117' title="bbox 2137 5509 3722 5581; baseline -0.002 -16"><span class='ocrx_word' id='word_1_892' title='bbox 2137 5512 2312 5567; x_wconf 87' lang='lat' dir='ltr'><strong>adhuc</strong></span> <span class='ocrx_word' id='word_1_893' title='bbox 2355 5510 2683 5581; x_wconf 89' lang='lat' dir='ltr'><strong>impudentia</strong></span> <span class='ocrx_word' id='word_1_894' title='bbox 2720 5525 2783 5566; x_wconf 90' lang='lat' dir='ltr'><strong>ac</strong></span> <span class='ocrx_word' id='word_1_895' title='bbox 2809 5509 3004 5566; x_wconf 90' lang='lat' dir='ltr'><strong>duritie</strong></span> <span class='ocrx_word' id='word_1_896' title='bbox 3045 5510 3439 5579; x_wconf 85' lang='lat' dir='ltr'><strong>perseverabat.</strong></span> <span class='ocrx_word' id='word_1_897' title='bbox 3489 5509 3722 5577; x_wconf 86' lang='lat' dir='ltr'><strong>Expedi-</strong></span> 
     </span>
    </p>
   </div>
   <div class='ocr_carea' id='block_1_118' title="bbox 2137 5601 3722 5673">
    <p class='ocr_par' dir='ltr' id='par_1_118' title="bbox 2137 5601 3722 5673">
     <span class='ocr_line' id='line_1_118' title="bbox 2137 5601 3722 5673; baseline -0.004 -15"><span class='ocrx_word' id='word_1_898' title='bbox 2137 5607 2438 5673; x_wconf 88' lang='lat' dir='ltr'><strong>tiouemque</strong></span> <span class='ocrx_word' id='word_1_899' title='bbox 2478 5603 2743 5659; x_wconf 88' lang='lat' dir='ltr'><strong>Persicam</strong></span> <span class='ocrx_word' id='word_1_900' title='bbox 2796 5611 3175 5671; x_wconf 85' lang='lat' dir='ltr'><strong>suscepturus,</strong></span> <span class='ocrx_word' id='word_1_901' title='bbox 3226 5610 3372 5654; x_wconf 91' lang='lat' dir='ltr'><strong>tanto</strong></span> <span class='ocrx_word' id='word_1_902' title='bbox 3419 5615 3543 5655; x_wconf 93' lang='lat' dir='ltr'><strong>cum</strong></span> <span class='ocrx_word' id='word_1_903' title='bbox 3589 5601 3722 5654; x_wconf 87' lang='lat' dir='ltr'><strong>fastu</strong></span> 
     </span>
    </p>
   </div>
   <div class='ocr_carea' id='block_1_119' title="bbox 2136 5694 3716 5764">
    <p class='ocr_par' dir='ltr' id='par_1_119' title="bbox 2136 5694 3716 5764">
     <span class='ocr_line' id='line_1_119' title="bbox 2136 5694 3716 5764; baseline -0.004 -13"><span class='ocrx_word' id='word_1_904' title='bbox 2136 5697 2468 5752; x_wconf 88' lang='lat' dir='ltr'><strong>descendens</strong></span> <span class='ocrx_word' id='word_1_905' title='bbox 2504 5711 2566 5752; x_wconf 92' lang='lat' dir='ltr'><strong>ac</strong></span> <span class='ocrx_word' id='word_1_906' title='bbox 2593 5698 2635 5751; x_wconf 90' lang='lat' dir='ltr'><strong>si</strong></span> <span class='ocrx_word' id='word_1_907' title='bbox 2676 5706 2837 5751; x_wconf 90' lang='lat' dir='ltr'><strong>totam</strong></span> <span class='ocrx_word' id='word_1_908' title='bbox 2868 5694 3213 5749; x_wconf 88' lang='lat' dir='ltr'><strong>barbarorqu</strong></span> <span class='ocrx_word' id='word_1_909' title='bbox 3246 5701 3456 5764; x_wconf 89' lang='lat' dir='ltr'><strong>gentem</strong></span> <span class='ocrx_word' id='word_1_910' title='bbox 3487 5701 3716 5745; x_wconf 77' lang='lat' dir='ltr'><strong>vastatu-</strong></span> 
     </span>
    </p>
   </div>
   <div class='ocr_carea' id='block_1_120' title="bbox 2139 5785 3698 5856">
    <p class='ocr_par' dir='ltr' id='par_1_120' title="bbox 2139 5785 3698 5856">
     <span class='ocr_line' id='line_1_120' title="bbox 2139 5785 3698 5856; baseline -0.004 -11"><span class='ocrx_word' id='word_1_911' title='bbox 2139 5804 2232 5845; x_wconf 90' lang='lat' dir='ltr'><strong>rus</strong></span> <span class='ocrx_word' id='word_1_912' title='bbox 2257 5798 2434 5856; x_wconf 88' lang='lat' dir='ltr'><strong>esset,</strong></span> <span class='ocrx_word' id='word_1_913' title='bbox 2475 5798 2755 5845; x_wconf 82' lang='lat' dir='ltr'><strong>sexcentas</strong></span> <span class='ocrx_word' id='word_1_914' title='bbox 2785 5788 2937 5844; x_wconf 87' lang='lat' dir='ltr'><strong>nobis</strong></span> <span class='ocrx_word' id='word_1_915' title='bbox 2969 5787 3137 5843; x_wconf 89' lang='lat' dir='ltr'><strong>minas</strong></span> <span class='ocrx_word' id='word_1_916' title='bbox 3163 5787 3475 5849; x_wconf 87' lang='lat' dir='ltr'><strong>intentabat,</strong></span> <span class='ocrx_word' id='word_1_917' title='bbox 3514 5785 3698 5854; x_wconf 83' lang='lat' dir='ltr'><strong>jactita</strong></span> 
     </span>
    </p>
   </div>
  </div>
