3884 6294
108 274 232 330 567

102 388 493 463 ὀρθώσαντες
511 381 837 463 αὐτοπάλιν
863 383 957 437 ἐπὶ
997 386 1096 455 τῆς
1127 387 1333 453 οἰκείας
1361 388 1596 462 ἔστησαν
1628 391 1811 462 ἕδρας,

102 462 184 536 τῆ
245 464 523 535 ὑστεραία
576 462 680 516 ὑπὸ
739 463 836 541 τὴν
886 463 962 515 ἐω
1015 467 1474 538 παραγενόμενοι,
1522 468 1814 541 θεωροῦσιν

104 549 323 602 οὐκέτι
356 546 518 617 μόνον
552 538 861 609 πεπτωκὸς,
893 544 1026 598 ἀλλὰ
1059 546 1152 599 καὶ
1174 538 1644 619 διακεκλασμένον
1675 549 1813 603 πάν-

102 632 317 684 τοθεν.
347 631 420 698 AZ
455 645 516 681 τε
560 627 669 696 γάρ
712 628 890 696 χεῖρες
917 626 1352 681 ἀποσπασθεῖσαι
1396 629 1504 681 τῶν
1542 630 1708 698 ὤμων
1733 632 1813 693 εἰς

107 711 219 766 τὸν
256 696 421 764 οὐδὸν
453 705 910 777 ἐξηκοντίσθησαν
939 704 1033 758 τοῦ
1064 705 1193 759 ναοῦ
1224 708 1362 776 μετά
1386 707 1496 761 τῶν
1529 696 1720 765 ποδῶν.
1751 708 1814 762 τό

109 806 181 841 τε
212 789 415 842 λοιπὸν
456 785 550 839 τοῦ
582 785 770 851 ξοάνου
796 784 960 855 μέρος
996 787 1073 848 εἰς
1100 785 1285 856 ἕτερον
1319 786 1610 857 διέσπαρτο
1649 789 1811 841 τόπον

110 866 496 922 διασπασθέν.
542 866 652 920 Καὶ
682 864 789 917 τῶν
845 864 1095 935 Σοδόμων
1125 865 1201 926 δέ,
1230 865 1307 928 ὼς
1349 867 1413 921 ἄν
1460 885 1542 931 τις
1592 866 1811 938 μεγάλῳ

111 949 450 1022 παραϐάλοι
482 946 693 1016 μικρὸν,
738 943 825 997 διὰ
871 944 1030 998 τοῦτο
1074 945 1210 1015 μετά
1248 944 1356 999 τῶν
1389 947 1685 1018 οἰκητόρων
1716 947 1810 1000 καί.

101 1034 150 1101 ’ἡ
186 1032 269 1101 γῆ
304 1025 744 1097 καταφλεχθεῖσα
768 1024 1035 1090 ἀπώλετο,
1066 1026 1158 1078 καὶ
1182 1025 1402 1094 γέγονεν
1424 1026 1692 1098 ἄκαρπος,
1724 1028 1809 1081 ἵνα

114 1108 202 1179 μὴ
249 1110 420 1180 μόνον
447 1108 498 1161 οἰ
547 1105 691 1167 τότε,
736 1103 871 1156 ἀλλά
901 1105 995 1156 καὶ
1044 1105 1093 1156 οἱ
1130 1105 1247 1174 μετ’
1293 1106 1530 1169 ἐκείνους
1571 1106 1808 1171 ἅπαντες

109 1188 236 1242 ἀπὸ
264 1201 294 1229 ι
331 1188 441 1240 τῶν
489 1186 669 1239 τόπων
722 1181 1179 1252 σωφρονίζωνται.
1232 1185 1293 1237 Εἰ
1325 1186 1432 1257 γάρ
1479 1185 1606 1258 έστη
1648 1187 1808 1258 μέχρι

108 1270 234 1321 τῶν
271 1267 489 1338 ἀνδρῶν
541 1266 574 1336 ἡ
608 1264 864 1329 κόλασις,
910 1262 1015 1316 κᾶν
1058 1264 1335 1336 ἠπιστήθη
1378 1265 1514 1336 μετά
1538 1267 1706 1320 ταῦτα
1746 1267 1808 1320 τὸ

111 1348 363 1416 γεγονός
383 1365 398 1378 ο
429 1345 517 1399 διά
555 1343 714 1397 τοῦτο
751 1345 780 1397 6
809 1342 974 1405 τόπος
1016 1341 1230 1412 δέχεται
1259 1345 1358 1415 τὴν
1404 1345 1639 1416 πληγὴν,
1672 1349 1701 1399 6
1728 1347 1805 1418 τῷ

110 1431 313 1502 χρόνῳ
342 1425 759 1500 παρεκταθῆναι
785 1423 1103 1494 δυνάμενος,
1143 1425 1239 1478 καὶ
1273 1422 1510 1496 ὲκόίστην
1542 1426 1651 1480 τῶν
1687 1429 1804 1481 ἐπι-

112 1509 438 1579 γινομένων
464 1506 875 1576 ὑπομιμνήσκει
917 1503 1150 1573 γενεῶν,
1193 1504 1276 1558 ὃτι
1314 1506 1442 1569 τοὺς
1482 1508 1550 1560 τά
1578 1507 1805 1561 τοιαῦτα

111 1587 379 1659 δρῶντας
418 1585 645 1641 τοιαῦτα
682 1585 911 1653 πάσχειν
943 1582 1379 1654 νενομοθέτηται,
1412 1584 1516 1638 κᾶν
1550 1585 1624 1656 μὴ
1663 1603 1804 1657 παρ-

112 1667 270 1721 αυτὰ
299 1667 404 1737 τὴν
430 1664 704 1736 τιμωρίαν
732 1662 976 1724 τίσωσιν,
1015 1662 1153 1729 ὅπερ
1180 1664 1274 1716 κα)⁵
1302 1665 1392 1716 ἐπὶ
1420 1663 1513 1716 τοῦ
1549 1665 1675 1718 ναοῦ
1708 1665 1802 1733 γέ-

114 1763 252 1814 γονε
280 1745 498 1798 τούτου.
554 1743 684 1796 Ἰδοὺ
713 1741 822 1812 γάρ
875 1741 1116 1793 εἰκοστὸν
1152 1741 1269 1804 ἔτος
1304 1743 1451 1795 ἐστὶν
1489 1741 1547 1807 ἐξ
1574 1745 1801 1805 ,ἐκείνου
1838 1792 1841 1793 ,

114 1824 338 1886 λοιπὸν,
379 1823 474 1877 καὶ
519 1822 617 1893 τῆς
663 1819 769 1873 ὑπὸ
800 1817 894 1872 τοῦ
942 1820 1114 1890 πυρὸς
1161 1819 1617 1894 καταλειφθείσης
1652 1823 1803 1876 οὐδὲν

117 1902 523 1976 παραπόλωλεν
575 1899 891 1968 οἰκοδομῆς,
927 1897 1042 1951 ἀλλ’
1080 1898 1279 1969 ’ἐστηκε
1326 1900 1538 1969 παγίως
1575 1902 1668 1955 καὶ
1712 1901 1800 1971 βε-

119 1985 301 2046 ϐαίως
352 1982 424 2036 τά
472 1978 803 2049 διαφυγόντα
839 1977 980 2048 μέρη
1019 1976 1081 2030 :6
1127 1977 1259 2049 πῦρ,
1303 1978 1395 2031 καὶ
1439 1978 1612 2043 οὕτως
1656 1981 1802 2034 ἐστὶν

122 2062 352 2133 ἰσχυρά,
396 2061 476 2124 ὡς
514 2059 610 2111 xal
657 2056 794 2128 πρὸς
837 2054 1168 2133 ἐκατὺννέτη
1212 2055 1305 2108 καὶ
1343 2056 1481 2127 πρὸς
1530 2058 1692 2127 ἐτερα
1720 2059 1801 2122 δὶς

120 2132 393 2202 τοσαῦτα,
424 2139 521 2192 xal
549 2135 756 2189 τούτων
783 2135 945 2188 πάλιν
977 2132 1154 2204 πολλῷ
1170 2132 1389 2187 πλείονα
1413 2135 1645 2205 ἀρκέσαι
1677 2137 1802 2207 χρό-

118 2238 236 2273 νον.
292 2219 407 2272 Kal
441 2217 495 2268 τί
528 2215 877 2286 θαυμαστὸν,
921 2215 970 2266 εἰ
1010 2213 1119 2265 τῶν
1159 2213 1352 2265 κιόνων
1380 2213 1408 2252 b
1440 2214 1618 2277 οὐδεὶς
1667 2218 1803 2271 ἀπο-

122 2299 375 2369 σχισθεὶς
415 2295 645 2366 θατέρου
686 2293 996 2364 κατηνέχθη
1043 2293 1179 2363 πρὸς
1217 2290 1508 2369 τρῦδαφος;
1543 2295 1663 2346 Τῶν
1691 2296 1800 2367 γάρ

121 2364 327 2431 κιόνων
359 2374 467 2429 τῶν
509 2364 640 2443 περὶ
678 2373 771 2425 τὸν
814 2370 1175 2440 ὀπισθόδομον
1208 2364 1289 2432 εἷς
1320 2371 1440 2422 τότε
1488 2371 1647 2441 μόνον
1686 2364 1799 2426 δια-

119 2454 407 2518 κλασθεὶς,
428 2452 550 2506 οὐδὲ
568 2446 722 2515 οὗτος
748 2449 1055 2503 κατέπεσεν
1073 2465 1087 2480 ο
1111 2447 1250 2502 ἀλλά
1277 2447 1544 2511 διαλυθεὶς
1566 2450 1674 2505 ἀπὸ
1699 2451 1799 2520 τῆς

118 2532 336 2595 οἰκείας
378 2531 560 2601 ἕδρας,
599 2529 693 2582 καὶ
721 2528 858 2599 πρὸς
897 2526 989 2579 τὸν
1017 2529 1194 2597 τοῖχον
1232 2527 1523 2581 ἀναπεσὼν
1547 2538 1592 2586 ο.
1625 2528 1799 2593 οὕτως

119 2611 332 2682 ἔμεινε.
385 2609 497 2664 Kal
522 2607 688 2662 αὐτοῦ
732 2607 793 2659 τὸ
839 2607 937 2677 μὲν
985 2606 1093 2659 ἀπὸ
1138 2606 1239 2676 τῆς
1269 2606 1534 2677 κρηπῖδος
1564 2609 1658 2661 ἐπὶ
1700 2610 1798 2679 τὴν

116 2689 300 2760 τομὴν
347 2689 576 2757 πλάγιον
618 2687 757 2758 πρὸς
794 2687 887 2739 τὸν
928 2689 1105 2757 τοῖχον
1139 2687 1478 2758 ἐρήρεισται,
1503 2688 1565 2740 τὸ
1601 2688 1659 2741 δέ
1691 2690 1798 2742 ἀπὸ

119 2769 223 2839 τῆς
251 2769 431 2839 τομῆς
463 2768 556 2820 ἐπὶ
604 2768 704 2836 τὴν
740 2766 1004 2835 κεφαλίδα
1048 2766 1278 2836 ἕστηκεν
1323 2767 1512 2820 ὕπτιον
1556 2768 1665 2822 ὑπὸ
1703 2769 1796 2823 τοῦ

119 2848 442 2918 κατωτέρω
493 2845 894 2918 βασταζόμενον
948 2845 1166 2915 μέρους.
1204 2845 1394 2899 Καίτοι
1441 2847 1536 2900 καὶ
1580 2848 1798 2919 ἀνέμων

121 2924 374 2996 σφοδρῶς
405 2924 484 2995 τῷ
511 2925 663 2996 τόπῳ
693 2924 1110 2994 προσπεσόντων
1139 2923 1417 2988 πολλάκις,
1439 2927 1533 2978 καὶ
1556 2927 1797 2998 σεισμῶν

119 3007 453 3076 γενομένων,
487 3006 582 3060 καὶ
635 3005 738 3075 τῆς
772 3005 879 3075 γῆς
903 3003 1267 3077 τιναχθείσης,
1302 3005 1408 3058 οὐδ’
1439 3008 1690 3080 ἐτινάχθη
1726 3009 1797 3062 τά

121 3085 352 3156 λείψανα
388 3082 489 3156 τῆς
543 3085 741 3154 φλογὸς
764 3125 778 3148 ,
815 3082 929 3137 ἀλλ’
976 3083 1174 3154 ἕστηκε
1228 3083 1460 3154 βεϐαίως
1517 3090 1796 3159 μονονουχὶ

125 3166 356 3235 βοῶντα,
391 3166 476 3219 ὅτι
507 3165 598 3219 διά
640 3165 731 3218 τὸν
765 3163 873 3217 τῶν
907 3162 1180 3232 ἐσομένων
1214 3165 1541 3235 τετήρηνται
1576 3182 1793 3238 σωφρο-

120 3245 338 3313 νισμόν.

194 3324 300 3378 κδ’.
323 3323 435 3377 Kal
469 3322 564 3376 τοῦ
591 3321 689 3394 μὲν
723 3321 797 3393 μὴ
818 3318 996 3374 πάντα
1013 3318 1216 3374 ἁλῶναι
1236 3320 1315 3391 τῷ
1348 3324 1480 3390 πυρὶ
1505 3323 1594 3375 τὸν
1633 3324 1791 3389 νεὼν,

122 3403 327 3472 ταύτην
372 3400 439 3454 ἂν
478 3401 624 3454 εἴποι
661 3417 745 3464 τις
775 3395 915 3453 εἶναι
946 3399 1241 3470 πρόφασιν,
1273 3400 1367 3452 τοῦ
1409 3402 1466 3454 δέ
1506 3402 1582 3474 μὴ
1619 3404 1794 3457 ἐλθεῖν

122 3482 216 3532 ἐπὶ
241 3480 333 3534 τὸν
366 3480 591 3551 βασιλέα
623 3479 713 3534 τὸν
758 3479 1023 3549 σκηπτὸν,
1059 3480 1154 3531 καὶ
1196 3478 1389 3550 ἑτέραν
1428 3480 1578 3552 εὖροι
1611 3501 1696 3548 τις
1727 3485 1794 3540 ἂν

124 3558 306 3611 αἰτίαν
335 3557 515 3629 ζητῶν
560 3557 668 3611 ἀπὸ
696 3558 796 3627 τῆς
842 3556 1016 3626 αὐτῆς
1062 3557 1392 3630 ὁρμωμένην
1438 3561 1652 3631 πηγῆς.
1692 3565 1795 3633 τῆς

123 3639 490 3710 χρηστότητος
524 3637 670 3707 λέγω
702 3640 798 3691 καὶ
832 3636 1247 3707 φιλανθρωπίας
1281 3638 1376 3690 τοῦ
1405 3640 1662 3709 Χριστοῦ.
1693 3646 1793 3698 Διά

123 3721 234 3790 γὰρ
264 3719 424 3773 τοῦτο
463 3719 563 3787 τῆς
615 3719 714 3789 μὲν
751 3717 845 3771 τοῦ
895 3717 1159 3788 βασιλέως
1204 3718 1448 3790 κεφαλῆς
1492 3720 1687 3792 ἀνέσχε
1732 3727 1794 3778 τὸ

126 3798 257 3869 πῦρ,
289 3798 480 3871 ιρριψε
509 3798 566 3851 δὲ
595 3798 731 3852 αὐτὸ
758 3797 900 3851 κατὰ
930 3797 1031 3867 τῆς
1056 3797 1281 3868 ὀροφῆς,
1310 3798 1395 3851 ἵνα
1434 3800 1492 3851 ἐν
1516 3803 1635 3863 ταῖς
1675 3804 1790 3855 ἐτέ-

127 3895 237 3947 ρων
288 3881 594 3950 συμφοραῖς
635 3877 975 3940 παιδευθεὶς,
1008 3875 1224 3946 ἐκφύγῃ
1279 3878 1377 3948 τὴν
1422 3880 1792 3952 ἀποκειμένην

123 3956 272 4027 αὺτῷ
292 3957 534 4025 κόλασιν,
569 3955 889 4029 μεταϐαλὼν
921 3956 1015 4010 καὶ
1051 3957 1150 4026 τῆς
1185 3956 1396 4025 πλάνης
1433 3959 1786 4029 ἀπαλλαγείς,

125 4036 258 4091 Οὐδὲ
290 4037 396 4109 γάρ
425 4037 585 4091 τοῦτο
624 4038 806 4109 μόνον,
837 4037 956 4090 οὐδέ
995 4037 1211 4108 πρῶτον
1258 4037 1404 4108 αὐτῷ
1443 4041 1542 4111 τῆς
1586 4042 1792 4106 οἰκείας

124 4116 402 4184 δυνάμεως
448 4120 675 4187 σημεῖον
714 4116 915 4169 ἔδωκεν
956 4116 985 4166 ὀ
1026 4114 1280 4184 Χριστὸς,
1330 4115 1467 4168 ἀλλά
1505 4119 1599 4171 καὶ
1631 4120 1791 4192 ἔτερα

126 4198 258 4268 πρὸς
289 4197 501 4261 τούτοις
536 4196 707 4251 πολλά
730 4195 922 4250 τούτου
955 4195 1053 4265 οὐχ
1076 4196 1291 4265 ἥττονα.
1316 4195 1474 4248 Ὄιτε
1514 4197 1622 4267 γάρ
1650 4199 1792 4264 θεῖος

125 4274 308 4341 αὑτοῦ,
330 4278 361 4331 ὃ
382 4294 442 4330 τε
473 4278 698 4347 ταμίας,
722 4276 893 4339 οὕτως
920 4278 1087 4346 ἄμφω
1113 4273 1517 4340 καταλύσαντες
1535 4278 1626 4330 τὸν
1656 4278 1788 4348 βίον,

128 4358 216 4410 καὶ
252 4358 405 4429 λιμὸς
457 4359 537 4422 εἰς
569 4359 668 4428 τὴν
708 4360 861 4409 πόλιν
905 4356 1107 4418 εὐθέως
1154 4355 1409 4425 ἐμπεσὼν
1448 4358 1565 4425 μετ’
1600 4359 1786 4425 αὐτοῦ,

127 4436 217 4489 καὶ
243 4439 276 4508 ἡ
303 4436 409 4489 τῶν
453 4436 659 4490 ὑδάτων
693 4436 892 4500 σπάνις
927 4435 1186 4488 οὐδέποτε
1218 4435 1473 4505 συμϐᾶσα
1504 4437 1789 4509 πρότερον,

125 4516 234 4567 ἀλλ’
275 4515 308 4587 ἢ
342 4515 479 4586 μετά
508 4516 609 4579 τὰς
645 4516 738 4568 ἐπὶ
774 4515 884 4567 τῶν
918 4514 1109 4585 πηγῶν
1145 4515 1443 4585 γενομένας
1475 4515 1664 4581 θυσίας
1698 4518 1790 4571 ὑπ’

125 4594 307 4659 αὐτοῦ,
330 4599 421 4649 καί
447 4595 620 4650 πολλά
654 4595 790 4666 πρὸς
816 4594 1024 4657 τούτοις
1048 4594 1232 4665 ἕτερα,
1256 4596 1324 4648 τά
1345 4612 1405 4647 τε
1433 4596 1490 4650 ἐν
1526 4595 1604 4665 τῷ
1632 4613 1791 4668 στρα-

125 4675 347 4745 τοπέδῳ,
375 4676 445 4730 τά
468 4692 529 4728 τε
567 4676 627 4727 ἐν
655 4678 776 4737 ταῖς
815 4674 999 4727 πόλεσι
1030 4675 1415 4744 συμϐαίνοντα,
1456 4677 1550 4728 καὶ
1581 4674 1789 4747 λιθίνην

130 4755 284 4808 ἱκανά
319 4754 466 4827 [574]
507 4754 723 4827 κάμψαι
754 4755 959 4826 ψυχήν·
1007 4755 1069 4807 ού
1110 4752 1189 4824 τῷ
1220 4754 1414 4826 πλήθει
1453 4756 1634 4826 μόνον,
1666 4757 1788 4809 οὐδὲ

126 4835 200 4905 τῷ
235 4836 410 4890 πάντα
436 4836 572 4906 ὁμοῦ
612 4837 859 4904 γίνεσθαι
895 4834 991 4888 καὶ
1036 4833 1257 4904 ἐφεξῆς,
1298 4834 1391 4887 καὶ
1437 4834 1581 4888 κατά
1625 4835 1790 4900 πόδας

128 4916 227 4968 τῶν
250 4914 639 4987 τολμημάτων,
671 4915 747 4980 ὡς
786 4916 881 4967 ἐπὶ
915 4913 1008 4967 τοῦ
1041 4914 1306 4985 βασιλέως
1337 4914 1447 4969 τῶν
1475 4918 1788 4985 Αἰγυπτίων

130 4994 273 5057 ποτὲ,
301 4995 436 5050 ἀλλά
464 4995 542 5067 τῷ
571 4996 664 5049 καὶ
693 4996 815 5049 καθ’
842 4995 1013 5050 ἐαυτά
1043 4994 1270 5049 τοιαῦτα
1306 4991 1447 5052 εἶναι
1475 4996 1544 5051 τά
1575 4997 1788 5050 δεικνύ-

133 5092 260 5144 μενα
279 5075 495 5146 τέρατα,
526 5076 601 5140 ὡς
630 5075 705 5148 μὴ
725 5076 933 5130 δεῖσθαι
957 5076 1144 5146 ἕτερον
1179 5076 1367 5147 ἐτέρου
1392 5077 1528 5149 πρὸς
1555 5078 1653 5148 τὴν
1679 5078 1788 5134 τῶν

127 5154 365 5225 ὁρώντων
411 5157 746 5229 ἐπιστροφὴν
767 5198 781 5222 ,
817 5156 932 5210 ἀλλ’
985 5158 1179 5229 ἀρκεῖν
1225 5157 1458 5210 ἕκαστον
1487 5157 1668 5211 αὐτῶν
1694 5162 1788 5214 καὶ

131 5234 243 5288 καθ’
269 5236 425 5290 ἑαυτὸ
453 5236 612 5290 τοῦτο
648 5236 1008 5310 ἐργάσασθαι.
1042 5238 1161 5290 Ἵνα
1189 5237 1300 5307 γὰρ
1334 5236 1404 5289 τά
1430 5237 1568 5292 ἄλλα
1604 5254 1787 5310 παρα-

129 5313 281 5381 λίπω,
318 5317 439 5371 τίνα
464 5319 564 5372 οὐκ
590 5317 656 5372 ἂν
682 5317 949 5389 ἐξέπληξε
976 5317 1083 5372 τῶν
1107 5318 1182 5389 μὴ
1211 5317 1417 5390 σφόδρα
1447 5319 1787 5391 ἀναισθήτων

129 5396 184 5448 τὸ
216 5398 337 5467 περί⁵
362 5397 432 5451 τά
460 5397 686 5468 θεμέλια
718 5397 812 5451 τοῦ
846 5397 1078 5452 παλαιοῦ
1100 5397 1210 5450 τῶν
1245 5397 1505 5469 Ἰεροσολύ
1515 5415 1631 5468 μων
1657 5400 1786 5453 ναοῦ

130 5480 340 5548 σημεῖον
377 5478 712 5550 ἐπιδειχθέν;
739 5479 804 5531 Τί
841 5478 899 5533 δὲ
935 5479 1093 5533 τοῦτο
1122 5474 1225 5549 ἦν;
1267 5479 1443 5551 Ὁρῶν
1473 5482 1504 5534 ό
1526 5479 1789 5552 τύραννος

130 5560 201 5621 εἰς
233 5557 330 5629 τὴν
360 5558 540 5631 ἀρχὴν
572 5559 794 5614 ἀπασαν
821 5560 918 5631 τὴν
950 5559 1042 5614 ὑπ’
1068 5559 1219 5627 αὐτῷ
1240 5561 1502 5632 κειμένην
1527 5563 1621 5616 τοῦ
1647 5563 1785 5633 Χρι-

184 5696 202 5762 f
226 5697 304 5748 Sic
321 5696 471 5747 Savil.
494 5703 546 5747 et
564 5701 761 5762 quidam
780 5714 898 5751 mss.
921 5701 1096 5752 Morel.
1118 5702 1227 5751 ὑπό.

132 5823 156 5871 ἀ
187 5760 215 5801 1»
237 5762 460 5867 δονίὲηθι
502 5760 678 5813 omnes
705 5779 819 5817 mss.
847 5764 1039 5829 τοίχων,
1080 5765 1249 5817 Morel.
1284 5764 1472 5816 κιόνων.
1499 5766 1619 5820 Ibid.
1661 5782 1784 5819 unus

160 5839 353 5870 7.0671116"
369 5839 452 5871 εις.

188 5886 210 5918 ⁸
235 5884 399 5935 Mul‘el.
414 5861 662 5937 ’ἐκπεοὼη

975 276 1061 332 DE
1104 274 1162 332 s.
1205 274 1502 342 BABYLA,
1548 260 1829 331 CONTRA
1869 275 2219 337 JL‘LIANUM
2252 280 2359 338 -Ετ
2400 283 2756 341 GENTILES.

3460 330 3465 335 ο
3481 297 3586 355 568

1924 394 2050 483 στοῦ
2081 397 2180 483 τὴν
2220 417 2403 455 πιστιν
2438 402 2837 475 ἐκκεχυμένην,
2876 405 2971 477 ἤδη
3002 406 3059 461 δέ
3102 406 3196 463 καὶ
3233 412 3332 483 τῆς
3360 413 3587 482 Περσῶν

1921 478 2226 552 ἀψαμένην,
2251 486 2343 537 καὶ
2368 484 2658 557 βαρϐάρων
2680 488 2881 559 ἐτέρων
2904 491 3020 560 μετ’
3036 478 3299 557 ἐκείνους,
3315 495 3407 546 καὶ
3424 478 3585 546 πάλιν

1921 562 2182 646 ἐνδοτέρω
2206 566 2410 621 τούτων
2436 568 2824 639 προελθοῦσαν,
2843 573 2936 624 καὶ
2960 576 3160 637 πᾶσαν,
3184 575 3257 639 ὡς
3274 578 3467 641 εἰπεῖν,
3487 576 3586 646 τὴν

1920 642 2010 731 ὑφ’
2036 645 2187 731 ἡλίῳΔ
2206 651 2560 720 κατέχουσαν,
2586 652 2840 707 ἐδάκνετο
2883 657 2980 725 μὲν
3009 657 3104 710 καὶ
3134 658 3309 727 ἧλγει,
3335 660 3427 712 καὶ
3448 642 3586 731 πρός

1917 724 2011 811 τὸν
2030 728 2137 780 τῶν
2177 729 2508 802 Ἐκκλησιῶν
2539 724 2982 806 παρεσκευάζετο
3012 724 3246 811 πόλεμον
3271 757 3285 772 ·
3311 724 3502 810 ἡγνόεί
3528 741 3586 795 δέ

1919 808 2056 893 πρὸς
2086 811 2288 883 κέντρα
2332 814 2600 878 λακτίζων
2628 819 2657 870 6
2692 817 2943 882 δείλαιος.
2977 823 3087 874 Kal
3120 808 3463 893 πρῶτονμὲν
3491 821 3584 875 τὸν

1917 890 1976 943 ἐν
2025 891 2416 965 Ἰεροσολύμοις
2469 899 2629 962 ναὸν,
2673 899 2734 954 δν
2780 904 2859 965 εἰς
2903 903 3096 972 ἔδαφος
3128 890 3176 975 η’
3200 905 3294 958 τοῦ
3343 890 3582 975 Χριστοῦ

1917 975 2222 1056 κατήνεγκε
2265 978 2530 1050 δύναμις,
2583 980 2844 1052 ἀνορθοῦν
2884 987 3172 1056 ἐπειρᾶτο,
3226 987 3321 1039 καὶ
3365 987 3433 1038 τὰ.
3473 984 3582 1037 τῶν

1878 1132 1879 1135 η
1928 1054 2196 1139 ’ἰουδαίων
2237 1062 2265 1113 ό
2293 1062 2495 1133 Ἕλλην
2534 1064 2886 1135 ἐθεράπευεν,
2924 1054 3232 1139 ἀπόπειραν
3267 1068 3357 1121 διὰ
3385 1067 3578 1120 τούτου

1914 1137 2013 1207 τῆς
2050 1139 2142 1192 τοῦ
2175 1142 2409 1213 Χριστοῦ
2439 1145 2720 1215 δυνάμεως
2749 1146 3068 1219 βουλόμενος
3098 1137 3284 1202 λαϐεῖν
3304 1167 3317 1178 ·
3351 1149 3444 1203 καὶ
3483 1167 3581 1201 κα-

1913 1219 2075 1286 λέσας
2126 1225 2394 1280 Ἰουδαίων
2436 1229 2611 1294 τινὰς,
2653 1232 2747 1285 καὶ
2792 1231 2940 1286 θύειν
2988 1232 3249 1296 κελεύσας
3293 1234 3430 1302 (καὶ
3470 1233 3580 1304 γάρ

1882 1330 1883 1333 η
1911 1306 2038 1389 τοὺς
2065 1309 2361 1378 προγόνους
2386 1313 2510 1376 τοὺς
2535 1314 2758 1368 ἐκείνων
2779 1316 2965 1369 τοῦτον
2994 1316 3093 1385 τῆς
3118 1317 3410 1389 θρησκείας
3446 1316 3580 1387 θρη-

1915 1388 2130 1443 σκεύειν
2171 1392 2260 1446 τὸν
2282 1395 2480 1463 τρόπον
2508 1397 2750 1467 ἔλεγεν),
2792 1398 2978 1470 ἐπειδὴ
3018 1403 3097 1462 εἰς
3136 1401 3340 1472 ταύτην
3379 1403 3580 1454 ἐκεῖνοι

1914 1472 2218 1542 κατέφυγον
2253 1476 2597 1550 ἀναχώρησιν
2620 1480 2669 1544 ά,
2703 1481 2779 1544 ῶς
2812 1483 2873 1535 ού
2913 1482 3072 1550 θέμις
3099 1484 3281 1546 αὐτοῖς
3310 1484 3404 1536 τοῦ
3449 1486 3578 1537 ναοῦ

1912 1558 2261 1621 πεπτωκότος
2282 1559 2385 1626 ἔξω
2409 1564 2507 1632 τῆς
2534 1562 2767 1626 παλαιᾶς
2795 1564 3179 1635 μητροπόλεως
3205 1565 3358 1617 τοῦτο
3384 1570 3577 1632 ποιεῖν,

1911 1638 2122 1693 κελεύει
2153 1642 2412 1714 χρήματα
2440 1645 2549 1699 ἀπὸ
2581 1646 2690 1700 τῶν
2717 1649 2959 1718 ταμείων
2989 1648 3250 1712 λαϐόντας
3281 1649 3390 1702 τῶν
3424 1649 3580 1719 βασι-

1909 1720 2098 1789 λικῶν,
2122 1727 2215 1779 καὶ
2242 1728 2308 1781 τά
2335 1728 2469 1783 ἄλλα
2499 1729 2735 1796 ἅπαντα,
2764 1730 2800 1784 ἀ
2833 1731 2970 1802 πρὸς
2995 1731 3096 1803 τὴν
3122 1733 3408 1804 οἰκοδομὴν
3438 1748 3581 1802 παρ-

1911 1805 2055 1877 έχειν
2103 1809 2294 1882 ἐχρῆν,
2329 1813 2552 1867 ἀπιέναι
2597 1816 2691 1868 καὶ
2734 1814 2995 1886 ἀνορθοῦν
3042 1815 3133 1869 τὸν
3165 1816 3313 1877 ναὸν,
3359 1817 3451 1867 καὶ
3484 1816 3578 1867 ἐπὶ

1909 1891 2007 1960 τὴν
2044 1891 2283 1945 παλαιὰν
2332 1896 2613 1948 ἐπανιέναι
2670 1896 2958 1967 συνήθειαν
3004 1897 3112 1950 τῶν
3162 1898 3381 1950 θυσιῶν.
3425 1899 3486 1950 Ui
3519 1898 3577 1950 δὲ

1909 1976 2149 2045 ἀνόητοι,
2185 1977 2530 2049 πλανώμενοι
2565 1982 2630 2032 ἐκ
2669 1979 2898 2044 κοιλίας,
2932 1982 3027 2034 καὶ
3067 1980 3447 2050 παιδευόμενοι
3473 1981 3578 2044 ἕως

1908 2059 2095 2129 γήρως
2135 2061 2382 2132 ἀπῄεσαν
2426 2063 2501 2126 ὡς
2537 2062 2947 2133 συμπράξοντες
2979 2063 3056 2134 τῷ
3084 2064 3310 2139 βασιλεῖ.
3347 2065 3456 2117 Καὶ
3501 2066 3577 2128 ὡς

1908 2142 2070 2194 αὐτόν
2094 2160 2153 2196 τε
2198 2144 2333 2215 ὁμοῦ
2385 2145 2475 2198 τὸν
2505 2144 2632 2215 χοῦν
2661 2145 2890 2216 ἤρξαντο
2933 2144 3154 2210 κενοῦν,
3187 2147 3279 2198 καὶ
3322 2145 3434 2216 πῦρ
3466 2147 3576 2200 τῶν

1909 2224 2175 2295 θεμελίων
2203 2229 2517 2299 ἐκπηδῆσαν
2563 2229 2762 2301 ἀθρόον
2809 2229 3055 2294 ἅπαντας
3099 2232 3295 2293 αὐτοὺς
3335 2233 3574 2290 κατανά-

1907 2309 2098 2364 λωσεν.
2137 2312 2223 2374 Ὠς
2253 2311 2310 2364 δέ
2333 2313 2652 2384 ἀπηγγέλθη
2678 2312 2851 2366 ταῦτα
2868 2313 2946 2383 τῷ
2977 2313 3205 2383 βασιλεῖ,
3232 2314 3355 2368 οὔτε
3384 2332 3576 2386 περαι-

1906 2392 2051 2462 τέρω
2086 2394 2186 2463 τὴν
2214 2394 2417 2464 τόλμαν
2449 2396 2710 2465 προάγειν
2741 2397 3015 2466 ἐπεχείρει
3046 2395 3256 2448 λοιπόν·
3290 2396 3575 2467 κατείχετο

1907 2475 2016 2547 γὰρ
2058 2476 2134 2547 τῷ
2185 2477 2326 2530 δέειο
2367 2476 2491 2530 οὔτε
2529 2480 2627 2549 τῆς
2663 2478 2870 2549 πλάνης
2921 2478 3029 2531 τῶν
3077 2478 3346 2549 δαιμόνων
3383 2481 3578 2550 ἤθελεν

1906 2561 2364 2625 ἀπαλλάττεσθαι,
2391 2562 2646 2631 καθάπαξ
2685 2564 3039 2635 τυραννηθεὶς
3084 2565 3174 2618 ὑπ’
3208 2564 3408 2629 αὐτῶν,
3439 2565 3576 2619 ἀλλά

1904 2645 2044 2709 τέως
2071 2646 2167 2717 μὲν
2199 2647 2425 2717 ἡσυχίαν
2449 2643 2571 2717 ῆγε.

1975 2730 2182 2800 Χρόνου
2215 2730 2272 2783 δέ
2299 2730 2658 2802 παρελθόντος
2691 2729 2909 2801 μικροῦ,
2940 2731 3039 2801 τῆς
3064 2731 3235 2801 αὐτῆς
3265 2733 3440 2801 εἴχετο
3475 2748 3575 2800 μα⁴

1905 2814 2238 2877 ταιοπονίας,
2274 2814 2363 2867 τὸν
2396 2815 2493 2885 μὲν
2538 2813 2674 2868 νεὼν
2723 2815 2822 2867 οὐκ
2861 2814 2939 2867 ἐτι
2984 2814 3198 2885 τολμῶν
3248 2814 3571 2885 οἰκοδομεῖν,

1906 2896 2169 2968 ἑτέρωθεν
2196 2898 2253 2951 δέ
2290 2897 2772 2969 ἀκροϐολιζόμενος
2810 2898 2945 2968 πρὸς
2989 2899 3171 2968 ἡμᾶς’
3204 2898 3282 2961 εἰς
3331 2897 3570 2968 πόλεμον

1905 2983 2013 3052 γάρ
2040 2981 2284 3035 καθεῖναι
2315 2980 2564 3051 φανερῶς
2589 2991 2612 3019 θ
2645 2979 2968 3034 ἀνεϐάλλετο
2996 2980 3153 3043 τέως,
3190 2981 3308 3044 ἐνὸς
3339 2982 3437 3051 μὲν
3476 2983 3573 3036 καὶ

1908 3064 2143 3134 μάλιστα
2177 3061 2394 3134 πρώτου
2432 3064 2526 3116 τοῦ
2563 3062 2851 3116 πεπεῖσθαι
2896 3062 3083 3131 σαφῶς
3125 3063 3404 3126 ἀδυνάτοις
3448 3066 3573 3117 ἐπι-

1903 3151 2104 3219 χειρεῖν
2125 3165 2139 3179 ο
2167 3148 2417 3218 δευτέρου
2452 3146 2509 3198 δὲ
2536 3146 2628 3199 τοῦ
2659 3146 2927 3217 μηδεμίαν
2949 3147 3080 3216 ήμῖν
3105 3146 3357 3217 ἀφορμὴν
3394 3162 3573 3216 παρα-

1905 3233 2052 3300 σχεῖν
2081 3230 2377 3301 μαρτυρίου
2417 3229 2675 3296 στέφανον
2718 3228 3108 3299 ἀναδήσασθαι.
3140 3228 3243 3281 Καὶ
3291 3228 3398 3300 γάρ
3438 3230 3572 3298 ἀφό-

1905 3331 2068 3386 ρητον
2095 3309 2162 3384 ἦν
2206 3313 2354 3384 αύτῴ
2391 3312 2486 3366 καὶ
2518 3311 2699 3382 πάσης
2747 3314 3032 3383 συμφορᾶς
3060 3314 3258 3382 χεῖρον,
3291 3314 3353 3365 τὸ
3396 3330 3574 3383 παρα-

1902 3397 2098 3467 χθέντα
2123 3396 2248 3450 τινά
2270 3399 2350 3460 είς
2376 3396 2538 3468 μέσον
2564 3396 2726 3467 μέχρι
2754 3394 3011 3465 τελευτῆς
3033 3396 3436 3466 ἐγκαρτερῆσαι
3456 3400 3571 3459 ταῖς

1903 3481 2044 3551 ὑπὲρ
2071 3480 2169 3550 τῆς
2200 3479 2459 3551 ἀληθείας
2489 3479 2774 3550 βασάνοις·
2806 3476 2979 3540 οὕτως
3005 3478 3069 3530 ἐκ
3097 3476 3277 3547 ψυχῆς
3304 3479 3403 3547 τὴν
3435 3478 3572 3549 πρὸς

1900 3566 2050 3635 ἡμᾶς
2083 3562 2385 3635 ἀπέχθειαν,
2415 3563 2761 3616 ἐπεδείκνυτο
2797 3560 2842 3615 ί.
2880 3560 3035 3633 ’ᾘδει
3067 3562 3196 3631 γάρ,
3236 3561 3353 3631 ἤδει
3385 3561 3573 3630 σαφῶς

1901 3647 1984 3700 ὅτι
2012 3646 2171 3701 τοῦτο
2198 3646 2566 3718 τολμήσαντος
2592 3642 2782 3708 αὐτοῦ,
2819 3642 3020 3705 πάντες
3047 3643 3112 3696 ἂν
3144 3642 3284 3713 ὑπὲρ
3321 3642 3416 3695 τοῦ
3440 3645 3574 3712 Χρι-

1903 3731 2033 3785 στοῦ
2075 3731 2172 3793 τὰς
2215 3730 2424 3784 ἑαυτῶν
2468 3726 2792 3800 προῦδωκαν
2821 3727 3031 3798 ψυχάς·
3063 3728 3370 3797 κακοῦργος
3403 3728 3458 3780 δὲ
3496 3728 3572 3779 ῶν

1899 3800 1997 3870 καὶ
2046 3816 2253 3880 δεινὸς,
2289 3816 2417 3878 τοὺς
2465 3814 2571 3867 ὑπὸ
2614 3812 2722 3865 τῶν
2768 3811 3046 3883 ἀρχόντων
3102 3810 3198 3878 τῆς
3247 3809 3572 3878 Ἐκκλησίας

1901 3900 2335 3971 κεκολασμένους
2373 3897 2525 3970 [575]
2559 3897 2623 3950 δι’
2657 3895 2928 3966 ἁμαρτίας
2959 3893 3113 3957 τινάς
3142 3894 3239 3946 καὶ
3265 3893 3366 3963 τῆς
3396 3896 3571 3964 ἀρχῆς

1900 3984 2331 4055 ἐκϐεϐλημένους
2356 3982 2565 4045 πάντας
2594 3979 2855 4034 πάντοθεν
2884 3977 3054 4048 ἠφίει,
3075 3976 3250 4047 τούτῳ
3280 3977 3358 4046 τῷ
3385 3979 3570 4048 τρόπῳ

1898 4073 2012 4133 τοῖς
2064 4085 2125 4121 τε
2178 4066 2569 4137 πονηροτάτοις
2613 4062 2863 4128 ἐξουσίαν
2904 4063 3113 4126 διδοὺς,
3161 4063 3255 4115 καὶ
3302 4064 3429 4124 τοὺς
3470 4064 3568 4132 τῆς

1912 4152 2239 4223 Ἐκκλησίας
2282 4149 2600 4221 ἀνατρέπων
2647 4147 2915 4214 θεσμοὺς,
2967 4146 3064 4198 καὶ
3120 4145 3255 4213 πρὸς
3306 4144 3568 4215 ἀλλήλους

1901 4234 2219 4307 συγκρούων
2258 4235 2536 4296 ἅπαντας·
2570 4228 2929 4302 εὐχειρώτους
2966 4228 3075 4298 γὰρ
3123 4226 3309 4280 λοιπὸν
3351 4227 3569 4279 ἔσεσθαι

1900 4318 2166 4390 πρότερον
2198 4315 2601 4389 προσεδόκησεν
2630 4316 2655 4354 ε
2679 4313 2786 4366 ὑπὸ
2814 4311 2909 4364 τοῦ
2946 4311 3082 4382 πρὸς
3118 4310 3383 4381 ἀλλήλους
3434 4328 3569 4364 κατ-

1899 4403 2276 4467 αναλωθέντας
2318 4401 2579 4468 πολέμου.
2610 4397 2718 4452 Καί
2739 4413 2861 4451 τινα
2892 4396 2986 4450 καὶ
3026 4396 3122 4467 τῆς
3164 4393 3256 4447 τοῦ
3305 4394 3570 4462 δόγματος

1899 4488 2084 4541 ἕνεκεν
2128 4473 2607 4558 διαστροφῆς,’καὶ
2646 4481 2747 4552 τῆς
2791 4479 2886 4534 τοῦ
2920 4478 3036 4549 βίου
3088 4477 3421 4549 μοχθηρίας,
3471 4479 3569 4547 τῆς

1898 4571 2074 4642 ἀρχῆς
2136 4569 2238 4640 τῆς
2291 4567 2751 4640 ἐκκλησιαστικῆς
2811 4561 3210 4633 ἐκϐεϐλημένον
3263 4561 3570 4632 (Στέφανος

1896 4656 2067 4727 ὄνομα
2103 4650 2172 4727 ῆν
2206 4653 2385 4724 αὐτῷ)
2421 4651 2631 4706 κελεύει
2661 4649 2822 4703 πάλιν
2853 4647 2943 4701 τὸν
2971 4645 3347 4700 διδασκαλικὸν
3384 4647 3570 4717 θρόνον

1897 4739 2185 4795 ἀναλαϐεῖν
2209 4755 2224 4770 ο
2268 4738 2363 4792 καὶ
2394 4734 2455 4790 τὸ
2490 4733 2769 4806 Κυριακὸν
2795 4731 2852 4784 δὲ
2878 4731 3051 4802 ὄνομα
3080 4731 3216 4794 τέως
3257 4729 3567 4800 σϐεσθῆναι,

1895 4826 1956 4893 τό
1982 4842 2044 4894 γε
2080 4824 2160 4889 εἰς
2202 4821 2365 4876 αὐτὸν
2400 4815 2558 4892 ἧκον,
2591 4815 2911 4883 ἐσπούδαζε,
2939 4814 3254 4877 Γαλιλαίους
3284 4815 3405 4866 ἀντὶ
3435 4815 3570 4882 Χρι‹

1899 4907 2131 4962 στιανῶν
2169 4907 2332 4969 αὐτός
2360 4920 2420 4957 τε
2451 4905 2509 4956 ἐν
2548 4904 2662 4964 τοῖς
2706 4899 3040 4969 διατάγμασι
3080 4898 3280 4960 καλῶν,
3319 4898 3412 4949 καὶ
3443 4898 3568 4959 τοὺς

1896 4993 2161 5064 ἄρχοντας
2207 4990 2365 5043 τοῦτο
2413 4987 2743 5059 προτρέπων
2767 4985 2960 5036 ποιεῖν.
2992 4982 3209 5044 Μεταξὺ
3236 4980 3292 5032 δὲ
3321 4978 3430 5031 τῶν
3475 4995 3571 5048 ση-

1900 5063 2066 5146 μείων
2093 5072 2298 5127 τούτων
2326 5067 2400 5125 ὧν
2435 5068 2589 5124 εἷπον
2620 5068 2927 5139 γενομένων
2956 5065 3067 5119 τῶν
3106 5066 3247 5118 κατά
3281 5063 3371 5116 τὸν
3412 5063 3569 5132 λιμὸν

1896 5145 1989 5214 καὶ
2019 5159 2110 5213 τὸν
2144 5157 2377 5229 αὐχμὸν,
2401 5157 2594 5228 ἔμενεν
2619 5155 2713 5207 ἐπὶ
2742 5154 2838 5222 τῆς
2860 5149 3031 5218 αὐτῆς
3057 5146 3331 5229 ἀναιδείας
3362 5145 3442 5197 ἔτι
3474 5148 3569 5199 καὶ

1898 5228 2284 5315 σκληρότητος.
2306 5243 2418 5295 Kal
2450 5239 2659 5311 μέλλων
2684 5231 3098 5315 ἐπιστρατεύειν
3131 5229 3209 5315 τῶ
3243 5228 3444 5315 Πέρσῃ,
3475 5233 3568 5281 καὶ

1899 5311 2049 5400 μετά.
2062 5311 2315 5381 τοσούτου
2338 5323 2507 5394 τύφου
2539 5320 2744 5377 κατιὼν
2773 5318 2849 5381 ὡς
2876 5317 3022 5370 ἆπαν
3047 5313 3109 5367 τὸ
3138 5312 3245 5364 τῶν
3277 5311 3568 5400 βαρϐάρων

1896 5396 2347 5484 ἀναρπασόμενος
2385 5408 2572 5473 έθνος,
2624 5403 2840 5476 ἠπείλει
2881 5398 3079 5473 μυρίας
3123 5398 3256 5467 ἡμῖν
3301 5396 3565 5461 ἀπειλάς,

1958 5635 1985 5675 d
2007 5632 2157 5685 Savil.
2187 5640 2255 5705 ,οι
2298 5633 2495 5705 quidam
2523 5642 2650 5705 πως.
2676 5626 2936 5705 κατέφυγον
2956 5623 3042 5705 τὴν
3075 5620 3350 5698 ἀπολογίαν.

1896 5684 2156 5761 κατέφυγον
2180 5684 2496 5761 ἀναχῷρησιν.
2523 5692 2658 5741 Unus
2689 5684 2844 5761 cogéx
2866 5684 3128 5761 κατέφυγον
3147 5684 3563 5753 τὴνῦποχώρησιν.

1955 5765 1975 5785 ⁸
2000 5749 2148 5811 έιινὶι.
2172 5764 2225 5807 εἰ
2246 5749 2441 5817 (ίῦἱὰειιῐι
2462 5768 2576 5804 mss.
2602 5753 2830 5815 φανερῶς,
2864 5749 3034 5798 Μυτει.
3061 5749 3281 5809 φανερόν.

1965 5823 1983 5864 ¹’
2018 5823 2113 5872 Am
2139 5819 2422 5874 ἐπεδείξατο.

1967 5897 1987 5929 μ
2015 5865 2530 5949 ίῖρόοεδοκηοινίιοιιε
2564 5876 2804 5929 omittitur
2838 5877 2885 5927 in
2911 5873 3061 5925 Savil.
3088 5878 3142 5923 et
3165 5872 3212 5920 in
3231 5865 3424 5919 duobus
3449 5877 3567 5914 mss.
