3876 6286
358 283 464 341 569

358 406 535 468 λέγων
567 397 707 471 μετά
734 396 832 470 τὴν
879 395 1089 453 ἐκεῖθι)
1124 397 1384 451 ἐπάνοδον
1424 396 1630 457 πάντας
1676 392 1846 464 άρδην
1894 393 2031 447 ἀπο-

359 487 493 542 λεῖν.
528 487 769 558 Πόλεμον
798 487 907 558 γάρ
950 484 1100 557 αὐτῷ
1147 484 1336 540 τοῦτον
1366 480 1505 538 εἶναι
1537 484 1712 538 ἐδόκει
1760 481 1853 536 τοῦ
1887 482 2030 551 Περ-

362 577 518 631 σικοῦ
555 575 931 648 χαλεπώτερον
949 617 964 640 ,
997 574 1090 627 καί
1130 573 1240 627 δεῖν
1294 572 1560 645 πρότερον
1608 570 2034 642 κατορθώσαντα

362 667 570 720 ἐκεῖνον
596 663 691 718 τὸν
716 664 944 726 ἐλάττω,
978 663 1101 716 τότε
1133 663 1228 715 ἐπὶ
1252 662 1343 715 τὸν
1372 661 1596 732 μείζονα
1619 658 1809 715 τοῦτον
1832 659 2029 712 ἐλθεῖν.

362 754 475 809 Καὶ
525 752 699 808 ταῦτα
741 754 874 822 ήμῖν
924 752 976 804 οἱ
1028 752 1127 821 τῆς
1168 748 1396 822 γνώμης
1452 748 1602 820 αὐτῷ
1647 746 2034 810 κοινωνοῦντες

361 840 722 912 ἀπήγγελλον.
742 840 888 894 Ζέων
913 838 970 892 δέ
1000 838 1077 910 τῷ
1101 839 1224 892 καθ’
1254 839 1286 909 ἡ
1295 837 1411 909 μῶν
1434 836 1610 908 θυμῷ.
1640 837 1736 890 καὶ
1765 835 1887 890 καθ’
1914 837 2036 888 ἐκά-

363 929 730 1001 στηνήμέραν
774 928 908 1001 πρὸς
948 928 1171 999 μείζονα
1204 926 1400 998 μανίαν
1438 926 1746 997 αἰρόμενος,
1773 923 2032 977 οὐδέποτε

359 1018 453 1070 ἐπὶ
481 1017 579 1087 τῆς
614 1016 785 1086 αὐτῆς
823 1016 1010 1070 ἵστατο
1041 1014 1286 1087 γνώμης,
1317 1014 1453 1069 ἀλλά
1478 1014 1580 1084 τὴν
1605 1011 1876 1083 προτέραν
1912 1010 2033 1081 βου-

356 1104 453 1177 λὴν
481 1105 836 1177 ἀποθέμενος,
869 1105 1031 1158 πάλιν
1059 1104 1275 1175 ἠπείλει
1313 1104 1404 1156 τὸν
1447 1101 1686 1173 διωγμὸν
1729 1103 1879 1172 ἡμῖν.
1904 1098 2035 1153 Βου-

356 1194 583 1267 λόμενος
602 1194 661 1249 δὲ
681 1194 843 1248 αὐτὸν
866 1196 893 1248 ὁ
915 1193 1046 1257 Θεὸς
1072 1191 1535 1265 ἀνακρούσασθαι,
1571 1192 1663 1245 καὶ
1684 1188 2033 1244 καταστεῖλαι

358 1280 783 1352 φλεγμαίνοντα,
818 1281 1066 1352 ἐπήγαγε
1097 1279 1260 1333 πάλιν
1304 1278 1457 1331 τουτί
1490 1278 1550 1331 τὸ
1592 1280 1832 1349 σημεῖον,
1879 1278 1937 1330 ἐν
1965 1278 2032 1348 τῇ

356 1369 543 1440 Δάφνῃ
573 1369 635 1422 τὸ
663 1367 776 1441 πῦρ
801 1368 893 1421 ἐπὶ
919 1367 1008 1423 τὸν
1039 1367 1174 1422 νεὼν
1202 1368 1382 1436 ἀφείς.

429 1464 534 1525 κγ’.
568 1457 629 1511 '0
661 1457 717 1510 δέ
733 1456 855 1510 οὐδέ
871 1456 1014 1510 οῦτω
1033 1455 1316 1526 καθυφῆκε
1341 1455 1436 1509 τοῦ
1463 1455 1658 1528 θυμοῦ,
1689 1454 1823 1509 ἀλλὰ
1836 1456 1903 1525 τῇ
1935 1455 2035 1526 τῆς

357 1544 634 1615 ἡμετέρας
664 1542 956 1613 λεηλασίας
985 1543 1252 1615 ἐπιθυμία
1279 1543 1770 1616 διαρρηγνύμενος,
1795 1544 1916 1599 οὐδέ
1944 1543 2034 1598 τὸν

359 1634 552 1705 καιρὸν
592 1633 652 1687 ὃν
697 1632 994 1703 ἠπείλησεν
1040 1631 1253 1702 ἔμενεν,
1296 1632 1433 1686 ἀλλά
1467 1632 1557 1685 τὸν
1596 1633 1885 1705 Εὐφράτην
1920 1634 2036 1686 δια-

359 1721 570 1776 ϐαίνειν
604 1720 815 1792 μέλλων
862 1721 1171 1793 ἀπόπειραν
1223 1723 1458 1774 ἐποιεῖτο
1501 1719 1610 1774 τῶν
1663 1721 2034 1792 στρατιωτῶν,

360 1808 459 1861 καί
491 1825 642 1872 τινας
684 1808 1086 1879 εὐαριθμήτους
1116 1809 1378 1880 κολακείᾳ
1421 1808 1757 1881 διαφθείρας,
1792 1811 1917 1873 τοὺς
1940 1811 2034 1865 ἀν-

362 1897 698 1969 ιτῖιστάντας
729 1898 791 1951 οὐ
817 1896 1087 1968 παρέλυσε
1108 1897 1206 1966 τῆς
1227 1897 1533 1968 στρατείας,
1557 1896 1808 1957 δεδοικὼς
1830 1896 1904 1968 μὴ
1923 1898 2035 1951 δια-

358 1988 563 2057 στήσας
600 1986 795 2049 αὐτοὺς
849 1985 1233 2056 ἀσθενέστερον
1271 1987 1572 2055 ἐργάσηται
1607 1985 1684 2057 τῷ
1724 1986 1912 2059 Πέρσῃ
1942 1987 2034 2040 τὸν

243 2141 251 2145 _
360 2076 611 2146 στρατόν.

428 2164 523 2228 Τίς
576 2164 710 2234 ἡμῖν
751 2162 938 2217 λοιπὸν
983 2162 1053 2216 τὰ
1095 2162 1346 2216 ἐντεῦθεν
1393 2161 1754 2234 διηγήσεται,
1792 2162 1886 2215 καὶ
1923 2162 2032 2216 τῶν

357 2251 502 2305 κατά
523 2250 624 2321 τὴν
652 2251 878 2323 ἔρημον,
911 2251 1136 2304 καὶτῶν
1163 2251 1305 2304 κατὰ
1341 2251 1440 2321 τὴν
1477 2250 1768 2313 θάλατταν,
1800 2250 1896 2303 καὶ
1922 2251 2031 2305 τῶν

359 2338 502 2393 κατὰ
538 2338 636 2410 τὴν
664 2340 961 2407 Δῐγυπτον,
989 2340 1079 2392 ὅτε
1109 2339 1138 2391 ὁ
1162 2338 1487 2409 ἀναίσθητος
1512 2339 1721 2402 ἐκεῖνος
1745 2337 2033 2404 ἐκολάζετο

359 2425 593 2498 Φαραὼ,
633 2428 728 2481 καὶ
776 2427 977 2491 πάντες
1011 2426 1462 2491 κατεποντίζοντο
1481 2467 1497 2491 ,
1547 2426 1678 2509 ὖχτα
1711 2426 1891 2498 πολλῷ
1936 2445 2033 2497 φο-

361 2513 677 2587 σερώτερας
715 2514 983 2586 Καθάπερ
1013 2513 1125 2586 γάρ
1155 2514 1302 2576 τότε,
1338 2515 1460 2566 ἐπεὶ
1501 2514 1690 2584 μηδενί
1725 2514 1835 2568 τῶν
1865 2516 2035 2569 τοιού⁶

358 2620 470 2657 των
493 2598 635 2668 εἶξαι
670 2602 988 2674 συμφορῶν,
1018 2603 1114 2656 καὶ
1159 2601 1414 2671 γενέσθαι
1449 2601 1672 2673 βελτίων
1715 2602 1979 2674 ἠθέλησεν
2004 2607 2033 2658 ό

361 2690 681 2760 Αἰγύπτιος,
717 2691 868 2755 τέλος
899 2690 1062 2743 αὐτὸν
1098 2691 1194 2744 σὺν
1247 2690 1395 2761 αὐτῷ
1426 2690 1505 2761 τῷ
1530 2692 1880 2763 στρατοπέδῳ
1907 2709 2035 2745 κατ-

363 2780 571 2834 έδυσεν·
594 2778 737 2832 οὕτω
769 2781 863 2833 καὶ
889 2779 1006 2847 νῦν,
1040 2779 1225 2850 ἐπειδὴ
1257 2781 1395 2851 πρὸς
1424 2780 1602 2833 πάντα
1637 2780 1869 2844 ἀναιδῶς
1900 2780 2030 2854 ἔστη

360 2866 453 2921 τοῦ
483 2866 619 2921 Θεοῦ
645 2867 713 2921 τά
740 2868 1004 2939 τεράστια
1031 2879 1080 2931 ι,
1109 2868 1203 2921 καί
1241 2868 1393 2922 οὐδὲν
1440 2868 1535 2920 ἀπ’
1564 2867 1744 2921 αὐτῶν
1773 2868 2032 2939 κερδᾶναι

359 2955 646 3025 ἠθέλησεν,
686 2954 800 3010 ἀλλ’
834 2957 1026 3027 ἔμενεν
1054 2956 1400 3027 άδιόρθωτος,
1433 2960 1545 3020 τοῖς
1585 2958 1840 3028 ἐσχάτοις
1870 2957 2031 3012 αὐτὸν

362 3043 548 3098 λοιπὸν
591 3043 883 3115 περιέϐαλε
919 3046 1233 3109 κακοῖς,,ῖν’
1263 3046 1453 3118 ἐπειδὴ
1476 3048 1589 3109 τοῖς
1621 3045 1827 3117 ἐτέρων
1868 3045 2031 3111 αὐτὸς

363 3131 797 3203 σωφρονισθῆναι
850 3132 952 3185 οὐκ
1001 3132 1301 3203 ἠνέσχετο,
1358 3134 1473 3196 τοῖς
1523 3131 1686 3186 αὐτοῦ
1742 3133 2031 3204 παθήμασι

360 3218 622 3287 γένωνται
669 3218 912 3290 βελτίους
960 3219 1158 3291 ἕτεροι.
1195 3220 1251 3272 Ὀ
1288 3220 1396 3291 γὰρ
1444 3219 1709 3284 τοσαύτας
1762 3221 2033 3292 μυριάδας

362 3307 709 3378 στρατιωτῶν
743 3296 1096 3376 καταγαγὼν,
1146 3309 1278 3372 ὅσας
1315 3308 1491 3372 οὐδεὶς
1534 3308 1644 3361 τῶν
1677 3308 2033 3380 βασιλευσάν-

358 3411 467 3447 των
485 3395 634 3457 ποτέ,
663 3394 757 3449 καὶ
791 3396 969 3448 πᾶσαν
986 3395 1084 3467 τὴν
1111 3396 1334 3464 Περσῶν
1378 3396 1438 3461 ἐξ
1460 3396 1760 3468 ἐπιδρομῆς
1791 3398 1887 3452 καὶ
1903 3398 2035 3452 ἀπο-

361 3481 483 3553 νητί
505 3481 882 3553 προσδοκήσας
915 3483 1077 3545 ἐλεῖν,
1109 3481 1259 3554 [576]
1279 3482 1451 3547 οὕτως
1476 3484 1677 3548 ἀθλίως
1712 3484 1916 3556 ἔπραξε
1941 3488 2033 3540 καὶ

361 3570 633 3633 ἐλεεινῶς,
667 3569 744 3633 ὡς
786 3571 1060 3638 γυναικῶν
1099 3571 1298 3641 μᾶλλον
1343 3572 1440 3627 καὶ
1482 3573 1712 3628 παιδίων
1749 3575 1962 3646 μικρῶν
1994 3576 2028 3647 ἦ

344 3656 573 3726 ’ἀνδρῶν
601 3658 963 3728 στρατόπεδον
990 3658 1130 3730 ἔχων
1159 3660 1275 3730 μεθ’
1299 3660 1518 3715 ἐαυτοῦ.
1541 3662 1767 3732 Πρῶτον
1794 3663 1892 3733 μὲν
1923 3664 2029 3737 γὰρ

363 3746 444 3809 εἰς
472 3745 743 3817 τοσαύτην
771 3746 970 3810 αὐτοὺς
1003 3748 1249 3818 ἀνάγκην
1274 3748 1383 3802 ὐπὸ
1414 3748 1514 3819 τῆς
1543 3750 1750 3814 οἰκείας
1771 3751 2030 3816 ἀϐουλίας

362 3832 721 3905 κατέστησεν,
755 3832 898 3887 ὥστε
950 3835 1184 3888 ἰππείων
1239 3836 1651 3904 ἀπογεύσασθαι
1700 3837 1902 3909 κρεῶν.
1935 3841 2031 3894 καὶ

358 3923 485 3985 τοὺς
520 3923 620 3993 μὲν
650 3921 729 3994 τῷ
762 3922 924 3995 λιμῷ,
952 3925 1079 3986 τοὺς
1106 3924 1164 3978 δὲ
1189 3923 1268 3996 τῷ
1294 3925 1435 3995 δίψει
1471 3925 1870 3997 διαφθαρέντας
1895 3928 2031 3981 ἁπο-

360 4009 564 4064 θανεῖν.
595 4010 865 4083 Καθάπερ
894 4012 1003 4084 γάρ
1020 4015 1132 4077 τοῖς
1164 4013 1406 4085 Πέρσαις
1436 4014 1780 4086 στρατηγῶν,
1814 4015 1910 4069 καὶ
1929 4017 2031 4070 οὐκ

360 4097 601 4162 ἐκείνους
642 4097 782 4154 ἑλεῖν
808 4140 823 4164 ,
876 4100 1013 4155 ἀλλά
1056 4104 1183 4166 τοὺς
1227 4103 1459 4167 οἰκείους
1500 4104 1685 4168 αὐτοῖς
1736 4104 2029 4177 προδοῦναι

360 4185 696 4254 σπουδάζων,
725 4186 901 4252 οὕτως
931 4189 1128 4255 αὐτοὺς
1157 4190 1236 4255 εἰς
1262 4191 1437 4263 χωρία
1462 4191 1804 4247 συνέκλεισεν
1827 4193 2027 4264 ἄπορα,

358 4275 452 4329 καί
483 4274 641 4346 μόνον
665 4276 786 4347 οὐχί
808 4277 980 4349 δήσας
1013 4278 1352 4350 παρέδωκεν.
1394 4279 1558 4334 Ἀλλά
1587 4280 1769 4353 πάσας
1809 4282 1909 4353 μὲν
1930 4282 2028 4347 τὰς

359 4364 478 4414 ἐκεῖ
503 4363 801 4433 γενομένας
853 4366 1176 4437 συμφορὰς,
1228 4365 1350 4420 οὐτε
1372 4367 1481 4421 τῶν
1539 4367 1755 4421 ἰδόντων
1801 4386 1885 4433 τις
1933 4370 2045 4422 καί

358 4452 554 4522 πεῖραν
588 4451 887 4523 εἰληφότων
929 4453 1217 4522 δυνήσεται
1257 4453 1506 4507 διελθεῖν·
1539 4454 1685 4509 οὕτω
1712 4458 1893 4510 πᾶσαν
1919 4458 2027 4510 ἀπ-

358 4537 597 4608 έκρυψεν
622 4540 653 4578 δ
684 4537 1010 4610 ὑπερϐολήν·
1039 4537 1114 4601 ὡς
1137 4538 1193 4591 δέ
1215 4540 1274 4591 ἐν
1303 4540 1585 4612 κεφαλαίῳ
1607 4546 1802 4605 εἰπεῖν,
1836 4544 2030 4596 πεσόν-

356 4640 448 4687 τος
473 4621 638 4678 αὐτοῦ
668 4623 910 4695 αἰσχρῶς
943 4625 1035 4676 καὶ
1068 4624 1320 4688 ἐλεεινῶς
1341 4643 1353 4656 ·
1402 4626 1453 4678 οἰ
1487 4627 1586 4696 μὲν
1617 4628 1729 4698 γάρ
1758 4627 1863 4681 ὐπό
1883 4644 2028 4693 τινος

357 4711 466 4766 τῶν
512 4712 857 4784 σκευοφόρων
913 4715 1024 4775 τοῖς
1066 4711 1300 4783 παροῦσι
1341 4712 1862 4785 δυσανασχετοῦντος
1895 4715 2028 4787 βλη-

357 4797 522 4853 θέντα
567 4798 860 4853 ἀποθανεῖν
910 4801 1073 4854 αὐτόν
1106 4818 1290 4870 φασιν·
1335 4803 1384 4855 οἰ
1428 4802 1509 4865 δέ,
1554 4802 1675 4855 οὐδέ
1715 4804 1909 4858 εἰδέναι
1938 4805 2027 4860 τὸν

358 4887 576 4957 σφαγέα
601 4887 694 4941 τὸν
722 4888 934 4943 ἐκείνου
961 4888 1233 4959 λέγουσιν,
1258 4890 1375 4945 ἀλλ’
1403 4892 1483 4945 ὅτι
1513 4892 1674 4963 μόνον
1699 4893 1911 4966 ἐπλήγη
1933 4897 2027 4949 καί

355 4974 733 5046 παρεκάλεσεν
770 4979 853 5041 είς
890 4976 991 5048 τὴν
1032 4978 1273 5032 Κιλίκων
1308 4980 1545 5050 ταφῆναι
1578 4980 1715 5051 γῆν,
1764 4980 1891 5035 ἔνθα
1933 4986 2027 5037 καὶ

355 5067 531 5119 κεῖται
573 5064 689 5121 νῦν.
731 5066 995 5132 Πεσόντος
1039 5068 1104 5141 δὴ
1136 5064 1228 5123 οὖν
1275 5068 1446 5134 οὕτως
1489 5071 1756 5142 αἰσχρῶς,
1794 5070 2026 5143 ὁρῶντες

355 5154 412 5209 ἐν
433 5154 683 5227 ἐσχάτοις
730 5157 929 5220 αὐτοὺς
976 5156 1135 5222 ὄντας
1182 5159 1232 5212 οί
1267 5158 1617 5231 στρατιῶται,
1680 5161 2024 5232 προσέπεσον

352 5244 464 5306 τοῖς
516 5243 764 5315 ἐχθροῖς,
817 5245 910 5298 καὶ
974 5245 1154 5310 δόντες
1195 5246 1393 5319 ὅρκους
1464 5248 1869 5319 ἀπυστήσεσθαι
1927 5249 2021 5301 τοῦ

352 5330 572 5383 πάντων
603 5330 1012 5402 ἀσφαλεστάτου
1041 5336 1302 5406 φρουρίου
1329 5345 1377 5401 τ’,
1410 5336 1506 5390 καὶ
1537 5336 1567 5388 ὃ
1597 5336 1697 5406 τῆς
1722 5335 1845 5388 καθ’
1876 5337 2024 5407 ήμᾶς

332 5416 674 5490 οἰκουμένης
703 5418 892 5491 ὥσπερ
922 5424 1099 5493 τεῖχος
1126 5417 1195 5494 ἦν
1227 5423 1491 5494 ἀρραγές,
1527 5421 1928 5495 φιλανθρώπων
1962 5439 2022 5475 τε

351 5504 604 5574 τυχόντες
635 5506 744 5559 τῶν
774 5508 1085 5580 βαρϐάρων,
1129 5508 1273 5563 οὕτω
1312 5510 1566 5579 διέφυγον
1602 5511 1696 5564 καὶ
1721 5509 2022 5579 ἐπανῆλθον

351 5592 418 5643 ἐκ
442 5591 650 5646 πολλῶν
688 5594 879 5664 ὀλίγοι,
926 5598 1022 5650 καὶ
1070 5598 1225 5651 αὐτοὶ
1268 5597 1636 5669 πεπονηκότες
1669 5597 1737 5652 τά
1769 5597 2017 5667 σώματα,

414 5699 544 5767 fSic
570 5699 720 5767 Savjl.
748 5707 803 5750 et
824 5715 939 5750 mss.
975 5703 1148 5767 Morel.
1177 5716 1293 5751 vero
1311 5704 1371 5751 τὰ
1396 5706 1586 5767 τέρατα.

414 5756 443 5797 δ
465 5761 973 5827 [ιιεριιιίιιηιριιονειιε
998 5766 1191 5814 \idelur
1209 5756 1497 5827 ἀπέκρυψοίν.

415 5830 434 5851 τ
458 5824 610 5894 Savil.
647 5830 714 5894 9l_
738 5824 835 5873 duo
859 5839 971 5875 mss.
998 5824 1363 5888 ἀσφαλεστάτου
1398 5824 1637 5892 φρουρίου,
1667 5829 1821 5881 Morel
1865 5832 2020 5894 ἀσφα-

346 5883 578 5936 λιστάτου
594 5884 791 5948 χωρίου.

1188 286 1248 344 5.
1282 285 1565 344 JOANNIS
1600 287 2091 345 CHRYSOSTOMI
2129 287 2452 346 ARCHIEP.
2493 288 3047 351 CONSTANTINOP.

3712 283 3822 341 ’570

2135 392 2513 463 αἰσχυνόμενοι
2551 394 2650 465 μὲν
2678 395 2765 466 ἐφ’
2796 390 2879 460 οἷς
2918 396 3227 464 συνέθεντο,
3271 398 3733 472 ἀναγκαζόμενοι
3771 402 3823 457 δέ

2131 479 2221 533 διὰ
2245 480 2372 544 τοὺς
2395 481 2593 552 ὅρκους
2618 482 2924 554 ἀποστῆναι
2953 483 3063 539 τῶν
3090 486 3378 558 πατρικῶν
3400 490 3722 561 κτημάτων
3742 492 3824 545 αὐ-

2131 571 2264 632 τοῖς.
2317 570 2427 623 Καὶ
2470 565 2540 641 ἦν
2598 570 2726 625 ἰδεῖν
2777 573 2962 645 πάσης
3012 575 3392 645 αἰχμαλωσίας
3449 576 3827 647 ἐλεεινότερον

2131 653 2337 727 θέαμα·
2382 657 2433 710 οἱ
2464 657 2573 732 γὰρ
2617 660 2719 732 τὴν
2775 660 2928 715 πόλιν
2962 661 3239 728 οἰκοῦντες
3272 665 3514 736 ἐκείνην,
3576 667 3724 738 παρ’
3757 661 3827 721 ὧν

2132 743 2365 813 χάριτας
2413 745 2823 817 προσεδόκησαν
2870 746 3170 818 λήψεσθαι,
3224 751 3308 805 ὅτι
3356 740 3829 823 δίκηνπροὸόλου

2134 830 2345 894 πάντας
2372 832 2500 896 τοὺς
2532 832 2680 888 ἐνδον
2711 835 2770 889 ἐν
2795 835 2977 906 λιμένι
3003 838 3369 910 κατέστησαν,
3419 842 3549 894 ἀντὶ
3599 841 3831 895 πάντων

2135 918 2272 989 πρὸς
2302 921 2511 985 στάντας
2547 921 2702 975 αὐτοὶ
2734 922 3171 995 προϐεϐλημένοι
3204 926 3335 991 τοῦς
3375 927 3675 991 κινδύνους
3708 931 3829 996 ἀεὶ,

2135 1007 2289 1078 παρά
2313 1008 2516 1064 τούτων
2542 1009 2610 1063 τά
2636 1009 2746 1063 τῶν
2785 1011 3062 1084 πολεμίων
3089 1015 3325 1087 ἔπασχον
3344 1058 3359 1082 ,
3404 1017 3486 1080 εἰς
3526 1015 3830 1089 ἀλλοτρίαν

2139 1098 2594 1169 μετανιστάμενοι
2641 1101 2765 1172 γῆν,
2803 1103 2900 1156 καὶ
2941 1103 3120 1168 οἰκίας
3150 1105 3381 1174 ἀφέντες
3429 1108 3528 1160 καὶ
3581 1109 3821 1179 ἀγροὺς,

2136 1186 2234 1239 καὶ
2265 1187 2482 1241 πάντων
2497 1186 2605 1242 τῶν
2632 1191 2926 1261 κτημάτων
2955 1192 3347 1264 ἀποσπώμενοι
3368 1194 3393 1234 d
3422 1194 3537 1248 τῶν
3563 1212 3823 1267 προγονι-

2135 1273 2267 1335 κῶν,
2295 1277 2390 1329 καὶ
2413 1276 2584 1331 ταῦτα
2613 1278 2718 1331 ὐπὸ
2737 1278 2846 1332 τῶν
2883 1281 3099 1335 οἰκείων
3126 1282 3554 1353 ὑπομείναντες.
3579 1285 3821 1339 Τοιαῦτα

2133 1362 2231 1415 τοῦ
2279 1365 2526 1432 γενναίου
2571 1364 2839 1435 βασιλέως
2882 1368 3356 1441 άπολελαύκαμεν.
3389 1360 3590 1426 Ταῦτα
3627 1373 3693 1426 δὲ
3735 1374 3821 1443 οὐχ

2134 1453 2325 1517 ἁπλῶς
2351 1455 2589 1528 εἴρηται,
2624 1457 2739 1511 ἀλλ’
2775 1457 2917 1512 ὥστε
2943 1458 3107 1515 λῦσαι
3146 1460 3244 1533 τὴν
3273 1462 3516 1533 ἀπορίαν
3564 1462 3687 1515 τῶν
3729 1463 3818 1532 ζη-

2133 1542 2394 1605 τούντων,
2419 1544 2473 1598 τί
2509 1544 2708 1616 δήποτε
2738 1546 2813 1617 μὴ
2844 1547 2938 1600 τὸν
2969 1547 3195 1618 βασιλέα
3220 1550 3482 1603 ἐκόλασεν
3508 1550 3576 1617 ἐξ
3602 1552 3822 1622 ἀρχῆςθ

2135 1634 2164 1685 ὁ
2199 1631 2363 1696 Θεός;
2408 1632 2704 1705 Ἐϐουλήθη
2740 1635 2840 1704 μὲν
2878 1635 2989 1707 γὰρ
3028 1636 3190 1690 αὐτὸν
3217 1635 3499 1691 λυττῶντα
3559 1639 3820 1703 πολλάκις

2135 1718 2444 1772 ἀναστεῖλαι
2483 1721 2582 1790 τῆς
2614 1722 2698 1782 εἰς
2726 1722 2789 1774 τὸ
2837 1723 3026 1794 πρόσω
3055 1725 3261 1792 φορᾶς,
3305 1727 3402 1779 καὶ
3446 1728 3570 1790 τοῖς
3620 1726 3821 1797 ἐτέρων

2133 1805 2424 1876 διορθῶσαι
2463 1810 2676 1873 κακοῖςο
2710 1809 2901 1881 ἐπειδὴ
2934 1811 2990 1873 δέ
3019 1812 3323 1875 ἀντέτεινε,
3356 1813 3701 1885 παρέδωκεν»
3729 1816 3819 1867 αὐ-

2134 1893 2226 1947 τὸν
2247 1896 2362 1958 τοῖς
2386 1896 2636 1965 ἐσχάτοις
2658 1900 2868 1961 κακοῖς,
2900 1897 2999 1969 τὴν
3028 1898 3128 1968 μέν
3161 1900 3339 1970 ἀληθῆ
3360 1900 3475 1955 τῶν
3502 1900 3687 1954 αὐτοῦ
3716 1901 3826 1953 τολ-

2138 1981 2405 2053 μημάτων
2455 1983 2725 2038 ἀντίδοσιν
2769 1985 2912 2040 κατά
2956 1987 3059 2057 τὴν
3110 1988 3354 2060 μεγάλην
3410 1990 3824 2062 ταμιευόμενος

2133 2071 2368 2143 ἡμέραν,
2395 2073 2489 2125 καὶ
2519 2071 2605 2126 διά
2625 2073 2725 2144 τῆς
2758 2072 3041 2145 παρούσης
3062 2075 3120 2130 δὲ
3149 2076 3426 2141 κολάσεως
3444 2080 3585 2142 τοὺς
3618 2079 3825 2133 ύπτιω-

2134 2159 2324 2229 τέρους
2353 2159 2652 2224 διανιστάς,
2691 2163 2786 2214 καὶ
2822 2164 3301 2236 σωφρονεστέρους
3330 2166 3530 2221 ποιῶν.
3576 2167 3825 2240 Τοιαύτη

2134 2247 2300 2319 γάρή
2339 2246 2434 2301 τοῦ
2476 2247 2614 2301 Θεοῦ
2650 2248 3003 2320 μακροθυμία
3045 2252 3158 2314 τοῖς
3191 2253 3293 2305 οὐκ
3326 2254 3407 2317 εἰς
3431 2254 3559 2307 δέον
3592 2258 3820 2326 χρωμέ-

2134 2352 2247 2399 νοις
2273 2336 2409 2407 αὐτῇ
2435 2337 2768 2408 πικροτέραν
2802 2338 2941 2408 πρὸς
2977 2338 3041 2393 τὸ
3069 2338 3222 2404 τέλος
3263 2341 3464 2409 ἐπάγει
3492 2343 3602 2414 τὴν
3633 2343 3823 2413 δίκην⁸

2134 2424 2227 2478 καὶ
2249 2424 2503 2496 καθάπερ
2534 2427 2649 2489 τοῖς
2676 2425 3031 2497 μετανοοῦσιν
3071 2427 3375 2500 ὠφέλιμος,
3408 2430 3559 2483 οῦτω
3585 2433 3687 2485 καὶ
3714 2436 3823 2495 τοῖς

2135 2512 2446 2576 ἀνενδότοις
2496 2515 2591 2566 καὶ
2641 2513 2898 2586 σκληροῖς
2952 2515 3216 2587 μειζόνων
3265 2519 3477 2587 γίνεται
3536 2520 3825 2574 κολάσεων

2133 2600 2425 2672 πρόφασις.
2458 2602 2598 2655 Εἰδέ
2619 2601 2766 2664 λέγοι
2797 2620 2902 2666 τις·
2937 2602 3006 2655 Τί
3029 2599 3122 2658 οῦν
3151 2604 3211 2657 οὐ
3248 2605 3472 2679 προῄδει
3501 2607 3602 2660 τὸν
3622 2607 3822 2678 τύραν-

2133 2706 2222 2741 νον
2250 2688 2573 2760 ἀδιόρθωτον
2604 2690 2859 2760 ἐσόμενον
2887 2692 2915 2744 ὁ
2941 2690 3114 2758 Θεός;
3162 2691 3418 2767 ἐροῦμεν,
3454 2694 3539 2747 ὅτι
3588 2695 3819 2767 προῄδει

2137 2777 2256 2847 μὲν,
2306 2777 2423 2831 ἀλλ’
2468 2777 2725 2831 οὐδέποτε
2775 2780 3010 2834 παύεται
3062 2779 3151 2835 διὰ
3199 2781 3300 2852 τὴν
3351 2781 3678 2854 πρόγνωσιν
3722 2784 3821 2852 τῆς

2133 2864 2407 2938 ἡμετέρας
2435 2865 2636 2931 κακίας
2676 2867 2745 2921 τά
2786 2867 2952 2921 αὐτοῦ
2988 2868 3198 2922 ποιῶν*
3228 2868 3366 2923 ἀλλά
3396 2870 3503 2923 κᾶν
3539 2872 3713 2942 ἡμεῖς
3745 2872 3823 2943 μή

2130 2950 2418 3024 δεχώμεθα
2440 2952 2539 3026 τὴν
2567 2953 2877 3019 νουθεσίαν,
2913 2955 3079 3020 αὐτὸς
3108 2956 3209 3029 τὴν
3240 2956 3663 3025 φιλανθρωπίαν
3695 2961 3820 3012 ἐπε-

2128 3040 2402 3099 δείκνυται
2424 3040 2525 3113 τὴν
2567 3041 2783 3097 ἐαυτοῦ.
2816 3044 2879 3098 Εἰ
2911 3043 2968 3097 δὲ
3007 3046 3089 3108 εἰς
3126 3042 3350 3114 μείζονα
3384 3044 3554 3118 [57η
3586 3048 3821 3111 ἑαυτοὺς

2131 3128 2382 3201 ώθοῦμεν
2408 3130 2576 3193 κακά,
2618 3131 2805 3185 οὐκέτι
2843 3129 3006 3185 τοῦτο
3034 3133 3163 3203 παρ’
3188 3133 3360 3187 αὐτὸν
3382 3132 3428 3197 ί,
3457 3134 3521 3186 οὐ
3543 3134 3637 3187 διὰ
3660 3136 3820 3188 τοῦτο

2136 3221 2658 3294 μακροθυμήσαντα,
2710 3223 2797 3276 ἵνα
2823 3221 3188 3293 ἀπολώμεθα,
3236 3222 3353 3277 ἀλλ’
3380 3223 3474 3277 ἵνα
3521 3225 3816 3296 σωθῶμεν,

2132 3310 2268 3364 ἀλλά
2293 3312 2419 3383 παρ’
2447 3312 2597 3382 ἡμᾶς
2619 3313 2746 3375 τοὺς
2778 3310 3174 3382 ἐξυδρίσαντας
3204 3314 3286 3375 εἰς
3314 3311 3419 3384 τὴν
3451 3313 3665 3382 ἄφατον
3700 3317 3767 3367 ἀν
3794 3347 3818 3355 -

2133 3396 2418 3462 εξικακίαν
2467 3398 2654 3453 αὐτοῦ.
2710 3399 2820 3453 Καὶ
2866 3398 3008 3452 οὕτω
3034 3399 3091 3452 δὲ
3138 3399 3242 3470 τῆς
3281 3399 3703 3472 φιλανθρωπίας
3760 3404 3818 3455 τι

2131 3486 2359 3558 ἄπειρον
2385 3485 2682 3542 δείκνυται.
2720 3486 2889 3541 Ὅταν
2914 3486 3024 3557 γάρ
3057 3485 3135 3558 μὴ
3163 3486 3486 3558 θελήσωμεν
3523 3490 3686 3543 αὐτοὶ
3719 3490 3819 3558 τῆς

2132 3573 2335 3645 πολλῆς
2360 3572 2528 3629 αὐτοῦ
2558 3574 2937 3646 μακροθυμίας
2960 3574 3296 3639 ἀπόνασθαι,
3337 3575 3461 3628 τότε
3480 3579 3572 3649 εἰς
3606 3577 3670 3630 τὸ
3707 3580 3820 3630 ἐτέ-

2133 3678 2243 3734 ρων
2277 3663 2303 3702 8
2334 3661 2503 3733 αὐτὴν
2533 3661 2724 3734 τρέπει
2759 3661 2971 3733 κέρδος,
3013 3661 3291 3732 πανταχοῦ
3331 3662 3394 3715 τό
3423 3679 3485 3715 τε
3511 3662 3819 3735 φιλάνθρω-

2132 3766 2234 3803 πον
2258 3749 2396 3821 ὁμοῦ
2424 3751 2521 3804 καὶ
2557 3750 2621 3804 τὸ
2661 3750 2971 3821 εὐμήχανον
3013 3748 3324 3810 ἐπιδεικνύς
3342 3767 3357 3781 ’
3389 3750 3533 3822 ὅπερ
3560 3753 3662 3804 καὶ
3686 3753 3815 3805 τότε

2130 3838 2343 3908 γέγονε.
2380 3839 2490 3893 Καὶ
2530 3841 2560 3893 ό
2598 3838 2699 3909 μέν
2737 3838 3000 3910 τύραννος
3033 3837 3181 3892 οὕτω
3217 3838 3313 3892 τὸν
3354 3838 3471 3909 βίον
3514 3840 3807 3905 κατέλυσε,

2130 3926 2234 3994 τῆς
2257 3926 2315 3980 δέ
2343 3927 2541 3998 μανίας
2572 3926 2761 3994 αὐτοῦ,
2797 3927 2892 3981 καὶ
2928 3926 3032 3998 τῆς
3069 3926 3358 3996 δυνάμεως
3398 3926 3493 3980 τοῦ
3530 3932 3810 4001 μακαρίου

2132 4014 2381 4081 Βαὸύλα,
2435 4013 2665 4086 ἕστηκεν
2695 4016 3065 4086 ὑπομνήματα
3106 4016 3136 4069 ὃ
3174 4031 3237 4067 τε
3267 4014 3405 4079 νεὼς
3436 4017 3532 4070 καὶ
3561 4016 3626 4070 τὸ
3667 4035 3812 4090 μαρ-

2130 4103 2336 4176 τύριον,
2362 4106 2392 4158 ό
2414 4104 2513 4173 μὲν
2541 4102 2744 4181 ἔρημος
2768 4101 2865 4167 ὢν,
2886 4102 2950 4156 τὸ
2975 4103 3035 4156 δὲ
3057 4102 3155 4175 τὴν
3184 4103 3358 4174 αὐτὴν
3376 4102 3502 4173 εχον
3522 4105 3813 4176 ἐνέργειαν

2130 4193 2309 4265 ήνπερ
2341 4193 2436 4246 καὶ
2475 4193 2765 4264 πρότερον.
2812 4193 2878 4245 Ἠ
2917 4191 2973 4245 δὲ
3005 4191 3212 4262 λάρναξ
3245 4191 3432 4245 οὐκέτι
3481 4191 3648 4245 πάλιν
3676 4193 3811 4248 ἀνά-

2131 4298 2308 4350 γεται,
2337 4281 2428 4334 τοῦ
2475 4280 2609 4334 Θεοῦ
2640 4281 2732 4335 καί
2763 4280 2921 4334 τοῦτο
2958 4280 3417 4352 οἰκονομήσαντος
3435 4319 3450 4344 ,
3493 4281 3581 4334 ἵνα
3613 4299 3814 4353 τρανο-

2130 4370 2265 4442 τέρα
2285 4372 2395 4434 τοῖς
2426 4370 2825 4439 ἐπιγινομένοις
2860 4368 3086 4440 γένηται
3122 4369 3231 4422 τῶν
3268 4367 3362 4423 τοῦ
3396 4367 3556 4436 ἁγίου
3610 4388 3813 4441 κατορ·

2132 4459 2398 4531 Οιυμιάιττων
2444 4461 2476 4529 ἡ
2521 4458 2742 4527 γνῶσις·
2780 4457 3052 4521 Ἕκαστος
3098 4457 3211 4528 γὰρ
3258 4455 3367 4511 τῶν
3419 4456 3481 4523 ἐξ
3515 4457 3810 4530 ἀλλοτρίας

2129 4549 2371 4618 ήκόντων
2393 4546 2755 4618 ἐφιστάμενος
2778 4544 2857 4616 τῷ
2884 4545 3057 4616 τόπῳ,
3080 4546 3287 4599 καὶτὸν
3312 4545 3569 4618 μάρτυρα
3605 4545 3811 4617 ζητῶν,

2130 4634 2247 4690 εἶτα
2275 4639 2375 4708 οὐχ
2405 4635 2549 4709 ὁρῶν
2586 4637 2723 4695 ἐκεῖ,
2765 4634 2969 4698 εὐθέως
2998 4635 3093 4687 ἐπὶ
3129 4634 3190 4687 τὸ
3224 4632 3457 4705 ζητῆσαι
3488 4634 3590 4705 τήν
3625 4638 3813 4692 αἰτίαν

2130 4725 2368 4798 ἔρχεται,
2397 4726 2492 4779 καὶ
2519 4724 2664 4779 οὓτω
2693 4726 2873 4779 πᾶσαν
2901 4724 3002 4794 τὴν
3038 4723 3279 4795 ἱστορίαν
3316 4722 3562 4788 ἀκούσας
3592 4725 3806 4792 ἀπεισι,
3858 4718 3859 4723 “

2130 4815 2292 4868 πλέον
2328 4813 2656 4886 κερδάνας-ἢ
2696 4812 2994 4884 πρότερον
3033 4811 3178 4865 οὕτω
3217 4812 3313 4865 καὶ
3352 4815 3807 4885 παραγενόμενος

2125 4906 2193 4974 τῇ
2245 4904 2451 4976 Δάφνῃ,
2486 4902 2583 4956 καὶ
2624 4901 2787 4955 πάλιν
2823 4898 2992 4971 αὐτὴν
3035 4899 3419 4970 ἐγκαταλιπών
3450 4900 3524 4953 τὰ
3567 4903 3806 4973 μέγιστα

2125 4990 2351 5060 ὀνίνησι.

2195 5080 2632 5152 Τοιαύτηήτῶν
2667 5079 2961 5153 μαρτύρων
3014 5081 3188 5151 ἰσχῦς,
3239 5079 3332 5132 καὶ
3386 5078 3650 5145 ζώντων,
3706 5084 3803 5136 καί

2127 5168 2523 5234 τελευτώντων,
2565 5170 2661 5221 καὶ
2690 5174 2875 5232 τόποις
2917 5168 3333 5238 ἐφισταμένων,
3372 5170 3467 5221 καὶ
3504 5168 3672 5222 πάλιν
3708 5171 3805 5223 1’3-

2123 5259 2249 5321 τοὺς
2274 5257 2816 5326 καταλιμπανόντων.
2845 5258 2956 5310 Καὶ
2977 5256 3089 5328 γὰρ
3116 5257 3176 5321 ἐξ
3206 5255 3383 5328 ἀρχῆς
3420 5256 3585 5328 μέχρι
3612 5258 3803 5322 τέλους

2126 5346 2400 5416 συνῆπται
2437 5344 2505 5402 τά
2557 5343 2961 5416 κατορθώματα
3000 5345 3222 5415 συνεχῆ.
3257 5344 3403 5414 Ὅρα
3438 5344 3584 5416 γὰρ,
3626 5346 3803 5416 ήμυνε

2123 5435 2236 5498 τοῖς
2260 5433 2355 5488 τοῦ
2388 5431 2525 5486 Θεοῦ
2550 5433 2737 5504 νόμοις
2771 5432 3169 5503 ὑϐριζομένοις,
3200 5430 3392 5484 ἐλαϐεν
3423 5431 3565 5504 ὑπὲρ
3590 5430 3688 5485 τοῦ
3717 5449 3802 5486 τε·

2121 5521 2511 5593 τελευτηκότος
2548 5520 2739 5592 δίκην,
2791 5521 2858 5592 ἢν
2908 5520 3015 5573 ἔδει
3040 5538 3052 5550 ·
3109 5519 3310 5585 ἔδειξεν
3338 5521 3467 5574 ὅσον
3500 5521 3798 5591 ἱερωσύνης

2122 5612 2215 5662 καὶ
2247 5608 2525 5679 βασιλείας
2547 5608 2608 5662 τὸ
2633 5609 2819 5679 μέσον,
2851 5607 3117 5661 κατέλυσε
3143 5609 3319 5662 πάντα
3343 5608 3437 5661 τὸν
3463 5608 3557 5663 τοῦ
3586 5609 3796 5679 κόσμου

2182 5712 2207 5751 «ἲ
2236 5715 2266 5777 Α
2277 5714 2328 5763 lii
2342 5714 2687 5777 νάποσχόμενοι.
2860 5748 2869 5753 ς

2188 5778 2215 5839 τῇ
2237 5776 2286 5822 in
2311 5776 2477 5824 Murali
2506 5777 2551 5831 ἐξ
2574 5778 2720 5839 ἀρχῆς
2739 5777 2897 5827 deest.

2200 5837 2217 5875 Γ
2247 5840 2342 5887 Alii
2365 5841 2493 5899 παρὰ
2513 5840 2609 5886 τόν.

2193 5902 2217 5940 ὅ
2252 5901 2399 5950 Suul.
2430 5909 2483 5949 ct
2507 5915 2631 5950 unus
2654 5904 2717 5956 εἰς
2740 5902 2792 5950 τὸ
2816 5902 2930 5963 ὑπὲρ
2955 5902 3126 5963 ἐτέρων
