3876 6286
111 322 230 382 569

110 437 320 509 batque
340 478 356 501 ,
397 450 457 492 se
486 444 606 506 post
638 433 870 491 reditum
906 450 1007 491 nos
1030 450 1219 491 omnes
1245 434 1480 491 funditus
1503 435 1712 492 deletu-

111 545 241 586 rutn
285 545 428 586 esse.
482 528 597 584 lloc
622 528 820 600 quippe
865 527 1063 584 bellum
1109 528 1325 584 Persico
1359 528 1463 584 sibi
1504 529 1718 598 gravius

111 623 399 679 videbatur
419 661 439 688 ,
486 621 628 678 unde
655 622 803 691 prius
833 621 1080 677 confecto
1108 622 1345 687 minore,
1388 630 1516 677 tunc
1542 620 1717 691 majus

110 714 221 769 hoc
251 714 352 769 sibi
379 711 777 783 suscipiendum
803 727 923 767 esse
950 712 1190 782 putabat.
1216 711 1344 767 Haec
1373 727 1533 782 porro
1551 711 1709 766 nobis

111 804 497 861 renuntiarunt
526 805 583 872 ii,
605 805 695 876 qui
728 804 827 874 ipsi
855 820 885 858 a
916 805 1155 859 consiliis
1184 804 1584 860 erant.'Contra
1615 818 1717 858 nos

115 897 289 967 igitur
321 894 504 952 furore
531 896 761 962 ardens,
796 904 851 951 et
878 895 1114 967 quotidie
1137 895 1205 950 ad
1247 894 1506 966 majorem
1540 894 1716 950 elatus

106 980 383 1047 insaniam
403 1031 420 1055 ,
452 1004 742 1059 numquam
771 990 823 1043 in
849 988 1035 1043 eadem
1062 988 1326 1044 sententia
1356 987 1711 1058 persistebat;

105 1081 210 1136 sed
262 1083 444 1152 priore
478 1080 704 1135 consilio
753 1079 926 1149 posito
954 1093 1140 1132 rursus
1166 1078 1319 1132 nobis
1345 1076 1717 1148 persequutio-

107 1189 243 1228 nem
271 1174 595 1229 minabatur.
644 1172 778 1228 Cum
803 1187 933 1226 vero
962 1172 1103 1227 Deus
1129 1172 1276 1226 illum
1313 1185 1563 1226 coercere
1581 1210 1597 1237 ,
1628 1185 1717 1223 ar-

106 1264 446 1334 dentemque
487 1263 845 1332 comprimere
885 1262 1084 1328 vellet,
1135 1262 1237 1317 hoc
1277 1261 1455 1317 denuo
1504 1261 1715 1331 signum

107 1356 348 1420 induxit,
385 1355 492 1426 igni
520 1356 574 1410 in
602 1353 856 1423 templum
890 1354 1138 1425 Daphnes
1169 1353 1430 1407 immisso.

185 1449 282 1504 23.
315 1449 409 1503 ille
432 1461 561 1503 vero
590 1461 659 1500 ne
682 1450 760 1500 sic
789 1445 1005 1516 quidem
1044 1444 1277 1500 furorem
1317 1444 1561 1508 sedavit,
1606 1444 1717 1498 imo

110 1539 301 1608 potius
328 1553 450 1594 cum
475 1537 551 1594 rei
586 1545 787 1592 nostrae
823 1535 1163 1593 devastandze
1189 1536 1440 1607 cupidine
1471 1535 1712 1594 disrum-

112 1638 371 1699 peretur,
418 1644 488 1684 ne
511 1628 726 1700 quidem
755 1637 963 1698 tempus
981 1669 997 1694 ,
1040 1627 1181 1698 quod
1209 1627 1585 1682 comminando
1613 1626 1716 1681 sibi

114 1723 498 1793 praestituerunt,
525 1723 882 1793 exspectavit;
910 1721 1002 1777 sed
1035 1721 1358 1792 Euphratem
1377 1719 1713 1790 trajecturus,

110 1813 185 1867 de
225 1813 486 1869 militibus
519 1812 947 1883 eXperimentum
977 1811 1219 1866 sumebat
1246 1829 1261 1865 :
1306 1824 1370 1866 ac
1396 1809 1714 1881 quibusdam

114 1919 347 1960 numero
404 1905 586 1976 paucis
637 1904 942 1960 adulatione
994 1904 1296 1975 corruptis,
1358 1912 1715 1974 repugnantes

113 1998 220 2054 sibi
270 2012 601 2068 nequaquam
654 1996 892 2062 remisit,
931 1995 1131 2051 veritus
1172 2011 1241 2049 ne
1286 1994 1331 2051 si
1376 2005 1598 2050 caeteros
1628 2008 1716 2050 se-

113 2101 392 2161 gregasset
413 2130 430 2159 ,
476 2089 791 2145 debiliorem
818 2097 1003 2143 contra
1040 2086 1229 2143 Persas
1261 2085 1560 2141 exercitum
1589 2084 1715 2142 red-

116 2182 295 2237 deret.

185 2271 430 2327 Juh'amts
456 2272 513 2326 in
540 2270 747 2326 Persico
776 2268 904 2325 bello
930 2269 1079 2341 perit.
1124 2297 1199 2310 -—
1226 2268 1357 2336 Quis
1400 2267 1556 2322 nobis
1597 2281 1716 2337 qua

115 2366 246 2422 hinc
268 2373 596 2436 consequuta
626 2375 750 2420 sunt
775 2371 1088 2430 recenseat,
1128 2361 1285 2432 longe
1308 2361 1623 2416 terribiliora
1649 2360 1716 2416 iis

114 2475 238 2531 qua:
269 2460 319 2514 in
344 2460 559 2515 deserto
587 2500 603 2526 ,
646 2473 766 2530 quze
795 2458 848 2512 in
877 2457 1031 2523 mari,
1079 2471 1199 2527 quae
1229 2456 1280 2510 in
1312 2454 1545 2527 Egypto
1565 2498 1579 2520 ,
1607 2470 1715 2525 quo

116 2563 366 2620 tempore
393 2550 670 2605 induratus
699 2550 787 2604 ille
805 2548 1015 2604 Pharao
1040 2547 1390 2620 plectebatur,
1419 2562 1714 2617 omnesque

112 2644 207 2698 alii
225 2643 701 2714 submergebantur
717 2644 742 2696 Ἰ
767 2642 1222 2712 Quemadmodum
1247 2644 1386 2699 enim
1413 2653 1556 2711 tunc,
1577 2652 1716 2714 post-

111 2754 279 2807 quam
313 2738 472 2792 nullis
511 2737 815 2807 hujusmodi
845 2735 1239 2791 calamitatibus
1262 2735 1458 2792 cedere
1483 2775 1498 2799 ,
1540 2750 1713 2806 neque

114 2830 437 2899 resipiscere
466 2830 629 2886 voluit
669 2828 982 2900 Egyptius,
1012 2829 1224 2885 tandem
1252 2829 1398 2883 illum
1429 2829 1566 2884 Deus
1588 2843 1710 2884 cum

114 2924 328 2992 reliquo
357 2922 591 2978 exercitu
621 2922 851 2992 perdidit
881 2939 895 2974 :
928 2922 999 2976 ita
1025 2930 1080 2977 et
1107 2936 1250 2976 nunc
1273 2961 1289 2988 ,
1324 2931 1604 2991 postquam
1642 2920 1711 2975 ad

114 3017 297 3071 omnia
323 3016 418 3071 Dei
446 3015 687 3089 prodigia
710 3013 1049 3086 impudenter
1075 3014 1163 3069 ille
1184 3014 1442 3080 constitit,
1471 3012 1712 3084 nihilque

115 3106 246 3166 inde
285 3107 417 3162 lucri
467 3107 738 3177 percepit,
786 3106 882 3161 sed
929 3106 1045 3160 sine
1074 3103 1454 3159 emendatione
1492 3103 1709 3165 mansit,

115 3200 377 3256 extremis
406 3199 555 3254 illum
602 3199 742 3254 Deus
767 3197 923 3253 malis
949 3197 1204 3263 involvit,
1246 3206 1332 3262 ut,
1377 3196 1713 3268 quandoqui-

116 3290 242 3346 dem
274 3290 365 3344 ille
397 3290 623 3345 aliorum
651 3289 1043 3345 calamitatibus
1078 3287 1144 3342 ad
1183 3288 1459 3343 meliorem
1503 3287 1709 3358 frugem

116 3381 306 3436 reduci
336 3382 598 3445 uoluerat,
625 3380 741 3451 ejus
765 3380 928 3435 exitio
951 3379 1133 3435 caeteri
1152 3380 1583 3434 emendarentur.
1610 3379 1712 3446 Qui

118 3473 265 3528 enim
312 3480 391 3526 tot
436 3470 665 3526 militum
714 3470 979 3542 myriadas
1025 3469 1311 3536 eduxerat,
1357 3480 1486 3541 quot
1534 3470 1713 3526 nullus

118 3572 277 3619 antea
304 3566 713 3633 imperatorum,
746 3572 1017 3632 totamque
1042 3562 1316 3618 Persidem
1344 3563 1558 3618 incursu
1575 3580 1704 3633 quo-

118 3656 244 3711 dam
272 3665 331 3710 et
360 3657 476 3710 sine
503 3654 699 3710 sudore
733 3670 794 3710 se
819 3664 1096 3726 capturum
1124 3656 1393 3725 sperabat,
1417 3656 1487 3709 ita
1518 3656 1713 3711 misere

119 3757 177 3802 et
203 3746 490 3801 infeliciter
515 3762 627 3801 rem
658 3747 842 3817 gessit,
873 3761 937 3801 ac
962 3746 1006 3801 si
1038 3747 1321 3802 mulierum
1350 3746 1432 3800 vel
1461 3746 1712 3816 parvulo-

120 3855 242 3894 rum
271 3839 449 3908 potius
469 3879 483 3904 ,
511 3855 669 3910 quam
701 3839 935 3893 virorum
963 3840 1258 3894 exercitum
1287 3852 1468 3894 secum
1493 3838 1711 3893 habuis-

120 3944 227 3988 set.
291 3932 528 3987 Primum
569 3948 799 4003 namque
826 3931 949 3987 illos
977 3932 1185 3986 consilii
1210 3931 1388 4001 inopia
1418 3931 1473 3985 in
1513 3940 1711 3984 tantam

122 4027 499 4083 necessitatem
524 4025 720 4095 adegit,
750 4033 808 4079 ut
835 4025 1045 4095 equinis
1066 4024 1317 4079 carnibus
1343 4032 1710 4089 vescerentur,

123 4129 181 4173 et
203 4118 293 4171 alii
326 4117 498 4184 fame,
534 4117 620 4170 alii
648 4116 736 4170 siti
758 4116 1059 4186 absumpti,
1089 4114 1346 4185 perirent.
1378 4112 1540 4180 Quasi
1569 4113 1712 4168 enim

126 4211 184 4266 in
214 4210 498 4265 Persarum
526 4210 750 4279 gratiam
790 4209 1083 4264 exercitum
1130 4220 1289 4278 agere
1311 4245 1329 4272 ,
1374 4220 1438 4262 ac
1463 4219 1569 4261 non
1594 4205 1715 4261 illos

123 4317 343 4374 capere,
382 4302 478 4356 sed
520 4316 645 4356 suos
675 4299 902 4371 prodere
929 4298 1131 4363 vellet,
1163 4299 1241 4353 sic
1269 4298 1323 4352 in
1347 4305 1569 4368 angusta
1599 4297 1711 4351 loca

124 4395 410 4459 conclusit,
434 4408 498 4448 ac
521 4402 722 4448 tantum
744 4406 850 4446 non
870 4390 1081 4446 vinctos
1097 4389 1236 4446 hosti
1267 4388 1500 4444 tradidit.
1515 4387 1715 4443 Omnt-s

127 4501 290 4556 porro
312 4500 431 4554 (pne
468 4484 576 4539 illic
599 4485 870 4553 contigere
913 4482 1244 4537 calamitates
1263 4523 1279 4548 ,
1318 4495 1387 4537 ne
1410 4494 1475 4535 ex
1506 4480 1571 4534 iis
1599 4479 1717 4549 qui-

123 4579 272 4641 dem.
299 4576 390 4647 qui
421 4576 562 4631 illam
590 4575 835 4631 viderunt
861 4583 917 4630 et
944 4575 1148 4645 experti
1176 4584 1321 4637 sunt,
1354 4573 1530 4644 possit
1569 4572 1715 4642 quis-

126 4670 268 4739 piam
296 4682 614 4734 receusere,
656 4667 727 4721 ita
754 4681 968 4721 omnem
1001 4665 1216 4721 modum
1242 4672 1578 4734 superarunt.
1608 4663 1711 4719 Sed

125 4770 184 4817 ut
210 4761 515 4816 summatim
546 4760 718 4815 dicam
744 4801 759 4826 ,
789 4759 882 4813 illo
905 4759 1127 4828 turpiter
1151 4773 1214 4812 ac
1240 4758 1442 4824 misere
1460 4766 1671 4812 mortuo
1696 4775 1709 4809 :

123 4856 215 4910 alii
240 4856 384 4912 enim
417 4854 601 4910 dicunt
641 4853 787 4908 illum
831 4868 860 4906 a
890 4853 1075 4908 calone
1120 4848 1350 4921 quodam
1371 4891 1387 4915 ,
1425 4849 1493 4904 de
1526 4852 1712 4903 rerum

122 4959 267 5004 statu
314 4947 643 5020 indignante,
701 4961 1008 5016 percussum
1057 4944 1355 5008 cecidisse;
1408 4943 1498 4996 alii
1552 4943 1714 4997 inter-

126 5040 385 5095 iectorem
415 5056 519 5093 non
568 5038 812 5116 novisse.
859 5038 954 5093 sed
1003 5036 1370 5091 tantummodo
1402 5049 1711 5104 percussum

122 5134 311 5188 dicunt
352 5148 566 5203 rogasse
612 5141 668 5186 ut
713 5132 765 5186 in
811 5132 995 5186 Cilicia
1039 5130 1384 5200 sepeliretur,
1436 5128 1525 5182 nhi
1574 5143 1714 5183 nunc

119 5225 264 5296 jacet
294 5241 310 5279 :
335 5239 458 5279 cum
489 5224 665 5294 itaque
704 5223 783 5278 sic
809 5222 894 5279 ille
918 5222 1141 5289 turpiter
1167 5221 1482 5283 cecidisset.
1516 5220 1715 5275 milites

123 5332 183 5372 se
208 5317 263 5371 in
289 5317 547 5370 extremis
574 5320 893 5370 constitutos
931 5329 1053 5369 esse
1099 5322 1383 5367 cernentes
1406 5351 1424 5377 ,
1474 5311 1714 5365 hostibus

122 5406 397 5475 supplices
424 5405 685 5460 accedunt
708 5446 724 5469 ,
751 5405 997 5473 datisque
1017 5402 1352 5473 juramt‘ntis,
1388 5417 1446 5457 se
1474 5402 1712 5455 omnium

124 5497 488 5552 munitissimo
518 5497 765 5565 pnesidio
792 5509 1060 5558 cessuros,
1089 5493 1229 5563 quod
1254 5493 1478 5559 partium
1507 5501 1717 5546 nostra-

125 5605 243 5644 rum
289 5604 391 5646 ceu
442 5602 627 5643 murus
672 5596 789 5643 erat
838 5584 1294 5656 inexpugnabilis,
1347 5583 1714 5653 humanosque

128 5685 265 5739 nacti
299 5681 599 5745 barbaros,
647 5680 725 5736 sic
769 5687 1084 5742 evaserunt,
1129 5693 1195 5732 ex
1238 5675 1525 5745 multisque
1559 5675 1713 5746 pauci

130 5779 524 5847 rcuiigratunt,
559 5772 650 5830 sed
675 5771 877 5830 allectis
897 5770 1230 5844 corporibus,
1262 5769 1328 5827 de
1358 5769 1487 5827 inito
1514 5770 1713 5828 ﬁndere

920 320 1008 378 DE
1048 323 1108 378 S.
1150 321 1446 390 BABYLA,
1484 321 1759 380 CONTRA
1799 323 2138 382 JULIANUM
2176 324 2267 382 ET
2303 323 2667 383 GENTILES.

3304 332 3408 390 570

1827 434 2112 506 pudefactl,
2139 437 2623 509 perjusjurandum
2648 453 2777 494 vero
2800 438 2969 496 coacti
2991 441 3229 512 paternis
3254 441 3408 498 bonis

1824 528 2041 584 cedere.
2073 528 2375 600 Videreque
2417 539 2532 586 erat
2559 531 2746 602 quavis
2774 532 3081 599 captivitate
3126 532 3409 588 miserabi-

1824 620 1928 675 lius
1959 622 2319 691 spectaculum
2355 639 2368 675 :
2398 638 2520 678 nam
2546 622 2697 678 urbis
2739 623 2882 678 illius
2925 626 3106 691 cives,
3147 640 3179 680 a
3216 624 3411 694 quibus

1821 719 2479 789 gratiam‘exspeetabant,
2530 718 2673 789 quod
2706 718 2874 773 instar
2901 718 3280 789 prepugnacnli
3314 734 3410 790 po-

1822 809 1911 863 siti
1939 823 2034 865 eos
2062 824 2272 893 ompes,
2300 810 2391 880 qui
2413 811 2546 864 intra
2574 809 2672 864 hos
2700 809 2898 873 limites
2925 821 3109 865 essent
3131 851 3147 878 ,
3170 811 3321 880 quasi
3357 810 3410 864 in

1824 908 1978 969 portu
2007 900 2446 967 constituissent,
2490 916 2587 970 pro
2611 900 2859 973 omnibus
2889 915 3107 970 semper
3131 900 3199 955 ad
3228 900 3411 955 omnia
3434 966 3449 973 κ

1824 989 2059 1058 pericula
2078 991 2294 1060 objecti,
2325 992 2393 1046 ab
2420 991 2608 1046 iisdem
2636 990 2847 1045 hostilia
2876 992 3019 1061 passi
3046 999 3193 1056 sunt,
3222 1000 3277 1044 et
3305 991 3405 1045 do-

1822 1079 1997 1137 mibus
2024 1082 2276 1138 cedentes
2305 1093 2359 1138 et
2383 1084 2523 1153 agris
2547 1125 2561 1150 ,
2587 1093 2641 1139 et
2668 1099 2695 1136 a
2721 1082 2955 1153 paternis
2981 1082 3408 1152 possessionibus

1821 1172 1990 1227 avulsi
2015 1214 2031 1238 ,
2062 1189 2163 1244 qua
2193 1174 2495 1230 calamitate
2520 1189 2550 1228 a
2578 1175 2688 1230 suis
2716 1174 2889 1230 affecti
2922 1185 3067 1230 sunt.
3115 1174 3269 1231 Hunc
3309 1190 3407 1230 nos

1822 1264 2049 1320 fructum
2069 1269 2137 1320 ab
2161 1268 2374 1338 egregio
2396 1265 2716 1337 lmperatore
2741 1267 3095 1336 percepimus.
3118 1269 3236 1322 Haec
3247 1281 3408 1337 porro

1822 1372 1928 1413 non
1956 1367 2158 1414 temere
2182 1360 2318 1413 dicta
2346 1369 2471 1413 sunt
2488 1400 2503 1423 ,
2534 1358 2629 1413 sed
2655 1368 2711 1412 ut
2740 1359 3183 1427 responderemus
3204 1359 3292 1425 iis,
3315 1360 3405 1429 qui

1820 1459 2157 1519 quaererent,
2208 1465 2303 1504 cur
2348 1465 2452 1503 non
2491 1449 2560 1502 ah
2604 1449 2758 1503 initio
2797 1448 2864 1504 de
2910 1449 3234 1519 lmperatorc
3264 1450 3406 1505 Deus

1820 1556 2006 1612 poenas
2029 1542 2333 1612 sumpserit.
2377 1541 2527 1595 illum
2554 1542 2695 1596 enim
2721 1542 2868 1596 rabie
2894 1542 3111 1596 ductum
3139 1557 3284 1612 stupe
3309 1557 3404 1595 vo-

1820 1636 1919 1691 luit
1943 1636 2011 1691 ab
2036 1636 2290 1692 ulteriore
2315 1637 2519 1706 impetu
2545 1650 2817 1698 coercere,
2847 1635 3254 1705 alienorumque
3282 1649 3405 1689 ma-

1820 1726 1992 1782 lorum
2019 1727 2265 1798 exemplo
2289 1726 2577 1782 emendare
2610 1743 2622 1779 :
2656 1725 2775 1797 quia
2798 1740 2927 1780 vero
2953 1725 3041 1780 ille
3064 1725 3402 1794 repugnavit.

1820 1817 1872 1871 in
1902 1826 2138 1873 extrema
2164 1833 2286 1873 eum
2331 1817 2468 1871 mala
2505 1816 2733 1885 conjecit
2764 1833 2777 1869 :
2815 1826 2997 1871 veram
3036 1814 3248 1887 quidem
3275 1828 3404 1885 pee-

1818 1917 2059 1962 catorum
2105 1907 2360 1963 ultionem
2397 1908 2448 1962 in
2477 1923 2723 1978 magnum
2751 1908 2899 1962 illum
2929 1907 3070 1962 diem
3099 1920 3401 1973 reservans,

1822 1999 2068 2068 praesenti
2111 2014 2241 2055 vero
2268 2014 2423 2070 pmua
2450 2001 2751 2070 supiniores
2779 2000 3016 2055 excitans
3045 2008 3098 2055 et
3121 1999 3188 2054 ad
3216 1999 3401 2054 melio-

1820 2106 1932 2146 rem
1957 2090 2158 2163 frugem
2186 2092 2467 2147 reducens.
2516 2091 2682 2146 Tanta
2710 2092 2852 2146 enim
2873 2100 2956 2146 est
2981 2091 3072 2144 Dei
3102 2089 3401 2153 tolerantia,

1818 2192 1878 2236 ut
1904 2183 1995 2253 qui
2022 2198 2084 2236 ea
2123 2198 2226 2237 non
2257 2191 2403 2237 recte
2447 2192 2697 2246 utuntur,
2750 2198 2844 2237 eos
2891 2181 3136 2251 graviore
3188 2182 3400 2236 tandem

1820 2288 1975 2344 poena
1997 2272 2193 2328 alliciat
2220 2290 2233 2326 :
2263 2288 2327 2327 ac
2353 2272 2800 2343 quemadmodum
2831 2272 3208 2343 paenitentibus
3235 2273 3402 2336 utilis,

1817 2367 1889 2422 ita
1919 2366 2284 2436 pervicacibus
2307 2374 2362 2421 et
2388 2364 2669 2421 obstinatis
2710 2364 2928 2433 majoris
2970 2363 3213 2434 supplicii
3240 2377 3400 2419 causa

1818 2457 2013 2513 evadit.
2060 2456 2211 2525 Quod
2238 2456 2284 2512 si
2314 2455 2434 2527 quis
2462 2454 2604 2510 dicat
2629 2472 2643 2510 :
2674 2454 2811 2529 Quid
2843 2454 3038 2524 igitur?
3063 2469 3237 2508 annon
3265 2469 3401 2521 pra:-

1818 2551 2023 2606 viderat
2051 2550 2189 2604 Deus
2211 2547 2324 2604 fore
2347 2590 2362 2616 ,
2401 2558 2458 2602 ut
2488 2556 2746 2619 tyrannus
2773 2561 3063 2618 numquam
3092 2543 3405 2601 emendare-

1817 2642 1935 2697 tur‘l
1987 2639 2110 2696 huic
2153 2639 2627 2709 respondebimus,
2675 2638 2986 2709 prmvidisse
3017 2635 3232 2707 quidem
3257 2676 3272 2699 ,
3305 2633 3397 2689 sed

1816 2747 2104 2803 numquam
2152 2732 2371 2802 prop’ter
2409 2731 2626 2785 malitia
2659 2738 2856 2784 nostra:
2884 2728 3255 2799 prtevisionem
3280 2740 3402 2781 ces-

1815 2832 2053 2878 saturum
2081 2836 2200 2878 esse
2223 2837 2343 2893 qua
2367 2822 2435 2876 ad
2462 2836 2521 2877 se
2556 2829 2803 2891 spectant
2836 2821 3033 2875 facere.
3073 2818 3271 2874 Verum
3300 2816 3402 2872 etsi

1815 2931 1916 2970 nos
1951 2914 2367 2970 admonitionem
2396 2928 2503 2968 non
2534 2912 2876 2966 admittamus
2897 2951 2910 2976 ,
2944 2910 3035 2965 ille
3060 2907 3404 2963 nihilominus

1814 3005 2192 3076 benignitatem
2234 3018 2383 3057 suam
2422 3003 2791 3068 demoostrat;
2819 3000 2900 3055 sin
2927 3000 3087 3054 etiam
3119 3000 3170 3051 in
3203 2997 3400 3066 majora

1815 3095 2168 3167 impingatnus
2195 3096 2352 3161 mala,
2382 3094 2513 3148 nihil
2537 3094 2638 3149 hoc
2661 3092 2729 3147 ad
2757 3106 2878 3147 eum
2905 3099 3148 3159 Spectat,
3169 3088 3258 3159 qui
3298 3102 3402 3142 non

1816 3187 1937 3242 ideo
1966 3201 2064 3241 nos
2089 3194 2369 3256 peccantes
2393 3185 2484 3241 diu
2513 3184 2633 3239 tulit
2659 3192 2718 3238 ut
2742 3184 3073 3254 periremus,
3103 3178 3200 3235 sed
3228 3188 3285 3233 ut
3306 3192 3398 3232 sa-

1815 3278 1981 3335 lutem
2021 3293 2510 3350 consequeremur;
2559 3291 2747 3332 verum
2787 3282 2968 3330 nostra
3011 3274 3166 3343 culpa
3204 3271 3404 3337 evenit,

1815 3371 1904 3441 qui
1936 3369 2255 3426 inell'abilem
2289 3369 2407 3440 ejus
2452 3369 2787 3424 tolerantiam
2815 3367 3181 3436 despeximus.
3219 3366 3398 3434 Atque

1815 3464 1888 3518 ita
1934 3462 2195 3519 immensa
2221 3462 2338 3533 ejus
2382 3462 2677 3533 benignitas
2714 3459 3035 3515 declaratur.
3079 3457 3211 3514 Cum
3258 3458 3401 3512 enim

1816 3556 2065 3610 nolumus
2104 3569 2294 3626 magna
2319 3553 2437 3624 ejus
2474 3552 2579 3607 frui
2605 3552 2856 3623 patientia
2881 3592 2897 3617 ,
2931 3560 3054 3605 tunc
3082 3564 3199 3605 eam
3228 3548 3318 3603 ille
3349 3548 3400 3601 in

1815 3648 2041 3703 aliorum
2072 3649 2275 3703 lucrum
2303 3647 2585 3711 convertit,
2619 3644 2812 3715 ubique
2838 3643 2992 3698 simul
3020 3641 3400 3711 benignitatem

1816 3753 1871 3797 et
1895 3740 2167 3796 solertiam
2192 3752 2342 3791 suam
2383 3736 2634 3807 prodens.
2680 3733 2832 3802 Quod
2856 3733 3016 3787 etiam
3054 3742 3176 3785 tunc
3204 3730 3401 3784 factum

1817 3843 1921 3891 est.
1971 3833 2040 3888 Et
2083 3840 2340 3903 tyrannus
2365 3829 2583 3900 quidem
2611 3828 2690 3883 sic
2714 3829 2876 3882 vitam
2903 3824 3133 3888 clausit;
3174 3837 3242 3877 ac
3290 3832 3401 3875 tum

1818 3927 2038 3982 insaniae
2077 3926 2232 3994 ejus,
2284 3933 2394 3979 tum
2441 3923 2657 3993 Babylaa
2696 3920 2905 3975 virtutis
2941 3927 3281 3974 monumenta
3311 3931 3405 3971 ex-

1816 4027 1959 4075 stant
1999 4035 2012 4070 :
2047 4016 2299 4086 templum
2324 4055 2340 4080 ,
2392 4014 2518 4068 item
2545 4022 2600 4067 et
2640 4009 2983 4082 martyrium,
3032 4006 3159 4061 illud
3185 4005 3398 4076 quidem

1817 4111 2105 4175 desertum,
2133 4108 2233 4162 hoc
2253 4106 2496 4163 eamdem
2524 4119 2682 4175 quam
2710 4103 2855 4173 prius
2872 4102 3118 4155 virtutem
3142 4098 3401 4153 retinens.

1817 4202 1991 4272 Capsa
2017 4212 2195 4255 autem
2225 4214 2331 4252 non
2362 4197 2500 4252 ultra
2528 4193 2756 4250 refertur
2775 4234 2790 4261 ,
2834 4192 2946 4246 Deo
2974 4190 3044 4245 ita
3072 4187 3398 4259 providente.
3448 4232 3453 4249 ι

1817 4301 1876 4347 ιιι
1894 4289 2302 4347 adventantibus
2320 4288 2514 4345 clarior
2538 4284 2747 4357 Babylae
2767 4291 3034 4354 gestorum
3063 4279 3248 4336 notitia
3278 4293 3400 4334 eva-

1818 4384 1930 4440 dat.
1977 4382 2226 4452 Quisquis
2251 4380 2393 4437 enim
2422 4378 2735 4449 peregrinus
2765 4377 2939 4431 locum
2965 4374 3150 4428 adiens
3177 4383 3230 4429 et
3260 4387 3398 4425 mar-

1819 4485 1989 4547 tyrem
2017 4489 2288 4545 quavrens,
2317 4486 2439 4526 cum
2466 4471 2612 4524 illttm
2637 4467 2829 4524 abesse
2856 4465 3038 4531 videt,
3069 4464 3246 4519 statim
3273 4478 3403 4517 cau-

1817 4587 1930 4626 sam
1958 4570 2276 4632 sciscitatur,
2304 4575 2357 4620 et
2378 4566 2456 4620 sic
2472 4571 2633 4618 totam
2649 4561 2870 4617 edoctus
2888 4557 3162 4613 historiam
3181 4553 3400 4618 recedit,

1818 4663 2022 4732 majus,
2068 4676 2227 4731 quam
2261 4659 2444 4731 prius,
2491 4655 2694 4710 lucrum
2728 4660 3043 4723 reportans;
3090 4649 3169 4704 sic
3213 4656 3269 4703 et
3300 4647 3404 4701 Da-

1819 4756 1996 4827 phnen
2025 4755 2337 4819 adventans,
2368 4759 2423 4806 et
2444 4750 2565 4805 inde
2590 4747 2867 4816 recedens,
2895 4745 3180 4800 maximam
3208 4742 3408 4799 utilitao

1820 4857 1926 4903 tem
1959 4847 2207 4916 percipit.

1890 4938 2177 5009 Martyrum
2207 4948 2310 4989 tam
2336 4935 2588 4994 vivorum,
2616 4947 2769 5007 quam
2796 4939 3112 4984 mortuorum
3138 4927 3313 4980 uirtus.
3341 4952 3409 4964 -——

1819 5029 1896 5085 Ea
1940 5037 2022 5084 est
2061 5037 2351 5097 martyrum
2397 5024 2602 5089 virtus,
2650 5021 2935 5076 viventium
2959 5058 2975 5082 ,
3031 5027 3361 5072 mortuorum
3388 5050 3406 5077 ,

1820 5119 2160 5192 praesentium
2204 5117 2370 5182 locis,
2410 5113 2730 5170 absentium.
2782 5111 2991 5166 Etenim
3034 5108 3102 5162 ab
3145 5105 3294 5160 initio
3342 5104 3408 5159 atl

1821 5217 1981 5269 tinem
2035 5212 2153 5280 ejus
2196 5211 2423 5264 facinora
2471 5206 2717 5262 continua
2766 5205 2915 5274 quasi
2964 5202 3104 5257 serie
3160 5197 3408 5265 copulata

1821 5306 1989 5361 fuere.
2045 5305 2098 5360 Si
2146 5303 2441 5374 perpendas
2488 5301 2665 5365 enim,
2714 5298 2935 5352 violatas
2966 5294 3057 5349 Dei
3086 5293 3231 5362 leges
3261 5290 3404 5344 ultus

1821 5410 1903 5455 est
1925 5439 1941 5463 ,
1991 5415 2089 5470 pro
2117 5398 2294 5450 occiso
2322 5394 2529 5449 debitas
2557 5404 2742 5460 pmuas
2777 5389 2999 5456 sumpsit
3024 5424 3040 5449 ,
3088 5393 3284 5453 quanta
3337 5382 3407 5436 sit

1821 5489 2176 5545 sacerdotium
2209 5488 2346 5541 inter
2391 5493 2445 5539 et
2488 5483 2768 5549 imperium
2795 5476 3090 5532 differentia
3127 5472 3359 5527 ostendit
3387 5513 3404 5536 ,

1827 5584 2009 5641 mundi
2042 5583 2232 5636 fasmm
2261 5594 2474 5633 omnem
2512 5573 2783 5635 dissolvit,
2816 5569 2994 5624 mundi
3018 5574 3263 5639 pompam
3292 5567 3406 5621 cal-

1822 5678 1994 5743 cavit,
2040 5674 2389 5743 Imperatorcs
2433 5665 2648 5730 docuit,
2708 5678 2777 5720 ne
2805 5659 2943 5717 ultra
2973 5675 3277 5715 mensuram
3305 5658 3405 5721 sibi

1824 5784 1854 5824 a
1883 5768 1993 5826 Deo
2035 5763 2393 5838 praescriptam
2436 5763 2751 5831 potestatem
2792 5752 3177 5820 extenderent,
3223 5765 3396 5805 sacer-
