3876 6286
3684 260 3851 365 sui

3846 382 3852 433 ἐ

490 310 589 364 571
1195 314 1253 381 S.
1291 311 1567 370 JOANNIS
1603 266 2077 371 CIIRYSOSTdMI
2113 315 2428 371 ABCHIEP.
2468 316 3002 375 CONSTANTINOP.

493 427 643 482 dotes
670 424 851 483 docuit
869 468 885 492 ,
931 435 988 481 ut
1007 422 1059 481 in
1086 426 1189 481 hoc
1214 426 1508 497 principatu
1555 440 1785 495 praeesse
1811 435 2072 495 oporteat.

495 517 560 572 Et
589 517 702 572 haec
730 516 944 587 quidem
975 517 1160 586 hisque
1184 517 1336 585 plura
1365 517 1492 570 dum
1520 516 1570 570 in
1597 514 1758 571 carne
1777 526 1920 578 esset
1947 534 1961 570 :
1986 516 2074 570 ubi

494 616 668 660 autem
722 607 843 661 hinc
886 607 1198 676 emigravit,
1243 606 1505 661 dtcnionis
1566 606 1727 661 robur
1771 608 2074 673 enervavit,

493 699 768 767 gentilium
807 699 1062 753 fallaciam
1089 697 1412 775 confutavit,
1456 696 1690 753 vaticinii
1727 700 2077 769 nugacitatem

493 794 731 859 detexit,
783 793 899 862 ejus
951 794 1149 849 larvam
1202 793 1494 857 contrivit,
1543 793 1905 847 histrionicum
1961 794 2080 861 ejus

493 900 707 938 onmem
748 884 948 939 detexit
973 895 1177 951 artem,
1228 898 1351 938 eum
1377 885 1466 952 qui
1498 884 1548 937 in
1578 899 1639 937 ea
1668 897 1900 953 praeesse
1936 883 2083 936 vide-
2234 919 2250 950 ι
2280 919 2331 967 1η
2353 919 2450 967 ﬁne
2474 917 2887 981 opusculisam.
2911 925 2967 968 et
2983 933 3117 968 unus
3135 918 3326 977 codex,
3348 921 3466 983 post
3484 920 3787 970 dmum
3844 883 3852 965 λ

492 987 644 1047 retur
698 977 1066 1031 obmutescere
1113 991 1329 1048 cogens.
1394 991 1459 1031 ac
1513 990 1700 1045 magna
1750 974 2081 1029 vehementia
2169 976 2401 1050 principi,
2425 974 2694 1050 habebant;
2711 983 2927 1050 Regnum
2942 980 3071 1050 enim
3088 987 3133 1031 et
3150 974 3616 1050 virtussiiliusJesu
3631 981 3787 1032 Chri—

490 1043 823 1135 υρρὶίιιιεηε-
875 1066 1029 1121 Stant
1071 1039 1332 1135 hodieque
1377 1065 1558 1133 templi
1616 1064 1751 1118 ιιιυνί
1774 1105 1789 1129 ν
1827 1063 2084 1116 δειεηιουίε
2170 1039 3787 1135 ξ’έῖῗῗῗῖιῗίξξέῗίῗῖἴέὶ.ἕξῗῖῗῖἒῖἷῖέίέῖἒρέθξξῗ.2ί2⁷ξῗ,;ῗ,¹ῗῖἶέξῗη¹ῗηξῗὲἷῗ’

494 1103 823 1170 ξ’νν
875 1103 1044 1170 ⁵’”“¹¹¹ξ,
1071 1103 1341 1170 ’⁸“¹““’“¹“ζ’,
1378 1103 1558 1170 ⁵⁹¹ξΨ¹⁸
1616 1103 1751 1167 ¹ξ“”“¹
1774 1103 2083 1170 ’,ξ’“⁴“”ζ”έ”“’
2171 1110 2245 1170 tre
2264 1110 2308 1153 el
2328 1104 2771 1170 cowtetjuoSpiritu
2791 1105 2840 1154 in
2858 1103 3046 1170 iri/inita
3063 1103 3238 1170 sterilia
3249 1107 3572 1170 surculorum.
3600 1115 3780 1159 Amen.

494 1157 838 1228 ignominiam
884 1158 1130 1213 omnibus
1180 1157 1560 1228 praedicantes,
1607 1157 1773 1212 risum
1802 1157 1930 1210 item
1972 1157 2075 1209 im-
2176 1167 2298 1224 Quae
2322 1180 2354 1214 ι
2371 1166 2587 1228 quodam
2608 1157 2826 1229 graecum
2853 1157 3055 1217 librario
3077 1168 3207 1218 haud
3229 1166 3384 1217 dubie
3408 1168 3611 1231 adjecta
3634 1157 3779 1221 sunt.

2182 428 2665 500 becillitalemquc;
2715 432 2965 503 martyris
2985 446 3111 487 vero
3136 447 3369 487 coronas
3387 472 3404 498 ,
3448 431 3753 487 victoriam
3776 472 3791 499 ,

2184 523 2455 575 virtutem.
2485 521 2655 577 Tanta
2684 530 2767 578 est
2790 531 3095 579 sanetbrum
3124 522 3416 591 fortitudo,
3443 531 3556 578 tam
3586 523 3793 578 iuriae
3846 521 3851 591 λ

2182 623 2237 666 et
2263 612 2647 678 formidabilis,
2677 625 2731 669 et
2755 614 3168 683 lmperatoribus
3187 624 3243 673 et
3257 613 3610 673 daemonibus
3632 657 3650 684 ,
3684 615 3797 671 ima
3846 644 3852 699 ι

2185 700 2284 771 ipsi
2308 712 2519 775 quoque
2543 703 2844 799 dmmonum
2876 704 3103 775 principi
3123 705 3169 759 ί.
3846 700 3852 791 λ

3848 472 3851 611 1

3848 644 3852 791 1

3848 990 3851 1047 l

535 1543 3727 1594 Ms!

935 1783 1018 1847 IN
1061 1785 1440 1846 HOMILIAM
1477 1785 1561 1848 IN
1601 1785 1708 1847 SS.
1750 1787 2165 1850 MARTYRES
2203 1789 2695 1854 IUVENTINUM
2733 1792 2833 1853 ET
2870 1793 3338 1895 MAESIMINUM.

564 2032 634 2089 Ut
670 2030 827 2086 initio
849 2028 1008 2100 hujus
1031 2027 1311 2084 concionts
1341 2027 1563 2092 dicitur,
1594 2025 1777 2081 habita
1799 2025 1915 2080 haec
1936 2025 2040 2079 fuit
2074 2024 2267 2095 paucis
2310 2033 2433 2095 post
2460 2023 2748 2081 Homiliam
2804 2026 2859 2080 in
2893 2024 2950 2079 S.
2987 2023 3245 2096 Babylam
3276 2024 3476 2081 diebus
3506 2044 3521 2080 :
3557 2026 3777 2095 Nuper,

493 2145 690 2215 inquit,
723 2143 937 2216 πρῴην,
974 2157 1083 2197 non
1117 2151 1321 2206 autem,
1354 2141 1487 2208 lteri,
1541 2152 1602 2196 ut
1631 2149 1866 2196 verterat
1893 2141 2186 2211 lnterpres,
2220 2138 2409 2210 Nuper
2453 2140 2636 2194 beatus
2665 2137 2901 2211 Babylas
2926 2155 3046 2193 cum
3104 2137 3273 2192 tribus
3310 2138 3496 2208 pueris
3553 2155 3654 2192 nos
3688 2139 3780 2190 hic

493 2259 843 2330 congregabat
875 2275 893 2311 :
926 2257 1080 2312 hodie
1108 2275 1226 2313 vero
1274 2275 1374 2327 par
1402 2267 1708 2312 sanctorum
1746 2259 1978 2312 militum
2017 2259 2075 2313 in
2100 2260 2215 2313 acie
2254 2259 2546 2312 exercitum
2577 2256 2778 2313 Christi
2806 2256 3097 2312 constituit.
3153 2256 3219 2310 Et
3244 2264 3424 2310 tamen
3479 2254 3596 2309 hoc
3651 2254 3781 2310 loco

496 2375 615 2429 fulti
647 2376 706 2442 ii,
740 2377 831 2446 qui
857 2374 1255 2447 Martyrologiis
1288 2391 1510 2445 operam
1541 2376 1827 2443 dederunt,
1859 2377 1917 2430 in
1942 2377 2012 2431 25
2041 2375 2288 2432 Januarii
2322 2377 2519 2432 horum
2570 2384 2871 2447 martyrum
2900 2376 3044 2431 diem
3075 2376 3317 2430 natalem
3342 2373 3674 2449 conferunt,
3701 2374 3773 2426 li:-

495 2496 582 2541 cet
603 2500 712 2539 non
737 2485 891 2541 initio
920 2493 1154 2545 tantum,
1193 2486 1287 2540 sed
1313 2485 1474 2540 etiam
1509 2486 1672 2556 paulo
1716 2497 1905 2557 postea
1935 2487 2365 2559 Chrysostomns
2414 2489 2483 2543 de
2507 2487 2742 2543 ﬂomilia
2768 2487 2821 2543 in
2851 2486 2910 2543 S.
2938 2488 3207 2559 Babylanr
3221 2486 3479 2557 loquens,
3506 2501 3639 2541 eam
3668 2500 3776 2538 non

496 2606 631 2685 lteri,
666 2605 757 2659 sed
791 2621 973 2674 nuper,
1005 2603 1217 2676 πρῴην,
1245 2606 1446 2662 dictam
1471 2606 1737 2661 enuntiet.
1770 2606 1898 2662 inde
1945 2606 2131 2664 forsan
2166 2624 2287 2665 mos
2320 2609 2557 2663 obtinuit
2600 2586 2661 2664 ut
2704 2608 2793 2663 die
2820 2605 3018 2664 festum
3056 2605 3114 2661 S.
3153 2606 3367 2676 Babylre
3413 2605 3777 2675 insequente,

499 2718 601 2774 SS.
636 2718 912 2773 Juventini
937 2728 991 2773 et
1015 2717 1297 2773 Maximini
1326 2721 1642 2774 memoriam
1684 2722 1973 2777 enuntient
2010 2739 2024 2775 :
2056 2738 2164 2777 non
2198 2739 2265 2779 ex
2286 2722 2601 2780 Graecorum
2629 2722 2850 2780 Menaeis
2880 2722 2932 2777 id
2964 2722 3219 2778 mutuati:
3250 2720 3553 2791 siquidem,
3590 2729 3653 2775 ut
3681 2734 3778 2773 no-

501 2845 578 2890 tat
607 2834 809 2903 optime
838 2832 1152 2898 Bollandus,
1185 2835 1332 2889 nulla
1366 2835 1419 2888 in
1453 2834 1693 2902 Menaeis,
1714 2836 2051 2906 Men0l0giis,
2083 2838 2430 2909 Anthologio,
2464 2839 2654 2893 aliisve
2685 2837 2842 2893 fastis
2871 2838 3042 2892 sacris
3061 2837 3375 2893 Graecorum
3399 2876 3416 2899 ,
3445 2849 3652 2890 eorum
3683 2852 3775 2890 ex—

499 2967 609 3014 stat
656 2961 936 3016 memoria.
986 2958 1090 3014 Sed
1122 2976 1148 3012 a
1184 2960 1597 3027 recentioribus,
1654 2962 1732 3016 ait
1766 2960 1874 3030 ille,
1904 2963 2153 3031 postridie
2187 2961 2247 3017 S.
2282 2961 2498 3034 Babylae
2527 2971 2578 3016 et
2607 2963 2767 3016 (rium
2801 2977 3083 3031 puerorum
3109 2959 3397 3023 locantur;
3429 2959 3528 3028 qui
3564 2959 3776 3014 scilicet

504 3094 565 3130 ea
604 3077 657 3132 in
689 3093 748 3132 re
792 3087 1023 3132 veterem
1056 3077 1200 3131 illam
1237 3052 1487 3132 llomilize
1519 3078 1893 3151 Cltrysostomi
1954 3081 2009 3135 in
2052 3079 2154 3135 SS.
2188 3080 2454 3153 Martyres
2490 3079 2993 3151 interpretationem
3025 3087 3331 3148 sequuntur
3359 3095 3373 3132 :
3401 3074 3543 3131 Heri
3586 3075 3773 3129 beatus

498 3192 728 3264 Babylas
759 3206 878 3244 cum
910 3190 1080 3245 tribus
1110 3192 1311 3260 pueris.
1354 3190 1587 3248 Videant
1628 3192 1794 3262 igitur
1825 3194 1861 3247 ii
1907 3193 1999 3263 qui
2030 3192 2131 3248 SS.
2165 3192 2319 3247 lastis
2367 3192 2501 3246 dant
2533 3206 2778 3262 operam,
2814 3207 2943 3246 num
2975 3190 3081 3246 alia
3111 3191 3182 3246 sit
3223 3189 3520 3245 statuenda
3582 3188 3775 3242 colen-

499 3311 583 3365 dte
609 3306 709 3363 SS.
737 3304 1082 3363 Juventiuiet
1106 3304 1386 3361 Maximini
1411 3308 1690 3364 memoria:
1709 3309 1843 3364 dies.
1876 3306 1983 3362 Hos
2017 3317 2279 3379 martyres
2307 3315 2704 3363 commemorat
2724 3305 3107 3363 Theodoretus
3126 3304 3166 3359 l.
3186 3305 3384 3361 Ellist.
3416 3304 3572 3360 Eccl.
3602 3320 3652 3361 c.
3685 3306 3771 3359 H-

501 3846 788 3892 ωυευειί
831 3848 896 3890 IN
941 3847 1028 3891 SS.
1075 3847 1410 3893 MARTYRES
1450 3847 1862 3890 JUVENTINUM
1915 3847 1996 3889 ΕΤ
2047 3845 2085 3887 11

2196 3842 2449 3897 ιωκυυ,
2509 3841 2620 3894 QUI
2678 3842 2795 3885 SUB
2837 3841 3103 3886 JULIANO
3145 3842 3484 3886 APOSTATA
3528 3843 3777 3886 MART!”

1428 3941 1615 3991 ‘RIUM
1658 3947 1821 3990 SUNT
1863 3943 2054 3999 PASSI,
2100 3941 2311 3985 SEBMO
2352 3941 2804 3984 PANEGYRICUS.

1820 4046 2309 4142 'mm

571 4229 624 4283 l.
654 4227 834 4299 Nuper
858 4229 1044 4285 beatus
1075 4229 1299 4301 Babylas
1321 4246 1440 4284 cum
1470 4231 1637 4285 tribus
1662 4232 1845 4302 pueris
1864 4248 1961 4288 nos
1999 4233 2086 4288 hic

499 4322 855 4391 congregabat
887 4338 900 4373 :
943 4320 1103 4375 hodie
1134 4338 1259 4376 vero
1305 4337 1399 4390 par
1423 4334 1725 4376 sanctorum
1758 4324 1986 4379 militum
2030 4326 2083 4379 in

500 4415 614 4468 acie
655 4414 945 4467 exercitum
995 4413 1189 4468 Christi
1251 4416 1572 4480 constituit;
1618 4433 1787 4486 nuper
1831 4419 2084 4488 quadriga

505 4513 796 4574 martyrum
817 4545 833 4568 ,
868 4504 1026 4558 hodie
1057 4505 1195 4574 biga.
1239 4504 1413 4573 impar
1446 4520 1630 4560 eorum
1668 4519 1749 4563 est
1781 4518 1943 4574 :ctas,
1990 4509 2086 4565 sed

503 4608 606 4646 una
641 4593 810 4659 fides;
836 4594 979 4647 varia
1010 4595 1324 4660 certamina,
1355 4596 1445 4648 sed
1475 4595 1658 4650 eadem
1687 4597 1940 4652 fortitudo
1968 4615 1980 4651 :
2012 4599 2087 4653 illi

507 4696 747 4751 tempore
790 4685 1119 4754 superiores,
1164 4685 1249 4738 isti
1296 4686 1640 4739 recentiores.
1686 4687 1957 4755 Ejusmodi
2005 4698 2090 4744 est

508 4775 788 4828 thesaurus
810 4774 1092 4839 Ecclesiae,
1124 4791 1287 4830 novas
1321 4785 1375 4830 et
1405 4786 1613 4832 veteres
1649 4777 1806 4832 habet
1828 4781 2088 4848 margari-

505 4873 588 4918 tas
619 4880 634 4918 :
664 4864 760 4919 sed
805 4880 906 4920 una
951 4865 1187 4920 omnium
1231 4876 1310 4921 est
1346 4866 1704 4935 pulchritudo.
1752 4869 1948 4923 Eorum
1990 4870 2089 4925 llos

505 4970 678 5024 neque
709 4957 1023 5023 marcescit,
1058 4972 1231 5027 neque
1256 4956 1438 5013 deﬂuit
1467 4968 1741 5029 tempore;
1785 4962 1954 5016 nescit
1998 4978 2091 5018 ve-

506 5048 718 5103 tustatis
745 5047 1037 5118 rubiginem
1071 5049 1369 5118 splendoris
1397 5050 1548 5104 istius
1577 5062 1784 5106 natura.
1812 5051 2091 5123 Temporis

504 5139 855 5195 diuturnitate
899 5154 1054 5210 epes,
1104 5158 1223 5211 qum
1246 5142 1311 5197 ad
1351 5158 1575 5212 corpora
1621 5154 1898 5214 spectant,
1936 5145 2091 5200 facile

509 5240 777 5286 intereunt
826 5249 840 5285 :
894 5235 1208 5287 vestimenta
1260 5235 1401 5287 enim
1449 5235 1839 5300 absumuntur,
1901 5235 2092 5290 domus

504 5321 868 5391 destruuntur,
908 5333 963 5380 et
1025 5341 1210 5378 aurum
1252 5326 1491 5395 rubigine
1532 5328 1900 5391 consumitur;
1945 5335 1999 5380 et
2038 5326 2089 5379 in

504 5426 709 5467 summa
732 5456 746 5479 ,
778 5417 1015 5470 onmium
1043 5417 1373 5471 sensibilium
1403 5416 1710 5470 facultatum
1745 5427 1926 5493 natura
1960 5429 2094 5471 tem-

507 5519 636 5565 pore
673 5506 885 5562 tandem
913 5507 1156 5563 aboletur
1184 5515 1239 5562 et
1258 5508 1550 5563 intercidit.
1581 5509 1648 5561 At
1680 5523 1783 5561 non
1812 5507 1890 5563 sic
1918 5523 1977 5562 se
2005 5523 2092 5563 res

569 5634 872 5703 (9)‘_tn_lianc
894 5639 1136 5689 homiliam
1158 5639 1520 5703 vidim_ust‘.odd.
1542 5640 1748 5703 unicum,
1770 5643 1964 5703 Regium
1999 5656 2092 5692 stt-

513 5695 762 5744 ιυμειίέιῦιδ
789 5713 803 5745 :
828 5713 935 5749 nam
958 5703 1141 5760 porrari
1165 5709 1279 5751 sunt
1299 5701 1445 5759 hujus
1467 5701 1674 5750 bomilize
1696 5695 1912 5752 Codices.

2196 4232 2355 4288 habet
2379 4233 2430 4287 in
2461 4229 2824 4301 spiritualibus
2852 4229 3149 4296 thesauris,
3200 4228 3267 4283 de
3292 4229 3658 4300 martyribus,
3711 4246 3774 4281 ιιι-

2191 4340 2347 4394 qttam
2373 4365 2388 4390 ,
2433 4325 2520 4393 qui
2546 4337 2760 4391 semper
2784 4323 2833 4375 in
2861 4320 3048 4375 eodem
3088 4328 3304 4375 manent
3324 4320 3541 4389 vigore,
3573 4337 3775 4390 scmpa

2193 4417 2246 4471 in
2276 4416 2461 4470 eodem
2489 4412 2785 4483 juventutls
2814 4412 2946 4467 ﬂore
2975 4421 3099 4465 sunt
3125 4454 3140 4476 ,
3188 4426 3403 4480 semper
3444 4426 3559 4465 sute
3605 4413 3781 4481 gloria

2195 4508 2447 4577 fulgorem
2491 4507 2739 4561 emittunt
2782 4514 2837 4559 et
2876 4504 3072 4559 radios.
3121 4503 3271 4571 Quod
3296 4504 3530 4559 scientes
3555 4520 3656 4557 γωδ
3682 4522 3782 4558 non

2194 4601 2349 4654 aliter
2380 4599 2610 4668 priscos,
2652 4597 2806 4651 aliter
2833 4594 3156 4650 recentiores
3193 4596 3371 4650 colitis
3409 4606 3662 4658 sanctos.
3697 4596 3784 4649 emi

2194 4688 2379 4744 eadem
2410 4687 2710 4753 alacritate,
2742 4687 2928 4741 eodem
2959 4703 3141 4740 amore
3164 4727 3179 4750 ,
3224 4686 3414 4741 eodem
3455 4686 3658 4740 affectu
3697 4702 3782 4739 Cn-

2196 4781 2300 4834 litis
2320 4795 2508 4834 omnes
2527 4788 2581 4832 ct
2604 4777 3006 4832 commendatis.
3030 4776 3145 4830 Non
3166 4776 3307 4831 enim
3330 4777 3627 4845 exploratis
3652 4787 3779 4830 tem-

2196 4887 2332 4941 pus,
2375 4870 2469 4925 sed
2517 4871 2791 4940 exquiritis
2835 4868 2999 4922 animi
3053 4868 3437 4932 fortitudinem,
3486 4868 3782 4937 pietatem,

2198 4965 2353 5021 fidem
2380 4965 2627 5019 invictam
2651 5005 2666 5029 ,
2698 4965 2866 5017 zelum
2897 4962 3170 5017 incitatum
3199 4977 3261 5014 ac
3291 4960 3555 5015 fervidum
3574 5002 3590 5023 ,
3616 4970 3676 5015 et
3704 4976 3785 5016 eas

2197 5056 2423 5109 virtutes
2442 5097 2456 5122 ,
2482 5069 2612 5123 quas
2648 5069 2755 5122 pra:
2782 5068 2841 5106 se
2873 5052 3047 5107 ferunt
3092 5051 3296 5118 sancti,
3344 5051 3406 5105 ad
3431 5067 3667 5121 quorum
3696 5054 3782 5105 ho-

2199 5160 2382 5199 norem
2409 5145 2565 5199 hodie
2592 5144 2958 5198 convenimus.
3000 5143 3063 5195 lli
3096 5143 3237 5196 enim
3269 5150 3415 5194 tanto
3467 5157 3661 5198 amore
3700 5142 3781 5197 Dri

2198 5235 2531 5304 ﬂagrabant,
2586 5244 2644 5288 ut
2689 5236 2847 5287 etiam
2895 5244 3044 5287 extra
3097 5233 3527 5299 persequutionis
3580 5242 3782 5303 tempus

2198 5328 2434 5397 martyrii
2467 5342 2664 5381 corona
2693 5325 2926 5380 redimiti
2971 5324 3163 5377 fuerint
3184 5364 3201 5388 ,
3249 5323 3453 5392 absque
3478 5339 3659 5393 pugna
3686 5335 3781 5377 tro-

2200 5433 2369 5486 paeum
2394 5418 2658 5472 orem-rint
2689 5457 2704 5482 ,
2751 5416 2950 5484 absque
2977 5414 3160 5481 prmlio
3188 5412 3403 5466 victoria
3443 5414 3598 5484 potiti
3647 5416 3778 5474 sint.

2201 5510 2401 5578 absque
2441 5508 2733 5562 certamine
2778 5506 3017 5561 bravinm
3067 5505 3359 5573 rapttcrint.
3406 5503 3478 5558 Et
3518 5507 3778 5574 quomodo

2199 5600 2299 5653 hoc
2323 5640 2336 5655 .
2384 5615 2484 5669 ego
2510 5600 2683 5655 dicam
2713 5618 2727 5653 :
2760 5597 2852 5654 sed
2897 5596 3031 5651 ferte
3069 5609 3153 5649 me
3189 5609 3301 5649 rem
3330 5595 3490 5664 paulo
3509 5595 3674 5649 altius
3699 5609 3770 5647 res

2197 5704 2398 5759 petere.
