3884 6294
34 274 102 326 τί
957 278 1027 333 IN
1061 276 1502 332 JUVENTINUM
1543 277 1628 332 ET
1671 273 2063 330 MAXIMINUM
2130 276 2523 337 MARTYRES.

33 385 202 456 ῦφον,
246 385 344 440 καὶ
377 383 726 454 κατεπάτησε
759 383 854 436 τοῦ
900 380 1015 454 βίου
1049 385 1149 454 τὴν
1193 387 1516 452 φαντασίαν,
1548 387 1710 439 ἐπαί-

33 491 163 528 ευσε
199 473 338 536 τοὺς
365 473 604 542 βασιλεῖς
637 473 712 543 μὴ
749 476 892 543 πέρα
929 472 1022 524 τοῦ
1053 473 1300 534 δοθέντος
1331 474 1517 536 αὐτοῖς
1550 475 1701 544 παρὰ

34 564 96 616 οῦ
151 563 306 615 Θεοῦ
358 563 556 633 μέτρου
598 563 698 632 τήν
745 561 992 628 ἐξουσίαν
1035 561 1297 631 προάγειν
1325 579 1338 592 ·
1376 561 1546 624 ἔδειξε
1586 566 1700 625 τοῖς

33 651 346 721 ερωμένοις
373 650 488 710 πῶς
521 647 726 720 ταύτης
754 647 1118 716 προΐστασθαι
1146 649 1244 716 τῆς
1274 649 1450 719 ἀρχῆς
1467 649 1562 700 δεῖ.
1592 650 1700 700 Καὶ

38 739 183 790 αῦτα
243 737 347 806 μὲν
405 737 498 788 καὶ
537 735 741 788 τούτων
780 734 1001 788 πλείονα
1053 735 1214 805 ήνίκα
1264 730 1332 803 ἦν
1386 738 1443 787 ὲν
1493 735 1694 804 σαρκί·

34 825 200 895 ,πειδὴ
229 825 297 876 δὲ
327 825 558 894 μετέστη
589 825 684 875 καὶ
711 824 1054 892 ἀπεδήμησε,
1088 823 1351 875 κατέλυσε
1385 823 1478 875 τοῦ
1507 823 1697 893 δαίμο-

33 930 98 974 ιος
148 913 258 982 τὴν
317 913 491 982 ἰσχὺν,
551 911 800 982 διήλεγξε
837 912 933 981 τὴν
979 911 1088 964 τῶν
1131 911 1398 982 Ἑλλήνων
1447 912 1692 980 ἀπάτην,

33 999 345 1068 ιπεκάλυψε
380 999 480 1068 τῆς
512 999 772 1069 μαντείας
791 998 880 1051 τὸν
893 997 1077 1069 λῆρον,
1112 997 1395 1069 συνέτριψε
1426 998 1488 1050 τὸ
1518 1015 1695 1069 προσ-

71 1139 97 1166 “
127 1136 313 1184 Morel.
354 1141 514 1184 πᾶσιν.
540 1136 593 1184 In
607 1135 732 1198 Aﬁne
757 1133 988 1198 Opusculi
1015 1135 1163 1198 Savil.
1191 1140 1244 1183 et
1265 1148 1390 1198 unus
1431 1135 1605 1198 codex_
1625 1136 1696 1184 sic

33 1199 268 1268 glattdupt:
300 1198 514 1268 ἀρχῃγῶ.
536 1194 634 1268 Ἰςοῦ
655 1198 744 1268 γὰρ
771 1194 946 1268 Ιςυρίου
965 1199 1120 1268 ἡμῶν.
1137 1195 1296 1268 ’ξηροῦ
1316 1195 1525 1268 Χριστοῦ
1549 1196 1692 1268 μόνου

33 1263 46 1316 5
77 1260 306 1322 βασιλεία
328 1258 409 1307 καὶ
427 1261 458 1315 ἡ
473 1258 626 1320 ἰσχὺς,
651 1258 731 1306 καὶ
752 1258 882 1320 αύτῷ
909 1259 1076 1321 πρέπει
1097 1260 1128 1315 ἡ
1150 1259 1280 1317 δόξα,
1301 1258 1386 1306 σὺν
1405 1260 1476 1320 τῷ
1502 1258 1694 1321 ἀνάρχῳ

3363 275 3465 332 572

1805 388 2004 440 ωπεῖον
2042 387 2234 456 αὐτῆς,
2276 387 2370 440 καὶ
2387 399 2413 426 ει
2441 388 2620 440 πᾶσαν
2642 386 2810 457 αὐτῆς
2836 391 2932 456 τήν
2952 385 3235 456 ὑπόκρισιν
3256 405 3321 455 γυ
3331 390 3466 457 μνῶν

1807 491 1903 534 σας
1922 472 2182 537 ἐπέδειξε,
2207 473 2297 526 τὸν
2326 476 2382 526 ἐν
2410 474 2545 543 αὐτῇ
2569 473 2828 526 δοκοῦντα
2856 476 3074 542 κρατεῖν
3110 475 3466 544 ἐπιστομίσας

1803 563 1897 613 καὶ
1928 560 2248 614 καταϐαλὼν
2283 560 2420 630 μετὰ
2451 560 2652 629 πολλῆς
2681 564 2779 631 τῆς
2819 561 3200 631 σφοδρότητος.
3231 561 3339 613 Καὶ
3369 562 3463 614 νῦν

1802 649 2022 700 ἑστᾶσιν
2060 649 2108 699 οἱ
2138 649 2303 716 τοῖχοι
2347 646 2438 698 τοῦ
2479 645 2602 707 νεὼ,
2649 649 2783 700 πᾶσι
2822 646 3184 716 κηρύττοντες
3231 647 3323 699 τοῦ
3355 648 3439 698 δαί

1805 751 1963 804 μονος
2004 734 2102 805 τὴν
2151 736 2435 804 αἰσχύνην,
2478 733 2569 786 τὸν
2603 733 2836 800 γέλωτα,
2877 732 2974 802 τὴν
3015 733 3331 786 ἀσθένειαν·
3366 735 3465 788 τοῦ

1801 821 2076 892 μάρτυρος
2126 823 2252 884 τοὺς
2307 821 2624 890 στεφάνους,
2678 822 2775 890 τὴν
2827 821 3018 890 νίκην,
3069 822 3167 892 τὴν
3211 821 3462 890 δύναμιν.

1802 908 2050 978 Τοσαύτη
2078 910 2110 978 ἡ
2150 908 2257 963 τῶν
2289 908 2456 976 ἁγίων
2486 909 2658 978 ἰσχύς·
2683 908 2856 971 οὕτως
2888 908 3098 978 ἄμαχος
3118 909 3210 960 καὶ
3236 909 3463 979 φοϐερὰ,

1802 997 1896 1048 καὶ
1931 995 2230 1065 βασιλεῦσι,
2277 997 2371 1049 καὶ
2397 995 2636 1068 δαίμοσι,
2669 997 2765 1050 καὶ
2789 996 2935 1065 αὐτῷ
2959 995 3045 1065 τῷ
3061 995 3170 1048 τῶν
3199 995 3464 1066 δαιμόνων

1801 1083 2047 1154 ἀρχηγῷ-

1799 1196 1972 1258 ΙΙατρὶ,
1993 1196 2073 1243 καὶ
2100 1195 2170 1255 τῷ
2209 1194 2486 1258 συνανάρχῳ
2525 1193 2784 1257 Πνεύματι,
2821 1191 2902 1241 νῦν
2925 1195 3004 1242 καὶ
3046 1194 3120 1242 ἀεὶ
3155 1196 3236 1242 καὶ
3269 1195 3336 1250 εἷς
3355 1194 3464 1250 τοὺς

1797 1258 2132 1314 ἀτελευτήτους
2145 1259 2318 1311 αἰῶνας
2336 1259 2432 1304 τῶν
2452 1259 2654 1317 αἰώνων,
2677 1258 2817 1318 ἀμήν.

2775 1493 3354 1525 m

1512 1745 1963 1810 ADMONITIO.

179 2007 296 2062 Non
326 2020 442 2060 uno
475 2004 674 2066 solum,
706 2010 766 2057 ut
795 2000 1055 2066 diximus,
1077 1998 1200 2053 loco
1228 2003 1588 2057 monstratur,
1618 1993 1762 2048 hanc
1783 1990 2100 2046 concionem
2133 1995 2256 2058 post
2283 1985 2564 2040 homiliam
2595 1980 2740 2038 illam
2767 1983 2820 2036 in
2848 1981 3102 2052 Babylam
3131 1980 3373 2034 habitam

117 2124 316 2184 misse;
352 2120 448 2175 sed
483 2128 537 2171 et
561 2116 706 2171 aliud
743 2114 903 2184 paulo
932 2120 1054 2183 post
1077 2110 1362 2166 exordium
1391 2110 1621 2179 hujusce
1652 2107 1729 2161 rei
1755 2105 2016 2160 indicium
2045 2100 2253 2172 profert
2289 2099 2737 2170 Chrysostomus.
2777 2096 2905 2149 Erat
2942 2096 3237 2164 Imperator
3259 2097 3377 2164 qui.

117 2237 255 2298 dam,
282 2232 386 2296 ait,
417 2231 574 2284 etiam
610 2237 787 2281 nostra
809 2241 936 2290 a'vo,
969 2240 1145 2279 omnes
1173 2225 1264 2293 qui
1291 2240 1344 2277 se
1359 2229 1730 2292 praeesserant
1756 2220 2018 2286 impietate
2035 2217 2256 2281 vincens,
2285 2215 2462 2284 dequo
2487 2221 2536 2266 et
2558 2229 2722 2282 nuper
2747 2211 2985 2280 pluribus
3017 2229 3048 2264 a
3078 2227 3156 2265 me
3179 2211 3376 2263 dictum

116 2358 208 2410 εει.
245 2347 312 2401 Et
338 2362 474 2402 vere
503 2346 733 2416 plurima
755 2345 809 2397 in
845 2343 1065 2397 homilia
1096 2342 1420 2412 praecedenti
1466 2343 1520 2396 in
1545 2340 1602 2395 S.
1632 2338 1889 2410 Bahylam
1914 2337 1980 2391 de
2003 2334 2223 2390 Juliano
2250 2334 2510 2403 Apostata
2539 2333 2814 2387 dicuntur.
2841 2329 2985 2385 Cave
3014 2341 3172 2398 putes
3197 2336 3380 2382 autem

123 2463 206 2518 hic
229 2463 294 2517 de
318 2461 468 2515 libro
491 2461 583 2514 illo
608 2459 823 2526 prolixo
849 2459 900 2511 in
931 2467 1180 2512 sanctum
1214 2456 1466 2527 Babylam
1514 2467 1822 2510 sermonem
1854 2450 2044 2505 haberi
2077 2468 2089 2505 :
2119 2450 2209 2503 ille
2242 2448 2444 2519 quippe
2496 2460 2604 2500 non
2641 2444 2855 2512 concio,
2883 2459 2988 2498 non
3023 2441 3246 2497 homilia
3271 2447 3378 2504 est,

122 2594 294 2649 neque
321 2592 569 2648 unquam
609 2577 664 2630 in
691 2585 834 2632 cmtu
859 2575 1043 2645 populi
1072 2574 1329 2629 recitatos
1362 2571 1484 2636 fuit,
1515 2580 1574 2625 ut
1603 2571 1658 2624 in
1687 2569 1890 2623 Μοιιίιο
1913 2565 2237 2638 praecedenti
2270 2563 2542 2628 diximus;
2568 2561 2661 2616 sed
2685 2561 2753 2615 de
2775 2559 2994 2613 homilia
3022 2573 3144 2612 eum
3168 2569 3370 2625 praece-

125 2694 278 2747 dente
302 2691 511 2762 agitur.
545 2691 714 2762 Cujus
741 2706 944 2746 annum
978 2690 1257 2760 assignare
1294 2705 1404 2743 non
1452 2687 1750 2757 potuimus,
1777 2685 1857 2743 uti
1908 2699 2009 2739 nec
2046 2683 2396 2738 homiliarum
2450 2681 2503 2734 in
2535 2677 2828 2741 Lazarum,
2861 2689 3038 2744 nequc
3066 2672 3294 2743 hujusce
3327 2671 3380 2723 in

129 2810 222 2866 SS.
258 2810 616 2866 Juventinum
641 2821 695 2866 et
716 2810 1095 2866 Maximinum.
1127 2810 1374 2882 Namque
1401 2819 1460 2864 ut
1480 2819 1688 2865 certum
1710 2808 1924 2863 videtur
1949 2822 2043 2862 eas
2065 2805 2256 2861 eodem
2283 2818 2430 2858 anno
2456 2811 2620 2871 atque
2650 2810 2895 2868 tempore
2927 2797 3138 2850 habitas
3169 2792 3334 2848 fuissr
3364 2804 3378 2842 :

129 2929 199 2981 ita
235 2923 407 2988 nullo,
428 2921 698 2991 probabili
727 2921 967 2992 quidem,
994 2921 1217 2990 indicio,
1247 2922 1372 2993 quis
1410 2921 1500 2975 ille
1523 2934 1701 2974 annus
1733 2926 1902 2982 esset,
1936 2913 2342 2986 deprehendere
2375 2913 2546 2968 licuit.
2576 2910 2715 2966 Cum
2749 2911 2836 2966 his
2863 2907 3069 2975 confer,
3106 2909 3286 2974 sodes,
3317 2923 3378 2961 ea

135 3047 246 3100 qua:
277 3033 331 3086 in
369 3032 580 3087 Monito
613 3033 935 3102 praecedenti
968 3033 1229 3089 diximus.
1531 3036 1544 3066 ‘

203 3170 586 3242 [interpretatio
613 3168 805 3224 Latina
833 3179 916 3226 est
947 3169 1140 3227 incerti
1167 3169 1456 3241 cujusdam
1482 3170 1628 3226 docti
1654 3168 1780 3234 viri,
1805 3182 1968 3240 quam
1999 3165 2252 3238 plurimis
2285 3167 2341 3221 in
2376 3164 2511 3221 locis
2530 3163 2971 3221 emendavimus.

69 3773 158 3832 Τοῦ
179 3787 356 3842 αὐτοῦ
387 3785 590 3857 ὁμιλία
613 3783 1050 3856 ἐτηιωμιαστικὴ
1081 3786 1168 3851 εὶς
1191 3784 1335 3852 τοὺς
1365 3785 1576 3855 ἁγίους
1607 3783 1914 3853 μάρτυρας
1949 3784 2345 3840 Ἰουϐεντῐνον
2401 3786 2501 3840 καί
2566 3785 2904 3856 Μαξιμῖνον
2995 3785 3136 3851 τοὺς
3159 3787 3466 3858 μαρτυρή-

1147 3893 1374 3944 σαντας
1411 3877 1509 3930 ἐπὶ
1551 3876 1884 3940 Ἰουλιανοῦ
1911 3877 2018 3932 τοῦ
2065 3878 2454 3934 Ἀποστάτου.

115 4131 178 4184 α’.
210 4131 264 4184 '0
331 4131 598 4202 μακάριος
623 4128 869 4192 Βαϐύλας
894 4127 1086 4200 πρώην
1117 4129 1266 4199 ἡμᾶς
1294 4129 1528 4183 ἐνταῦθα
1556 4132 1695 4201 μετὰ

66 4218 236 4272 παίδων
268 4219 435 4290 τριῶν
467 4219 740 4287 συνήγαγε
768 4235 780 4249 ·
815 4219 1054 4289 σήμερον
1083 4215 1431 4287 στρατιωτῶν
1467 4217 1694 4288 ξυνωρὶς

66 4304 204 4370 ἁγίων
227 4307 287 4360 τὸ
313 4307 406 4360 τοῦ
433 4305 671 4377 Χριστοῦ
708 4304 1067 4374 στρατόπεδον
1092 4304 1185 4356 ἐπὶ
1211 4304 1310 4374 τῆς
1334 4303 1697 4376 παρατάξεως

66 4388 226 4462 ἔστησε
248 4411 261 4424 ·
295 4397 416 4448 τότε
458 4393 609 4465 ἅρμα
642 4393 956 4465 μαρτύρων,
981 4391 1078 4447 νῦν
1114 4392 1345 4464 ξυνωρὶς
1375 4393 1690 4463 μαρτύρων.

66 4477 290 4550 Διάφορος
316 4485 349 4553 ή
380 4482 587 4553 ἡλικία,
628 4481 763 4535 ἀλλά
795 4482 893 4550 μία
931 4481 964 4550 ἡ
1006 4481 1209 4542 πίστις·
1245 4479 1463 4532 ποικίλα
1494 4480 1562 4533 τά
1594 4497 1698 4533 πα-

66 4561 324 4636 λαίσματα,
359 4570 474 4624 ἀλλ’
509 4571 542 4640 ή
581 4571 720 4639 αὐτὴ
764 4568 1016 4639 ἀνδρείαο
1044 4569 1244 4620 ἐκεῖνοι
1289 4568 1512 4620 παλαιοὶ
1557 4568 1696 4621 κατὰ

67 4649 134 4702 τὸν
155 4655 326 4722 χρόνον
348 4673 360 4687 ·
393 4649 541 4709 οῦτοι
563 4656 672 4709 νέοι
695 4657 789 4708 καὶ
813 4655 1132 4725 πρόσφατοι.
1158 4653 1404 4718 Τοιοῦτος
1440 4657 1538 4726 τῆς
1573 4656 1694 4708 Ἐκ·
1727 4677 1730 4679 λ

68 4733 258 4804 κλησίας
295 4744 322 4794 ό
359 4742 651 4813 θησαυρὸς,
692 4741 848 4805 νέους
875 4742 970 4794 καὶ
1000 4741 1266 4802 παλαιοὺς
1307 4740 1446 4811 ἔχων
1482 4758 1694 4814 μαργα-

71 4821 210 4887 ρίταςο
243 4827 351 4882 ἀλλ’
383 4831 440 4883 ἓν
478 4831 734 4884 ἁπάντων
769 4830 831 4882 τὸ
869 4828 1081 4892 κάλλος.
1109 4829 1222 4882 Οὐκ
1259 4828 1604 4900 ἀμαυροῦται
1630 4830 1691 4882 τὸ

69 4906 197 4974 ἄνθος
226 4915 416 4981 αὐτῶν,
462 4919 521 4970 οὐ
568 4919 836 4989 καταρρεῖ
879 4916 958 4987 τῷ
1000 4915 1208 4987 χρόνῳ*
1239 4917 1298 4969 οὐ
1342 4917 1555 4988 δέχεται
1588 4935 1694 4971 πα-

69 4992 302 5068 λαιότητος
335 5004 408 5057 ίδν
438 5005 539 5075 τῆς
578 5003 962 5076 λαμπρότητος
993 5003 1198 5074 ταύτης
1223 5005 1255 5074 ή
1287 5003 1448 5074 φύσις
1477 5008 1547 5077 ’ὴ
1592 5006 1691 5076 μὲν

69 5080 153 5153 γάρ
180 5092 450 5162 σωματικὴ
481 5091 768 5162 περιουσία
791 5091 928 5144 εἴκει
952 5091 1047 5142 καὶ
1070 5094 1388 5162 παραχωρεῖ
1411 5080 1491 5161 τῷ
1525 5093 1689 5162 μήκει
1721 5121 1725 5123 -

69 5169 140 5222 τοῦ
168 5177 341 5244 χρόνου
366 5195 380 5211 ·
410 5182 504 5233 καὶ
530 5181 637 5251 γὰρ
665 5181 852 5249 ἱμάτια
873 5178 1024 5251 [579]
1050 5179 1374 5244 δαπανᾶταί,
1394 5181 1488 5232 καὶ
1515 5179 1684 5233 οίκίαι

69 5261 402 5331 καταλύονται,
438 5270 532 5322 καὶ
558 5269 779 5340 χρυσίον
821 5267 1014 5333 ίοῦται,
1055 5269 1148 5321 καὶ
1182 5269 1332 5321 πᾶσα
1358 5267 1457 5339 τῆς
1486 5266 1686 5333 αἰσθη-

69 5345 145 5413 τῆς
168 5351 352 5424 ταύτης
386 5359 694 5428 περιουσίας
719 5359 752 5428 ἡ
780 5357 939 5428 φύσις
967 5357 1248 5410 διαπίπτει
1271 5354 1350 5426 τῷ
1384 5356 1560 5428 χρόνῳ
1587 5358 1684 5410 καὶ

69 5431 364 5500 ἀφανίζεται.
415 5446 534 5499 Ἐ’πὶ
567 5446 624 5499 δὲ
667 5446 776 5500 τῶν
816 5443 1202 5516 πνευματικῶν
1245 5443 1536 5515 θησαυρῶν
1583 5445 1682 5513 οὐχ

73 5524 208 5591 οὕτως
225 5549 237 5561 '
284 5536 391 5590 ἀλλ’
425 5541 510 5593 ἀεὶ
554 5541 646 5593 καὶ
683 5537 972 5601 διαπαντὸς
1018 5538 1075 5589 ὲν
1109 5536 1200 5607 [σῃ
1235 5534 1486 5606 μένουσιν
1529 5535 1678 5606 ἀκμῇ

1802 4131 1889 4186 καὶ
1911 4131 2124 4202 νεότητι
2144 4129 2453 4198 λάμποντες
2469 4127 2561 4180 καὶ
2583 4125 3002 4191 ἀποστίλϐοντες
3017 4126 3116 4200 τὴν
3138 4129 3239 4199 τῆς
3258 4131 3465 4196 οἰκείας

1797 4218 2181 4290 λαμπρότητος
2214 4214 2370 4278 δόξαν
2397 4215 2446 4266 οἱ
2478 4213 2775 4284 μάρτυρες.
2820 4215 2886 4266 Ὃ
2924 4213 2988 4285 δὴ
3023 4215 3116 4268 καὶ
3147 4217 3303 4286 ὑμεῖς
3331 4219 3468 4272 εἰδό-

1797 4323 1906 4369 τες,
1930 4305 2026 4374 ούχ
2048 4303 2251 4374 ἑτέρως
2278 4301 2374 4372 μὲν
2394 4302 2520 4364 τοὺς
2544 4301 2830 4365 παλαιοὺς,
2855 4302 3059 4365 ἑτέρως
3085 4303 3141 4355 δὲ
3163 4304 3288 4367 τοὺς
3314 4305 3467 4368 νέους

1795 4394 2011 4462 τιμᾶτε·
2045 4389 2181 4444 ἀλλά
2207 4390 2345 4461 μετὰ
2369 4389 2467 4460 τ’ής
2493 4389 2664 4460 αὐτῆς
2693 4389 3003 4460 προθυμίας
3021 4429 3035 4453 ,
3065 4390 3203 4460 μετά
3230 4391 3323 4444 τοῦ
3363 4393 3464 4444 αὺ-

1795 4480 1887 4534 τοῦ
1914 4479 2155 4550 φίλτρου,
2195 4477 2334 4549 μετὰ
2356 4478 2453 4548 τῆς
2471 4478 2639 4547 αὐτῆς
2664 4477 2976 4542 διαθέσεως,
2997 4477 3241 4542 ἅπαντας
3269 4481 3466 4550 τιμᾶτε

1795 4569 1890 4622 καί
1908 4567 2254 4637 ἀποδέχεσθε.
2283 4567 2356 4620 Οὐ
2381 4566 2490 4636 γὰρ
2520 4565 2707 4637 χρόνον
2734 4564 3036 4630 ἐξετάζετε,
3064 4565 3178 4618 ἀλλ’
3213 4566 3465 4637 ἀνδρείαν

1795 4656 2123 4726 ἐπιζητεῖτε,
2173 4656 2268 4709 καὶ
2317 4654 2494 4725 ψυχῆς
2540 4654 2848 4716 εὐλάϐειαν,
2898 4654 2992 4706 καὶ
3025 4654 3205 4706 πίστιν
3245 4655 3462 4722 ἀκλινῆ,

1795 4743 1889 4798 καὶ
1924 4743 2088 4812 ζῆλον
2109 4742 2490 4813 ἐπτερωμένον
2519 4753 2543 4781 ι
2565 4743 2660 4795 καὶ
2691 4741 2912 4812 θερμὸν,
2944 4742 3039 4795 καὶ
3067 4742 3330 4807 τοιοῦτον,
3353 4736 3464 4794 οἷον

1793 4832 1843 4883 οἱ
1879 4831 2118 4901 σήμερον
2148 4832 2292 4900 ἡμᾶς
2323 4829 2722 4897 συναγαγόντες
2752 4828 3112 4894 ἐπεδείξαντο.
3157 4828 3312 4882 Οὕτω
3356 4828 3464 4898 γάρ

1793 4918 1940 4983 ἔξεον
1965 4918 2043 4989 τῷ
2075 4919 2216 4971 κατὰ
2240 4917 2372 4972 Θεὸν
2401 4917 2570 4987 πόθῳ,
2599 4917 2674 4980 ὡς
2705 4918 2998 4988 δυνηθῆναι
3028 4917 3196 4987 χωρὶς
3221 4915 3462 4986 διωγμοῦ

1797 5005 2097 5076 μαρτυρίου
2130 5004 2392 5072 στέφανον
2421 5004 2813 5075 ἀναδήσασθαι,
2843 5004 3012 5073 χωρὶς
3051 5005 3232 5073 μάχης
3261 5003 3462 5071 στῆσαι

1789 5093 2072 5162 τρόπαιον,
2107 5091 2276 5161 χωρὶς
2311 5090 2546 5161 πολέμου
2579 5092 2738 5161 νίκην
2768 5090 3025 5162 ἄρασθαι,
3063 5090 3228 5160 χωρὶς
3255 5088 3461 5158 συμϐο-

1791 5179 1888 5248 λῆς
1914 5180 1942 5219 b
1967 5178 2029 5230 τὸ
2060 5178 2311 5250 βραϐεῖον
2341 5179 2585 5249 ἁρπάσαι
2607 5197 2620 5211 ι
2648 5179 2706 5231 τὸ
2732 5179 2788 5231 δὲ
2821 5177 2958 5243 πῶς,
2995 5176 3105 5245 ἐγὼ
3131 5176 3303 5244 λέγω·
3324 5164 3467 5231 άλλᾶ

1792 5266 2093 5336 ἀνάσχεσθε
2135 5267 2324 5340 μικρὸν
2345 5266 2549 5320 ἄνωθεν
2589 5266 2931 5337 διηγουμένῳ
2957 5281 3066 5335 μοι.

1857 5475 1880 5536 9
1902 5474 1962 5536 Sa
1971 5473 2050 5536 vii.
2075 5475 2210 5536 ζῆλον
2229 5474 2578 5536 οιιεπυρωμένονι

1852 5535 1881 5576 δ
1906 5535 1990 5586 Sic
2009 5529 2162 5584 Salii.
2190 5529 2471 5597 Legebatut‘
2493 5534 2711 5596 ἐμϐολῆς.
2738 5533 2864 5581 lion.
