3876 6286
180 333 289 388 573

184 546 489 614 Imperator
537 542 798 613 quidam,
850 541 1008 595 etiam
1052 551 1236 595 nostro
1265 556 1416 604 aevo,
1461 555 1648 593 mnnes
1686 540 1776 609 qui

178 654 245 692 se
278 643 666 706 prmeesserant
692 635 961 703 impietate
985 633 1233 698 vincens,
1280 632 1346 685 de
1396 648 1501 701 quo
1532 641 1583 686 et
1612 647 1779 699 nuper

180 729 423 798 pluribus
452 742 479 779 θ
504 742 590 780 me
625 725 823 779 dictum
851 732 932 778 est
964 742 975 777 :
1018 723 1106 793 qui
1136 739 1256 777 cum
1301 722 1508 777 videret
1550 738 1635 776 res
1683 738 1781 776 no-

180 836 327 877 stras
354 830 647 890 martyrum
676 829 845 872 morte
872 818 1126 872 clariores
1148 817 1284 880 fieri,
1316 827 1372 871 et
1395 832 1455 870 ea
1485 831 1641 870 causa
1673 832 1776 869 non

179 915 359 966 solum
391 914 566 976 viros,
610 910 703 964 sed
732 920 788 964 et
818 919 1030 964 teneros
1079 923 1272 979 pueros
1314 909 1652 977 virginesque
1693 909 1776 960 in-

182 1017 384 1075 nuptas
409 1047 423 1068 ,
453 1014 508 1059 et
528 1004 581 1058 in
605 1018 810 1057 summa
838 1018 904 1057 ex
929 1003 1074 1057 omni
1102 1017 1230 1056 sexu
1260 1014 1314 1057 et
1338 1012 1494 1059 tntate
1521 1001 1777 1071 quosdam

179 1113 287 1168 pro
319 1097 578 1167 religione
599 1095 664 1149 ad
695 1104 923 1151 mortem
951 1095 1228 1165 prosilire,
1251 1095 1586 1150 cruciabatur
1606 1104 1659 1148 et
1684 1094 1780 1148 do-

184 1188 373 1254 lebat;
419 1197 678 1243 cancrum
721 1201 938 1241 movere
984 1187 1181 1241 bellum
1220 1186 1497 1241 manifeste
1544 1186 1776 1239 nolebat.

180 1280 390 1335 Omnes
428 1279 593 1341 enim,
645 1278 889 1343 dicebat,
937 1278 1003 1331 ad
1046 1278 1393 1349 martyrium,
1424 1278 1571 1347 quasi
1603 1277 1667 1331 ad
1696 1277 1778 1331 al-

182 1372 426 1426 vearium
477 1385 606 1439 apes
656 1370 932 1424 volabunt.
982 1368 1108 1423 llaec
1154 1379 1331 1423 autem
1374 1383 1480 1422 non
1527 1368 1594 1423 ab
1635 1368 1776 1434 alio,

181 1477 350 1532 quam
392 1477 421 1514 a
466 1460 757 1529 majoribus
822 1461 934 1514 suis
980 1459 1258 1513 didicerat.
1310 1459 1520 1513 Etenim
1571 1458 1779 1528 tyranni

182 1552 482 1607 Ecclesiam
534 1550 883 1614 infestarunt,
937 1558 991 1604 et
1037 1551 1217 1621 populi
1261 1565 1474 1620 quoque
1523 1560 1779 1620 perpetuo

182 1640 633 1701 insurrexerunt‘
663 1659 784 1698 cum
811 1643 986 1697 adhuc
1028 1659 1189 1714 parva
1234 1644 1509 1713 religionis
1548 1645 1776 1698 scintilla

182 1747 331 1792 esset
358 1752 372 1801 ;
405 1750 522 1790 eam
555 1743 865 1789 tamennon
894 1735 1304 1798 exstinxerunt,
1344 1748 1519 1804 neque
1564 1733 1779 1788 destru-

183 1835 417 1892 xerunt,
463 1824 558 1880 sed
613 1824 713 1895 ipsi
765 1825 942 1894 potius
985 1824 1239 1878 destructi
1283 1834 1426 1878 sunt.
1476 1825 1781 1894 Augebatur

184 1919 429 1990 quotidie
454 1918 682 1973 scintilla
720 1917 868 1982 hzcc,
924 1915 1295 2005 ferebaturque
1336 1916 1390 1970 in
1434 1916 1691 1980 sublime,
1727 1924 1782 1971 et

186 2024 407 2065 omnem
436 2008 672 2078 undique
698 2008 885 2062 orbem
932 2008 1251 2073 invadebat,
1298 2022 1421 2062 cum
1461 2008 1778 2063 occideren-

186 2113 299 2168 tur,
341 2101 712 2165 adurcrentur,
757 2101 1250 2169 suspenderentur,
1296 2102 1774 2171 praecipitarentur,

186 2196 377 2250 bestiis
416 2195 778 2264 objicerentur
799 2209 986 2248 omnes
1013 2193 1218 2248 fideles.
1268 2195 1475 2249 Etenim
1520 2195 1778 2250 carbones

186 2287 329 2341 sicut
358 2286 524 2340 lutum
552 2285 862 2350 calcabam,
891 2295 943 2340 et
972 2300 1119 2338 mare
1145 2286 1442 2355 ﬂuctusque
1485 2284 1623 2339 sicut
1652 2300 1777 2354 pra-

186 2388 303 2432 tum
336 2378 697 2441 intuebantur,
728 2375 794 2430 ad
824 2375 1054 2445 gladium
1082 2377 1219 2430 sicut
1243 2375 1310 2429 ad
1336 2374 1579 2429 diadema
1609 2387 1663 2429 et
1687 2390 1781 2430 co-

190 2484 377 2523 ronam
406 2467 693 2523 currebant
712 2508 727 2532 ,
758 2467 1043 2536 Omniaque
1073 2473 1459 2520 tormentorum
1486 2480 1682 2536 genera
1706 2466 1778 2520 ita

188 2562 552 2632 superabant,
609 2570 755 2615 utea
795 2575 903 2613 non
960 2559 1133 2613 solum
1180 2572 1439 2627 generose
1479 2568 1533 2611 et
1573 2558 1779 2612 fortiter

188 2658 426 2718 ferrent,
456 2655 548 2708 sed
571 2664 626 2709 et
645 2655 891 2708 alacriter
928 2660 984 2707 et
1021 2667 1142 2706 cum
1168 2652 1460 2720 voluptate.
1492 2651 1779 2705 Enimvero

187 2749 330 2801 sicut
356 2748 550 2816 planta:
590 2746 771 2815 rigatze
802 2744 968 2813 magis
992 2751 1269 2808 crescunt,
1318 2743 1389 2796 ita
1418 2752 1471 2797 et
1498 2742 1633 2797 fides
1682 2759 1781 2797 no-

189 2850 304 2894 stra
331 2848 628 2909 Oppugnata
658 2837 824 2907 magis
842 2835 1014 2900 ﬂoret,
1033 2844 1087 2892 et
1106 2845 1294 2890 vexata
1322 2836 1647 2890 incrementa
1669 2852 1782 2889 ma-

188 2932 307 3002 jora
335 2933 532 2993 sumit;
567 2946 740 3000 neque
772 2928 910 2982 horti
937 2928 1091 2997 aquis
1120 2926 1322 2996 irrigati
1356 2928 1424 2981 ita
1454 2927 1776 2995 germinant,

189 3030 253 3077 et
278 3021 489 3076 fecundi
518 3032 640 3074 sunt
659 3060 674 3084 ,
703 3030 760 3073 ut
789 3017 1038 3073 Ecclesiae
1057 3058 1073 3084 ,
1105 3017 1151 3071 si
1180 3026 1470 3087 martyrum
1496 3016 1781 3085 irrigcntur

189 3116 470 3186 sanguine.
521 3114 647 3169 Haec
689 3112 866 3168 omnia
902 3121 1063 3180 atque
1105 3109 1252 3179 plura
1290 3124 1412 3163 cum
1458 3108 1546 3163 ille
1583 3109 1777 3173 sciret,

191 3207 553 3263 meticulosior
599 3212 755 3270 erat,
808 3217 969 3273 quam
1010 3210 1067 3255 ut
1114 3200 1395 3255 manifeste
1436 3215 1558 3253 cum
1586 3201 1781 3253 nostris

194 3300 529 3369 conﬂigeret.
558 3296 635 3352 Ne
657 3296 949 3351 efficiamus
969 3335 983 3359 ,
1014 3293 1218 3363 inquit,
1260 3300 1322 3346 ut
1347 3291 1640 3362 frequentia
1672 3295 1780 3345 eri—

190 3401 322 3462 gant
345 3400 544 3459 tropaea
563 3430 577 3452 ,
612 3388 891 3442 continuas
917 3394 1193 3453 reportent
1222 3383 1468 3437 victorias
1492 3425 1507 3449 ,
1550 3391 1603 3437 et
1629 3397 1782 3437 coro-

191 3498 291 3538 nas
310 3482 602 3537 obtineant.
634 3479 741 3534 Sed
771 3478 897 3548 quid
924 3475 1092 3530 facit?
1125 3475 1285 3542 Vide,
1322 3490 1447 3541 oro,
1479 3475 1780 3545 malignita-

193 3584 324 3631 tem.
357 3571 589 3626 Medicos
607 3613 623 3637 ,
652 3570 847 3624 milites
867 3609 880 3632 ,
928 3566 1195 3635 sophistas
1222 3574 1278 3617 et
1305 3575 1546 3621 oratores
1592 3582 1781 3623 omnes

193 3667 340 3721 vela
366 3664 783 3736 professionibus
833 3662 943 3716 suis
988 3660 1263 3715 discedere
1303 3660 1386 3714 vel
1426 3660 1586 3716 ﬁdem
1629 3675 1779 3715 suam

194 3757 647 3828 abjurarejubet,
679 3754 1035 3822 excitavitth
1076 3753 1129 3806 in
1168 3753 1310 3807 hunc
1353 3751 1569 3806 modum
1596 3761 1781 3806 contra

196 3859 413 3905 nostros
455 3848 650 3902 bellum
689 3846 791 3899 tela
818 3846 1027 3899 eminus
1056 3846 1303 3913 mittens,
1346 3851 1406 3896 ut
1432 3843 1476 3896 si
1503 3857 1533 3896 a
1558 3842 1659 3897 fide
1685 3843 1782 3897 de-

195 3944 450 3998 sisterent
475 3982 491 4006 ,
522 3938 745 3993 ridicule
773 3938 1131 3999 vincerentur,
1168 3943 1348 4003 utpote
1371 3934 1459 4004 qui
1489 3933 1646 3988 fidem
1669 3935 1786 4004 opi-

199 4036 303 4090 bus
332 4049 437 4087 non
472 4030 824 4102 praeferrent;
876 4028 956 4082 sin
993 4040 1251 4096 generose
1280 4033 1686 4094 perseverarent
1729 4033 1785 4079 et

197 4129 511 4191 vincerent,
557 4138 729 4193 nequc
756 4123 834 4177 sic
871 4120 1082 4190 egregia
1121 4118 1259 4173 foret
1296 4118 1556 4182 victoria;
1610 4132 1785 4188 neque

200 4223 410 4291 insigne
454 4229 711 4289 tropatum
740 4233 754 4269 :
785 4213 917 4268 nihil
964 4214 1105 4266 enim
1145 4225 1433 4279 magnum,
1486 4218 1656 4264 artem
1700 4210 1781 4265 vel

203 4316 588 4388 professionem
615 4327 712 4383 pro
735 4311 931 4380 pietate
957 4294 1324 4362 contem-nere.
1356 4305 1537 4376 Neque
1563 4306 1608 4361 is
1632 4306 1786 4362 saevi-

200 4412 287 4464 tia:
314 4408 431 4477 ejus
453 4406 571 4461 linis
600 4412 716 4459 erat
751 4421 764 4457 :
793 4418 915 4457 nam
938 4401 1005 4456 ad
1030 4400 1145 4455 haec
1162 4441 1178 4467 ,
1209 4400 1254 4453 si
1281 4400 1402 4469 quis
1422 4400 1785 4468 superioribus

200 4501 358 4554 annis
380 4538 395 4563 ,
427 4513 547 4553 cum
574 4495 747 4550 adhuc
769 4494 838 4564 pii
881 4494 1235 4563 imperatores
1263 4507 1442 4546 rerum
1464 4492 1781 4561 potirentur,

200 4592 286 4648 vel
306 4590 489 4645 altaria
513 4587 799 4643 demolitus
829 4584 1050 4649 fuisset,
1094 4581 1181 4637 vel
1210 4581 1406 4651 templa
1442 4580 1780 4650 suﬂ‘odisset,

203 4682 292 4737 vel
316 4680 538 4736 donaria
558 4677 899 4747 diripuisset,
947 4673 1032 4729 vel
1060 4672 1203 4728 aliud
1234 4673 1337 4727 tale
1362 4673 1611 4742 quiddam
1640 4675 1780 4744 egis-

202 4783 312 4838 set,
344 4770 651 4840 rapiebatur
672 4767 738 4822 ad
769 4766 1035 4831 tribunal,
1082 4774 1136 4819 et
1176 4763 1537 4829 occidebatur,
1584 4778 1690 4819 non
1739 4764 1783 4820 is

202 4866 377 4922 solum
407 4864 496 4933 qui
523 4864 627 4916 tale
652 4859 776 4927 Quid
819 4858 1055 4927 egisset,
1100 4854 1193 4910 sed
1238 4855 1331 4925 qui
1375 4854 1581 4910 delatus
1627 4855 1784 4910 dum-
1830 4862 1835 4868 ‘

204 4965 343 5012 taxat
382 4954 590 5009 fuisset.
623 4949 880 5019 Fingebat
898 4959 1110 5018 quoque
1138 4954 1193 5000 et
1214 4946 1345 4999 alias
1368 4946 1546 5000 varias
1572 4960 1781 5013 causas,

204 5053 276 5105 ita
302 5057 360 5104 ut
386 5049 469 5118 pie
498 5044 785 5099 viventium
814 5054 973 5095 nemo
998 5054 1101 5092 non
1129 5038 1353 5107 lugeret.
1381 5038 1584 5107 Agebat
1604 5048 1783 5093 atttem

202 5141 349 5205 inec,
382 5146 442 5193 ut
464 5136 840 5192 obscuraretur
864 5129 1104 5201 martyrii
1150 5142 1349 5183 corona
1373 5168 1388 5193 ,
1431 5138 1485 5182 et
1512 5128 1784 5184 nihilomi-

204 5248 305 5289 nus
322 5230 498 5287 ctedes
517 5237 572 5283 et
591 5235 797 5295 strages
824 5223 1013 5278 fierent
1033 5261 1048 5286 ,
1078 5235 1252 5289 neque
1268 5218 1546 5289 splendida
1567 5221 1784 5289 pramia

203 5334 498 5395 martyrum
527 5322 846 5389 apparerent
877 5333 890 5368 :
923 5312 1056 5367 nihil
1080 5320 1260 5365 tamen
1287 5319 1400 5364 arte
1426 5310 1522 5364 hac
1542 5312 1785 5382 proficieo

203 5421 313 5473 bat.
338 5413 471 5470 Nam
502 5411 590 5481 qui
617 5411 688 5464 ita
711 5405 1103 5477 afﬂigebantur,
1135 5416 1240 5457 non
1272 5405 1339 5456 ad
1362 5403 1500 5457 illius
1522 5403 1784 5458 calculum

210 5519 257 5565 3t
284 5503 671 5574 malignitatem
697 5497 1007 5569 spectabant
1032 5535 1048 5562 ,
1088 5493 1181 5548 sed
1207 5492 1274 5548 ad
1302 5493 1664 5565 incorruptum
1688 5495 1784 5550 Ju-

200 5604 376 5658 dicem
400 5640 419 5667 ,
460 5613 491 5653 a
520 5611 626 5667 quo
647 5604 702 5650 et
729 5593 998 5648 caelestem
1028 5601 1280 5643 coronam
1308 5600 1622 5659 accepturos
1663 5603 1785 5644 sese

199 5690 563 5750 conﬁdebant.
1668 5724 1709 5747 ιν

259 5809 277 5839 ι
300 5800 443 5856 savii.
467 5802 518 5849 in
539 5808 713 5860 ωε..
733 5794 872 5859 quasi
892 5795 1013 5858 ferte
1026 5790 1409 5842 insurrexermt.

1086 330 1148 386 IN
1187 331 1623 390 JUVENTINUM
1656 333 1742 388 ET
1780 333 2179 392 MAXIMINUM
2219 335 2613 396 MARTYRES.

260 450 671 521 I’ersequutionis
716 449 843 503 ratio
882 448 973 501 sub
992 447 1202 503 Juliano
1231 450 1497 518 Apostota.
1535 478 1605 489 —
1648 448 1776 503 Erat
1860 461 1870 466 ‘

3369 352 3474 408 574

1959 449 2013 503 2.
2057 450 2356 507 Juvenlinus
2399 465 2448 509 et
2487 455 2799 514 Maximinus
2843 460 2895 515 in
2942 478 3190 519 carcerem
3219 468 3388 532 trusi;
3429 484 3473 523 et

1884 558 1983 612 qua
2012 542 2075 596 de
2106 560 2279 599 causa.
2308 576 2381 586 ——
2402 546 2607 603 interea
2635 565 2755 605 cum
2781 551 2895 606 haec
2925 552 2993 607 ita
3021 571 3079 611 se
3106 556 3392 624 haberent,
3422 572 3475 614 et

1884 632 2081 686 bellum
2103 635 2315 704 quidem
2346 637 2434 691 ille
2461 640 2746 707 parturirct
2774 643 3029 699 adversus
3067 658 3278 703 nostros
3298 690 3313 715 ,
3352 666 3471 705 ces-

1884 733 2029 777 saret
2052 734 2227 779 autem
2250 767 2265 792 ,
2296 729 2492 783 veritus
2520 746 2586 784 ne
2608 732 2909 789 vinceretur
2940 753 2953 788 :
2982 739 3173 793 accidit
3199 750 3255 794 ut
3278 742 3471 797 milites

1885 817 2150 884 quoddam
2196 822 2496 876 convivium
2526 822 2784 881 haberent
2812 869 2825 891 ,
2876 829 2928 882 in
2958 846 3062 900 quo
3091 842 3145 885 et
3170 844 3433 905 martyres
3452 877 3467 901 ,

1884 916 2017 970 quos
2047 903 2203 957 hodie
2227 906 2472 972 eolimus,
2503 921 2677 963 erant.
2702 911 2963 967 Caeterum
2985 956 3000 981 ,
3026 926 3083 970 ut
3102 903 3469 975 conviviorum

1825 1072 1833 1081 δ
1886 1009 2001 1047 mos
2027 1006 2147 1061 est,
2180 1011 2303 1051 cum
2336 1001 2467 1054 varii
2491 1017 2767 1059 sermones
2804 1005 2928 1061 hinc
2978 1008 3100 1064 inde
3139 1010 3466 1078 dicerentur,

1884 1089 2081 1157 aliique
2108 1090 2211 1144 alia
2239 1101 2562 1161 tractarent,
2594 1095 2646 1150 bi
2676 1098 2810 1152 mala
2838 1101 2916 1153 sui
2947 1104 3201 1171 temporis
3223 1103 3470 1173 deplora-

1884 1180 2042 1247 bant,
2073 1181 2228 1253 longe
2250 1185 2487 1241 feliciora
2515 1186 2677 1244 fuisse
2703 1194 2976 1261 superiora
3008 1207 3308 1252 asserentes
3332 1239 3346 1263 ,
3383 1197 3467 1251 di-

1884 1274 2181 1346 cebantque
2220 1287 2273 1333 et
2317 1279 2456 1335 inter
2498 1295 2556 1336 se
2598 1293 2652 1337 et
2678 1283 2743 1338 ad
2768 1285 2977 1342 sodales
3011 1289 3216 1357 :Quem
3261 1290 3469 1361 juvarot

1884 1366 2021 1423 ultra
2052 1370 2265 1439 vivere,
2299 1374 2383 1428 vel
2415 1374 2620 1443 spirare
2641 1417 2656 1443 ,
2701 1378 2783 1432 vel
2813 1379 2981 1435 solem
3014 1382 3207 1437 intueri
3237 1425 3251 1448 ,
3301 1388 3467 1440 sacris

1883 1457 2087 1528 legibus
2118 1461 2187 1515 ita
2213 1465 2539 1521 conculcatis
2567 1508 2580 1532 ,
2612 1469 2808 1538 pietate
2832 1471 2903 1525 ita
2928 1472 3122 1528 violata
3144 1517 3160 1542 ,
3192 1485 3465 1532 creatura-

1884 1565 2001 1603 rum
2034 1555 2270 1607 omnium
2302 1555 2526 1611 Domino
2556 1558 2627 1612 ita
2652 1563 3001 1630 contempto?
3045 1563 3232 1619 Omnia
3281 1568 3467 1625 nidore

1885 1642 2039 1710 plena
2069 1655 2193 1699 sunt
2220 1654 2273 1700 et
2298 1646 2480 1714 fumo,
2529 1651 2706 1706 omnia
2733 1653 3009 1710 sacrificiis
3044 1656 3332 1714 immundis
3376 1679 3465 1717 re-

1884 1733 2063 1789 ferta:
2098 1752 2165 1791 ne
2210 1753 2396 1806 purum
2426 1741 2640 1809 quidem
2684 1759 2863 1799 aerem
2909 1747 3115 1817 Spirare
3164 1766 3463 1820 possumus.
3514 1812 3519 1825 ,

1885 1824 2032 1878 Dicta
2066 1826 2179 1881 lucc
2209 1844 2277 1883 ne
2316 1832 2677 1901 perfunctorie
2718 1841 3115 1904 transeasrscd
3149 1844 3463 1913 considera,

1883 1918 2097 1985 quando
2120 1934 2182 1973 ea
2214 1920 2415 1990 loquuti
2443 1934 2597 1990 sunt,
2625 1935 2681 1981 et
2700 1938 2896 1997 quanta
2927 1932 3140 1999 pietate.
3189 1936 3318 1991 Nam
3341 1940 3385 1993 si
3414 1942 3465 1995 in

1884 2010 2097 2064 militari
2120 2013 2382 2079 convivio,
2415 2015 2503 2069 ubi
2528 2029 2750 2087 regnant
2769 2020 3000 2078 ebrietas
3022 2036 3073 2079 et
3101 2012 3464 2097 intemperan-

1885 2100 1992 2167 tia,
2050 2103 2136 2156 ubi
2175 2113 2410 2159 certatur
2429 2107 2497 2162 de
2546 2111 2949 2180 prodigalitate,
3001 2116 3087 2171 ubi
3114 2134 3246 2189 agon
3275 2131 3359 2175 est
3400 2123 3466 2177 de

1884 2193 2194 2248 temulentia
2220 2204 2274 2248 et
2301 2196 2526 2265 insania,
2552 2200 2631 2254 sic
2662 2202 3077 2272 ingemiscebant
3105 2220 3156 2262 et
3184 2210 3463 2281 lugebant:

1883 2288 2065 2352 quales
2092 2296 2244 2341 erant
2272 2289 2445 2353 domi,
2474 2305 2593 2345 cum
2617 2296 2713 2347 soli
2741 2296 2879 2351 inter
2915 2312 2973 2352 se
2998 2311 3215 2368 agerent
3234 2304 3256 2356 ?
3278 2306 3467 2373 quales

1883 2387 2035 2430 erant
2058 2378 2108 2430 in
2139 2379 2383 2447 precibus
2408 2391 2464 2436 et
2485 2383 2702 2451 jejuniis
2725 2426 2740 2450 ,
2771 2389 2859 2455 qui
2889 2388 3195 2445 deliciarum
3230 2402 3467 2464 tempore

1885 2476 1991 2521 tam
2046 2478 2438 2539 temperantes,
2481 2474 2772 2542 apostolica
2823 2492 2933 2546 pra;
2978 2495 3037 2533 se
3080 2481 3323 2538 ferebant
3375 2502 3466 2554 pe-

1882 2560 2072 2612 ctora?
2116 2558 2389 2616 Cadebant
2434 2565 2544 2629 alii,
2579 2564 2631 2619 hi
2659 2582 2787 2621 vero
2815 2568 3104 2638 lugebant;
3154 2574 3315 2643 impie
3338 2591 3461 2645 age-

1883 2650 2011 2704 bant
2036 2652 2121 2705 alii
2146 2693 2161 2719 ,
2205 2653 2255 2706 hi
2282 2669 2412 2709 vero
2442 2656 2752 2712 urebantur.
2795 2661 2968 2730 Atque
2997 2662 3094 2730 ipsi
3148 2665 3215 2717 ob
3246 2665 3464 2721 fratrum

1883 2741 2245 2797 infirmitatem
2273 2758 2422 2799 suam
2449 2749 2731 2803 sanitatem
2764 2766 2867 2805 non
2896 2753 3193 2808 sentiebant
3228 2771 3242 2820 ;
3273 2755 3350 2811 sic
3373 2758 3465 2812 do-

1884 2832 2067 2889 lebant
2094 2844 2147 2889 et
2177 2835 2610 2906 lacrymabantur
2640 2840 2692 2894 in
2730 2842 2881 2896 malis
2905 2884 2920 2908 ,
2951 2860 3068 2913 quae
3095 2855 3217 2899 tunc
3240 2847 3466 2912 ﬁebant,

1883 2926 2033 2996 quasi
2056 2929 2307 2982 universo
2333 2928 2530 2983 mundo
2556 2940 2761 2987 tutores
2790 2932 2897 2987 dati
2918 2944 3115 2988 essent.
3158 2936 3341 3005 Neque
3379 2952 3468 2993 oc-
3547 2952 3551 2959 '

1882 3018 2080 3074 cultum
2123 3020 2218 3074 fuit
2265 3022 2389 3076 talia
2435 3038 2527 3077 eos
2576 3024 2777 3080 dixisse
2810 3044 2822 3078 :
2852 3042 2974 3081 nam
3021 3044 3084 3082 ex
3123 3029 3391 3085 sodalibus
3416 3042 3469 3086 et

1883 3112 2123 3167 coovivis
2159 3112 2400 3167 adulator
2420 3124 2474 3168 et
2497 3114 2683 3169 irrisor
2709 3114 2923 3186 quidam
2949 3158 2963 3181 ,
3014 3120 3326 3189 obsequium
3366 3121 3469 3176 lm-

1883 3203 2114 3271 peratori
2157 3201 2426 3270 facturus,
2458 3205 2633 3259 omnia
2684 3214 2740 3261 ut
2776 3206 2915 3261 dicta
2946 3216 3097 3262 erant
3126 3210 3331 3263 detulit.
3379 3211 3470 3265 ille

1884 3302 2093 3361 arrepta
2121 3294 2400 3349 occasione
2429 3295 2537 3363 jam
2578 3296 2666 3350 diu
2698 3296 2953 3367 quaesita,
2997 3310 3240 3353 causatus
3281 3308 3363 3354 est
3404 3319 3467 3356 ex

1883 3387 2060 3440 verbis
2090 3386 2197 3441 illis
2220 3386 2517 3441 affectatam
2550 3390 2883 3459 tyrannidem
2906 3432 2919 3455 ,
2966 3402 3023 3444 ut
3051 3392 3118 3444 ita
3147 3407 3239 3447 cos
3268 3404 3467 3465 marty-

1884 3478 1949 3532 rii
1977 3492 2170 3533 corona
2205 3479 2471 3547 privaret,
2522 3491 2577 3535 et
2610 3480 2769 3551 jussit
2812 3482 3091 3552 publicatis
3135 3481 3470 3539 facultatibus

1885 3583 2069 3624 eorum
2098 3570 2345 3625 omnibus
2369 3614 2383 3638 ,
2424 3572 2594 3627 nudos
2619 3574 2671 3629 in
2699 3590 2970 3631 carcerein
2998 3575 3203 3645 conjici.
3250 3576 3329 3633 llii
3376 3593 3472 3630 au-

1886 3668 1993 3714 tem
2023 3662 2325 3731 gaudebant
2345 3703 2359 3730 ,
2393 3673 2447 3717 et
2470 3665 2809 3721 exsultabant
2833 3668 3073 3723 dicentes
3105 3707 3118 3719 .
3150 3667 3283 3745 Quid
3319 3683 3473 3738 nobis

1885 3753 2081 3807 divitiis
2127 3755 2464 3824 pretiosaque
2496 3765 2643 3812 veste
2688 3760 2862 3827 opus?
2903 3759 2945 3812 si
2969 3769 3023 3817 et
3051 3765 3313 3823 indusium
3343 3772 3468 3827 inti-

1884 3860 2028 3897 mum
2047 3886 2061 3905 ,
2093 3859 2285 3913 nempe
2313 3862 2437 3900 caro
2458 3887 2473 3912 ,
2501 3858 2717 3918 propter
2741 3848 3008 3908 Christum
3040 3859 3338 3914 cxueudum
3365 3871 3472 3929 est,

1886 3950 1993 3989 non
2014 3936 2424 4000 obluctabimur,
2443 3939 2535 3992 sed
2555 3947 2745 4007 sponte
2764 3945 3140 4000 concedemus.
3160 3948 3308 4005 Tunc
3324 3952 3470 4022 signa

1886 4041 2072 4082 eorum
2116 4027 2362 4082 domibus
2405 4040 2763 4099 apponuntur,
2797 4035 3082 4107 omniaque
3126 4039 3468 4111 diripiuntur.

1886 4119 2055 4173 Porro
2082 4130 2139 4173 ut
2169 4119 2413 4174 homines
2442 4120 2496 4174 in
2525 4122 2746 4190 patriam
2781 4127 2964 4192 procul
2992 4128 3145 4182 sitam
3173 4133 3472 4202 migraturi,

1886 4211 2236 4265 substantiam
2272 4226 2484 4266 omnem
2514 4212 2568 4266 in
2600 4214 2875 4283 pecuniam
2897 4231 3272 4277 commutatam
3298 4239 3471 4297 srrpe-

1886 4316 2110 4357 numero
2156 4306 2483 4371 praamittunt
2522 4322 2537 4358 :
2578 4303 2649 4358 ita
2700 4312 2755 4360 et
2800 4304 2906 4361 illis
2956 4309 3166 4365 accidit.
3211 4312 3468 4381 Quoniam

1886 4397 2026 4453 enim
2049 4398 2102 4453 in
2123 4398 2283 4452 caelos
2304 4406 2458 4453 erant
2486 4398 2778 4465 transituri,
2803 4399 3031 4457 inimicis
3052 4404 3181 4474 ipsis
3202 4408 3469 4476 negotium

1887 4490 2164 4562 agentibus
2183 4531 2199 4558 ,
2241 4498 2295 4546 et
2323 4490 2377 4545 in
2418 4490 2519 4545 hoc
2546 4491 2967 4547 ministrantibus
2987 4535 3003 4561 ,
3045 4510 3175 4565 Opes
3204 4514 3325 4554 suas
3347 4512 3472 4557 ante

1887 4600 1946 4641 se
1974 4584 2249 4639 miserunt.
2296 4583 2410 4638 Non
2441 4583 2582 4639 enim
2613 4583 2716 4637 illa:
2746 4591 2946 4638 tantum
2973 4601 3101 4655 Opes
3121 4629 3136 4655 ,
3167 4604 3297 4660 quas
3325 4593 3467 4647 eice-

1886 4694 2124 4750 mosynse
2151 4677 2366 4732 nomine
2404 4676 2678 4746 largimur,
2720 4678 3110 4733 transferuntur
3148 4682 3199 4734 in
3238 4682 3425 4737 caelum
3450 4726 3469 4753 ,

1886 4769 1980 4825 sed
2004 4769 2162 4824 etiam
2190 4782 2550 4839 quascumque
2588 4767 2741 4822 nobis
2792 4771 2969 4823 hostes
3001 4770 3122 4825 fidei
3157 4772 3471 4845 piorumque

1888 4872 2296 4935 persequutorcs
2326 4859 2569 4930 rapiunt,
2604 4859 2710 4914 illic
2742 4859 2975 4915 thesauri
3003 4873 3179 4917 erunt.
3208 4865 3301 4919 Est
3327 4868 3468 4921 enim

1886 4955 1991 5009 hoc
2020 4969 2126 5008 non
2154 4954 2328 5007 minus
2352 4967 2511 5021 quam
2537 4950 2660 5005 illud
2691 4968 2703 5003 :
2734 4950 2800 5005 de
2821 4967 2926 5022 quo
2964 4953 3087 5007 audi
3123 4954 3249 5024 quid
3276 4954 3471 5009 Paulus

1887 5049 2028 5103 dicat
2066 5065 2079 5101 :
2120 5046 2187 5101 Et
2228 5043 2722 5116 rapinam,rinquit,
2765 5044 3008 5098 bonorum
3040 5058 3311 5100 vestrorum
3357 5064 3469 5102 cum

1887 5140 2072 5211 gaudio
2094 5138 2275 5191 tulistis
2298 5177 2313 5203 ,
2356 5145 2697 5206 exspectantes
2726 5152 2811 5188 vos
2840 5135 3021 5188 habere
3049 5134 3305 5189 meliorem
3347 5137 3468 5190 sub-

1888 5229 2123 5285 stantiam
2143 5268 2160 5295 ,
2187 5236 2231 5280 et
2256 5236 2537 5279 manentem
2570 5227 2622 5279 in
2650 5226 2784 5279 caelis
2813 5223 3101 5296 (Πρω-ΛΟ.
3127 5225 3191 5280 54
3207 5225 3251 5295 ).
3280 5224 3351 5282 Ut
3378 5241 3473 5281 au.

1890 5332 1996 5378 tom
2027 5320 2249 5392 ingressi
2269 5331 2392 5374 sunt
2417 5320 2468 5373 in
2499 5333 2789 5385 carcerem,
2808 5317 3062 5372 conﬂuxit
3084 5318 3151 5371 ad
3179 5332 3271 5373 eos
3296 5321 3470 5374 omnis

1888 5413 2074 5469 civitas
2098 5453 2112 5478 ,
2154 5412 2362 5465 tametsi
2391 5409 2570 5464 tnultis
2598 5409 2889 5463 terroribus
2910 5450 2922 5471 ,
2963 5408 3119 5461 minis
3143 5418 3197 5462 et
3223 5410 3469 5479 periculis

1890 5504 2227 5562 interdictum
2257 5510 2371 5556 erat
2393 5543 2408 5565 ,
2459 5516 2525 5555 ne
2552 5500 2667 5570 quis
2707 5500 2785 5553 vel
2814 5498 2879 5552 ad
2904 5513 2995 5552 eos
3042 5500 3354 5563 accederet,
3390 5504 3468 5557 vel

1890 5597 1971 5652 eis
2000 5595 2325 5664 loqueretur,
2348 5592 2431 5645 vel
2458 5590 2643 5660 quovis
2664 5588 2824 5642 mod-0
2847 5589 3284 5644 communicaret.
3309 5592 3465 5661 Atqui

1891 5686 2049 5741 timor
2074 5683 2168 5737 Dei
2194 5681 2282 5736 illa
2306 5680 2483 5735 omnia
2511 5678 2744 5733 excussit
2770 5694 2782 5731 :
2813 5677 2953 5733 unde
2980 5678 3130 5733 multi
3149 5679 3220 5733 ob
3240 5695 3467 5735 consue-

1892 5778 2163 5844 tudinem,
2195 5790 2350 5846 quam
2377 5787 2497 5828 cum
2524 5772 2632 5827 illis
2658 5770 2960 5838 habebant,
3000 5770 3121 5828 facti
3150 5784 3270 5828 sunt
3296 5780 3348 5830 et
3368 5775 3465 5845 ipsi
