3884 6294
376 309 483 365 3.75

377 433 677 495 martyres:
724 413 875 472 multi
910 411 1052 468 enim
1095 416 1397 475 contempta
1427 402 1674 475 praesenti
1701 400 1953 495 vita-fre-

382 489 601 585 quenter
626 524 721 565 eos
746 504 1008 561 visitando
1025 543 1040 566 ,
1069 497 1390 571 psalmodias
1411 507 1666 562 sacraque
1684 489 1957 561 pervigilia

379 603 738 661 celebrabant.
767 598 932 653 Erant
959 592 1345 649 familiaritates
1373 587 1479 641 illa:
1518 585 1807 655 spiritualis
1832 599 1959 637 eru-

381 695 596 752 ditionis
622 702 781 762 alque
816 683 1198 743 consolationis
1236 682 1409 750 plenae
1439 697 1452 732 :
1482 687 1536 732 et
1564 679 1741 732 clausa
1783 674 1961 730 eccle-

382 793 457 843 sia
478 830 495 857 ,
522 801 705 843 carcer
735 780 960 838 ecclesia
996 778 1168 832 factus
1212 781 1316 828 est.
1346 771 1529 841 Neque
1562 770 1597 824 ii
1634 771 1840 832 solum,
1873 765 1963 835 qni

383 895 478 936 eos
493 876 773 940 visebant,
822 870 920 925 sed
954 880 1009 923 et
1045 868 1132 937 qui
1162 866 1307 920 intus
1346 878 1466 916 cum
1504 861 1583 916 eis
1627 859 1963 919 tenebantur,

386 969 668 1027 maximam
697 962 1010 1033 sapientiam
1054 966 1110 1013 et
1151 958 1399 1010 virtutem
1429 968 1460 1006 a
1503 950 1753 1022 patientia
1790 957 1843 1001 et
1865 945 1967 1001 ﬁde

387 1078 569 1118 eorum
611 1056 909 1113 discebant.
951 1053 1244 1121 Imperator
1288 1056 1345 1100 ut
1390 1045 1507 1099 haec
1532 1042 1769 1107 audivit,
1816 1038 1968 1093 valde

388 1151 748 1209 stomachatus
780 1148 897 1203 est:
942 1144 1161 1213 cupiens
1188 1151 1363 1195 tamen
1393 1153 1487 1193 eos
1526 1136 1888 1205 supplantare,
1917 1138 1973 1186 et

389 1249 456 1302 ab
483 1240 756 1299 alacritate
783 1256 876 1294 sua
923 1237 1188 1307 dejicere,
1223 1232 1393 1288 foedos
1428 1230 1688 1301 quosdam
1729 1225 1972 1281 homines

390 1348 445 1392 et
467 1334 881 1407 prmstigiatores
912 1327 1240 1390 subornavit,
1268 1325 1382 1395 qui,
1410 1324 1454 1377 si
1481 1319 1691 1390 quando
1714 1318 1975 1407 privatum

392 1406 712 1496 colloquium
740 1437 860 1477 sese
882 1420 1121 1482 oll'erret,
1142 1432 1246 1471 non
1278 1424 1334 1468 ut
1361 1414 1429 1468 ab
1454 1412 1780 1483 Imperatore
1804 1406 1974 1471 missi,

394 1519 488 1573 sed
517 1515 668 1588 quasi
695 1512 911 1584 proprio
945 1509 1169 1565 consilio
1214 1506 1267 1561 id
1295 1514 1511 1576 agentes
1530 1543 1545 1566 ,
1573 1502 1980 1556 adhortarentur

398 1622 516 1662 uta
559 1606 814 1675 religione
852 1601 1111 1657 desistant
1148 1606 1203 1653 et
1230 1596 1296 1650 ad
1322 1595 1646 1665 impietatem
1688 1597 1978 1646 transeant.

402 1698 655 1753 Dicebant
691 1696 832 1750 enim
867 1710 879 1745 :
907 1692 994 1746 Sic
1040 1705 1145 1743 non
1182 1686 1351 1742 solum
1380 1684 1663 1739 imminens
1688 1681 1980 1752 periculttnt

399 1790 701 1860 eﬁugietis,
753 1785 847 1840 sed
893 1783 1080 1853 majori
1103 1781 1356 1849 dignitate
1381 1774 1686 1840 honestati,
1728 1773 1982 1840 majorem

401 1895 613 1952 quoque
652 1877 1000 1947 principatum
1037 1869 1277 1940 adepturi
1314 1868 1477 1933 estis,
1525 1863 1866 1934 Imperatoris
1909 1862 1985 1915 ira

402 1972 626 2030 feliciter
645 1969 872 2040 placata.
900 1964 1085 2019 Nonne
1116 1960 1322 2015 vidistis
1350 1968 1404 2013 et
1433 1957 1567 2011 alios
1590 1956 1753 2010 vestri
1782 1952 1987 2008 ordinis

403 2063 631 2135 idipsutu
654 2056 885 2115 fecisse?
911 2055 1113 2124 Quibus
1140 2053 1214 2107 illi
1242 2048 1631 2120 responderunt
1657 2063 1670 2101 :
1704 2044 1862 2116 Atqui
1890 2058 1988 2100 nos

403 2154 502 2210 hac
530 2152 861 2224 potissimum
888 2148 1093 2201 ratione
1117 2144 1338 2199 viriliter
1374 2141 1671 2207 stabimus,
1710 2147 1769 2193 ut
1795 2153 1890 2208 pro
1921 2137 1988 2191 il-

405 2248 575 2323 lorum
604 2244 751 2313 lapsu
782 2239 1138 2308 nosmetipsos
1166 2237 1220 2290 in
1248 2234 1505 2289 sacriﬁcia
1533 2231 1840 2287 offeramus.
1884 2228 1989 2284 Be-

409 2337 602 2405 nignus
646 2331 799 2387 nobis
826 2329 1080 2384 Dominus
1105 2336 1186 2379 est
1219 2341 1234 2378 :
1263 2324 1400 2378 solet
1437 2323 1598 2377 etiam
1625 2335 1731 2375 uno
1771 2327 1991 2389 accepto

409 2422 670 2480 sacriﬁcio
697 2420 793 2476 toti
815 2418 934 2474 orbi
955 2415 1251 2499 conciliari.
1280 2414 1349 2467 At
1375 2413 1513 2467 sicut
1537 2412 1663 2464 olim
1708 2419 1814 2464 tres
1843 2408 1993 2479 pueri

408 2515 661 2570 dixerunt
689 2530 702 2566 :
733 2509 856 2565 Non
876 2519 947 2564 est
970 2510 1022 2562 in
1044 2517 1261 2578 tempore
1285 2505 1380 2558 hoc
1406 2504 1637 2574 princeps
1656 2511 1703 2557 et
1724 2503 1991 2573 propheta,

409 2617 458 2662 et
484 2607 623 2671 dux,
665 2619 824 2673 neque
865 2601 1246 2664 holocaustum,
1279 2613 1438 2664 neque
1461 2596 1799 2665 sacriﬁcium,
1839 2610 1995 2665 neque

412 2701 552 2754 locus
581 2696 820 2763 afferendi
850 2708 1022 2746 coram
1059 2700 1138 2757 te,
1187 2699 1242 2743 ut
1267 2689 1515 2759 possimus
1556 2686 1776 2741 invenire
1801 2685 1998 2740 miseri-

414 2787 658 2850 cordiam,
705 2785 793 2838 sed
830 2783 882 2836 in
928 2782 1097 2834 animo
1141 2779 1353 2833 contrito
1396 2786 1443 2832 et
1480 2779 1663 2849 spiritu
1699 2775 1997 2830 humilitatis

414 2879 746 2950 suscipiantur
776 2874 948 2946 (Dan.
981 2874 1034 2929 5.
1062 2873 1151 2927 58.
1181 2871 1289 2941 59)
1317 2889 1331 2925 :
1360 2871 1430 2925 ita
1451 2878 1503 2924 et
1526 2880 1787 2940 martyres
1812 2868 1887 2923 illi
1913 2868 1996 2922 vi-

415 2971 602 3026 dentes
628 2968 816 3022 altaria
844 2968 1120 3030 subversa,
1150 2963 1358 3018 clausas
1386 2962 1660 3029 ecclesias,
1692 2959 1998 3017 sacerdotes

316 3109 328 3118 .
416 3061 598 3131 pulsos
619 3101 636 3127 ,
664 3059 848 3114 ﬁdeles
884 3071 1073 3112 omnes
1102 3055 1339 3126 fugatos,
1367 3052 1650 3110 studebant
1672 3063 1727 3108 ut
1756 3067 1858 3124 pro
1883 3068 2000 3109 om-

417 3154 572 3209 nibus
596 3152 914 3208 offerrentur
937 3151 1183 3218 Domino,
1215 3150 1520 3220 relictisque
1546 3149 1863 3205 militaribus
1887 3156 2002 3204 tur-

418 3247 540 3312 mis,
571 3246 824 3316 angelicis
849 3258 969 3299 sese
998 3244 1180 3300 choris
1205 3242 1575 3314 adiungerent.
1598 3241 1819 3298 Etiamsi
1836 3257 1999 3308 nunc,

416 3337 661 3402 aiebant,
694 3351 798 3390 non
821 3335 1133 3398 moriamur,
1165 3333 1501 3388 moriendum
1527 3343 1704 3388 tamen
1729 3342 1783 3387 et
1798 3334 2003 3404 patien-

417 3428 543 3481 dum
565 3426 667 3478 hoc
693 3433 775 3479 est
806 3441 911 3478 non
942 3424 1110 3478 multo
1147 3423 1389 3493 posthac.
1434 3424 1611 3479 Satius
1644 3424 1801 3493 igitur
1848 3424 2004 3479 fuerit

420 3516 557 3569 mori
582 3530 675 3584 pro
697 3514 842 3584 Rege
866 3515 1196 3583 angelorum,
1221 3529 1379 3583 quam
1406 3528 1503 3583 pro
1528 3528 1652 3583 rege
1680 3521 1785 3567 tam
1808 3515 1999 3584 impio;

420 3609 588 3661 satius
616 3605 774 3660 fuerit
807 3620 903 3675 pro
926 3605 1092 3675 patria
1117 3606 1317 3661 caelesti
1341 3621 1488 3661 arma
1517 3606 1814 3676 deponere,
1843 3622 2002 3678 quam

422 3712 522 3767 pro
551 3707 761 3752 terrena
787 3706 844 3752 et
868 3712 1024 3766 quam
1057 3696 1277 3766 pedibus
1297 3697 1582 3753 calcamus.
1616 3698 1713 3754 Hie
1748 3700 1847 3755 etsi
1884 3701 2004 3771 quis

422 3790 701 3857 moriatur,
747 3788 880 3844 nihil
908 3790 1133 3859 accipiet
1176 3790 1244 3845 ab
1272 3788 1603 3859 Imperatore
1650 3807 1744 3846 sua
1788 3792 2004 3862 dignum

421 3879 748 3935 fortitudine.
797 3880 866 3934 Et
903 3880 1028 3950 quid
1083 3890 1267 3950 posset
1319 3880 1479 3934 homo
1522 3879 1774 3937 defuncto
1820 3886 2005 3954 gratia:

422 3969 709 4026 conferre?
733 3971 895 4041 Atqui
933 3969 982 4024 ei
1009 3986 1375 4041 saepenumero
1402 3986 1470 4026 ne
1491 3970 1762 4041 sepultura
1791 3971 2007 4043 quidem

421 4062 711 4132 contingit,
751 4071 806 4116 et
835 4065 939 4117 no’n
959 4077 1080 4116 raro
1103 4077 1134 4116 a
1163 4063 1386 4118 canibus
1422 4062 1729 4118 devoratur.
1777 4064 1928 4132 Quod
1959 4065 2005 4119 si

423 4168 522 4223 pro
565 4153 710 4223 Rege
744 4153 1054 4224 angelorum
1093 4154 1287 4207 mortui
1320 4154 1574 4210 fuerimus
1595 4196 1612 4222 ,
1659 4155 1790 4210 certi
1824 4170 2008 4212 sumus

424 4258 522 4297 nos
549 4251 859 4312 accepturos
886 4259 1083 4315 corpus
1112 4245 1280 4299 multo
1297 4245 1603 4314 gloriosius,
1626 4246 1813 4316 majori
1841 4247 2007 4317 gloria

422 4333 693 4403 conSpicui
715 4333 915 4387 erimus
935 4377 950 4401 ,
983 4334 1139 4403 longe
1168 4334 1367 4403 majora
1396 4335 1550 4390 nobis
1578 4347 1737 4392 erunt
1764 4338 2006 4393 laborum

426 4424 677 4493 prtemia,
716 4433 771 4478 et
805 4439 1004 4478 corona
1033 4423 1398 4479 redimiemur.
1441 4426 1669 4481 Proinde
1694 4428 2009 4497 arripiamus

422 4530 575 4570 arma
613 4514 907 4585 spiritualia
944 4530 958 4568 ε
992 4529 1100 4568 non
1144 4530 1277 4584 opus
1302 4514 1494 4584 jaculis
1518 4524 1572 4569 et
1611 4517 1837 4572 arcubus
1859 4559 1874 4585 ,
1902 4534 2009 4572 non

423 4605 545 4659 aliis
568 4605 731 4659 armis
756 4618 873 4674 quae
892 4603 992 4658 sub
1017 4617 1205 4659 sensus
1231 4604 1466 4672 cadunt;
1498 4608 1692 4661 sufﬁcit
1721 4622 1816 4677 pro
1839 4610 2011 4663 omni-

426 4698 528 4751 bus
549 4697 746 4765 lingua.
787 4694 925 4749 Sunt
955 4695 1098 4749 enim
1125 4704 1180 4750 et
1204 4705 1511 4751 sanctorum
1537 4712 1629 4754 ora
1655 4698 1915 4768 pharetra:
1934 4741 1951 4768 ,
1979 4717 2011 4757 e

425 4787 619 4858 quibus
644 4786 906 4841 diabolica
936 4787 1096 4856 capiti
1130 4786 1370 4843 continui
1395 4796 1451 4843 et
1476 4788 1649 4844 crebri
1699 4789 1836 4845 ictus
1871 4790 2009 4848 infe-

427 4888 639 4935 runtur.

502 4972 557 5028 5.
597 4969 797 5024 Juliani
824 4970 1083 5041 Apostatw
1106 4971 1376 5025 calliditas.
1404 4970 1706 5027 Juventinus
1756 4984 1804 5028 et
1832 4974 2009 5030 Haxi~

429 5066 594 5119 minus
619 5064 785 5136 capite
810 5072 1130 5118 truncantur.
1161 5093 1229 5104 —-
1251 5062 1499 5119 Nuntiata
1528 5075 1652 5120 sunt
1681 5074 1736 5123 et
1775 5067 1889 5123 hate
1928 5078 2011 5126 at-

427 5172 533 5227 que
555 5157 749 5211 similia
776 5156 1108 5227 Imperatori,
1140 5157 1232 5227 qui
1261 5172 1360 5213 nec
1386 5158 1608 5227 destitit,
1631 5160 1726 5216 sed
1746 5161 2010 5219 illecebris

430 5248 621 5302 iterum
641 5257 803 5318 atque
824 5248 1014 5303 iterum
1044 5247 1166 5303 illns
1193 5253 1435 5304 tentavit.
1461 5251 1531 5305 lta
1556 5260 1734 5307 autem
1754 5253 2011 5309 subdolus

430 5339 523 5394 ille
550 5348 604 5395 et
617 5340 842 5394 callidus
855 5353 920 5394 ac
950 5339 1162 5408 sapiens
1182 5340 1246 5394 ad
1275 5343 1413 5397 male
1432 5343 1694 5412 agendum
1727 5359 1839 5399 rem
1882 5360 2013 5399 con-

430 5432 705 5496 cinnavit,
753 5440 812 5486 ut
848 5431 895 5485 si
933 5431 1188 5487 cederent
1209 5434 1368 5502 victi,
1411 5438 1512 5490 sub
1539 5435 1776 5491 omnium
1825 5439 2012 5494 oculos

436 5523 877 5601 prpducerentur,
899 5533 955 5579 et
980 5523 1232 5590 effiCeret,
1260 5537 1318 5580 ut
1333 5528 1733 5583 sacriﬁcarent:
1761 5529 1844 5583 sin
1886 5544 2013 5600 per-

433 5625 766 5683 severarent,
791 5626 1095 5686 tantamque
1113 5618 1164 5672 in
1201 5635 1370 5689 pugna
1399 5617 1763 5676 fortitudinem
1792 5620 2013 5676 exhibe-

433 5714 571 5777 rent,
603 5720 710 5763 non
735 5707 1010 5765 manifesta
1029 5708 1165 5766 foret
1189 5711 1400 5767 illorum
1422 5704 1641 5767 vietoria
1662 5751 1681 5781 ,
1734 5712 1828 5769 sed
1852 5713 2005 5784 quasi

1090 297 1151 354 S.
1186 290 1467 352 JOANNIS
1502 283 1993 347 CHRYSOSTOMI"

2099 282 2327 341 tCﬂlEP.
2367 280 2902 339 CONSTANTINOP.

2064 394 2322 451 affectatae
2376 393 2674 464 tyrannidis
2714 394 2791 448 rei
2837 403 3236 448 truncarentur.
3267 394 3338 448 At
3368 393 3460 464 qui
3491 410 3657 451 reve-

2063 486 2137 540 lat
2158 484 2417 555 profunda
2441 494 2496 539 et
2528 484 2726 550 abdita,
2777 498 2884 538 non
2917 483 3181 553 permisit,
3210 493 3270 538 ut
3295 484 3658 540 machinatio-

2065 593 2161 633 nes
2187 577 2291 631 illa:
2317 576 2539 631 occultae
2583 583 2896 643 manerent,
2933 583 2989 630 et
3019 576 3213 645 ignota:
3264 576 3513 634 insidiae:
3560 578 3659 632 sed

2066 668 2511 738 quemadmodum
2542 669 2630 723 illa
2661 669 2853 723 mulier
2883 668 3133 739 [Egyptia
3171 668 3461 739 Josephum
3488 671 3546 723 in
3573 686 3659 723 cu-

2068 759 2248 815 biculo
2273 775 2336 815 ac
2360 759 2648 815 solitudine
2674 760 2842 814 multa
2892 759 3306 830 apprehendens
3349 758 3517 832 (Gen.
3565 762 3659 816 59.

3546 281 3654 337 57‘}

2073 856 2160 923 11)
2183 895 2199 920 ,
2228 855 2354 909 licet
2375 862 2620 923 speraret
2648 852 2844 908 factum
2870 867 3025 908 suum
3069 854 3207 908 clam
3252 852 3370 908 fore
3402 854 3664 909 omnibus

2076 946 2397 1010 hominibus,
2425 961 2529 1000 non
2559 945 2657 999 fuit
2687 954 2866 999 tamen
2892 945 3126 1012 occulta,
3160 945 3243 1000 vel
3270 947 3432 1001 oculo
3460 945 3539 999 illi
3566 961 3662 1001 so-

2077 1038 2222 1107 poris
2249 1037 2454 1102 nescio,
2476 1037 2559 1091 vel
2588 1036 2882 1106 posteritati
2903 1051 2918 1099 ;
2939 1035 3036 1090 sed
3054 1036 3194 1105 quod
3211 1037 3416 1107 absque
3436 1037 3669 1092 arbitrio

2078 1129 2167 1185 illa
2193 1128 2427 1199 Josepho
2452 1128 2604 1192 dixit,
2632 1128 2683 1182 id
2706 1144 2846 1182 nunc
2873 1128 3052 1198 ibique
3090 1138 3352 1183 terrarum
3401 1131 3617 1185 canitur
3649 1144 3667 1185 :

2080 1220 2152 1275 ita
2177 1228 2231 1276 et
2259 1235 2320 1274 ea
2341 1235 2457 1290 quae
2485 1235 2580 1288 per
2600 1219 2922 1273 subornatos
2944 1219 3280 1274 consiliarios
3301 1221 3389 1276 ille
3406 1220 3671 1292 loqueba-

2084 1322 2170 1368 tur
2205 1328 2428 1383 sperans
2449 1312 2654 1367 occulta
2681 1312 2815 1378 fore,
2848 1327 3179 1383 nequaquam
3228 1323 3543 1369 manserunt
3571 1329 3675 1369 oc-

2082 1409 2248 1463 culta.
2290 1406 2598 1461 Didicerunt
2625 1406 2767 1460 enim
2804 1405 3007 1476 posteri
3033 1420 3220 1460 omnes
3250 1414 3305 1460 et
3348 1407 3575 1461 insidias
3619 1423 3677 1463 et

2087 1500 2526 1570 triumphantium
2548 1499 2824 1553 victorias.
2872 1497 3109 1567 Denique
3155 1511 3298 1563 cum,
3331 1499 3501 1553 multo
3533 1510 3675 1553 tem-

2086 1606 2218 1662 pore
2236 1598 2445 1656 exacto,
2470 1589 2801 1644 alacritatem
2821 1603 3007 1642 eorum
3030 1604 3135 1642 non
3157 1589 3329 1643 solum
3357 1606 3462 1644 non
3514 1590 3685 1646 fran-'

2086 1691 2238 1753 geret
2258 1682 2598 1746 diuturnitas,
2630 1678 2725 1735 sed
2745 1680 2924 1752 potius
2946 1680 3182 1735 studium
3206 1690 3263 1736 et
3296 1682 3545 1737 ardorem
3574 1697 3675 1737 ex-

2090 1774 2301 1839 citaret,
2322 1773 2765 1842 annulatorcsque
2784 1771 2982 1826 multos
3011 1770 3228 1837 faceret,
3255 1772 3414 1842 jussit
3454 1772 3678 1829 tandem

2091 1866 2269 1923 media
2296 1874 2453 1921 nocte
2495 1864 2548 1919 in
2606 1865 2922 1919 barathrum
2948 1879 3043 1919 eos
3084 1864 3293 1920 abduci.
3336 1865 3682 1920 Dncebantur

2093 1959 2270 2028 itaque
2287 1957 2340 2012 in
2364 1958 2551 2012 mediis
2575 1958 2810 2013 tenebris
2825 1957 3124 2022 luminaria,
3157 1967 3211 2012 et
3230 1958 3305 2012 illi
3330 1958 3682 2014 decollaban-

2097 2060 2205 2105 tur.
2232 2048 2495 2105 Caeterum
2526 2049 2701 2119 capita
2744 2049 3062 2105 detruncata
3103 2058 3229 2103 tunc
3265 2049 3479 2104 diabolo
3507 2053 3683 2119 magis

2095 2142 2351 2197 terribilia
2391 2150 2566 2207 erant,
2616 2155 2774 2210 quam
2816 2154 2938 2194 eum
2975 2138 3148 2194 adhuc
3184 2154 3367 2195 vocem
3411 2140 3607 2196 darent
3666 2158 3681 2193 :

2095 2233 2235 2288 sicut
2306 2240 2362 2287 et
2434 2242 2595 2302 caput
2652 2231 2874 2286 Joannis
2951 2247 3056 2288 non
3112 2241 3317 2287 tantum
3384 2235 3681 2298 terrebat,

2096 2340 2218 2381 cum
2235 2324 2564 2394 loqueretur,
2601 2334 2856 2394 quantum
2886 2339 3008 2378 cum
3038 2325 3090 2379 in
3113 2324 3264 2380 disco
3286 2337 3490 2380 mutum
3520 2325 3685 2381 aﬂ'er-

2098 2427 2268 2475 retur.
2299 2417 2469 2473 Habet
2483 2417 2626 2471 enim
2653 2425 2710 2471 et
2732 2426 3037 2471 sanctorum
3058 2417 3273 2485 sanguis
3292 2432 3443 2471 suam
3467 2431 3681 2480 vocem,

2099 2526 2217 2581 qua:
2246 2525 2354 2566 non
2382 2525 2475 2580 per
2498 2524 2655 2565 aures
2682 2510 2917 2571 auditur,
2944 2509 3037 2564 sed
3063 2509 3421 2566 occidentium
3463 2511 3686 2565 consci-

2100 2601 2299 2656 entiam
2328 2600 2548 2655 invadit.
2588 2600 2717 2655 Post
2743 2600 2951 2655 beatam
2983 2601 3126 2655 illam
3170 2600 3372 2655 caedem
3414 2601 3633 2670 quidam
3667 2643 3687 2668 ,

2103 2692 2263 2747 etiam
2292 2707 2414 2748 cum
2432 2692 2619 2747 salutis
2642 2691 2900 2761 periculo,
2929 2690 3159 2746 athletas
3186 2691 3310 2747 illos
3328 2693 3561 2761 optimos
3598 2708 3689 2746 ra-

2103 2792 2351 2853 puerunt,
2373 2785 2532 2838 etiam
2548 2782 2646 2852 ipsi
2673 2782 2778 2836 vivi
2804 2793 3088 2853 martyres,
3108 2793 3168 2837 ut
3193 2783 3405 2838 illorum
3427 2783 3690 2853 reliquias

2102 2884 2353 2930 curarent
2380 2874 2654 2929 decenter.
2681 2873 2815 2929 Nam
2842 2875 3085 2944 quamvis
3115 2889 3223 2929 non
3257 2875 3645 2931 occidebantur
3669 2917 3689 2940 ,

2103 2965 2360 3035 optabant
2387 2973 2563 3020 tamen
2590 2964 2764 3030 mori;
2788 2965 2986 3035 illoque
3004 2964 3164 3019 modo
3193 2964 3261 3019 ad
3281 2966 3538 3035 rapienda
3557 2982 3685 3020 cor-

2107 3071 2238 3127 pora
2262 3056 2486 3128 profecti
2508 3064 2650 3110 sunt.
2676 3055 2869 3110 Dicunt
2888 3055 2978 3125 qui
3009 3062 3135 3110 tunc
3163 3055 3385 3121 afl‘uere,
3408 3065 3465 3111 et
3479 3057 3680 3127 quibus

2109 3163 2335 3218 corpora
2364 3147 2454 3204 illa
2481 3162 2669 3203 recens
2692 3147 2870 3203 occisa
2909 3147 3097 3204 videre
3126 3147 3306 3203 datum
3346 3147 3446 3203 fuit
3472 3189 3488 3215 ,
3541 3150 3687 3218 quod

2112 3240 2423 3311 jaceatihus
2450 3241 2610 3295 simul
2639 3240 2742 3295 illis
2770 3248 2895 3295 ante
2913 3242 3261 3311 sepulturam,
3292 3241 3414 3297 talis
3440 3243 3689 3312 quadam

2108 3348 2173 3385 ex
2195 3347 2378 3386 eorum
2405 3332 2574 3386 oculis
2589 3340 2643 3386 et
2662 3331 2811 3386 vultu
2835 3332 3007 3401 gratia
3029 3332 3441 3401 resplenduerit,
3471 3334 3687 3405 qualem

2108 3423 2162 3477 in
2187 3422 2457 3493 Stephano
2507 3422 2705 3477 Judteis
2746 3437 3071 3492 responsuro
3123 3422 3286 3479 fuisse
3331 3424 3504 3480 Lucas
3548 3425 3686 3481 dicit

2109 3514 2247 3588 (Act.
2270 3518 2323 3572 6.
2357 3510 2481 3587 i5);
2514 3531 2688 3586 neque
2709 3516 2848 3571 ullus
2882 3525 2985 3582 est,
3042 3517 3135 3586 qui
3164 3531 3269 3572 non
3323 3518 3410 3587 pio
3458 3518 3690 3589 quodan-

2109 3622 2232 3662 cum
2258 3607 2482 3663 horrore
2504 3607 2610 3661 illis
2633 3606 2905 3662 adstiterit
2926 3624 2940 3662 :
2973 3607 3109 3662 adeo
3122 3619 3369 3678 aspectus
3384 3609 3472 3666 ille
3487 3608 3689 3666 afﬁcie-

2112 3699 2204 3755 bat
2226 3713 2439 3754 omnes.
2467 3698 2608 3766 Quin
2636 3707 2691 3755 et
2717 3714 2905 3755 omnes
2942 3699 3244 3755 clamabant
3272 3702 3324 3755 in
3353 3701 3567 3758 laudem
3599 3719 3681 3759 eo-

2111 3778 2228 3846 rum
2249 3831 2264 3855 ,
2320 3790 2372 3844 id
2392 3788 2536 3858 quod
2564 3805 2595 3843 a
2620 3789 2817 3844 Davide
2841 3789 3040 3845 dictum
3070 3808 3084 3844 :
3110 3790 3180 3844 In
3206 3792 3306 3844 vita
3326 3807 3420 3845 sua
3445 3809 3547 3847 non
3576 3804 3692 3846 sunt

2109 3883 2349 3951 separati,
2382 3892 2428 3937 et
2451 3884 2505 3936 in
2532 3891 2690 3937 morte
2716 3899 2816 3936 non
2845 3891 2962 3937 sunt
2985 3883 3132 3937 divisi
3174 3883 3252 3954 (Ξ.
3307 3884 3433 3956 Reg.
3483 3886 3532 3939 ί.
3574 3884 3692 3956 25).

2112 3978 2317 4033 Pariter
2353 3978 2493 4033 enim
2523 3977 2754 4033 confessi
2782 3988 2925 4043 sunt,
2954 3979 3153 4047 pariter
3179 3994 3448 4034 carcerem
3479 3979 3693 4034 inhabi-

2113 4077 2311 4132 tarunt,
2336 4070 2541 4140 pariter
2567 4070 2620 4124 in
2650 4070 2956 4124 barathrum
2981 4069 3195 4125 abducti
3216 4080 3361 4136 sunt,
3384 4072 3586 4140 pariter
3603 4086 3694 4125 ca-

2113 4160 2222 4230 pite
2251 4161 2491 4216 mulctati
2515 4169 2658 4227 sunt,
2690 4170 2746 4215 et
2771 4176 2876 4215 una
2903 4161 3120 4231 capsula
3150 4162 3428 4232 utriusque
3465 4176 3691 4232 corpora

2113 4262 2292 4308 tenet:
2322 4265 2377 4309 et
2419 4269 2582 4309 unum
2612 4269 2824 4325 quoque
2868 4253 3269 4310 tabernaculum
3316 4257 3369 4310 in
3407 4259 3555 4313 caelis
3599 4273 3695 4313 eos

2112 4344 2360 4413 excipiet,
2383 4344 2593 4415 quando
2625 4344 2815 4414 majori
2836 4354 2959 4399 sunt
2988 4345 3080 4400 illa
3104 4362 3226 4402 cum
3278 4348 3443 4416 gloria
3495 4364 3697 4405 resum-

2114 4422 2276 4503 pturi.
2310 4434 2437 4489 lllos
2470 4450 2576 4490 non
2599 4435 2872 4505 indignum
2900 4436 3059 4491 fuerit
3086 4447 3141 4523 et
3167 4439 3463 4505 columnas,
3490 4450 3545 4494 et
3571 4454 3696 4496 sco-

2115 4526 2287 4594 pulos,
2314 4535 2368 4581 et
2390 4534 2589 4591 turres,
2613 4538 2667 4582 et
2696 4527 2998 4590 luminaria,
3022 4539 3078 4583 et
3104 4539 3289 4585 tauros
3309 4532 3466 4586 simul
3509 4533 3696 4603 appel-

2116 4614 2246 4671 lare.
2275 4616 2406 4671 Nam
2434 4618 2728 4673 Ecclesiam
2752 4619 3175 4675 sicutcolumna:
3217 4622 3502 4687 sustinent,
3560 4626 3697 4679 sicut

2115 4719 2291 4765 turres
2312 4710 2585 4776 muniunt;
2618 4719 2672 4766 et
2711 4712 2852 4766 sicut
2878 4713 3081 4781 scopuli
3116 4728 3306 4768 omnes
3344 4715 3566 4769 insidias
3608 4731 3696 4770 re-

2116 4801 2340 4871 pellunt,
2369 4801 2590 4855 multam
2617 4802 2703 4865 iis,
2730 4803 2820 4871 qui
2847 4802 2991 4857 intus
3016 4814 3165 4868 sunt,
3211 4803 3498 4860 afferentes
3547 4815 3698 4860 tran-

2114 4894 2465 4962 quillitatem;
2492 4894 2631 4949 sicut
2666 4896 2949 4950 luminaria
2995 4898 3245 4953 tenebras
3284 4899 3573 4968 impietatis
3598 4900 3701 4956 dis-

2116 4994 2402 5039 cusserunt
2425 4987 2692 5051 ;.etsicnt
2727 4988 2862 5042 tauri
2886 4986 3061 5042 anima
3093 4997 3147 5044 et
3172 5004 3401 5059 corpore
3431 4993 3696 5060 prompti-

2117 5075 2402 5145 tudineque
2421 5077 2607 5132 eadem
2629 5092 2793 5132 suave
2807 5077 3003 5134 Christi
3029 5079 3215 5150 jugum
3244 5089 3474 5136 traxere.
3494 5080 3698 5136 Idcirco

2115 5181 2259 5236 Saepe
2277 5182 2371 5223 eos
2396 5169 2707 5241 invisamus,
2737 5172 3006 5240 capsulam
3028 5172 3377 5244 attingamus,
3399 5188 3698 5244 magnaque

2116 5259 2221 5312 fide
2243 5258 2495 5331 reliquias
2511 5275 2704 5315 eorum
2741 5263 3166 5333 complectamur
3183 5305 3199 5330 ,
3230 5273 3289 5319 ut
3316 5264 3445 5320 inde
3471 5266 3693 5321 beiiedi-

2116 5350 2349 5405 ctiouem
2362 5351 2593 5421 aliquam
2618 5368 2987 5424 assequamur.
3008 5355 3214 5412 Etenim
3232 5357 3370 5412 sicut
3384 5358 3582 5413 milites
3597 5358 3696 5413 vul-

2116 5456 2243 5497 nera
2263 5458 2382 5513 qute
2408 5444 2460 5497 in
2484 5446 2678 5513 przcliis
2699 5446 2801 5500 sibi
2822 5448 3019 5502 inflicta
3035 5458 3160 5503 sunt
3184 5450 3296 5520 regi
3314 5459 3695 5518 monstrantes,

2115 5531 2342 5587 ﬁdenter
2366 5534 2693 5605 loquuntur:
2728 5538 2799 5590 ita
2829 5547 2881 5591 et
2905 5539 2979 5591 illi
3008 5539 3060 5591 in
3093 5539 3342 5594 manibus
3374 5540 3590 5596 absecta
3611 5555 3694 5596 ca-

2116 5627 2225 5694 pita
2253 5635 2546 5695 geStantes,
2577 5636 2631 5681 et
2668 5628 2720 5682 in
2750 5630 2986 5685 medium
3013 5630 3319 5698 afferentes,
3348 5648 3693 5704 quaecumque

2123 5717 2388 5775 voluerint
2413 5718 2553 5790 apud
2582 5718 2787 5791 Regem
2809 5721 3067 5780 calorum
3107 5723 3397 5797 impetrare
3448 5737 3691 5798 possunt.
