3884 6294
95 344 198 400 3375
547 375 566 394 .
975 331 1062 386 DE
1103 331 1161 386 S.
1205 331 1506 398 BABYLA,
1546 330 1830 388 CONTRA
1869 330 2219 393 JULYA'NUM
2266 333 2352 389 ET
2391 332 2751 390 GENTILES.

120 458 395 521 τελοῦντο,
414 455 737 528 παννυχίδες
771 452 946 526 ἱεραὶ,
985 450 1264 506 συνουσίαι
1300 447 1650 510 διδασκαλίας
1677 446 1770 516 γέ-

95 564 298 621 μουσαι
355 543 756 614 πνευματικῆς,
785 541 881 596 καὶ
936 539 1034 612 τῆς
1072 537 1368 610 ἐκκλησίας
1399 533 1775 590 ἀποκλεισθεί-

97 655 200 711 σης
223 637 287 691 τὺ
313 635 686 707 δεσμωτήριον
707 621 973 704 ἐκκλησία
998 630 1183 684 λοιπὸν
1210 627 1440 696 ἐγίνετο.
1471 625 1545 680 Οὐ
1575 625 1684 696 γὰρ
1709 623 1774 694 δὴ

98 728 264 799 μόνον
281 725 331 778 οἱ
356 722 556 790 ἔξωθεν
584 720 870 788 εἰσιόντες,
902 719 1037 775 ἀλλά
1075 717 1172 772 καὶ
1209 717 1260 771 οἱ
1297 716 1446 770 ἔνδον
1474 712 1778 786 διατρίϐον-

97 829 207 878 τες,
242 811 506 885 μεγίστην
528 808 874 863 διδασκαλίαν
899 806 1099 878 ἀρετῆς
1128 804 1224 858 ml
1249 801 1604 875 σωφροσύνης
1626 800 1776 872 παρά

98 905 195 974 τῆς
233 899 514 971 ὑπομονῆς
533 897 629 952 ml
659 897 761 968 τῆς
790 895 1030 957 πίστεως
1056 893 1164 947 τῶν
1209 891 1377 962 ἁγίων
1420 890 1628 944 τούτων
1659 889 1775 942 ἐδέ-

97 1008 276 1064 χοντο.
320 987 511 1043 Ταῦτα
565 984 782 1041 ἀκούων
823 985 852 1038 δ
892 981 1142 1054 βασιλεὺς
1175 980 1417 1034 ὠδυνᾶτο
1464 977 1647 1042 πλέον,
1683 976 1777 1029 ml

98 1063 426 1151 βουλόμενος
476 1075 674 1139 αὐτοὺς
728 1071 1109 1134 ὐποσκελίσαι,
1164 1067 1260 1122 ml
1309 1066 1411 1137 τῆς
1468 1063 1778 1138 προθυμίας

94 1168 324 1224 ἐκλῦσαι
360 1164 595 1236 ἐκείνης,
632 1161 873 1233 καθῆκεν
897 1157 1223 1230 ἀνθρώπους
1251 1155 1482 1228 μιαρούς
1504 1170 1656 1218 τινας
1681 1153 1777 1207 καὶ

94 1259 300 1329 γόητας
320 1255 458 1327 πρὸς
472 1254 573 1325 τὴν
601 1250 898 1321 ἐπιϐουλήν
918 1265 934 1282 ο
959 1249 1009 1302 οἳ
1050 1245 1460 1317 συγκαθήμενοι
1490 1242 1773 1307 πολλάκις,

95 1345 150 1399 εί
185 1362 318 1398 ποτε
342 1341 521 1396 αὐτῶν
555 1339 899 1394 ἐπιλάϐοιντο
936 1336 1144 1408 μόνων,
1190 1335 1266 1398 ὡς
1297 1332 1510 1388 οἴκοθεν
1540 1332 1779 1402 συμϐου-

97 1432 350 1495 λεύοντες
370 1472 385 1497 ,
421 1429 534 1484 ἀλλ’
569 1428 666 1498 οὐχ
695 1427 772 1490 ῶς
805 1425 958 1497 παρά
989 1419 1084 1477 τοῦ
1119 1421 1386 1494 βασιλέως
1437 1417 1779 1491 πεμφθέντες

97 1523 380 1595 παρῄνουν
412 1517 711 1589 ἀποστῆναι
735 1515 833 1587 μέν
857 1514 959 1585 τῆς
990 1511 1293 1576 εὐσεϐείας,
1322 1509 1693 1581 αὐτομολῆσαι
1719 1506 1778 1559 δὲ

100 1612 236 1684 πρὸς
288 1609 388 1681 τὴν
418 1605 706 1662 ἀσέϐειαν.
743 1603 817 1656 Οὐ
853 1601 966 1673 γὰρ
1010 1601 1076 1672 δὴ
1113 1599 1272 1671 μόνον
1301 1599 1394 1652 τὸν
1433 1596 1778 1667 ἐπικείμενον

100 1704 241 1759 οῦτω
268 1697 659 1772 διακρούσεσθε
682 1693 960 1749 κίνδυνον·
995 1690 1135 1746 ἀλλά
1185 1690 1282 1744 ml
1324 1688 1492 1760 τιμῆς
1534 1686 1777 1750 πλείονος

100 1795 196 1848 ml
221 1791 534 1863 κρείττονος
561 1783 892 1855 ἐπιλήψεσθε
925 1781 1026 1853 τῆς
1060 1781 1256 1851 ἀρχῆς,
1281 1775 1376 1832 τοῦ
1397 1777 1659 1849 βασιλέως
1680 1774 1778 1846 τὴν

101 1879 272 1954 ὀργὴν
297 1876 439 1931 οὕτω
460 1871 890 1934 καταλύσαντες.
937 1869 1051 1938 Οὐχ
1080 1869 1244 1941 ὁρᾶτε
1273 1866 1369 1920 ml
1420 1864 1640 1935 ἐτέρους
1670 1863 1779 1917 τῶν

105 1965 552 2037 συντεταγμένων
573 1963 702 2034 ὐμῖν
723 1959 786 2014 τὸ
814 1958 947 2013 αὐτὸ
971 1956 1133 2012 τοῦτο
1161 1955 1531 2028 πεποιηκότας
1555 1971 1570 2020 ;
1598 1956 1660 2006 Οἱ
1697 1954 1776 2020 δέ,

103 2059 197 2112 ml
213 2057 285 2112 δι’
302 2054 434 2110 αὐτὸ
470 2053 569 2124 μὲν
597 2046 690 2105 οὖν
725 2047 886 2102 τοῦτο
919 2047 1101 2119 ἡμεῖς,
1135 2045 1288 2115 φασὶ,
1321 2041 1634 2114 στησόμεθα
1654 2059 1781 2110 γεν-

105 2146 290 2210 ναίως,
321 2144 408 2198 ἴνα
437 2140 628 2212 ῶσπερ
655 2137 874 2209 θύματα
903 2134 1132 2198 ἑαυτοὺς
1170 2133 1308 2204 ὐπέρ
1333 2131 1441 2184 τῶν
1471 2130 1780 2200 πτωμάτων

107 2234 326 2288 ἐκείνων
356 2228 819 2302 προσαγάγωμεν.
849 2221 1046 2278 Φιλάνθ
1057 2239 1236 2294 ρωπον
1257 2220 1454 2292 ἔχομεν
1479 2217 1777 2287 Δεσπότην·

70 2316 71 2319 “
106 2317 210 2375 οἶδε
242 2320 338 2373 ml
377 2318 506 2390 μίαν
535 2314 723 2369 θυσίαν
743 2313 1056 2383 δεξάμενος,
1097 2309 1250 2382 πάσῃ
1279 2306 1688 2378 καταλλαγῆναι
1711 2306 1779 2377 τῇ

106 2408 419 2481 οἰκουμένῃ.
477 2404 588 2458 Καὶ
639 2402 890 2474 καθάπερ
944 2400 994 2453 οί
1025 2401 1172 2471 τρεῖς
1212 2397 1401 2461 παῖδες
1448 2396 1664 2465 ἔλεγον·
1698 2394 1782 2448 ὅτι

110 2500 231 2553 Οὐκ
261 2497 434 2551 ἔστιν
454 2495 524 2549 ἐν
543 2492 622 2559 τῷ
649 2490 834 2560 καιρῷ
861 2491 1050 2554 τούτῳ
1075 2488 1293 2558 ἅρχων,
1318 2485 1416 2539 καί
1447 2483 1780 2555 προφήτης,

106 2586 204 2640 καί
231 2585 580 2655 ἡγούμενος,
602 2580 740 2634 οὔτε
772 2577 1203 2642 ὁλοκαύτωσις,
1241 2575 1378 2629 οὔτε
1409 2575 1611 2636 θυσία,
1644 2573 1785 2627 οὔτε

105 2675 290 2738 τόπος
315 2671 421 2725 τοῦ
449 2667 761 2738 καρπῶσαι
784 2664 1042 2720 ἐνώπιόν
1070 2679 1209 2726 σου,
1228 2662 1325 2716 καὶ
1357 2659 1556 2730 εὑρεῖν
1587 2660 1781 2725 ἕλεος,

105 2761 242 2818 ἀλλ’
276 2761 346 2814 ὲν
365 2756 539 2828 ψυχῇ
558 2752 1028 2825 συντετριμμένῃ
1053 2751 1150 2807 καὶ
1179 2751 1472 2818 πνεύματι
1501 2745 1786 2802 ταπεινὼ-

108 2868 262 2917 σεως
313 2845 859 2916 προσδεχθείημεν·
893 2839 1038 2894 οὐτω
1083 2839 1147 2911 δὴ
1179 2839 1272 2892 ml
1299 2840 1347 2891 οἱ
1382 2836 1662 2907 μάρτυρες
1716 2835 1785 2888 τά

110 2938 473 3008 θυσιαστήρια
498 2931 998 3002 κατασκαπτόμενα
1022 2928 1332 2999 βλέποντες,
1359 2926 1458 2989 τὰς
1487 2921 1785 2990 ἐκκλησίας

112 3023 264 3099 [582]
291 3021 741 3093 ἀποκλειομένας,
777 3020 903 3082 τοὺς
938 3019 1102 3088 ἱερεῖς
1125 3014 1538 3085 ἐλαυνομένους,
1576 3011 1786 3072 πάντας

109 3117 235 3179 τοὺς
272 3113 497 3174 πιστοὺς
521 3107 1015 3180 φυγαδευομένους,
1050 3102 1382 3166 ἐσπούδαζον
1412 3101 1642 3163 ἑαυτοὺς
1665 3099 1786 3152 ἀντὶ

111 3203 329 3258 πάντων
386 3198 468 3271 τῷ
507 3197 758 3270 Δεσπότῃ
808 3194 1213 3266 προσαγαγεῖν
1247 3191 1342 3244 ml
1393 3188 1785 3252 καταλιπόντες

109 3293 369 3362 τάγματα
403 3283 790 3358 στρατιωτικὰ,
827 3281 1087 3335 ἔσπευδον
1137 3279 1362 3360 ἑαυτοὺς
1406 3276 1665 3347 ἀναμίξαι
1694 3292 1786 3347 χο-

115 3382 229 3452 ροῖς
257 3377 593 3447 ἀγγελικοῖς.
623 3371 742 3427 Κάν
766 3370 874 3443 γὰρ
903 3370 978 3442 μὴ
1013 3369 1109 3423 νῦν
1168 3364 1553 3436 ἀποθάνωμεν,
1599 3363 1784 3452 φησὶν,

113 3451 536 3536 ἀποθανούμεθα
567 3461 784 3523 πάντως
819 3457 950 3528 γοῦν
988 3455 1182 3528 μικρὸν
1213 3455 1439 3526 ὕστερον
1459 3493 1472 3518 ,
1505 3453 1598 3507 ml
1631 3451 1788 3505 τοῦτο

116 3554 247 3609 αὐτὸ
275 3550 614 3622 πεισόμεθαο
649 3547 857 3618 βέλτιον
888 3545 1027 3618 ὐπέρ
1056 3543 1150 3597 τοῦ
1179 3543 1439 3615 βασιλέως
1477 3541 1585 3595 τῶν
1619 3539 1788 3610 ἀγγέ-

115 3645 223 3697 λων
255 3639 571 3701 ἀποθανεῖν,
610 3636 644 3708 ἢ
675 3635 817 3705 ὑπὲρ
850 3632 1139 3704 ἀνθρώπου
1181 3630 1405 3685 τοιαῦτα
1435 3628 1784 3692 ἀσεϐοῦντος·

120 3733 329 3803 βέλτιον
357 3728 500 3799 ὑπὲρ
526 3726 624 3797 τῆς
655 3723 768 3778 ἀνω
797 3721 1056 3793 πατρίδος
1080 3718 1267 3774 θέσθαι
1297 3719 1365 3773 τὰ
1395 3718 1554 3783 ὅπλα,
1586 3717 1620 3787 ἢ
1649 3717 1788 3788 ὑπὲρ

116 3821 214 3891 τῆς
243 3817 396 3872 κάτω
416 3815 510 3868 ml
533 3810 900 3882 πατουμένης.
950 3807 1216 3863 Ἐνταῦθα
1247 3808 1350 3862 κᾶν
1381 3806 1626 3878 ἀποθάνῃ
1668 3822 1786 3870 τις,

118 3907 269 3960 οὐδὲν
296 3902 448 3976 παρά
489 3899 754 3971 βασιλέως
784 3897 1018 3969 λήψεται
1049 3899 1147 3967 τῆς
1190 3893 1499 3967 προθυμίας
1543 3892 1784 3957 ἐπάξιον.

119 3997 182 4047 Τί
214 3995 322 4064 γάρ
366 3991 445 4062 τῷ
488 3990 870 4060 τελευτήσαντι
929 3988 1197 4057 χαριεῖται
1237 3983 1422 4037 λοιπὸν
1461 3982 1784 4054 ἀνθρωπος;

120 4082 386 4144 Πολλάκις
423 4081 520 4151 μὲν
542 4073 636 4132 οὖν
655 4077 778 4132 οὐδδ
798 4075 977 4147 ταφῆς
1000 4073 1252 4141 ἀξιωθεὶς
1274 4113 1289 4138 ,
1322 4075 1434 4136 τοῖς
1460 4072 1568 4125 τῶν
1611 4071 1789 4126 κυνῶν

121 4171 473 4243 προκείσεται
507 4167 788 4238 στόμιισιν.
810 4167 908 4219 Ἂν
932 4164 988 4218 δέ
1018 4163 1159 4234 ὑπὲρ
1184 4162 1278 4215 τοῦ
1303 4160 1564 4232 βασιλέως
1587 4160 1790 4214 ἀποθά-

89 4249 100 4260 ’
121 4277 298 4330 νωμεν
325 4257 435 4311 τῶν
449 4256 654 4325 ἀγγέλιι
681 4272 718 4320 δ,
745 4254 882 4325 μετά
904 4252 1148 4316 πλείονος
1173 4251 1272 4321 τῆς
1295 4249 1454 4319 δόξης
1470 4249 1538 4302 τὰ
1562 4247 1790 4319 σώματα

123 4344 534 4417 ἀποληψόμεθα,
570 4343 708 4414 μετά
742 4341 944 4412 πολλῆς
977 4340 1078 4410 τῆς
1103 4338 1487 4410 λαμπρότητος
1525 4336 1792 4408 ἐπανήξο-

127 4453 245 4505 μεν,
265 4435 360 4487 ml
382 4431 564 4502 πολλῷ
593 4429 809 4502 μείζους
830 4427 938 4482 τῶν
968 4427 1144 4482 πόνων
1172 4425 1270 4490 τάς
1297 4424 1528 4496 ἀμοιϐὰς
1549 4424 1644 4478 καὶ
1666 4425 1792 4488 τοὺς

126 4523 422 4592 στεφάνους
454 4518 814 4590 κομιούμεθα.
849 4517 1118 4588 Δάϐωμεν
1144 4515 1336 4584 ,τοίνυν
1365 4513 1504 4569 ὅπλα
1547 4531 1793 4584 πνευμα-

123 4611 276 4667 τικά·
315 4611 377 4663 οὐ
410 4609 569 4682 χρεία
604 4607 774 4678 βελῶν
806 4607 901 4660 καὶ
929 4604 1128 4670 τόξων,
1160 4605 1220 4657 οὐ
1251 4605 1408 4676 χρεία
1454 4603 1615 4657 ἄλλου
1649 4601 1792 4666 τινὸς

126 4697 382 4770 αἰσθητοῦ
436 4696 632 4751 ὅπλου·
681 4696 842 4766 ἀρκεῖ
872 4693 1010 4766 πρὸς
1067 4692 1243 4747 πάντα
1295 4694 1425 4764 ἡμῖν
1462 4694 1496 4764 ἡ
1550 4691 1788 4760 γλῶττα,

126 4785 278 4856 φησί.
310 4785 419 4839 Kal
455 4783 564 4856 γάρ
609 4787 724 4837 ἐστι
757 4781 1020 4854 βελοθήκη
1056 4781 1166 4835 τῶν
1206 4781 1376 4850 ἁγίων
1416 4780 1484 4834 τά
1521 4781 1789 4851 στόματα,

127 4874 368 4944 συνεχεῖς
396 4872 488 4926 ml
514 4871 849 4942 ἐπαλλήλους
879 4883 904 4910 ι
934 4871 1169 4942 φέροντα
1208 4873 1273 4942 τῇ
1307 4868 1400 4922 τοῦ
1433 4869 1678 4924 διαϐόλου
1705 4887 1794 4922 κε-

127 4963 265 5032 φαλῇ
294 4963 393 5026 τὰς
426 4961 658 5032 πληγάς.

194 5057 262 5118 γ’.
287 5049 474 5103 Ταῦτα
506 5051 600 5103 καὶ
615 5049 685 5102 τὰ
712 5047 920 5112 τούτοις
939 5047 1154 5101 ἐοικότα
1169 5048 1197 5087 ι»
1211 5045 1584 5114 ἀπηγγέλλετο
1600 5046 1678 5116 τῷ
1695 5044 1791 5113 βα-

128 5140 258 5192 σιλεῖ
275 5155 289 5170 ο
321 5139 351 5190 ό
375 5138 432 5192 δὲ
460 5138 559 5191 οὐκ
588 5136 872 5209 ἀφίστατο,
894 5137 1008 5190 ἀλλ’
1031 5135 1306 5207 ἐπεχείρει
1338 5134 1500 5187 πάλιν
1526 5133 1596 5186 τὰ
1612 5135 1793 5188 δελέα-

126 5244 191 5280 τα
213 5227 277 5280 δι’
306 5225 531 5280 ἐκείνων
559 5225 746 5290 τιθείς.
783 5223 970 5280 Ταῦτα
995 5225 1124 5294 γοῦν
1155 5223 1553 5288 κατεσκεύαζεν
1576 5224 1604 5275 ὁ
1635 5223 1796 5276 ὓπου-

127 5315 212 5379 λος
241 5315 336 5368 καὶ
363 5313 668 5385 πανοῦργος
702 5314 795 5366 καὶ
823 5313 985 5382 σοφὸς
1009 5314 1089 5377 είς
1115 5312 1177 5365 το
1202 5312 1588 5381 κακοποιῆσαι,
1616 5310 1701 5364 ἵνα
1729 5311 1796 5365 ἂν
1845 5325 1863 5336 ί

131 5403 225 5472 μέν
265 5402 837 5472 καταμαλακισθέντες
882 5401 1108 5454 ἐνδῶσιν
1132 5441 1146 5466 ,
1208 5401 1312 5454 ὐπὸ
1367 5403 1478 5463 τοῖς
1539 5399 1794 5454 ἁπάντων

124 5492 421 5562 ὀφθαλμοῖς
446 5491 644 5555 αὐτοὺς
675 5489 991 5559 ἐξαγάγοιεν
1033 5501 1078 5556 κ,
1114 5489 1207 5543 ml
1227 5489 1370 5544 οῦτω
1398 5490 1584 5546 λοιπὸν
1619 5505 1795 5560 παρα-

128 5580 372 5652 σκευάσῃ
399 5578 594 5632 θῦσαι·
626 5579 692 5633 ἂν
719 5579 775 5633 δέ
799 5577 1118 5650 ἐπιμείνωσι
1156 5577 1388 5648 σφοδρὰν
1420 5577 1516 5646 τὴν
1546 5575 1796 5647 ἀνδρείαν

127 5667 582 5738 ἐπιδεικνύμενοι,
616 5667 709 5720 ml
738 5668 874 5737 πρὸς
904 5665 1003 5737 τῆν
1033 5665 1211 5735 πάλην
1258 5665 1519 5732 γενναίως
1568 5663 1792 5734 ἱστάμε-

189 5755 386 5814 fSavil.
417 5763 472 5804 et
510 5755 630 5818 Reg.
657 5755 866 5818 συνεχεῖς
902 5755 984 5803 καὶ
1019 5755 1326 5812 ﬁnali-i900;
1372 5751 1544 5803 Morel.
1585 5755 1795 5816 συνεχῶς

133 5821 204 5866 ιττ
224 5817 529 5866 ἐπαλλήλους-

179 5833 200 5848 ’·
224 5833 529 5873 ἐπαλληιιους.

179 5865 204 5904 ι’
233 5879 312 5926 Si:
335 5878 486 5927 Sus-i1.
514 5877 683 5926 Manu.
710 5877 887 5926 εἰκότα.

177 5944 196 5974 ε
225 5939 373 5991 εδνϋ.
402 5941 604 6000 ἐξαγάγῃ

516 6030 788 6090 Ρλτιιοι..
837 6027 953 6087 Gn.
1009 6029 1069 6087 L.

3441 336 3542 393 516

1878 463 1977 511 νοι,
2011 446 2084 519 μὴ
2123 463 2332 520 φανερά
2374 449 2600 520 γένηται
2635 467 2704 504 τα
2734 439 3022 522 τῆςνίκης
3059 448 3242 514 αὐτοῖς
3265 489 3279 514 ,
3310 450 3426 504 ἀλλ’
3470 456 3544 516 ὡς

1877 536 1969 589 ἐπὶ
1998 538 2346 608 προσχήματι
2365 539 2678 610 τυραννίδος
2710 539 2908 603 αὐτοὺς
2931 537 3237 609 ἀπαγαγὼν
3267 540 3544 610 ἀποτέμῃ.

1888 623 2030 678 Ἀλλ’
2053 625 2082 677 ό
2112 626 2511 679 ἀποκαλύπτων
2553 626 2724 697 βαθέα
2756 628 2849 682 καὶ
2878 629 3191 701 ἀπόκρυφα,
3239 630 3340 684 οὐκ
3368 631 3547 701 ἀφῆκε

1876 712 2059 768 λαθεῖν
2110 715 2210 786 τὴν
2250 715 2472 786 ἐνέδραν
2495 754 2510 781 ,
2549 716 2671 770 οὐδέ
2709 717 2808 789 τὴν
2841 717 3134 790 ἐπιϐουλὴν
3167 719 3348 790 ἀφανῆ
3394 719 3547 787 γενέ-

1879 801 2036 854 σθαι·
2069 803 2184 856 ἀλλ’
2236 801 2427 874 ῶσπερ
2462 805 2495 875 ἡ
2540 805 2812 874 Αἰγυπτία
2848 805 2974 860 τότε
3018 807 3156 878 γυνὴ
3201 807 3296 860 τοῦ
3351 807 3549 876 Ἰωσὴφ

1878 890 2244 963 ἐπιλαϐομένη
2272 894 2329 945 ἐν
2352 891 2580 964 θαλάμῳ
2622 895 2714 947 ml
2743 895 2949 967 ἐρημίᾳ
2983 895 3150 967 πολλῇ
3181 895 3549 966 προσεδόκησε

1876 978 2137 1050 λήσεσθαι
2170 981 2378 1045 πάντας
2406 981 2750 1053 ἀνθρώπους,
2783 984 2882 1036 οὐκ
2917 982 3078 1037 ἔλαθε
3104 983 3162 1036 δέ
3196 983 3287 1036 τὸν
3317 983 3551 1052 ἀκοίμη-

1876 1084 1968 1121 τον
1987 1068 2282 1140 ὀφθαλμὺν,
2305 1069 2400 1122 καὶ
2430 1070 2491 1123 οὐ
2520 1070 2680 1140 μόνον
2704 1072 2931 1136 ἐκεῖνον,
2951 1071 3064 1125 ἀλλ’
3084 1071 3206 1125 οὐδὲ
3229 1071 3549 1142 ἀνθρώπους

1876 1157 2004 1220 τοὺς
2044 1155 2184 1228 μετά
2229 1156 2405 1211 ταῦτα
2428 1198 2441 1222 ,
2479 1158 2592 1212 ἀλλ’
2628 1159 2766 1230 ὅπερ
2799 1162 2982 1232 ἐκείνη
3034 1160 3169 1233 πρὸς
3197 1160 3288 1214 τὸν
3351 1159 3547 1230 Ἰωσὴφ

1879 1241 2052 1312 εἶπεν,
2093 1245 2306 1312 οὐδενὸς
2334 1248 2622 1319 παρόντος,
2656 1250 2816 1303 τοῦτο
2848 1250 3124 1320 πανταχοῦ
3167 1251 3267 1322 τῆς
3298 1251 3552 1320 οἰκουμὲο

1879 1352 1977 1406 νης
2009 1335 2224 1407 ᾅδεταιο
2251 1336 2394 1389 οῦτω
2429 1336 2492 1407 δὴ
2514 1339 2608 1390 ml
2640 1332 2794 1401 οὗτος
2826 1339 3021 1408 ήλπισε
3052 1338 3152 1409 μὲν
3187 1339 3370 1410 λήσειν
3389 1341 3446 1391 ἐν
3465 1339 3549 1392 δε-

1881 1424 2178 1496 σμωτηρίῳ
2210 1424 2590 1496 διαλεγόμενος
2627 1426 2715 1480 διά
2747 1427 2858 1480 τῶν
2884 1428 3374 1498 ἐσχηματισμένων
3409 1443 3549 1496 συμ-

1879 1510 2085 1565 ϐούλων
2113 1511 2354 1576 ἐκείνων,
2385 1514 2486 1566 οὐκ
2514 1513 2668 1568 ἐλαθε
2692 1513 2748 1567 δέ
2772 1531 2786 1546 ο
2813 1514 2929 1568 ἀλλ’
2954 1513 3192 1578 ἅπαντες
3218 1514 3353 1585 μετὰ
3379 1514 3549 1567 ταῦτα

1879 1598 2080 1670 ἔμαθον
2117 1599 2215 1672 τὴν
2249 1601 2493 1673 ἐνέδραν,
2519 1601 2618 1674 τὴν
2641 1602 2953 1675 ἐπιϐουλὴν,
2979 1604 3079 1673 τὴν
3110 1603 3287 1674 νίκην,
3330 1602 3392 1656 τὸ
3424 1603 3550 1674 τρό-

1879 1705 2059 1743 παιον.
2098 1689 2188 1753 Ὠς
2214 1691 2322 1762 γὰρ
2376 1691 2566 1763 χρόνος
2608 1691 2856 1764 ἐτρίϐετο
2912 1692 3008 1746 καὶ
3041 1693 3310 1764 παρέρρει
3360 1691 3548 1754 πολὺς,

1881 1778 1975 1830 καὶ
1998 1778 2058 1831 τὸ
2091 1778 2296 1848 πλῆθος
2322 1781 2430 1834 τῶν
2459 1781 2681 1853 ἡμερῶν
2713 1781 2812 1834 οὐκ
2841 1779 3026 1846 ἐξέλυε
3069 1781 3169 1852 τὴν
3214 1779 3548 1851 προθυμίαν,

1879 1863 1997 1918 ἀλλ’
2027 1865 2300 1921 ἐπέτεινεν
2332 1867 2512 1922 αὐτῶν
2542 1868 2744 1940 μᾶλλον
2773 1865 2874 1938 τὴν
2898 1867 3156 1938 σπουδὴν,
3182 1867 3278 1920 ml
3300 1867 3553 1929 πλείονας

1881 1954 2249 2021 κατεσκεύαζε
2269 1955 2538 2027 ζηλωτὰς,
2564 1956 2778 2010 κελεύει
2806 1955 2991 2010 λοιπὸν
3024 1955 3206 2028 μέσων
3226 1955 3436 2010 νυκτῶν
3460 1957 3553 2008 ἐπὶ

1879 2043 1942 2097 τὸ
1979 2042 2254 2115 βάραθρον
2285 2045 2486 2108 αὐτοὺς
2519 2045 2850 2115 ἀπαχθῆναι.
2887 2045 3000 2098 Καὶ
3031 2045 3088 2098 ἐν
3121 2044 3270 2116 μέσῳ
3301 2044 3479 2098 σκότει
3504 2046 3548 2096 0'

1883 2132 2170 2204 φωστῆρες
2192 2132 2470 2203 ἐξήγοντο,
2501 2134 2593 2186 ml
2614 2133 3001 2204 ἀπετέμνοντο.
3028 2133 3164 2186 Τότε
3193 2131 3285 2186 ml
3311 2131 3555 2203 φοϐερώ-

1882 2236 2038 2291 τεραι
2059 2216 2414 2292 λοιπὸνῆσαν
2447 2221 2502 2274 αί
2529 2220 2763 2290 κεφαλαὶ
2795 2220 2872 2291 τῷ
2893 2220 3127 2291 διαϐόλῳ
3176 2219 3375 2292 μᾶλλον
3404 2220 3437 2290 ἢ
3464 2221 3554 2274 ὅτε

1884 2308 2066 2381 φωνὴν
2092 2309 2321 2379 ⁴ἠφίεσαν
2342 2327 2354 2340 ·
2386 2310 2506 2363 ἐπεὶ
2526 2310 2620 2364 ml
2645 2311 2678 2382 ή
2723 2309 2970 2365 Ἰωάννου
3024 2310 3236 2382 κεφαλὴ
3287 2311 3384 2381 οὐχ
3411 2310 3546 2367 οὐτιι

1885 2396 2090 2469 φοϐερά
2121 2393 2188 2468 ἦν
2218 2397 2583 2469 φθεγγομένη,
2617 2397 2693 2462 ὡς
2722 2399 2935 2467 ἄφωνος
2950 2400 3043 2452 ἐπί⁸
3066 2397 3160 2452 τοῦ
3188 2397 3412 2462 πίνακος
3437 2415 3553 2451 κειο

1889 2485 2047 2556 μένη.
2079 2488 2234 2557 Ἔχει
2269 2487 2378 2558 γάρ
2429 2487 2522 2540 καὶ
2551 2486 2733 2558 φωνὴν
2761 2487 2871 2541 τῶν
2909 2487 3079 2557 ἀγίων
3110 2486 3172 2541 τὸ
3199 2481 3359 2558 αἷμα,
3389 2487 3450 2540 οὐ
3486 2487 3552 2540 δι’

1884 2575 2038 2628 ὢτων
2071 2576 2427 2647 ἀκουομένην,
2452 2575 2590 2630 ἀλλά
2617 2576 2711 2629 τοῦ
2737 2575 3037 2646 συνειδότος
3061 2575 3170 2629 τῶν
3189 2576 3555 2648 ἀναιρούντων

1885 2663 2413 2735 ἐπιλαμϐανομένην.
2446 2663 2600 2718 Μετά
2630 2663 2686 2717 δὲ
2715 2663 2813 2736 τὴν
2848 2664 3126 2736 μακαρίαν
3173 2665 3386 2734 ἐκείνην
3419 2681 3556 2733 σφα-

1885 2752 2007 2824 γὴν,
2031 2755 2079 2805 οἱ
2108 2752 2177 2805 τὰ
2201 2751 2425 2806 τοιαῦτα
2465 2751 2789 2824 θηρεύοντες
2810 2752 3042 2824 λείψανα
3067 2791 3082 2817 ,
3113 2752 3212 2824 τὴν
3424 2754 3556 2806 ἐαυ-

1885 2840 1992 2893 τῶν
2031 2840 2318 2905 ὑποθέντες
2347 2841 2643 2913 σωτηρίαν,
2675 2841 2949 2896 ἀνείλοντο
2981 2843 3108 2906 τοὺς
3137 2841 3394 2915 ἀριστέας
3433 2842 3556 2895 τού-

1885 2948 2038 2994 τους·
2065 2933 2159 2984 καὶ
2185 2926 2324 3001 ἦσαν
2347 2933 2589 2985 κάκεῖνοι
2625 2932 2903 3004 μάρτυρες
2933 2931 3155 2997 ζῶντες.
3211 2931 3321 2985 Καὶ
3357 2930 3464 3004 γὰρ
3507 2933 3555 2984 εί

1886 3021 1978 3072 ml
2011 3018 2084 3090 μὴ
2119 3020 2535 3091 ἀπετμήθησαν,
2567 3021 2681 3074 ἀλλ’
2711 3021 2954 3092 ἐλόμενοι
2986 3023 3249 3093 πρότερον
3276 3020 3435 3074 τοῦτο
3454 3038 3559 3074 παι-

1887 3109 2020 3173 θεῖν,
2049 3108 2221 3173 οὕτως
2252 3111 2343 3162 ἐπὶ
2366 3110 2464 3180 τὴν
2487 3111 2662 3182 ἄγραν
2695 3109 2802 3165 τῶν
2834 3110 3103 3180 σωμάτων
3133 3110 3419 3182 ὥρμησαν.
3455 3110 3560 3162 Λέο

1886 3209 2043 3261 γουσι
2061 3193 2239 3246 τοίνυν
2267 3195 2315 3246 οἱ
2339 3193 2458 3247 τότε
2474 3193 2906 3265 παραγενόμενοι
2930 3193 3024 3246 καὶ
3042 3192 3214 3246 ταῦτα
3235 3195 3302 3247 τά
3330 3193 3558 3264 σώματα

1889 3282 2161 3354 νεοσφαγῆ
2185 3279 2612 3346 καταξιωθέντες
2643 3281 2789 3348 ἰδεῖν,
2818 3281 2899 3334 ὅτι
2927 3281 3194 3352 κειμένων
3221 3281 3402 3334 αὐτῶν
3427 3282 3556 3351 παρ’

1888 3370 2132 3441 ἀλλήλων
2159 3370 2265 3442 πρὸ
2293 3371 2392 3441 τῆς
2423 3371 2621 3441 ταφῆς,
2655 3371 2892 3440 τοσαύτη
2927 3387 3010 3434 τις
3035 3369 3342 3442 ἐπήνθησεν
3377 3371 3558 3424 αὐτῶν

1886 3463 2006 3523 ταῖς
2034 3458 2190 3528 ὄψεσι
2217 3459 2396 3529 χάρις,
2424 3458 2541 3512 οἵαν
2564 3458 2656 3511 ἐπὶ
2679 3457 2950 3527 Στεφάνου
2980 3457 3143 3527 φησὶν
3171 3459 3199 3511 ὁ
3229 3459 3443 3521 Λουκᾶς
3466 3476 3559 3526 γε-

1887 3549 2146 3621 γενῆσθαι
2176 3548 2457 3620 μέλλοντος
2479 3547 2862 3617 ἀπολογεῖσθαι
2883 3549 2995 3611 τοῖς
3034 3546 3328 3614 Ἰουδαίοις,
3348 3547 3441 3601 ml
3457 3549 3558 3600 οὐκ

1888 3637 2033 3691 ἐστιν
2061 3637 2233 3700 οὐδεὶς
2249 3637 2307 3700 ὃς
2337 3636 2504 3708 χωρὶς
2533 3637 2735 3707 φρίκης
2764 3635 3011 3707 παρέστη
3033 3636 3153 3690 τότε
3184 3637 3384 3700 αὐτοῖς.
3404 3637 3561 3690 Οὐτω

1888 3727 1982 3780 καὶ
2011 3725 2150 3798 αῦτη
2185 3729 2217 3797 ή
2267 3725 2389 3795 ὄψις
2415 3725 2623 3789 πάντας
2659 3726 2785 3789 τοὺς
2827 3724 3070 3796 ὁρῶντας
3111 3724 3424 3796 ἐξέπληττε,
3466 3728 3561 3779 καὶ

1889 3815 2087 3878 πάντες
2117 3813 2358 3866 ἐπεϐόων
2379 3813 2558 3865 ἐκεῖνο
2598 3811 2659 3866 τὺ
2688 3811 2840 3884 παρὰ
2889 3811 2984 3864 τοῦ
3025 3811 3188 3866 Δαυῒδ
3234 3812 3556 3884 εἰρημένονο

1901 3905 2005 3958 Ἐν
2029 3901 2106 3971 τῇ
2138 3899 2250 3970 ζωῇ
2283 3900 2483 3955 αὐτῶν
2509 3903 2580 3955 οὐ
2607 3901 3054 3970 κεχωρισμένοι,
3087 3900 3186 3954 καὶ
3224 3900 3294 3954 ἐν
3347 3899 3428 3966 τῷ
3458 3905 3564 3956 0a-

1888 3993 2046 4057 νάτῳ
2073 3989 2272 4045 αὐτῶν
2303 3990 2375 4041 οὐ
2410 3988 2907 4058 διεχωρίσθησαν.
2945 3990 3113 4060 Κοινῇ
3150 3988 3258 4060 γὰρ
3287 3990 3380 4042 ml
3407 3990 3556 4061 ὠμο-

1888 4067 2126 4152 λόῇῖσαν
2158 4079 2253 4134 ml
2281 4070 2746 4148 τὸδεσμωτήριον
2775 4076 3016 4148 ᾤκησαν,
3068 4077 3164 4130 ml
3190 4079 3268 4142 είς
3299 4078 3360 4130 τὸ
3383 4077 3556 4150 βάρα-

1891 4169 2017 4241 θρον
2045 4164 2452 4238 ἀπηνέχθησαν,
2491 4165 2585 4218 καὶ
2611 4165 2709 4228 τὰς
2737 4164 2976 4233 κεφαλὰς
3007 4164 3287 4230 ἀπέθεντο,
3326 4168 3420 4219 καὶ
3460 4166 3560 4237 μία

1891 4255 2092 4328 λάρναξ
2119 4255 2443 4326 ἀμφοτέρων
2473 4251 2584 4323 ἔχει
2617 4251 2686 4305 τά
2719 4250 2975 4322 σώματα*
3007 4250 3196 4322 ῶσπερ
3225 4247 3316 4305 οὖν
3344 4254 3437 4305 ml
3461 4253 3560 4322 μία

1893 4345 2064 4417 σκηνὴ
2090 4344 2297 4410 δέξεται
2326 4341 2466 4394 αὐτά
2499 4340 2658 4394 πάλιν
2699 4340 2757 4393 ἐν
2785 4343 2896 4403 τοῖς
2923 4340 3202 4412 οὐρανοῖς,
3252 4341 3378 4393 ὅταν
3419 4341 3561 4394 αὐτά

1896 4435 2032 4504 μετά
2059 4432 2300 4494 πλείονος
2323 4429 2478 4500 δόξης
2505 4427 2788 4482 ἀνελέσθαι
2833 4427 3092 4499 μέλλωσι.
3130 4427 3365 4490 Τούτους
3410 4427 3559 4494 ἀξιον

1892 4524 1987 4576 ml
2010 4521 2254 4584 στύλους,
2288 4520 2383 4573 ml
2415 4517 2743 4584 σκοπέλους,
2775 4517 2868 4570 ml
2895 4516 3158 4589 πύργους,
3203 4517 3296 4570 ml
3339 4517 3560 4587 φωστῆ-

1896 4629 2014 4681 ρας,
2043 4610 2144 4668 ,καὶ
2174 4608 2406 4680 ταύρους
2455 4607 2590 4678 ὁμοῦ
2623 4607 2958 4676 προσειπεῖν.
2992 4607 3101 4660 Καὶ
3129 4605 3238 4677 γάρ
3265 4605 3342 4670 ὡς
3377 4606 3560 4660 στῦλοι

1892 4701 1992 4772 τὴν
2023 4696 2346 4768 Ἐκκλησίαν
2380 4696 2653 4766 ἀνέχουσι,
2681 4696 2773 4749 ml
2801 4693 2874 4758 ώς
2907 4693 3104 4765 πύργοι
3131 4695 3444 4767 τειχίζουσι,
3467 4698 3562 4751 ml

1894 4789 1969 4852 ὡς
2006 4787 2257 4841 σκόπελοι
2307 4787 2486 4838 πᾶσαν
2516 4783 2808 4854 ἐπιϐουλὴν
2854 4784 3284 4855 ἀποκρουόμενοι
3308 4827 3324 4850 ,
3360 4785 3561 4857 πολλὴν

1891 4879 2002 4940 τοῖς
2026 4875 2172 4929 ἔνδον
2207 4872 2419 4926 ποιοῦσι
2439 4872 2707 4942 γαλήνην·
2745 4872 2838 4923 ml
2865 4869 2938 4934 ὡς
2967 4873 3253 4943 φωστῆρες
3286 4872 3346 4925 τὸ
3371 4873 3561 4935 σκότος

1893 4963 2178 5034 ἀπήλασαν
2200 4967 2298 5032 τῆς
2326 4960 2578 5022 ἀσεϐείας
2601 4959 2693 5014 καὶ
2717 4957 2792 5022 ὡς
2816 4959 3005 5028 ταῦροι
3025 4959 3170 5031 ψυχῇ
3201 4961 3294 5013 καὶ
3325 4959 3560 5030 σώματι,

1897 5051 1985 5124 ἴσῃ
2033 5054 2099 5123 τῇ
2131 5050 2438 5123 προθυμίᾳ,
2469 5049 2561 5103 τὸν
2609 5048 2843 5120 χρηστὸν
2877 5048 3131 5102 εἵλκυσαν
3185 5047 3275 5101 τοῦ
3320 5045 3559 5118 Χριστοῦ

1896 5139 2076 5208 ζυγόν.
2106 5137 2354 5208 Συνεχῶς
2379 5137 2555 5190 τοίνυν
2602 5138 2784 5199 αὐτοῖς
2817 5134 3289 5206 ἐπιχωριάζωμεν,
3337 5135 3430 5186 ml
3460 5133 3562 5204 τῆς

1895 5227 2162 5298 λάρνακος
2195 5224 2515 5295 ἁπτώμεθα,
2555 5225 2650 5278 ml
2691 5224 2827 5295 μετά
2859 5214 3096 5287 πίστεως
3133 5225 3246 5285 τοῖς
3287 5221 3560 5292 λειψάνοις

1895 5313 2074 5369 αὐτῶν
2105 5312 2582 5384 περιπλεκώμεθα,
2610 5311 2694 5366 ἴνα
2713 5311 2964 5380 εὐλογίαν
2989 5311 3110 5365 τινὰ
3128 5309 3561 5382 ἐπισπασώμεθα

1896 5401 2125 5456 ἐκεῖθεν.
2155 5400 2423 5472 Καθάπερ
2460 5400 2568 5472 γὰρ
2592 5401 2641 5452 οἱ
2677 5400 3002 5472 στρατιῶται
3039 5398 3335 5470 τραύματα
3364 5399 3562 5454 ἐπιδεί-

1897 5489 2104 5556 ξαντες,
2137 5488 2280 5558 ἀπερ
2308 5470 2501 5541 ἐκτῶν
2528 5470 2802 5556 πολεμίων
2828 5470 3038 5548 ἔλαϐον.
3076 5486 3214 5557 μετὰ
3249 5488 3564 5559 παρρησίας

1895 5575 1974 5646 τῷ
1991 5574 2201 5646 βασιλεῖ
2231 5574 2592 5642 διαλέγονται’
2632 5573 2776 5628 οῦτω
2802 5573 2898 5628 καὶ
2919 5566 3066 5626 οῦτοι
3095 5573 3193 5637 τὰς
3226 5573 3468 5643 κεφαλάς
3494 5573 3563 5640 ἃς

1897 5663 2291 5734 ἀπετμήθησαν
2321 5663 2414 5716 ἐπὶ
2445 5662 2554 5714 τῶν
2587 5661 2783 5732 χειρῶν
2818 5660 3196 5730 βαστάζοντες,
3231 5663 3325 5716 ml
3357 5665 3436 5727 είς
3469 5662 3565 5732 μέ-

1900 5769 1992 5806 σον
2023 5751 2377 5822 παράγοντες,
2405 5749 2642 5814 εὐκόλως
2670 5750 2902 5814 ἅπαντα,
2926 5750 3028 5805 ὅσα
3065 5749 3130 5805 ἀν
3154 5750 3369 5814 θέλωσι,
3414 5749 3564 5821 ποιρά

1900 5839 1978 5912 τῷ
2009 5839 2216 5910 βασιλεῖ
2239 5839 2346 5892 τῶν
2368 5837 2611 5910 οὐρανῶν
2639 5837 2818 5893 ἀνύειν
2851 5837 3122 5894 δύνανται.
3173 5840 3327 5893 Μετά
3363 5838 3563 5906 πολλῆς

1899 5928 2075 5982 τοίνυν
2103 5928 2198 5997 τῆς
2229 5926 2483 5990 πίστεως,
2521 5927 2657 5996 μετά
2711 5927 2908 5999 πολλῆς
2946 5929 3044 5997 τῆς
3095 5929 3401 5999 προθυμίας
3446 5926 3563 5987 ἐκεῖ

3093 6027 3156 6085 11
