3884 6294
436 306 539 364 577
1250 309 1308 363 S.
1348 306 1636 362 JOANNIS
1668 301 2024 361 CHRYSOS‘I
2039 306 2158 361 0M1
2196 304 3101 366 AhCIllEP.'CONSTANTlNOP.
3759 303 3840 357 578

441 413 768 492 βαδίζωμεν,
826 413 914 470 ἵνα
941 416 1034 470 καὶ
1061 414 1170 469 ἀπὸ
1196 416 1296 485 τῆς
1320 417 1496 486 ὅψεως
1542 416 1650 469 τῶν
1680 419 1851 487 ἁγίων
1895 420 2098 474 τούτων
2206 421 2576 476 καταπλεῦσαι
2599 421 2691 475 τὸν
2713 421 2924 491 λιμένα,
2941 420 3038 474 καὶ
3060 419 3160 489 τῆς
3187 415 3461 487 βασιλείας
3487 416 3599 470 τῶν
3625 415 3840 487 οὐρανῶν

443 510 760 582 μνημάτων,
789 505 882 557 καὶ
905 503 1011 556 ἀπὸ
1045 503 1142 574 τῆς
1169 503 1377 566 ἐννοίας
1400 503 1509 556 τῶν
1537 503 1734 568 ἄθλων,
1769 507 1862 559 xal.
1894 524 2100 560 παντα-
2207 509 2502 577 ἐπιτυχεῖν,
2559 507 2742 577 χάριτι
2793 508 2885 560 καὶ
2917 504 3295 576 φιλανθρωπίᾳ
3327 502 3420 556 τοῦ
3467 503 3673 574 Κυρίου
3709 504 3841 572 ἡμῶν

437 597 594 670 χόοεν
631 592 855 654 πολλοὺς
899 591 994 644 καὶ
1033 589 1302 660 μεγάλους
1333 590 1586 654 λαϐόντες
1615 592 1916 663 θησαυροὺς
1943 635 1956 654 ,
2006 593 2101 646 καὶ
2219 591 2390 661 Ἰησοῦ
2424 590 2679 662 Χριστοῦ,
2729 589 2846 660 μεθ’
2875 582 2935 643 οὗ
2957 589 3036 659 τῷ
3067 588 3260 660 Haupt,
3289 589 3404 658 ἅμα
3434 586 3511 657 τῷ
3538 587 3678 656 ἁγίῳ
3707 588 3844 639 Ilva;-

437 685 531 738 τὸν
582 681 820 750 παρόντα
884 679 996 748 βίον
1045 677 1355 748 δυνηθῶμεν
1395 677 1616 732 κατὰτὸ
1652 679 1728 749 τῷ
1755 679 1874 750 Θεῷ
1911 679 2100 734 δοκοῦν
2209 696 2360 750 pan,
2413 679 2559 743 δόξα,
2611 679 2833 749 κράτος,
2883 678 3025 748 »τιμὴ
3075 677 3171 730 καὶ
3208 674 3598 749 προσκύνησις,
3632 675 3712 738 εἰς
3743 676 3844 735 τοὺς

435 767 706 830 διανύσαι,
759 765 853 820 καὶ
895 765 1036 837 μετὰ
1069 763 1270 836 πολλῆς
1317 766 1418 836 τῆς
1473 763 1745 837 ὲμπορὶας
1775 767 1856 831 εἰς
1895 767 2100 822 ἐκεῖνον
2203 767 2406 836 αἰῶνας
2429 767 2537 822 τῶν
2561 766 2792 823 αἰώνων.
2837 767 3030 837 ’Δμήν.

2103 928 2131 982 ἒ

541 1133 1116 1148 ον--Δ-ῌ-...α
1161 1133 1460 1148 -ι--αρ-
1475 1132 1672 1144 ’.ι’-⁵-

541 1150 1142 1165 ﬁ“
1153 1149 2002 1164 »μυὼν-ὀη
2011 1152 2075 1160 ν..-

1447 1388 1553 1448 AD
1591 1387 1952 1449 HOMILIAS
1992 1386 2070 1446 IN
2115 1384 2460 1444 SANCTAM
2499 1383 2884 1446 PE-LAGIAM

591 1552 750 1627 [584]
776 1552 914 1619 Quae
933 1552 1111 1623 prima
1145 1551 1374 1622 ponitur
1406 1549 1632 1606 homilia
1657 1549 2064 1606 Greco-Latina
2095 1549 2146 1604 in
2177 1549 2234 1603 S.
2274 1549 2568 1619 Pelagiam,
2597 1548 2897 1604 Antiochiae
2926 1549 3070 1603 haud
3102 1549 3266 1630 dubie
3293 1551 3475 1608 habita
3509 1564 3630 1622 est;
3660 1574 3767 1628 qua

516 1650 578 1702 'in
605 1650 741 1704 urbe
771 1664 932 1718 passa
953 1658 1036 1705 est
1058 1647 1292 1718 Pelagia.
1327 1646 1398 1702 De
1427 1661 1535 1714 qua
1557 1654 1742 1702 sancta
1769 1646 1976 1716 virgine
2019 1656 2073 1701 et
2099 1655 2335 1716 martyre
2361 1644 2544 1699 multa:
2573 1644 2932 1699 suboriuntur
2975 1645 3335 1715 quaestiones,
3386 1665 3526 1719 quas
3557 1654 3766 1708 erudite

515 1744 874 1813 prosequitur
901 1756 1002 1798 suo
1035 1759 1185 1797 more
1207 1741 1418 1796 Fronto
1447 1740 1676 1795 Ducaeus
1701 1740 1786 1794 his
1811 1740 2015 1794 verbis.

594 1853 619 1886 ί
659 1833 740 1888 Ex
766 1835 979 1890 duabus
1006 1832 1264 1898 homiliis,
1307 1846 1444 1900 quas
1475 1829 1642 1883 edidit
1668 1829 1903 1898 primum
1934 1830 2186 1900 Aloysins
2239 1829 2592 1899 Lipomanus,
2629 1838 2670 1884 t.
2703 1829 2732 1882 7
2755 1830 2824 1885 de
2856 1829 3015 1887 Vitis'
3045 1829 3375 1888 Sanctorum
3404 1834 3599 1894 Lati-ne
3649 1851 3768 1896 tan-

515 1935 656 1989 tum,
685 1942 855 1981 unam
881 1927 979 1981 hic
1006 1935 1239 1994 utraque
1271 1924 1448 1993 lingua
1485 1937 1632 1975 nunc
1658 1921 1852 1978 damus
1872 1939 1937 1977 ex
1967 1923 2181 1977 duobus
2226 1921 2356 1976 Mss.
2397 1920 2613 1977 Henrici
2644 1919 2712 1976 IV
2739 1922 2912 1993 regis,
2966 1923 3024 1977 in
3051 1935 3287 1993 quorum
3322 1929 3496 1983 altero
3558 1932 3770 1990 adscri-

507 2029 642 2090 ptus
666 2021 902 2090 margini
933 2019 1034 2073 fuit
1058 2018 1175 2072 dies
1198 2014 1451 2072 Octobris
1503 2015 1536 2068 8
1573 2014 1672 2068 hoc
1705 2024 1886 2083 pacto,
1944 2014 2075 2084 μηνὶ
2111 2014 2426 2085 Ὀκτωϐρὶῳ
2456 2021 2506 2085 η’
2540 2030 2553 2066 :
2587 2023 2642 2069 et
2671 2013 2929 2070 admonet
2973 2014 3379 2074 illustrissimus
3400 2020 3574 2078 Card.
3601 2024 3772 2082 Baro-

507 2115 640 2168 vnius
679 2115 734 2168 in
761 2109 1063 2184 Menologio
1087 2111 1403 2167 Graecorum
1439 2112 1526 2179 agi
1563 2112 1628 2166 de
1655 2111 1760 2165 alia
1815 2109 2030 2178 Pelagia
2058 2108 2416 2173 Antiochena,
2447 2123 2572 2178 quae
2597 2111 2892 2179 antequam
2921 2117 3200 2166 teneretur
3243 2128 3274 2166 a
3302 2121 3774 2188 persecutoribus,

517 2221 685 2263 orans
713 2223 782 2263 ne
809 2206 1164 2276 dispendium
1188 2214 1467 2274 pateretur
1495 2203 1843 2274 virginitatis,
1878 2202 1932 2255 in
1964 2215 2098 2271 pace
2138 2201 2347 2272 quievit
2381 2218 2394 2253 :
2429 2201 2524 2256 sed
2546 2201 2720 2271 hujus
2750 2201 2980 2272 Pelagia
3013 2201 3364 2260 festivitatem
3393 2207 3460 2261 ab
3495 2209 3603 2264 illis
3625 2214 3774 2270 cele-

509 2307 663 2360 brari
695 2315 892 2375 quarto
919 2305 1047 2360 ldus
1073 2304 1244 2368 .lun’ii,
1290 2315 1414 2358 eum
1459 2305 1511 2358 in
1546 2304 1708 2359 Rom.
1742 2302 2125 2372 Martyrologio
2180 2302 2478 2358 collocetur
2515 2304 2548 2357 5
2578 2301 2703 2358 ldus
2731 2304 2976 2374 ejusdem
2997 2306 3233 2371 mensis,
3271 2306 3376 2359 hoc
3399 2313 3484 2359 est
3535 2303 3568 2352 9
3595 2300 3771 2360 Junii.

516 2400 730 2453 Rursus
758 2399 1051 2453 convenire
1088 2397 1163 2452 ait
1185 2397 1333 2450 inter
1360 2398 1709 2452 Ambrosium
1758 2407 1814 2451 et
1840 2395 2300 2466 'Chrysosto‘mnm
2333 2396 2478 2466 quod
2510 2405 2735 2466 uterque
2763 2397 2938 2452 civem
2992 2397 3393 2452 Antiochenam
3431 2397 3602 2452 fuisse
3633 2399 3776 2453 velit

512 2488 810 2562 Pelagiani,
841 2499 894 2545 et
922 2505 992 2544 ne
1023 2489 1294 2558 jacturam
1326 2487 1527 2543 faceret
1551 2488 1900 2559 virginitatis,
1946 2485 2578 2542 mortem'voluntariam
2606 2489 2900 2559 oppetiisse
2925 2508 2940 2556 ;
2967 2503 3156 2544 verum
3175 2504 3280 2544 eos
3309 2489 3451 2544 inter
3481 2505 3540 2544 se
3561 2490 3774 2546 discre-

511 2593 662 2649 pare.
689 2581 834 2651 quod
861 2581 1182 2636 Ambrosius
1209 2597 1315 2636 una
1342 2597 1467 2636 cum
1501 2589 1676 2635 matre
1705 2588 1760 2634 et
1786 2595 1973 2636 sorore
2036 2579 2201 2635 ﬂuvio
2233 2597 2466 2636 mersam
2503 2597 2621 2637 eam
2653 2589 2914 2649 teStetur;
2948 2581 3376 2654 Chrysostomus
3405 2591 3586 2636 autem
3612 2599 3643 2637 e
3673 2599 3771 2638 su—

512 2674 668 2728 blimi
694 2683 836 2732 tecto
876 2687 934 2730 se
962 2676 1289 2745 praecipitem
1320 2665 1538 2730 dedisse
1569 2690 1584 2728 :
1620 2684 1783 2744 atque
1830 2673 1934 2729 hoc
1983 2674 2160 2744 ipsum
2193 2675 2257 2729 de
2286 2674 2503 2746 Pelagia
2553 2691 2734 2731 mersa
2792 2676 3081 2745 scripsisse
3123 2675 3474 2731 Ambrosium
3507 2673 3604 2729 lib.
3636 2671 3674 2728 ὃ
3707 2675 3774 2730 de

511 2771 828 2841 Virginibus
859 2773 1145 2827 annotavit
1173 2773 1309 2828 Lud.
1350 2773 1508 2828 Vives
1539 2772 1591 2826 in
1627 2772 1724 2826 lib.
1760 2772 1811 2839 1,
1843 2788 1891 2826 c.
1923 2771 2015 2838 26,
2063 2772 2352 2842 Augustini
2391 2773 2458 2828 de
2495 2771 2725 2828 Civitate
2755 2772 2850 2827 Dei
2887 2791 2900 2826 :
2932 2773 3091 2828 nobis
3123 2785 3303 2827 tamen
3359 2772 3621 2828 attentius
3651 2773 3774 2841 ejus

510 2864 878 2919 narrationem
906 2865 1388 2934 perpendentibus,
1422 2865 1552 2920 nihil
1585 2865 1691 2920 tale
1711 2864 1924 2920 videtur
1968 2867 2296 2922 Ambrosinus
2321 2868 2562 2936 referre;
2600 2866 2694 2923 scd
2721 2866 3042 2923 absentibus
3067 2866 3252 2937 potius
3277 2868 3450 2921 matre
3470 2881 3533 2921 ac
3564 2868 3775 2921 sorori-

512 2961 634 3024 bns,
668 2961 838 3014 solam
875 2960 1022 3015 domi
1051 2961 1467 3030 deprehensam,
1501 2977 1728 3018 vacuam
1760 2963 2036 3032 praesidio,
2067 2965 2161 3019 sed
2192 2963 2302 3019 Deo
2339 2964 2641 3034 pleniorem
2677 2963 2952 3034 Pelagiam
2983 2962 3133 3018 salva
3162 2961 3476 3031 virginitate
3501 2961 3567 3014 ad
3601 2976 3771 3029 spon-

509 3073 630 3112 sum
664 3057 942 3112 Christum
968 3072 1322 3128 properasse;
1365 3073 1464 3114 nec
1497 3059 1654 3114 aliter
1701 3074 1873 3128 genus
1899 3061 2094 3114 mortis
2124 3061 2380 3129 exprimit
2417 3059 2518 3115 :’at
2565 3067 2946 3130 persecutores
2974 3057 3068 3112 ubi
3111 3066 3351 3126 ereptam
3386 3057 3490 3112 sibi
3517 3057 3772 3110 viderunt

506 3154 745 3225 praedam
787 3153 1034 3223 pudoris,
1069 3162 1299 3208 matrem
1325 3162 1378 3207 et
1407 3167 1624 3209 sorores
1646 3153 1766 3222 ejus
1788 3154 2021 3224 caapisse
2048 3169 2325 3224 quaerere;
2362 3169 2552 3209 verum
2584 3153 2727 3219 illas,
2751 3152 3021 3207 consertis
3055 3151 3310 3205 manibus
3335 3159 3616 3218 tamquam
3639 3149 3772 3202 cho-

508 3267 601 3304 ros
625 3251 904 3312 ducerent,
941 3250 994 3302 in
1025 3249 1268 3304 medium
1299 3249 1512 3303 alveum
1556 3248 1800 3305 ﬂuminis
1850 3264 2180 3319 progressas
2221 3265 2363 3315 esse,
2405 3249 2494 3304 ubi
2557 3247 2702 3302 unda
2733 3247 3052 3311 torrentior,
3093 3246 3185 3300 ubi
3224 3244 3556 3315 profundum
3607 3245 3771 3297 abru-

507 3345 671 3411 ptius,
696 3343 920 3413 vestigia
936 3342 1251 3412 dirigentes.
1275 3341 1460 3412 Neque
1479 3357 1608 3397 vero
1631 3339 1992 3412 adstipulatur
2018 3343 2193 3398 eidem
2227 3343 2516 3398 Ambrosio
2547 3341 2882 3413 Augustinus
2898 3341 3098 3397 eodem
3120 3339 3404 3409 librojam
3432 3341 3616 3404 citato,
3644 3353 3770 3392 cum

507 3434 584 3484 ait
617 3440 836 3488 sanctas
883 3433 1113 3488 feminas
1146 3435 1436 3504 quasdam,
1495 3444 1555 3488 ut
1616 3435 1975 3491 insectatores
2015 3450 2131 3492 sure
2164 3435 2790 3508 pudicitim-devitarent,
2812 3434 2867 3488 in
2899 3441 3226 3490 necaturum
3253 3448 3314 3488 se
3343 3433 3546 3486 ﬂumen
3580 3429 3770 3499 proje-

506 3529 678 3589 cisse.
707 3536 872 3597 atque
902 3542 1088 3583 earum
1127 3529 1448 3585 memoriam
1479 3528 1534 3582 in
1575 3527 1819 3584 Ecclesia
1856 3529 2133 3588 Catholica
2192 3531 2541 3586 veneratione
2603 3529 2957 3585 celeberrima
3001 3527 3362 3600 frequentari.
3386 3525 3577 3594 Neque
3608 3528 3766 3582 enim

1881 4355 2034 4367 .-θ-..ην
2041 4357 2060 4365 ο
2067 4357 2180 4365 μου...
2191 4357 2243 4364 ---
2249 4355 2328 4365 σέ.
