3884 6294
112 308 228 361 λτ7
853 283 936 338 DE
977 285 1034 339 S.
1077 282 1366 338 PEL:\GI.\
1409 281 1689 338 VlllGlNE
1731 280 1818 334 ET
1859 275 2214 335 MARTYRE.
2257 306 2322 316 —
2363 267 2760 334 ADMONITLO.
3313 261 3424 319 678

121 427 358 481 Proinde
387 442 574 490 magna
607 425 708 480 title
738 434 788 478 et
809 423 1080 478 alacritate
1110 421 1213 475 huc
1256 419 1529 475 veniamus
1553 460 1568 486 ,
1618 432 1724 488 quo
1837 416 2108 474 mercibus
2139 415 2513 486 ingrediantur,
2536 423 2587 469 et
2614 427 2830 483 regnum
2854 409 3406 470 cmlorumconsequa-

121 531 183 577 et
213 524 340 572 visis
365 529 674 572 sanctorum
687 515 1068 578 monumentis,
1088 512 1515 568 etconsideratis
1533 523 1725 564 eorum
1837 525 1978 575 mur,
2000 509 2170 578 gratia
2199 515 2252 562 et
2276 505 2601 576 benignitate
2620 502 2830 558 Domini
2854 501 3018 556 nostri
3042 499 3168 555 Jesu
3195 498 3411 561 Christi.

127 610 544 673 certaminibus,
576 608 701 663 inde
727 608 905 662 varios
929 607 1208 660 tl.esauros
1237 603 1592 675 undequaque
1613 600 1727 655 col-
1836 617 1958 658 cum
1981 616 2087 671 quo
2113 599 2255 654 Patri
2309 598 2571 676 simulque
2601 596 2818 666 Spiritui
2867 602 3052 648 sancto
3066 592 3230 663 gloria
3249 629 3268 657 ,
3323 592 3416 645 lm-

129 709 399 776 ligamus;
431 716 486 760 et
511 719 605 774 per
625 710 944 773 prmsentem
967 701 1126 753 vitam
1171 699 1241 752 ita
1291 693 1584 750 secundum
1635 705 1727 745 vo-
1837 693 2082 762 perium,
2137 691 2308 745 honor
2357 699 2412 746 et
2440 689 2680 744 adoratio
2731 688 2784 742 in
2840 686 3033 742 saecula
3079 683 3419 750 saeculorum.

126 798 391 851 luntatein
426 796 518 852 Dei
551 807 904 859 transeamus,
935 795 986 848 in
1015 787 1722 864 portumillumcummultis
1839 788 2034 840 Amen.

1555 1371 1992 1432 ADMONITIO.

138 1535 419 1606 Pelagiam
449 1533 711 1597 nominat,
733 1541 828 1588 aut
855 1530 1243 1603 Sephroniam,
1267 1531 1360 1587 sed
1387 1531 1636 1602 exemplo
1670 1519 1965 1602 'utriusque
1987 1532 2276 1600 desumpto
2304 1547 2369 1588 ex
2402 1530 2692 1586 Ambrosio
2720 1529 2878 1587 Vives
2901 1531 3194 1600 Augustini
3215 1547 3399 1588 narra-

139 1632 349 1686 tionem
374 1627 667 1684 illustravit
692 1644 704 1679 :
730 1625 822 1696 qui
851 1634 1031 1681 tamen
1081 1625 1187 1682 hoc
1225 1639 1320 1681 eas
1357 1624 1552 1681 fecisse
1590 1625 1850 1680 divinitus
1898 1626 2100 1695 iussas,
2140 1639 2250 1679 non
2302 1624 2621 1684 humanitus
2650 1624 2902 1696 deceptas
2947 1631 3120 1693 putat,
3157 1625 3299 1680 sicut
3329 1625 3400 1680 de

140 1726 418 1780 Samsone
442 1719 586 1776 aliud
623 1717 705 1773 fas
737 1732 846 1772 non
881 1724 966 1772 est
999 1716 1218 1771 credere
1255 1730 1269 1766 :
1297 1715 1567 1770 neminem
1595 1721 1776 1770 tamen
1822 1724 2180 1786 spontaneam
2231 1723 2459 1771 mortem
2485 1715 2589 1771 sibi
2619 1714 2819 1770 inferre
2850 1715 3066 1792 debere,
3113 1715 3262 1770 velut
3311 1713 3373 1774 fu

139 1817 346 1888 giendo
379 1814 658 1869 molestias
685 1811 1036 1880 temporales,
1070 1824 1136 1865 ne
1167 1811 1219 1864 in
1250 1818 1537 1880 perpetuas
1568 1809 1790 1868 incidat.
1824 1809 2001 1882 Atque
2035 1812 2089 1866 in
2112 1811 2215 1866 hac
2243 1811 2463 1881 quidem
2492 1810 2713 1866 homilia
2737 1817 2949 1866 tantum
2978 1810 3082 1870 hoc
3120 1811 3198 1868 ait
3221 1809 3412 1884 Chry-

141 1918 449 1970 sostomus,
481 1904 756 1974 Pelagiam
784 1903 1086 1974 ingressam
1125 1903 1268 1956 intro
1315 1909 1516 1956 vestem
1552 1910 1816 1965 mutasse,
1877 1903 2244 1973 incorruptam
2279 1918 2379 1972 pro
2411 1910 2691 1972 corrupta,
2728 1909 2783 1956 et
2815 1901 2955 1963 intra
2983 1901 3118 1957 dicit
3136 1902 3338 1965 multos
3369 1919 3401 1958 e

141 1999 369 2056 sublimi
404 2006 546 2053 tecto
574 1996 813 2068 dejectos
835 1995 976 2050 nihil
1003 1995 1132 2050 mali
1160 2009 1373 2066 passos.
1405 1994 1475 2049 At
1502 1995 1558 2050 in
1581 1994 1773 2052 homil.
1805 1995 1860 2060 l,
1901 2011 2023 2066 quae
2055 2004 2141 2051 est
2170 2005 2317 2052 tomo
2350 1997 2385 2052 '5
2405 1996 2547 2066 apud
2583 1995 2828 2059 Surium,
2863 1993 3082 2051 disertis
3107 1995 3397 2060 verbisita

143 2098 338 2147 narrat
370 2109 383 2144 :
415 2089 496 2144 Ad
517 2091 678 2159 ipsius
711 2089 834 2144 tecti
869 2087 1142 2158 fastigium
1173 2091 1439 2152 cucurrit;
1470 2096 1520 2141 et
1561 2087 1709 2142 illinc
1741 2089 1966 2158 seipsam
1995 2089 2316 2160 precipitem
2348 2089 2511 2146 dedit.
2551 2087 2810 2157 Idemque
2864 2088 2932 2142 de
2968 2102 3031 2144 ea
3069 2087 3309 2154 refertur
3341 2088 3400 2142 in

142 2181 545 2242 ActisLuciani
571 2196 600 2236 a
618 2179 829 2236 Joanne
853 2177 1254 2238 Nicomediensi
1292 2180 1617 2252 conscriptis
1637 2181 1782 2252 apud
1812 2180 2031 2238 Surium
2062 2191 2195 2238 tom.
2221 2182 2272 2238 1.
2299 2182 2479 2252 Atque
2504 2180 2610 2236 hoc
2635 2188 2796 2251 pacto
2825 2179 2997 2236 videri
3027 2186 3210 2250 potest
3239 2179 3400 2236 intel-

142 2278 351 2338 lexisse
377 2277 698 2336 Ambrosius
723 2276 998 2348 Pelagiam
1028 2285 1232 2333 sartam
1258 2285 1456 2333 tectam
1498 2293 1857 2336 conservasse
1910 2280 2300 2351 virginitatem,
2327 2295 2452 2335 cum
2479 2295 2511 2335 e
2543 2287 2685 2335 tecto
2706 2292 2767 2335 se
2790 2277 3141 2336 demisisset:
3178 2285 3234 2335 et
3280 2276 3398 2338 ﬁeri

140 2380 326 2444 potest
368 2381 426 2426 ut
455 2386 672 2432 sorores
705 2371 824 2442 ejus
855 2385 964 2426 non
1001 2370 1119 2426 aliae
1144 2369 1369 2437 fuerint,
1396 2387 1560 2442 quam
1588 2371 1816 2428 Bernice
1842 2381 1896 2428 et
1915 2371 2212 2438 Prosdoce,
2249 2388 2480 2442 quarum
2509 2371 2741 2427 similem
2771 2371 2978 2428 exitum
3007 2372 3230 2442 exponit
3254 2371 3399 2433 idem

141 2465 575 2535 Chrysostomus
604 2462 766 2524 infra.
805 2461 940 2517 Nam
970 2461 1104 2517 etin
1131 2460 1515 2534 Martyrologio
1539 2461 1702 2519 Rom.
1736 2463 1804 2517 l9
1842 2461 2101 2520 Octobris
2128 2465 2275 2534 passi
2299 2464 2554 2520 dicuntur
2588 2463 2918 2526 eBeronicus,
2940 2462 3162 2534 Pelagia
3217 2471 3272 2524 et
3305 2464 3400 2520 alii

139 2566 417 2628 martyres
435 2555 758 2620 Antiochiae,
783 2553 880 2610 sed
902 2552 1100 2609 ibidem
1125 2553 1345 2609 alterius
1374 2552 1605 2623 Pelagia;
1637 2553 1954 2622 pmnitentis
1989 2554 2187 2611 festum
2233 2553 2511 2610 confertur
2564 2554 2618 2608 in
2649 2561 2903 2608 octavum
2933 2554 3078 2609 diem
3126 2553 3399 2622 Octobris,

141 2650 232 2706 cui
265 2649 440 2719 patria
473 2650 599 2704 item
625 2647 731 2706 fuit
754 2647 1066 2718 Antiochia,
1100 2649 1196 2706 sed
1223 2649 1360 2705 obiit
1384 2647 1741 2722 Jerosolymis
1791 2650 2127 2721 temporibus
2171 2649 2463 2706 Theodosii
2488 2650 2996 2723 junioris,.ejusque
3025 2649 3278 2706 meminit
3295 2649 3402 2706 Ni-

141 2741 423 2811 cephorus
449 2740 546 2800 lib.
578 2739 634 2810 4,,
670 2756 721 2798 c.
744 2740 836 2796 40.
869 2760 889 2794 ι

213 2830 297 2885 De
325 2840 571 2905 tempore
591 2831 842 2903 martyrii
876 2828 936 2886 S.
964 2829 1196 2902 Pelagiae
1228 2845 1338 2887 non
1371 2841 1585 2888 constat
1633 2852 1646 2891 :
1687 2833 1780 2888 alii
1813 2833 1915 2889 sub
1942 2832 2302 2899 Diocletiano,
2336 2835 2442 2890 sub
2462 2834 2762 2892 Maximino
2793 2837 2887 2892 alii
2922 2851 3144 2908 passam
3176 2838 3390 2896 volunt.

143 2921 286 2979 Vide
307 2937 430 2992 qua:
457 2923 563 2979 hac
592 2924 660 2979 de
682 2938 742 2980 re
775 2925 1029 2982 dicantur
1059 2940 1090 2979 a
1112 2925 1360 2984 Bollandi
1386 2929 1860 2986 continuatoribus
1890 2930 1958 2985 ad
1995 2930 2137 2985 diem
2166 2930 2199 2985 9
2220 2928 2393 2993 Junii,
2435 2930 2646 3000 p..l59.

209 3011 415 3070 Incerti
439 3014 722 3085 cujusdam
747 3015 1268 3088 interpretationem,
1300 3026 1485 3090 utpote
1516 3034 1616 3076 nec
1665 3028 2002 3085 accuratam,
2034 3035 2138 3076 nec
2163 3020 2230 3075 ad
2255 3019 2460 3076 Graecae
2482 3022 2750 3078 orationis
2781 3021 2946 3076 ﬁdem
2981 3005 3398 3091 concinnatam,

137 3111 462 3175 respuimus
492 3111 1152 3180 novamqueparavimus.

210 3197 526 3262 Secundam
550 3217 779 3272 eamque
808 3202 1111 3259 breviorem
1141 3203 1424 3260 homiliam
1463 3206 1521 3260 in
1564 3203 1622 3262 S.
1659 3203 1933 3277 Pelagiam
1959 3220 2025 3261 ex
2050 3204 2435 3277 Metaphraste,
2465 3213 2527 3261 ut
2555 3206 2696 3276 apud
2724 3204 2944 3260 Surium
2987 3204 3154 3260 latine
3179 3203 3398 3274 legitur,

139 3295 514 3364 ilesumptam,
541 3294 731 3351 Greco
753 3296 1056 3364 deﬁciente,
1083 3297 1486 3370 subjungimus.
1532 3297 1608 3354 Ea
1644 3297 2021 3372 Chrysostomi
2068 3315 2266 3356 nomen
2299 3300 2538 3372 praefert,
2575 3315 2675 3356 nec
2708 3299 2908 3370 injuria
2955 3307 3014 3354 ut
3043 3297 3277 3352 videtur.
3327 3296 3400 3351 .tn

141 3388 298 3446 nullo
318 3388 466 3443 enim
498 3405 531 3444 a
559 3389 930 3462 Chrysostomi
963 3394 1104 3464 stylo
1131 3394 1608 3466 concionandique
1655 3396 1764 3452 ritu
1789 3397 2065 3453 abhorret.
2112 3395 2168 3452 Id
2205 3413 2338 3453 vero
2369 3398 2549 3454 solum
2579 3397 2859 3469 quidpiam
2905 3408 3097 3467 parere
3150 3390 3397 3463 scrupuli

143 3483 343 3551 possit,
372 3482 520 3552 quod
546 3482 761 3539 brevior
782 3485 871 3549 sit,
893 3500 1057 3554 quam
1089 3485 1299 3547 soleant
1319 3502 1441 3544 esse
1459 3487 1753 3547 conciones
1783 3489 1921 3562 ejus.
1959 3487 2160 3547 Verum
2184 3489 2302 3546 aliae
2322 3499 2626 3548 occurrunt
2641 3489 2894 3563 ejusdem
2918 3487 3222 3556 brevitatis,
3257 3501 3417 3561 quas

143 3589 256 3632 non
297 3573 423 3630 ideo
456 3572 716 3633 debemus
745 3572 1136 3649 ()hrysostomo
1156 3577 1492 3650 abjudicare.
