3884 6294
483 214 587 273 579

1228 228 1289 291 S.
1325 232 1605 293 JOANNIS
1638 199 2116 288 etiavsosrmu
2160 218 2476 277 ancmsr.
2517 205 3053 270 coxsummoe.

3664 201 3757 256 580

1342 424 1841 509 HOMILIA
1897 421 2761 505 ENCOMIASTICA
2822 410 2915 491 (αὶ

1337 600 1400 643 IN
1445 599 1496 641 S.
1542 596 1895 641 BARTYREM
1947 595 2261 639 PELAGIAM
2298 595 2775 640 ANTIOCHENAM.

1946 728 2000 774 ίθῖ
2012 730 2210 769 <{o>-
2221 727 2272 767 ea

561 864 611 916 l.
646 861 852 931 Pelagia
873 875 962 912 cur
981 855 1184 929 tyranni
1207 853 1454 922 judicium
1485 849 1810 921 praverteril.
1829 846 1954 901 Iesu
1973 862 2064 899 usa

488 954 781 1008 consiliario
808 967 861 1004 se
891 948 1201 1019 pracipitem
1230 944 1382 999 dedit.
1414 972 1486 982 —
1524 938 1842 996 Benedictus
1887 937 2023 991 Deus
2050 955 2062 989 :

488 1047 649 1099 etiam
677 1043 948 1106 mulieres,
977 1041 1083 1093 imo
1105 1036 1296 1108 puellae
1318 1035 1532 1089 demum
1563 1039 1791 1087 mortem
1822 1028 2063 1093 irrident,

488 1138 823 1208 virginesque
878 1132 1161 1189 admodum
1199 1132 1422 1199 juvenes
1445 1134 1499 1181 et
1551 1126 1786 1194 innuptm
1822 1123 1876 1177 in
1923 1123 2067 1191 ipsos

490 1232 679 1286 inferni
711 1228 956 1283 stimulos
1003 1225 1265 1285 insiliunt,
1317 1220 1553 1289 nihilque
1590 1218 1861 1287 patiuntur
1905 1214 2070 1269 detri-

490 1322 676 1377 menti.
700 1320 826 1374 llaec
852 1331 1010 1387 porro
1034 1316 1170 1370 bona
1196 1312 1373 1367 omnia
1411 1325 1507 1379 per
1536 1308 1808 1363 Christum
1859 1319 1924 1360 ex
1948 1304 2067 1359 Vir-

488 1416 612 1483 gine
637 1422 817 1467 natum
848 1410 1001 1463 allata
1025 1407 1177 1461 nobis
1199 1412 1323 1459 sunt
1348 1422 1358 1457 :
1394 1418 1517 1457 nam
1544 1408 1665 1473 post
1710 1402 1920 1455 beatum
1944 1412 2069 1468 par-

489 1518 599 1560 tum
622 1505 796 1567 illum,
819 1512 873 1556 et
928 1498 1291 1554 admirabilem
1332 1504 1530 1560 ortum,
1579 1492 1766 1547 mortis
1795 1490 1944 1546 nervi
1977 1505 2067 1545 so-

485 1599 603 1663 luti,
634 1594 827 1650 diaboli
853 1591 1085 1662 potentia
1108 1588 1279 1642 fracta
1312 1598 1414 1651 cst,
1456 1585 1547 1656 qui
1587 1583 1838 1650 deinceps
1886 1597 1991 1635 non
2036 1595 2066 1635 a

487 1688 617 1743 viris
645 1696 870 1750 tantum,
911 1682 1003 1736 sed
1034 1682 1190 1735 etiam
1231 1695 1259 1731 a
1314 1677 1626 1732 mulieribus
1664 1674 2065 1737 contemnitur;

470 1788 589 1833 ‘nec
618 1792 646 1831 a
679 1772 986 1829 mulieribus
1006 1771 1184 1835 modo,
1216 1770 1309 1823 sed
1338 1777 1391 1823 et
1437 1782 1465 1820 a
1494 1766 1701 1836 puellis.
1748 1764 1895 1819 Sicut
1924 1768 2065 1817 enim

491 1880 671 1942 pastor
699 1880 946 1923 strenuus
990 1867 1199 1921 leonem
1243 1862 1522 1932 pecoribus
1566 1858 1988 1923 formidolosum,
2017 1867 2070 1911 et

490 1970 656 2016 totum
685 1960 821 2015 ovile
846 1959 1210 2013 devastantcm
1240 1952 1555 2023 corripiens.
1584 1950 1783 2005 avulsis
1798 1948 2067 2013 dentibus,

489 2051 719 2107 exsectis
748 2049 1027 2120 unguibus,
1060 2047 1281 2103 detonsa
1306 2044 1454 2115 juba,
1480 2043 1571 2098 vel
1595 2051 1863 2112 pastorum
1888 2040 2071 2110 pueris

488 2142 836 2198 deridendum
868 2140 1135 2211 propinat,
1170 2138 1277 2192 imo
1303 2136 1465 2190 etiam
1510 2134 1700 2203 puellis
1746 2131 1907 2186 tradit
1953 2130 2072 2183 illu-

487 2235 757 2291 dendum:
788 2234 858 2288 ita
884 2241 940 2287 et
962 2231 1205 2285 Christus
1234 2235 1460 2282 mortem
1480 2232 1694 2279 natura:
1737 2232 1932 2279 nostra:
1967 2222 2071 2275 for-

490 2326 821 2390 midabilem,
863 2323 1151 2395 generique
1198 2328 1381 2375 nostro
1430 2316 1718 2373 terribilem
1770 2314 2069 2385 corripuit,

488 2420 711 2490 ejusque
737 2428 935 2473 metum
961 2415 1223 2479 dissolvit,
1259 2414 1328 2467 ita
1359 2420 1418 2466 ut
1446 2411 1606 2464 etiam
1628 2409 1857 2479 virgines
1905 2408 2071 2476 ipsam

490 2512 786 2567 derideant.
816 2508 1172 2576 Quamobrem
1202 2506 1354 2561 beata
1386 2503 1596 2571 Pelagia
1627 2512 1768 2554 tanta
1810 2516 1928 2554 cum
1981 2516 2069 2553 vo-

493 2606 693 2674 luptate
717 2602 782 2656 ad
810 2617 926 2657 eam
969 2600 1228 2664 cucurrit,
1286 2606 1345 2651 ut
1395 2611 1463 2651 ne
1505 2594 1811 2657 carnificum
1859 2593 2073 2661 quidem

493 2709 682 2749 manus
708 2700 1060 2763 exspectaret,
1092 2704 1265 2758 neque
1296 2689 1346 2741 in
1385 2686 1641 2757 judicium
1686 2684 2071 2755 ingrederetur,

493 2787 587 2844 sed
619 2785 829 2857 propria
855 2784 1016 2838 animi
1042 2780 1405 2851 magnitudine
1444 2779 1653 2833 illorum
1700 2775 2071 2832 crudelitatem

496 2887 859 2948 prteverteret.
905 2874 1037 2929 Nam
1077 2872 1143 2927 ad
1198 2879 1459 2926 tormenta
1502 2868 1737 2940 quidem,
1787 2869 2072 2933 cruciatus,

493 2969 749 3041 supplicia
772 2976 952 3039 parata
982 2976 1136 3029 erat;
1166 2963 1261 3019 sed
1284 2961 1555 3018 metuebat
1586 2972 1760 3015 tamen
1808 2976 1875 3015 ne
1918 2960 2077 3030 virgi—

495 3063 675 3118 nitatis
715 3075 968 3117 coronam
1012 3057 1282 3130 perderet.
1314 3055 1385 3112 Ut
1430 3062 1606 3110 autem
1654 3054 1792 3109 scias
1841 3068 1958 3108 eam
2010 3054 2077 3108 ab

494 3153 776 3224 impiorum
796 3152 1009 3207 libidine
1029 3149 1288 3214 timuisse,
1309 3146 1697 3218 praeoccupavit
1719 3144 1830 3212 illa,
1854 3160 2077 3215 seseque

492 3246 688 3318 a:turpi
737 3244 1061 3301 contumelia
1105 3242 1375 3298 subduxit.
1421 3240 1576 3307 Quod
1598 3254 1728 3295 sane
1778 3240 1858 3294 vir
1903 3238 2078 3293 nullus

494 3355 743 3408 umquam
768 3352 1051 3408 aggressus
1072 3344 1155 3390 est
1185 3354 1197 3388 :
1229 3348 1416 3389 omnes
1444 3332 1587 3387 enim
1617 3332 1683 3385 ad
1708 3330 1963 3401 judicium
1990 3346 2077 3384 se-

494 3432 645 3501 quuti
673 3433 899 3491 fuerant,
928 3429 1105 3497 ibique
1156 3424 1520 3481 fortitudinem
1567 3438 1719 3478 suam
1744 3421 2079 3478 demonstra-

496 3533 705 3581 verunt.
725 3524 793 3579 At
818 3522 1090 3587 mulieres,
1124 3528 1303 3590 utpote
1324 3527 1510 3573 natura
1532 3532 1628 3573 sua
1648 3515 1853 3585 injuria:
1880 3530 2077 3584 oppor-

496 3619 753 3680 tuniores,
786 3614 927 3670 hunc
955 3613 1055 3668 sibi
1079 3611 1264 3666 mortis
1284 3609 1497 3664 modum
1525 3606 1915 3678 excogitarunt.
1945 3606 2078 3661 Nam

494 3710 539 3763 si
572 3706 833 3779 potuisset
856 3704 1014 3759 simul
1040 3713 1094 3757 et
1121 3702 1474 3772 virginitatem
1522 3714 1735 3754 servare
1763 3706 1818 3753 et
1842 3697 2079 3768 martyrii

497 3816 749 3856 coronam
794 3797 1070 3866 consequi,
1124 3808 1457 3865 nequaquam
1507 3792 1573 3847 ad
1617 3790 1842 3846 tribunal
1874 3790 2078 3861 ingredi

496 3900 829 3956 recusasset;
865 3892 986 3960 quia
1018 3903 1143 3944 vero
1170 3889 1237 3943 ab
1284 3886 1540 3940 alterutro
1569 3883 1819 3939 excidere
1860 3896 2080 3937 necesse

499 4003 715 4057 prorsus
741 3994 872 4051 erat,
900 3996 1151 4039 extrema:
1182 3983 1400 4052 putabat
1425 3981 1670 4034 amentiae
1709 3977 1840 4042 fore,
1887 3977 1929 4031 si
1958 3992 2079 4030 cum

500 4088 684 4147 posset
709 4088 988 4148 utramque
1017 4076 1293 4130 victoriam
1345 4072 1619 4143 consequi,
1671 4071 1942 4124 dimidiam
1990 4085 2081 4125 so-

487 4169 607 4225 lum
636 4184 888 4225 coronam
920 4175 1237 4237 reportaret.
1278 4164 1404 4219 Ideo
1431 4164 1598 4217 noluit
1626 4162 1676 4215 in
1705 4160 1965 4231 judicium
1996 4176 2083 4214 ac-

486 4263 711 4329 cedere,
746 4277 917 4331 neque
944 4259 1155 4313 lascivis
1186 4258 1353 4311 oculis
1376 4253 1679 4323 spectaculo
1699 4267 1836 4313 esse,
1862 4251 1943 4305 vel
1977 4252 2081 4319 pati

497 4364 553 4411 ut
590 4356 1003 4423 intemperantes
1058 4349 1301 4403 homines
1346 4356 1565 4414 aspectu
1612 4359 1710 4398 suo
1753 4343 2078 4408 fruerentur,

494 4457 845 4516 sanctumque
887 4443 1013 4497 illud
1051 4456 1248 4510 corpus
1304 4439 1578 4492 al‘licerent
1603 4436 1959 4500 contumelia;
1989 4435 2083 4489 sed

493 4557 559 4595 ex
586 4538 818 4593 thalamo
844 4542 899 4589 et
916 4546 1171 4604 gynteceo
1215 4531 1267 4583 in
1310 4529 1469 4582 alium
1520 4528 1831 4593 thalamum,
1883 4526 1996 4582 sive
2027 4526 2079 4579 in

496 4632 690 4687 malum
715 4669 731 4694 ,
772 4626 940 4681 venit.
968 4624 1212 4692 Magnum
1236 4620 1427 4690 quippe
1457 4629 1539 4673 est
1566 4618 1841 4673 carniﬁces
1865 4618 2084 4672 circum-

496 4730 701 4777 stantes
725 4720 927 4782 videre,
957 4727 1011 4771 et
1067 4716 1229 4767 latera
1264 4711 1553 4776 fodientes;
1597 4711 1690 4765 sed
1717 4709 1881 4764 nihilo
1911 4713 2086 4765 minus

500 4814 590 4867 illo
616 4810 719 4863 hoc
744 4821 957 4878 quoque
986 4812 1104 4860 est:
1138 4803 1245 4857 illis
1272 4802 1411 4857 enim
1438 4817 1554 4855 cum
1577 4800 1687 4871 jam
1724 4814 1914 4854 sensus
1962 4815 2085 4854 cru-

498 4906 731 4957 ciatuum
762 4899 1018 4953 varietate
1048 4903 1393 4964 consumptus
1423 4893 1510 4959 sit,
1540 4908 1643 4945 non
1673 4892 1809 4945 ultra
1834 4888 2086 4945 formida-

496 4995 618 5049 bilis
636 4988 1037 5054 morsvidetur,
1068 4986 1161 5042 sed
1185 4985 1359 5056 potius
1386 4986 1682 5055 urgentium
1727 4983 1986 5036 malorum
2015 4983 2082 5037 li-

499 5086 701 5142 heratio
726 5093 884 5153 atque
900 5079 1164 5143 cessatio;
1196 5079 1310 5131 haec
1338 5091 1465 5130 vero
1487 5074 1745 5128 nihildum
1779 5074 2083 5141 hujusmodi

501 5194 677 5248 passa,
702 5193 822 5234 cum
852 5190 1045 5245 corpus
1073 5174 1334 5241 integrum
1357 5168 1599 5232 haberet,
1620 5166 1855 5238 nihilque
1885 5167 2084 5220 doloris

502 5273 825 5342 pertulisset,
865 5279 1126 5338 generoso
1160 5275 1456 5332 magnoque
1485 5259 1663 5313 animo
1693 5274 1826 5327 Opus
1880 5258 2081 5321 habuit,

502 5372 558 5416 ut
578 5363 805 5416 violenta
845 5366 1016 5413 morte
1035 5371 1100 5410 ex
1131 5360 1231 5408 hac
1257 5354 1359 5406 vita
1388 5366 1447 5405 se
1474 5350 1812 5406 subduceret.
1842 5350 2015 5418 Quare
2039 5350 2083 5404 si

503 5454 712 5511 miraris
734 5453 944 5507 illorum
974 5445 1302 5519 patientiam,
1330 5442 1489 5514 hujus
1514 5444 1709 5498 mirare
1735 5442 2014 5510 virtutem;
2036 5441 2082 5498 si

559 5614 636 5676 ta)
664 5608 964 5661 Contulimus
982 5606 1181 5659 codices
1204 5603 1376 5668 Regios
1396 5601 1521 5654 2029
1541 5608 1593 5655 et
1613 5601 1757 5654 2343.

2172 856 2354 917 stupes
2381 864 2566 904 eorum
2595 850 2952 917 tolerantiam,
2973 853 3087 922 ejus
3114 863 3267 925 stupe
3292 872 3622 927 generosum
3654 862 3759 915 ani-

2173 952 2340 1002 mum,
2364 955 2472 1010 quo
2502 942 2661 995 talem
2692 942 2841 997 adire
2867 954 3092 1000 mortem
3123 961 3249 1001 ausa
3272 948 3360 1003 sit.
3394 950 3471 1003 Ne
3494 966 3630 1005 vero
3654 967 3759 1006 eur~

2173 1027 2272 1081 sim
2302 1045 2414 1084 rem
2443 1041 2763 1099 prmtereas;
2796 1032 2889 1087 sed
2918 1036 3088 1105 cogita
3111 1052 3216 1106 quo
3240 1052 3402 1093 sensu
3434 1040 3604 1095 fuerit
3621 1044 3757 1111 virgo

2175 1128 2378 1187 tenera,
2408 1137 2527 1191 qua:
2556 1122 2845 1178 thalamum
2865 1133 3068 1180 tantum
3094 1138 3329 1195 noverat,
3356 1131 3625 1186 militibus
3648 1148 3758 1187 con-

2173 1210 2346 1265 fertim
2382 1212 2818 1281 irrumpentibus,
2857 1226 2980 1271 ante
3014 1217 3156 1273 fores
3203 1222 3488 1291 stantibus,
3521 1224 3591 1277 ad
3627 1225 3757 1295 judi-

2174 1304 2313 1358 cium
2338 1306 2666 1371 vocantibus,
2699 1307 2750 1361 in
2776 1307 2946 1362 forum
2971 1324 3068 1379 pro
3098 1310 3291 1366 talibus
3312 1315 3586 1385 tantisque
3607 1318 3756 1373 rebus

2176 1398 2529 1453 trahentibus.
2563 1398 2677 1453 Non
2712 1408 2860 1468 pater
2885 1403 3048 1469 intus,
3075 1418 3182 1457 non
3211 1414 3381 1461 mater
3405 1407 3622 1475 aderat,
3661 1426 3754 1465 non

2176 1490 2374 1556 nutrix,
2400 1506 2506 1545 non
2526 1492 2739 1558 ancilla,
2772 1508 2877 1547 non
2905 1494 3096 1559 vicina,
3130 1511 3233 1549 non
3262 1499 3431 1554 amica
3451 1542 3466 1565 ,
3519 1502 3618 1556 sed
3654 1505 3755 1557 sola

2176 1583 2314 1637 inter
2338 1584 2614 1638 carnifices
2637 1584 2753 1639 illos
2774 1595 2907 1640 erat.
2941 1586 3093 1653 Quod
3119 1589 3260 1643 enim
3283 1592 3431 1646 exire
3458 1602 3517 1648 et
3544 1610 3758 1664 respon-

2174 1672 2303 1728 dere
2323 1673 2658 1729 carnificibus
2683 1675 2785 1728 illis
2812 1676 3067 1731 militibus
3086 1681 3336 1748 potuerit,
3359 1682 3504 1751 quod
3532 1672 3754 1751 hiscere,

2175 1765 2317 1835 quod
2348 1780 2533 1821 vocem
2565 1767 2829 1833 emittere,
2860 1769 2999 1838 quod
3048 1772 3338 1840 respicere,
3367 1772 3512 1843 quod
3557 1779 3757 1830 consis-

2179 1867 2290 1913 tere
2310 1873 2373 1913 ac
2403 1858 2688 1927 respirare,
2748 1875 2852 1930 quo
2879 1875 2985 1915 non
3031 1870 3250 1931 stupore
3304 1873 3359 1918 et
3406 1865 3756 1921 admiratione

2176 1951 2393 2022 dignum
2423 1951 2621 2006 fuerit?
2648 1952 2762 2007 Non
2793 1964 2947 2007 erant
2979 1954 3092 2008 hth
3141 1956 3387 2011 humanae
3414 1969 3645 2025 natum,
3672 1960 3756 2013 sed

2179 2046 2437 2115 majorem
2464 2044 2560 2101 Dei
2588 2055 2744 2100 nutus
2770 2056 2974 2116 partem
3005 2046 3287 2103 inferebat.
3317 2049 3501 2120 Neque
3534 2061 3646 2106 tum
3678 2052 3754 2107 illa

2178 2137 2352 2191 stabat
2378 2136 2570 2204 otiosa,
2604 2136 2698 2193 sed
2726 2138 2868 2208 quod
2916 2139 2968 2193 in
3018 2153 3078 2194 se
3104 2149 3218 2194 erat
3267 2150 3433 2195 totum
3486 2143 3753 2211 eﬂ‘erebat,

2178 2231 2529 2297 alacritatem,
2558 2247 2878 2302 generosum
2922 2233 3182 2300 animum,
3231 2236 3585 2305 voluntatem,
3644 2253 3756 2308 pro-

2178 2324 2430 2393 positum,
2456 2324 2874 2392 festinationem,
2917 2327 3199 2395 ardorem;
3255 2344 3443 2383 eorum
3469 2345 3601 2385 vero
3645 2330 3755 2385 ﬁnis

2181 2415 2273 2470 Dei
2300 2432 2400 2486 ope
2424 2426 2478 2472 et
2523 2432 2751 2487 superna
2801 2416 3170 2473 benevolentia
3216 2430 3475 2491 sequutus
3519 2430 3643 2476 est:
3691 2422 3752 2476 ita

2180 2517 2236 2564 ut
2263 2507 2409 2563 illam
2432 2518 2487 2564 et
2508 2509 2765 2577 admirari
2789 2519 2843 2565 et
2872 2511 3080 2566 beatam
3104 2512 3395 2582 przedicare
3430 2514 3751 2577 debeamus;

2179 2598 2389 2655 beatam
2415 2600 2703 2671 praedicare
2733 2602 2802 2658 ob
2821 2603 3188 2658 commilitium
3225 2603 3341 2671 Dei,
3370 2605 3647 2671 admirari,
3693 2607 3754 2659 ob

2182 2693 2450 2764 propriam
2474 2694 2637 2749 animi
2692 2695 3044 2752 alacritatem.
3101 2697 3232 2766 Quis
3287 2699 3429 2754 enim
3484 2715 3593 2754 non
3646 2701 3753 2769 jure

2179 2786 2521 2856 ohstupescat
2544 2786 2768 2841 audiens
2799 2787 2939 2843 illam
2970 2789 3226 2859 temporis
3285 2800 3565 2846 momento
3592 2791 3754 2845 consi-

2182 2876 2309 2930 lium
2359 2877 2559 2943 iniisse,
2606 2877 2953 2934 confirmasse
2991 2887 3045 2933 et
3084 2878 3151 2934 ad
3202 2880 3399 2935 exitum
3444 2878 3746 2936 deduxisse?

2182 2965 2359 3022 Nostis
2381 2969 2578 3037 quippe
2606 2982 2791 3023 omnes
2813 2982 2956 3039 saepe
2987 2969 3249 3037 accidere,
3281 2980 3339 3026 ut
3363 2987 3483 3041 quae
3510 2972 3601 3026 diu
3647 2985 3749 3026 me-

2181 3056 2332 3112 ditati
2363 3074 2567 3121 sumus,
2598 3059 2827 3113 instante
2852 3060 3105 3131 temporis
3120 3062 3419 3129 occasione,
3449 3062 3750 3132 modicoque

2184 3160 2417 3206 mentem
2433 3150 2723 3206 invadente
2754 3160 2920 3219 metu,
2949 3153 3169 3207 consilia
3202 3154 3377 3208 omnia
3405 3155 3569 3209 missa
3600 3154 3749 3207 facia-

2185 3258 2322 3306 mus,
2352 3243 2589 3313 angustia
2623 3242 2904 3297 confestim
2934 3244 3195 3298 deterriti.
3230 3244 3317 3297 Illa
3350 3260 3479 3300 vero
3510 3255 3615 3300 tam
3642 3243 3751 3298 hor—

2186 3334 2429 3399 rendam,
2481 3343 2586 3387 tam
2628 3334 2965 3390 formidabile
3017 3336 3296 3390 consilium
3350 3353 3456 3390 uno
3511 3335 3751 3407 temporis

2186 3434 2455 3479 momento
2470 3425 2758 3494 suscipere,
2777 3424 3088 3490 decernere,
3109 3442 3272 3496 opere
3289 3427 3548 3497 perficere
3566 3425 3746 3498 potuit:

2187 3531 2291 3569 non
2318 3516 2661 3587 praesentium
2708 3528 2899 3583 terror,
2942 3533 3049 3573 non
3074 3518 3321 3573 celeritas
3354 3520 3629 3589 temporis,
3657 3531 3749 3573 non

2186 3610 2414 3666 solitudo
2441 3611 2579 3665 inter
2608 3610 2845 3678 insidias,
2874 3626 2979 3666 non
3007 3611 3146 3682 quod
3167 3612 3280 3666 sola
3312 3613 3450 3667 intus
3472 3622 3635 3679 esset,
3658 3625 3748 3665 non

2184 3704 2325 3760 aliud
2350 3704 2619 3776 quidpiam
2648 3704 2949 3775 hujusmodi
2977 3704 3186 3760 beatam
3211 3706 3351 3759 illam
3385 3705 3642 3771 turbavit;
3669 3701 3748 3757 sed

2186 3798 2335 3869 quasi
2366 3798 2718 3867 praesentibus
2738 3798 2922 3852 amicis
2968 3806 3023 3852 et
3059 3797 3221 3863 notis,
3266 3798 3342 3852 sic
3366 3814 3487 3853 cum
3526 3798 3749 3853 libertate

2186 3890 2361 3943 omnia
2394 3887 2553 3953 fecit;
2586 3888 2786 3958 acjure
2807 3888 3019 3958 quidem
3052 3889 3265 3943 merito.
3298 3888 3413 3943 Non
3464 3891 3608 3944 enim
3652 3886 3749 3942 sola

2189 3981 2328 4035 intus
2354 3990 2487 4044 erat,
2520 3980 2613 4035 sed
2640 3980 2818 4035 Jesum
2842 3980 3069 4035 habebat
3093 3982 3453 4035 consiliarium
3486 4000 3500 4036 :
3536 3984 3643 4051 ipse
3669 3978 3750 4031 ad-

2188 4086 2322 4141 erat,
2356 4078 2469 4144 ipse
2497 4090 2590 4129 cor
2616 4074 2730 4145 ejus
2763 4073 3033 4143 tangebat,
3061 4074 3174 4144 ipse
3216 4075 3451 4127 animum
3481 4072 3742 4128 confirma-

2186 4170 2301 4235 bat,
2331 4169 2446 4238 ipse
2474 4176 2672 4221 metum
2698 4165 2949 4236 pellebat.
2978 4164 3109 4219 Illud
3136 4174 3312 4219 autem
3342 4181 3445 4219 non
3476 4166 3593 4220 sine
3612 4174 3749 4218 causa

2191 4258 2438 4326 faciebat,
2467 4258 2559 4312 sed
2592 4257 2712 4328 quia
2737 4257 2848 4327 ipsa
2872 4265 3079 4327 martyr
3103 4269 3165 4311 se
3202 4265 3356 4310 antea
3410 4257 3625 4327 dignam
3653 4253 3749 4322 ejus

2188 4353 2368 4407 auxilii
2390 4352 2705 4421 prarbuerat.

2259 4445 2313 4498 2.
2342 4446 2563 4514 Egressa
2607 4444 2781 4512 itaque
2807 4456 2835 4494 a
2868 4439 3130 4494 militibus
3163 4438 3333 4510 petiit,
3366 4447 3426 4493 ut
3454 4438 3555 4493 sibi
3583 4439 3749 4494 liceret

2190 4537 2393 4607 ingredi
2423 4544 2475 4590 et
2500 4544 2702 4590 vestem
2741 4541 2946 4587 munre
2979 4550 2992 4586 :
3020 4539 3179 4601 atque
3205 4531 3440 4600 ingressa
3478 4530 3644 4584 induit
3678 4526 3750 4579 in-

2188 4628 2585 4697 corruptionem
2636 4641 2732 4695 pro
2774 4623 3136 4693 corruptione,
3186 4622 3632 4677 immortalitatem
3672 4631 3751 4686 pro

2190 4733 2382 4789 morte,
2439 4721 2599 4774 vitam
2654 4717 3047 4774 interminatam
3101 4732 3199 4786 pro
3242 4727 3605 4785 temporanea.
3653 4712 3750 4779 Ego

2191 4830 2318 4871 vero
2344 4822 2538 4884 praeter
2563 4827 2647 4876 ca,
2676 4826 2793 4881 qua:
2812 4810 2951 4864 dicta
2973 4817 3118 4871 sunt,
3147 4816 3201 4862 et
3227 4806 3329 4862 hoc
3358 4806 3610 4868 admiror,
3633 4815 3749 4873 quo-

2192 4909 2350 4963 modo
2377 4908 2572 4961 milites
2593 4920 2711 4959 eam
2744 4904 2817 4958 illi
2846 4902 3209 4957 concesserint
3228 4901 3473 4970 gratiam,
3502 4893 3750 4970 quomodo

2191 4999 2384 5055 mulier
2408 4999 2550 5053 viros
2588 4996 2875 5064 deceperit,
2922 4992 3189 5063 quomodo
3238 4992 3370 5046 nihil
3417 5006 3623 5057 eorum,
3650 4996 3749 5057 quas

2188 5100 2442 5147 eventura
2484 5098 2655 5150 erant,
2696 5085 2947 5155 suspicati
2981 5084 3107 5150 sint,
3151 5082 3416 5153 quomodo
3444 5082 3622 5136 dolum
3661 5090 3748 5131 non

2192 5181 2571 5239 intellexerint.
2603 5178 2785 5247 Neque
2818 5178 2961 5231 enim
3009 5183 3094 5230 est
3122 5173 3261 5245 quod
3304 5173 3472 5239 dicas,
3506 5172 3746 5227 neminem

2191 5289 2443 5345 umquam
2475 5288 2587 5328 rem
2620 5271 2847 5324 similem
2887 5268 3074 5323 fecisse
3107 5285 3120 5322 :
3170 5266 3349 5321 multae
3380 5265 3523 5319 enim
3551 5265 3747 5318 fortasse

2191 5388 2250 5429 se
2277 5368 2576 5441 przccipites
2601 5364 2863 5419 dederunt
2888 5405 2903 5429 ,
2936 5375 3161 5431 seseque
3202 5360 3252 5413 in
3282 5359 3498 5428 pelagus
3528 5357 3749 5424 conject-

2191 5474 2336 5531 runt,
2361 5461 2441 5517 vel
2464 5470 2647 5531 pectus
2669 5456 2845 5529 gladio
2876 5454 3215 5525 trajecerunt,
3237 5451 3321 5505 vel
3343 5450 3534 5519 laqueo
3560 5463 3615 5502 se
3638 5457 3752 5514 przr-

2194 5558 2438 5612 focarunt
2466 5572 2476 5606 :
2508 5562 2717 5622 tempus
2743 5549 2939 5620 quippe
2965 5544 3091 5602 illud
3120 5542 3424 5614 hujusmodi
3446 5536 3748 5595 dramatibus

2200 5624 2411 5720 ιῖιοιιιηη
2438 5654 2575 5701 erat.
2608 5644 2673 5699 At
2696 5642 2835 5707 Dens
2862 5654 2955 5696 cor
2983 5652 3166 5698 eorum
3190 5635 3495 5703 excarcavit,
3524 5643 3578 5687 ut
3598 5626 3746 5686 dolum
