3884 6294
157 370 281 429 881

154 498 295 540 non
325 474 702 538 adorerentur.
750 474 1105 547 Quamobrem
1134 490 1198 528 ex
1227 472 1416 528 mediis
1452 470 1539 526 illa
1569 470 1769 526 retibus

155 574 426 630 avolavit
450 590 464 625 :
486 585 550 626 ac
573 567 1019 641 quemadmodum
1044 580 1199 622 cerva
1223 566 1276 620 in
1302 565 1444 635 ipsas
1459 573 1770 620 venatorum

160 681 385 723 manus
408 664 650 735 delapsa,
673 662 901 732 indeque
928 670 1109 732 postea
1130 660 1405 729 aufugiens
1435 658 1487 713 in
1513 658 1780 713 verticem

160 758 392 813 montis
418 753 761 811 venatoribus
790 761 845 810 et
880 752 997 808 telis
1038 752 1369 808 inaccessum
1425 766 1486 807 se
1522 749 1771 817 confert,

161 862 519 917 cursumque
562 845 777 901 tandem
828 844 989 910 sistit,
1038 852 1201 914 atque
1237 844 1291 898 in
1322 852 1436 898 tuto
1461 843 1633 914 posita
1657 856 1773 908 eos,

165 939 274 1007 qui
326 937 432 993 sibi
460 935 869 1004 insidiabantur,
904 935 1123 1006 respicit
1149 951 1165 990 :
1191 935 1272 991 sie
1303 944 1357 991 et
1387 935 1475 990 illa
1504 934 1557 989 in
1588 948 1775 988 manus

167 1028 561 1084 insidiantium
589 1027 804 1098 delapsa
830 1067 847 1095 ,
887 1035 943 1082 et
970 1026 1261 1098 parietibus
1288 1027 1439 1097 quasi
1467 1026 1668 1082 retibus
1692 1026 1776 1080 in-

171 1129 275 1176 tus
318 1119 733 1191 comprehensa,
771 1118 995 1190 aufugit,
1024 1134 1130 1174 non
1175 1119 1231 1174 in
1277 1119 1473 1197 montis
1499 1119 1772 1183 verticem.

172 1213 286 1270 sed
317 1214 375 1273 in
401 1214 574 1283 ipsum
594 1212 712 1268 caeli
735 1225 1020 1278 cacumen;
1044 1210 1186 1267 unde
1209 1211 1333 1266 illos
1361 1211 1574 1265 intuens
1593 1211 1777 1265 vacuis

171 1305 441 1361 manibus
458 1313 810 1372 revertentes,
833 1304 1056 1358 multum
1082 1303 1366 1374 gaudebat,
1395 1317 1513 1357 cum
1536 1302 1776 1357 infideles

172 1395 404 1468 pudore
428 1395 662 1451 solusos
683 1401 946 1450 cerneret.
967 1394 1180 1465 Cogites
1191 1408 1419 1463 namque
1436 1393 1594 1449 velim
1615 1393 1776 1462 quale

172 1487 289 1543 fuit
331 1486 485 1554 illud,
526 1486 748 1543 sedente
787 1486 983 1556 judice,
1040 1485 1371 1543 adstantibus
1413 1484 1771 1550 carniﬁcibus,

173 1579 399 1648 paratis
426 1578 724 1644 tormentis,
754 1577 1002 1632 universa
1032 1583 1215 1631 coacta
1243 1574 1601 1639 multitudine,
1649 1588 1773 1628 eum

180 1671 398 1726 milites
435 1677 827 1740 exspectarent,
850 1683 964 1740 pra:
989 1668 1259 1738 voluptate
1284 1667 1633 1738 gestientibus
1652 1681 1772 1721 om-

178 1762 375 1828 nibus,
406 1776 466 1820 se
497 1761 731 1833 praedam
760 1769 1075 1831 accepturos
1109 1758 1468 1831 sperantibus,
1501 1768 1626 1814 tunc
1653 1757 1778 1814 red-

182 1854 322 1909 iisse
366 1866 482 1921 eos,
521 1853 612 1924 qui
645 1852 714 1907 ad
751 1851 804 1907 id
852 1851 1003 1907 missi
1032 1851 1274 1916 fuerant,
1304 1850 1450 1905 vultu
1479 1850 1533 1904 in
1577 1860 1774 1905 terram

182 1946 452 2011 demisso,
479 1959 697 2015 remque
722 1953 925 2015 gestam
949 1956 1214 2003 narrasse.
1232 1941 1499 2009 Quantum
1520 1939 1781 2006 dedecus,

182 2047 454 2107 quantum
498 2051 786 2092 mterorem
831 2050 896 2091 ac
936 2035 1193 2105 probrum
1235 2033 1480 2089 infideles
1505 2033 1624 2089 illos
1651 2043 1777 2088 tunc

183 2128 441 2189 aﬂ'ecisse
467 2144 565 2199 par
590 2135 675 2184 est
699 2129 722 2182 i
744 2142 905 2198 quam
931 2127 1077 2182 vultu
1116 2126 1367 2191 demisso,
1410 2132 1612 2195 quanto
1653 2140 1773 2179 eum

184 2222 402 2292 pudore
428 2221 651 2278 rediisse
675 2232 831 2292 putes
868 2221 989 2275 illos
1012 2262 1026 2287 ,
1056 2235 1178 2276 eum
1221 2218 1531 2274 didicissent
1558 2232 1619 2272 se
1666 2232 1785 2272 non-

183 2328 316 2369 cum
337 2312 660 2379 hominibus,
692 2312 784 2368 sed
805 2327 925 2368 cum
955 2312 1069 2367 Deo
1096 2310 1293 2366 bellum
1320 2300 1552 2381 gelare?
1578 2309 1776 2379 Joseph

187 2404 342 2460 bene
365 2419 477 2463 sum
501 2403 709 2460 insidiis
736 2405 1022 2475 appetitus,
1063 2404 1396 2469 vestimento,
1441 2400 1583 2472 quod
1620 2400 1781 2457 fmdis

188 2497 441 2553 barbara:
486 2497 729 2553 mulieris
770 2497 1016 2552 manibus
1043 2495 1342 2563 tenebatur,
1366 2494 1574 2560 relicto,
1605 2494 1780 2548 nudus

187 2589 365 2645 exiit:
394 2588 511 2645 haec
537 2603 666 2644 vero
685 2603 880 2659 corpus
908 2588 1118 2643 lascivis
1144 2587 1372 2642 detineri
1394 2586 1639 2642 manibus
1668 2602 1777 2641 non

196 2682 348 2748 sivit,
363 2681 455 2737 sed
476 2679 618 2735 nuda
644 2694 764 2735 cum
788 2679 962 2733 anima
987 2677 1302 2745 ascendens,
1330 2691 1644 2747 sacramque
1658 2689 1778 2731 car-

190 2787 321 2829 nem
348 2772 489 2843 apud
516 2771 699 2827 hostes
721 2771 1052 2841 relinquens,
1072 2770 1128 2824 in
1148 2784 1390 2839 magnam
1412 2767 1534 2823 illos
1561 2766 1773 2827 consilii

192 2864 431 2934 inopiam
461 2862 691 2934 coniecit
717 2880 731 2916 :
764 2878 938 2933 neque
965 2861 1107 2917 enim
1137 2861 1378 2917 sciebant
1415 2859 1539 2931 quid
1564 2859 1633 2914 de
1650 2860 1781 2915 reli-

193 2956 338 3026 quiis
357 2956 462 3011 illis
488 2955 743 3011 facerent.
773 2955 919 3010 Talia
945 2960 1069 3008 sunt
1106 2953 1196 3008 Dei
1230 2952 1483 3023 praeclara
1509 2959 1683 3023 gesta,
1721 2957 1779 3005 ut

193 3062 383 3103 servos
407 3061 535 3107 suos
552 3062 616 3102 ex
642 3047 883 3117 angustia
908 3046 960 3100 in
982 3044 1412 3115 tranquillitatem
1426 3057 1667 3113 magnam
1680 3040 1778 3096 de-

195 3139 393 3203 ducat;
445 3137 781 3193 adversarios
821 3146 1000 3197 autem
1050 3144 1105 3190 et
1146 3135 1326 3189 hostes
1371 3149 1493 3189 cum
1526 3147 1779 3202 prospere

198 3236 402 3292 habere
428 3234 677 3290 videntur
703 3275 718 3299 ,
741 3233 795 3288 in
819 3240 1125 3288 extremam
1151 3229 1356 3285 consilii
1395 3228 1627 3298 impiam
1647 3226 1781 3296 ἀθῇί-

202 3331 331 3385 eiat.
371 3328 502 3396 Quae
538 3327 682 3383 enim
710 3326 949 3395 angustia
988 3323 1160 3394 major
1189 3321 1294 3386 illa,
1329 3322 1383 3375 in
1412 3335 1570 3391 quam
1600 3318 1774 3388 puella

200 3432 328 3476 tunc
354 3419 611 3475 inciderat
633 3419 659 3472 ‘l
681 3417 808 3488 quid
836 3415 1091 3471 facilitate
1118 3415 1206 3468 illa
1242 3412 1433 3482 majus,
1463 3411 1517 3465 in
1539 3424 1642 3480 qua
1666 3418 1779 3463 tum

200 3510 397 3567 milites
444 3507 833 3565 versabantur?
879 3505 1062 3561 Solam
1116 3503 1259 3557 illam
1305 3492 1447 3556 intus
1502 3499 1774 3555 habebant

202 3601 664 3674 comprehensam,
687 3600 833 3656 domi
858 3614 955 3654 ceu
985 3598 1037 3654 in
1061 3611 1280 3653 carcere
1307 3595 1589 3657 inclusam,
1617 3600 1673 3647 et
1696 3600 1779 3646 tas

203 3709 327 3750 men
353 3693 727 3749 abscesserunt
748 3691 943 3745 amissa
970 3688 1167 3759 prmda.
1199 3686 1430 3741 Rursum
1460 3684 1635 3754 puella
1667 3682 1781 3738 sola

207 3785 404 3846 auxilio
424 3800 646 3857 prorsus
665 3793 719 3840 et
746 3798 850 3854 ope
886 3783 1160 3849 destituta,
1191 3781 1391 3835 nullum
1415 3777 1784 3846 undecumque

209 3878 279 3932 ab
305 3876 554 3932 aerumnis
580 3876 780 3931 exitum
819 3873 1027 3936 videns,
1058 3871 1290 3927 ferarum
1320 3870 1502 3924 oribus
1523 3866 1780 3937 proxima,

208 3985 273 4025 ex
300 3970 446 4039 ipsis,
475 3976 535 4023 ut
561 3968 633 4023 ita
670 3967 867 4032 dicam,
908 3964 1149 4019 faucibus
1179 3970 1382 4031 erepta,
1413 3959 1633 4014 insidias
1652 3956 1784 4013 elin-

209 4061 304 4131 git,
330 4059 545 4126 milites,
572 4057 798 4128 judices,
829 4056 1103 4127 principes
1132 4052 1422 4124 superavit.
1451 4053 1531 4105 Ac
1549 4050 1674 4104 dum
1698 4048 1785 4103 illa

211 4154 431 4219 viveret,
447 4151 615 4221 ipsam
641 4166 702 4206 se
719 4157 1065 4220 superaturos
1089 4147 1377 4218 sperabant
1396 4159 1585 4200 omnes
1605 4161 1620 4210 ;
1639 4151 1787 4213 post-

212 4259 366 4313 quam
394 4252 570 4297 autem
614 4248 825 4296 mortua
876 4247 993 4306 est,
1023 4248 1148 4294 tunc
1194 4237 1247 4292 in
1279 4236 1534 4307 majorem
1577 4234 1787 4290 consilii

213 4333 439 4404 inopiam
464 4331 665 4403 delapsi
690 4338 814 4386 sunt
837 4339 928 4384 :ut
955 4329 1226 4385 discerent
1259 4341 1476 4383 IORTEI
1495 4340 1787 4381 narravit

217 4440 335 4480 esse
360 4423 634 4478 victoriam
673 4429 987 4494 martyrum.
1012 4419 1240 4475 Perinde
1260 4432 1389 4473 vero
1410 4415 1621 4482 accidit,
1650 4430 1713 4471 ac
1740 4414 1786 4470 si

217 4515 364 4572 navis
414 4515 711 4570 innumeris
760 4513 1029 4569 mercibus
1085 4509 1489 4582 margaritisque
1541 4507 1790 4579 pretiosis

218 4615 423 4673 onusta,
471 4606 524 4661 in
568 4606 686 4677 ipso
728 4613 915 4675 portus
964 4602 1109 4658 aditu
1148 4602 1502 4658 decumanum
1546 4599 1787 4666 fluctum,

221 4714 339 4753 mox
354 4698 499 4752 illam
522 4697 945 4763 submersarum,
970 4694 1245 4766 effugiens,
1269 4694 1387 4762 ipso
1407 4692 1668 4748 undarum
1691 4690 1792 4745 im-

221 4800 337 4859 petu
363 4789 589 4873 celerius
616 4789 671 4843 in
713 4797 927 4859 portum
958 4785 1369 4842 transmittatur.
1416 4782 1506 4840 Sic
1543 4791 1597 4837 et
1622 4781 1792 4837 beatae

224 4880 440 4950 Pelagia?
475 4881 716 4951 contigit.
767 4879 902 4935 Nam
930 4877 1158 4933 militum
1198 4876 1463 4941 incursus,
1496 4873 1792 4929 futurorum

221 4973 544 5028 cruciatuum
571 4983 763 5040 metus,
812 4971 1203 5042 minaajudicis,
1240 4969 1357 5024 haec
1396 4982 1588 5038 nempe
1613 4964 1793 5021 omnia

220 5067 459 5121 fluctibus
507 5065 875 5122 vehementius
932 5064 1232 5135 ingruentia
1283 5062 1334 5116 id
1386 5059 1693 5126 cﬂ‘eceruut,
1736 5068 1795 5113 ut

224 5159 380 5212 nudto
425 5157 657 5213 celerius
686 5157 739 5211 in
765 5157 953 5210 emtum
982 5154 1253 5218 avolaret;
1282 5151 1579 5221 ﬂuctusque
1603 5164 1794 5205 navem

220 5249 590 5304 sulnnersurus
612 5248 755 5301 illam
774 5247 929 5301 citius
952 5245 1006 5300 in
1026 5244 1361 5314 tranquillum
1383 5253 1592 5312 portum
1619 5252 1794 5321 trans-

225 5343 358 5397 misit
384 5358 400 5408 ;
433 5340 624 5396 deinde
644 5354 837 5411 corpus
865 5339 993 5394 illud
1011 5341 1095 5394 vel
1114 5337 1321 5409 fulgure
1346 5336 1675 5406 splendidius
1695 5337 1794 5391 de-

228 5432 507 5499 ferebatur,
553 5431 749 5487 diaboli
790 5430 979 5485 oculos
1000 5428 1219 5484 feriens.
1245 5428 1361 5483 Non
1386 5428 1527 5483 enim
1566 5427 1774 5497 fulgure

227 5526 348 5580 cado
370 5507 661 5579 demissum
690 5523 762 5577 ita
789 5522 942 5578 nobis
961 5521 1196 5577 terribile
1215 5529 1319 5587 est,
1352 5533 1409 5575 ut
1428 5536 1623 5590 corpus
1649 5535 1794 5575 mar-
1811 5526 1841 5553 ⁸

231 5618 350 5688 tyris
380 5615 586 5687 fulgure
616 5616 731 5687 ipso
755 5616 967 5687 gravius
993 5614 1295 5670 daemonum
1340 5614 1628 5686 phalangas
1673 5629 1797 5684 per-

230 5708 610 5764 terrefaciebat.

294 5801 343 5858 3.
375 5798 456 5854 Ex
481 5800 647 5855 dit-ina
678 5808 800 5854 num
830 5797 1039 5872 Pelagia
1066 5816 1116 5856 sc
1152 5799 1451 5871 prmipitcm
1495 5800 1597 5856 dat.
1636 5831 1695 5840 -
1730 5799 1797 5856 Ut

973 362 1062 420 DE
1098 362 1157 421 δ.
1197 359 1494 418 PELAGLA
1536 355 1811 414 VlliGlNE
1837 355 1927 414 ET
1957 358 2310 416 MARTYRE.
2353 360 2578 418 HOMIL.
2606 362 2643 419 Ι.

3357 374 3461 430 582

1878 485 2009 525 vero
2036 472 2208 527 discas
2235 473 2289 529 id
2318 489 2420 529 non
2448 477 2561 531 sine
2583 475 2761 531 divino
2788 486 2916 534 nutu
2961 478 3153 537 ﬁtctum
3197 482 3377 554 fuisse,
3411 490 3460 544 id

1876 564 2107 619 maxime
2145 567 2465 636 c‘omperias,
2516 577 2626 623 tum
2656 584 2720 624 ex
2746 571 2963 641 virginis
3007 573 3303 644 alacritate,
3352 590 3462 635 tum

1876 671 1941 711 ex
1967 672 2053 723 eo,
2076 659 2217 728 quod
2239 660 2432 717 milites
2450 660 2628 717 dolum
2657 678 2761 719 non
2783 665 3082 735 olfecerint,
3106 671 3243 741 quod
3267 677 3463 744 petenti

1877 751 2180 815 annuerint,
2202 758 2257 806 et
2272 752 2419 822 quod
2429 770 2512 810 res
2525 754 2589 809 ad
2611 756 2806 811 exitum
2824 758 3045 815 deducta
3059 763 3159 818 sit:
3181 782 3352 838 neque
3362 770 3432 823 mi
3445 801 3462 811 ο

1879 855 1978 894 nus
2008 840 2057 894 id
2100 841 2339 899 ediscere
2368 844 2524 900 liceat
2549 861 2613 901 ex
2657 848 2770 917 ipsa
2817 851 3004 906 mortis
3042 854 3266 910 ratione.
3318 858 3464 914 Multi

1878 930 2020 985 enim
2047 948 2078 987 e
2104 933 2314 989 sublimi
2347 944 2485 990 tecto
2510 936 2734 1009 delapsi,
2766 940 2896 995 nihil
2941 944 3065 998 mali
3119 947 3257 1014 passi
3307 961 3465 1017 sunt;

1878 1021 1966 1075 alii
1997 1022 2124 1076 item
2155 1024 2410 1081 membris
2428 1025 2745 1096 quibusdam
2767 1033 3009 1100 corporis
3030 1036 3276 1102 mutilati,
3307 1039 3465 1110 longo

1879 1122 1999 1182 post
2022 1113 2223 1183 lapsum
2254 1120 2494 1187 tempore
2535 1118 2783 1176 vixerunt
2813 1139 2826 1175 :
2860 1121 3028 1179 beatae
3067 1133 3242 1181 autem
3280 1130 3466 1201 virgini

1878 1204 2011 1258 nihil
2038 1204 2343 1277 hujusmodi
2390 1210 2701 1281 contingere
2727 1213 2892 1270 voluit
2945 1216 3122 1286 Deus;
3171 1220 3264 1275 sed
3311 1222 3472 1292 jussit

1877 1296 2105 1349 animam
2133 1299 2310 1352 statim
2341 1313 2404 1354 ex
2432 1315 2658 1371 corpore
2681 1305 2847 1374 exire,
2886 1315 2942 1363 et
2967 1323 3105 1378 eam,
3163 1321 3219 1366 ut
3246 1327 3363 1384 qua:
3388 1330 3472 1370 sa-

1882 1388 1948 1442 tis
1976 1399 2232 1445 certasset
2257 1393 2537 1463 omniaque
2565 1396 2855 1465 implesset,
2896 1403 3125 1471 excepit.
3169 1403 3283 1459 Non
3327 1409 3468 1461 enim

1876 1496 1944 1536 ex
1972 1495 2128 1537 casus
2148 1491 2352 1548 natura,
2392 1484 2486 1539 sed
2530 1501 2611 1540 ex.
2643 1487 2736 1543 Dei
2774 1488 2925 1558 jussu
2967 1507 3111 1548 mors
3144 1507 3468 1566 consequuta

1876 1580 1978 1626 est.
2008 1571 2224 1628 Jacebat
2250 1574 2441 1630 deinde
2467 1590 2662 1646 corpus
2700 1592 2808 1633 non
2834 1578 2886 1634 in
2914 1579 3073 1648 lecto,
3101 1583 3194 1639 sed
3217 1585 3269 1639 in
3308 1587 3424 1640 solo
3453 1606 3466 1641 :

1879 1671 1935 1716 at
1963 1678 2068 1717 non
2092 1663 2211 1720 ideo
2234 1680 2427 1735 expers
2452 1666 2674 1724 honoris
2702 1678 2817 1725 erat
2844 1671 2986 1741 quod
3006 1673 3063 1728 in
3091 1675 3204 1730 solo
3221 1676 3421 1746 jaceret
3449 1698 3463 1744 ;

1877 1753 1975 1809 sed
1997 1754 2168 1809 solum
2196 1757 2369 1826 ipsum
2397 1758 2756 1815 venerandum
2786 1770 2902 1816 erat
2928 1800 2946 1830 ,
2970 1763 3112 1833 quod
3139 1773 3277 1821 tanta
3303 1768 3472 1838 gloria

1882 1847 2165 1917 praeditum
2190 1864 2380 1920 corpus
2407 1853 2725 1922 excepisset.
2752 1853 2829 1908 Ex
2861 1854 2961 1910 hoc
2986 1857 3102 1926 ipso
3124 1858 3282 1930 igitur
3311 1876 3475 1916 vene-

1880 1938 2096 1993 rabilius
2122 1954 2319 2009 corpus
2344 1942 2476 1997 illud
2500 1956 2634 2011 erat,
2659 1944 2804 2014 quod
2830 1945 2886 2000 in
2923 1947 3039 2002 solo
3059 1948 3264 2018 jaceret
3292 1969 3306 2003 :
3337 1967 3470 2007 con-

1881 2031 2111 2087 tumeliae
2140 2048 2367 2102 namque
2395 2046 2611 2105 prepter
2635 2036 2903 2092 Christum
2926 2039 3173 2111 irrogata:
3194 2045 3489 2101 accensio--

1877 2137 2002 2179 nem
2041 2124 2193 2179 nobis
2224 2128 2463 2196 prmbent
2506 2127 2740 2183 honoris.
2810 2128 3028 2186 Jaeebat
3059 2132 3215 2203 igitur
3239 2135 3291 2189 in
3331 2137 3468 2200 solo,

1878 2227 2103 2286 angusto
2130 2218 2269 2286 loco,
2303 2218 2595 2289 virgineum
2627 2221 2759 2275 illud
2776 2230 2829 2275 et
2856 2236 2986 2276 auro
3015 2224 3294 2292 pretiosius
3344 2241 3468 2280 cor-

1881 2324 1980 2378 pus
2010 2326 2023 2363 :
2055 2310 2470 2365 circumstabant
2501 2312 2695 2381 angeli,
2731 2313 3119 2369 venerabantur
3167 2318 3500 2387 archangeli,

1879 2412 2066 2454 omnes
2095 2419 2111 2454 :
2135 2400 2319 2455 aderat
2345 2401 2458 2471 ipse
2483 2401 2755 2459 Christus.
2780 2403 2911 2458 Nam
2929 2405 2974 2460 si
3003 2404 3118 2460 heri
3146 2406 3499 2464 domesticos.

1880 2490 2215 2548 honestiores
2238 2503 2479 2554 mortuos
2504 2491 2749 2562 eilerunt,
2795 2512 2893 2552 nec
2921 2498 3258 2566 erubescunt,
3304 2502 3477 2557 multo

1880 2585 2049 2655 magis
2073 2584 2314 2640 Christus
2342 2601 2481 2654 eam,
2505 2603 2624 2657 qua:
2653 2589 2736 2643 sui
2763 2603 2921 2643 causa
2951 2590 3179 2645 animam
3197 2592 3469 2663 emiserat,

1885 2687 2196 2752 tantumque
2217 2681 2438 2750 periculi
2482 2682 2705 2749 adierat,
2761 2699 2855 2739 sua
2894 2689 3174 2756 praesentia
3206 2687 3474 2755 honorare

1880 2786 1986 2826 non
2006 2772 2296 2828 erubuerit.
2311 2773 2529 2829 Iacebat
2554 2775 2713 2846 igitur
2736 2790 2986 2847 magnum
3010 2777 3247 2835 fnuerale
3267 2780 3472 2851 habens

1879 2863 2191 2935 martyrium
2219 2863 2570 2922 confessionis
2598 2876 2788 2922 ornatu
2816 2867 3087 2937 decorata,
3130 2871 3276 2925 omni
3319 2874 3464 2946 regia

1880 2968 2133 3024 purpura,
2164 2955 2309 3009 omni
2337 2967 2481 3011 veste
2508 2956 2738 3028 pretiosa
2765 2960 3077 3027 pretiosiore
3105 2963 3241 3017 stola
3264 2964 3470 3032 induta,

1880 3059 2048 3114 eaque
2072 3044 2294 3115 duplici,
2327 3062 2521 3116 nempe
2559 3047 2880 3118 virginitatis
2919 3060 2974 3104 et
3016 3054 3256 3122 martyrii
3289 3071 3302 3106 :
3345 3071 3467 3109 cum

1882 3135 1963 3191 his
1992 3135 2321 3193 funeralibus
2364 3139 2593 3194 adstabit
2637 3140 2884 3195 tribunali
2910 3139 3123 3198 Christi.
3156 3143 3342 3200 Talem
3374 3161 3493 3201 nos-

1880 3242 2091 3298 quoque
2110 3237 2317 3283 vestem
2342 3229 2649 3285 studeamus
2667 3230 2907 3286 viventes
2930 3246 2994 3287 ac
3015 3235 3207 3301 mortui
3238 3236 3434 3292 habere
3454 3255 3468 3289 :

1881 3321 2030 3390 gnari
2058 3335 2202 3388 eum,
2231 3322 2318 3392 qui
2349 3322 2529 3378 aureis
2543 3323 2875 3380 vestimentis
2890 3339 3086 3394 corpus
3112 3335 3354 3394 exornet,
3385 3328 3471 3382 ni-

1885 3410 1958 3465 hil
1983 3411 2104 3467 inde
2131 3413 2372 3469 utilitatis
2402 3415 2699 3485 percipere,
2743 3416 2851 3470 imo
2876 3416 3052 3486 potius
3081 3417 3135 3472 in
3174 3418 3493 3474 multorum.

1884 3504 2352 3574 reprehensionem
2371 3506 2663 3572 incurrere,
2697 3515 2754 3561 ut
2773 3508 2862 3578 qui
2886 3524 2954 3579 ne
2985 3509 3035 3562 in
3059 3511 3489 3581 mortequidetn-

1883 3610 1914 3648 a
1936 3610 2069 3649 vana
2095 3595 2261 3666 gloria
2300 3596 2550 3662 recedat;
2578 3597 2661 3652 sin
2695 3596 2892 3653 virtute
2930 3598 2999 3653 sit
3027 3598 3245 3666 inditus,
3279 3602 3497 3675 multos

1885 3687 2044 3742 etiam
2072 3699 2189 3756 post
2215 3698 2443 3744 mortem
2473 3689 2774 3744 laudatores
2814 3689 3049 3745 habebit.
3100 3691 3311 3757 Etenim
3341 3693 3491 3761 ipsis—

1886 3779 2044 3833 etiam
2078 3779 2440 3849 imperialibus
2465 3782 2600 3837 aulis
2626 3780 2956 3854 splendidius
2984 3781 3124 3862 apud
3148 3797 3335 3838 omnes
3369 3786 3473 3839 erit

1888 3868 2188 3939 sepulcrum
2208 3870 2355 3936 illud,
2379 3872 2463 3926 ubi
2487 3887 2682 3942 corpus
2698 3872 2946 3941 jacuerit,
2979 3871 3118 3943 quod
3141 3887 3263 3937 cum
3282 3873 3489 3929 virtute-

1888 3976 1950 4017 ac
1983 3961 2177 4031 pietate
2204 3964 2410 4017 vixerit.
2436 3963 2601 4033 Hujus
2617 3966 2693 4018 rei
2722 3973 2884 4019 testes
2906 3980 2998 4019 vos
3026 3964 3175 4030 estis,
3208 3965 3298 4034 qui
3340 3965 3472 4019 divi-

1890 4063 1999 4107 tum
2036 4053 2306 4124 sepulcra,
2350 4055 2452 4109 etsi
2507 4054 2685 4109 aureis
2728 4063 2917 4110 ornata
2968 4056 3323 4124 vestimentis,
3373 4072 3495 4112 ceu.

1890 4144 2169 4213 speluncas
2196 4146 2682 4215 praetermittentes,
2710 4146 2778 4201 ad
2803 4154 3041 4201 sanctam
3069 4162 3265 4218 magno
3295 4149 3476 4204 studio

1890 4236 2185 4303 accurritis,
2230 4239 2354 4306 quia
2393 4251 2516 4291 cum
2559 4251 2681 4293 sese
2723 4238 2998 4309 martyrio,
3042 4238 3379 4296 confessione
3421 4252 3478 4296 et

1891 4325 2189 4394 virginitate
2236 4327 2462 4382 vestium
2507 4342 2787 4382 aurearum
2820 4328 2936 4383 loco
2962 4328 3243 4397 induisset,
3274 4340 3478 4403 martyr

1893 4417 2157 4472 discessit.
2201 4417 2334 4473 Eam
2383 4418 2563 4488 itaque
2600 4434 2698 4489 pro
2742 4418 2942 4474 viribus
2989 4420 3258 4475 imitemur
3298 4436 3475 4477 :cou-

1897 4509 2207 4578 tempsitilla
2228 4511 2412 4574 vitam,
2439 4520 2844 4567 contemnamus
2859 4520 2913 4567 et
2940 4527 3035 4568 nos
3056 4512 3296 4582 delicias,
3328 4529 3478 4570 sum.

1896 4610 2115 4672 ptuosos
2143 4602 2460 4659 irrideamus
2483 4614 2789 4675 apparatus,
2818 4605 3182 4662 abstineamus
3207 4606 3276 4662 ab
3305 4608 3479 4665 ebrie-

1896 4703 2026 4763 tate,
2049 4696 2318 4766 crapulam
2334 4695 2614 4767 fugiamus.
2636 4696 2821 4768 Neque
2836 4698 2954 4753 sine
2969 4712 3128 4753 causa
3150 4698 3227 4754 sic
3252 4699 3443 4770 loquor
3462 4719 3481 4756 :

1896 4785 1991 4842 sed
2012 4788 2133 4857 quia
2159 4787 2356 4843 multos
2377 4787 2487 4858 jam
2514 4788 2690 4856 video,
2715 4789 2804 4859 qui
2834 4796 2953 4858 post
2973 4789 3206 4845 solutum
3235 4789 3339 4846 hoc
3365 4791 3477 4859 Spi-

1897 4879 2087 4935 rituale
2111 4879 2376 4936 theatrum
2402 4879 2469 4934 ad
2495 4881 2827 4947 ebrietatem,
2855 4882 2923 4938 ad
2951 4898 3239 4954 cauponas,
3288 4883 3356 4939 ad
3398 4884 3482 4938 di-

1900 4972 2257 5027 versoriorum
2274 4987 2507 5040 mensas,
2527 4972 2592 5027 ad
2610 4973 2818 5044 aliaque
2836 4975 3006 5044 turpia
3024 4974 3319 5031 advolaturi
3336 4983 3478 5029 sunt.

1900 5064 2255 5132 Quamobrem
2284 5080 2414 5137 rogo
2442 5074 2497 5120 et
2520 5063 2727 5131 hortor,
2761 5074 2818 5120 ut
2841 5081 3052 5135 semper
3079 5066 3216 5119 hanc
3239 5074 3479 5119 sanctam

1901 5157 2156 5227 virginem
2200 5156 2253 5211 in
2279 5156 2535 5212 memoria
2557 5168 2610 5213 et
2636 5167 2813 5213 mente
2847 5157 3105 5221 habeatis,
3149 5170 3320 5223 neque
3363 5170 3486 5209 con-

1902 5249 2107 5304 cionem
2131 5247 2268 5303 hanc
2286 5248 2637 5316 dedccoretis,
2664 5263 2835 5318 neque
2860 5263 2999 5314 eam,
3029 5262 3149 5316 quae
3177 5260 3241 5299 ex
3270 5244 3369 5299 hac
3396 5259 3486 5300 co-

1905 5340 2147 5395 lebritate
2175 5340 2328 5394 nobis
2355 5340 2583 5408 accedit,
2635 5339 2878 5394 fiduciam
2926 5338 2995 5392 de
3039 5336 3216 5391 medio
3257 5337 3478 5393 tollatis.
3512 5328 3523 5333 ’

1906 5431 2114 5485 Etenim
2138 5446 2241 5484 non
2272 5440 2474 5486 temere
2505 5446 2625 5485 cum
2667 5430 2950 5500 gentilibus
2986 5428 3347 5496 colloquentes
3391 5429 3488 5483 hu-

1901 5521 1991 5592 jus
2041 5520 2390 5576 solemnitatis
2434 5521 2725 5590 frequentia
2765 5520 3086 5589 gloriamur,
3129 5518 3354 5588 illosque
3398 5537 3488 5574 ru-

1906 5615 2036 5670 bore
2067 5613 2430 5683 perfundimus
2457 5614 2715 5679 dicentes,
2750 5612 3049 5665 universam
3072 5612 3338 5665 civitatem
3365 5621 3485 5666 tan-

1909 5718 2125 5777 ttnuque
2155 5706 2401 5777 populum
2432 5722 2462 5761 a
2499 5704 2671 5776 puclla
2703 5713 2907 5758 mortua
2930 5704 3150 5773 singulis
3178 5705 3331 5759 anuis
3371 5721 3488 5775 pcr-

1914 5800 2069 5867 tt‘ahi,
2098 5816 2193 5855 nec
2219 5807 2335 5868 post
2358 5807 2432 5852 tut
2459 5814 2626 5851 annos
2654 5813 2683 5851 a
2712 5796 2800 5851 tuli
2828 5795 3210 5851 consuetudine
3248 5810 3492 5865 supersc-
