3884 6294
47 388 148 444 585

41 500 286 558 τοσοῦτον
317 498 451 572 κόρη
497 497 594 570 μία
621 497 992 570 τελευτήσασα
1025 499 1158 570 πρὸς
1182 499 1378 570 ἑαυτὴν
1407 500 1705 555 ἐπισπᾶται

41 589 153 643 καθ’
185 588 418 641 ἕκαστον
451 586 714 651 ἐνιαυτὸν,
744 585 840 639 καί¹
875 585 1012 657 μετὰ
1041 586 1276 639 τοσαῦτα
1306 586 1422 658 ἐτη,
1459 587 1552 640 καὶ
1581 587 1700 658 χρό-

41 693 121 740 νος
149 675 326 740 οὐδεὶς
353 674 451 746 τὴν
505 672 828 728 ἀκολουθίαν
859 674 957 744 τῆς
998 674 1164 744 τιμῆς
1208 673 1424 744 διέκοψε
1471 673 1701 745 ταύτης.

43 766 153 819 ἀλλ’
179 764 274 818 ἐὰν
305 763 597 817 αἴσθωνται
623 763 732 816 τῶν
765 763 822 817 ἐν
854 765 918 834 τῇ
954 762 1260 834 πανηγύρει
1302 763 1620 832 γινομένων,
1646 763 1706 817 τὸ

44 853 198 908 πλέον
231 850 568 925 ἀφῃρήμεθα
593 849 705 904 τῶν
735 851 1046 920 ἐγκωμίων.
1077 850 1150 903 Τὸ
1175 849 1284 921 γὰρ
1313 850 1516 921 πλῆθος
1544 852 1705 906 τοῦτο

42 942 98 994 τὸ
126 938 570 1010 παραγενόμενον
596 936 713 1002 νῦν,
744 937 810 992 ἂν
841 938 939 1009 μὲν
971 939 1087 1008 μετ’
1117 937 1368 1004 εὐταξίας
1401 937 1705 1010 παραγίνη-

42 1047 143 1092 ται,
177 1027 382 1096 κόσμος
419 1029 552 1098 ἡμῖν
601 1025 883 1097 μέγιστος⁹
919 1025 985 1080 ἂν
1014 1025 1071 1079 δέ
1103 1025 1241 1097 μετὰ
1273 1025 1564 1100 ῥᾳθυμίας,
1612 1027 1704 1080 καὶ

43 1115 324 1184 ὀλιγωρίας
358 1113 579 1182 πολλῆς,
605 1113 806 1176 ὄνειδος
831 1115 926 1166 καὶ
954 1112 1276 1184 κατηγορία.

112 1204 174 1260 δ’.
205 1202 326 1256 Ἵνα
354 1199 449 1257 οὖν
481 1201 909 1274 ἐναϐρυνώμεθα
937 1201 1014 1274 τῷ
1044 1201 1239 1274 πλήθει
1286 1202 1385 1273 τῆς
1431 1201 1704 1276 ὑμετέρας

45 1292 276 1364 ἀγάπης,
312 1291 454 1362 μετά
478 1290 581 1361 τῆς
609 1291 780 1363 αὐτῆς
811 1291 995 1345 οἴκαδε
1030 1289 1284 1354 εὐταξίας
1311 1291 1701 1362 ἀναχωρῶμεν,

48 1376 298 1445 μεθ’ὄσης
325 1375 474 1439 εἰκδς
499 1377 741 1446 μάρτυρι
773 1374 997 1448 τοιαύτῃ
1020 1374 1447 1445 συγγινομένους
1462 1375 1702 1429 ἀπιέναι.

46 1465 99 1517 EE
130 1463 237 1535 γάρ
276 1480 364 1526 τις
403 1462 476 1534 μὴ
521 1461 696 1526 οὕτως
745 1463 928 1516 οἴκαδε
973 1464 1224 1527 ἀπέλθοι,
1261 1462 1323 1516 οὐ
1368 1463 1527 1533 μόνον
1552 1463 1706 1516 οὐδὲν

47 1553 260 1621 ὤνησεν,
291 1551 432 1605 ἀλλά
458 1551 552 1604 καὶ
601 1550 844 1603 κίνδυνον
879 1550 1001 1604 καθ’
1044 1551 1237 1604 ἑαυτοῦ
1293 1552 1550 1622 μέγιστον
1577 1552 1702 1602 ἐπε-

49 1641 296 1694 σπάσατο.
345 1632 480 1691 Οἶδα
545 1637 628 1690 ὅτι
683 1637 920 1709 καθαροὶ
974 1637 1084 1690 τῶν
1131 1639 1455 1710 νοσημάτων
1500 1637 1705 1691 τούτων

50 1729 212 1798 ὐμεῖς,
239 1725 356 1780 ἀλλ’
389 1725 488 1778 οὐκ
521 1725 684 1796 ἀρκεῖ
716 1724 876 1778 τοῦτο
919 1727 1001 1789 είς
1039 1725 1335 1794 ἀπολογίαν
1378 1727 1536 1796 ὐμῖψ
1571 1725 1706 1778 ἀλλά

49 1817 118 1868 δεῖ
139 1814 228 1869 καλ⁵
254 1814 386 1877 τοὺς
426 1812 693 1882 ἀδελφοὺς
738 1811 1118 1882 ἀκοσμοῦντας
1149 1815 1231 1876 εἰς
1270 1813 1521 1880 εὐταξίαν
1553 1812 1706 1885 μεγί-

55 1920 169 1974 στην
219 1903 376 1970 ἄγειν
433 1900 529 1954 καὶ
573 1899 838 1972 καθιστᾷν
890 1904 948 1954 ἐν
1005 1901 1085 1972 τῷ
1133 1901 1398 1972 πρέποντι
1443 1901 1700 1971 σχήματι.

63 1992 346 2062 Ἐτίμησας
371 1990 475 2060 τὴν
511 1989 765 2061 μάρτυρα
794 1990 860 2059 τῇ
894 1989 1203 2060 παρουσίας
1250 1989 1484 2060 τίμησον
1537 1988 1706 2060 αὐτὴν

54 2079 136 2133 καὶ
158 2081 221 2149 τῇ
263 2077 554 2150 διορθώσει
585 2075 694 2129 τῶν
722 2075 940 2128 οἰκείων
979 2075 1158 2147 μελῶν
1179 2091 1194 2107 ⁸
1246 2075 1312 2129 ἂν
1353 2075 1468 2146 ἴδῃς
1496 2074 1707 2143 γέλωτα

54 2166 288 2229 ἄτακτον,
319 2163 423 2218 καὶ
452 2162 654 2236 δρόμον
685 2163 993 2234 ἀσχήμονα,
1030 2163 1126 2216 καὶ
1177 2161 1392 2232 βάδισιν
1422 2160 1707 2214 ἀνελεύθε-

61 2273 156 2327 ρον,
175 2257 266 2309 καὶ
298 2256 491 2326 σχῆμα
520 2255 794 2325 ἀπρεπὲς,
819 2253 1106 2326 πρόσελθε,
1131 2254 1226 2307 καὶ
1258 2251 1451 2322 βλέψον
1479 2251 1559 2314 εἰς
1582 2251 1709 2314 τοὺς

57 2345 210 2398 ταῦτα
238 2342 527 2406 ποιοῦντας
560 2341 726 2413 δριμύ
757 2343 855 2396 καὶ
909 2341 1164 2413 φοϐερόν.
1215 2339 1381 2394 Ἀλλά
1429 2343 1709 2410 καταφροέ

57 2432 188 2485 νοῦσι
209 2433 300 2485 καὶ
321 2430 668 2500 καταγελῶσι
705 2430 1003 2501 μειζόνως;
1031 2429 1178 2483 Λαϐἐ
1211 2428 1348 2499 μετὰ
1373 2427 1468 2481 σοῦ
1499 2427 1592 2480 δύο
1616 2427 1712 2479 καὶ

60 2521 188 2592 τρεῖς
203 2516 540 2588 ἀδελφοὺς,ἢ
565 2517 660 2571 καί⁹
682 2517 924 2581 πλείους,
943 2515 1084 2570 ὥστε
1111 2517 1204 2570 κα¹ι
1222 2515 1328 2569 ἀπὺ
1352 2513 1446 2567 τοῦ
1475 2512 1713 2584 πλήθους

60 2605 288 2673 γενέσθαι
311 2605 774 2677 αἰδεσιμωτέρους
791 2617 818 2645 ι
835 2621 848 2635 ·
870 2605 919 2657 εἰ
944 2604 1001 2658 δὲ
1027 2604 1162 2676 μηδέ
1183 2601 1326 2656 οὕτω
1348 2601 1594 2656 καθίκοιο
1613 2601 1714 2671 τῆς

61 2693 223 2757 ἀνοίας
242 2692 492 2758 ἐκείνων,
523 2695 634 2756 τοῖς
667 2691 874 2765 ἱερεῦσι
903 2690 1129 2754 τούτους
1145 2690 1372 2768 ποίησον
1407 2686 1710 2759 φανερούς·

67 2785 243 2854 μᾶλλον
281 2781 336 2836 δέ
383 2781 669 2853 ἀμήχανον
700 2784 781 2844 εἰς
811 2781 1083 2852 τοσαύτην
1115 2779 1292 2832 ἐλθεῖν
1323 2777 1714 2849 ἀναισχυντίαν

67 2870 255 2935 αὐτοὺς,
273 2869 419 2924 ὥστε
456 2871 915 2942 ἐπιτιμωμένους,
938 2868 1458 2941 παρακαλουμένους
1481 2869 1554 2939 μὴ
1579 2863 1715 2934 εἶξαι

66 2960 144 3013 καὶ
168 2957 311 3030 [590]
336 2956 681 3029 ἐντραπῆναι
715 2958 810 3010 καὶ
860 2957 1176 3027 καθυφῆναι
1207 2956 1307 3027 τῆς
1353 2955 1588 3010 ἀτάκτου
1620 2955 1715 3008 καὶ

67 3045 298 3117 παιδικῆς
326 3045 573 3116 χορείας.
609 3044 727 3098 Κᾶν
765 3044 918 3109 δέκα,
949 3043 1056 3097 κᾶν
1088 3047 1258 3115 τρεῖς,
1315 3042 1420 3096 κᾶν
1463 3043 1576 3105 δύο,
1608 3041 1713 3095 κᾶν

68 3138 146 3192 ἱνα
168 3133 433 3207 κερδάνῃς
462 3133 642 3203 μόνον,
661 3131 864 3202 πολλὴν
886 3131 1064 3184 λαϐὼν
1098 3131 1382 3204 είσελεύσῃ
1416 3131 1514 3202 τήν
1545 3131 1717 3201 ἐμπο-

74 3221 192 3291 ρίαν.
219 3221 359 3274 Πολύ
393 3221 495 3290 τῆς
521 3217 642 3273 ὀδοῦ
673 3219 736 3272 τὸ
773 3220 980 3290 μῆκοςο
1008 3218 1085 3290 τῷ
1123 3221 1288 3290 μήκει
1324 3217 1506 3271 τοίνυν
1541 3216 1717 3286 τούτῳ

72 3307 188 3378 πρὸς
217 3305 485 3376 συλλογὴν
517 3305 628 3358 τῶν
660 3304 968 3376 εἰρημένων
1003 3302 1481 3374 ἀποχρησὼμεθα·
1523 3301 1720 3373 θυμια-

75 3394 234 3464 μάτων
288 3394 662 3466 ἐμπλήσωμεν
715 3394 815 3464 τὴν
864 3392 1157 3464 λεωφόρον.
1211 3392 1346 3446 Οὐδὲ
1407 3391 1516 3462 γὰρ
1575 3389 1718 3444 οὕτω

77 3483 222 3554 σεμνὴ
250 3485 498 3550 φανεῖται
527 3483 560 3553 ή
586 3481 722 3545 ὁδὸς,
760 3482 808 3534 εἰ
839 3480 928 3534 διὰ
960 3479 1143 3550 πάσης
1171 3479 1344 3548 αὐτῆς
1375 3477 1720 3549 θυμιατήρια

75 3582 144 3630 τις
166 3566 327 3631 τιθεὶς
360 3567 467 3638 τῆς
498 3566 727 3629 εὐωδίας
765 3565 1103 3636 ἀναχρώσειε
1126 3565 1218 3618 τὸν
1257 3565 1416 3636 ἀέρα,
1444 3564 1520 3628 ὡς
1543 3564 1718 3634 σεμνὴ

78 3656 299 3720 φανεῖται
347 3653 470 3719 νῦν,
507 3655 556 3707 εἰ
601 3653 802 3716 πάντες
849 3655 898 3705 οί
929 3653 1176 3724 τήμερον
1227 3651 1396 3722 αὐτὴν
1439 3650 1720 3714 ὁδεύοντες

77 3741 180 3805 τοὺς
203 3741 395 3807 άθλους
441 3741 543 3812 τῆς
586 3742 864 3813 μάρτυρος
901 3740 1041 3811 πρὸς
1070 3742 1297 3804 ἑαυτοὺς
1330 3738 1678 3812 διηγούμενοι
1703 3777 1718 3804 ,

79 3825 314 3894 βαδίζοιεν
367 3827 594 3892 οἴκαδε,
647 3827 1010 3898 θυμιατήριον
1063 3827 1164 3899 τὴν
1216 3825 1414 3880 ἐαυτοῦ
1473 3825 1718 3896 γλῶτταν

78 3911 278 3978 ικαστος
304 3913 500 3968 ποιῶν.
531 3914 644 3984 Οὐχ
676 3914 839 3986 ὁρᾶτε
871 3913 1137 3984 βασιλέως
1159 3913 1418 3977 εἰσιόντος
1438 3915 1519 3978 είς
1542 3911 1715 3978 πόλιν,

80 4003 180 4074 μεθ’
202 4005 328 4076 ὅσης
355 4004 614 4070 εὐταξίας
639 4005 689 4059 οἰ
725 4005 1055 4077 στρατιῶται
1080 4005 1354 4078 στοιχηδὸν
1379 4004 1720 4074 ἑκατέρωθεν

78 4090 494 4166 καθωπλισμένοι
545 4093 872 4163 βαδίζουσιν,
907 4093 1169 4164 ἀλλήλους
1217 4092 1721 4164 παρακελευόμενοι

129 4195 166 4303 ἃ
179 4194 265 4244 Alii
287 4198 699 4262 αῖδεσιμωτέρους,
724 4198 806 4258 a_'_ii
828 4197 1114 4261 αἰδεσίμους.
1144 4196 1251 4246 Mox
1277 4197 1359 4244 alii
1385 4195 1620 4254 καθίκοιο,
1636 4191 1720 4243 alii

168 4270 310 4303 κοιτο.

78 4270 310 4306 κανικοιτο.

917 389 1004 444 DE
1043 391 1100 444 S.
1145 383 1440 442 PELAGIA
1481 383 1763 440 VIRGINE
1804 383 1888 439 ET
1931 383 2266 440 MARTYRE
2305 378 2537 437 HOMIL.
2585 381 2628 437 1.

3343 395 3446 450 δςι

1805 502 2020 573 ⁴ήρέμα,
2076 502 2170 554 καὶ
2223 499 2362 571 μετὰ
2410 500 2576 570 φόϐου
2634 497 2829 553 πολλοῦ
2873 500 3105 570 χωρεῖν,
3159 498 3300 554 ὥστε
3352 503 3466 566 τοῖς

1806 588 2104 662 θεωροῦσιν
2130 589 2325 651 αὐτοὺς
2349 589 2651 654 ἀξιοθέατοι
2679 587 2961 658 φαίνεσθαι
2988 603 3002 653 ;
3036 587 3306 651 Ἑκείνους
3332 586 3467 657 γοῦν

1809 676 2177 748 μιμησὼμεθα
2191 695 2205 709 ο
2232 677 2325 731 καλ⁷
2353 677 2460 748 γάρ
2482 677 2576 731 καὶ
2592 678 2754 748 ἡμεῖς
2772 675 3032 746 βασιλέως
3053 675 3294 750 προηγού
3304 676 3467 748 μεθα,

1808 764 2074 834 βασιλέως
2125 765 2224 818 οὐκ
2280 763 2562 834 αἰσθητοῦ,
2604 765 2704 817 οὐκ
2736 764 3002 833 ἐπιγείου,
3035 764 3172 818 ἀλλά
3212 763 3308 818 τοῦ
3355 764 3468 819 τῶν

1773 905 1778 911 _
1807 853 2054 921 ἀγγέλων
2087 853 2377 905 Δεσπότου.
2407 850 2564 905 Οὕτω
2590 853 2770 905 τοίνυν
2799 851 3131 922 εἰσέλθωμεν
3159 853 3252 906 καὶ
3283 853 3465 924 ἡμεῖς,

1809 941 1926 1010 μετ’
1955 939 2208 1007 εὐταξίας
2243 939 2506 1011 ἀλλήλους
2534 939 2562 979 δ
2601 940 3099 1012 παρακελευόμενοι
3153 940 3344 1012 ῥυθμῷ
3373 942 3469 994 καὶ

1803 1028 1953 1095 τάξει
1980 1029 2312 1098 προϐαίνειν,
2347 1029 2436 1081 ἵνα
2467 1028 2541 1098 μὴ
2573 1027 2651 1097 τῷ
2684 1027 2878 1098 πλήθει
2908 1027 3089 1098 μόνον,
3125 1027 3370 1082 ἀλλὰκαὶ
3389 1029 3468 1100 τῷ

1763 1173 1766 1176 ,
1805 1117 1994 1187 κόσμῳ
2023 1119 2148 1180 τοὺς
2173 1115 2480 1186 θεωμένους
2508 1115 2888 1186 ἐκπλήξωμεν.
2939 1117 3192 1170 Μάλιστα
3220 1117 3318 1186 μὲν
3358 1118 3469 1188 γάρ

1811 1206 1858 1260 εί
1885 1222 1978 1258 και
2023 1204 2212 1275 μηδεὶς
2257 1203 2416 1268 ἀλλος
2451 1203 2658 1275 παρῆν,
2691 1202 2825 1257 ἀλλά
2860 1203 3011 1274 μόνοι
3038 1203 3182 1257 κατὰ
3207 1203 3308 1274 τὴν
3347 1205 3468 1258 όδδν

1805 1292 2148 1362 ἐϐαδίζομεν,
2183 1291 2304 1345 οὐδέ
2359 1290 2534 1354 οὕτως
2589 1291 2920 1362 ἀσχημονεῖν
2981 1293 3171 1362 ἐχρῆν,
3229 1291 3318 1347 διὰ
3376 1292 3470 1346 τὸν

1806 1380 2104 1452 ἀκοίμητον
2133 1379 2410 1449 ὀφθαλμὸν
2438 1379 2528 1432 τὸν
2563 1379 2839 1450 πανταχοῦ
2872 1380 3117 1448 παρόντα
3147 1380 3241 1434 καὶ
3287 1381 3467 1434 πάντα

1808 1465 2072 1536 βλέποντα
2093 1485 2105 1500 ο
2155 1465 2247 1521 νῦν
2285 1467 2342 1520 δὲ
2385 1467 2675 1536 ἐννοήσατε
2703 1467 2785 1518 ὅτι
2812 1465 2997 1519 πολλοὶ
3025 1466 3133 1518 τῶν
3176 1469 3468 1538 αἱρετικῶν

1807 1556 1945 1607 εἰσιν
2001 1555 2132 1626 ἡμῖν
2175 1553 2647 1624 ἀναμεμιγμένοι·
2708 1552 2811 1607 κᾶν
2867 1554 3047 1606 ῖδωσιν
3099 1556 3293 1624 ήμᾶςο
3326 1555 3470 1608 οὕτω

1806 1642 2150 1714 χορεύοντας,
2188 1641 2482 1710 γελῶντας,
2517 1641 2774 1711 βοῶντας,
2808 1640 3128 1710 μεθύοντας,
3159 1641 3226 1694 τὰ
3269 1642 3470 1712 ἔσχατα

1806 1731 2341 1802 καταγνόντεςήμῶν
2369 1730 2780 1785 ἀπελεύσονται.
2797 1732 2858 1783 Ei
2879 1731 2934 1783 δέ
2961 1730 3055 1784 ἕνα
3078 1749 3162 1794 τις
3189 1732 3473 1786 σκανδαλί-

1806 1819 1912 1883 ζων
1942 1819 2316 1890 ἀπαραίτητον
2351 1818 2612 1889 ὑπομένει
2656 1818 2899 1883 κόλασιν,
2926 1820 2973 1871 οἰ
2999 1817 3282 1881 τοσούτους
3310 1836 3474 1872 σκαν-

1803 1904 2131 1969 δαλίζοντες.
2161 1905 2320 1959 ποίαν
2348 1904 2594 1974 δώσομεν
2613 1903 2802 1973 δίκην;
2835 1903 2968 1957 ἀλλά
3001 1905 3074 1975 μὴ
3099 1904 3309 1972 γένοιτο
3335 1908 3473 1976 μετᾶ

1804 1993 1928 2055 τούς
1951 1991 2142 2058 λόγους
2160 1992 2382 2054 τούτους
2398 1991 2491 2043 καὶ
2518 1990 2610 2061 τὴν
2629 1991 2948 2062 παραίνεσιν
2967 1989 3170 2060 ταύτην
3187 1991 3474 2064 εὑρεθῆναί

1805 2093 1926 2131 τινα
1969 2078 2268 2132 ὑπεύθυνον
2308 2078 2439 2132 δντα
2467 2081 2576 2142 τοῖς
2606 2080 2936 2150 εἰρημένοις.
2983 2078 3048 2130 Εἰ
3087 2077 3196 2148 γάρ
3231 2079 3324 2131 καὶ
3367 2079 3475 2149 πρὸ

1805 2165 1997 2219 τούτου
2052 2165 2227 2221 ταῦτα
2281 2164 2609 2238 τολμώμενα
2658 2165 3020 2234 ἀσύγγνωστα
3057 2160 3146 2236 ἦν,
3199 2165 3337 2237 μετὰ
3373 2166 3474 2238 τὴν

1813 2253 2124 2326 συμϐουλὴν
2149 2253 2356 2325 ταύτην
2380 2255 2476 2308 καὶ
2505 2254 2604 2324 τὴν
2631 2253 2922 2324 ἐπίπληξιν
2952 2252 3130 2325 πολλῷ
3194 2253 3357 2308 πλέον
3412 2257 3477 2308 ἀ-

1810 2341 2145 2412 παραίτητον
2199 2340 2456 2413 ποιεῖτὴν
2474 2340 2760 2412 τιμωρίαν,
2791 2341 2886 2394 καὶ
2923 2344 3034 2406 τοῖς
3062 2341 3202 2395 αὐτὰ
3229 2341 3474 2406 ποιοῦσι,

1811 2427 1905 2480 καὶ
1929 2429 2043 2491 τοῖς
2074 2426 2369 2499 περιορῶσι
2405 2427 2724 2497 γιγνόμενα.
2759 2427 2877 2480 Ἵνα
2919 2421 3011 2480 οὖν
3043 2426 3333 2490 κάκείνους
3375 2429 3476 2498 τῆς

1812 2513 2085 2576 κολάσεως
2116 2513 2486 2584 ἀπαλλάξητε,
2522 2514 2618 2568 καί
2645 2515 2772 2585 ὑμῖν
2796 2513 2825 2554 ιι
2853 2513 3074 2568 πλείονα
3105 2513 3477 2586 προξενήσητσ

1811 2603 1902 2655 τὸν
1927 2601 2135 2673 μισθὸν,
2170 2600 2521 2657 ἀντιλάϐεσθε
2543 2601 2642 2672 τῆς
2664 2601 2773 2656 τῶν
2801 2601 3044 2672 ἀδελφῶν
3065 2603 3172 2656 τῶν
3194 2601 3478 2673 ἡμετέρων

1815 2690 2170 2761 κηδεμονίας,
2211 2691 2292 2753 εἰς
2322 2690 2422 2761 τὴν
2449 2689 2714 2761 συλλογὴν
2747 2690 2945 2750 αὐτοὺς
2979 2690 3074 2743 καὶ
3099 2689 3196 2760 τὴν
3223 2689 3479 2760 διήγησιν

1814 2777 1922 2832 τῶν
1967 2778 2273 2850 εἰρημένων
2327 2778 2657 2849 ἐμϐάλλετε,
2695 2778 2784 2832 ἵνα
2820 2777 2910 2832 διὰ
2965 2779 3067 2849 τῆς
3121 2776 3242 2831 όδοῦ
3298 2779 3480 2848 πάσης

1820 2865 2216 2936 μελετήσαντες
2244 2865 2440 2930 ταῦτα,
2466 2867 2560 2920 καὶ
2588 2869 2700 2929 τοῖς
2729 2865 2866 2920 οίκοι
2896 2866 3111 2938 μείνασι
3141 2865 3235 2919 καὶ
3257 2865 3479 2919 ἀπολει-

1825 2951 2005 3021 φθεῖσι
2056 2952 2285 3024 λείψανα
2336 2953 2438 3024 τῆς
2483 2955 2767 3025 τραπέζης
2804 2952 3014 3025 ταύτης
3061 2952 3478 3022 ἀπενεγκόντες,

1815 3039 2076 3110 λαμπρὰν
2110 3042 2272 3094 κάκεῖ
2296 3044 2562 3114 ποιήσητε
2591 3041 2690 3112 τὴν
2727 3041 2984 3112 εὐωχίαν.
3027 3039 3183 3094 Οὐτω
3235 3041 3345 3111 γὰρ
3384 3040 3481 3093 καὶ

1815 3128 1915 3198 τῆς
1963 3127 2158 3199 ἐορτῆς
2205 3129 2410 3198 ταύτης
2443 3129 2711 3199 μεγίστην
2757 3129 3011 3196 αἴσθησιν
3050 3126 3351 3197 ληψόμεθα,
3385 3128 3482 3182 καὶ

1816 3213 1914 3286 τὴν
1957 3214 2216 3286 μάρτυρα
2245 3216 2345 3288 τήν
2365 3215 2524 3282 ἀγίαν
2554 3216 2633 3279 εἰς
2679 3215 2901 3268 πλείονα
2941 3213 3357 3284 ἐπισπασόμεθα
3392 3211 3484 3266 εὗ-

1817 3317 1989 3364 νοιαν,
2016 3302 2183 3372 τιμὴν
2209 3301 2308 3373 τὴν
2339 3301 2513 3372 ἀληθῆ
2544 3299 2812 3372 τιμῶντες
2861 3300 3050 3370 αὐτήν.
3101 3297 3207 3351 Τοῦ
3248 3298 3358 3370 γὰρ
3399 3301 3484 3351 ἐν-

1818 3385 1994 3440 ταῦθα
2019 3387 2429 3459 παραγενέσθαι
2470 3387 2562 3440 καὶ
2593 3386 2894 3458 θορυϐῆσαι
2926 3383 3111 3456 πολλῷ
3141 3383 3312 3456 μείζω
3343 3384 3482 3456 αὐτῇ

1818 3474 1916 3547 τὴν
1946 3476 2145 3548 ἡδονὴν
2174 3477 2309 3530 οτσει
2343 3475 2404 3530 τὸ
2447 3475 2914 3548 καρπωσαμένους
2962 3475 3056 3528 καὶ
3101 3472 3486 3544 ὠφεληθέντας

1820 3564 2200 3635 πνευματικήν
2233 3581 2357 3619 τινα
2386 3563 2654 3633 ὠφέλειαν
2671 3562 2947 3617 ἀπελθεῖν.
2979 3562 3196 3617 Γένοιτο
3223 3560 3280 3614 δέ
3303 3561 3487 3631 εὐχαῖς

1819 3654 1920 3722 τῆς
1970 3651 2131 3721 ἀγίας
2160 3652 2384 3724 ταύτης,
2433 3652 2526 3706 καλ⁸
2557 3651 2666 3706 τῶν
2699 3651 2766 3706 τὰ
2799 3649 2941 3706 αὐτά
2970 3649 3285 3720 ὴθληκότων
3323 3650 3484 3722 αὐτῇ,

1820 3740 1914 3794 καὶ
1941 3739 2170 3804 τούτων,
2198 3740 2293 3794 καὶ
2321 3739 2428 3794 τῶν
2460 3740 2636 3794 ἄλλων
2681 3739 2790 3793 τῶν
2825 3737 3132 3810 εἰρημένων
3156 3739 3357 3810 ἀκριϐῆ
3391 3739 3491 3808 τὴν

1826 3827 2045 3899 μνήμην
2075 3828 2218 3897 ὑμᾶς
2247 3829 2562 3898 κατασχεῖν,
2617 3827 2711 3881 καὶ
2758 3825 2845 3879 διὰ
2889 3827 2999 3880 τῶν
3053 3827 3228 3898 ἔργων
3275 3826 3492 3880 ἅπαντα

1822 3912 2284 3984 ἐπιδειξαμένους,
2339 3916 2397 3966 ἐν
2443 3915 2609 3968 πᾶσιν
2645 3912 3074 3984 εὐαρεστοῦντας
3121 3912 3380 3966 διατελεῖν
3412 3912 3492 3983 τῷ

1823 4000 1963 4073 Θεῷ,
2016 3996 2060 4069 ᾧ
2115 4002 2148 4071 ἡ
2194 4000 2320 4067 δόξα
2365 4001 2462 4054 καὶ
2509 4001 2570 4054 τὸ
2616 4001 2816 4073 κράτος
2854 4003 2934 4066 εἰς
2979 4002 3101 4064 τοὺς
3151 4000 3353 4064 αἰῶνας
3380 3999 3492 4055 τῶν

1824 4106 2054 4142 αιωνων.
2109 4089 2304 4160 Ἀμήν.

1887 4190 1915 4253 ις
1937 4191 2034 4240 Alii
2058 4191 2305 4251 ἀλλήλους,
2328 4191 2411 4242 alii
2432 4193 2668 4253 ἀλλήλοις.

2827 4194 2850 4224 ⁸
2874 4190 2973 4243 Alii
2991 4195 3122 4255 ὑμᾶς.

1887 4250 1915 4291 δ
1937 4253 2037 4302 Alii
2059 4253 2185 4316 ὑμῖν,
2211 4250 2296 4304 alii
2317 4255 2448 4319 ἡμῖν.
