3844 6280
1169 354 1223 410 S.
1262 350 1550 411 {DANle
1588 355 2091 412 CHRYSOSTOMI
2130 353 2455 412 ARCHIEP.
2501 351 3057 427 CONSTANTINOP.

3619 350 3651 405 5

3655 348 3718 403 35

1371 808 1824 888 HOMILIA
1885 808 1961 888 Il
2024 806 2132 887 IN
2186 808 2273 887 S.
2331 810 2886 889 PELAGIAM.

544 1539 744 1611 Ilajore
778 1534 991 1608 quidem
1028 1536 1237 1593 theatro
1265 1544 1450 1593 saneta
1474 1538 1626 1610 virgo
1654 1538 1865 1611 Pelagia
1893 1540 2051 1613 digna

471 1641 617 1690 esset
646 1649 660 1686 :
686 1645 878 1701 magna
918 1629 1058 1685 enim
1096 1629 1252 1700 hujus
1289 1629 1477 1700 puellae
1509 1632 1799 1687 certamina
1838 1635 2055 1689 exstite-

473 1735 636 1791 runt,
666 1724 736 1779 ob
778 1723 935 1793 idque
964 1722 1315 1790 copiosiorem
1349 1721 1541 1801 theatri
1582 1723 1928 1793 frequentiam
1967 1741 2054 1782 re-

472 1818 708 1888 quirunt.
740 1817 810 1871 At
837 1815 965 1869 satis
990 1813 1063 1867 illi
1087 1822 1260 1867 tamen
1283 1825 1364 1868 est
1383 1811 1644 1881 Christus,
1668 1816 1759 1885 qui
1784 1817 1928 1872 solus
1958 1832 2053 1883 pro

474 1911 622 1968 omni
651 1917 968 1965 ornamento
991 1906 1148 1977 hujus
1170 1907 1390 1978 virginis
1415 1907 1724 1980 panegyrim
1752 1923 1816 1964 ac
1841 1909 2054 1966 celebri-

475 2014 635 2058 tatem
654 1988 893 2073 prtesens
904 2008 1135 2055 exornat
1155 2016 1168 2052 :
1187 2014 1291 2069 quo
1312 1999 1453 2054 enim
1476 1999 1593 2054 loco
1615 1999 1854 2057 Christus
1879 2002 2049 2070 adest,

473 2095 581 2148 illic
610 2093 850 2149 omnium
879 2090 1185 2161 angelorum
1207 2091 1402 2145 chorus
1429 2100 1623 2162 praesto
1644 2100 1748 2146 est.
1776 2093 1843 2146 Et
1867 2084 2052 2149 omnes

472 2185 687 2255 quidem
734 2191 1001 2255 martyres
1042 2196 1137 2237 sua
1182 2196 1408 2253 corpora
1460 2183 1784 2238 cruciatibus
1834 2183 2052 2240 fortiora

472 2273 870 2346 mastitermtt,
913 2273 982 2329 ob
1018 2271 1176 2342 idque
1213 2288 1458 2342 magnum
1487 2274 1751 2344 quoddam
1788 2275 2053 2331 theatrum

476 2366 739 2419 adversus
756 2363 1027 2418 diabolum
1053 2362 1154 2418 sibi
1183 2372 1539 2433 paraverunt,
1563 2379 1683 2419 cum
1713 2366 2055 2436 incorporeas

474 2456 697 2525 spiritus
729 2468 956 2527 corpore
990 2453 1108 2526 ipso
1146 2453 1514 2525 superaverint
1533 2494 1548 2518 ,
1574 2464 1629 2508 et
1651 2470 1865 2513 carnem
1904 2470 2054 2513 suam

474 2562 601 2603 cum
640 2543 783 2601 ferro
827 2544 1235 2602 contendentem
1280 2543 1491 2599 fortiter
1529 2545 1890 2603 exhibuerint.
1923 2545 2057 2603 Cum

479 2652 608 2694 vero
631 2636 790 2693 etiam
818 2635 1025 2705 tutellas
1060 2635 1203 2704 ipsas
1228 2634 1384 2692 video
1414 2651 1514 2706 pro
1538 2636 1748 2693 Christo
1794 2638 2055 2695 cruciﬁxo

477 2728 614 2785 mori
643 2725 932 2798 gestientes
954 2766 971 2793 ,
998 2733 1124 2781 tunc
1157 2725 1354 2782 diaboli
1385 2729 1736 2784 temeritatem
1773 2730 1941 2800 magis
1983 2730 2058 2785 ri-

477 2817 614 2884 deo,
632 2818 722 2889 qui
746 2832 870 2873 cum
893 2816 1153 2887 permulta
1176 2816 1495 2873 vaticinandi
1520 2816 1636 2874 loca
1662 2818 1764 2873 sibi
1790 2820 2057 2890 excogita~

475 2912 657 2978 verit,
681 2909 833 2981 quasi
873 2923 963 2965 res
990 2907 1193 2965 futuras
1220 2909 1275 2965 in
1301 2909 1406 2967 illis
1445 2910 1575 2985 ipsis
1610 2911 2056 2980 prmuuntiaturus

474 3016 639 3073 esset,
660 3019 766 3060 non
791 3003 919 3058 illud
945 3002 1247 3074 praividerit
1270 3017 1334 3059 ac
1353 3004 1663 3059 vaticinatus
1684 3004 1772 3072 sit,
1794 3013 2054 3075 quantum

471 3097 702 3154 dedecus
725 3135 743 3162 ,
768 3096 958 3166 quovis
982 3095 1095 3149 risu
1123 3094 1363 3164 dignum,
1395 3093 1657 3150 hodierno
1680 3094 1769 3151 die
1795 3110 2052 3165 passurus

396 3206 399 3209 ·
470 3198 634 3245 esset.
680 3188 818 3255 Quid
856 3187 999 3243 enim
1041 3189 1210 3257 magis
1252 3186 1528 3242 ridendum
1563 3187 1754 3257 aliquis
1791 3188 2031 3267 duceret,

470 3296 628 3352 quam
656 3280 795 3350 quod
836 3278 997 3333 hodie
1022 3293 1209 3347 passus
1244 3287 1328 3334 est
1362 3278 1647 3334 diabolus?
1670 3280 1761 3350 qui
1797 3281 1920 3335 licet
1946 3281 2056 3335 vir-

471 3372 649 3441 ginem
673 3370 930 3425 irretitam
955 3369 1192 3434 haberet,
1219 3384 1248 3422 a
1279 3368 1455 3438 praeda
1483 3378 1658 3424 tamen
1688 3370 1800 3440 ipsa
1831 3371 2050 3438 excidit,

472 3474 529 3519 et
556 3462 783 3532 puellam
808 3502 824 3527 ,
855 3476 1014 3533 quam
1054 3461 1445 3531 apprehendit,
1481 3470 1665 3517 tenere
1703 3477 1809 3517 non
1837 3464 2038 3542 potuit,

473 3555 627 3626 quasi
656 3554 894 3608 umbram
919 3594 935 3618 ,
968 3568 1074 3607 non
1104 3553 1359 3622 virginem
1384 3593 1400 3618 ,
1428 3552 1889 3623 apprehendisset.
1918 3555 2051 3610 Nam

474 3664 596 3702 Clin]
641 3645 728 3699 illa
767 3644 1159 3714 simplicitatem
1188 3644 1447 3699 columbae
1474 3660 1597 3699 cum
1640 3646 1901 3715 serpentis
1932 3663 2055 3716 pru-

473 3737 653 3793 dentia
678 3736 1015 3807 conjunctam
1043 3735 1300 3801 haberet,
1333 3746 1389 3791 ut
1417 3736 1661 3811 columba
1689 3737 1903 3808 quidem
1926 3739 2055 3793 sim-

474 3833 595 3903 plex
620 3828 1005 3901 comprehensa
1036 3837 1118 3884 est
1145 3868 1159 3894 ,
1189 3827 1283 3883 sed
1313 3835 1370 3884 ut
1397 3828 1631 3900 prudens
1653 3842 1875 3900 serpens
1898 3829 2053 3886 diffu-

473 3923 550 3993 git
582 3921 862 3992 :quamvis
904 3920 1046 3975 enim
1090 3928 1233 3975 esset
1267 3919 1648 3991 comprehensa
1674 3961 1689 3988 ,
1730 3921 1799 3981 de
1834 3923 2054 3983 victoria

477 4025 653 4069 tamen
698 4027 803 4068 non
847 4012 1152 4082 desperavit
1195 4027 1211 4078 ;
1252 4028 1427 4082 neque
1470 4013 1650 4071 animo
1685 4023 1779 4069 aut
1830 4016 2055 4071 consilio

477 4114 630 4175 capta
670 4102 771 4159 fuit
793 4145 808 4169 ,
854 4104 982 4162 licet
1020 4117 1244 4174 corpore
1276 4103 1491 4165 detenta
1528 4113 1713 4161 esset:
1742 4104 1836 4167 sed
1885 4117 2055 4164 artem

474 4193 756 4267 quamdam
776 4203 933 4266 atque
956 4195 1239 4250 consilium
1264 4196 1622 4269 excogitavit,
1652 4213 1757 4271 quo
1780 4213 1996 4264 eorum.
2023 4212 2055 4254 a

475 4286 671 4357 quibus
693 4285 1077 4355 comprehensa
1102 4284 1299 4353 fuerat,
1328 4289 1679 4352 temeritatem
1707 4289 1967 4356 eluderet,
2000 4299 2056 4346 et

476 4391 574 4433 eos
600 4364 868 4448 tamquam
913 4376 1155 4446 stupidus
1194 4377 1463 4433 redderet.
1513 4379 1618 4435 Sed
1660 4380 1909 4450 quidnam
1956 4381 2058 4438 hoc

478 4466 620 4522 fuit?
642 4466 712 4524 Se
732 4467 1011 4524 consilium
1032 4478 1267 4525 mutasse
1286 4469 1464 4540 puella
1492 4470 1759 4526 simulavit
1783 4487 1798 4525 :
1828 4471 1986 4541 idque
2012 4481 2072 4527 ut

475 4557 733 4614 credibile
768 4559 1059 4627 videretur,
1083 4560 1327 4629 quamvis
1352 4560 1405 4613 in
1437 4567 1599 4614 tanta:
1628 4559 1990 4617 ﬂuctuationis
2017 4569 2073 4616 et

478 4648 744 4719 naufragii
775 4650 1012 4719 periculo
1039 4650 1328 4705 constituta
1354 4660 1532 4716 esset,
1563 4651 1715 4705 vultu
1746 4661 1920 4707 tamen
1954 4652 2070 4721 ipso

478 4737 797 4795 hilaritatem
842 4739 1188 4810 praeferebat.
1229 4741 1513 4811 Figntento
1558 4742 1718 4811 igitur
1756 4742 1846 4797 illo
1873 4743 2069 4798 milites

475 4830 638 4899 capti,
669 4839 723 4885 et
749 4832 934 4901 puellae
966 4832 1234 4888 hilaritate
1258 4833 1488 4904 decepti,
1520 4833 1807 4890 humanius
1838 4836 1891 4889 in
1924 4836 2066 4891 illaut

474 4936 535 4976 se
564 4936 754 4992 gerere
796 4934 1096 4992 coeperunt.
1131 4923 1262 4991 Quae
1287 4939 1407 4979 cum
1437 4924 1505 4981 ab
1535 4924 1666 4995 ipsis
1698 4926 1938 4997 petiisset
1962 4969 1977 4993 ,
2011 4936 2069 4983 ut

475 5011 678 5067 tamdiu
709 5012 894 5068 liceret
918 5014 1129 5081 abesse,
1152 5015 1326 5085 quoad
1352 5024 1602 5070 ornatum
1633 5031 1845 5087 sponsa:
1871 5033 2066 5074 conve-

470 5103 706 5158 nientem
749 5103 852 5159 sibi
891 5104 1138 5160 indueret
1164 5145 1180 5172 ,
1220 5106 1380 5161 eundi
1422 5115 1739 5178 potestatem
1788 5110 1981 5165 milites
2014 5111 2068 5167 ei

472 5206 858 5253 concesserunt
887 5199 1117 5268 :quippe
1142 5199 1231 5268 qui
1254 5214 1315 5254 ea
1345 5215 1405 5254 re
1425 5215 1532 5255 non
1562 5200 1735 5255 solum
1765 5202 1842 5256 illi
1872 5202 2062 5272 virgini

472 5299 680 5359 gratum
710 5289 900 5345 facturi
931 5300 1134 5355 essent,
1164 5291 1257 5345 sed
1280 5291 1519 5347 futurum
1545 5294 1705 5347 etiam
1736 5294 2059 5364 cogitabant,

428 5398 433 5403 '
471 5389 528 5435 ut
563 5396 592 5434 a
628 5382 809 5452 judice
848 5382 966 5453 ipso
992 5382 1162 5453 magis
1191 5383 1551 5451 laudarentur,
1582 5385 1627 5439 si
1656 5386 1887 5455 puellam
1916 5400 2062 5444 veSIe

468 5482 711 5528 ornatam
739 5475 1038 5530 duxissent.
1065 5474 1156 5531 llla
1185 5490 1312 5531 vero
1335 5477 1542 5531 consilii
1569 5476 1652 5532 sui
1673 5492 1894 5547 compos
1926 5477 2060 5533 facta

467 5565 648 5618 statim
675 5581 734 5620 se
751 5577 896 5624 reste
918 5568 1106 5634 induit,
1127 5584 1247 5639 qua:
1266 5584 1392 5625 vere
1411 5570 1608 5625 decora
1629 5579 1730 5626 est.
1754 5571 1887 5627 Cum
1915 5572 2059 5627 enim

468 5652 631 5706 animi
662 5655 969 5713 fortitudine
997 5698 1012 5724 ,
1041 5666 1096 5715 et
1124 5660 1532 5715 resurrectionis
1560 5675 1655 5731 spe
1698 5662 1862 5716 multa
1892 5677 1951 5717 se
1980 5664 2060 5717 in-

434 5778 443 5789 .
470 5742 672 5802 duisset
696 5759 855 5817 atque
881 5753 1279 5809 corroborasset
1302 5795 1316 5821 ,
1348 5753 1415 5809 ad
1447 5754 1610 5825 ipsius
1641 5755 1762 5811 tecti
1793 5751 2056 5824 fastigium

2140 1539 2410 1607 cucurrit,
2448 1548 2509 1594 et
2546 1537 2689 1592 illinc
2728 1537 2959 1607 seipsam
2997 1535 3321 1606 praecipitem
3350 1535 3517 1590 dedit.
3549 1536 3727 1603 taque

2140 1629 2400 1701 palaestra:
2424 1644 2591 1700 genus
2626 1628 2757 1683 illud
2783 1628 2959 1698 exegit
2984 1669 2999 1695 ,
3029 1628 3170 1698 quod
3200 1637 3257 1682 ut
3298 1644 3547 1698 magnum
3571 1630 3724 1699 quid-

2142 1721 2285 1790 piam
2303 1718 2588 1789 aliquando
2608 1718 2850 1773 diabolus
2872 1718 3099 1774 Domino
3126 1718 3223 1788 ipsi
3252 1732 3553 1788 preponere
3568 1733 3730 1773 ausus

2142 1810 2334 1879 fuerat,
2362 1824 2484 1866 cum
2509 1810 2640 1865 dixit
2673 1827 2687 1865 :
2719 1809 2780 1865 Si
2809 1809 2978 1864 Filius
3010 1809 3108 1864 Dei
3133 1827 3205 1877 es,
3245 1809 3384 1863 mitte
3424 1820 3473 1862 te
3498 1809 3729 1863 deorum

2146 1901 2170 1977 ί
2186 1903 2374 1958 Matth.
2399 1904 2453 1959 4.
2480 1903 2573 1973 6).
2604 1902 2771 1973 Hujus
2797 1902 2988 1973 puella:
3015 1901 3172 1957 (idem
3199 1911 3253 1956 et
3279 1901 3446 1956 animi
3469 1903 3732 1972 magnitu-

2145 1996 2323 2056 dinem
2352 1994 2509 2052 valde
2547 1995 2886 2065 obstupesco.
2919 1994 3053 2061 Quid
3093 1996 3237 2050 enim
3278 2005 3402 2049 tunc
3441 1994 3543 2048 alia
3582 1996 3731 2064 virgo

2143 2100 2325 2143 secum
2368 2086 2481 2156 ipsa
2530 2101 2634 2141 non
2681 2085 3014 2155 cogitasset?
3059 2084 3287 2140 Dixisset
3334 2084 3549 2155 quidem
3590 2102 3607 2138 :
3651 2085 3731 2139 Do

2144 2177 2402 2248 meipsam
2432 2191 2497 2232 ex
2527 2175 2630 2235 hoc
2658 2177 2777 2231 loco
2804 2176 3129 2247 praecipitem
3155 2217 3170 2245 ,
3199 2190 3319 2230 cum
3363 2175 3415 2229 id
3462 2175 3640 2230 facere
3668 2192 3733 2230 eo

2143 2270 2261 2347 ipso
2286 2278 2467 2324 coacta
2493 2269 2594 2324 sim
2622 2308 2637 2335 ,
2662 2268 2804 2338 quod
2835 2277 3077 2338 stuprum
3105 2279 3301 2322 metuo.
3332 2267 3625 2323 Laudabile
3654 2280 3735 2323 est

2146 2361 2478 2432 propositum
2507 2402 2523 2428 ,
2561 2360 2721 2415 modo
2749 2375 2931 2419 casum
2961 2361 3130 2430 ipsum
3162 2374 3306 2419 mors
3331 2370 3693 2429 consequatur
3718 2380 3732 2413 :

2146 2453 2389 2523 quamvis
2416 2450 2557 2506 enim
2579 2451 2630 2504 in
2661 2465 2749 2505 me
2779 2457 3040 2506 mortuam
3069 2449 3259 2525 hostes
3278 2449 3588 2509 debacchati
3622 2449 3734 2503 fue-

2143 2545 2269 2611 rint,
2299 2544 2353 2601 id
2382 2553 2557 2603 tamen
2582 2558 2680 2617 ego
2704 2559 2809 2598 non
2840 2542 3099 2608 sentiam,
3131 2555 3324 2613 meque
3348 2541 3612 2596 insciente
3640 2543 3739 2601 hoc

2145 2634 2364 2691 facient.
2398 2635 2474 2692 Ac
2498 2635 2544 2692 si
2570 2635 2622 2691 in
2649 2643 2842 2690 terram
2862 2633 3064 2689 collisae
3086 2632 3327 2704 corporis
3352 2634 3593 2688 memhra
3617 2649 3737 2705 per-

2145 2726 2310 2783 fraeta
2339 2728 2563 2795 fuerint,
2591 2728 2767 2781 anima
2792 2741 2919 2782 vero
2961 2726 3014 2781 in
3058 2725 3310 2781 membris
3339 2725 3739 2796 permanserit,

2145 2822 2385 2891 corporis
2414 2821 2795 2891 turpitudinem
2821 2820 3046 2877 moleste
3075 2818 3254 2877 ferens
3282 2833 3346 2872 ac
3371 2818 3587 2886 dolens,
3617 2831 3741 2883 tunc

2146 2914 2488 2971 nihilominus
2516 2915 2585 2969 ad
2604 2914 2838 2985 judicem
2865 2913 3042 2980 ducta,
3072 2929 3134 2969 ea
3162 2914 3351 2983 patiar,
3379 2928 3503 2983 qua:
3528 2929 3741 2982 semper

2148 3006 2300 3063 timui
2334 3024 2348 3060 :
2382 3007 2592 3062 tradent
2629 3007 2770 3061 enim
2815 3014 3002 3076 stupro
3033 3020 3230 3073 corpus
3269 3005 3442 3075 ipsum
3482 3005 3740 3062 membris

2148 3096 2333 3152 laasum
2358 3138 2375 3165 ,
2403 3112 2466 3153 ac
2504 3112 2592 3154 me
2616 3097 2865 3155 violatam
2910 3096 3182 3155 dimittent
3215 3098 3440 3167 :Isicque
3469 3095 3739 3166 duplicem

2145 3190 2313 3251 feram
2328 3192 2705 3258 calamitatem,
2733 3201 2843 3247 tum
2866 3190 3141 3261 corporeis
3162 3191 3419 3250 membris
3446 3189 3599 3255 laesa.
3631 3201 3742 3245 tum

2145 3286 2447 3356 virginitate
2484 3286 2726 3365 spoliata.
2774 3285 2900 3339 llaec
2949 3285 3081 3339 satis
3124 3283 3342 3355 quidem
3386 3282 3617 3341 fuissent
3642 3323 3662 3349 .
3690 3295 3744 3343 ut

2145 3376 2303 3430 aliam
2345 3377 2577 3446 puellam
2615 3376 3002 3445 perturbarent.
3040 3376 3110 3429 At
3148 3376 3234 3429 illa
3266 3376 3337 3435 ita
3374 3375 3588 3430 conﬁsa
3620 3384 3742 3440 est,

2146 3467 2299 3541 quasi
2324 3467 2446 3520 finis
2475 3467 2639 3537 ipsius
2663 3481 2975 3536 sponsorem
3000 3466 3230 3537 aliquem
3255 3465 3481 3525 haberet
3508 3484 3525 3520 ε
3556 3468 3630 3521 ob
3658 3465 3742 3524 id-

2146 3572 2253 3628 que
2281 3567 2526 3627 prompto
2561 3559 2739 3613 animo
2777 3559 2844 3613 ad
2870 3573 2990 3614 eum
3016 3573 3200 3613 casum
3232 3557 3524 3615 festinavit.
3560 3558 3742 3628 Itaque

2147 3649 2339 3720 puella:
2364 3658 2418 3703 et
2447 3649 2662 3720 virginis
2692 3648 3000 3704 fortitudine
3027 3658 3185 3719 atque
3222 3648 3404 3703 animo
3445 3648 3541 3702 illo
3571 3649 3744 3702 vietus

2146 3753 2206 3795 es
2229 3780 2245 3807 ,
2272 3739 2500 3795 diabole.
2527 3740 2656 3809 Qua:
2680 3740 2820 3794 enim
2855 3740 3078 3795 Domino
3104 3739 3204 3810 ipsi
3228 3740 3357 3794 olim
3387 3738 3738 3809 proposuisti,

2149 3821 2218 3876 ad
2243 3835 2304 3878 ea
2334 3823 2507 3893 puella
2531 3824 2773 3895 quaedam
2797 3866 2813 3892 ,
2839 3824 2953 3897 ejus
2977 3823 3203 3892 famula,
3234 3833 3289 3881 te
3318 3826 3628 3894 provocavit
3647 3868 3663 3891 ,
3692 3836 3742 3879 et

2147 3910 2215 3966 ad
2247 3913 2371 3968 tecti
2400 3911 2664 3986 fastigium
2703 3929 3010 3983 accurrens,
3042 3915 3191 3970 illinc
3232 3914 3469 3985 seipsam
3504 3917 3741 3986 jaculata

2148 4013 2232 4059 est
2259 4021 2274 4058 :
2306 4019 2534 4077 cumque
2571 4023 2603 4063 a
2642 4006 2820 4078 judice
2864 4017 3050 4063 vocata
3087 4004 3269 4074 esset,
3315 4006 3455 4071 tibi,
3496 4007 3594 4076 qui
3645 4006 3748 4060 hee

2146 4096 2453 4167 suggessisti
2472 4139 2488 4165 ,
2519 4113 2624 4153 non
2654 4099 3075 4169 obtemperavit,
3121 4113 3293 4169 neque
3321 4096 3613 4153 subdolam
3645 4112 3742 4167 pu-

2145 4200 2305 4257 gnam
2344 4189 2506 4245 subiit
2535 4206 2550 4243 :
2581 4191 2729 4246 novit
2755 4192 2897 4247 enim
2926 4200 3173 4247 versutas
3201 4189 3564 4260 cogitationes
3592 4198 3745 4243 tuas:

2147 4292 2269 4334 cum
2303 4293 2446 4349 saepe
2491 4280 2724 4352 virgines
2769 4283 2911 4352 ipsas
2951 4281 3019 4337 ad
3057 4281 3297 4351 judices,
3350 4290 3633 4351 tamquam
3683 4278 3745 4332 ad

2147 4370 2353 4442 ﬂagella
2388 4372 2697 4442 excipienda
2724 4413 2740 4440 ,
2771 4387 2966 4428 vocare
3009 4372 3186 4428 soleas
3213 4388 3229 4438 ;
3256 4381 3441 4443 postea
3469 4386 3604 4426 vero
3633 4375 3750 4424 sine

2147 4478 2331 4534 pugna
2360 4464 2424 4518 iis
2443 4505 2459 4532 ,
2488 4465 2577 4534 qui
2608 4478 2841 4535 pugnare
2869 4464 3189 4531 subierunt,
3220 4463 3468 4519 acerbius
3493 4462 3751 4518 detentas

2148 4559 2318 4630 ejicis.
2341 4558 2411 4614 At
2431 4559 2477 4614 si
2497 4574 2622 4615 vere
2635 4558 2700 4614 ad
2721 4574 2950 4630 pugnam
2968 4559 3050 4613 vel
3070 4559 3135 4613 ad
3162 4557 3330 4613 stadia
3354 4557 3594 4626 puellam
3628 4569 3752 4624 pro-

2148 4666 2329 4720 vocas,
2355 4651 2681 4723 congredere
2707 4666 2848 4707 nunc
2865 4667 2987 4707 cum
3015 4651 3104 4705 illa
3128 4667 3158 4705 e
3187 4659 3324 4705 tecto
3348 4664 3409 4704 se
3433 4648 3749 4717 dejiciettte,

2148 4758 2373 4815 eamque
2408 4745 2552 4800 illine
2579 4744 2906 4799 decidentem
2937 4743 3178 4798 sustine:
3207 4741 3408 4796 audeas
3445 4750 3647 4795 contra
3694 4738 3755 4791 il-

2149 4836 2253 4891 lam
2278 4844 2441 4902 stare,
2469 4846 2524 4890 et
2542 4836 2841 4906 palaestram
2863 4833 3114 4905 experiri.
3137 4832 3323 4888 Excita
3347 4844 3755 4904 quamcumque

2147 4929 2280 4985 velis
2303 4928 2572 4983 astutiam.
2602 4927 2776 4982 Habes
2802 4934 3000 4982 terram
3027 4942 3123 4994 pro
3149 4940 3341 4995 pugna:
3363 4937 3564 4993 campo
3586 4941 3600 4976 :
3626 4934 3759 4989 urge

2148 5036 2291 5077 nunc
2314 5019 2516 5090 gladios
2545 5020 2706 5089 ipsos,
2739 5027 2799 5073 ut
2824 5027 3051 5074 mortem
3083 5015 3313 5078 inferas;
3343 5015 3645 5069 substerne
3674 5013 3755 5065 iu-

2148 5113 2469 5170 terliciendis
2495 5112 2799 5167 hominibus
2827 5111 2958 5166 dura
2986 5109 3157 5203 caedis"i
3178 5110 3537 5163 instrumenta
3561 5124 3578 5171 ;
3628 5117 3759 5174 para

2146 5207 2410 5264 decidenti
2439 5205 2629 5276 puellm
2670 5203 3107 5261 cettfractionem.
3138 5200 3349 5256 Omnes
3383 5200 3532 5253 enim
3578 5212 3757 5266 quan-

2147 5301 2341 5356 tumvis
2381 5299 2653 5353 abstrusas
2696 5304 2857 5366 atque
2896 5294 3105 5350 abditas
3151 5302 3295 5347 artes
3327 5300 3446 5346 tuas
3473 5291 3635 5344 velut
3679 5289 3759 5339 in-

2147 5394 2479 5448 !irmissimas
2506 5391 2593 5446 illa
2624 5390 2933 5460 superavit:
2958 5386 3203 5457 quodque
3231 5385 3406 5454 majus
3432 5392 3541 5449 est,
3578 5394 3758 5450 neque

2147 5485 2277 5541 illud
2321 5500 2351 5539 a
2391 5485 2501 5539 Deo
2533 5482 2752 5552 exegit,
2781 5479 2924 5551 quod
2962 5480 3217 5547 scriptum
3249 5485 3332 5530 est
3361 5494 3375 5529 :
3403 5474 3621 5546 Angelis
3659 5472 3755 5524 luis

2147 5575 2336 5630 manda
2363 5575 2426 5629 de
2450 5590 2530 5628 me
2551 5614 2564 5639 ,
2604 5572 2847 5638 Domine,
2880 5587 2942 5624 ne
2971 5585 3195 5639 unquam
3224 5565 3587 5641 σπουδάσωσιιὰ
3617 5562 3752 5631 [αρέ-

2148 5668 2261 5723 dem
2290 5684 2475 5739 corpus
2501 5682 2664 5720 meum
2688 5663 2849 5737 (Luc.
2882 5663 2934 5718 4.
2968 5662 3057 5715 10.
3088 5660 3177 5731 Η)
3207 5677 3220 5714 :
3253 5658 3348 5715 sed
3381 5659 3432 5714 id
3465 5658 3628 5727 petiit
3652 5696 3669 5717 ,
3698 5662 3749 5703 ul

2150 5755 2314 5816 animi
2343 5761 2651 5831 prat‘Clpt‘l‘cl
2683 5767 2799 5828 post
2826 5771 3004 5810 rasum
3039 5754 3208 5823 ipsum
3240 5768 3269 5803 e
3298 5768 3526 5823 carpere
3572 5749 3739 5803 disce
