3884 6294
231 339 360 396 585
1092 357 1098 362 ‘
1139 341 1206 398 ΙΝ
1246 342 1302 399 5.
1345 341 1676 402 IGNATIUM
1723 342 2130 397 BIAELTYREM.
2173 371 2237 382 —-
2275 341 2614 398 MONITUM.
3367 347 3472 403 586
3507 427 3510 430 .

215 438 387 494 dere.
415 438 461 494 Ο
489 445 721 509 puellam
745 481 764 508 ,
807 455 1004 512 genere
1031 442 1244 513 quidem
1275 451 1328 498 et
1363 457 1492 499 sexu
1532 444 1830 514 feminam,
1918 444 1983 496 ad
2018 442 2262 512 pietatem
2295 443 2612 499 servandam
2645 444 3052 498 corroboremus
3076 461 3090 509 ;
3118 444 3323 514 judices
3358 448 3500 514 ipsus

215 534 416 588 animo
439 543 618 588 autem
655 535 772 604 ipso
805 537 1038 590 marem!
1071 537 1390 606 ovirginem
1413 533 1621 594 duobus
1646 541 1827 595 nomi-
1917 550 1947 589 a
1990 535 2365 590 teutatiouibus
2410 535 2819 590 submomamus
2843 575 2858 599 ,
2891 544 2946 590 et
2982 551 3104 589 cum
3140 545 3498 605 opportunum

214 625 393 679 uibus
421 625 801 692 extollendam,
827 626 968 698 quod
997 629 1047 682 in
1073 625 1334 699 virginum
1366 641 1525 699 grege
1549 671 1563 697 ,
1595 639 1650 684 et
1676 644 1819 684 marv
1917 637 2014 691 est,
2046 611 2150 680 non
2177 625 2433 696 a-bjectos,
2464 627 2560 681 sed
2583 626 2809 682 audaces
2839 642 2936 682 nos
2965 635 3279 697 prmstemus
3303 645 3317 694 ;
3349 627 3501 684 deni-

216 726 411 785 tyrum
441 715 608 790 ebore
637 727 910 772 numerata
939 718 1052 774 sis!
1091 734 1125 774 ο
1167 720 1396 789 puellam
1433 720 1502 774 ita
1545 721 1823 776 continet»
1915 734 2022 789 que
2050 719 2288 774 membra
2314 727 2522 785 nostra,
2547 735 2668 790 qua:
2691 728 2818 774 sunt.
2841 735 3000 789 super
3026 728 3245 785 terram,
3271 722 3501 776 mortiﬁ-

211 813 362 869 tcm,
389 817 445 861 ut
472 821 643 876 neque
670 817 891 876 aspectu
907 807 1119 878 quidem
1151 809 1265 880 ipso
1283 809 1492 863 fruendi
1521 810 1822 865 facultatem
1914 827 2102 866 ceruus
2121 853 2136 878 ,
2167 821 2222 866 ut
2249 812 2506 867 Dominus
2533 813 2645 884 ipse
2676 813 2777 867 hoc
2807 813 3004 871 humile
3030 828 3224 883 corpus
3258 823 3502 873 nostrum

210 897 764 968 intemperatojudici
785 899 1100 968 praebueris!
1127 900 1290 970 llujus
1313 900 1471 970 igitur
1491 901 1678 969 puella:
1698 911 1823 956 tem-
1915 904 2017 957 tale
2045 903 2248 968 reddat,
2272 913 2326 958 et
2346 904 2398 957 in
2422 918 2540 958 eam
2571 892 2928 958 conditionem
2959 905 3261 972 transferat,
3294 915 3352 961 ut
3377 921 3499 961 θοντ-

212 990 526 1058 perantiam
553 1000 608 1044 et
633 1005 730 1045 nos
757 991 1046 1052 imitemur,
1076 1000 1131 1047 et
1152 1001 1334 1047 contra
1357 993 1654 1063 voluptates
1681 995 1822 1064 ipsas
1913 997 2058 1064 poris
2091 996 2172 1049 sui
2203 995 2423 1048 formam
2452 1010 2573 1049 cum
2601 1010 2664 1049 eo
2690 996 3047 1052 communicet
3075 1013 3089 1051 :
3117 997 3202 1053 cui
3231 997 3301 1052 sit
3326 997 3493 1069 gloria

209 1081 467 1136 victoria
507 1091 702 1152 tropaea
743 1085 1056 1155 erigamus;
1097 1085 1492 1140 incontinentiae
1530 1096 1688 1156 atque
1736 1088 1820 1141 in—
1912 1098 1966 1144 et
1995 1089 2296 1159 imperium,
2327 1089 2379 1143 iu
2405 1089 2616 1142 saecula.
2647 1089 2838 1144 Amen.

210 1176 599 1246 temperantia:
638 1175 891 1246 impetum
927 1176 1232 1248 frangamus
1256 1219 1271 1244 ,
1302 1187 1355 1232 et
1384 1179 1617 1233 animum
1650 1179 1814 1249 ipsum

1625 1727 2126 1808 MONITUM

969 1904 1072 1965 AD
1111 1903 1492 1965 HOMILIAM
1532 1905 1612 1966 IN
1669 1905 1730 1966 S.
1787 1905 2162 1969 IGNATIUM
2201 1909 2760 1976 THEOPIIORUM.

294 2061 458 2136 [592]
497 2061 650 2119 Hanc
674 2060 956 2118 homiliam
988 2058 1293 2115 Antiochiae
1329 2058 1520 2114 habuit
1545 2059 1970 2131 Cbrysostomus
2017 2065 2204 2133 paucis
2245 2076 2369 2136 post
2397 2067 2729 2124 Concionem
2776 2068 2830 2124 iu
2867 2068 2924 2124 S.
2956 2069 3227 2142 Pelagiana
3277 2071 3492 2144 diebus,

210 2157 300 2211 De
333 2171 482 2211 anno
503 2170 572 2211 ne
609 2154 922 2225 conjectum
946 2152 1166 2223 quidem
1192 2151 1411 2223 quidvis
1443 2159 1683 2208 statuere
1731 2166 2045 2222 possumus,
2080 2169 2207 2210 cum
2242 2157 2391 2212 nulla
2430 2158 2560 2214 hinc
2583 2160 2843 2230 temporis
2872 2169 3000 2215 nota
3029 2163 3145 2216 erui
3175 2164 3367 2233 possit.
3395 2162 3497 2219 Fe-

211 2261 374 2309 stum
406 2250 465 2306 S.
508 2249 698 2322 Ignatii
730 2249 1035 2305 celebratur
1060 2248 1202 2318 apud
1232 2247 1387 2302 nos'l
1426 2247 1730 2313 Februarii,
1763 2250 1908 2321 apud
1941 2249 2162 2306 Graecos
2193 2261 2378 2308 autem
2413 2254 2676 2324 vigesima
2719 2257 2806 2312 die
2837 2256 3168 2314 Decembris.
3201 2258 3338 2325 Quia
3367 2275 3498 2315 vero

211 2357 284 2398 ea
327 2343 452 2412 ipsa
479 2341 595 2396 dies
621 2340 692 2394 90
741 2337 1052 2394 Decembris
1081 2345 1304 2392 notatur
1337 2336 1580 2392 etiamin
1625 2337 1756 2392 Mss.
1808 2339 2211 2409 antiquissimis
2235 2381 2250 2406 ,
2299 2344 2596 2399 verisimile
2625 2360 2856 2415 prorsus
2881 2346 3096 2402 videtur
3122 2362 3186 2402 ea
3226 2349 3344 2418 ipsa
3408 2350 3500 2403 die

215 2435 475 2492 habitam
501 2435 666 2491 fuisse
689 2435 832 2490 hanc
857 2433 1138 2490 homiliam
1172 2450 1186 2488 :
1222 2447 1333 2490 non
1367 2440 1548 2488 autem
1590 2434 1656 2488 l7
1693 2434 2029 2501 Decembris,
2058 2453 2167 2507 qua
2197 2439 2288 2493 die
2339 2441 2623 2497 trans-latio
2653 2444 2776 2514 ejus
2823 2443 3130 2500 celebratur
3163 2445 3218 2500 in
3252 2445 3506 2502 Ecclesia.

217 2528 505 2597 Romana,
541 2537 602 2584 ut
629 2536 778 2584 recte
809 2535 963 2583 notat
999 2527 1204 2582 Fronte
1239 2526 1491 2594 Ducaeus,
1523 2527 1618 2598 qui
1667 2536 1780 2584 tres
1809 2528 1932 2598 ejus
1961 2530 2348 2589 translationes
2369 2547 2806 2604 commemorat,
2870 2537 3101 2607 primam
3171 2553 3282 2609 qua
3324 2539 3504 2595 Bonis

214 2623 598 2687 Antiochiam,
641 2631 702 2679 ut
746 2623 1060 2694 putabatur,
1102 2637 1133 2677 a
1178 2621 1463 2692 discipulis
1496 2623 1591 2694 qui
1643 2623 1762 2693 ejus
1794 2633 1915 2679 acta
1948 2625 2308 2694 scripserunt,
2366 2626 2629 2698 Reliquiae
2656 2628 2775 2700 ejus
2829 2630 3108 2686 translatae
3159 2639 3327 2685 sunt:
3370 2646 3500 2685 nam

215 2721 625 2789 Chrysostomo
655 2717 710 2772 in
738 2718 840 2772 hac
863 2716 1098 2771 homilia
1121 2723 1284 2786 atque
1305 2715 1638 2788 Hieronymo
1671 2717 1922 2780 testibus.
1957 2711 2086 2774 ossa
2117 2719 2237 2788 ejus
2285 2720 2587 2776 Antiochiae
2608 2723 2987 2793 quiescebant,
3019 2734 3071 2778 et
3093 2723 3314 2793 quidem
3343 2735 3500 2780 extra

213 2825 449 2885 portam
494 2811 870 2883 Daphniticam
927 2813 983 2867 in
1014 2813 1364 2883 Cmmeterio,
1393 2815 1468 2870 ait
1521 2814 1889 2888 Hieronymus
1934 2817 2002 2871 de
2031 2816 2404 2888 Scriptoribus
2449 2819 2876 2876 Ecclesiasticis.
2925 2821 3174 2878 Secunda
3216 2823 3504 2878 translatio

220 2913 536 2981 inperante
561 2906 870 2963 Theodosio
907 2905 951 2963 ll
1001 2905 1142 2964 facta
1173 2915 1276 2973 est,
1331 2923 1456 2964 cum
1487 2906 1608 2978 ejus
1634 2908 1790 2979 jussu
1847 2925 1912 2964 ex
1961 2909 2287 2980 Cmmcterio
2318 2913 2373 2966 in
2428 2913 2689 2983 templum
2719 2913 2977 2970 Fortunae
3006 2915 3126 2986 ejus
3155 2931 3282 2972 ossa
3314 2928 3502 2972 trans-

222 3005 341 3058 lata
395 3011 545 3068 sunt,
570 3009 624 3057 et
646 3001 906 3073 templum
939 3001 1068 3058 olim
1114 3002 1454 3058 daemonibus
1503 3003 1766 3070 dicatum,
1824 3003 2047 3076 Martyri
2097 3015 2482 3062 consecratum
2514 3016 2616 3074 est,
2681 3007 2861 3078 inquit
2906 3006 3192 3080 Evagrius.
3249 3007 3498 3065 Tertiam

222 3095 650 3151 translationem
673 3093 962 3152 Antiochia
991 3093 1220 3152 Romam
1243 3105 1511 3153 memorat
1538 3095 1987 3170 Martyrologium
2014 3098 2346 3167 Romanum,
2374 3115 2498 3155 cum
2549 3101 2602 3155 in
2628 3101 2860 3156 ecclesia
2887 3099 2944 3157 S.
2982 3101 3280 3159 Clementis
3304 3116 3500 3160 recon-

225 3189 350 3243 dita
385 3197 534 3243 sunt.

303 3281 813 3353 Interpretationcm
839 3281 1124 3344 Francisci
1145 3283 1264 3340 Zini
1295 3286 1499 3357 passim
1525 3286 1868 3343 emendatam
1905 3303 1935 3344 e
1965 3287 2184 3357 regione
2212 3287 2387 3344 (ἐνωεί
2421 3297 2600 3345 textus
2619 3285 2852 3345 edimus.
