3844 6280
400 355 502 411 587

1106 351 1164 407 S.
1204 349 1479 408 JOANNIS
1518 344 1985 406 CHRYSOSTOMI
2026 346 2344 403 ARCHIEP.
2384 336 2917 409 CONSTANTINOP.

3568 350 3677 405 588

439 481 3662 506 Mm

1158 566 1279 651 IN
1353 566 1440 649 S.
1496 563 2159 647 MARTYREM
2231 562 2826 652 IGNATIUM

399 745 752 805 DBII‘BRUM,
784 742 1018 790 NAGNB
1046 741 1406 785 ΔΝΤΙΟΕΗῙΒ
1452 737 1994 783 ARCHIEPISCOPUM
2024 738 2251 782 ROMAM
2279 740 2648 798 ABDUCTUM,
2696 743 2913 798 ωιρυις
2941 747 3271 792 MARTYRIO
3300 748 3679 809 APYBCTUM,

950 840 1156 894 noun
1200 840 1350 883 nvos
1394 839 1635 883 aunsus
1679 836 2075 882 “noenum
2118 837 2560 899 mansurum,
2608 843 2927 890 LAUDATIO
2958 832 2974 863 ¹
3011 829 3122 911 (a).

1838 982 2209 1039 eam»

456 1146 507 1200 l.
535 1143 634 1211 Qui
660 1137 982 1208 sumptuosis
1006 1151 1069 1192 ac
1096 1133 1383 1205 Splendidis
1408 1132 1664 1189 conviviis
1690 1130 1965 1187 delectan-

384 1249 489 1305 tur,
518 1252 577 1293 ea
606 1235 797 1291 crebro
822 1240 876 1288 et
903 1230 1208 1301 frequenter
1231 1228 1518 1291 celebrant,
1540 1234 1649 1280 tum
1679 1234 1735 1280 ut
1759 1224 1967 1280 divitias

383 1335 653 1384 ostentent
682 1338 837 1390 suas,
868 1332 979 1377 tum
1018 1329 1073 1375 ut
1099 1318 1520 1375 benevolentiam
1550 1318 1600 1371 in
1631 1316 1829 1371 amicos
1857 1330 1966 1384 pra:

383 1437 451 1475 se
470 1419 663 1475 ferant.
692 1414 835 1469 Talis
859 1422 939 1468 est
964 1411 1124 1467 etiam
1155 1410 1383 1479 Spiritus
1425 1409 1593 1477 gratia
1621 1450 1635 1472 ,
1669 1424 1786 1476 qua:
1815 1406 1967 1461 nobis

384 1520 440 1564 et
467 1510 706 1579 proprias
732 1519 859 1574 opes
890 1501 1121 1557 ostendit
1161 1512 1320 1570 atque
1346 1498 1561 1554 exhibet
1588 1540 1601 1563 ,
1630 1506 1685 1553 et
1722 1500 1963 1568 magnam

385 1617 509 1671 erga
548 1599 746 1653 amicos
786 1595 877 1649 Dei
915 1594 1187 1648 caritatem
1216 1592 1493 1657 declarat,
1518 1607 1636 1645 eum
1670 1590 1969 1659 frequentes

388 1690 542 1745 nobis
566 1694 857 1757 martyrum
891 1696 1102 1737 mensas
1128 1682 1364 1751 apponit.
1395 1680 1575 1749 Nuper
1610 1680 1783 1750 puella
1812 1680 1968 1748 plane

388 1781 698 1838 adolescens
719 1786 772 1832 et
794 1776 959 1845 virgo,
981 1775 1131 1830 beata
1153 1782 1352 1845 martyr
1377 1773 1609 1842 Pelagia,
1636 1788 1823 1841 magna
1847 1787 1967 1826 cum

387 1870 570 1925 lzetitia
596 1867 894 1923 convivium
924 1864 1077 1920 nobis
1105 1863 1343 1919 exhibuit
1378 1881 1390 1916 :
1424 1864 1582 1918 hodie
1606 1864 1966 1918 celebritatem

387 1960 525 2015 illius
549 1960 734 2014 beatus
762 1957 849 2012 hic
875 1971 937 2011 ac
963 1970 1254 2027 generosus
1295 1964 1497 2025 martyr
1538 1955 1767 2025 lgoatius
1806 1954 1969 2008 vicis-

386 2054 486 2107 sim
514 2050 739 2120 excepit.
774 2049 1004 2103 Diversae
1033 2046 1247 2117 quidem
1279 2060 1543 2115 personzn,
1571 2045 1665 2100 sed
1692 2060 1791 2099 una
1821 2060 1969 2098 men-

386 2162 444 2200 ea
470 2164 484 2213 ;
514 2145 673 2199 varia:
704 2154 911 2212 pugna),
944 2140 1036 2196 sed
1062 2154 1259 2194 corona
1289 2138 1473 2194 eadem
1496 2156 1510 2204 ;
1535 2138 1768 2207 disparia
1794 2146 1969 2192 certa—

387 2243 550 2308 mina,
573 2241 665 2296 sed
686 2240 825 2295 idem
850 2238 1108 2293 bravium.
1142 2235 1198 2290 In
1226 2234 1603 2290 certaminibus
1624 2234 1766 2288 enim
1794 2242 1970 2287 exter-

387 2333 471 2386 nis
495 2372 510 2397 ,
541 2331 660 2401 quia
685 2330 894 2383 labores
922 2336 1049 2382 sunt
1075 2340 1356 2395 corporum
1374 2366 1388 2391 ,
1425 2324 1617 2379 merito
1643 2322 1740 2376 viri
1768 2332 1969 2377 tantum

386 2422 772 2485 admittuntur;
802 2418 889 2473 hic
912 2425 1088 2472 autem
1118 2417 1368 2486 quoniam
1400 2423 1566 2468 totum
1598 2423 1867 2468 certamen
1899 2412 1967 2467 ad

390 2513 626 2568 animum
649 2519 873 2580 spectat,
897 2509 1105 2579 utrique
1133 2507 1281 2561 sexui
1309 2505 1537 2561 stadium
1566 2506 1818 2573 aperitur,
1842 2503 1974 2558 ulri-

386 2620 490 2675 que
509 2603 692 2674 generi
719 2600 995 2657 consident
1020 2607 1369 2669 spectatores.
1391 2597 1501 2652 Nec
1530 2598 1629 2651 viri
1658 2605 1860 2651 tantum
1885 2610 1975 2651 ac-

389 2697 609 2765 cingunt
648 2709 742 2760 se,
788 2708 854 2748 ne
882 2691 947 2746 ad
979 2700 1179 2745 natura:
1209 2688 1567 2743 infirmitatem
1600 2687 1810 2742 feminae
1840 2701 1971 2741 con-

388 2789 645 2859 fugientes
673 2785 996 2856 probabilem
1025 2785 1218 2839 habere
1244 2782 1519 2837 videantur
1537 2781 1968 2836 excusationem:

387 2896 488 2938 nec
515 2880 642 2936 sola:
667 2878 878 2934 femina:
905 2893 963 2933 se
992 2876 1196 2931 fortiter
1220 2882 1431 2945 gerunt,
1455 2889 1521 2928 ne
1546 2874 1777 2927 virorum
1805 2886 1972 2943 genus

388 2974 582 3028 rubore
608 2969 967 3042 perfundant;
999 2967 1093 3023 sed
1124 2976 1178 3022 et
1218 2966 1338 3020 hinc
1366 2974 1418 3019 et
1459 2964 1581 3019 inde
1610 2964 1762 3018 multi
1795 2962 1970 3032 publi-

387 3072 578 3120 cantur
602 3062 851 3123 victores,
884 3070 937 3114 et
965 3072 1190 3113 coronas
1218 3064 1592 3126 assequuntur,
1623 3066 1677 3109 ut
1700 3070 1765 3109 ex
1790 3062 1969 3124 operi-

387 3154 485 3209 bus
511 3152 789 3221 intelligas,
813 3150 864 3203 in
892 3149 1103 3204 Christo
1123 3147 1248 3203 Jesu
1281 3162 1450 3217 neque
1476 3146 1770 3201 masculum
1798 3159 1972 3212 neque

387 3244 634 3301 feminam
660 3259 777 3299 esse
808 3239 999 3313 (Galat.
1026 3242 1080 3295 3.
1106 3240 1222 3310 28),
1254 3254 1351 3294 nec
1377 3254 1586 3304 sexum,
1610 3252 1709 3292 nec
1732 3237 1972 3307 corporis

388 3335 802 3391 imbecillitatem
825 3374 840 3398 ,
880 3347 1052 3401 neque
1086 3340 1298 3385 aetatem
1322 3371 1337 3397 ,
1385 3345 1483 3384 nec
1511 3328 1654 3383 aliud
1684 3328 1970 3398 quidquam

388 3423 648 3495 ejusmodi
687 3421 895 3491 pietatis
923 3435 1139 3475 cursum
1178 3418 1579 3474 conficientibus
1619 3418 1970 3487 impedimen-

389 3528 499 3572 tum
526 3515 716 3570 atl'erre
747 3526 919 3583 posse,
946 3512 1106 3566 modo
1132 3526 1389 3582 generosa
1416 3510 1683 3577 alacritas,
1713 3520 1766 3564 et
1790 3523 1971 3580 prom-

389 3623 512 3685 ptus
536 3612 744 3667 animus
763 3652 778 3677 ,
809 3618 863 3665 et
892 3609 984 3663 Dei
1013 3609 1171 3663 timor
1198 3606 1392 3662 ardens
1419 3614 1577 3683 atque
1615 3604 1972 3660 inﬂammatus

390 3707 443 3761 in
473 3704 724 3761 cordibus
749 3702 946 3758 nostris
971 3700 1177 3755 radices
1196 3700 1382 3771 egerit.
1413 3697 1615 3753 Idcirco
1638 3706 1691 3752 et
1717 3698 1968 3768 virgines,

387 3807 443 3854 et
471 3797 679 3868 puellae.
704 3804 760 3851 et
781 3794 913 3860 viri,
939 3800 995 3850 et
1013 3793 1257 3863 juvenes,
1276 3799 1330 3846 et
1357 3805 1534 3857 senes,
1561 3798 1615 3844 et
1641 3789 1800 3854 servi,
1822 3798 1874 3845 et
1903 3789 1971 3843 li-

387 3891 521 3959 beri,
550 3899 603 3944 et
627 3888 800 3943 omnis
825 3885 977 3950 ordo,
1002 3894 1160 3955 atque
1185 3893 1314 3939 mtas
1342 3882 1534 3950 omnis,
1563 3890 1620 3938 et
1643 3896 1802 3936 sexus
1828 3891 1971 3937 uter-

388 3996 490 4050 que
527 3980 594 4034 ad
621 3979 734 4033 haec
760 3976 1051 4032 certamina
1078 3976 1459 4046 accinguntur;
1502 3989 1599 4029 nec
1630 3973 1723 4028 ulli
1753 3973 1972 4028 omnino

388 4089 483 4129 sua
515 4071 836 4127 frustrantur
864 4084 960 4141 spe
984 4110 998 4135 ,
1026 4069 1118 4141 qui
1147 4058 1419 4123 strenuum
1445 4067 1608 4122 animi
1638 4066 1968 4139 propositum

387 4162 452 4217 ad
480 4163 576 4217 bas
605 4176 804 4232 pugnas
831 4160 1124 4216 attulerint.
1154 4160 1387 4230 Tempus
1413 4158 1575 4229 igitur
1596 4157 1707 4228 jam
1736 4157 1802 4212 ad
1831 4172 1971 4229 prm-

391 4255 535 4311 clara
564 4253 784 4323 hujusce
810 4254 911 4308 viri
940 4252 1174 4307 facinora
1201 4250 1519 4306 declaranda
1548 4264 1645 4305 nos
1672 4258 1843 4315 vocat,
1877 4250 1973 4305 sed

390 4351 688 4405 deterretur
715 4347 923 4401 animus
951 4360 1016 4399 ac
1040 4344 1397 4414 perturbatur,
1426 4342 1550 4397 dum
1577 4342 1630 4397 in
1662 4350 1825 4407 tanta,
1853 4357 1972 4412 quae

392 4456 491 4496 nos
522 4440 755 4510 undique
782 4435 1137 4502 circumfluit,
1169 4435 1383 4489 laudum
1408 4435 1560 4504 cepia
1600 4434 1809 4489 haesitat
1846 4434 1972 4504 quid

388 4532 617 4601 primum
637 4571 652 4595 ,
682 4528 806 4600 quid
832 4525 1121 4583 secundum
1142 4566 1156 4589 ,
1188 4525 1312 4596 quid
1339 4525 1551 4580 tertium
1578 4525 1759 4581 dicere
1784 4540 1972 4595 aggre-

388 4625 584 4680 diatur.
615 4624 787 4692 Atque
810 4619 950 4675 idem
977 4618 1132 4673 nobis
1156 4617 1353 4685 evenit,
1378 4626 1436 4672 ut
1463 4617 1509 4672 si
1536 4616 1654 4686 quis
1683 4616 1734 4670 in
1767 4625 1972 4687 pratum

389 4712 695 4786 lngressusi,
726 4719 782 4766 et
807 4710 999 4765 multas
1027 4723 1193 4776 rosas,
1228 4708 1395 4763 violas
1421 4709 1636 4774 multas,
1667 4721 1730 4762 ac
1758 4707 1885 4772 lilia,
1919 4714 1974 4762 et

391 4806 523 4862 alios
550 4818 741 4859 vernos
769 4802 929 4857 flores
953 4802 1126 4858 varios
1155 4816 1217 4857 ac
1242 4800 1486 4856 diversos
1513 4800 1734 4854 intuitus
1751 4841 1764 4865 ,
1799 4798 1974 4853 ambi-

384 4906 475 4968 gat
493 4910 650 4967 quem
683 4894 854 4965 primo
880 4894 1017 4958 loco,
1041 4908 1198 4964 quem
1220 4891 1455 4948 secundo
1474 4891 1822 4962 perspexerit,
1844 4890 1970 4946 dum

388 4988 582 5061 singuli
612 4985 773 5044 ﬂores
798 4986 984 5043 oculos
1006 4985 1074 5041 ad
1102 5000 1161 5041 se
1186 4985 1416 5056 rapiunt.
1452 4984 1651 5040 Eodem
1688 4984 1848 5039 modo
1874 4999 1971 5038 nos

385 5082 515 5137 item
539 5079 823 5147 alllcimur,
846 5077 972 5134 dum
998 5078 1100 5133 hoc
1119 5077 1397 5148 spirituale
1418 5084 1623 5147 pratum
1655 5075 1837 5147 lgnatii
1866 5075 1974 5128 vir-

386 5180 555 5226 tutum
584 5169 830 5242 ingressi,
860 5178 914 5225 et
941 5183 1048 5224 non
1077 5182 1271 5224 vernos
1299 5166 1479 5234 flores,
1507 5165 1602 5222 sed
1633 5167 1776 5237 ipsos
1799 5166 1972 5235 Spiri-

390 5271 474 5317 tus
501 5260 704 5317 fructus
725 5262 903 5316 varios
930 5274 994 5315 ac
1016 5259 1263 5315 diversos
1292 5259 1343 5314 in
1370 5259 1483 5329 ejus
1520 5261 1695 5314 anima
1725 5267 1969 5314 contem-

390 5354 597 5424 plantes
615 5369 1033 5421 commovemur,
1053 5367 1116 5409 ac
1140 5352 1440 5409 dubitamus
1467 5352 1606 5408 unde
1635 5353 1968 5423 potissimum

385 5446 748 5511 exordiantur,
779 5446 907 5501 dum
935 5445 1139 5517 singula
1167 5460 1286 5517 quae
1310 5445 1684 5516 conspeximus
1706 5488 1720 5514 ,
1757 5446 1823 5501 ab
1852 5445 1969 5501 aliis

391 5551 488 5592 nos
514 5546 757 5605 avocant,
782 5546 836 5594 et
860 5536 926 5592 ad
953 5537 1224 5608 proprium
1249 5536 1459 5593 decoris
1484 5536 1822 5606 splendorem
1849 5552 1970 5593 ocu-

455 5688 473 5717 '
507 5685 680 5748 collata
702 5699 811 5734 cum
835 5687 1022 5737 duobus
1042 5688 1293 5748 codicibus
1312 5687 1473 5748 Regiis
1500 5687 1619 5737 1832
1636 5695 1688 5737 et
1708 5688 1852 5738 2343.
1932 5688 1935 5691 ’

452 5747 534 5814 (α).
556 5745 763 5795 Titulum
797 5750 867 5795 sie
887 5748 1084 5814 habent_
1109 5747 1249 5796 Savil.
1276 5745 1477 5814 _et_unus
1504 5749 1662 5801 Codex
1689 5751 1896 5814 Regius;
1923 5752 1970 5803 iu

384 5805 552 5859 Morel.
578 5820 698 5857 vero
720 5816 964 5871 postrema
988 5810 1136 5859 verba
1161 5821 1257 5858 non
1276 5808 1535 5859 habentur.

2076 1130 2158 1187 los
2184 1132 2347 1187 animi
2375 1143 2428 1189 et
2456 1137 2651 1192 mentis
2673 1134 2842 1194 aciem
2862 1139 3219 1197 invitant.\'os
3240 1144 3378 1198 enim
3412 1146 3511 1215 ipsi
3541 1163 3686 1201 con-

2078 1222 2310 1280 siderate
2337 1245 2350 1281 :
2380 1226 2674 1283 Ecclesiam
2709 1239 2948 1286 nostram
2977 1233 3063 1288 hic
3090 1235 3224 1289 rexit
3251 1243 3354 1289 tam
3386 1253 3683 1307 generose,

2077 1324 2131 1369 et
2158 1325 2299 1371 tanta
2342 1334 2464 1373 eum
2494 1321 2763 1391 diligentia
2791 1366 2805 1389 ,
2847 1324 3385 1394 quantam»Cliristus
3424 1330 3682 1399 requirit.

2074 1406 2241 1473 Quam
2272 1411 2414 1464 enim
2439 1411 2525 1467 ille
2555 1414 2838 1469 maximam
2864 1432 3107 1471 normam
3134 1428 3186 1473 et
3206 1419 3442 1489 regulam
3471 1423 3687 1490 episco-

2076 1500 2157 1569 pis
2196 1503 2410 1567 statuit,
2440 1519 2556 1558 eam
2596 1505 2681 1560 hic
2722 1506 2873 1561 factis
2904 1508 3031 1578 ipsis
3057 1510 3337 1578 expressit.
3382 1512 3514 1566 Nam
3552 1529 3683 1568 cum

2074 1591 2341 1646 Christum
2374 1594 2664 1650 audivisset
2691 1597 2954 1653 dicentem
2989 1618 3002 1653 :
3036 1599 3208 1655 Bonus
3247 1613 3421 1672 pastor
3446 1606 3686 1657 animam

2074 1698 2218 1736 suam
2247 1685 2386 1755 ponit
2413 1703 2505 1756 pro
2531 1688 2700 1741 ovibus
2729 1687 2914 1760 (Joan.
2939 1690 3026 1746 10.
3058 1693 3170 1761 Η),
3194 1694 3338 1747 omni
3366 1695 3686 1751 fortitudine

2074 1785 2192 1825 eam
2221 1788 2317 1842 pro
2344 1775 2532 1830 ovibus
2560 1776 2815 1845 profudit.

2145 1860 2377 1931 Ignatius
2405 1881 2518 1919 cum
2544 1866 2798 1936 Apostolir
2819 1879 3063 1924 versatus.
3096 1869 3296 1927 Laude:
3315 1872 3679 1946 Episwpatus.

2078 1954 2176 2018 Qui
2199 1954 2462 2023 indignum
2488 1958 2706 2020 ordinat,
2739 1969 3052 2029 peccatorum
3081 1962 3189 2032 ejus
3216 1963 3272 2032 ﬁt
3296 1964 3572 2034 particeps.
3612 1994 3687 2008 --

2074 2044 2208 2097 Cum
2240 2037 2493 2114 apostolis
2519 2057 2736 2104 strenue
2761 2058 3003 2106 versatus
3029 2063 3112 2106 est
3135 2091 3150 2117 ,
3183 2062 3237 2107 et
3268 2053 3463 2108 fluenta
3495 2054 3679 2110 hausit

2076 2136 2388 2204 Spiritualia.
2420 2138 2640 2205 Qualem
2673 2140 2830 2210 igitur
2853 2156 2975 2196 eum
3004 2156 3123 2197 esse
3152 2159 3244 2211 par
3274 2144 3396 2208 fuit,
3432 2145 3521 2214 qui
3551 2162 3683 2201 cum

2076 2226 2180 2281 illis
2205 2228 2458 2283 educatus
2486 2238 2587 2294 est,
2613 2240 2666 2286 et
2693 2232 2887 2301 ubique
2913 2234 3062 2300 vixit,
3094 2244 3150 2289 et
3173 2235 3433 2303 omnium,
3462 2253 3586 2306 quae
3614 2240 3685 2293 ab

2077 2320 2179 2375 illis
2206 2322 2288 2376 vel
2330 2322 2470 2377 dicta
2510 2324 2593 2378 vel
2633 2340 2738 2379 non
2768 2324 2905 2380 dicta
2948 2336 3110 2394 sunt,
3143 2328 3409 2397 particeps
3452 2327 3594 2393 fuit,
3630 2341 3685 2385 et

2079 2421 2225 2466 tanto
2250 2414 2548 2484 principatu
2565 2414 2754 2484 dignus
2777 2415 2843 2471 ab
2864 2416 2993 2485 ipsis
3013 2428 3096 2473 est
3113 2418 3416 2487 judicatus?
3443 2420 3681 2475 Rursum

2076 2501 2241 2556 adfuit
2269 2512 2498 2572 tempus,
2528 2505 2667 2574 quod
2699 2503 3061 2562 fortitudinem
3088 2509 3335 2579 exigebat
3358 2519 3413 2565 et
3437 2512 3682 2565 animum

2078 2594 2255 2648 omnia
2299 2596 2580 2665 praesentia
2611 2595 2991 2666 despicientem
3018 2638 3033 2665 ,
3066 2599 3260 2669 quique
3290 2616 3472 2657 amore
3496 2602 3685 2658 divino

2076 2684 2343 2751 ferveret,
2387 2694 2442 2742 et
2485 2687 2770 2743 invisibilia
2798 2688 3093 2745 visibilihus
3117 2690 3411 2747 anteferret
3438 2710 3451 2746 :
3485 2701 3541 2748 et
3570 2702 3683 2747 tam

2076 2777 2229 2833 facile
2277 2795 2492 2835 carnem
2541 2780 2826 2852 deposuit,
2874 2798 3032 2853 quam
3076 2784 3251 2854 quivis
3295 2785 3430 2840 alius
3468 2795 3681 2842 vestem

2078 2870 2334 2924 exuisset.
2362 2870 2499 2938 Quid
2533 2871 2693 2942 igitur
2732 2872 2961 2942 primum
3007 2876 3433 2946 persequemur?
3458 2886 3682 2947 aposto-

2079 2958 2254 3014 lorum
2278 2960 2594 3028 doctrinam,
2618 2977 2776 3032 quam
2806 2962 2862 3017 in
2887 2964 3136 3019 omnibus
3160 2965 3424 3032 exhibuit,
3452 2982 3519 3021 an
3550 2983 3687 3037 prae-

2078 3050 2245 3105 sentis
2282 3050 2404 3105 vitm
2447 3052 2858 3121 contemptum?
2885 3067 2954 3107 an
3000 3053 3210 3109 virtutis
3255 3057 3633 3126 praestantiam
3658 3098 3685 3123 ι

2075 3156 2178 3211 qua
2230 3140 2524 3196 Ecclesiam
2573 3141 3016 3198 administravit?
3062 3144 3232 3213 Quem
3283 3145 3628 3202 laudabimus
3656 3149 3683 3201 Υ

2078 3231 2418 3304 martyrem?
2463 3232 2824 3304 episcopum?
2871 3248 2938 3289 an
2993 3236 3342 3305 apostolum?
3383 3237 3679 3308 Triplieem

2076 3324 2220 3380 enim
2250 3339 2499 3379 coronam
2528 3326 2695 3395 gratia
2719 3323 2947 3396 Spiritus
2974 3327 3266 3393 contexuit,
3297 3344 3400 3399 qua
3428 3341 3677 3386 sanctum

2077 3415 2221 3470 illius
2246 3424 2408 3486 caput
2434 3415 2704 3472 redimivit
2723 3458 2739 3480 ,
2772 3418 2878 3472 imo
2905 3433 3033 3473 vero
3061 3419 3429 3489 multiplicem.
3462 3420 3519 3477 Si
3554 3422 3674 3491 quis

2078 3508 2221 3563 enim
2243 3507 2528 3578 diligenter
2550 3522 2775 3564 coronas
2803 3510 3039 3580 singulas
3062 3511 3364 3567 consideret
3387 3549 3409 3582 ,
3438 3512 3678 3570 inveniet

2077 3609 2135 3656 et
2163 3602 2293 3656 alias
2319 3601 2474 3656 nobis
2501 3602 2886 3671 germinantes.

2147 3692 2202 3747 Ξ.
2237 3696 2313 3747 Ac
2334 3693 2615 3763 principio,
2641 3693 2685 3748 si
2712 3694 2864 3751 vobis
2890 3695 3080 3766 placet,
3099 3696 3166 3752 ab
3182 3696 3521 3769 episcopatus
3544 3698 3663 3754 laui-

2077 3784 2234 3839 dibus
2281 3784 2619 3854 incipiamus.
2648 3785 2938 3843 Videturne
2966 3787 3118 3843 vobis
3149 3787 3264 3843 ha-c
3303 3790 3533 3859 simplex
3577 3806 3674 3846 co-

2078 3875 2249 3930 rona?
2276 3876 2387 3945 Age
2416 3874 2576 3945 igitur
2597 3876 2997 3933 consideremus
3017 3921 3032 3946 ,
3062 3888 3116 3934 et
3143 3879 3276 3934 duas
3300 3922 3312 3944 ,
3338 3889 3393 3935 et
3420 3891 3529 3935 tres
3550 3922 3565 3944 ,
3596 3888 3674 3934 ato

2076 3982 2181 4039 que
2206 3968 2339 4023 adeo
2366 3968 2546 4039 plures
2589 3968 2712 4024 inde
2742 3970 2898 4025 nobis
2937 3981 3116 4041 partas
3156 3973 3522 4042 conspicietis.
3567 3973 3671 4028 Ne-

2077 4074 2181 4122 que
2222 4060 2365 4114 enim
2396 4074 2494 4131 ego
2519 4061 2689 4116 virum
2731 4061 2873 4117 hunc
2916 4064 3318 4130 tantummodo,
3349 4065 3493 4135 quod
3524 4074 3673 4120 tanto

2080 4148 2300 4204 honoris
2332 4151 2497 4221 gradu
2522 4150 2712 4221 dignus
2739 4151 2809 4206 sit
2841 4152 3053 4208 habitus
3074 4193 3089 4218 ,
3113 4153 3368 4220 admiror,
3399 4155 3499 4210 sed
3527 4157 3674 4227 quod

2078 4254 2109 4294 a
2138 4240 2337 4295 sanctis
2366 4241 2469 4295 illis
2503 4240 2816 4311 dignitatem
2846 4243 3137 4298 obtinuerit
3161 4284 3175 4310 ,
3209 4244 3459 4315 quodque
3483 4250 3670 4303 beato-

2079 4349 2197 4390 rum
2226 4334 2586 4403 apostolorum
2615 4349 2806 4390 manus
2844 4350 3054 4390 sacrum
3098 4336 3227 4391 illud
3269 4347 3429 4408 caput
3478 4341 3671 4411 attige-

2079 4426 2204 4479 rint.
2237 4424 2345 4483 Nec
2381 4423 2645 4479 modicum
2685 4424 2736 4479 id
2762 4425 2828 4480 ad
2868 4425 2983 4496 ejus
3027 4426 3238 4483 laudem
3283 4429 3494 4485 confert
3525 4446 3540 4485 :
3567 4447 3668 4486 non

2081 4516 2253 4569 solum
2283 4514 2425 4584 quod
2451 4514 2708 4586 majorem
2737 4531 2769 4571 e
2801 4517 2933 4571 ca:lo
2955 4519 3178 4588 gratiam
3208 4520 3277 4574 sit
3310 4532 3666 4592 assequutns.

2080 4619 2169 4661 aut
2194 4606 2337 4678 quod
2367 4606 2419 4661 in
2450 4608 2620 4677 ipsum
2652 4608 2728 4663 illi
2759 4609 3017 4681 majorem
3044 4611 3150 4666 vim
3181 4611 3411 4681 Spiritus
3438 4614 3665 4670 induxe-

2079 4698 2205 4762 rint,
2234 4699 2328 4753 sed
2354 4700 2493 4770 quod
2519 4716 2705 4757 omnes
2729 4742 2742 4767 ,
2775 4718 2893 4773 qua:
2929 4703 2983 4758 in
3010 4703 3315 4760 hominibus
3339 4717 3467 4762 sunt
3487 4749 3502 4771 ,
3528 4709 3580 4763 in
3606 4724 3671 4764 eo

2081 4793 2300 4847 virtutes
2329 4808 2449 4848 esse
2478 4794 2654 4850 testati
2690 4795 2815 4851 sint.
2848 4795 2961 4851 Hoc
2999 4806 3177 4853 autem
3222 4799 3348 4869 quid
3379 4800 3483 4854 sibi
3510 4801 3667 4866 velit,

2082 4896 2310 4951 expono.
2343 4882 2539 4938 Paulus
2568 4884 2634 4939 ad
2657 4885 2831 4940 Titum
2859 4886 3100 4942 scribens
3126 4904 3138 4941 :
3167 4904 3289 4943 cum
3318 4900 3500 4945 autem
3531 4892 3669 4945 Pau-

2082 4972 2188 5028 lum
2211 4974 2350 5043 dico,
2377 4990 2481 5030 non
2510 4975 2651 5032 hunc
2678 4977 2847 5033 solum
2870 4979 3131 5050 intelligo,
3154 4979 3249 5036 sed
3269 4990 3323 5035 et
3351 4981 3593 5050 Petrum,
3617 4990 3669 5037 et

2079 5065 2335 5122 Iacobum
2355 5105 2373 5133 ,
2408 5076 2461 5123 et
2488 5068 2744 5125 Joannem
2766 5111 2781 5137 ,
2809 5079 2972 5140 atque
3010 5086 3224 5127 omnem
3274 5072 3509 5142 ipsorum
3537 5075 3667 5129 eho-

2082 5174 2222 5211 rum.
2255 5159 2711 5227 Quemadmodum
2739 5162 2881 5217 enim
2911 5162 2963 5216 in
2994 5162 3104 5234 lyra
3140 5178 3260 5219 cum
3303 5163 3533 5220 diversa:
3564 5165 3666 5220 sint

2080 5250 2331 5317 chordm,
2374 5267 2512 5307 unus
2556 5262 2731 5308 tamen
2781 5262 3071 5309 concentus
3124 5263 3242 5309 est:
3272 5256 3350 5309 sic
3402 5256 3566 5312 ctiam
3616 5257 3664 5310 in

2080 5343 2441 5411 apostolorum
2471 5343 2674 5409 choro,
2706 5345 2949 5415 quamvis
2973 5344 3081 5399 sint
3119 5344 3346 5401 diversa:
3386 5362 3628 5416 persona:
3648 5388 3662 5410 .

2082 5451 2184 5489 una
2224 5444 2400 5490 tamen
2449 5436 2688 5491 doctrina
2732 5445 2843 5504 est,
2874 5437 2996 5508 quia
3035 5446 3091 5493 et
3131 5453 3268 5495 unus
3318 5440 3511 5494 artifex
3555 5448 3664 5494 erat

2078 5526 2309 5597 Spiritus
2337 5536 2569 5593 sanctus,
2602 5528 2690 5600 qui
2724 5529 2956 5598 ipsorum
2983 5530 3191 5584 animos
3219 5531 3489 5595 movebat,
3510 5532 3662 5601 idque

2079 5618 2277 5674 Paulus
2320 5619 2642 5683 ostendens,
2671 5618 2790 5673 Sive
2818 5620 2994 5689 igitur,
3027 5620 3228 5689 inquit,
3269 5620 3368 5683 illi,
3411 5621 3516 5675 sive
3537 5638 3657 5692 ego,

2076 5713 2149 5766 sic
2180 5712 2511 5783 prardicamus
2541 5713 2615 5780 (1..
2646 5710 2764 5765 Cor.
2792 5712 2879 5766 15.
2906 5711 3018 5779 ll).
3050 5711 3145 5766 llic
3173 5727 3300 5782 ergo
3330 5713 3570 5767 scribens
3595 5711 3656 5765 ad

2079 5803 2294 5871 Titum,
2342 5814 2394 5861 et
2443 5804 2639 5862 ducens
2686 5804 2857 5876 qualis
2907 5805 3187 5876 cpiscopus
3244 5820 3365 5861 esse
3422 5804 3611 5861 debeat
3640 5842 3655 5871 ,
