3844 6280
104 447 442 464 _——————

1283 288 1352 346 IN
1389 287 1444 344 S.
1486 278 1818 347 [GNATIUM
1855 287 2264 348 MABTYREM.

3373 297 3474 353 588

1851 457 2264 469 —-—-~——.—

1500 585 2087 674 ΕΓΚΩΜΙΟΝ

0 741 109 808 Εἰς
181 741 288 797 τόν
315 740 489 810 ἄτιον
519 739 909 812 ίερομάρτυρα
957 743 1242 815 ἰγνάτιον
1267 745 1374 800 τὸν
1406 747 1698 816 θεοφόρον
1725 746 2212 816 ἀρχιεπίσκοπον
2242 751 2558 820 γενόμενον
2636 751 2987 821 Ἀντιοχείας
3047 753 3159 822 τῆς
3199 755 3467 824 μεγάλης

169 835 258 899 εις
311 831 545 903 Ῥώμην
578 833 1006 904 ἀπενεχθέντα,
1055 837 1152 892 καί
1178 838 1385 894 αὐτόθι
1407 837 1899 908 μαρτυρήσαντα,
1935 840 2211 894 κάκεῖθεν
2237 837 2412 908 αὖθις
2449 845 2534 908 εἰς
2578 843 2934 913 Ἀντιόχειαν
2955 844 3336 915 κομισθέντα.

80 1071 168 1121 ι’.
189 1067 252 1120 Οἰ
270 1065 581 1132 πολυτελεῖς
595 1067 690 1122 καί
707 1067 978 1140 φιλότιμοι
999 1067 1110 1122 τῶν
1138 1068 1466 1135 ἑστιατόρων
1489 1065 1702 1129 πυκνάς

0 1154 112 1209 καὶ
157 1154 495 1226 ἐπαλλήλους
525 1155 803 1210 ποιοῦνται
836 1157 937 1220 τὰς
973 1155 1267 1220 ἑστιάσεις,
1299 1153 1437 1228 όμοῦ
1471 1155 1570 1226 μὲν
1598 1153 1699 1224 τὴν

0 1242 239 1296 οἰκείαν
273 1242 594 1313 περιουσίαν
643 1243 1114 1316 ἐπιδεικνύμενοι,
1166 1243 1301 1315 όμοῦ
1345 1243 1402 1296 δὲ
1432 1242 1533 1312 τὴν
1572 1240 1702 1313 περὶ

2 1330 148 1393 τοὺς
182 1328 521 1400 ἐπιτηδείους
557 1330 958 1404 φιλοφροσύνην
993 1331 1372 1402 ἐμφαίνοντες.
1417 1327 1574 1382 υῦτω
1606 1328 1703 1382 καὶ

5 1419 42 1487 ἡ
76 1413 191 1470 τοῦ
222 1415 538 1490 Πνεύματος
563 1419 724 1490 χάρις
755 1419 852 1490 τῆς
883 1417 1090 1482 οἰκείας
1116 1417 1401 1488 δυνάμεως
1441 1417 1539 1489 τὴν
1568 1414 1704 1470 ἀπό-

6 1502 197 1568 δειξιν
226 1503 358 1574 ἡμῖν
401 1505 774 1579 παρεχομένη,
806 1507 903 1560 καὶ
933 1505 1133 1576 πολλὴν
1164 1505 1262 1576 τὴν
1300 1503 1703 1577 φιλοφροσύνην

8 1591 160 1664 περὶ
188 1593 318 1657 τοὺς
343 1592 439 1646 τοῦ
466 1593 601 1648 Θεοῦ
627 1593 815 1663 φίλους
844 1592 1284 1664 ἐπιδεικνυμένη,
1305 1593 1545 1662 συνεχεῖς
1573 1592 1703 1662 ήμῖν

11 1679 118 1736 καὶ.
158 1680 504 1752 ἐπαλλήλους
531 1680 633 1744 τάς
683 1679 790 1734 τῶν
827 1679 1127 1752 μαρτύρων
1155 1678 1520 1751 παρατίθεται
1575 1695 1706 1748 τρα-

12 1768 230 1832 πέζας.
268 1768 468 1839 Πρῴην
496 1768 628 1838 γοῦν
654 1769 802 1839 ἡμᾶς
833 1769 972 1839 κόρη
1007 1768 1201 1839 κομιδῇ
1237 1767 1333 1822 νέα
1355 1767 1450 1821 καὶ
1481 1765 1707 1837 ἀπειρό-

13 1873 234 1926 γαμος,
271 1858 305 1928 ή
361 1856 612 1926 μακαρία
653 1855 862 1928 μάρτυς
891 1856 1156 1924 Πελαγία,
1203 1855 1343 1926 μετὰ
1371 1855 1574 1926 πολλῆς
1606 1855 1707 1926 τῆς

14 1943 380 2014 εὐφροσύνης
405 1943 642 1997 εἱστίασε
663 1958 677 1973 ο
699 1945 942 2015 σήμερον
964 1943 1124 1998 πάλιν
1148 1943 1248 2014 τὴν
1265 1942 1483 2014 ἐκείνης
1513 1941 1707 2013 ἐορτὴν

15 2032 47 2084 6
79 2031 364 2103 μακάριος
397 2024 548 2096 οὗτος
590 2032 684 2086 καὶ
709 2033 955 2100 γενναῖος
999 2031 1210 2102 μάρτυς
1252 2031 1508 2098 Ἰγνάτιος
1543 2028 1708 2082 διεδέ-

21 2118 185 2184 ξατο.
244 2120 490 2192 Διάφορα
548 2119 617 2172 τά
649 2119 937 2189 πρόσωπα,
991 2117 1126 2171 ἀλλά
1176 2118 1275 2188 μία
1320 2119 1352 2189 ή
1403 2115 1656 2188 τράπεζα
1691 2134 1704 2148 ·

20 2206 421 2278 ἐνηλλαγμένα
468 2205 539 2259 τά
593 2205 970 2276 παλαίσματα,
1017 2204 1133 2258 ἀλλ’
1185 2200 1264 2266 εἷς
1317 2205 1346 2256 6
1396 2204 1656 2272 στέφανος
1691 2221 1704 2235 ο

22 2293 266 2347 ποικίλα
309 2293 377 2346 τὰ
421 2293 802 2364 ἀγωνίσματα,
837 2292 974 2347 ἀλλά
1000 2293 1068 2346 τὸ
1104 2291 1236 2345 αὐτὸ
1277 2291 1547 2363 βραϐεῖον.
1588 2291 1711 2345 Ἐπὶ

28 2381 136 2450 μὲν
168 2381 284 2448 γάρ
314 2379 420 2433 τῶν
450 2379 650 2444 ἔξωθεν
678 2378 926 2449 ἀγώνων,
961 2379 1149 2449 ἐπειδὴ
1181 2379 1449 2448 σωμάτων
1491 2379 1628 2432 εἰσὶν
1661 2381 1710 2432 οί

21 2468 213 2526 πόνοι,
258 2467 484 2530 εἰκότως
525 2466 717 2540 ἀνδρες
750 2466 1098 2538 ἐγκρίνονται
1133 2465 1315 2536 μόνοι·
1349 2463 1583 2518 ἐνταῦθα
1632 2465 1710 2531 δέ,

22 2553 234 2624 ἐπειδὴ
260 2554 359 2624 τῆς
379 2553 557 2623 ψυχῆς
579 2553 608 2605 6
633 2552 784 2622 ἀγὼν
813 2553 959 2617 ἀπας
985 2553 1156 2618 ἐστὶν,
1189 2551 1428 2624 ἑκατέρᾳ
1451 2555 1518 2623 τῇ
1551 2551 1714 2622 φύσει

21 2649 89 2704 τὸ
123 2647 348 2702 στάδιον
375 2649 634 2718 ἀνέῳγεν,
658 2647 906 2719 ἐκατέρῳ
933 2646 1010 2718 τῷ
1037 2647 1185 2715 γένει
1206 2646 1268 2700 τὸ
1292 2646 1518 2718 θέατρον
1531 2645 1716 2718 ρκάθη-

22 2755 146 2793 ται.
181 2735 302 2789 Kal
329 2735 452 2788 οὔτε
484 2736 675 2806 ἄνδρες
702 2734 1042 2789 ἀπεδύσαντο
1078 2735 1257 2805 μόνον,
1322 2733 1408 2787 ἵνα
1457 2734 1532 2805 μὴ
1579 2733 1716 2805 πρὸς

24 2827 135 2897 τὴν
179 2825 286 2895 τῆς
323 2825 535 2894 φύσεως
569 2824 855 2878 ἀσθένειαν
900 2825 956 2878 αί
980 2821 1716 2892 γυναῖκεςκαταφεύγουσαι

27 2915 274 2979 δόξωσιν
337 2913 481 2983 ἔχειν
529 2913 889 2986 εὐπρόσωπον
943 2910 1274 2979 ἀπολογίαν·
1304 2909 1428 2963 οὔτε
1459 2911 1717 2978 γυναῖκες

29 3001 372 3073 ⁴ήνδρίσαντο
406 3001 585 3071 μόναι,
620 3001 708 3053 ἵνα
738 3001 814 3071 μὴ
837 2999 896 3053 τὸ
917 2999 1024 3052 τῶν
1054 2998 1264 3070 ἀνδρῶν
1287 2996 1717 3068 καταισχύνηται

29 3091 205 3158 γένος
229 3105 243 3119 ·
279 3077 415 3141 ἀλλά
439 3088 530 3140 καὶ
561 3086 814 3143 ἐντεῦθεν
841 3086 1092 3140 κάκεῖθεν
1117 3085 1302 3139 πολλοί
1333 3088 1380 3139 οί
1407 3087 1714 3156 ἀνακηρυτ-

31 3179 270 3248 τόμενοι
333 3175 429 3228 καὶ
491 3174 952 3244 στεφανούμενοι,
1021 3174 1106 3227 ἵνα
1179 3171 1354 3244 μάθῃς
1403 3171 1580 3245 [593]
1629 3171 1720 3226 διὰ

33 3265 151 3318 τῶν
192 3263 374 3332 ἔργων
403 3261 580 3316 αὐτῶν
606 3263 688 3315 ὄτι
741 3265 797 3315 ἐν
839 3260 1061 3332 Χριστῷ
1107 3259 1283 3330 Ἰησοῦ
1311 3261 1410 3314 οὐκ
1444 3260 1632 3331 ἄρσεν,
1657 3262 1718 3314 ού

35 3350 212 3420 θῆλυ,
243 3351 326 3404 ὅτι
370 3347 494 3402 οὔτε
543 3349 738 3417 φύσις,
779 3347 904 3401 οὔτε
950 3347 1203 3418 σώματος
1246 3347 1532 3413 ἀσθένεια,
1596 3347 1720 3401 οὕτε

32 3439 260 3509 ἡλικία,
289 3436 412 3491 οὔτε
445 3437 572 3490 ἀλλο
605 3438 755 3491 οὐδὲν
783 3437 892 3490 τῶν
911 3436 1168 3490 τοιούτων
1197 3436 1487 3508 ἐμποδίσαι
1518 3435 1720 3491 δύναιτ’

36 3529 104 3580 ἂν
146 3528 270 3590 τοῖς
296 3525 385 3578 τὸν
424 3525 526 3594 τῆς
574 3525 856 3586 εὐσεϐείας
895 3525 1147 3595 τρέχουτι
1183 3523 1406 3595 δρόμον,
1451 3524 1545 3576 ἐάν
1583 3543 1721 3596 προ-

37 3610 224 3682 θυμία
251 3608 497 3678 γενναία,
545 3609 640 3662 καὶ
666 3608 920 3679 φρόνημα
960 3607 1407 3678 διεγηγερμένον,
1440 3609 1534 3661 καί
1557 3610 1722 3676 φόϐος

39 3697 186 3750 Θεοῦ
224 3696 426 3769 θερμὸς
471 3695 564 3750 καί⁵
610 3695 874 3768 διάπυρος
911 3696 1280 3768 ἐῤῥιζωμένος
1329 3696 1486 3766 ὴμῶν
1515 3697 1574 3748 ἐν
1604 3699 1725 3760 ταῖς

39 3786 258 3856 ψυχαῖς
373 3783 471 3838 Διά
509 3781 666 3837 τοῦτο
697 3785 792 3836 καὶ
821 3783 1003 3854 κόραι,
1037 3785 1132 3836 καὶ
1163 3786 1443 3852 γυναῖκες,
1487 3787 1579 3837 καὶ
1631 3783 1726 3838 άν-

40 3873 200 3943 δρες,
237 3873 332 3924 καὶ
355 3871 485 3933 νέοι,
522 3872 617 3924 καὶ
653 3871 926 3942 γέροντες,
961 3871 1055 3923 καί
1086 3870 1282 3936 δοῦλοι,
1310 3873 1402 3924 καὶ
1429 3871 1723 3943 ἐλεύθεροι,

43 3963 146 4016 καί
185 3961 341 4014 πάσα
368 3959 515 4026 ἀξία,
567 3961 661 4014 καὶ
691 3959 876 4030 ἡλικία
909 3958 1119 4022 ἀπασα,
1159 3961 1255 4013 καὶ
1285 3959 1447 4026 φύσις
1487 3960 1726 4030 ἑκατέρα

43 4049 195 4116 πρὸς
214 4047 344 4112 τοὺς
366 4046 583 4114 ἀγῶνας
600 4046 937 4100 ἀπεδύσαντο
959 4045 1198 4110 τούτους,
1212 4047 1305 4099 καί
1325 4047 1622 4116 οὐδαμόθεν
1645 4049 1730 4100 ού-

43 4137 138 4190 δέν
154 4134 608 4206 παρεϐλάϐησαν,
637 4134 756 4187 ἐπεὶ
785 4133 1104 4204 προαίρεσιν
1127 4134 1380 4202 γενναίαν
1404 4135 1728 4205 εἰσήνεγκαν

49 4229 134 4290 εἰς
169 4230 245 4279 τά
264 4225 624 4295 παλαίσματα
651 4224 846 4280 ταῦτα.
890 4226 946 4278 '0
975 4224 1074 4294 μὲν
1102 4219 1194 4278 οὖν
1224 4225 1416 4296 καιρὸς
1450 4227 1482 4295 ή
1493 4227 1599 4295 μᾶς
1628 4225 1727 4297 ήδη

51 4313 200 4385 πρὸς
227 4313 328 4384 τὴν
355 4313 606 4382 διήγησιν
634 4312 742 4365 τῶν
789 4311 884 4366 τοῦ
921 4311 1191 4383 μακαρίου
1234 4311 1425 4364 τούτου
1458 4313 1732 4383 κατορθω-

55 4403 254 4472 μάτων
277 4401 462 4454 καλεῖ·
488 4403 516 4453 6
547 4400 806 4470 λογισμὸς
833 4400 890 4452 δὲ
915 4399 1242 4470 ταράττεται
1276 4401 1371 4453 καὶ
1395 4399 1728 4471 θορυϐεῖται.

50 4489 159 4540 οὐκ
210 4488 353 4558 ἔχων
391 4488 444 4540 τί
475 4487 712 4559 πρῶτον,
765 4487 816 4539 τί
862 4485 1115 4557 δεύτερον
1158 4487 1354 4548 εἰπεῖν,
1407 4487 1460 4539 τί
1507 4485 1728 4557 τρίτον’

51 4574 318 4628 τοσοῦτον
347 4576 600 4646 περιρρεῖ
642 4574 906 4628 πάντοθεν
957 4575 1104 4644 ἡμᾶς
1151 4573 1448 4644 ἐγκωμίων
1502 4573 1726 4644 πλῆθος.

54 4664 173 4715 Kal
228 4661 428 4715 ταύτὸν
480 4663 801 4731 πάσχομεν,
859 4655 971 4714 οἷον
1023 4660 1088 4714 ἂν
1142 4659 1196 4713 εί
1237 4678 1324 4724 τις
1369 4661 1451 4724 είς
1493 4660 1735 4732 λειμῶνα

54 4749 347 4812 εἰσελθὼν,
373 4751 464 4803 καί
491 4749 691 4821 πολλὴν
724 4749 824 4820 μὲν
855 4749 954 4818 τὴν
981 4747 1244 4820 ῥοδωνιὰν
1262 4748 1404 4813 ἰδὼν,
1427 4748 1562 4802 πολὺ
1597 4749 1654 4801 δὲ
1675 4748 1735 4802 τὸ

58 4839 167 4906 ίον,
217 4839 316 4892 καὶ
364 4838 426 4892 τὸ
469 4838 656 4910 κρίνον
683 4838 959 4900 τοσοῦτον,
991 4838 1086 4890 καὶ
1121 4837 1286 4908 ἐτερα
1321 4836 1378 4889 δὲ
1407 4836 1570 4908 ὴρινά
1597 4837 1732 4908 ἀνθη

57 4925 293 4979 ποικίλα
340 4943 399 4979 τε
434 4927 529 4980 καὶ
575 4925 824 4996 διάφορα,
852 4925 1171 4996 ἀπορήσειε,
1205 4924 1257 4976 τί
1288 4925 1506 4995 πρῶτον
1534 4924 1643 4995 ῐδῃ,
1681 4925 1736 4977 τί

58 5013 346 5084 δεύτερον,
383 5015 615 5068 ἑκάστου
635 5014 744 5066 τῶν
777 5013 1068 5085 ὁρωμένων
1101 5012 1238 5084 πρὸς
1271 5012 1430 5065 ἑαυτὸ
1449 5011 1739 5077 καλοῦντος

58 5103 167 5166 τὰς
198 5103 374 5172 ὄψεις.
412 5102 522 5155 Kal
547 5101 656 5171 γάρ
689 5101 783 5154 καί
811 5103 971 5171 ἡμεῖς
999 5102 1079 5165 εἰς
1113 5101 1202 5153 τὸν
1228 5099 1595 5169 πνευματικὸν
1619 5099 1736 5152 τοῦ-

59 5207 162 5242 τον
191 5189 434 5260 λειμῶνα
467 5189 574 5242 τῶν
610 5188 871 5257 Ἰγνατίου
905 5187 1347 5258 κατορθωμάτων
1382 5186 1738 5252 εἰσελθόντες,

59 5279 165 5331 καὶ
223 5279 350 5348 οὐχὶ
400 5276 536 5348 ἄνθη
581 5276 764 5349 ἠρινὰ,
814 5275 930 5329 ἀλλ’
965 5274 1126 5327 αὐτὸν
1157 5274 1250 5327 τοῦ
1293 5273 1609 5345 Πνεύματος
1647 5275 1740 5328 τὸν

59 5364 284 5433 καρπὸν
341 5365 584 5418 ποικίλον
621 5381 681 5416 τε
713 5363 808 5417 καί
836 5363 1090 5433 διάφορον
1131 5363 1188 5416 ἐν
1237 5364 1304 5433 τῇ
1353 5362 1544 5415 τούτου
1593 5363 1738 5435 ψυχῇ

62 5451 340 5522 θεώμενοι
375 5453 773 5525 θορυϐούμεθα,
821 5453 916 5509 καὶ
953 5450 1342 5522 διαποροῦμεν,
1378 5453 1478 5506 οὐκ
1526 5451 1741 5523 ἔχοντες

62 5540 178 5594 ποῦ
209 5540 431 5611 πρῶτον
472 5541 562 5595 τὸν
594 5539 855 5612 λογισμὸν
907 5540 1290 5610 ἀπερεισωμεν
1311 5580 1327 5606 ,
1375 5540 1604 5594 ἑκάστου
1635 5540 1742 5593 τῶν

63 5628 368 5698 ὁρωμένων
395 5629 504 5682 ἀπὸ
531 5627 637 5682 τῶν
685 5626 910 5699 πλησίον
943 5625 1314 5691 ἀνθέλκοντος,
1356 5629 1447 5681 καὶ
1476 5627 1611 5698 πρὸς
1644 5628 1740 5696 τὴν

64 5715 176 5785 τῆς
202 5716 412 5781 οἰκείας
441 5715 772 5787 εὐπρεπείας
812 5714 1046 5786 θεωρίαν
1079 5715 1459 5784 ἐπισπωμένου
1503 5717 1599 5783 τὴν
1629 5716 1724 5782 τῆς

1800 1065 1982 1139 ψυχῆς
2038 1071 2180 1142 ὅφιν.
2240 1073 2500 1127 Σκοπεῖτε
2548 1074 2690 1144 γάρ·
2743 1075 2982 1146 προέστη
3030 1075 3130 1146 τῆς
3177 1073 3308 1146 παρ’
3340 1074 3472 1145 ἡμῖν

1813 1155 2136 1229 Ἐκκλησίας
2152 1158 2433 1228 γενναίως,
2449 1161 2540 1213 καὶ
2563 1161 2699 1230 μετά
2719 1160 2986 1232 τοσαύτης
3011 1159 3321 1232 ἀκριϐείας,
3350 1161 3472 1232 μεθ’

1802 1243 1934 1316 δσης
1965 1245 1994 1298 6
2025 1245 2262 1316 Χριστὸς
2318 1245 2598 1316 βούλεταιο
2632 1247 2691 1300 ὃν
2735 1248 2844 1318 γὰρ
2897 1249 3154 1320 μέγιστον
3200 1250 3326 1319 ὅρον
3379 1249 3474 1303 καὶ

1802 1333 2001 1386 κανόνα
2028 1333 2129 1404 τῆς
2152 1335 2454 1405 ἐπισκοπῆς
2477 1334 2677 1405 ἔφησεν
2697 1331 2836 1388 εἶναι
2868 1337 3094 1400 ἐκεῖνος,
3111 1335 3298 1390 τοῦτον
3319 1329 3474 1400 οὗτος

1803 1417 1892 1470 διά
1919 1417 2029 1471 τῶν
2070 1418 2246 1491 ἐργων
2263 1419 2593 1485 ἐπεδείξατο.
2623 1421 2733 1474 Kal
2759 1421 2866 1492 γὰρ
2896 1421 2988 1474 τοῦ
3019 1421 3254 1492 Χριστοῦ
3289 1421 3475 1490 λέγον-

1802 1521 1894 1569 τος
1922 1505 2179 1569 ἀκούσας,
2208 1507 2290 1560 ὅτι
2311 1507 2367 1559 Ὀ
2388 1507 2614 1576 ποιμὴν
2640 1510 2672 1562 ό
2695 1508 2884 1574 καλός
2911 1507 3028 1577 τὴν
3052 1509 3266 1578 ψυχὴν
3285 1509 3474 1565 αὑτοῦ

1802 1592 2046 1660 τίθησιν
2091 1591 2244 1663 ὑπὲρ
2290 1593 2410 1648 τῶν
2463 1597 2789 1663 προϐάτων,
2835 1594 2971 1666 μετά
3013 1595 3194 1666 πάσης
3224 1596 3477 1669 ἀνδρείας

1805 1679 1976 1752 αὐτὴν
2001 1679 2272 1734 ἐπέδωκεν
2311 1681 2449 1754 ὑπὲρ
2482 1681 2590 1734 τῶν
2623 1683 2930 1753 προϐάτων.

1879 1768 2204 1837 Συνεγένετο
2239 1772 2352 1834 τοῖς
2397 1770 2717 1834 ἀποστόλοις
2749 1771 3008 1839 γνησίως,
3039 1771 3134 1825 καὶ
3171 1771 3278 1826 τῶν
3311 1789 3478 1826 πνευ-

1812 1855 2058 1924 ματικῶν
2111 1856 2367 1926 ναμάτων
2396 1857 2730 1928 ἀπήλαυσεν.
2775 1858 2989 1912 Ὀποῖον
3038 1854 3131 1913 οὖν
3161 1855 3299 1913 εἶναι
3329 1861 3478 1926 εἰκὸς

1807 1942 1900 1995 τὸν
1940 1944 2362 2015 συντραφένται
2401 1945 2648 2010 ἐκείνοις,
2679 1947 2774 2000 καὶ
2819 1947 3096 2019 πανταχοῦ
3143 1951 3477 2021 συγγενόμε-

1809 2051 1920 2100 νον,
1973 2035 2068 2089 καί
2102 2034 2280 2107 ῥητῶν
2320 2035 2413 2089 καὶ
2464 2036 2792 2108 ἀπορρήτων
2819 2038 3005 2100 αὐτοῖς
3032 2042 3476 2110 κοινωνήσαντα,

1810 2124 1905 2176 καὶ
1925 2122 2192 2192 τοσαύτης
2215 2118 2354 2175 εἶναι
2371 2121 2596 2186 δόξαντα
2613 2123 2797 2187 αὐτοῖς
2825 2125 3000 2195 ἀρχῆς
3018 2125 3199 2192 dimov;
3239 2127 3476 2198 Ἑπέστη

1811 2211 1975 2264 πάλιν
1999 2211 2185 2283 καιρὸς
2217 2209 2467 2281 ἀνδρείαν
2507 2211 2779 2281 ἐπιζητῶν
2814 2215 2906 2266 καὶ
2931 2212 3107 2285 ψυχὴν
3132 2214 3241 2268 τῶν
3275 2215 3478 2286 παρόν-

1812 2314 1920 2350 των
1947 2297 2303 2369 ὐπερορῶσαν
2324 2297 2599 2362 ἁπάντων,
2628 2300 2721 2351 καὶ
2757 2299 2837 2368 τῷ
2868 2299 2996 2370 θείῳ
3036 2299 3266 2364 ζέουσαν
3291 2301 3478 2373 ἔρωτι,

1814 2385 1908 2436 καὶ
1950 2383 2020 2437 τὰ
2051 2383 2124 2456 μὴ
2155 2384 2462 2454 βλεπόμενα
2490 2385 2598 2438 τῶν
2635 2385 2926 2458 ὁρωμένων
2957 2379 3313 2457 προτιμῶσαν
3334 2404 3346 2415 ·
3384 2387 3480 2442 καὶ

1817 2471 1955 2541 μετὰ
1978 2469 2244 2540 τοσαύτης
2293 2470 2542 2534 εὐκολίας
2573 2472 2671 2543 τὴν
2704 2473 2882 2543 σάρκα
2907 2473 3157 2537 ἀπέθετο,
3194 2473 3311 2544 μεθ’
3348 2475 3481 2545 ὅσης

1814 2559 1880 2614 ἄν
1908 2575 1992 2621 τις
2020 2557 2238 2628 ἰμάτιον
2288 2559 2638 2613 ἀποδύσαιτο.
2673 2559 2738 2611 Τί
2773 2555 2866 2613 οὖν
2893 2559 3158 2630 πρότερον
3185 2561 3430 2630 εἴπωμεν
3463 2576 3478 2622 ;

1815 2646 1924 2700 τῶν
1976 2646 2287 2700 ἀποστόλων
2337 2646 2434 2718 τὴν
2487 2646 2857 2711 διδασκαλίαν,
2907 2648 2974 2717 ἣν
3031 2645 3347 2710 ἐπεδείξατο
3391 2642 3478 2697 διὰ

1816 2734 2056 2801 πάντων,
2103 2734 2136 2804 ἢ
2179 2735 2278 2805 τῆς
2333 2733 2615 2807 παρούσης
2663 2734 2810 2804 ζωῆς
2840 2735 2937 2805 τὴν
2971 2733 3292 2806 ὑπεροψίαν,
3319 2734 3352 2804 ἢ
3382 2726 3482 2799 τὴν

1817 2825 2100 2896 ἀκρίϐειαν
2129 2824 2230 2894 τῆς
2259 2824 2482 2894 ἀρετῆς,
2519 2822 2638 2891 μεθ’
2659 2817 2728 2894 ἦς
2746 2823 2844 2894 τὴν
2870 2822 3204 2894 προστασίαν
3228 2824 3326 2894 τῆς
3362 2823 3483 2876 Ἐκο

1818 2911 2047 2983 κλησίας
2082 2911 2432 2982 ᾠκονόμησε;
2464 2909 2598 2964 Τίνα
2623 2910 2886 2980 πρότερον
2919 2910 3306 2980 ἀνυμνήσομεν
3333 2927 3346 2975 ;
3389 2911 3482 2964 τὸν

1822 2999 2095 3068 μάρτυρα,
2122 2997 2156 3068 ἢ
2189 2997 2279 3049 τὸν
2308 2995 2623 3060 ἐπίσκοπον,
2662 2996 2694 3065 ἢ
2726 2995 2818 3048 τὸν
2847 2995 3176 3060 ἀπόστολον;
3211 2997 3484 3070 Τριπλρῦν
3571 3065 3574 3068 γ

1817 3087 1927 3158 γάρ
1957 3086 2219 3155 στέφανον
2252 3087 2286 3155 ἡ
2335 3085 2431 3138 τοῦ
2470 3083 2788 3153 Πνεύματος
2838 3083 3082 3147 πλέξασα
3123 3087 3305 3157 χάρις,
3340 3085 3480 3140 οὕτω

1818 3173 1918 3244 τὴν
1964 3173 2125 3241 ἀγίαν
2153 3173 2370 3241 ἐκείνην
2394 3172 2620 3242 ἀνέδησε
2651 3170 2892 3239 κεφαλήν
2913 3187 2926 3201 ο
2958 3172 3159 3240 μᾶλλον
3191 3173 3248 3226 δὲ
3285 3172 3481 3226 πολλα-

1822 3261 2007 3315 πλοῦν.
2033 3262 2154 3316 Τῶν
2187 3259 2295 3332 γάρ
2322 3261 2598 3328 στεφάνων
2625 3259 2876 3322 ἕκαστον,
2909 3258 2963 3312 εί
3001 3277 3084 3324 τις
3115 3260 3312 3324 αὐτοὺς
3349 3260 3488 3331 μετά

1821 3347 2106 3419 ἀκριϐείας
2137 3346 2518 3414 ἀναπτύξειεν,
2550 3345 2774 3418 εὑρήσει
2805 3345 2898 3398 καὶ
2941 3344 3162 3418 ἐτέρους
3191 3347 3322 3418 ἡμῖν
3359 3341 3490 3413 βλα-

1822 3437 2110 3500 στάνοντας
2143 3435 2455 3506 στεφάνους.
2523 3458 2526 3462 η

1893 3521 2043 3593 [594]
2060 3522 2123 3592 β’.
2151 3521 2261 3575 Kal
2281 3522 2328 3574 εἰ
2345 3518 2620 3592 βούλεσθε,
2642 3519 2906 3592 πρότερον
2923 3519 3014 3572 ἐπὶ
3031 3519 3124 3571 τὸν
3142 3518 3242 3589 τῆς
3267 3521 3490 3574 ἐπισκορ

1826 3609 1932 3680 πῆς
1955 3607 2173 3662 ἔπαινον
2195 3607 2436 3679 ἔλθωμεν
2457 3624 2470 3637 ·
2503 3607 2562 3660 ού
2589 3607 2736 3659 δοκεῖ
2762 3603 2843 3669 εἷς
2871 3600 3024 3669 οὗτος
3058 3603 3196 3658 εἶναι
3225 3607 3487 3674 στέφανος

1826 3696 2020 3766 μόνοςς
2053 3695 2188 3766 Φέρε
2239 3690 2331 3748 οὖν
2381 3693 2543 3748 αὐτὸν
2599 3691 2993 3763 ἀναπτύξωμεν
3047 3691 3124 3762 τῷ
3179 3692 3322 3762 λόγῳ
3345 3733 3358 3752 ,
3396 3692 3490 3744 καὶ

1823 3782 2019 3852 ϐψεσθε
2040 3782 2265 3846 καὶδύο,
2299 3782 2395 3835 καὶ
2424 3783 2593 3852 τρεῖς,
2629 3781 2722 3833 καὶ
2755 3778 2972 3841 πλείους
3019 3776 3078 3842 ἐξ
3115 3777 3280 3832 αὐτοῦ
3311 3794 3490 3830 τικτο-

1829 3871 2025 3936 μένους
2083 3871 2232 3939 ⁴ήμῖν.
2279 3868 2352 3921 Οὐ
2382 3868 2490 3938 γάρ
2521 3868 2679 3938 μόνον
2704 3867 2786 3920 ὃτι
2838 3865 3104 3935 τοσαύτης
3139 3865 3312 3936 ἀρχῆς
3342 3863 3490 3928 ἄξιος

1827 3953 1965 4010 εἶναι
1995 3955 2162 4020 εδοξε,
2205 3953 2468 4025 θαυμάζω
2495 3955 2584 4008 τὸν
2618 3954 2788 4025 ἄνδρα
2817 3952 2947 4020 ἐγὼ,
2971 3952 3085 4005 ἀλλ’
3113 3953 3195 4005 ὃτι
3221 3954 3315 4005 καί
3341 3951 3492 4022 παρὰ

1827 4045 1933 4098 τῶν
1963 4043 2130 4113 ἁγίων
2165 4043 2387 4096 ἐκείνων
2419 4043 2518 4113 τὴν
2557 4041 2732 4112 ἀρχὴν
2757 4039 2962 4111 ταύτην
2990 4038 3328 4110 ἐνεχειρίσθη
3351 4081 3366 4104 ,
3398 4041 3492 4093 καὶ

1829 4131 2020 4184 αἰτῶν
2050 4127 2338 4200 μακαρίων
2369 4126 2684 4181 ἀποστόλων
2718 4129 2900 4196 χεῖρες
2946 4128 3044 4196 τῆς
3099 4125 3252 4196 ἰερᾶς
3282 4126 3493 4195 ἥψαντο

1830 4218 2094 4287 κεφαλῆς.
2139 4215 2278 4270 Οὐδὲ
2306 4216 2414 4287 γὰρ
2445 4213 2638 4285 μικρὸν
2666 4213 2822 4266 τοῦτο
2869 4215 2948 4276 εἰς
2980 4214 3257 4282 ἐγκωμίου
3287 4213 3446 4280 λόγον
3471 4229 3489 4245 ο

1831 4307 1931 4361 οὐκ
1955 4303 2143 4375 ἐπειδὴ
2175 4303 2344 4356 πλείω
2370 4302 2466 4373 τὴν
2487 4301 2691 4356 ἀνωθεν
2711 4301 3062 4354 ἐπεσπάσατο
3091 4301 3271 4370 χάριν,
3286 4299 3394 4352 οὐδ’
3411 4300 3494 4353 ὅτι

1830 4392 2220 4464 δαψιλεστέραν
2246 4390 2334 4444 ἐπ’
2359 4390 2522 4444 αὑτὸν
2565 4389 2829 4459 ἐποίησαν
2863 4387 3038 4440 ἐλθεῖν
3069 4387 3167 4459 τήν
3196 4387 3291 4440 τοῦ
3328 4387 3495 4440 Πνεύιι

1838 4497 2006 4551 ματος
2039 4479 2321 4556 ἐνέργειαν
2352 4476 2543 4545 μόνον·
2580 4474 2696 4529 ἀλλ’
2735 4475 2816 4528 ὅτι
2847 4474 2944 4528 καί
2969 4475 3150 4527 πᾶσαν
3195 4472 3344 4543 αύτῷ
3394 4473 3496 4543 τὴν

1833 4571 1890 4623 ἐν
1914 4566 2223 4639 ἀνθρώποις
2239 4563 2627 4637 ἐμαρτύρησαν
2655 4563 2884 4635 ἀρετήν’
2899 4563 2962 4615 τὸ
2990 4562 3047 4615 δὲ
3071 4560 3188 4624 πῶς
3205 4560 3314 4630 ἐγὼ
3329 4560 3494 4630 λέγω.

1837 4657 1980 4726 Τίτῳ
2009 4654 2235 4727 γράφων
2253 4655 2282 4706 6
2315 4651 2528 4716 Παῦλος
2557 4652 2716 4704 ποτέ’
2755 4651 2883 4704 ὅταν
2916 4649 2972 4702 δέ
3012 4646 3222 4702 Παῦλον
3252 4648 3410 4711 είπω,
3433 4647 3497 4702 ού

1835 4743 2023 4796 τοῦτον
2050 4741 2210 4812 μόνον
2231 4739 2396 4808 λέγω,
2424 4738 2560 4791 ἀλλά
2596 4737 2692 4791 καὶ
2715 4737 2944 4806 Πέτρον,
2969 4735 3064 4787 καί
3099 4733 3374 4796 Ἰάκωϐον,
3403 4735 3498 4788 καὶ

1849 4830 2121 4900 Ἰωάννην,
2149 4828 2244 4883 καὶ
2272 4829 2449 4882 πάντα
2483 4825 2662 4880 αὐτῶν
2688 4824 2779 4877 τὸν
2801 4824 2980 4894 χορόν.
3001 4821 3270 4893 Καθάπερ
3292 4822 3403 4892 γάρ
3439 4822 3498 4874 ἐν

1834 4917 1974 4991 λύρᾳ
1998 4919 2097 4989 μιᾷ
2115 4917 2362 4987 διάφοροι
2388 4914 2488 4983 μὲν
2523 4915 2579 4968 αί
2614 4912 2824 4983 νευραί,
2867 4910 2961 4981 μία
2981 4911 3039 4964 δὲ
3082 4913 3115 4980 ή
3159 4908 3449 4980 συμφωνία
3475 4923 3492 4939 ο

1835 5005 1979 5059 οῦτω
1995 5006 2088 5059 καὶ
2110 5007 2166 5058 ἐν
2179 5003 2254 5074 τῷ
2269 5002 2414 5074 χορῷ
2435 5001 2543 5054 τῶν
2559 4999 2870 5053 ἀποστόλων
2891 4999 3123 5068 διάφορα
3139 4997 3236 5066 μὲν
3253 4995 3322 5048 τά
3341 4993 3501 5064 πρόσο

1835 5112 1982 5160 ωπα,
2013 5093 2111 5164 μία
2143 5091 2200 5145 δέ
2225 5093 2258 5161 ή
2284 5089 2619 5152 διδασκαλία,
2647 5086 2833 5156 ἐπειδὴ
2860 5085 2950 5138 καί
2976 5079 3055 5147 εἷς
3078 5084 3106 5134 6
3136 5082 3382 5152 τεχνίτης
3407 5075 3496 5150 ῆν,

1836 5180 1898 5234 τὸ
1929 5177 2154 5250 Πνεῦμα
2193 5177 2253 5231 τὸ
2283 5175 2438 5244 ἀγιον
2475 5175 2537 5228 τὸ
2570 5173 2751 5228 κινοῦν
2782 5173 2882 5233 τὰς
2909 5170 3131 5222 ἐκείνων
3159 5167 3355 5237 ψυχάς.
3390 5167 3504 5219 Καὶ

1838 5269 1996 5324 τοῦτο
2035 5266 2312 5338 ἐμφαίνων
2344 5267 2372 5318 ό
2403 5263 2612 5326 Παῦλος
2653 5262 2869 5330 ἓλεγεψ
2919 5258 3055 5312 Εἴτε
3099 5251 3214 5310 οὖν
3260 5255 3498 5338 ἐκεῖνοι,

1839 5359 1960 5413 εἶτε
1985 5334 2133 5426 ἐγὼ,
2159 5355 2311 5408 οὕτω
2345 5354 2752 5422 κηρύσσομεν.
2787 5347 3019 5419 Γράφων
3039 5343 3214 5397 τοίνυν
3238 5334 3396 5426 οὗτος
3424 5341 3502 5413 τῷ

1847 5443 2008 5516 Τίτῳ,
2028 5425 2134 5497 καί
2166 5442 2379 5504 δεικνὺς
2412 5439 2591 5494 ὁποῖόν
2617 5453 2736 5491 τινα
2766 5435 2856 5489 τὸν
2888 5432 3183 5486 ἐπίσκοπον
3207 5425 3344 5484 εἶναι
3370 5431 3498 5501 χρὴ,

1907 5655 1924 5677 ⁸
1944 5653 2025 5703 Sic
2046 5653 2154 5704 Sav.
2177 5657 2230 5702 et
2249 5665 2376 5702 unus
2397 5651 2540 5714 Reg.,
2564 5653 2709 5710 atque
2735 5648 2796 5696 ita
2825 5644 3002 5704 logisce
3025 5640 3218 5691 videlur
3242 5640 3505 5701 interpres.

1837 5717 1954 5767 Mor.
1985 5717 2277 5777 ἐντραφέντα.
