  <div class='ocr_page' id='page_1' title='image "/cluster/home/n/w/nwhite01/storage/ocr_20150623/50/mdp.39015066055818/186.png"; bbox 0 0 3844 6280; ppageno 0'>
   <div class='ocr_carea' id='block_1_1' title="bbox 116 341 234 400">
    <p class='ocr_par' dir='ltr' id='par_1_1' title="bbox 116 341 234 400">
     <span class='ocr_line' id='line_1_1' title="bbox 116 341 234 400; baseline 0 0"><span class='ocrx_word' id='word_1_1' title='bbox 116 341 234 400; x_wconf 72' lang='lat'><strong><em>589</em></strong></span> 
     </span>
    </p>
   </div>
   <div class='ocr_carea' id='block_1_2' title="bbox 118 454 1715 534">
    <p class='ocr_par' dir='ltr' id='par_1_2' title="bbox 118 454 1715 534">
     <span class='ocr_line' id='line_1_2' title="bbox 118 454 1715 534; baseline 0.006 -24"><span class='ocrx_word' id='word_1_2' title='bbox 118 454 339 522; x_wconf 87' lang='lat' dir='ltr'><strong><em>Oportet</em></strong></span> <span class='ocrx_word' id='word_1_3' title='bbox 366 458 520 527; x_wconf 85' lang='lat' dir='ltr'><strong><em>enim,</em></strong></span> <span class='ocrx_word' id='word_1_4' title='bbox 552 459 740 533; x_wconf 91' lang='lat' dir='ltr'><strong><em>inquit,</em></strong></span> <span class='ocrx_word' id='word_1_5' title='bbox 765 462 1055 534; x_wconf 74' lang='lat' dir='ltr'><strong><em>episcopum</em></strong></span> <span class='ocrx_word' id='word_1_6' title='bbox 1086 463 1195 516; x_wconf 88' lang='lat' dir='ltr'><strong><em>sine</em></strong></span> <span class='ocrx_word' id='word_1_7' title='bbox 1221 461 1429 518; x_wconf 76' lang='lat' dir='ltr'><strong><em>crimine</em></strong></span> <span class='ocrx_word' id='word_1_8' title='bbox 1457 480 1583 534; x_wconf 73' lang='lat' dir='ltr'><strong><em>esse,</em></strong></span> <span class='ocrx_word' id='word_1_9' title='bbox 1613 464 1715 519; x_wconf 87' lang='lat' dir='ltr'><strong><em>sic-</em></strong></span> 
     </span>
    </p>
   </div>
   <div class='ocr_carea' id='block_1_3' title="bbox 112 550 1714 629">
    <p class='ocr_par' dir='ltr' id='par_1_3' title="bbox 112 550 1714 629">
     <span class='ocr_line' id='line_1_3' title="bbox 112 550 1714 629; baseline 0.004 -24"><span class='ocrx_word' id='word_1_10' title='bbox 112 561 178 606; x_wconf 82' lang='lat' dir='ltr'><strong><em>ut</em></strong></span> <span class='ocrx_word' id='word_1_11' title='bbox 213 550 317 608; x_wconf 88' lang='lat' dir='ltr'><strong><em>Dei</em></strong></span> <span class='ocrx_word' id='word_1_12' title='bbox 340 551 774 626; x_wconf 72' lang='lat' dir='ltr'><strong><em>dispensatorem;</em></strong></span> <span class='ocrx_word' id='word_1_13' title='bbox 802 573 903 611; x_wconf 91' lang='lat' dir='ltr'><strong><em>non</em></strong></span> <span class='ocrx_word' id='word_1_14' title='bbox 927 554 1217 629; x_wconf 80' lang='lat' dir='ltr'><strong><em>superbum,</em></strong></span> <span class='ocrx_word' id='word_1_15' title='bbox 1249 573 1351 612; x_wconf 88' lang='lat' dir='ltr'><strong><em>non</em></strong></span> <span class='ocrx_word' id='word_1_16' title='bbox 1373 556 1674 612; x_wconf 84' lang='lat' dir='ltr'><strong><em>iracundum</em></strong></span> <span class='ocrx_word' id='word_1_17' title='bbox 1697 599 1714 629; x_wconf 90' lang='lat'><strong><em>,</em></strong></span> 
     </span>
    </p>
   </div>
   <div class='ocr_carea' id='block_1_4' title="bbox 109 645 1714 724">
    <p class='ocr_par' dir='ltr' id='par_1_4' title="bbox 109 645 1714 724">
     <span class='ocr_line' id='line_1_4' title="bbox 109 645 1714 724; baseline 0.009 -31"><span class='ocrx_word' id='word_1_18' title='bbox 109 655 221 695; x_wconf 82' lang='lat' dir='ltr'><strong><em>non</em></strong></span> <span class='ocrx_word' id='word_1_19' title='bbox 254 645 584 715; x_wconf 77' lang='lat' dir='ltr'><strong><em>vinolentum,</em></strong></span> <span class='ocrx_word' id='word_1_20' title='bbox 616 665 717 703; x_wconf 91' lang='lat' dir='ltr'><strong><em>non</em></strong></span> <span class='ocrx_word' id='word_1_21' title='bbox 744 665 1090 720; x_wconf 73' lang='lat' dir='ltr'><strong><em>percussorem</em></strong></span> <span class='ocrx_word' id='word_1_22' title='bbox 1112 691 1128 717; x_wconf 92' lang='lat'><strong><em>,</em></strong></span> <span class='ocrx_word' id='word_1_23' title='bbox 1156 666 1258 705; x_wconf 90' lang='lat' dir='ltr'><strong><em>non</em></strong></span> <span class='ocrx_word' id='word_1_24' title='bbox 1278 651 1440 724; x_wconf 83' lang='lat' dir='ltr'><strong><em>turpis</em></strong></span> <span class='ocrx_word' id='word_1_25' title='bbox 1469 651 1598 706; x_wconf 88' lang='lat' dir='ltr'><strong><em>lucri</em></strong></span> <span class='ocrx_word' id='word_1_26' title='bbox 1622 669 1714 707; x_wconf 89' lang='lat' dir='ltr'><strong><em>cu-</em></strong></span> 
     </span>
    </p>
   </div>
   <div class='ocr_carea' id='block_1_5' title="bbox 117 733 1713 814">
    <p class='ocr_par' dir='ltr' id='par_1_5' title="bbox 117 733 1713 814">
     <span class='ocr_line' id='line_1_5' title="bbox 117 733 1713 814; baseline 0.008 -28"><span class='ocrx_word' id='word_1_27' title='bbox 117 733 304 802; x_wconf 79' lang='lat' dir='ltr'><strong><em>pidum</em></strong></span> <span class='ocrx_word' id='word_1_28' title='bbox 328 751 348 791; x_wconf 93' lang='lat'><strong><em>:</em></strong></span> <span class='ocrx_word' id='word_1_29' title='bbox 367 737 457 792; x_wconf 88' lang='lat' dir='ltr'><strong><em>sed</em></strong></span> <span class='ocrx_word' id='word_1_30' title='bbox 482 738 801 810; x_wconf 71' lang='lat' dir='ltr'><strong><em>hospitalem,</em></strong></span> <span class='ocrx_word' id='word_1_31' title='bbox 823 740 1109 814; x_wconf 79' lang='lat' dir='ltr'><strong><em>benignum,</em></strong></span> <span class='ocrx_word' id='word_1_32' title='bbox 1128 741 1439 813; x_wconf 84' lang='lat' dir='ltr'><strong><em>prudentem,</em></strong></span> <span class='ocrx_word' id='word_1_33' title='bbox 1470 742 1713 812; x_wconf 85' lang='lat' dir='ltr'><strong><em>sobrium,</em></strong></span> 
     </span>
    </p>
   </div>
   <div class='ocr_carea' id='block_1_6' title="bbox 110 830 1717 912">
    <p class='ocr_par' dir='ltr' id='par_1_6' title="bbox 110 830 1717 912">
     <span class='ocr_line' id='line_1_6' title="bbox 110 830 1717 912; baseline 0.007 -32"><span class='ocrx_word' id='word_1_34' title='bbox 110 830 348 898; x_wconf 78' lang='lat' dir='ltr'><strong><em>iustum,</em></strong></span> <span class='ocrx_word' id='word_1_35' title='bbox 378 841 609 886; x_wconf 86' lang='lat' dir='ltr'><strong><em>sanctum</em></strong></span> <span class='ocrx_word' id='word_1_36' title='bbox 628 873 643 900; x_wconf 91' lang='lat'><strong><em>,</em></strong></span> <span class='ocrx_word' id='word_1_37' title='bbox 668 834 1021 912; x_wconf 79' lang='lat' dir='ltr'><strong><em>continentem,</em></strong></span> <span class='ocrx_word' id='word_1_38' title='bbox 1050 833 1428 906; x_wconf 87' lang='lat' dir='ltr'><strong><em>amplectentem</em></strong></span> <span class='ocrx_word' id='word_1_39' title='bbox 1448 853 1560 890; x_wconf 90' lang='lat' dir='ltr'><strong><em>eum</em></strong></span> <span class='ocrx_word' id='word_1_40' title='bbox 1583 878 1598 905; x_wconf 91' lang='lat'><strong><em>,</em></strong></span> <span class='ocrx_word' id='word_1_41' title='bbox 1629 838 1717 909; x_wconf 87' lang='lat' dir='ltr'><strong><em>qui</em></strong></span> 
     </span>
    </p>
   </div>
   <div class='ocr_carea' id='block_1_7' title="bbox 110 921 1716 997">
    <p class='ocr_par' dir='ltr' id='par_1_7' title="bbox 110 921 1716 997">
     <span class='ocr_line' id='line_1_7' title="bbox 110 921 1716 997; baseline 0.007 -24"><span class='ocrx_word' id='word_1_42' title='bbox 110 921 393 977; x_wconf 81' lang='lat' dir='ltr'><strong><em>secundum</em></strong></span> <span class='ocrx_word' id='word_1_43' title='bbox 414 923 694 979; x_wconf 71' lang='lat' dir='ltr'><strong><em>doctrinam</em></strong></span> <span class='ocrx_word' id='word_1_44' title='bbox 713 934 805 995; x_wconf 84' lang='lat' dir='ltr'><strong><em>est,</em></strong></span> <span class='ocrx_word' id='word_1_45' title='bbox 830 928 1030 997; x_wconf 77' lang='lat' dir='ltr'><strong><em>ﬁdelem</em></strong></span> <span class='ocrx_word' id='word_1_46' title='bbox 1051 944 1347 994; x_wconf 80' lang='lat' dir='ltr'><strong><em>sermonem,</em></strong></span> <span class='ocrx_word' id='word_1_47' title='bbox 1372 937 1428 983; x_wconf 88' lang='lat' dir='ltr'><strong><em>ut</em></strong></span> <span class='ocrx_word' id='word_1_48' title='bbox 1452 938 1626 997; x_wconf 88' lang='lat' dir='ltr'><strong><em>potens</em></strong></span> <span class='ocrx_word' id='word_1_49' title='bbox 1649 931 1716 984; x_wconf 83' lang='lat' dir='ltr'><strong><em>sit</em></strong></span> 
     </span>
    </p>
   </div>
   <div class='ocr_carea' id='block_1_8' title="bbox 109 1010 1710 1091">
    <p class='ocr_par' dir='ltr' id='par_1_8' title="bbox 109 1010 1710 1091">
     <span class='ocr_line' id='line_1_8' title="bbox 109 1010 1710 1091; baseline 0.007 -27"><span class='ocrx_word' id='word_1_50' title='bbox 109 1019 166 1065; x_wconf 87' lang='lat' dir='ltr'><strong><em>et</em></strong></span> <span class='ocrx_word' id='word_1_51' title='bbox 184 1012 314 1067; x_wconf 75' lang='lat' dir='ltr'><strong><em>alios</em></strong></span> <span class='ocrx_word' id='word_1_52' title='bbox 328 1013 586 1070; x_wconf 71' lang='lat' dir='ltr'><strong><em>exhortari</em></strong></span> <span class='ocrx_word' id='word_1_53' title='bbox 596 1015 649 1070; x_wconf 88' lang='lat' dir='ltr'><strong><em>in</em></strong></span> <span class='ocrx_word' id='word_1_54' title='bbox 660 1010 903 1074; x_wconf 84' lang='lat' dir='ltr'><strong><em>doctrina</em></strong></span> <span class='ocrx_word' id='word_1_55' title='bbox 913 1028 1112 1089; x_wconf 88' lang='lat' dir='ltr'><strong><em>sana,et</em></strong></span> <span class='ocrx_word' id='word_1_56' title='bbox 1128 1036 1231 1086; x_wconf 91' lang='lat' dir='ltr'><strong><em>eos,</em></strong></span> <span class='ocrx_word' id='word_1_57' title='bbox 1244 1020 1329 1091; x_wconf 89' lang='lat' dir='ltr'><strong><em>qui</em></strong></span> <span class='ocrx_word' id='word_1_58' title='bbox 1339 1012 1710 1090; x_wconf 80' lang='lat' dir='ltr'><strong><em>contradicunt,</em></strong></span> 
     </span>
    </p>
   </div>
   <div class='ocr_carea' id='block_1_9' title="bbox 108 1104 1712 1182">
    <p class='ocr_par' dir='ltr' id='par_1_9' title="bbox 108 1104 1712 1182">
     <span class='ocr_line' id='line_1_9' title="bbox 108 1104 1712 1182; baseline 0.007 -25"><span class='ocrx_word' id='word_1_59' title='bbox 108 1119 332 1176; x_wconf 82' lang='lat' dir='ltr'><strong><em>arguere</em></strong></span> <span class='ocrx_word' id='word_1_60' title='bbox 371 1104 504 1181; x_wconf 88' lang='lat' dir='ltr'><strong><em>(Tit.</em></strong></span> <span class='ocrx_word' id='word_1_61' title='bbox 534 1108 587 1163; x_wconf 79' lang='grc'><strong>1.</strong></span> <span class='ocrx_word' id='word_1_62' title='bbox 620 1109 758 1182; x_wconf 88' lang='grc'><strong><em>7-9).</em></strong></span> <span class='ocrx_word' id='word_1_63' title='bbox 790 1106 859 1165; x_wconf 88' lang='grc' dir='ltr'><strong><em>Ει</em></strong></span> <span class='ocrx_word' id='word_1_64' title='bbox 880 1110 946 1166; x_wconf 90' lang='lat' dir='ltr'><strong><em>ad</em></strong></span> <span class='ocrx_word' id='word_1_65' title='bbox 973 1106 1313 1168; x_wconf 84' lang='lat' dir='ltr'><strong><em>Timotheum</em></strong></span> <span class='ocrx_word' id='word_1_66' title='bbox 1336 1111 1524 1168; x_wconf 89' lang='lat' dir='ltr'><strong><em>eadem</em></strong></span> <span class='ocrx_word' id='word_1_67' title='bbox 1551 1113 1619 1169; x_wconf 88' lang='lat' dir='ltr'><strong><em>de</em></strong></span> <span class='ocrx_word' id='word_1_68' title='bbox 1652 1129 1712 1169; x_wconf 86' lang='lat' dir='ltr'><strong><em>re</em></strong></span> 
     </span>
    </p>
   </div>
   <div class='ocr_carea' id='block_1_10' title="bbox 108 1194 1712 1275">
    <p class='ocr_par' dir='ltr' id='par_1_10' title="bbox 108 1194 1712 1275">
     <span class='ocr_line' id='line_1_10' title="bbox 108 1194 1712 1275; baseline 0.007 -25"><span class='ocrx_word' id='word_1_69' title='bbox 108 1196 392 1255; x_wconf 82' lang='lat' dir='ltr'><strong><em>scribens:</em></strong></span> <span class='ocrx_word' id='word_1_70' title='bbox 417 1197 479 1255; x_wconf 85' lang='lat' dir='ltr'><strong><em>Si</em></strong></span> <span class='ocrx_word' id='word_1_71' title='bbox 496 1194 628 1270; x_wconf 86' lang='lat' dir='ltr'><strong><em>quis,</em></strong></span> <span class='ocrx_word' id='word_1_72' title='bbox 651 1202 840 1273; x_wconf 87' lang='lat' dir='ltr'><strong><em>inquit,</em></strong></span> <span class='ocrx_word' id='word_1_73' title='bbox 863 1204 1204 1275; x_wconf 88' lang='lat' dir='ltr'><strong><em>episcopatum</em></strong></span> <span class='ocrx_word' id='word_1_74' title='bbox 1228 1205 1498 1275; x_wconf 80' lang='lat' dir='ltr'><strong><em>desiderat,</em></strong></span> <span class='ocrx_word' id='word_1_75' title='bbox 1527 1205 1712 1261; x_wconf 84' lang='lat' dir='ltr'><strong><em>bonum</em></strong></span> 
     </span>
    </p>
   </div>
   <div class='ocr_carea' id='block_1_11' title="bbox 105 1290 1714 1369">
    <p class='ocr_par' dir='ltr' id='par_1_11' title="bbox 105 1290 1714 1369">
     <span class='ocr_line' id='line_1_11' title="bbox 105 1290 1714 1369; baseline 0.006 -26"><span class='ocrx_word' id='word_1_76' title='bbox 105 1306 245 1361; x_wconf 86' lang='lat' dir='ltr'><strong><em>opus</em></strong></span> <span class='ocrx_word' id='word_1_77' title='bbox 288 1290 590 1349; x_wconf 86' lang='lat' dir='ltr'><strong><em>desiderat:</em></strong></span> <span class='ocrx_word' id='word_1_78' title='bbox 614 1304 809 1365; x_wconf 89' lang='lat' dir='ltr'><strong><em>oportet</em></strong></span> <span class='ocrx_word' id='word_1_79' title='bbox 850 1295 1004 1367; x_wconf 84' lang='lat' dir='ltr'><strong><em>igitur</em></strong></span> <span class='ocrx_word' id='word_1_80' title='bbox 1047 1296 1338 1369; x_wconf 78' lang='lat' dir='ltr'><strong><em>episcOpum</em></strong></span> <span class='ocrx_word' id='word_1_81' title='bbox 1396 1297 1714 1369; x_wconf 82' lang='lat' dir='ltr'><strong><em>irreprehen-</em></strong></span> 
     </span>
    </p>
   </div>
   <div class='ocr_carea' id='block_1_12' title="bbox 104 1383 1706 1460">
    <p class='ocr_par' dir='ltr' id='par_1_12' title="bbox 104 1383 1706 1460">
     <span class='ocr_line' id='line_1_12' title="bbox 104 1383 1706 1460; baseline 0.005 -23"><span class='ocrx_word' id='word_1_82' title='bbox 104 1383 312 1439; x_wconf 81' lang='lat' dir='ltr'><strong><em>sibilent</em></strong></span> <span class='ocrx_word' id='word_1_83' title='bbox 329 1401 453 1451; x_wconf 88' lang='lat' dir='ltr'><strong><em>esse,</em></strong></span> <span class='ocrx_word' id='word_1_84' title='bbox 476 1387 629 1442; x_wconf 86' lang='lat' dir='ltr'><strong><em>unius</em></strong></span> <span class='ocrx_word' id='word_1_85' title='bbox 664 1388 839 1443; x_wconf 68' lang='lat' dir='ltr'><strong><em>uxoris</em></strong></span> <span class='ocrx_word' id='word_1_86' title='bbox 874 1389 1060 1458; x_wconf 83' lang='lat' dir='ltr'><strong><em>uirum,</em></strong></span> <span class='ocrx_word' id='word_1_87' title='bbox 1096 1389 1350 1457; x_wconf 85' lang='lat' dir='ltr'><strong><em>sobrium,</em></strong></span> <span class='ocrx_word' id='word_1_88' title='bbox 1373 1390 1669 1460; x_wconf 85' lang='lat' dir='ltr'><strong><em>prudentem</em></strong></span> <span class='ocrx_word' id='word_1_89' title='bbox 1690 1431 1706 1459; x_wconf 93' lang='lat'><strong><em>,</em></strong></span> 
     </span>
    </p>
   </div>
   <div class='ocr_carea' id='block_1_13' title="bbox 104 1479 1710 1551">
    <p class='ocr_par' dir='ltr' id='par_1_13' title="bbox 104 1479 1710 1551">
     <span class='ocr_line' id='line_1_13' title="bbox 104 1479 1710 1551; baseline 0.004 -19"><span class='ocrx_word' id='word_1_90' title='bbox 104 1488 384 1546; x_wconf 86' lang='lat' dir='ltr'><strong><em>ornatum,</em></strong></span> <span class='ocrx_word' id='word_1_91' title='bbox 408 1479 710 1551; x_wconf 87' lang='lat' dir='ltr'><strong><em>hospitalem</em></strong></span> <span class='ocrx_word' id='word_1_92' title='bbox 727 1524 743 1550; x_wconf 94' lang='lat'><strong><em>,</em></strong></span> <span class='ocrx_word' id='word_1_93' title='bbox 766 1482 1023 1538; x_wconf 88' lang='lat' dir='ltr'><strong><em>doctorem</em></strong></span> <span class='ocrx_word' id='word_1_94' title='bbox 1041 1523 1057 1550; x_wconf 94' lang='lat'><strong><em>,</em></strong></span> <span class='ocrx_word' id='word_1_95' title='bbox 1085 1500 1187 1538; x_wconf 90' lang='lat' dir='ltr'><strong><em>non</em></strong></span> <span class='ocrx_word' id='word_1_96' title='bbox 1217 1482 1525 1537; x_wconf 83' lang='lat' dir='ltr'><strong><em>vinolentum</em></strong></span> <span class='ocrx_word' id='word_1_97' title='bbox 1545 1524 1561 1550; x_wconf 93' lang='lat'><strong><em>,</em></strong></span> <span class='ocrx_word' id='word_1_98' title='bbox 1606 1500 1710 1538; x_wconf 89' lang='lat' dir='ltr'><strong><em>non</em></strong></span> 
     </span>
    </p>
   </div>
   <div class='ocr_carea' id='block_1_14' title="bbox 107 1573 1708 1647">
    <p class='ocr_par' dir='ltr' id='par_1_14' title="bbox 107 1573 1708 1647">
     <span class='ocr_line' id='line_1_14' title="bbox 107 1573 1708 1647; baseline 0.003 -23"><span class='ocrx_word' id='word_1_99' title='bbox 107 1586 481 1640; x_wconf 81' lang='lat' dir='ltr'><strong><em>percussorem;</em></strong></span> <span class='ocrx_word' id='word_1_100' title='bbox 501 1573 591 1628; x_wconf 87' lang='lat' dir='ltr'><strong><em>sed</em></strong></span> <span class='ocrx_word' id='word_1_101' title='bbox 626 1574 942 1643; x_wconf 82' lang='lat' dir='ltr'><strong><em>modestum,</em></strong></span> <span class='ocrx_word' id='word_1_102' title='bbox 973 1591 1077 1630; x_wconf 92' lang='lat' dir='ltr'><strong><em>non</em></strong></span> <span class='ocrx_word' id='word_1_103' title='bbox 1107 1575 1378 1647; x_wconf 86' lang='lat' dir='ltr'><strong><em>litigiosum</em></strong></span> <span class='ocrx_word' id='word_1_104' title='bbox 1393 1592 1537 1644; x_wconf 40' lang='lat' dir='ltr'><strong><em>knon</em></strong></span> <span class='ocrx_word' id='word_1_105' title='bbox 1558 1576 1708 1646; x_wconf 87' lang='lat' dir='ltr'><strong><em>cupi-</em></strong></span> 
     </span>
    </p>
   </div>
   <div class='ocr_carea' id='block_1_15' title="bbox 107 1660 1709 1737">
    <p class='ocr_par' dir='ltr' id='par_1_15' title="bbox 107 1660 1709 1737">
     <span class='ocr_line' id='line_1_15' title="bbox 107 1660 1709 1737; baseline 0.004 -23"><span class='ocrx_word' id='word_1_106' title='bbox 107 1660 238 1715; x_wconf 76' lang='lat' dir='ltr'><strong><em>du‘m</em></strong></span> <span class='ocrx_word' id='word_1_107' title='bbox 269 1661 319 1733; x_wconf 83' lang='grc'>(1</span> <span class='ocrx_word' id='word_1_108' title='bbox 356 1661 487 1718; x_wconf 79' lang='lat' dir='ltr'><strong><em>Tim.</em></strong></span> <span class='ocrx_word' id='word_1_109' title='bbox 513 1665 566 1721; x_wconf 82' lang='lat'><strong><em>&#39;5.</em></strong></span> <span class='ocrx_word' id='word_1_110' title='bbox 608 1665 750 1737; x_wconf 80' lang='lat' dir='ltr'><strong><em>l-5).</em></strong></span> <span class='ocrx_word' id='word_1_111' title='bbox 783 1664 948 1721; x_wconf 83' lang='lat' dir='ltr'><strong><em>Vides</em></strong></span> <span class='ocrx_word' id='word_1_112' title='bbox 986 1674 1239 1737; x_wconf 81' lang='lat' dir='ltr'><strong><em>quantam</em></strong></span> <span class='ocrx_word' id='word_1_113' title='bbox 1276 1666 1490 1722; x_wconf 84' lang='lat' dir='ltr'><strong><em>virtutis</em></strong></span> <span class='ocrx_word' id='word_1_114' title='bbox 1525 1665 1709 1722; x_wconf 81' lang='lat' dir='ltr'><strong><em>excel-</em></strong></span> 
     </span>
    </p>
   </div>
   <div class='ocr_carea' id='block_1_16' title="bbox 106 1755 1706 1832">
    <p class='ocr_par' dir='ltr' id='par_1_16' title="bbox 106 1755 1706 1832">
     <span class='ocr_line' id='line_1_16' title="bbox 106 1755 1706 1832; baseline 0.003 -21"><span class='ocrx_word' id='word_1_115' title='bbox 106 1755 334 1812; x_wconf 87' lang='lat' dir='ltr'><strong><em>lentiam</em></strong></span> <span class='ocrx_word' id='word_1_116' title='bbox 376 1759 428 1813; x_wconf 89' lang='lat' dir='ltr'><strong><em>in</em></strong></span> <span class='ocrx_word' id='word_1_117' title='bbox 474 1759 731 1830; x_wconf 88' lang='lat' dir='ltr'><strong><em>episcopo</em></strong></span> <span class='ocrx_word' id='word_1_118' title='bbox 756 1759 1512 1832; x_wconf 84' lang='lat' dir='ltr'><strong><em>requirat?Quemadmodum</em></strong></span> <span class='ocrx_word' id='word_1_119' title='bbox 1558 1759 1706 1815; x_wconf 90' lang='lat' dir='ltr'><strong><em>enim</em></strong></span> 
     </span>
    </p>
   </div>
   <div class='ocr_carea' id='block_1_17' title="bbox 107 1849 1703 1921">
    <p class='ocr_par' dir='ltr' id='par_1_17' title="bbox 107 1849 1703 1921">
     <span class='ocr_line' id='line_1_17' title="bbox 107 1849 1703 1921; baseline 0.002 -19"><span class='ocrx_word' id='word_1_120' title='bbox 107 1849 287 1919; x_wconf 78' lang='lat' dir='ltr'><strong><em>pictor</em></strong></span> <span class='ocrx_word' id='word_1_121' title='bbox 330 1850 574 1921; x_wconf 83' lang='lat' dir='ltr'><strong><em>egregius</em></strong></span> <span class='ocrx_word' id='word_1_122' title='bbox 610 1851 818 1907; x_wconf 87' lang='lat' dir='ltr'><strong><em>colores</em></strong></span> <span class='ocrx_word' id='word_1_123' title='bbox 846 1851 1024 1907; x_wconf 66' lang='lat' dir='ltr'><strong><em>varios</em></strong></span> <span class='ocrx_word' id='word_1_124' title='bbox 1062 1852 1397 1919; x_wconf 85' lang='lat' dir='ltr'><strong><em>commiscet,</em></strong></span> <span class='ocrx_word' id='word_1_125' title='bbox 1427 1860 1485 1906; x_wconf 91' lang='lat' dir='ltr'><strong><em>ut</em></strong></span> <span class='ocrx_word' id='word_1_126' title='bbox 1515 1866 1703 1907; x_wconf 78' lang='lat' dir='ltr'><strong><em>exem-</em></strong></span> 
     </span>
    </p>
   </div>
   <div class='ocr_carea' id='block_1_18' title="bbox 107 1942 1704 2017">
    <p class='ocr_par' dir='ltr' id='par_1_18' title="bbox 107 1942 1704 2017">
     <span class='ocr_line' id='line_1_18' title="bbox 107 1942 1704 2017; baseline 0.003 -21"><span class='ocrx_word' id='word_1_127' title='bbox 107 1942 234 2011; x_wconf 86' lang='lat' dir='ltr'><strong><em>plar</em></strong></span> <span class='ocrx_word' id='word_1_128' title='bbox 264 1942 511 2015; x_wconf 72' lang='lat' dir='ltr'><strong><em>imaginis</em></strong></span> <span class='ocrx_word' id='word_1_129' title='bbox 534 1945 732 2016; x_wconf 69' lang='lat' dir='ltr'><strong><em>regite,</em></strong></span> <span class='ocrx_word' id='word_1_130' title='bbox 759 1960 917 2016; x_wconf 87' lang='lat' dir='ltr'><strong><em>quam</em></strong></span> <span class='ocrx_word' id='word_1_131' title='bbox 946 1960 1301 2017; x_wconf 86' lang='lat' dir='ltr'><strong><em>expressurus</em></strong></span> <span class='ocrx_word' id='word_1_132' title='bbox 1341 1955 1459 2014; x_wconf 91' lang='lat' dir='ltr'><strong><em>est,</em></strong></span> <span class='ocrx_word' id='word_1_133' title='bbox 1488 1945 1559 2001; x_wconf 90' lang='lat' dir='ltr'><strong><em>ita</em></strong></span> <span class='ocrx_word' id='word_1_134' title='bbox 1580 1944 1704 2001; x_wconf 89' lang='lat' dir='ltr'><strong><em>dili-</em></strong></span> 
     </span>
    </p>
   </div>
   <div class='ocr_carea' id='block_1_19' title="bbox 113 2036 1706 2110">
    <p class='ocr_par' dir='ltr' id='par_1_19' title="bbox 113 2036 1706 2110">
     <span class='ocr_line' id='line_1_19' title="bbox 113 2036 1706 2110; baseline 0.003 -19"><span class='ocrx_word' id='word_1_135' title='bbox 113 2044 307 2106; x_wconf 78' lang='lat' dir='ltr'><strong><em>genter</em></strong></span> <span class='ocrx_word' id='word_1_136' title='bbox 347 2036 633 2103; x_wconf 90' lang='lat' dir='ltr'><strong><em>conﬁciat,</em></strong></span> <span class='ocrx_word' id='word_1_137' title='bbox 672 2038 842 2108; x_wconf 89' lang='lat' dir='ltr'><strong><em>utqui</em></strong></span> <span class='ocrx_word' id='word_1_138' title='bbox 880 2052 998 2094; x_wconf 90' lang='lat' dir='ltr'><strong><em>eam</em></strong></span> <span class='ocrx_word' id='word_1_139' title='bbox 1042 2038 1307 2110; x_wconf 89' lang='lat' dir='ltr'><strong><em>depicturi</em></strong></span> <span class='ocrx_word' id='word_1_140' title='bbox 1350 2046 1493 2106; x_wconf 90' lang='lat' dir='ltr'><strong><em>sunt,</em></strong></span> <span class='ocrx_word' id='word_1_141' title='bbox 1517 2052 1706 2095; x_wconf 90' lang='lat' dir='ltr'><strong><em>omnes</em></strong></span> 
     </span>
    </p>
   </div>
   <div class='ocr_carea' id='block_1_20' title="bbox 108 2124 1705 2198">
    <p class='ocr_par' dir='ltr' id='par_1_20' title="bbox 108 2124 1705 2198">
     <span class='ocr_line' id='line_1_20' title="bbox 108 2124 1705 2198; baseline 0.004 -19"><span class='ocrx_word' id='word_1_142' title='bbox 108 2124 345 2182; x_wconf 83' lang='lat' dir='ltr'><strong><em>habeant</em></strong></span> <span class='ocrx_word' id='word_1_143' title='bbox 384 2125 529 2198; x_wconf 91' lang='lat' dir='ltr'><strong><em>quod</em></strong></span> <span class='ocrx_word' id='word_1_144' title='bbox 571 2126 849 2184; x_wconf 85' lang='lat' dir='ltr'><strong><em>imitentur</em></strong></span> <span class='ocrx_word' id='word_1_145' title='bbox 879 2145 892 2183; x_wconf 92' lang='lat'><strong>:</strong></span> <span class='ocrx_word' id='word_1_146' title='bbox 921 2128 999 2185; x_wconf 91' lang='lat' dir='ltr'><strong><em>sic</em></strong></span> <span class='ocrx_word' id='word_1_147' title='bbox 1037 2144 1168 2185; x_wconf 87' lang='lat' dir='ltr'><strong><em>sane</em></strong></span> <span class='ocrx_word' id='word_1_148' title='bbox 1196 2136 1252 2185; x_wconf 89' lang='lat' dir='ltr'><strong><em>et</em></strong></span> <span class='ocrx_word' id='word_1_149' title='bbox 1278 2129 1464 2185; x_wconf 89' lang='lat' dir='ltr'><strong><em>beatus</em></strong></span> <span class='ocrx_word' id='word_1_150' title='bbox 1510 2128 1705 2185; x_wconf 87' lang='lat' dir='ltr'><strong><em>Paulus</em></strong></span> 
     </span>
    </p>
   </div>
   <div class='ocr_carea' id='block_1_21' title="bbox 108 2210 1704 2294">
    <p class='ocr_par' dir='ltr' id='par_1_21' title="bbox 108 2210 1704 2294">
     <span class='ocr_line' id='line_1_21' title="bbox 108 2210 1704 2294; baseline 0.003 -21"><span class='ocrx_word' id='word_1_151' title='bbox 108 2227 383 2290; x_wconf 78' lang='lat' dir='ltr'><strong><em>tamquam</em></strong></span> <span class='ocrx_word' id='word_1_152' title='bbox 400 2220 603 2293; x_wconf 84' lang='lat' dir='ltr'><strong><em>regiam</em></strong></span> <span class='ocrx_word' id='word_1_153' title='bbox 624 2210 905 2292; x_wconf 84' lang='lat' dir='ltr'><strong><em>quamdam</em></strong></span> <span class='ocrx_word' id='word_1_154' title='bbox 921 2221 1149 2293; x_wconf 91' lang='lat' dir='ltr'><strong><em>efﬁgiem</em></strong></span> <span class='ocrx_word' id='word_1_155' title='bbox 1174 2222 1420 2294; x_wconf 79' lang='lat' dir='ltr'><strong><em>pingens,</em></strong></span> <span class='ocrx_word' id='word_1_156' title='bbox 1441 2231 1494 2278; x_wconf 92' lang='lat' dir='ltr'><strong><em>et</em></strong></span> <span class='ocrx_word' id='word_1_157' title='bbox 1518 2237 1704 2278; x_wconf 84' lang='lat' dir='ltr'><strong><em>exem-</em></strong></span> 
     </span>
    </p>
   </div>
   <div class='ocr_carea' id='block_1_22' title="bbox 106 2309 1705 2383">
    <p class='ocr_par' dir='ltr' id='par_1_22' title="bbox 106 2309 1705 2383">
     <span class='ocr_line' id='line_1_22' title="bbox 106 2309 1705 2383; baseline 0.002 -18"><span class='ocrx_word' id='word_1_158' title='bbox 106 2309 230 2380; x_wconf 84' lang='lat' dir='ltr'><strong><em>plar</em></strong></span> <span class='ocrx_word' id='word_1_159' title='bbox 281 2311 449 2381; x_wconf 87' lang='lat' dir='ltr'><strong><em>ipsius</em></strong></span> <span class='ocrx_word' id='word_1_160' title='bbox 498 2311 820 2383; x_wconf 89' lang='lat' dir='ltr'><strong><em>conﬁciens,</em></strong></span> <span class='ocrx_word' id='word_1_161' title='bbox 846 2313 1024 2369; x_wconf 80' lang='lat' dir='ltr'><strong><em>varios</em></strong></span> <span class='ocrx_word' id='word_1_162' title='bbox 1064 2314 1276 2370; x_wconf 88' lang='lat' dir='ltr'><strong><em>virtutis</em></strong></span> <span class='ocrx_word' id='word_1_163' title='bbox 1331 2315 1521 2370; x_wconf 91' lang='lat' dir='ltr'><strong><em>miscet</em></strong></span> <span class='ocrx_word' id='word_1_164' title='bbox 1557 2314 1705 2369; x_wconf 69' lang='lat' dir='ltr'><strong><em>colo.</em></strong></span> 
     </span>
    </p>
   </div>
   <div class='ocr_carea' id='block_1_23' title="bbox 105 2401 1697 2476">
    <p class='ocr_par' dir='ltr' id='par_1_23' title="bbox 105 2401 1697 2476">
     <span class='ocr_line' id='line_1_23' title="bbox 105 2401 1697 2476; baseline 0.003 -20"><span class='ocrx_word' id='word_1_165' title='bbox 105 2415 229 2468; x_wconf 84' lang='lat' dir='ltr'><strong><em>res,</em></strong></span> <span class='ocrx_word' id='word_1_166' title='bbox 276 2401 538 2474; x_wconf 90' lang='lat' dir='ltr'><strong><em>nobisque</em></strong></span> <span class='ocrx_word' id='word_1_167' title='bbox 582 2401 810 2460; x_wconf 80' lang='lat' dir='ltr'><strong><em>formam</em></strong></span> <span class='ocrx_word' id='word_1_168' title='bbox 851 2404 1209 2476; x_wconf 84' lang='lat' dir='ltr'><strong><em>episcopalem</em></strong></span> <span class='ocrx_word' id='word_1_169' title='bbox 1256 2405 1325 2460; x_wconf 89' lang='lat' dir='ltr'><strong><em>ad</em></strong></span> <span class='ocrx_word' id='word_1_170' title='bbox 1379 2404 1697 2461; x_wconf 89' lang='lat' dir='ltr'><strong><em>imitandum</em></strong></span> 
     </span>
    </p>
   </div>
   <div class='ocr_carea' id='block_1_24' title="bbox 104 2494 1701 2571">
    <p class='ocr_par' dir='ltr' id='par_1_24' title="bbox 104 2494 1701 2571">
     <span class='ocr_line' id='line_1_24' title="bbox 104 2494 1701 2571; baseline 0.003 -21"><span class='ocrx_word' id='word_1_171' title='bbox 104 2494 425 2566; x_wconf 82' lang='lat' dir='ltr'><strong><em>proposuit,</em></strong></span> <span class='ocrx_word' id='word_1_172' title='bbox 457 2504 516 2552; x_wconf 90' lang='lat' dir='ltr'><strong><em>ut</em></strong></span> <span class='ocrx_word' id='word_1_173' title='bbox 551 2497 641 2568; x_wconf 87' lang='lat' dir='ltr'><strong><em>qui</em></strong></span> <span class='ocrx_word' id='word_1_174' title='bbox 669 2498 735 2553; x_wconf 90' lang='lat' dir='ltr'><strong><em>ad</em></strong></span> <span class='ocrx_word' id='word_1_175' title='bbox 779 2497 919 2554; x_wconf 91' lang='lat' dir='ltr'><strong><em>hanc</em></strong></span> <span class='ocrx_word' id='word_1_176' title='bbox 960 2496 1272 2570; x_wconf 87' lang='lat' dir='ltr'><strong><em>dignitatem</em></strong></span> <span class='ocrx_word' id='word_1_177' title='bbox 1315 2498 1701 2571; x_wconf 86' lang='lat' dir='ltr'><strong><em>provehuntur,</em></strong></span> 
     </span>
    </p>
   </div>
   <div class='ocr_carea' id='block_1_25' title="bbox 101 2584 1699 2660">
    <p class='ocr_par' dir='ltr' id='par_1_25' title="bbox 101 2584 1699 2660">
     <span class='ocr_line' id='line_1_25' title="bbox 101 2584 1699 2660; baseline 0.006 -21"><span class='ocrx_word' id='word_1_178' title='bbox 101 2584 174 2640; x_wconf 88' lang='lat' dir='ltr'><strong><em>ad</em></strong></span> <span class='ocrx_word' id='word_1_179' title='bbox 202 2586 351 2642; x_wconf 84' lang='lat' dir='ltr'><strong><em>illam</em></strong></span> <span class='ocrx_word' id='word_1_180' title='bbox 371 2588 719 2660; x_wconf 85' lang='lat' dir='ltr'><strong><em>respicientes</em></strong></span> <span class='ocrx_word' id='word_1_181' title='bbox 742 2588 930 2645; x_wconf 90' lang='lat' dir='ltr'><strong><em>eadem</em></strong></span> <span class='ocrx_word' id='word_1_182' title='bbox 950 2591 1291 2646; x_wconf 89' lang='lat' dir='ltr'><strong><em>accuratione</em></strong></span> <span class='ocrx_word' id='word_1_183' title='bbox 1309 2591 1549 2647; x_wconf 89' lang='lat' dir='ltr'><strong><em>actiones</em></strong></span> <span class='ocrx_word' id='word_1_184' title='bbox 1567 2606 1699 2648; x_wconf 91' lang='lat' dir='ltr'><strong><em>suas</em></strong></span> 
     </span>
    </p>
   </div>
   <div class='ocr_carea' id='block_1_26' title="bbox 102 2678 1701 2752">
    <p class='ocr_par' dir='ltr' id='par_1_26' title="bbox 102 2678 1701 2752">
     <span class='ocr_line' id='line_1_26' title="bbox 102 2678 1701 2752; baseline 0.003 -19"><span class='ocrx_word' id='word_1_185' title='bbox 102 2692 299 2734; x_wconf 87' lang='lat' dir='ltr'><strong><em>omnes</em></strong></span> <span class='ocrx_word' id='word_1_186' title='bbox 350 2678 718 2735; x_wconf 88' lang='lat' dir='ltr'><strong><em>moderentur.</em></strong></span> <span class='ocrx_word' id='word_1_187' title='bbox 775 2681 964 2737; x_wconf 89' lang='lat' dir='ltr'><strong><em>Ausim</em></strong></span> <span class='ocrx_word' id='word_1_188' title='bbox 1013 2682 1173 2752; x_wconf 80' lang='lat' dir='ltr'><strong><em>igitur</em></strong></span> <span class='ocrx_word' id='word_1_189' title='bbox 1218 2680 1487 2737; x_wconf 84' lang='lat' dir='ltr'><strong><em>afﬁrmare</em></strong></span> <span class='ocrx_word' id='word_1_190' title='bbox 1537 2692 1701 2738; x_wconf 89' lang='lat' dir='ltr'><strong><em>totam</em></strong></span> 
     </span>
    </p>
   </div>
   <div class='ocr_carea' id='block_1_27' title="bbox 103 2758 1702 2843">
    <p class='ocr_par' dir='ltr' id='par_1_27' title="bbox 103 2758 1702 2843">
     <span class='ocr_line' id='line_1_27' title="bbox 103 2758 1702 2843; baseline 0.003 -21"><span class='ocrx_word' id='word_1_191' title='bbox 103 2758 252 2824; x_wconf 83' lang='lat' dir='ltr'><strong><em>hanc</em></strong></span> <span class='ocrx_word' id='word_1_192' title='bbox 270 2766 501 2824; x_wconf 75' lang='lat' dir='ltr'><strong><em>formam</em></strong></span> <span class='ocrx_word' id='word_1_193' title='bbox 527 2769 581 2824; x_wconf 91' lang='lat' dir='ltr'><strong><em>in</em></strong></span> <span class='ocrx_word' id='word_1_194' title='bbox 610 2770 791 2824; x_wconf 84' lang='lat' dir='ltr'><strong><em>animo</em></strong></span> <span class='ocrx_word' id='word_1_195' title='bbox 824 2784 923 2826; x_wconf 91' lang='lat' dir='ltr'><strong><em>suo</em></strong></span> <span class='ocrx_word' id='word_1_196' title='bbox 958 2771 1170 2826; x_wconf 88' lang='lat' dir='ltr'><strong><em>beatum</em></strong></span> <span class='ocrx_word' id='word_1_197' title='bbox 1195 2770 1453 2843; x_wconf 87' lang='lat' dir='ltr'><strong><em>lgnatium</em></strong></span> <span class='ocrx_word' id='word_1_198' title='bbox 1481 2788 1702 2842; x_wconf 81' lang='lat' dir='ltr'><strong><em>expres-</em></strong></span> 
     </span>
    </p>
   </div>
   <div class='ocr_carea' id='block_1_28' title="bbox 102 2859 1697 2931">
    <p class='ocr_par' dir='ltr' id='par_1_28' title="bbox 102 2859 1697 2931">
     <span class='ocr_line' id='line_1_28' title="bbox 102 2859 1697 2931; baseline 0.004 -19"><span class='ocrx_word' id='word_1_199' title='bbox 102 2859 247 2914; x_wconf 86' lang='lat' dir='ltr'><strong><em>sisse</em></strong></span> <span class='ocrx_word' id='word_1_200' title='bbox 275 2873 439 2914; x_wconf 82' lang='lat' dir='ltr'><strong><em>:uam</em></strong></span> <span class='ocrx_word' id='word_1_201' title='bbox 469 2868 523 2914; x_wconf 93' lang='lat' dir='ltr'><strong><em>et</em></strong></span> <span class='ocrx_word' id='word_1_202' title='bbox 552 2859 1034 2928; x_wconf 89' lang='lat' dir='ltr'><strong><em>irreprehensibilis</em></strong></span> <span class='ocrx_word' id='word_1_203' title='bbox 1057 2859 1187 2930; x_wconf 83' lang='lat' dir='ltr'><strong><em>fuit,</em></strong></span> <span class='ocrx_word' id='word_1_204' title='bbox 1217 2870 1271 2917; x_wconf 90' lang='lat' dir='ltr'><strong><em>et</em></strong></span> <span class='ocrx_word' id='word_1_205' title='bbox 1295 2862 1410 2918; x_wconf 89' lang='lat' dir='ltr'><strong><em>sine</em></strong></span> <span class='ocrx_word' id='word_1_206' title='bbox 1434 2863 1659 2919; x_wconf 90' lang='lat' dir='ltr'><strong><em>crimine</em></strong></span> <span class='ocrx_word' id='word_1_207' title='bbox 1681 2903 1697 2931; x_wconf 91' lang='lat'><strong><em>,</em></strong></span> 
     </span>
    </p>
   </div>
   <div class='ocr_carea' id='block_1_29' title="bbox 103 2949 1703 3022">
    <p class='ocr_par' dir='ltr' id='par_1_29' title="bbox 103 2949 1703 3022">
     <span class='ocr_line' id='line_1_29' title="bbox 103 2949 1703 3022; baseline 0.004 -20"><span class='ocrx_word' id='word_1_208' title='bbox 103 2962 217 3003; x_wconf 87' lang='lat' dir='ltr'><strong><em>non</em></strong></span> <span class='ocrx_word' id='word_1_209' title='bbox 247 2956 426 3003; x_wconf 91' lang='lat' dir='ltr'><strong><em>autem</em></strong></span> <span class='ocrx_word' id='word_1_210' title='bbox 452 2949 714 3019; x_wconf 89' lang='lat' dir='ltr'><strong><em>superbus</em></strong></span> <span class='ocrx_word' id='word_1_211' title='bbox 739 2990 754 3017; x_wconf 92' lang='lat'><strong><em>,</em></strong></span> <span class='ocrx_word' id='word_1_212' title='bbox 781 2965 956 3022; x_wconf 86' lang='lat' dir='ltr'><strong><em>neque</em></strong></span> <span class='ocrx_word' id='word_1_213' title='bbox 982 2951 1270 3007; x_wconf 89' lang='lat' dir='ltr'><strong><em>iracundus</em></strong></span> <span class='ocrx_word' id='word_1_214' title='bbox 1290 2993 1306 3019; x_wconf 92' lang='lat'><strong><em>,</em></strong></span> <span class='ocrx_word' id='word_1_215' title='bbox 1337 2968 1437 3008; x_wconf 89' lang='lat' dir='ltr'><strong><em>nec</em></strong></span> <span class='ocrx_word' id='word_1_216' title='bbox 1461 2953 1703 3008; x_wconf 84' lang='lat' dir='ltr'><strong><em>vinolen-</em></strong></span> 
     </span>
    </p>
   </div>
   <div class='ocr_carea' id='block_1_30' title="bbox 106 3040 1703 3116">
    <p class='ocr_par' dir='ltr' id='par_1_30' title="bbox 106 3040 1703 3116">
     <span class='ocr_line' id='line_1_30' title="bbox 106 3040 1703 3116; baseline 0.005 -23"><span class='ocrx_word' id='word_1_217' title='bbox 106 3050 225 3106; x_wconf 86' lang='lat' dir='ltr'><strong><em>tus,</em></strong></span> <span class='ocrx_word' id='word_1_218' title='bbox 254 3054 357 3095; x_wconf 91' lang='lat' dir='ltr'><strong><em>nec</em></strong></span> <span class='ocrx_word' id='word_1_219' title='bbox 386 3054 690 3110; x_wconf 83' lang='lat' dir='ltr'><strong><em>percussor,</em></strong></span> <span class='ocrx_word' id='word_1_220' title='bbox 717 3056 817 3097; x_wconf 87' lang='lat' dir='ltr'><strong><em>nec</em></strong></span> <span class='ocrx_word' id='word_1_221' title='bbox 857 3040 1122 3114; x_wconf 74' lang='lat' dir='ltr'><strong><em>litigiosus</em></strong></span> <span class='ocrx_word' id='word_1_222' title='bbox 1141 3085 1157 3110; x_wconf 88' lang='lat'><strong><em>,</em></strong></span> <span class='ocrx_word' id='word_1_223' title='bbox 1187 3057 1287 3100; x_wconf 91' lang='lat' dir='ltr'><strong><em>nec</em></strong></span> <span class='ocrx_word' id='word_1_224' title='bbox 1315 3043 1540 3116; x_wconf 91' lang='lat' dir='ltr'><strong><em>cupidus</em></strong></span> <span class='ocrx_word' id='word_1_225' title='bbox 1563 3087 1579 3112; x_wconf 94' lang='lat'><strong><em>,</em></strong></span> <span class='ocrx_word' id='word_1_226' title='bbox 1606 3043 1703 3101; x_wconf 85' lang='lat' dir='ltr'><strong><em>sed</em></strong></span> 
     </span>
    </p>
   </div>
   <div class='ocr_carea' id='block_1_31' title="bbox 104 3132 1701 3207">
    <p class='ocr_par' dir='ltr' id='par_1_31' title="bbox 104 3132 1701 3207">
     <span class='ocr_line' id='line_1_31' title="bbox 104 3132 1701 3207; baseline 0.004 -22"><span class='ocrx_word' id='word_1_227' title='bbox 104 3132 285 3203; x_wconf 85' lang='lat' dir='ltr'><strong><em>justus</em></strong></span> <span class='ocrx_word' id='word_1_228' title='bbox 303 3173 320 3198; x_wconf 90' lang='lat'><strong><em>,</em></strong></span> <span class='ocrx_word' id='word_1_229' title='bbox 352 3140 566 3190; x_wconf 89' lang='lat' dir='ltr'><strong><em>sanctus</em></strong></span> <span class='ocrx_word' id='word_1_230' title='bbox 585 3174 599 3199; x_wconf 86' lang='lat'><strong><em>,</em></strong></span> <span class='ocrx_word' id='word_1_231' title='bbox 622 3134 902 3190; x_wconf 89' lang='lat' dir='ltr'><strong><em>continens</em></strong></span> <span class='ocrx_word' id='word_1_232' title='bbox 924 3176 938 3200; x_wconf 90' lang='lat'><strong><em>,</em></strong></span> <span class='ocrx_word' id='word_1_233' title='bbox 961 3135 1292 3207; x_wconf 86' lang='lat' dir='ltr'><strong><em>amplectens</em></strong></span> <span class='ocrx_word' id='word_1_234' title='bbox 1310 3151 1469 3203; x_wconf 91' lang='lat' dir='ltr'><strong><em>eum,</em></strong></span> <span class='ocrx_word' id='word_1_235' title='bbox 1499 3136 1590 3207; x_wconf 87' lang='lat' dir='ltr'><strong><em>qui</em></strong></span> <span class='ocrx_word' id='word_1_236' title='bbox 1613 3151 1701 3192; x_wconf 89' lang='lat' dir='ltr'><strong><em>se-</em></strong></span> 
     </span>
    </p>
   </div>
   <div class='ocr_carea' id='block_1_32' title="bbox 105 3225 1698 3298">
    <p class='ocr_par' dir='ltr' id='par_1_32' title="bbox 105 3225 1698 3298">
     <span class='ocr_line' id='line_1_32' title="bbox 105 3225 1698 3298; baseline 0.003 -18"><span class='ocrx_word' id='word_1_237' title='bbox 105 3225 351 3281; x_wconf 89' lang='lat' dir='ltr'><strong><em>cundum</em></strong></span> <span class='ocrx_word' id='word_1_238' title='bbox 372 3226 669 3282; x_wconf 89' lang='lat' dir='ltr'><strong><em>doctrinam</em></strong></span> <span class='ocrx_word' id='word_1_239' title='bbox 701 3236 816 3294; x_wconf 92' lang='lat' dir='ltr'><strong><em>est,</em></strong></span> <span class='ocrx_word' id='word_1_240' title='bbox 849 3228 1061 3285; x_wconf 88' lang='lat' dir='ltr'><strong><em>ﬁdelem</em></strong></span> <span class='ocrx_word' id='word_1_241' title='bbox 1090 3244 1393 3286; x_wconf 87' lang='lat' dir='ltr'><strong><em>sermonem</em></strong></span> <span class='ocrx_word' id='word_1_242' title='bbox 1415 3273 1432 3298; x_wconf 91' lang='lat'><strong><em>,</em></strong></span> <span class='ocrx_word' id='word_1_243' title='bbox 1464 3229 1698 3295; x_wconf 89' lang='lat' dir='ltr'><strong><em>sobrius,</em></strong></span> 
     </span>
    </p>
   </div>
   <div class='ocr_carea' id='block_1_33' title="bbox 108 3317 1704 3391">
    <p class='ocr_par' dir='ltr' id='par_1_33' title="bbox 108 3317 1704 3391">
     <span class='ocr_line' id='line_1_33' title="bbox 108 3317 1704 3391; baseline 0.001 -18"><span class='ocrx_word' id='word_1_244' title='bbox 108 3317 356 3390; x_wconf 85' lang='lat' dir='ltr'><strong><em>prudens</em></strong></span> <span class='ocrx_word' id='word_1_245' title='bbox 377 3359 392 3385; x_wconf 90' lang='lat'><strong><em>,</em></strong></span> <span class='ocrx_word' id='word_1_246' title='bbox 430 3327 679 3386; x_wconf 88' lang='lat' dir='ltr'><strong><em>ornatus,</em></strong></span> <span class='ocrx_word' id='word_1_247' title='bbox 707 3328 763 3375; x_wconf 93' lang='lat' dir='ltr'><strong><em>et</em></strong></span> <span class='ocrx_word' id='word_1_248' title='bbox 788 3327 982 3375; x_wconf 62' lang='lat' dir='ltr'><strong><em>caetera</em></strong></span> <span class='ocrx_word' id='word_1_249' title='bbox 1001 3360 1017 3387; x_wconf 90' lang='lat'><strong><em>,</em></strong></span> <span class='ocrx_word' id='word_1_250' title='bbox 1047 3335 1165 3391; x_wconf 57' lang='lat' dir='ltr'><strong><em>quae</em></strong></span> <span class='ocrx_word' id='word_1_251' title='bbox 1191 3319 1387 3375; x_wconf 88' lang='lat' dir='ltr'><strong><em>Paulus</em></strong></span> <span class='ocrx_word' id='word_1_252' title='bbox 1410 3320 1605 3391; x_wconf 81' lang='lat' dir='ltr'><strong><em>exegit.</em></strong></span> <span class='ocrx_word' id='word_1_253' title='bbox 1626 3319 1704 3375; x_wconf 57' lang='lat' dir='ltr'><strong><em>‘Et</em></strong></span> 
     </span>
    </p>
   </div>
   <div class='ocr_carea' id='block_1_34' title="bbox 104 3408 1702 3483">
    <p class='ocr_par' dir='ltr' id='par_1_34' title="bbox 104 3408 1702 3483">
     <span class='ocr_line' id='line_1_34' title="bbox 104 3408 1702 3483; baseline 0.004 -21"><span class='ocrx_word' id='word_1_254' title='bbox 104 3409 327 3478; x_wconf 87' lang='lat' dir='ltr'><strong><em>quinam</em></strong></span> <span class='ocrx_word' id='word_1_255' title='bbox 357 3419 483 3464; x_wconf 86' lang='lat' dir='ltr'><strong><em>sunt</em></strong></span> <span class='ocrx_word' id='word_1_256' title='bbox 512 3408 701 3465; x_wconf 88' lang='lat' dir='ltr'><strong><em>horum</em></strong></span> <span class='ocrx_word' id='word_1_257' title='bbox 734 3410 934 3467; x_wconf 85' lang='lat' dir='ltr'><strong><em>testes?</em></strong></span> <span class='ocrx_word' id='word_1_258' title='bbox 959 3411 1121 3467; x_wconf 84' lang='lat' dir='ltr'><strong><em>fidem</em></strong></span> <span class='ocrx_word' id='word_1_259' title='bbox 1164 3412 1263 3483; x_wconf 84' lang='lat' dir='ltr'><strong><em>ipsi</em></strong></span> <span class='ocrx_word' id='word_1_260' title='bbox 1285 3413 1374 3483; x_wconf 92' lang='lat' dir='ltr'><strong><em>qui</em></strong></span> <span class='ocrx_word' id='word_1_261' title='bbox 1410 3413 1524 3468; x_wconf 87' lang='lat' dir='ltr'><strong><em>haec</em></strong></span> <span class='ocrx_word' id='word_1_262' title='bbox 1549 3413 1702 3468; x_wconf 81' lang='lat' dir='ltr'><strong><em>dixe-</em></strong></span> 
     </span>
    </p>
   </div>
   <div class='ocr_carea' id='block_1_35' title="bbox 104 3498 1699 3575">
    <p class='ocr_par' dir='ltr' id='par_1_35' title="bbox 104 3498 1699 3575">
     <span class='ocr_line' id='line_1_35' title="bbox 104 3498 1699 3575; baseline 0.002 -19"><span class='ocrx_word' id='word_1_263' title='bbox 104 3509 255 3567; x_wconf 81' lang='lat' dir='ltr'><strong><em>rtmt,</em></strong></span> <span class='ocrx_word' id='word_1_264' title='bbox 280 3501 370 3571; x_wconf 92' lang='lat' dir='ltr'><strong><em>qui</em></strong></span> <span class='ocrx_word' id='word_1_265' title='bbox 391 3499 535 3557; x_wconf 88' lang='lat' dir='ltr'><strong><em>hunc</em></strong></span> <span class='ocrx_word' id='word_1_266' title='bbox 572 3502 733 3557; x_wconf 86' lang='lat' dir='ltr'><strong><em>etiam</em></strong></span> <span class='ocrx_word' id='word_1_267' title='bbox 758 3502 1053 3573; x_wconf 84' lang='lat' dir='ltr'><strong><em>elegerunt.</em></strong></span> <span class='ocrx_word' id='word_1_268' title='bbox 1084 3498 1269 3575; x_wconf 87' lang='lat' dir='ltr'><strong><em>Neque</em></strong></span> <span class='ocrx_word' id='word_1_269' title='bbox 1308 3504 1450 3559; x_wconf 87' lang='lat' dir='ltr'><strong><em>enim</em></strong></span> <span class='ocrx_word' id='word_1_270' title='bbox 1477 3504 1565 3575; x_wconf 88' lang='lat' dir='ltr'><strong><em>qui</em></strong></span> <span class='ocrx_word' id='word_1_271' title='bbox 1593 3514 1699 3559; x_wconf 90' lang='lat' dir='ltr'><strong><em>tam</em></strong></span> 
     </span>
    </p>
   </div>
   <div class='ocr_carea' id='block_1_36' title="bbox 107 3591 1699 3665">
    <p class='ocr_par' dir='ltr' id='par_1_36' title="bbox 107 3591 1699 3665">
     <span class='ocr_line' id='line_1_36' title="bbox 107 3591 1699 3665; baseline 0.003 -20"><span class='ocrx_word' id='word_1_272' title='bbox 107 3591 399 3663; x_wconf 82' lang='lat' dir='ltr'><strong><em>diligenter</em></strong></span> <span class='ocrx_word' id='word_1_273' title='bbox 422 3600 647 3648; x_wconf 75' lang='lat' dir='ltr'><strong><em>cmteros</em></strong></span> <span class='ocrx_word' id='word_1_274' title='bbox 674 3603 993 3649; x_wconf 89' lang='lat' dir='ltr'><strong><em>monuerunt</em></strong></span> <span class='ocrx_word' id='word_1_275' title='bbox 1012 3636 1028 3663; x_wconf 91' lang='lat'><strong><em>,</em></strong></span> <span class='ocrx_word' id='word_1_276' title='bbox 1056 3603 1117 3650; x_wconf 91' lang='lat' dir='ltr'><strong><em>ut</em></strong></span> <span class='ocrx_word' id='word_1_277' title='bbox 1140 3594 1429 3665; x_wconf 85' lang='lat' dir='ltr'><strong><em>probarent</em></strong></span> <span class='ocrx_word' id='word_1_278' title='bbox 1453 3609 1546 3650; x_wconf 92' lang='lat' dir='ltr'><strong><em>eos</em></strong></span> <span class='ocrx_word' id='word_1_279' title='bbox 1567 3636 1582 3660; x_wconf 93' lang='lat'><strong><em>,</em></strong></span> <span class='ocrx_word' id='word_1_280' title='bbox 1611 3595 1699 3665; x_wconf 91' lang='lat' dir='ltr'><strong><em>qui</em></strong></span> 
     </span>
    </p>
   </div>
   <div class='ocr_carea' id='block_1_37' title="bbox 106 3681 1702 3753">
    <p class='ocr_par' dir='ltr' id='par_1_37' title="bbox 106 3681 1702 3753">
     <span class='ocr_line' id='line_1_37' title="bbox 106 3681 1702 3753; baseline 0.001 -16"><span class='ocrx_word' id='word_1_281' title='bbox 106 3685 161 3737; x_wconf 91' lang='lat' dir='ltr'><strong><em>in</em></strong></span> <span class='ocrx_word' id='word_1_282' title='bbox 189 3681 352 3753; x_wconf 82' lang='lat' dir='ltr'><strong><em>hujus</em></strong></span> <span class='ocrx_word' id='word_1_283' title='bbox 373 3682 645 3753; x_wconf 82' lang='lat' dir='ltr'><strong><em>dignitatis</em></strong></span> <span class='ocrx_word' id='word_1_284' title='bbox 679 3683 925 3740; x_wconf 85' lang='lat' dir='ltr'><strong><em>thronum</em></strong></span> <span class='ocrx_word' id='word_1_285' title='bbox 963 3695 1146 3741; x_wconf 89' lang='lat' dir='ltr'><strong><em>essent</em></strong></span> <span class='ocrx_word' id='word_1_286' title='bbox 1181 3685 1456 3740; x_wconf 75' lang='lat' dir='ltr'><strong><em>escensuri</em></strong></span> <span class='ocrx_word' id='word_1_287' title='bbox 1478 3727 1495 3752; x_wconf 91' lang='lat'><strong><em>,</em></strong></span> <span class='ocrx_word' id='word_1_288' title='bbox 1525 3685 1702 3740; x_wconf 90' lang='lat' dir='ltr'><strong><em>obiter</em></strong></span> 
     </span>
    </p>
   </div>
   <div class='ocr_carea' id='block_1_38' title="bbox 104 3775 1699 3848">
    <p class='ocr_par' dir='ltr' id='par_1_38' title="bbox 104 3775 1699 3848">
     <span class='ocr_line' id='line_1_38' title="bbox 104 3775 1699 3848; baseline 0.001 -17"><span class='ocrx_word' id='word_1_289' title='bbox 104 3775 211 3847; x_wconf 87' lang='lat' dir='ltr'><strong><em>ipsi</em></strong></span> <span class='ocrx_word' id='word_1_290' title='bbox 254 3783 347 3829; x_wconf 88' lang='lat' dir='ltr'><strong><em>aut</em></strong></span> <span class='ocrx_word' id='word_1_291' title='bbox 373 3775 705 3846; x_wconf 81' lang='lat' dir='ltr'><strong><em>negligenter</em></strong></span> <span class='ocrx_word' id='word_1_292' title='bbox 742 3775 797 3831; x_wconf 88' lang='lat' dir='ltr'><strong><em>id</em></strong></span> <span class='ocrx_word' id='word_1_293' title='bbox 826 3777 1190 3848; x_wconf 87' lang='lat' dir='ltr'><strong><em>peregissent;</em></strong></span> <span class='ocrx_word' id='word_1_294' title='bbox 1217 3776 1312 3832; x_wconf 91' lang='lat' dir='ltr'><strong><em>sed</em></strong></span> <span class='ocrx_word' id='word_1_295' title='bbox 1341 3777 1444 3832; x_wconf 89' lang='lat' dir='ltr'><strong><em>nisi</em></strong></span> <span class='ocrx_word' id='word_1_296' title='bbox 1476 3785 1699 3832; x_wconf 89' lang='lat' dir='ltr'><strong><em>cunctas</em></strong></span> 
     </span>
    </p>
   </div>
   <div class='ocr_carea' id='block_1_39' title="bbox 105 3849 1699 3940">
    <p class='ocr_par' dir='ltr' id='par_1_39' title="bbox 105 3849 1699 3940">
     <span class='ocr_line' id='line_1_39' title="bbox 105 3849 1699 3940; baseline 0.003 -21"><span class='ocrx_word' id='word_1_297' title='bbox 105 3866 160 3920; x_wconf 91' lang='lat' dir='ltr'><strong><em>in</em></strong></span> <span class='ocrx_word' id='word_1_298' title='bbox 187 3849 445 3936; x_wconf 71' lang='lat' dir='ltr'><strong><em>mariyris</em></strong></span> <span class='ocrx_word' id='word_1_299' title='bbox 459 3864 639 3921; x_wconf 89' lang='lat' dir='ltr'><strong><em>animo</em></strong></span> <span class='ocrx_word' id='word_1_300' title='bbox 662 3866 884 3922; x_wconf 84' lang='lat' dir='ltr'><strong><em>virtutes</em></strong></span> <span class='ocrx_word' id='word_1_301' title='bbox 909 3868 1333 3940; x_wconf 77' lang='lat' dir='ltr'><strong><em>conspexissent,</em></strong></span> <span class='ocrx_word' id='word_1_302' title='bbox 1354 3884 1460 3923; x_wconf 88' lang='lat' dir='ltr'><strong><em>non</em></strong></span> <span class='ocrx_word' id='word_1_303' title='bbox 1484 3869 1620 3924; x_wconf 87' lang='lat' dir='ltr'><strong><em>hanc</em></strong></span> <span class='ocrx_word' id='word_1_304' title='bbox 1646 3867 1699 3923; x_wconf 92' lang='lat' dir='ltr'><strong><em>in</em></strong></span> 
     </span>
    </p>
   </div>
   <div class='ocr_carea' id='block_1_40' title="bbox 107 3957 1702 4030">
    <p class='ocr_par' dir='ltr' id='par_1_40' title="bbox 107 3957 1702 4030">
     <span class='ocr_line' id='line_1_40' title="bbox 107 3957 1702 4030; baseline 0.003 -20"><span class='ocrx_word' id='word_1_305' title='bbox 107 3957 263 4011; x_wconf 90' lang='lat' dir='ltr'><strong><em>illum</em></strong></span> <span class='ocrx_word' id='word_1_306' title='bbox 324 3957 637 4028; x_wconf 89' lang='lat' dir='ltr'><strong><em>dignitatem</em></strong></span> <span class='ocrx_word' id='word_1_307' title='bbox 683 3959 1057 4015; x_wconf 88' lang='lat' dir='ltr'><strong><em>contulissent.</em></strong></span> <span class='ocrx_word' id='word_1_308' title='bbox 1102 3959 1305 4015; x_wconf 86' lang='lat' dir='ltr'><strong><em>Norant</em></strong></span> <span class='ocrx_word' id='word_1_309' title='bbox 1355 3961 1498 4014; x_wconf 90' lang='lat' dir='ltr'><strong><em>enim</em></strong></span> <span class='ocrx_word' id='word_1_310' title='bbox 1543 3961 1702 4030; x_wconf 89' lang='lat' dir='ltr'><strong><em>plane</em></strong></span> 
     </span>
    </p>
   </div>
   <div class='ocr_carea' id='block_1_41' title="bbox 105 4048 1701 4121">
    <p class='ocr_par' dir='ltr' id='par_1_41' title="bbox 105 4048 1701 4121">
     <span class='ocr_line' id='line_1_41' title="bbox 105 4048 1701 4121; baseline 0.002 -19"><span class='ocrx_word' id='word_1_311' title='bbox 105 4064 269 4119; x_wconf 75' lang='lat' dir='ltr'><strong><em>quam</em></strong></span> <span class='ocrx_word' id='word_1_312' title='bbox 314 4049 617 4119; x_wconf 86' lang='lat' dir='ltr'><strong><em>periculose</em></strong></span> <span class='ocrx_word' id='word_1_313' title='bbox 667 4060 889 4121; x_wconf 89' lang='lat' dir='ltr'><strong><em>agerent</em></strong></span> <span class='ocrx_word' id='word_1_314' title='bbox 932 4050 1021 4121; x_wconf 92' lang='lat' dir='ltr'><strong><em>qui</em></strong></span> <span class='ocrx_word' id='word_1_315' title='bbox 1068 4050 1122 4105; x_wconf 94' lang='lat' dir='ltr'><strong><em>in</em></strong></span> <span class='ocrx_word' id='word_1_316' title='bbox 1163 4048 1230 4106; x_wconf 88' lang='lat' dir='ltr'><strong><em>iis</em></strong></span> <span class='ocrx_word' id='word_1_317' title='bbox 1277 4049 1701 4106; x_wconf 87' lang='lat' dir='ltr'><strong><em>ordinationibus</em></strong></span> 
     </span>
    </p>
   </div>
   <div class='ocr_carea' id='block_1_42' title="bbox 104 4133 1698 4212">
    <p class='ocr_par' dir='ltr' id='par_1_42' title="bbox 104 4133 1698 4212">
     <span class='ocr_line' id='line_1_42' title="bbox 104 4133 1698 4212; baseline 0.001 -17"><span class='ocrx_word' id='word_1_318' title='bbox 104 4155 231 4195; x_wconf 85' lang='lat' dir='ltr'><strong><em>sese</em></strong></span> <span class='ocrx_word' id='word_1_319' title='bbox 266 4133 521 4211; x_wconf 83' lang='lat' dir='ltr'><strong><em>gererent</em></strong></span> <span class='ocrx_word' id='word_1_320' title='bbox 560 4141 916 4212; x_wconf 84' lang='lat' dir='ltr'><strong><em>negligenter.</em></strong></span> <span class='ocrx_word' id='word_1_321' title='bbox 961 4140 1114 4208; x_wconf 82' lang='lat' dir='ltr'><strong><em>Quod</em></strong></span> <span class='ocrx_word' id='word_1_322' title='bbox 1156 4140 1369 4210; x_wconf 88' lang='lat' dir='ltr'><strong><em>quidem</em></strong></span> <span class='ocrx_word' id='word_1_323' title='bbox 1400 4154 1583 4195; x_wconf 87' lang='lat' dir='ltr'><strong><em>rursus</em></strong></span> <span class='ocrx_word' id='word_1_324' title='bbox 1607 4156 1698 4196; x_wconf 91' lang='lat' dir='ltr'><strong><em>os-</em></strong></span> 
     </span>
    </p>
   </div>
   <div class='ocr_carea' id='block_1_43' title="bbox 106 4228 1691 4299">
    <p class='ocr_par' dir='ltr' id='par_1_43' title="bbox 106 4228 1691 4299">
     <span class='ocr_line' id='line_1_43' title="bbox 106 4228 1691 4299; baseline 0.001 -13"><span class='ocrx_word' id='word_1_325' title='bbox 106 4231 337 4287; x_wconf 83' lang='lat' dir='ltr'><strong><em>tendens</em></strong></span> <span class='ocrx_word' id='word_1_326' title='bbox 362 4230 559 4287; x_wconf 82' lang='lat' dir='ltr'><strong><em>Paulus</em></strong></span> <span class='ocrx_word' id='word_1_327' title='bbox 583 4273 600 4299; x_wconf 92' lang='lat'><strong><em>,</em></strong></span> <span class='ocrx_word' id='word_1_328' title='bbox 627 4231 695 4286; x_wconf 91' lang='lat' dir='ltr'><strong><em>ad</em></strong></span> <span class='ocrx_word' id='word_1_329' title='bbox 729 4231 976 4288; x_wconf 88' lang='lat' dir='ltr'><strong><em>eumdem</em></strong></span> <span class='ocrx_word' id='word_1_330' title='bbox 1018 4228 1358 4287; x_wconf 84' lang='lat' dir='ltr'><strong><em>Timotheum</em></strong></span> <span class='ocrx_word' id='word_1_331' title='bbox 1406 4232 1647 4289; x_wconf 87' lang='lat' dir='ltr'><strong><em>scribens</em></strong></span> <span class='ocrx_word' id='word_1_332' title='bbox 1676 4250 1691 4287; x_wconf 89' lang='lat'><strong>:</strong></span> 
     </span>
    </p>
   </div>
   <div class='ocr_carea' id='block_1_44' title="bbox 108 4320 1700 4394">
    <p class='ocr_par' dir='ltr' id='par_1_44' title="bbox 108 4320 1700 4394">
     <span class='ocr_line' id='line_1_44' title="bbox 108 4320 1700 4394; baseline 0.003 -19"><span class='ocrx_word' id='word_1_333' title='bbox 108 4320 325 4391; x_wconf 81' lang='lat' dir='ltr'><strong><em>Manus,</em></strong></span> <span class='ocrx_word' id='word_1_334' title='bbox 348 4321 548 4392; x_wconf 90' lang='lat' dir='ltr'><strong><em>inquit,</em></strong></span> <span class='ocrx_word' id='word_1_335' title='bbox 576 4322 676 4377; x_wconf 92' lang='lat' dir='ltr'><strong><em>cito</em></strong></span> <span class='ocrx_word' id='word_1_336' title='bbox 704 4323 892 4378; x_wconf 88' lang='lat' dir='ltr'><strong><em>nemini</em></strong></span> <span class='ocrx_word' id='word_1_337' title='bbox 927 4324 1226 4394; x_wconf 86' lang='lat' dir='ltr'><strong><em>imposueris</em></strong></span> <span class='ocrx_word' id='word_1_338' title='bbox 1248 4364 1263 4390; x_wconf 93' lang='lat'><strong><em>,</em></strong></span> <span class='ocrx_word' id='word_1_339' title='bbox 1294 4340 1452 4394; x_wconf 87' lang='lat' dir='ltr'><strong><em>neque</em></strong></span> <span class='ocrx_word' id='word_1_340' title='bbox 1474 4341 1700 4379; x_wconf 80' lang='lat' dir='ltr'><strong><em>conmm-</em></strong></span> 
     </span>
    </p>
   </div>
   <div class='ocr_carea' id='block_1_45' title="bbox 102 4408 1699 4486">
    <p class='ocr_par' dir='ltr' id='par_1_45' title="bbox 102 4408 1699 4486">
     <span class='ocr_line' id='line_1_45' title="bbox 102 4408 1699 4486; baseline 0.005 -21"><span class='ocrx_word' id='word_1_341' title='bbox 102 4412 356 4467; x_wconf 82' lang='lat' dir='ltr'><strong><em>uicaueris</em></strong></span> <span class='ocrx_word' id='word_1_342' title='bbox 372 4415 571 4484; x_wconf 71' lang='lat' dir='ltr'><strong><em>peccatis</em></strong></span> <span class='ocrx_word' id='word_1_343' title='bbox 596 4408 1217 4486; x_wconf 34' lang='lat' dir='ltr'><strong><em>alienis(l.‘Tim.5.22).</em></strong></span> <span class='ocrx_word' id='word_1_344' title='bbox 1247 4414 1383 4482; x_wconf 86' lang='lat' dir='ltr'><strong><em>Quid</em></strong></span> <span class='ocrx_word' id='word_1_345' title='bbox 1411 4414 1523 4470; x_wconf 81' lang='lat' dir='ltr'><strong><em>ais?</em></strong></span> <span class='ocrx_word' id='word_1_346' title='bbox 1562 4415 1699 4473; x_wconf 90' lang='lat' dir='ltr'><strong><em>alius</em></strong></span> 
     </span>
    </p>
   </div>
   <div class='ocr_carea' id='block_1_46' title="bbox 106 4503 1698 4578">
    <p class='ocr_par' dir='ltr' id='par_1_46' title="bbox 106 4503 1698 4578">
     <span class='ocr_line' id='line_1_46' title="bbox 106 4503 1698 4578; baseline 0.003 -19"><span class='ocrx_word' id='word_1_347' title='bbox 106 4503 370 4573; x_wconf 74' lang='lat' dir='ltr'><strong><em>peccarit,</em></strong></span> <span class='ocrx_word' id='word_1_348' title='bbox 399 4515 455 4559; x_wconf 88' lang='lat' dir='ltr'><strong><em>et</em></strong></span> <span class='ocrx_word' id='word_1_349' title='bbox 480 4517 580 4576; x_wconf 87' lang='lat' dir='ltr'><strong><em>ego</em></strong></span> <span class='ocrx_word' id='word_1_350' title='bbox 608 4505 890 4561; x_wconf 90' lang='lat' dir='ltr'><strong><em>criminum</em></strong></span> <span class='ocrx_word' id='word_1_351' title='bbox 907 4514 962 4562; x_wconf 90' lang='lat' dir='ltr'><strong><em>et</em></strong></span> <span class='ocrx_word' id='word_1_352' title='bbox 989 4506 1237 4577; x_wconf 87' lang='lat' dir='ltr'><strong><em>supplicii</em></strong></span> <span class='ocrx_word' id='word_1_353' title='bbox 1265 4507 1534 4578; x_wconf 85' lang='lat' dir='ltr'><strong><em>particeps</em></strong></span> <span class='ocrx_word' id='word_1_354' title='bbox 1559 4506 1698 4565; x_wconf 80' lang='lat' dir='ltr'><strong><em>ero?</em></strong></span> 
     </span>
    </p>
   </div>
   <div class='ocr_carea' id='block_1_47' title="bbox 103 4593 1698 4666">
    <p class='ocr_par' dir='ltr' id='par_1_47' title="bbox 103 4593 1698 4666">
     <span class='ocr_line' id='line_1_47' title="bbox 103 4593 1698 4666; baseline 0.005 -18"><span class='ocrx_word' id='word_1_355' title='bbox 103 4593 566 4665; x_wconf 76' lang='lat' dir='ltr'><strong><em>Quidui,inquit,</em></strong></span> <span class='ocrx_word' id='word_1_356' title='bbox 593 4609 715 4650; x_wconf 90' lang='lat' dir='ltr'><strong><em>cum</em></strong></span> <span class='ocrx_word' id='word_1_357' title='bbox 756 4596 1002 4666; x_wconf 86' lang='lat' dir='ltr'><strong><em>improbo</em></strong></span> <span class='ocrx_word' id='word_1_358' title='bbox 1049 4596 1262 4654; x_wconf 83' lang='lat' dir='ltr'><strong><em>dederis</em></strong></span> <span class='ocrx_word' id='word_1_359' title='bbox 1313 4600 1698 4656; x_wconf 83' lang='lat' dir='ltr'><strong><em>occasionem?</em></strong></span> 
     </span>
    </p>
   </div>
   <div class='ocr_carea' id='block_1_48' title="bbox 102 4683 1696 4762">
    <p class='ocr_par' dir='ltr' id='par_1_48' title="bbox 102 4683 1696 4762">
     <span class='ocr_line' id='line_1_48' title="bbox 102 4683 1696 4762; baseline 0.004 -21"><span class='ocrx_word' id='word_1_360' title='bbox 102 4684 256 4741; x_wconf 87' lang='lat' dir='ltr'><strong><em>Sicut</em></strong></span> <span class='ocrx_word' id='word_1_361' title='bbox 282 4685 431 4742; x_wconf 89' lang='lat' dir='ltr'><strong><em>enim</em></strong></span> <span class='ocrx_word' id='word_1_362' title='bbox 457 4684 547 4755; x_wconf 87' lang='lat' dir='ltr'><strong><em>qui</em></strong></span> <span class='ocrx_word' id='word_1_363' title='bbox 569 4683 772 4742; x_wconf 88' lang='lat' dir='ltr'><strong><em>furioso</em></strong></span> <span class='ocrx_word' id='word_1_364' title='bbox 796 4696 955 4758; x_wconf 89' lang='lat' dir='ltr'><strong><em>atque</em></strong></span> <span class='ocrx_word' id='word_1_365' title='bbox 983 4690 1181 4745; x_wconf 89' lang='lat' dir='ltr'><strong><em>amenti</em></strong></span> <span class='ocrx_word' id='word_1_366' title='bbox 1220 4700 1432 4746; x_wconf 88' lang='lat' dir='ltr'><strong><em>acutum</em></strong></span> <span class='ocrx_word' id='word_1_367' title='bbox 1461 4691 1696 4762; x_wconf 88' lang='lat' dir='ltr'><strong><em>gladium</em></strong></span> 
     </span>
    </p>
   </div>
   <div class='ocr_carea' id='block_1_49' title="bbox 107 4776 1698 4849">
    <p class='ocr_par' dir='ltr' id='par_1_49' title="bbox 107 4776 1698 4849">
     <span class='ocr_line' id='line_1_49' title="bbox 107 4776 1698 4849; baseline 0.004 -18"><span class='ocrx_word' id='word_1_368' title='bbox 107 4776 341 4847; x_wconf 75' lang='lat' dir='ltr'><strong><em>praabet,</em></strong></span> <span class='ocrx_word' id='word_1_369' title='bbox 370 4792 478 4848; x_wconf 93' lang='lat' dir='ltr'><strong><em>quo</em></strong></span> <span class='ocrx_word' id='word_1_370' title='bbox 502 4777 590 4834; x_wconf 91' lang='lat' dir='ltr'><strong><em>ille</em></strong></span> <span class='ocrx_word' id='word_1_371' title='bbox 612 4776 798 4834; x_wconf 79' lang='lat' dir='ltr'><strong><em>furens</em></strong></span> <span class='ocrx_word' id='word_1_372' title='bbox 836 4778 1038 4835; x_wconf 64' lang='lat' dir='ltr'><strong><em>caedem</em></strong></span> <span class='ocrx_word' id='word_1_373' title='bbox 1070 4779 1247 4849; x_wconf 87' lang='lat' dir='ltr'><strong><em>faciat,</em></strong></span> <span class='ocrx_word' id='word_1_374' title='bbox 1275 4782 1320 4837; x_wconf 91' lang='lat' dir='ltr'><strong><em>is</em></strong></span> <span class='ocrx_word' id='word_1_375' title='bbox 1351 4780 1511 4839; x_wconf 64' lang='lat' dir='ltr'><strong><em>caedis</em></strong></span> <span class='ocrx_word' id='word_1_376' title='bbox 1539 4784 1698 4838; x_wconf 86' lang='lat' dir='ltr'><strong><em>susti-</em></strong></span> 
     </span>
    </p>
   </div>
   <div class='ocr_carea' id='block_1_50' title="bbox 107 4870 1697 4946">
    <p class='ocr_par' dir='ltr' id='par_1_50' title="bbox 107 4870 1697 4946">
     <span class='ocr_line' id='line_1_50' title="bbox 107 4870 1697 4946; baseline 0.006 -22"><span class='ocrx_word' id='word_1_377' title='bbox 107 4879 201 4927; x_wconf 91' lang='lat' dir='ltr'><strong><em>net</em></strong></span> <span class='ocrx_word' id='word_1_378' title='bbox 216 4870 434 4940; x_wconf 90' lang='lat' dir='ltr'><strong><em>culpam</em></strong></span> <span class='ocrx_word' id='word_1_379' title='bbox 459 4886 473 4926; x_wconf 90' lang='lat'>:</span> <span class='ocrx_word' id='word_1_380' title='bbox 498 4871 576 4927; x_wconf 90' lang='lat' dir='ltr'><strong><em>sic</em></strong></span> <span class='ocrx_word' id='word_1_381' title='bbox 602 4872 766 4927; x_wconf 87' lang='lat' dir='ltr'><strong><em>etiam</em></strong></span> <span class='ocrx_word' id='word_1_382' title='bbox 800 4872 891 4944; x_wconf 90' lang='lat' dir='ltr'><strong><em>qui</em></strong></span> <span class='ocrx_word' id='word_1_383' title='bbox 921 4872 1163 4945; x_wconf 89' lang='lat' dir='ltr'><strong><em>improbe</em></strong></span> <span class='ocrx_word' id='word_1_384' title='bbox 1188 4874 1385 4931; x_wconf 79' lang='lat' dir='ltr'><strong><em>viventi</em></strong></span> <span class='ocrx_word' id='word_1_385' title='bbox 1425 4875 1697 4946; x_wconf 88' lang='lat' dir='ltr'><strong><em>dignitatis</em></strong></span> 
     </span>
    </p>
   </div>
   <div class='ocr_carea' id='block_1_51' title="bbox 105 4962 1699 5039">
    <p class='ocr_par' dir='ltr' id='par_1_51' title="bbox 105 4962 1699 5039">
     <span class='ocr_line' id='line_1_51' title="bbox 105 4962 1699 5039; baseline 0.007 -22"><span class='ocrx_word' id='word_1_386' title='bbox 105 4963 267 5035; x_wconf 88' lang='lat' dir='ltr'><strong><em>hujus</em></strong></span> <span class='ocrx_word' id='word_1_387' title='bbox 290 4962 513 5020; x_wconf 79' lang='lat' dir='ltr'><strong><em>exhibet</em></strong></span> <span class='ocrx_word' id='word_1_388' title='bbox 537 4965 876 5034; x_wconf 88' lang='lat' dir='ltr'><strong><em>facultatem,</em></strong></span> <span class='ocrx_word' id='word_1_389' title='bbox 904 4975 1074 5023; x_wconf 86' lang='lat' dir='ltr'><strong><em>totum</em></strong></span> <span class='ocrx_word' id='word_1_390' title='bbox 1100 4978 1438 5039; x_wconf 89' lang='lat' dir='ltr'><strong><em>peccatorum</em></strong></span> <span class='ocrx_word' id='word_1_391' title='bbox 1466 4970 1606 5027; x_wconf 86' lang='lat' dir='ltr'><strong><em>illius</em></strong></span> <span class='ocrx_word' id='word_1_392' title='bbox 1644 4970 1699 5027; x_wconf 81' lang='lat' dir='ltr'><strong><em>et</em></strong></span> 
     </span>
    </p>
   </div>
   <div class='ocr_carea' id='block_1_52' title="bbox 102 5056 1692 5132">
    <p class='ocr_par' dir='ltr' id='par_1_52' title="bbox 102 5056 1692 5132">
     <span class='ocr_line' id='line_1_52' title="bbox 102 5056 1692 5132; baseline 0.004 -21"><span class='ocrx_word' id='word_1_393' title='bbox 102 5056 404 5112; x_wconf 88' lang='lat' dir='ltr'><strong><em>facinorum</em></strong></span> <span class='ocrx_word' id='word_1_394' title='bbox 443 5058 619 5127; x_wconf 87' lang='lat' dir='ltr'><strong><em>ignem</em></strong></span> <span class='ocrx_word' id='word_1_395' title='bbox 646 5056 813 5115; x_wconf 86' lang='lat' dir='ltr'><strong><em>trahit</em></strong></span> <span class='ocrx_word' id='word_1_396' title='bbox 854 5068 1016 5130; x_wconf 87' lang='lat' dir='ltr'><strong><em>super</em></strong></span> <span class='ocrx_word' id='word_1_397' title='bbox 1043 5067 1206 5130; x_wconf 87' lang='lat' dir='ltr'><strong><em>caput</em></strong></span> <span class='ocrx_word' id='word_1_398' title='bbox 1233 5075 1420 5127; x_wconf 91' lang='lat' dir='ltr'><strong><em>suum;</em></strong></span> <span class='ocrx_word' id='word_1_399' title='bbox 1453 5076 1575 5116; x_wconf 90' lang='lat' dir='ltr'><strong><em>nam</em></strong></span> <span class='ocrx_word' id='word_1_400' title='bbox 1601 5063 1692 5132; x_wconf 90' lang='lat' dir='ltr'><strong><em>qui</em></strong></span> 
     </span>
    </p>
   </div>
   <div class='ocr_carea' id='block_1_53' title="bbox 103 5148 1698 5221">
    <p class='ocr_par' dir='ltr' id='par_1_53' title="bbox 103 5148 1698 5221">
     <span class='ocr_line' id='line_1_53' title="bbox 103 5148 1698 5221; baseline 0.003 -18"><span class='ocrx_word' id='word_1_401' title='bbox 103 5148 305 5204; x_wconf 86' lang='lat' dir='ltr'><strong><em>radicis</em></strong></span> <span class='ocrx_word' id='word_1_402' title='bbox 352 5156 439 5205; x_wconf 88' lang='lat' dir='ltr'><strong><em>est</em></strong></span> <span class='ocrx_word' id='word_1_403' title='bbox 473 5163 664 5217; x_wconf 88' lang='lat' dir='ltr'><strong><em>causa,</em></strong></span> <span class='ocrx_word' id='word_1_404' title='bbox 696 5149 742 5205; x_wconf 91' lang='lat' dir='ltr'><strong><em>is</em></strong></span> <span class='ocrx_word' id='word_1_405' title='bbox 769 5150 1008 5205; x_wconf 89' lang='lat' dir='ltr'><strong><em>omnium</em></strong></span> <span class='ocrx_word' id='word_1_406' title='bbox 1052 5166 1120 5206; x_wconf 77' lang='lat' dir='ltr'><strong><em>ex</em></strong></span> <span class='ocrx_word' id='word_1_407' title='bbox 1162 5151 1341 5207; x_wconf 88' lang='lat' dir='ltr'><strong><em>radice</em></strong></span> <span class='ocrx_word' id='word_1_408' title='bbox 1380 5152 1698 5221; x_wconf 66' lang='lat' dir='ltr'><strong><em>proveniet!-</em></strong></span> 
     </span>
    </p>
   </div>
   <div class='ocr_carea' id='block_1_54' title="bbox 102 5236 1697 5317">
    <p class='ocr_par' dir='ltr' id='par_1_54' title="bbox 102 5236 1697 5317">
     <span class='ocr_line' id='line_1_54' title="bbox 102 5236 1697 5317; baseline 0.003 -20"><span class='ocrx_word' id='word_1_409' title='bbox 102 5244 239 5297; x_wconf 89' lang='lat' dir='ltr'><strong><em>tium</em></strong></span> <span class='ocrx_word' id='word_1_410' title='bbox 266 5250 458 5297; x_wconf 89' lang='lat' dir='ltr'><strong><em>auctor</em></strong></span> <span class='ocrx_word' id='word_1_411' title='bbox 495 5250 596 5299; x_wconf 88' lang='lat' dir='ltr'><strong><em>est.</em></strong></span> <span class='ocrx_word' id='word_1_412' title='bbox 626 5236 813 5298; x_wconf 71' lang='lat' dir='ltr'><strong><em>Viden’</em></strong></span> <span class='ocrx_word' id='word_1_413' title='bbox 840 5242 1110 5315; x_wconf 90' lang='lat' dir='ltr'><strong><em>quomodo</em></strong></span> <span class='ocrx_word' id='word_1_414' title='bbox 1137 5243 1333 5315; x_wconf 82' lang='lat' dir='ltr'><strong><em>duplex</em></strong></span> <span class='ocrx_word' id='word_1_415' title='bbox 1359 5238 1553 5301; x_wconf 80' lang='lat' dir='ltr'><strong><em>corona</em></strong></span> <span class='ocrx_word' id='word_1_416' title='bbox 1582 5238 1697 5317; x_wconf 89' lang='lat' dir='ltr'><strong><em>epi-</em></strong></span> 
     </span>
    </p>
   </div>
   <div class='ocr_carea' id='block_1_55' title="bbox 103 5324 1695 5406">
    <p class='ocr_par' dir='ltr' id='par_1_55' title="bbox 103 5324 1695 5406">
     <span class='ocr_line' id='line_1_55' title="bbox 103 5324 1695 5406; baseline 0.003 -19"><span class='ocrx_word' id='word_1_417' title='bbox 103 5345 362 5404; x_wconf 88' lang='lat' dir='ltr'><strong><em>scopatus</em></strong></span> <span class='ocrx_word' id='word_1_418' title='bbox 392 5324 648 5404; x_wconf 79' lang='lat' dir='ltr'><strong><em>appareat</em></strong></span> <span class='ocrx_word' id='word_1_419' title='bbox 667 5374 683 5400; x_wconf 93' lang='lat'><strong><em>,</em></strong></span> <span class='ocrx_word' id='word_1_420' title='bbox 709 5341 765 5389; x_wconf 89' lang='lat' dir='ltr'><strong><em>et</em></strong></span> <span class='ocrx_word' id='word_1_421' title='bbox 790 5330 941 5404; x_wconf 82' lang='lat' dir='ltr'><strong><em>quod</em></strong></span> <span class='ocrx_word' id='word_1_422' title='bbox 960 5333 1188 5404; x_wconf 85' lang='lat' dir='ltr'><strong><em>dignitas</em></strong></span> <span class='ocrx_word' id='word_1_423' title='bbox 1212 5349 1398 5391; x_wconf 90' lang='lat' dir='ltr'><strong><em>eorum</em></strong></span> <span class='ocrx_word' id='word_1_424' title='bbox 1421 5377 1436 5404; x_wconf 96' lang='lat'><strong><em>,</em></strong></span> <span class='ocrx_word' id='word_1_425' title='bbox 1464 5335 1552 5406; x_wconf 89' lang='lat' dir='ltr'><strong><em>qui</em></strong></span> <span class='ocrx_word' id='word_1_426' title='bbox 1579 5351 1695 5392; x_wconf 91' lang='lat' dir='ltr'><strong><em>ma-</em></strong></span> 
     </span>
    </p>
   </div>
   <div class='ocr_carea' id='block_1_56' title="bbox 101 5410 1693 5497">
    <p class='ocr_par' dir='ltr' id='par_1_56' title="bbox 101 5410 1693 5497">
     <span class='ocr_line' id='line_1_56' title="bbox 101 5410 1693 5497; baseline 0.004 -19"><span class='ocrx_word' id='word_1_427' title='bbox 101 5440 204 5480; x_wconf 88' lang='lat' dir='ltr'><strong><em>nus</em></strong></span> <span class='ocrx_word' id='word_1_428' title='bbox 234 5425 319 5480; x_wconf 87' lang='lat' dir='ltr'><strong><em>illi</em></strong></span> <span class='ocrx_word' id='word_1_429' title='bbox 361 5424 764 5495; x_wconf 89' lang='lat' dir='ltr'><strong><em>imposuerunt,</em></strong></span> <span class='ocrx_word' id='word_1_430' title='bbox 806 5423 921 5496; x_wconf 87' lang='lat' dir='ltr'><strong><em>ejus</em></strong></span> <span class='ocrx_word' id='word_1_431' title='bbox 963 5410 1330 5495; x_wconf 50' lang='lat' dir='ltr'><strong><em>principatum&quot;</em></strong></span> <span class='ocrx_word' id='word_1_432' title='bbox 1361 5426 1693 5497; x_wconf 67' lang='lat' dir='ltr'><strong><em>Splendidis-</em></strong></span> 
     </span>
    </p>
   </div>
   <div class='ocr_carea' id='block_1_57' title="bbox 104 5513 1694 5584">
    <p class='ocr_par' dir='ltr' id='par_1_57' title="bbox 104 5513 1694 5584">
     <span class='ocr_line' id='line_1_57' title="bbox 104 5513 1694 5584; baseline 0.005 -16"><span class='ocrx_word' id='word_1_433' title='bbox 104 5532 217 5571; x_wconf 84' lang='lat' dir='ltr'><strong><em>rem</em></strong></span> <span class='ocrx_word' id='word_1_434' title='bbox 252 5513 446 5584; x_wconf 88' lang='lat' dir='ltr'><strong><em>faciat,</em></strong></span> <span class='ocrx_word' id='word_1_435' title='bbox 471 5523 527 5570; x_wconf 90' lang='lat' dir='ltr'><strong><em>et</em></strong></span> <span class='ocrx_word' id='word_1_436' title='bbox 561 5516 799 5572; x_wconf 89' lang='lat' dir='ltr'><strong><em>omnium</em></strong></span> <span class='ocrx_word' id='word_1_437' title='bbox 828 5516 878 5572; x_wconf 92' lang='lat' dir='ltr'><strong><em>ei</em></strong></span> <span class='ocrx_word' id='word_1_438' title='bbox 907 5517 1161 5572; x_wconf 80' lang='lat' dir='ltr'><strong><em>virtutum</em></strong></span> <span class='ocrx_word' id='word_1_439' title='bbox 1205 5518 1565 5575; x_wconf 90' lang='lat' dir='ltr'><strong><em>testimonium</em></strong></span> <span class='ocrx_word' id='word_1_440' title='bbox 1594 5534 1694 5576; x_wconf 78' lang='lat' dir='ltr'><strong><em>cx-</em></strong></span> 
     </span>
    </p>
   </div>
   <div class='ocr_carea' id='block_1_58' title="bbox 100 5607 325 5663">
    <p class='ocr_par' dir='ltr' id='par_1_58' title="bbox 100 5607 325 5663">
     <span class='ocr_line' id='line_1_58' title="bbox 100 5607 325 5663; baseline 0.009 -4"><span class='ocrx_word' id='word_1_441' title='bbox 100 5607 325 5663; x_wconf 81' lang='lat' dir='ltr'><strong><em>hibeat?</em></strong></span> 
     </span>
    </p>
   </div>
   <div class='ocr_carea' id='block_1_59' title="bbox 172 5698 1691 5773">
    <p class='ocr_par' dir='ltr' id='par_1_59' title="bbox 172 5698 1691 5773">
     <span class='ocr_line' id='line_1_59' title="bbox 172 5698 1691 5773; baseline 0.003 -17"><span class='ocrx_word' id='word_1_442' title='bbox 172 5701 232 5757; x_wconf 77' lang='lat'><strong><em>3.</em></strong></span> <span class='ocrx_word' id='word_1_443' title='bbox 258 5698 440 5755; x_wconf 83' lang='lat' dir='ltr'><strong><em>Vultis</em></strong></span> <span class='ocrx_word' id='word_1_444' title='bbox 480 5707 537 5756; x_wconf 89' lang='lat' dir='ltr'><strong><em>ut</em></strong></span> <span class='ocrx_word' id='word_1_445' title='bbox 576 5700 734 5757; x_wconf 87' lang='lat' dir='ltr'><strong><em>aliam</em></strong></span> <span class='ocrx_word' id='word_1_446' title='bbox 771 5701 924 5757; x_wconf 89' lang='lat' dir='ltr'><strong><em>vobis</em></strong></span> <span class='ocrx_word' id='word_1_447' title='bbox 962 5715 1030 5756; x_wconf 77' lang='lat' dir='ltr'><strong><em>ex</em></strong></span> <span class='ocrx_word' id='word_1_448' title='bbox 1059 5700 1160 5756; x_wconf 90' lang='lat' dir='ltr'><strong><em>hoc</em></strong></span> <span class='ocrx_word' id='word_1_449' title='bbox 1201 5701 1318 5772; x_wconf 90' lang='lat' dir='ltr'><strong><em>ipso</em></strong></span> <span class='ocrx_word' id='word_1_450' title='bbox 1346 5702 1691 5773; x_wconf 88' lang='lat' dir='ltr'><strong><em>pullulantem</em></strong></span> 
     </span>
    </p>
   </div>
   <div class='ocr_carea' id='block_1_60' title="bbox 102 5792 1689 5867">
    <p class='ocr_par' dir='ltr' id='par_1_60' title="bbox 102 5792 1689 5867">
     <span class='ocr_line' id='line_1_60' title="bbox 102 5792 1689 5867; baseline 0.003 -19"><span class='ocrx_word' id='word_1_451' title='bbox 102 5805 367 5849; x_wconf 84' lang='lat' dir='ltr'><strong><em>coronam</em></strong></span> <span class='ocrx_word' id='word_1_452' title='bbox 411 5792 935 5864; x_wconf 78' lang='lat' dir='ltr'><strong><em>aperiam?‘l‘empus</em></strong></span> <span class='ocrx_word' id='word_1_453' title='bbox 972 5793 1292 5865; x_wconf 82' lang='lat' dir='ltr'><strong><em>cogitemus,</em></strong></span> <span class='ocrx_word' id='word_1_454' title='bbox 1318 5808 1424 5865; x_wconf 86' lang='lat' dir='ltr'><strong><em>quo</em></strong></span> <span class='ocrx_word' id='word_1_455' title='bbox 1458 5793 1689 5867; x_wconf 86' lang='lat' dir='ltr'><strong><em>dignita-</em></strong></span> 
     </span>
    </p>
   </div>
   <div class='ocr_carea' id='block_1_61' title="bbox 1340 346 2311 441">
    <p class='ocr_par' dir='ltr' id='par_1_61' title="bbox 1340 346 2311 441">
     <span class='ocr_line' id='line_1_61' title="bbox 1340 346 2311 441; baseline 0.007 -37"><span class='ocrx_word' id='word_1_456' title='bbox 1340 346 1411 404; x_wconf 81' lang='lat' dir='ltr'><strong><em>IN</em></strong></span> <span class='ocrx_word' id='word_1_457' title='bbox 1446 348 1503 441; x_wconf 69' lang='lat' dir='ltr'><strong><em>S.</em></strong></span> <span class='ocrx_word' id='word_1_458' title='bbox 1534 346 1863 409; x_wconf 73' lang='lat' dir='ltr'><strong><em>lGNATIUM</em></strong></span> <span class='ocrx_word' id='word_1_459' title='bbox 1900 351 2311 411; x_wconf 72' lang='lat' dir='ltr'><strong><em>MAR&#39;I‘YREM.</em></strong></span> 
     </span>
    </p>
   </div>
   <div class='ocr_carea' id='block_1_62' title="bbox 1828 466 3431 542">
    <p class='ocr_par' dir='ltr' id='par_1_62' title="bbox 1828 466 3431 542">
     <span class='ocr_line' id='line_1_62' title="bbox 1828 466 3431 542; baseline 0.006 -21"><span class='ocrx_word' id='word_1_460' title='bbox 1828 474 1936 521; x_wconf 88' lang='lat' dir='ltr'><strong><em>tem</em></strong></span> <span class='ocrx_word' id='word_1_461' title='bbox 1987 466 2128 523; x_wconf 89' lang='lat' dir='ltr'><strong><em>hanc</em></strong></span> <span class='ocrx_word' id='word_1_462' title='bbox 2166 476 2249 524; x_wconf 89' lang='lat' dir='ltr'><strong><em>est</em></strong></span> <span class='ocrx_word' id='word_1_463' title='bbox 2297 477 2636 540; x_wconf 87' lang='lat' dir='ltr'><strong><em>assequutus.</em></strong></span> <span class='ocrx_word' id='word_1_464' title='bbox 2678 468 2862 542; x_wconf 82' lang='lat' dir='ltr'><strong><em>Neque</em></strong></span> <span class='ocrx_word' id='word_1_465' title='bbox 2899 468 3041 527; x_wconf 87' lang='lat' dir='ltr'><strong><em>enim</em></strong></span> <span class='ocrx_word' id='word_1_466' title='bbox 3088 470 3275 529; x_wconf 81' lang='lat' dir='ltr'><strong><em>eadem</em></strong></span> <span class='ocrx_word' id='word_1_467' title='bbox 3334 474 3431 531; x_wconf 67' lang='lat' dir='ltr'><strong><em>est‘</em></strong></span> 
     </span>
    </p>
   </div>
   <div class='ocr_carea' id='block_1_63' title="bbox 1823 545 3413 634">
    <p class='ocr_par' dir='ltr' id='par_1_63' title="bbox 1823 545 3413 634">
     <span class='ocr_line' id='line_1_63' title="bbox 1823 545 3413 634; baseline 0.006 -22"><span class='ocrx_word' id='word_1_468' title='bbox 1823 571 2003 627; x_wconf 87' lang='lat' dir='ltr'><strong><em>nunc,</em></strong></span> <span class='ocrx_word' id='word_1_469' title='bbox 2035 573 2154 630; x_wconf 76' lang='lat' dir='ltr'><strong><em>qua:</em></strong></span> <span class='ocrx_word' id='word_1_470' title='bbox 2183 567 2309 614; x_wconf 92' lang='lat' dir='ltr'><strong><em>tunc</em></strong></span> <span class='ocrx_word' id='word_1_471' title='bbox 2353 545 2828 628; x_wconf 82' lang='lat' dir='ltr'><strong><em>erat,Ecclesiam</em></strong></span> <span class='ocrx_word' id='word_1_472' title='bbox 2857 560 3185 634; x_wconf 61' lang='lat' dir='ltr'><strong><em>gubernandi</em></strong></span> <span class='ocrx_word' id='word_1_473' title='bbox 3226 565 3413 621; x_wconf 84' lang='lat' dir='ltr'><strong><em>condi-</em></strong></span> 
     </span>
    </p>
   </div>
   <div class='ocr_carea' id='block_1_64' title="bbox 1822 650 3410 727">
    <p class='ocr_par' dir='ltr' id='par_1_64' title="bbox 1822 650 3410 727">
     <span class='ocr_line' id='line_1_64' title="bbox 1822 650 3410 727; baseline 0.005 -22"><span class='ocrx_word' id='word_1_474' title='bbox 1822 650 1899 705; x_wconf 88' lang='lat' dir='ltr'><strong><em>tio</em></strong></span> <span class='ocrx_word' id='word_1_475' title='bbox 1930 667 1945 704; x_wconf 91' lang='lat'>:</span> <span class='ocrx_word' id='word_1_476' title='bbox 1974 659 2164 708; x_wconf 91' lang='lat' dir='ltr'><strong><em>utnon</em></strong></span> <span class='ocrx_word' id='word_1_477' title='bbox 2194 652 2411 724; x_wconf 82' lang='lat' dir='ltr'><strong><em>aequalis</em></strong></span> <span class='ocrx_word' id='word_1_478' title='bbox 2452 662 2536 709; x_wconf 88' lang='lat' dir='ltr'><strong><em>est</em></strong></span> <span class='ocrx_word' id='word_1_479' title='bbox 2558 652 2716 710; x_wconf 87' lang='lat' dir='ltr'><strong><em>labor</em></strong></span> <span class='ocrx_word' id='word_1_480' title='bbox 2746 655 2897 710; x_wconf 75' lang='lat' dir='ltr'><strong><em>viam</em></strong></span> <span class='ocrx_word' id='word_1_481' title='bbox 2928 656 3109 711; x_wconf 87' lang='lat' dir='ltr'><strong><em>tritam</em></strong></span> <span class='ocrx_word' id='word_1_482' title='bbox 3149 664 3205 712; x_wconf 84' lang='lat' dir='ltr'><strong><em>et</em></strong></span> <span class='ocrx_word' id='word_1_483' title='bbox 3251 656 3410 727; x_wconf 84' lang='lat' dir='ltr'><strong><em>plane</em></strong></span> 
     </span>
    </p>
   </div>
   <div class='ocr_carea' id='block_1_65' title="bbox 1822 745 3410 820">
    <p class='ocr_par' dir='ltr' id='par_1_65' title="bbox 1822 745 3410 820">
     <span class='ocr_line' id='line_1_65' title="bbox 1822 745 3410 820; baseline 0.004 -23"><span class='ocrx_word' id='word_1_484' title='bbox 1822 751 2059 814; x_wconf 88' lang='lat' dir='ltr'><strong><em>paratam</em></strong></span> <span class='ocrx_word' id='word_1_485' title='bbox 2086 753 2207 815; x_wconf 88' lang='lat' dir='ltr'><strong><em>post</em></strong></span> <span class='ocrx_word' id='word_1_486' title='bbox 2227 746 2425 801; x_wconf 91' lang='lat' dir='ltr'><strong><em>multos</em></strong></span> <span class='ocrx_word' id='word_1_487' title='bbox 2451 745 2658 817; x_wconf 87' lang='lat' dir='ltr'><strong><em>ingredi</em></strong></span> <span class='ocrx_word' id='word_1_488' title='bbox 2679 746 2932 815; x_wconf 81' lang='lat' dir='ltr'><strong><em>viatores,</em></strong></span> <span class='ocrx_word' id='word_1_489' title='bbox 2964 755 3127 819; x_wconf 82' lang='lat' dir='ltr'><strong><em>atque</em></strong></span> <span class='ocrx_word' id='word_1_490' title='bbox 3152 764 3270 804; x_wconf 88' lang='lat' dir='ltr'><strong><em>eam</em></strong></span> <span class='ocrx_word' id='word_1_491' title='bbox 3289 765 3410 820; x_wconf 65' lang='lat' dir='ltr'><strong><em>quas</em></strong></span> 
     </span>
    </p>
   </div>
   <div class='ocr_carea' id='block_1_66' title="bbox 1822 837 3401 911">
    <p class='ocr_par' dir='ltr' id='par_1_66' title="bbox 1822 837 3401 911">
     <span class='ocr_line' id='line_1_66' title="bbox 1822 837 3401 911; baseline 0.002 -20"><span class='ocrx_word' id='word_1_492' title='bbox 1822 852 1965 893; x_wconf 91' lang='lat' dir='ltr'><strong><em>nunc</em></strong></span> <span class='ocrx_word' id='word_1_493' title='bbox 1986 837 2158 908; x_wconf 91' lang='lat' dir='ltr'><strong><em>primo</em></strong></span> <span class='ocrx_word' id='word_1_494' title='bbox 2182 838 2414 895; x_wconf 90' lang='lat' dir='ltr'><strong><em>secanda</em></strong></span> <span class='ocrx_word' id='word_1_495' title='bbox 2435 848 2537 907; x_wconf 88' lang='lat' dir='ltr'><strong><em>est,</em></strong></span> <span class='ocrx_word' id='word_1_496' title='bbox 2557 854 2781 910; x_wconf 71' lang='lat' dir='ltr'><strong><em>qumque</em></strong></span> <span class='ocrx_word' id='word_1_497' title='bbox 2805 851 3094 911; x_wconf 67' lang='lat' dir='ltr'><strong><em>prmupta,</em></strong></span> <span class='ocrx_word' id='word_1_498' title='bbox 3113 849 3168 896; x_wconf 86' lang='lat' dir='ltr'><strong><em>et</em></strong></span> <span class='ocrx_word' id='word_1_499' title='bbox 3187 856 3401 908; x_wconf 84' lang='lat' dir='ltr'><strong><em>saxosa,</em></strong></span> 
     </span>
    </p>
   </div>
   <div class='ocr_carea' id='block_1_67' title="bbox 1819 929 3404 1001">
    <p class='ocr_par' dir='ltr' id='par_1_67' title="bbox 1819 929 3404 1001">
     <span class='ocr_line' id='line_1_67' title="bbox 1819 929 3404 1001; baseline 0.004 -17"><span class='ocrx_word' id='word_1_500' title='bbox 1819 929 2053 1001; x_wconf 78' lang='lat' dir='ltr'><strong><em>ferisque</em></strong></span> <span class='ocrx_word' id='word_1_501' title='bbox 2086 930 2265 1001; x_wconf 88' lang='lat' dir='ltr'><strong><em>plena,</em></strong></span> <span class='ocrx_word' id='word_1_502' title='bbox 2295 946 2399 987; x_wconf 87' lang='lat' dir='ltr'><strong><em>nec</em></strong></span> <span class='ocrx_word' id='word_1_503' title='bbox 2442 932 2609 987; x_wconf 92' lang='lat' dir='ltr'><strong><em>ullum</em></strong></span> <span class='ocrx_word' id='word_1_504' title='bbox 2648 932 2822 989; x_wconf 88' lang='lat' dir='ltr'><strong><em>adhuc</em></strong></span> <span class='ocrx_word' id='word_1_505' title='bbox 2866 934 3123 989; x_wconf 89' lang='lat' dir='ltr'><strong><em>viatorem</em></strong></span> <span class='ocrx_word' id='word_1_506' title='bbox 3162 935 3404 993; x_wconf 86' lang='lat' dir='ltr'><strong><em>admisit.</em></strong></span> 
     </span>
    </p>
   </div>
   <div class='ocr_carea' id='block_1_68' title="bbox 1818 1019 3406 1098">
    <p class='ocr_par' dir='ltr' id='par_1_68' title="bbox 1818 1019 3406 1098">
     <span class='ocr_line' id='line_1_68' title="bbox 1818 1019 3406 1098; baseline 0.004 -22"><span class='ocrx_word' id='word_1_507' title='bbox 1818 1019 1932 1077; x_wconf 85' lang='lat' dir='ltr'><strong><em>Hoc</em></strong></span> <span class='ocrx_word' id='word_1_508' title='bbox 1956 1022 2166 1093; x_wconf 88' lang='lat' dir='ltr'><strong><em>quidem</em></strong></span> <span class='ocrx_word' id='word_1_509' title='bbox 2193 1032 2436 1094; x_wconf 90' lang='lat' dir='ltr'><strong><em>tempore</em></strong></span> <span class='ocrx_word' id='word_1_510' title='bbox 2465 1039 2564 1094; x_wconf 90' lang='lat' dir='ltr'><strong><em>per</em></strong></span> <span class='ocrx_word' id='word_1_511' title='bbox 2581 1025 2807 1096; x_wconf 87' lang='lat' dir='ltr'><strong><em>gratiam</em></strong></span> <span class='ocrx_word' id='word_1_512' title='bbox 2839 1026 2934 1081; x_wconf 81' lang='lat' dir='ltr'><strong><em>Dei</em></strong></span> <span class='ocrx_word' id='word_1_513' title='bbox 2962 1027 3167 1083; x_wconf 86' lang='lat' dir='ltr'><strong><em>nullum</em></strong></span> <span class='ocrx_word' id='word_1_514' title='bbox 3196 1029 3406 1098; x_wconf 89' lang='lat' dir='ltr'><strong><em>episco-</em></strong></span> 
     </span>
    </p>
   </div>
   <div class='ocr_carea' id='block_1_69' title="bbox 1816 1114 3403 1191">
    <p class='ocr_par' dir='ltr' id='par_1_69' title="bbox 1816 1114 3403 1191">
     <span class='ocr_line' id='line_1_69' title="bbox 1816 1114 3403 1191; baseline 0.004 -22"><span class='ocrx_word' id='word_1_515' title='bbox 1816 1114 1899 1185; x_wconf 91' lang='lat' dir='ltr'><strong><em>pis</em></strong></span> <span class='ocrx_word' id='word_1_516' title='bbox 1933 1116 2226 1187; x_wconf 74' lang='lat' dir='ltr'><strong><em>periculum</em></strong></span> <span class='ocrx_word' id='word_1_517' title='bbox 2258 1116 2539 1184; x_wconf 89' lang='lat' dir='ltr'><strong><em>imminet,</em></strong></span> <span class='ocrx_word' id='word_1_518' title='bbox 2570 1117 2664 1174; x_wconf 89' lang='lat' dir='ltr'><strong><em>sed</em></strong></span> <span class='ocrx_word' id='word_1_519' title='bbox 2706 1128 2808 1190; x_wconf 80' lang='lat' dir='ltr'><strong><em>pax</em></strong></span> <span class='ocrx_word' id='word_1_520' title='bbox 2836 1118 3069 1191; x_wconf 80' lang='lat' dir='ltr'><strong><em>undique</em></strong></span> <span class='ocrx_word' id='word_1_521' title='bbox 3105 1119 3360 1191; x_wconf 88' lang='lat' dir='ltr'><strong><em>profunda</em></strong></span> <span class='ocrx_word' id='word_1_522' title='bbox 3383 1162 3403 1188; x_wconf 89' lang='lat'><strong><em>,</em></strong></span> 
     </span>
    </p>
   </div>
   <div class='ocr_carea' id='block_1_70' title="bbox 1816 1206 3405 1282">
    <p class='ocr_par' dir='ltr' id='par_1_70' title="bbox 1816 1206 3405 1282">
     <span class='ocr_line' id='line_1_70' title="bbox 1816 1206 3405 1282; baseline 0.005 -22"><span class='ocrx_word' id='word_1_523' title='bbox 1816 1212 1873 1260; x_wconf 90' lang='lat' dir='ltr'><strong><em>et</em></strong></span> <span class='ocrx_word' id='word_1_524' title='bbox 1902 1206 2285 1277; x_wconf 79' lang='lat' dir='ltr'><strong><em>tranquillitate</em></strong></span> <span class='ocrx_word' id='word_1_525' title='bbox 2317 1208 2494 1263; x_wconf 91' lang='lat' dir='ltr'><strong><em>cuncti</em></strong></span> <span class='ocrx_word' id='word_1_526' title='bbox 2522 1207 2865 1279; x_wconf 86' lang='lat' dir='ltr'><strong><em>perfruimur,</em></strong></span> <span class='ocrx_word' id='word_1_527' title='bbox 2897 1225 3018 1266; x_wconf 90' lang='lat' dir='ltr'><strong><em>cum</em></strong></span> <span class='ocrx_word' id='word_1_528' title='bbox 3049 1210 3260 1282; x_wconf 88' lang='lat' dir='ltr'><strong><em>pietatis</em></strong></span> <span class='ocrx_word' id='word_1_529' title='bbox 3282 1227 3405 1268; x_wconf 88' lang='lat' dir='ltr'><strong><em>vcr-</em></strong></span> 
     </span>
    </p>
   </div>
   <div class='ocr_carea' id='block_1_71' title="bbox 1814 1296 3402 1376">
    <p class='ocr_par' dir='ltr' id='par_1_71' title="bbox 1814 1296 3402 1376">
     <span class='ocr_line' id='line_1_71' title="bbox 1814 1296 3402 1376; baseline 0.006 -24"><span class='ocrx_word' id='word_1_530' title='bbox 1814 1296 1942 1352; x_wconf 89' lang='lat' dir='ltr'><strong><em>bum</em></strong></span> <span class='ocrx_word' id='word_1_531' title='bbox 1969 1297 2115 1353; x_wconf 90' lang='lat' dir='ltr'><strong><em>orbis</em></strong></span> <span class='ocrx_word' id='word_1_532' title='bbox 2149 1307 2411 1355; x_wconf 88' lang='lat' dir='ltr'><strong><em>terrarum</em></strong></span> <span class='ocrx_word' id='word_1_533' title='bbox 2434 1300 2691 1357; x_wconf 89' lang='lat' dir='ltr'><strong><em>terminos</em></strong></span> <span class='ocrx_word' id='word_1_534' title='bbox 2712 1302 3008 1373; x_wconf 87' lang='lat' dir='ltr'><strong><em>occuparit,</em></strong></span> <span class='ocrx_word' id='word_1_535' title='bbox 3031 1313 3085 1359; x_wconf 87' lang='lat' dir='ltr'><strong><em>et</em></strong></span> <span class='ocrx_word' id='word_1_536' title='bbox 3109 1304 3199 1375; x_wconf 91' lang='lat' dir='ltr'><strong><em>qui</em></strong></span> <span class='ocrx_word' id='word_1_537' title='bbox 3228 1305 3402 1376; x_wconf 87' lang='lat' dir='ltr'><strong><em>impe-</em></strong></span> 
     </span>
    </p>
   </div>
   <div class='ocr_carea' id='block_1_72' title="bbox 1813 1386 3401 1464">
    <p class='ocr_par' dir='ltr' id='par_1_72' title="bbox 1813 1386 3401 1464">
     <span class='ocr_line' id='line_1_72' title="bbox 1813 1386 3401 1464; baseline 0.006 -22"><span class='ocrx_word' id='word_1_538' title='bbox 1813 1386 1954 1442; x_wconf 88' lang='lat' dir='ltr'><strong><em>rium</em></strong></span> <span class='ocrx_word' id='word_1_539' title='bbox 1984 1387 2246 1456; x_wconf 89' lang='lat' dir='ltr'><strong><em>obtinent,</em></strong></span> <span class='ocrx_word' id='word_1_540' title='bbox 2266 1389 2429 1446; x_wconf 85' lang='lat' dir='ltr'><strong><em>ﬁdem</em></strong></span> <span class='ocrx_word' id='word_1_541' title='bbox 2457 1390 2696 1448; x_wconf 91' lang='lat' dir='ltr'><strong><em>studiose</em></strong></span> <span class='ocrx_word' id='word_1_542' title='bbox 2716 1392 2896 1448; x_wconf 89' lang='lat' dir='ltr'><strong><em>colant</em></strong></span> <span class='ocrx_word' id='word_1_543' title='bbox 2915 1401 3076 1464; x_wconf 88' lang='lat' dir='ltr'><strong><em>atque</em></strong></span> <span class='ocrx_word' id='word_1_544' title='bbox 3095 1394 3401 1452; x_wconf 85' lang='lat' dir='ltr'><strong><em>observent.</em></strong></span> 
     </span>
    </p>
   </div>
   <div class='ocr_carea' id='block_1_73' title="bbox 1814 1474 3404 1558">
    <p class='ocr_par' dir='ltr' id='par_1_73' title="bbox 1814 1474 3404 1558">
     <span class='ocr_line' id='line_1_73' title="bbox 1814 1474 3404 1558; baseline 0.006 -25"><span class='ocrx_word' id='word_1_545' title='bbox 1814 1474 1965 1536; x_wconf 90' lang='lat' dir='ltr'><strong><em>Tunc</em></strong></span> <span class='ocrx_word' id='word_1_546' title='bbox 1993 1489 2172 1537; x_wconf 89' lang='lat' dir='ltr'><strong><em>autem</em></strong></span> <span class='ocrx_word' id='word_1_547' title='bbox 2201 1480 2333 1537; x_wconf 89' lang='lat' dir='ltr'><strong><em>nihil</em></strong></span> <span class='ocrx_word' id='word_1_548' title='bbox 2363 1489 2481 1538; x_wconf 92' lang='lat' dir='ltr'><strong><em>erat</em></strong></span> <span class='ocrx_word' id='word_1_549' title='bbox 2501 1482 2787 1554; x_wconf 89' lang='lat' dir='ltr'><strong><em>ejusmodi,</em></strong></span> <span class='ocrx_word' id='word_1_550' title='bbox 2807 1482 2901 1539; x_wconf 88' lang='lat' dir='ltr'><strong><em>sed</em></strong></span> <span class='ocrx_word' id='word_1_551' title='bbox 2926 1499 3263 1557; x_wconf 90' lang='lat' dir='ltr'><strong><em>quocumque</em></strong></span> <span class='ocrx_word' id='word_1_552' title='bbox 3281 1487 3404 1558; x_wconf 83' lang='lat' dir='ltr'><strong><em>quis</em></strong></span> 
     </span>
    </p>
   </div>
   <div class='ocr_carea' id='block_1_74' title="bbox 1813 1570 3396 1646">
    <p class='ocr_par' dir='ltr' id='par_1_74' title="bbox 1813 1570 3396 1646">
     <span class='ocr_line' id='line_1_74' title="bbox 1813 1570 3396 1646; baseline 0.003 -21"><span class='ocrx_word' id='word_1_553' title='bbox 1813 1570 1996 1627; x_wconf 91' lang='lat' dir='ltr'><strong><em>oculos</em></strong></span> <span class='ocrx_word' id='word_1_554' title='bbox 2024 1580 2275 1640; x_wconf 88' lang='lat' dir='ltr'><strong><em>verteret,</em></strong></span> <span class='ocrx_word' id='word_1_555' title='bbox 2306 1572 2504 1645; x_wconf 87' lang='lat' dir='ltr'><strong><em>ubique</em></strong></span> <span class='ocrx_word' id='word_1_556' title='bbox 2529 1574 2846 1645; x_wconf 88' lang='lat' dir='ltr'><strong><em>praecipitia,</em></strong></span> <span class='ocrx_word' id='word_1_557' title='bbox 2868 1574 3143 1643; x_wconf 88' lang='lat' dir='ltr'><strong><em>barathra,</em></strong></span> <span class='ocrx_word' id='word_1_558' title='bbox 3161 1584 3217 1633; x_wconf 84' lang='lat' dir='ltr'><strong><em>et</em></strong></span> <span class='ocrx_word' id='word_1_559' title='bbox 3234 1577 3396 1646; x_wconf 87' lang='lat' dir='ltr'><strong><em>bella,</em></strong></span> 
     </span>
    </p>
   </div>
   <div class='ocr_carea' id='block_1_75' title="bbox 1811 1665 3401 1740">
    <p class='ocr_par' dir='ltr' id='par_1_75' title="bbox 1811 1665 3401 1740">
     <span class='ocr_line' id='line_1_75' title="bbox 1811 1665 3401 1740; baseline 0.005 -24"><span class='ocrx_word' id='word_1_560' title='bbox 1811 1668 1867 1717; x_wconf 91' lang='lat' dir='ltr'><strong><em>et</em></strong></span> <span class='ocrx_word' id='word_1_561' title='bbox 1890 1677 2100 1734; x_wconf 85' lang='lat' dir='ltr'><strong><em>pugnae,</em></strong></span> <span class='ocrx_word' id='word_1_562' title='bbox 2124 1672 2179 1719; x_wconf 92' lang='lat' dir='ltr'><strong><em>et</em></strong></span> <span class='ocrx_word' id='word_1_563' title='bbox 2205 1665 2442 1735; x_wconf 89' lang='lat' dir='ltr'><strong><em>pericula</em></strong></span> <span class='ocrx_word' id='word_1_564' title='bbox 2473 1682 2487 1719; x_wconf 89' lang='lat'><strong>:</strong></span> <span class='ocrx_word' id='word_1_565' title='bbox 2520 1667 2789 1737; x_wconf 84' lang='lat' dir='ltr'><strong><em>principes</em></strong></span> <span class='ocrx_word' id='word_1_566' title='bbox 2814 1708 2828 1733; x_wconf 92' lang='lat'><strong><em>,</em></strong></span> <span class='ocrx_word' id='word_1_567' title='bbox 2856 1682 3011 1740; x_wconf 89' lang='lat' dir='ltr'><strong><em>reges</em></strong></span> <span class='ocrx_word' id='word_1_568' title='bbox 3031 1710 3046 1736; x_wconf 93' lang='lat'><strong><em>,</em></strong></span> <span class='ocrx_word' id='word_1_569' title='bbox 3072 1667 3292 1740; x_wconf 89' lang='lat' dir='ltr'><strong><em>populi,</em></strong></span> <span class='ocrx_word' id='word_1_570' title='bbox 3316 1669 3401 1724; x_wconf 88' lang='lat' dir='ltr'><strong><em>ci-</em></strong></span> 
     </span>
    </p>
   </div>
   <div class='ocr_carea' id='block_1_76' title="bbox 1810 1753 3404 1827">
    <p class='ocr_par' dir='ltr' id='par_1_76' title="bbox 1810 1753 3404 1827">
     <span class='ocr_line' id='line_1_76' title="bbox 1810 1753 3404 1827; baseline 0.004 -19"><span class='ocrx_word' id='word_1_571' title='bbox 1810 1753 2003 1811; x_wconf 89' lang='lat' dir='ltr'><strong><em>vitates</em></strong></span> <span class='ocrx_word' id='word_1_572' title='bbox 2023 1765 2077 1811; x_wconf 90' lang='lat' dir='ltr'><strong><em>et</em></strong></span> <span class='ocrx_word' id='word_1_573' title='bbox 2095 1764 2303 1827; x_wconf 87' lang='lat' dir='ltr'><strong><em>gentes,</em></strong></span> <span class='ocrx_word' id='word_1_574' title='bbox 2325 1756 2603 1813; x_wconf 88' lang='lat' dir='ltr'><strong><em>domestici</em></strong></span> <span class='ocrx_word' id='word_1_575' title='bbox 2633 1766 2687 1814; x_wconf 87' lang='lat' dir='ltr'><strong><em>et</em></strong></span> <span class='ocrx_word' id='word_1_576' title='bbox 2712 1759 2871 1814; x_wconf 84' lang='lat' dir='ltr'><strong><em>alieni</em></strong></span> <span class='ocrx_word' id='word_1_577' title='bbox 2891 1800 2907 1826; x_wconf 95' lang='lat'><strong><em>,</em></strong></span> <span class='ocrx_word' id='word_1_578' title='bbox 2938 1760 3283 1817; x_wconf 88' lang='lat' dir='ltr'><strong><em>credentibus</em></strong></span> <span class='ocrx_word' id='word_1_579' title='bbox 3316 1759 3404 1815; x_wconf 81' lang='lat' dir='ltr'><strong><em>in-</em></strong></span> 
     </span>
    </p>
   </div>
   <div class='ocr_carea' id='block_1_77' title="bbox 1810 1842 3400 1922">
    <p class='ocr_par' dir='ltr' id='par_1_77' title="bbox 1810 1842 3400 1922">
     <span class='ocr_line' id='line_1_77' title="bbox 1810 1842 3400 1922; baseline 0.005 -24"><span class='ocrx_word' id='word_1_580' title='bbox 1810 1843 1972 1900; x_wconf 89' lang='lat' dir='ltr'><strong><em>sidias</em></strong></span> <span class='ocrx_word' id='word_1_581' title='bbox 2015 1845 2322 1901; x_wconf 87' lang='lat' dir='ltr'><strong><em>tendebant.</em></strong></span> <span class='ocrx_word' id='word_1_582' title='bbox 2360 1842 2547 1917; x_wconf 86' lang='lat' dir='ltr'><strong><em>Neque</em></strong></span> <span class='ocrx_word' id='word_1_583' title='bbox 2572 1860 2711 1903; x_wconf 79' lang='lat' dir='ltr'><strong><em>vero</em></strong></span> <span class='ocrx_word' id='word_1_584' title='bbox 2756 1847 2808 1903; x_wconf 91' lang='lat' dir='ltr'><strong><em>id</em></strong></span> <span class='ocrx_word' id='word_1_585' title='bbox 2838 1850 3011 1904; x_wconf 82' lang='lat' dir='ltr'><strong><em>solum</em></strong></span> <span class='ocrx_word' id='word_1_586' title='bbox 3054 1859 3171 1906; x_wconf 85' lang='lat' dir='ltr'><strong><em>erat</em></strong></span> <span class='ocrx_word' id='word_1_587' title='bbox 3207 1864 3400 1922; x_wconf 85' lang='lat' dir='ltr'><strong><em>grave.</em></strong></span> 
     </span>
    </p>
   </div>
   <div class='ocr_carea' id='block_1_78' title="bbox 1810 1933 3404 2011">
    <p class='ocr_par' dir='ltr' id='par_1_78' title="bbox 1810 1933 3404 2011">
     <span class='ocr_line' id='line_1_78' title="bbox 1810 1933 3404 2011; baseline 0.004 -22"><span class='ocrx_word' id='word_1_588' title='bbox 1810 1933 1904 1989; x_wconf 89' lang='lat' dir='ltr'><strong><em>sed</em></strong></span> <span class='ocrx_word' id='word_1_589' title='bbox 1948 1935 2107 1989; x_wconf 87' lang='lat' dir='ltr'><strong><em>etiam</em></strong></span> <span class='ocrx_word' id='word_1_590' title='bbox 2153 1936 2294 2005; x_wconf 89' lang='lat' dir='ltr'><strong><em>quod</em></strong></span> <span class='ocrx_word' id='word_1_591' title='bbox 2336 1937 2670 1993; x_wconf 87' lang='lat' dir='ltr'><strong><em>credentium</em></strong></span> <span class='ocrx_word' id='word_1_592' title='bbox 2721 1939 2999 2010; x_wconf 87' lang='lat' dir='ltr'><strong><em>plerique,</em></strong></span> <span class='ocrx_word' id='word_1_593' title='bbox 3047 1947 3240 2011; x_wconf 80' lang='lat' dir='ltr'><strong><em>utpote</em></strong></span> <span class='ocrx_word' id='word_1_594' title='bbox 3278 1950 3404 1996; x_wconf 83' lang='lat' dir='ltr'><strong><em>tunc</em></strong></span> 
     </span>
    </p>
   </div>
   <div class='ocr_carea' id='block_1_79' title="bbox 1810 2025 3406 2103">
    <p class='ocr_par' dir='ltr' id='par_1_79' title="bbox 1810 2025 3406 2103">
     <span class='ocr_line' id='line_1_79' title="bbox 1810 2025 3406 2103; baseline 0.005 -23"><span class='ocrx_word' id='word_1_595' title='bbox 1810 2025 2040 2096; x_wconf 90' lang='lat' dir='ltr'><strong><em>primum</em></strong></span> <span class='ocrx_word' id='word_1_596' title='bbox 2070 2042 2205 2082; x_wconf 89' lang='lat' dir='ltr'><strong><em>nova</em></strong></span> <span class='ocrx_word' id='word_1_597' title='bbox 2243 2028 2491 2100; x_wconf 84' lang='lat' dir='ltr'><strong><em>dogmata</em></strong></span> <span class='ocrx_word' id='word_1_598' title='bbox 2542 2028 2921 2100; x_wconf 79' lang='lat' dir='ltr'><strong><em>degustantes,</em></strong></span> <span class='ocrx_word' id='word_1_599' title='bbox 2955 2046 3148 2103; x_wconf 88' lang='lat' dir='ltr'><strong><em>magna</em></strong></span> <span class='ocrx_word' id='word_1_600' title='bbox 3174 2031 3406 2103; x_wconf 80' lang='lat' dir='ltr'><strong><em>egebant</em></strong></span> 
     </span>
    </p>
   </div>
   <div class='ocr_carea' id='block_1_80' title="bbox 1808 2116 3404 2195">
    <p class='ocr_par' dir='ltr' id='par_1_80' title="bbox 1808 2116 3404 2195">
     <span class='ocr_line' id='line_1_80' title="bbox 1808 2116 3404 2195; baseline 0.005 -23"><span class='ocrx_word' id='word_1_601' title='bbox 1808 2116 2164 2189; x_wconf 72' lang='lat' dir='ltr'><strong><em>indulgentia,</em></strong></span> <span class='ocrx_word' id='word_1_602' title='bbox 2186 2128 2243 2175; x_wconf 88' lang='lat' dir='ltr'><strong><em>et</em></strong></span> <span class='ocrx_word' id='word_1_603' title='bbox 2269 2132 2421 2176; x_wconf 73' lang='lat' dir='ltr'><strong><em>erant</em></strong></span> <span class='ocrx_word' id='word_1_604' title='bbox 2439 2120 2840 2191; x_wconf 83' lang='lat' dir='ltr'><strong><em>imbecilliores,</em></strong></span> <span class='ocrx_word' id='word_1_605' title='bbox 2865 2131 2920 2179; x_wconf 85' lang='lat' dir='ltr'><strong><em>et</em></strong></span> <span class='ocrx_word' id='word_1_606' title='bbox 2933 2136 3077 2195; x_wconf 82' lang='lat' dir='ltr'><strong><em>saepe</em></strong></span> <span class='ocrx_word' id='word_1_607' title='bbox 3101 2125 3404 2195; x_wconf 81' lang='lat' dir='ltr'><strong><em>supplanta-</em></strong></span> 
     </span>
    </p>
   </div>
   <div class='ocr_carea' id='block_1_81' title="bbox 1808 2209 3398 2285">
    <p class='ocr_par' dir='ltr' id='par_1_81' title="bbox 1808 2209 3398 2285">
     <span class='ocr_line' id='line_1_81' title="bbox 1808 2209 3398 2285; baseline 0.003 -18"><span class='ocrx_word' id='word_1_608' title='bbox 1808 2209 2004 2267; x_wconf 88' lang='lat' dir='ltr'><strong><em>bantur</em></strong></span> <span class='ocrx_word' id='word_1_609' title='bbox 2032 2228 2046 2267; x_wconf 91' lang='lat'>:</span> <span class='ocrx_word' id='word_1_610' title='bbox 2069 2211 2209 2281; x_wconf 89' lang='lat' dir='ltr'><strong><em>quod</em></strong></span> <span class='ocrx_word' id='word_1_611' title='bbox 2234 2211 2447 2283; x_wconf 88' lang='lat' dir='ltr'><strong><em>quidem</em></strong></span> <span class='ocrx_word' id='word_1_612' title='bbox 2476 2227 2581 2268; x_wconf 93' lang='lat' dir='ltr'><strong><em>non</em></strong></span> <span class='ocrx_word' id='word_1_613' title='bbox 2598 2214 2786 2270; x_wconf 80' lang='lat' dir='ltr'><strong><em>minus</em></strong></span> <span class='ocrx_word' id='word_1_614' title='bbox 2812 2212 3081 2285; x_wconf 81' lang='lat' dir='ltr'><strong><em>afﬂigebat</em></strong></span> <span class='ocrx_word' id='word_1_615' title='bbox 3108 2215 3358 2272; x_wconf 89' lang='lat' dir='ltr'><strong><em>doctores</em></strong></span> <span class='ocrx_word' id='word_1_616' title='bbox 3379 2257 3398 2284; x_wconf 87' lang='lat'><strong><em>,</em></strong></span> 
     </span>
    </p>
   </div>
   <div class='ocr_carea' id='block_1_82' title="bbox 1807 2300 3402 2379">
    <p class='ocr_par' dir='ltr' id='par_1_82' title="bbox 1807 2300 3402 2379">
     <span class='ocr_line' id='line_1_82' title="bbox 1807 2300 3402 2379; baseline 0.006 -25"><span class='ocrx_word' id='word_1_617' title='bbox 1807 2314 1967 2371; x_wconf 90' lang='lat' dir='ltr'><strong><em>quam</em></strong></span> <span class='ocrx_word' id='word_1_618' title='bbox 2011 2313 2231 2357; x_wconf 75' lang='lat' dir='ltr'><strong><em>externa</em></strong></span> <span class='ocrx_word' id='word_1_619' title='bbox 2282 2302 2457 2370; x_wconf 89' lang='lat' dir='ltr'><strong><em>bella,</em></strong></span> <span class='ocrx_word' id='word_1_620' title='bbox 2483 2300 2610 2374; x_wconf 79' lang='lat' dir='ltr'><strong><em>quin</em></strong></span> <span class='ocrx_word' id='word_1_621' title='bbox 2646 2306 2807 2360; x_wconf 82' lang='lat' dir='ltr'><strong><em>etiam</em></strong></span> <span class='ocrx_word' id='word_1_622' title='bbox 2855 2306 3025 2361; x_wconf 91' lang='lat' dir='ltr'><strong><em>multo</em></strong></span> <span class='ocrx_word' id='word_1_623' title='bbox 3054 2307 3225 2379; x_wconf 88' lang='lat' dir='ltr'><strong><em>magis</em></strong></span> <span class='ocrx_word' id='word_1_624' title='bbox 3257 2325 3271 2362; x_wconf 92' lang='lat'>:</span> <span class='ocrx_word' id='word_1_625' title='bbox 3303 2323 3402 2363; x_wconf 74' lang='lat' dir='ltr'><strong><em>ex.</em></strong></span> 
     </span>
    </p>
   </div>
   <div class='ocr_carea' id='block_1_83' title="bbox 1809 2395 3401 2470">
    <p class='ocr_par' dir='ltr' id='par_1_83' title="bbox 1809 2395 3401 2470">
     <span class='ocr_line' id='line_1_83' title="bbox 1809 2395 3401 2470; baseline 0.005 -23"><span class='ocrx_word' id='word_1_626' title='bbox 1809 2400 1978 2449; x_wconf 59' lang='lat' dir='ltr'><strong><em>ternae</em></strong></span> <span class='ocrx_word' id='word_1_627' title='bbox 2021 2395 2167 2450; x_wconf 88' lang='lat' dir='ltr'><strong><em>enim</em></strong></span> <span class='ocrx_word' id='word_1_628' title='bbox 2210 2409 2406 2466; x_wconf 58' lang='lat' dir='ltr'><strong><em>pugnas</em></strong></span> <span class='ocrx_word' id='word_1_629' title='bbox 2448 2403 2612 2466; x_wconf 86' lang='lat' dir='ltr'><strong><em>atque</em></strong></span> <span class='ocrx_word' id='word_1_630' title='bbox 2652 2397 2860 2453; x_wconf 67' lang='lat' dir='ltr'><strong><em>insidiae</em></strong></span> <span class='ocrx_word' id='word_1_631' title='bbox 2888 2408 3113 2470; x_wconf 87' lang='lat' dir='ltr'><strong><em>propter</em></strong></span> <span class='ocrx_word' id='word_1_632' title='bbox 3144 2400 3401 2470; x_wconf 77' lang='lat' dir='ltr'><strong><em>reposita:</em></strong></span> 
     </span>
    </p>
   </div>
   <div class='ocr_carea' id='block_1_84' title="bbox 1807 2484 3398 2559">
    <p class='ocr_par' dir='ltr' id='par_1_84' title="bbox 1807 2484 3398 2559">
     <span class='ocr_line' id='line_1_84' title="bbox 1807 2484 3398 2559; baseline 0.004 -18"><span class='ocrx_word' id='word_1_633' title='bbox 1807 2484 2071 2542; x_wconf 87' lang='lat' dir='ltr'><strong><em>mercedis</em></strong></span> <span class='ocrx_word' id='word_1_634' title='bbox 2104 2497 2258 2557; x_wconf 85' lang='lat' dir='ltr'><strong><em>&#39;spem</em></strong></span> <span class='ocrx_word' id='word_1_635' title='bbox 2304 2488 2631 2559; x_wconf 84' lang='lat' dir='ltr'><strong><em>voluptatem</em></strong></span> <span class='ocrx_word' id='word_1_636' title='bbox 2664 2490 2897 2545; x_wconf 81' lang='lat' dir='ltr'><strong><em>multam</em></strong></span> <span class='ocrx_word' id='word_1_637' title='bbox 2939 2490 3253 2547; x_wconf 83' lang='lat' dir='ltr'><strong><em>aﬂ&#39;erebant.</em></strong></span> <span class='ocrx_word' id='word_1_638' title='bbox 3306 2491 3398 2547; x_wconf 87' lang='lat' dir='ltr'><strong><em>ld-</em></strong></span> 
     </span>
    </p>
   </div>
   <div class='ocr_carea' id='block_1_85' title="bbox 1807 2579 3399 2652">
    <p class='ocr_par' dir='ltr' id='par_1_85' title="bbox 1807 2579 3399 2652">
     <span class='ocr_line' id='line_1_85' title="bbox 1807 2579 3399 2652; baseline 0.005 -19"><span class='ocrx_word' id='word_1_639' title='bbox 1807 2579 1954 2634; x_wconf 89' lang='lat' dir='ltr'><strong><em>circo</em></strong></span> <span class='ocrx_word' id='word_1_640' title='bbox 1977 2589 2033 2635; x_wconf 78' lang='lat' dir='ltr'><strong><em>et</em></strong></span> <span class='ocrx_word' id='word_1_641' title='bbox 2055 2580 2281 2651; x_wconf 90' lang='lat' dir='ltr'><strong><em>apostoli</em></strong></span> <span class='ocrx_word' id='word_1_642' title='bbox 2303 2581 2595 2652; x_wconf 85' lang='lat' dir='ltr'><strong><em>gaudentes</em></strong></span> <span class='ocrx_word' id='word_1_643' title='bbox 2613 2596 2647 2637; x_wconf 86' lang='lat' dir='ltr'><strong><em>a</em></strong></span> <span class='ocrx_word' id='word_1_644' title='bbox 2670 2592 2961 2652; x_wconf 88' lang='lat' dir='ltr'><strong><em>conspectu</em></strong></span> <span class='ocrx_word' id='word_1_645' title='bbox 2982 2585 3194 2640; x_wconf 89' lang='lat' dir='ltr'><strong><em>concilii</em></strong></span> <span class='ocrx_word' id='word_1_646' title='bbox 3217 2585 3399 2642; x_wconf 87' lang='lat' dir='ltr'><strong><em>disce-</em></strong></span> 
     </span>
    </p>
   </div>
   <div class='ocr_carea' id='block_1_86' title="bbox 1807 2666 3404 2748">
    <p class='ocr_par' dir='ltr' id='par_1_86' title="bbox 1807 2666 3404 2748">
     <span class='ocr_line' id='line_1_86' title="bbox 1807 2666 3404 2748; baseline 0.006 -25"><span class='ocrx_word' id='word_1_647' title='bbox 1807 2666 2035 2740; x_wconf 86' lang='lat' dir='ltr'><strong><em>debant,</em></strong></span> <span class='ocrx_word' id='word_1_648' title='bbox 2060 2672 2199 2742; x_wconf 87' lang='lat' dir='ltr'><strong><em>quod</em></strong></span> <span class='ocrx_word' id='word_1_649' title='bbox 2228 2673 2450 2728; x_wconf 83' lang='lat' dir='ltr'><strong><em>verbera</em></strong></span> <span class='ocrx_word' id='word_1_650' title='bbox 2476 2674 2825 2744; x_wconf 84' lang='lat' dir='ltr'><strong><em>pertulissent</em></strong></span> <span class='ocrx_word' id='word_1_651' title='bbox 2875 2674 3009 2748; x_wconf 83' lang='lat' dir='ltr'><strong><em>(Act.</em></strong></span> <span class='ocrx_word' id='word_1_652' title='bbox 3045 2676 3238 2748; x_wconf 59' lang='lat'><strong><em>5.41);</em></strong></span> <span class='ocrx_word' id='word_1_653' title='bbox 3264 2676 3404 2732; x_wconf 81' lang='lat' dir='ltr'><strong><em>Pau-</em></strong></span> 
     </span>
    </p>
   </div>
   <div class='ocr_carea' id='block_1_87' title="bbox 1808 2759 3401 2838">
    <p class='ocr_par' dir='ltr' id='par_1_87' title="bbox 1808 2759 3401 2838">
     <span class='ocr_line' id='line_1_87' title="bbox 1808 2759 3401 2838; baseline 0.006 -24"><span class='ocrx_word' id='word_1_654' title='bbox 1808 2759 1893 2816; x_wconf 84' lang='lat' dir='ltr'><strong><em>lus</em></strong></span> <span class='ocrx_word' id='word_1_655' title='bbox 1930 2761 2089 2817; x_wconf 86' lang='lat' dir='ltr'><strong><em>etiam</em></strong></span> <span class='ocrx_word' id='word_1_656' title='bbox 2134 2763 2359 2831; x_wconf 73' lang='lat' dir='ltr'><strong><em>Clamat,</em></strong></span> <span class='ocrx_word' id='word_1_657' title='bbox 2384 2762 2632 2831; x_wconf 79' lang='lat' dir='ltr'><strong><em>Gaudeo,</em></strong></span> <span class='ocrx_word' id='word_1_658' title='bbox 2667 2766 2947 2836; x_wconf 88' lang='lat' dir='ltr'><strong><em>inquiens,</em></strong></span> <span class='ocrx_word' id='word_1_659' title='bbox 2983 2768 3037 2823; x_wconf 90' lang='lat' dir='ltr'><strong><em>in</em></strong></span> <span class='ocrx_word' id='word_1_660' title='bbox 3082 2769 3401 2838; x_wconf 80' lang='lat' dir='ltr'><strong><em>passionibus</em></strong></span> 
     </span>
    </p>
   </div>
   <div class='ocr_carea' id='block_1_88' title="bbox 1807 2852 3396 2931">
    <p class='ocr_par' dir='ltr' id='par_1_88' title="bbox 1807 2852 3396 2931">
     <span class='ocr_line' id='line_1_88' title="bbox 1807 2852 3396 2931; baseline 0.005 -24"><span class='ocrx_word' id='word_1_661' title='bbox 1807 2854 1931 2908; x_wconf 88' lang='lat' dir='ltr'><strong><em>meis</em></strong></span> <span class='ocrx_word' id='word_1_662' title='bbox 1954 2852 2090 2925; x_wconf 81' lang='lat' dir='ltr'><strong><em>(Col.</em></strong></span> <span class='ocrx_word' id='word_1_663' title='bbox 2112 2856 2173 2909; x_wconf 80' lang='lat' dir='ltr'><strong><em>&#39;i.</em></strong></span> <span class='ocrx_word' id='word_1_664' title='bbox 2193 2855 2307 2928; x_wconf 70' lang='grc'><strong><em>24),</em></strong></span> <span class='ocrx_word' id='word_1_665' title='bbox 2339 2863 2395 2911; x_wconf 86' lang='lat' dir='ltr'><strong><em>et</em></strong></span> <span class='ocrx_word' id='word_1_666' title='bbox 2419 2857 2613 2927; x_wconf 88' lang='lat' dir='ltr'><strong><em>ubique</em></strong></span> <span class='ocrx_word' id='word_1_667' title='bbox 2659 2858 2712 2912; x_wconf 91' lang='lat' dir='ltr'><strong><em>in</em></strong></span> <span class='ocrx_word' id='word_1_668' title='bbox 2741 2858 3169 2915; x_wconf 78' lang='lat' dir='ltr'><strong><em>tribulationibus</em></strong></span> <span class='ocrx_word' id='word_1_669' title='bbox 3194 2861 3396 2931; x_wconf 80' lang='lat' dir='ltr'><strong><em>gloria-</em></strong></span> 
     </span>
    </p>
   </div>
   <div class='ocr_carea' id='block_1_89' title="bbox 1810 2944 3393 3022">
    <p class='ocr_par' dir='ltr' id='par_1_89' title="bbox 1810 2944 3393 3022">
     <span class='ocr_line' id='line_1_89' title="bbox 1810 2944 3393 3022; baseline 0.005 -24"><span class='ocrx_word' id='word_1_670' title='bbox 1810 2950 1914 2999; x_wconf 90' lang='lat' dir='ltr'><strong><em>tur.</em></strong></span> <span class='ocrx_word' id='word_1_671' title='bbox 1936 2944 2367 3001; x_wconf 76' lang='lat' dir='ltr'><strong><em>&#39;Bomesticorum</em></strong></span> <span class='ocrx_word' id='word_1_672' title='bbox 2388 2958 2576 3003; x_wconf 81' lang='lat' dir='ltr'><strong><em>autem</em></strong></span> <span class='ocrx_word' id='word_1_673' title='bbox 2594 2949 2841 3016; x_wconf 81' lang='lat' dir='ltr'><strong><em>vulnera,</em></strong></span> <span class='ocrx_word' id='word_1_674' title='bbox 2868 2948 3164 3006; x_wconf 65' lang='lat' dir='ltr'><strong><em>et‘fratrum</em></strong></span> <span class='ocrx_word' id='word_1_675' title='bbox 3190 2951 3393 3022; x_wconf 86' lang='lat' dir='ltr'><strong><em>lapsus,</em></strong></span> 
     </span>
    </p>
   </div>
   <div class='ocr_carea' id='block_1_90' title="bbox 1806 3039 3398 3112">
    <p class='ocr_par' dir='ltr' id='par_1_90' title="bbox 1806 3039 3398 3112">
     <span class='ocr_line' id='line_1_90' title="bbox 1806 3039 3398 3112; baseline 0.004 -20"><span class='ocrx_word' id='word_1_676' title='bbox 1806 3050 1907 3092; x_wconf 86' lang='lat' dir='ltr'><strong><em>nec</em></strong></span> <span class='ocrx_word' id='word_1_677' title='bbox 1936 3039 2203 3110; x_wconf 86' lang='lat' dir='ltr'><strong><em>respirare</em></strong></span> <span class='ocrx_word' id='word_1_678' title='bbox 2229 3040 2443 3110; x_wconf 90' lang='lat' dir='ltr'><strong><em>quidem</em></strong></span> <span class='ocrx_word' id='word_1_679' title='bbox 2468 3041 2591 3096; x_wconf 81' lang='lat' dir='ltr'><strong><em>illos</em></strong></span> <span class='ocrx_word' id='word_1_680' title='bbox 2619 3041 3037 3111; x_wconf 87' lang='lat' dir='ltr'><strong><em>permittebant,</em></strong></span> <span class='ocrx_word' id='word_1_681' title='bbox 3064 3042 3159 3097; x_wconf 89' lang='lat' dir='ltr'><strong><em>sed</em></strong></span> <span class='ocrx_word' id='word_1_682' title='bbox 3184 3056 3398 3112; x_wconf 82' lang='lat' dir='ltr'><strong><em>semper</em></strong></span> 
     </span>
    </p>
   </div>
   <div class='ocr_carea' id='block_1_91' title="bbox 1806 3129 3397 3203">
    <p class='ocr_par' dir='ltr' id='par_1_91' title="bbox 1806 3129 3397 3203">
     <span class='ocr_line' id='line_1_91' title="bbox 1806 3129 3397 3203; baseline 0.004 -20"><span class='ocrx_word' id='word_1_683' title='bbox 1806 3129 1967 3185; x_wconf 88' lang='lat' dir='ltr'><strong><em>veluti</em></strong></span> <span class='ocrx_word' id='word_1_684' title='bbox 1984 3144 2146 3199; x_wconf 84' lang='lat' dir='ltr'><strong><em>grave</em></strong></span> <span class='ocrx_word' id='word_1_685' title='bbox 2170 3131 2433 3201; x_wconf 88' lang='lat' dir='ltr'><strong><em>quoddam</em></strong></span> <span class='ocrx_word' id='word_1_686' title='bbox 2456 3132 2639 3203; x_wconf 90' lang='lat' dir='ltr'><strong><em>jugum</em></strong></span> <span class='ocrx_word' id='word_1_687' title='bbox 2670 3133 2906 3187; x_wconf 85' lang='lat' dir='ltr'><strong><em>cervices</em></strong></span> <span class='ocrx_word' id='word_1_688' title='bbox 2926 3133 3223 3189; x_wconf 88' lang='lat' dir='ltr'><strong><em>animorum</em></strong></span> <span class='ocrx_word' id='word_1_689' title='bbox 3246 3136 3397 3203; x_wconf 57' lang='lat' dir='ltr'><strong><em>ipson</em></strong></span> 
     </span>
    </p>
   </div>
   <div class='ocr_carea' id='block_1_92' title="bbox 1806 3220 3397 3296">
    <p class='ocr_par' dir='ltr' id='par_1_92' title="bbox 1806 3220 3397 3296">
     <span class='ocr_line' id='line_1_92' title="bbox 1806 3220 3397 3296; baseline 0.004 -22"><span class='ocrx_word' id='word_1_690' title='bbox 1806 3234 1924 3274; x_wconf 87' lang='lat' dir='ltr'><strong><em>rum</em></strong></span> <span class='ocrx_word' id='word_1_691' title='bbox 1967 3220 2182 3276; x_wconf 87' lang='lat' dir='ltr'><strong><em>assidue</em></strong></span> <span class='ocrx_word' id='word_1_692' title='bbox 2224 3221 2540 3291; x_wconf 87' lang='lat' dir='ltr'><strong><em>premebant</em></strong></span> <span class='ocrx_word' id='word_1_693' title='bbox 2587 3229 2642 3277; x_wconf 90' lang='lat' dir='ltr'><strong><em>et</em></strong></span> <span class='ocrx_word' id='word_1_694' title='bbox 2677 3221 3007 3294; x_wconf 79' lang='lat' dir='ltr'><strong><em>afﬁigebant.</em></strong></span> <span class='ocrx_word' id='word_1_695' title='bbox 3051 3223 3188 3279; x_wconf 85' lang='lat' dir='ltr'><strong><em>Audi</em></strong></span> <span class='ocrx_word' id='word_1_696' title='bbox 3236 3225 3397 3296; x_wconf 84' lang='lat' dir='ltr'><strong><em>igitur</em></strong></span> 
     </span>
    </p>
   </div>
   <div class='ocr_carea' id='block_1_93' title="bbox 1805 3311 3395 3384">
    <p class='ocr_par' dir='ltr' id='par_1_93' title="bbox 1805 3311 3395 3384">
     <span class='ocr_line' id='line_1_93' title="bbox 1805 3311 3395 3384; baseline 0.003 -20"><span class='ocrx_word' id='word_1_697' title='bbox 1805 3311 2072 3381; x_wconf 91' lang='lat' dir='ltr'><strong><em>quomodo</em></strong></span> <span class='ocrx_word' id='word_1_698' title='bbox 2099 3312 2294 3366; x_wconf 85' lang='lat' dir='ltr'><strong><em>Paulus</em></strong></span> <span class='ocrx_word' id='word_1_699' title='bbox 2318 3354 2332 3377; x_wconf 94' lang='lat'><strong><em>,</em></strong></span> <span class='ocrx_word' id='word_1_700' title='bbox 2365 3312 2697 3382; x_wconf 56' lang='lat' dir='ltr'><strong><em>ita&#39;gaudens</em></strong></span> <span class='ocrx_word' id='word_1_701' title='bbox 2730 3313 2781 3367; x_wconf 88' lang='lat' dir='ltr'><strong><em>in</em></strong></span> <span class='ocrx_word' id='word_1_702' title='bbox 2810 3313 3169 3384; x_wconf 88' lang='lat' dir='ltr'><strong><em>passionibus,</em></strong></span> <span class='ocrx_word' id='word_1_703' title='bbox 3200 3314 3268 3371; x_wconf 91' lang='lat' dir='ltr'><strong><em>de</em></strong></span> <span class='ocrx_word' id='word_1_704' title='bbox 3289 3315 3395 3370; x_wconf 72' lang='lat' dir='ltr'><strong><em>illis</em></strong></span> 
     </span>
    </p>
   </div>
   <div class='ocr_carea' id='block_1_94' title="bbox 1806 3400 3393 3476">
    <p class='ocr_par' dir='ltr' id='par_1_94' title="bbox 1806 3400 3393 3476">
     <span class='ocr_line' id='line_1_94' title="bbox 1806 3400 3393 3476; baseline 0.004 -23"><span class='ocrx_word' id='word_1_705' title='bbox 1806 3400 1998 3456; x_wconf 82' lang='lat' dir='ltr'><strong><em>acerbe</em></strong></span> <span class='ocrx_word' id='word_1_706' title='bbox 2018 3401 2195 3457; x_wconf 88' lang='lat' dir='ltr'><strong><em>doleat</em></strong></span> <span class='ocrx_word' id='word_1_707' title='bbox 2223 3420 2237 3457; x_wconf 89' lang='lat'><strong>:</strong></span> <span class='ocrx_word' id='word_1_708' title='bbox 2272 3402 2432 3469; x_wconf 81' lang='lat' dir='ltr'><strong><em>Quis,</em></strong></span> <span class='ocrx_word' id='word_1_709' title='bbox 2455 3403 2663 3473; x_wconf 87' lang='lat' dir='ltr'><strong><em>inquit,</em></strong></span> <span class='ocrx_word' id='word_1_710' title='bbox 2694 3403 3008 3474; x_wconf 75' lang='lat' dir='ltr'><strong><em>inﬁrmatur,</em></strong></span> <span class='ocrx_word' id='word_1_711' title='bbox 3061 3413 3110 3459; x_wconf 90' lang='lat' dir='ltr'><strong><em>et</em></strong></span> <span class='ocrx_word' id='word_1_712' title='bbox 3156 3421 3249 3476; x_wconf 85' lang='lat' dir='ltr'><strong><em>ego</em></strong></span> <span class='ocrx_word' id='word_1_713' title='bbox 3288 3422 3393 3460; x_wconf 84' lang='lat' dir='ltr'><strong><em>non</em></strong></span> 
     </span>
    </p>
   </div>
   <div class='ocr_carea' id='block_1_95' title="bbox 1804 3491 3394 3569">
    <p class='ocr_par' dir='ltr' id='par_1_95' title="bbox 1804 3491 3394 3569">
     <span class='ocr_line' id='line_1_95' title="bbox 1804 3491 3394 3569; baseline 0.004 -23"><span class='ocrx_word' id='word_1_714' title='bbox 1804 3491 2084 3562; x_wconf 79' lang='lat' dir='ltr'><strong><em>inﬁrmor?</em></strong></span> <span class='ocrx_word' id='word_1_715' title='bbox 2107 3495 2219 3564; x_wconf 82' lang='lat' dir='ltr'><strong><em>quis</em></strong></span> <span class='ocrx_word' id='word_1_716' title='bbox 2238 3495 2643 3562; x_wconf 72' lang='lat' dir='ltr'><strong><em>scandalizatur,</em></strong></span> <span class='ocrx_word' id='word_1_717' title='bbox 2674 3505 2723 3550; x_wconf 89' lang='lat' dir='ltr'><strong><em>et</em></strong></span> <span class='ocrx_word' id='word_1_718' title='bbox 2746 3512 2841 3567; x_wconf 86' lang='lat' dir='ltr'><strong><em>ego</em></strong></span> <span class='ocrx_word' id='word_1_719' title='bbox 2864 3512 2967 3551; x_wconf 90' lang='lat' dir='ltr'><strong><em>non</em></strong></span> <span class='ocrx_word' id='word_1_720' title='bbox 2996 3513 3119 3551; x_wconf 91' lang='lat' dir='ltr'><strong><em>uror</em></strong></span> <span class='ocrx_word' id='word_1_721' title='bbox 3162 3496 3241 3569; x_wconf 77' lang='grc'><strong><em>(2.</em></strong></span> <span class='ocrx_word' id='word_1_722' title='bbox 3257 3496 3394 3553; x_wconf 69' lang='grc' dir='ltr'><strong><em>Ἐοτ.</em></strong></span> 
     </span>
    </p>
   </div>
   <div class='ocr_carea' id='block_1_96' title="bbox 1801 3582 3397 3658">
    <p class='ocr_par' dir='ltr' id='par_1_96' title="bbox 1801 3582 3397 3658">
     <span class='ocr_line' id='line_1_96' title="bbox 1801 3582 3397 3658; baseline 0.003 -19"><span class='ocrx_word' id='word_1_723' title='bbox 1801 3583 1895 3639; x_wconf 74' lang='lat' dir='ltr'><strong><em>‘li.</em></strong></span> <span class='ocrx_word' id='word_1_724' title='bbox 1928 3582 2064 3656; x_wconf 69' lang='lat'><strong><em>29)?</em></strong></span> <span class='ocrx_word' id='word_1_725' title='bbox 2098 3585 2165 3639; x_wconf 84' lang='lat' dir='ltr'><strong><em>Et</em></strong></span> <span class='ocrx_word' id='word_1_726' title='bbox 2207 3588 2418 3640; x_wconf 82' lang='lat' dir='ltr'><strong><em>rurs‘um</em></strong></span> <span class='ocrx_word' id='word_1_727' title='bbox 2446 3628 2460 3650; x_wconf 95' lang='lat'><strong><em>,</em></strong></span> <span class='ocrx_word' id='word_1_728' title='bbox 2492 3585 2668 3641; x_wconf 68' lang='lat' dir='ltr'><strong><em>Timeo</em></strong></span> <span class='ocrx_word' id='word_1_729' title='bbox 2708 3603 2773 3641; x_wconf 86' lang='lat' dir='ltr'><strong><em>ne</em></strong></span> <span class='ocrx_word' id='word_1_730' title='bbox 2799 3588 3030 3656; x_wconf 85' lang='lat' dir='ltr'><strong><em>veniens,</em></strong></span> <span class='ocrx_word' id='word_1_731' title='bbox 3071 3603 3175 3643; x_wconf 89' lang='lat' dir='ltr'><strong><em>non</em></strong></span> <span class='ocrx_word' id='word_1_732' title='bbox 3222 3588 3397 3658; x_wconf 81' lang='lat' dir='ltr'><strong><em>quales</em></strong></span> 
     </span>
    </p>
   </div>
   <div class='ocr_carea' id='block_1_97' title="bbox 1804 3675 3390 3749">
    <p class='ocr_par' dir='ltr' id='par_1_97' title="bbox 1804 3675 3390 3749">
     <span class='ocr_line' id='line_1_97' title="bbox 1804 3675 3390 3749; baseline 0.003 -20"><span class='ocrx_word' id='word_1_733' title='bbox 1804 3675 1938 3741; x_wconf 78' lang='lat' dir='ltr'><strong><em>uolo,</em></strong></span> <span class='ocrx_word' id='word_1_734' title='bbox 1992 3677 2252 3730; x_wconf 79' lang='lat' dir='ltr'><strong><em>inveniam</em></strong></span> <span class='ocrx_word' id='word_1_735' title='bbox 2282 3693 2373 3732; x_wconf 73' lang='lat' dir='ltr'><strong><em>ros</em></strong></span> <span class='ocrx_word' id='word_1_736' title='bbox 2400 3686 2492 3732; x_wconf 87' lang='lat' dir='ltr'><strong><em>:-et</em></strong></span> <span class='ocrx_word' id='word_1_737' title='bbox 2518 3694 2610 3749; x_wconf 89' lang='lat' dir='ltr'><strong><em>ego</em></strong></span> <span class='ocrx_word' id='word_1_738' title='bbox 2639 3678 2869 3733; x_wconf 83' lang='lat' dir='ltr'><strong><em>inveniar</em></strong></span> <span class='ocrx_word' id='word_1_739' title='bbox 2895 3695 2928 3732; x_wconf 90' lang='lat' dir='ltr'><strong><em>a</em></strong></span> <span class='ocrx_word' id='word_1_740' title='bbox 2954 3678 3092 3735; x_wconf 80' lang='lat' dir='ltr'><strong><em>uobis</em></strong></span> <span class='ocrx_word' id='word_1_741' title='bbox 3118 3721 3135 3747; x_wconf 97' lang='lat'><strong><em>,</em></strong></span> <span class='ocrx_word' id='word_1_742' title='bbox 3184 3678 3390 3748; x_wconf 86' lang='lat' dir='ltr'><strong><em>qualem</em></strong></span> 
     </span>
    </p>
   </div>
   <div class='ocr_carea' id='block_1_98' title="bbox 1804 3766 3395 3841">
    <p class='ocr_par' dir='ltr' id='par_1_98' title="bbox 1804 3766 3395 3841">
     <span class='ocr_line' id='line_1_98' title="bbox 1804 3766 3395 3841; baseline 0.002 -20"><span class='ocrx_word' id='word_1_743' title='bbox 1804 3779 1907 3822; x_wconf 86' lang='lat' dir='ltr'><strong><em>non</em></strong></span> <span class='ocrx_word' id='word_1_744' title='bbox 1932 3767 2083 3822; x_wconf 80' lang='lat' dir='ltr'><strong><em>vultis</em></strong></span> <span class='ocrx_word' id='word_1_745' title='bbox 2107 3770 2179 3839; x_wconf 70' lang='lat'><strong><em>(2.</em></strong></span> <span class='ocrx_word' id='word_1_746' title='bbox 2194 3767 2546 3839; x_wconf 52' lang='lat' dir='ltr'><strong><em>Cor-{H.200</em></strong></span> <span class='ocrx_word' id='word_1_747' title='bbox 2566 3766 2629 3822; x_wconf 78' lang='lat' dir='ltr'><strong><em>Et</em></strong></span> <span class='ocrx_word' id='word_1_748' title='bbox 2639 3769 2802 3841; x_wconf 84' lang='lat' dir='ltr'><strong><em>paulo</em></strong></span> <span class='ocrx_word' id='word_1_749' title='bbox 2813 3775 2958 3840; x_wconf 80' lang='lat' dir='ltr'><strong><em>post:</em></strong></span> <span class='ocrx_word' id='word_1_750' title='bbox 2972 3766 3055 3822; x_wconf 83' lang='lat' dir='ltr'><strong><em>Ne</em></strong></span> <span class='ocrx_word' id='word_1_751' title='bbox 3075 3785 3190 3822; x_wconf 86' lang='lat' dir='ltr'><strong><em>cum</em></strong></span> <span class='ocrx_word' id='word_1_752' title='bbox 3208 3782 3395 3824; x_wconf 70' lang='lat' dir='ltr'><strong><em>venero</em></strong></span> 
     </span>
    </p>
   </div>
   <div class='ocr_carea' id='block_1_99' title="bbox 1804 3859 3395 3932">
    <p class='ocr_par' dir='ltr' id='par_1_99' title="bbox 1804 3859 3395 3932">
     <span class='ocr_line' id='line_1_99' title="bbox 1804 3859 3395 3932; baseline 0.001 -17"><span class='ocrx_word' id='word_1_753' title='bbox 1804 3861 1874 3915; x_wconf 85' lang='lat' dir='ltr'><strong><em>ad</em></strong></span> <span class='ocrx_word' id='word_1_754' title='bbox 1902 3874 1995 3915; x_wconf 75' lang='lat' dir='ltr'><strong><em>vos</em></strong></span> <span class='ocrx_word' id='word_1_755' title='bbox 2022 3859 2251 3914; x_wconf 78' lang='lat' dir='ltr'><strong><em>hurniliet</em></strong></span> <span class='ocrx_word' id='word_1_756' title='bbox 2276 3877 2358 3915; x_wconf 85' lang='lat' dir='ltr'><strong><em>me</em></strong></span> <span class='ocrx_word' id='word_1_757' title='bbox 2385 3860 2551 3929; x_wconf 84' lang='lat' dir='ltr'><strong><em>Deus,</em></strong></span> <span class='ocrx_word' id='word_1_758' title='bbox 2570 3869 2632 3915; x_wconf 75' lang='lat' dir='ltr'><strong><em>et</em></strong></span> <span class='ocrx_word' id='word_1_759' title='bbox 2660 3861 2859 3932; x_wconf 77' lang='lat' dir='ltr'><strong><em>lugeam</em></strong></span> <span class='ocrx_word' id='word_1_760' title='bbox 2882 3860 3069 3915; x_wconf 81' lang='lat' dir='ltr'><strong><em>multos</em></strong></span> <span class='ocrx_word' id='word_1_761' title='bbox 3093 3876 3156 3914; x_wconf 78' lang='lat' dir='ltr'><strong><em>ea:</em></strong></span> <span class='ocrx_word' id='word_1_762' title='bbox 3179 3861 3243 3915; x_wconf 86' lang='lat' dir='ltr'><strong><em>iis</em></strong></span> <span class='ocrx_word' id='word_1_763' title='bbox 3265 3902 3281 3929; x_wconf 93' lang='lat'><strong><em>,</em></strong></span> <span class='ocrx_word' id='word_1_764' title='bbox 3307 3863 3395 3932; x_wconf 84' lang='lat' dir='ltr'><strong><em>qui</em></strong></span> 
     </span>
    </p>
   </div>
   <div class='ocr_carea' id='block_1_100' title="bbox 1798 3949 3394 4021">
    <p class='ocr_par' dir='ltr' id='par_1_100' title="bbox 1798 3949 3394 4021">
     <span class='ocr_line' id='line_1_100' title="bbox 1798 3949 3394 4021; baseline 0.001 -17"><span class='ocrx_word' id='word_1_765' title='bbox 1798 3960 1922 4005; x_wconf 78' lang='lat' dir='ltr'><strong><em>ante</em></strong></span> <span class='ocrx_word' id='word_1_766' title='bbox 1961 3959 2286 4020; x_wconf 83' lang='lat' dir='ltr'><strong><em>peccaverunt</em></strong></span> <span class='ocrx_word' id='word_1_767' title='bbox 2309 3990 2323 4016; x_wconf 93' lang='lat'><strong><em>,</em></strong></span> <span class='ocrx_word' id='word_1_768' title='bbox 2352 3961 2417 4004; x_wconf 43' lang='lat' dir='ltr'><strong><em>&#39;et</em></strong></span> <span class='ocrx_word' id='word_1_769' title='bbox 2447 3966 2558 4005; x_wconf 73' lang='lat' dir='ltr'><strong><em>non</em></strong></span> <span class='ocrx_word' id='word_1_770' title='bbox 2606 3960 2811 4021; x_wconf 68' lang='lat' dir='ltr'><strong><em>egerunt</em></strong></span> <span class='ocrx_word' id='word_1_771' title='bbox 2856 3949 3199 4019; x_wconf 75' lang='lat' dir='ltr'><strong><em>paenitentiam</em></strong></span> <span class='ocrx_word' id='word_1_772' title='bbox 3237 3962 3394 4020; x_wconf 76' lang='lat' dir='ltr'><strong><em>super</em></strong></span> 
     </span>
    </p>
   </div>
   <div class='ocr_carea' id='block_1_101' title="bbox 1803 4041 3390 4113">
    <p class='ocr_par' dir='ltr' id='par_1_101' title="bbox 1803 4041 3390 4113">
     <span class='ocr_line' id='line_1_101' title="bbox 1803 4041 3390 4113; baseline 0 -17"><span class='ocrx_word' id='word_1_773' title='bbox 1803 4042 2125 4096; x_wconf 86' lang='lat' dir='ltr'><strong><em>immunditia</em></strong></span> <span class='ocrx_word' id='word_1_774' title='bbox 2148 4082 2162 4106; x_wconf 94' lang='lat'><strong><em>,</em></strong></span> <span class='ocrx_word' id='word_1_775' title='bbox 2207 4051 2255 4094; x_wconf 81' lang='lat' dir='ltr'><strong><em>et</em></strong></span> <span class='ocrx_word' id='word_1_776' title='bbox 2303 4042 2640 4111; x_wconf 74' lang='lat' dir='ltr'><strong><em>fornicatione</em></strong></span> <span class='ocrx_word' id='word_1_777' title='bbox 2667 4045 2709 4109; x_wconf 78' lang='lat'><strong><em>&#39;,</em></strong></span> <span class='ocrx_word' id='word_1_778' title='bbox 2737 4049 2785 4095; x_wconf 80' lang='lat' dir='ltr'><strong><em>et</em></strong></span> <span class='ocrx_word' id='word_1_779' title='bbox 2820 4041 3142 4111; x_wconf 80' lang='lat' dir='ltr'><strong><em>impudicitia</em></strong></span> <span class='ocrx_word' id='word_1_780' title='bbox 3166 4082 3182 4109; x_wconf 92' lang='lat'><strong><em>,</em></strong></span> <span class='ocrx_word' id='word_1_781' title='bbox 3228 4057 3390 4113; x_wconf 74' lang='lat' dir='ltr'><strong><em>quam</em></strong></span> 
     </span>
    </p>
   </div>
   <div class='ocr_carea' id='block_1_102' title="bbox 1803 4132 3390 4206">
    <p class='ocr_par' dir='ltr' id='par_1_102' title="bbox 1803 4132 3390 4206">
     <span class='ocr_line' id='line_1_102' title="bbox 1803 4132 3390 4206; baseline 0 -18"><span class='ocrx_word' id='word_1_782' title='bbox 1803 4144 2063 4206; x_wconf 82' lang='lat' dir='ltr'><strong><em>gesserunt</em></strong></span> <span class='ocrx_word' id='word_1_783' title='bbox 2094 4132 2215 4206; x_wconf 75' lang='lat' dir='ltr'><strong><em>.(lb.</em></strong></span> <span class='ocrx_word' id='word_1_784' title='bbox 2248 4149 2299 4188; x_wconf 86' lang='grc' dir='ltr'><strong>υ.</strong></span> <span class='ocrx_word' id='word_1_785' title='bbox 2343 4132 2463 4204; x_wconf 62' lang='grc' dir='ltr'><strong><em>ΞΑ).</em></strong></span> <span class='ocrx_word' id='word_1_786' title='bbox 2490 4134 2724 4202; x_wconf 84' lang='lat' dir='ltr'><strong><em>Semper</em></strong></span> <span class='ocrx_word' id='word_1_787' title='bbox 2758 4132 2988 4203; x_wconf 88' lang='lat' dir='ltr'><strong><em>denique</em></strong></span> <span class='ocrx_word' id='word_1_788' title='bbox 3016 4133 3192 4190; x_wconf 86' lang='lat' dir='ltr'><strong><em>cernis</em></strong></span> <span class='ocrx_word' id='word_1_789' title='bbox 3217 4134 3390 4204; x_wconf 86' lang='lat' dir='ltr'><strong><em>ipsqu</em></strong></span> 
     </span>
    </p>
   </div>
   <div class='ocr_carea' id='block_1_103' title="bbox 1800 4226 3393 4298">
    <p class='ocr_par' dir='ltr' id='par_1_103' title="bbox 1800 4226 3393 4298">
     <span class='ocr_line' id='line_1_103' title="bbox 1800 4226 3393 4298; baseline 0.002 -18"><span class='ocrx_word' id='word_1_790' title='bbox 1800 4227 1859 4280; x_wconf 83' lang='lat' dir='ltr'><strong><em>in</em></strong></span> <span class='ocrx_word' id='word_1_791' title='bbox 1906 4227 2157 4298; x_wconf 86' lang='lat' dir='ltr'><strong><em>lacrymis</em></strong></span> <span class='ocrx_word' id='word_1_792' title='bbox 2196 4233 2252 4282; x_wconf 81' lang='lat' dir='ltr'><strong><em>el.</em></strong></span> <span class='ocrx_word' id='word_1_793' title='bbox 2280 4226 2758 4281; x_wconf 62' lang='lat' dir='ltr'><strong><em>*iametttatiunlhus</em></strong></span> <span class='ocrx_word' id='word_1_794' title='bbox 2803 4234 3021 4297; x_wconf 81' lang='lat' dir='ltr'><strong><em>propter</em></strong></span> <span class='ocrx_word' id='word_1_795' title='bbox 3068 4227 3393 4284; x_wconf 87' lang='lat' dir='ltr'><strong><em>domesticos</em></strong></span> 
     </span>
    </p>
   </div>
   <div class='ocr_carea' id='block_1_104' title="bbox 1802 4319 3393 4390">
    <p class='ocr_par' dir='ltr' id='par_1_104' title="bbox 1802 4319 3393 4390">
     <span class='ocr_line' id='line_1_104' title="bbox 1802 4319 3393 4390; baseline 0.001 -15"><span class='ocrx_word' id='word_1_796' title='bbox 1802 4320 2039 4386; x_wconf 80' lang='lat' dir='ltr'><strong><em>versari,</em></strong></span> <span class='ocrx_word' id='word_1_797' title='bbox 2062 4329 2121 4374; x_wconf 79' lang='lat' dir='ltr'><strong><em>et</em></strong></span> <span class='ocrx_word' id='word_1_798' title='bbox 2162 4319 2656 4390; x_wconf 39' lang='lat' dir='ltr'><strong><em>proptcrreos,-qui</em></strong></span> <span class='ocrx_word' id='word_1_799' title='bbox 2692 4319 3068 4389; x_wconf 82' lang='lat' dir='ltr'><strong><em>crediderant,</em></strong></span> <span class='ocrx_word' id='word_1_800' title='bbox 3096 4322 3393 4376; x_wconf 66' lang='lat' dir='ltr'><strong><em>contremia</em></strong></span> 
     </span>
    </p>
   </div>
   <div class='ocr_carea' id='block_1_105' title="bbox 1795 4411 3392 4483">
    <p class='ocr_par' dir='ltr' id='par_1_105' title="bbox 1795 4411 3392 4483">
     <span class='ocr_line' id='line_1_105' title="bbox 1795 4411 3392 4483; baseline 0 -15"><span class='ocrx_word' id='word_1_801' title='bbox 1795 4426 1973 4468; x_wconf 78' lang='lat' dir='ltr'><strong><em>scere.</em></strong></span> <span class='ocrx_word' id='word_1_802' title='bbox 2008 4411 2478 4479; x_wconf 64' lang='lat' dir='ltr'><strong><em>Quemadmodum</em></strong></span> <span class='ocrx_word' id='word_1_803' title='bbox 2526 4412 2686 4482; x_wconf 86' lang='lat' dir='ltr'><strong><em>igitur</em></strong></span> <span class='ocrx_word' id='word_1_804' title='bbox 2711 4411 3124 4483; x_wconf 87' lang='lat' dir='ltr'><strong><em>gubernatorem</em></strong></span> <span class='ocrx_word' id='word_1_805' title='bbox 3155 4413 3392 4468; x_wconf 61' lang='lat' dir='ltr'><strong><em>admira-</em></strong></span> 
     </span>
    </p>
   </div>
   <div class='ocr_carea' id='block_1_106' title="bbox 1792 4504 3393 4576">
    <p class='ocr_par' dir='ltr' id='par_1_106' title="bbox 1792 4504 3393 4576">
     <span class='ocr_line' id='line_1_106' title="bbox 1792 4504 3393 4576; baseline 0.001 -16"><span class='ocrx_word' id='word_1_806' title='bbox 1792 4518 1944 4572; x_wconf 70' lang='lat' dir='ltr'><strong><em>‘mur,</em></strong></span> <span class='ocrx_word' id='word_1_807' title='bbox 1985 4520 2091 4561; x_wconf 92' lang='lat' dir='ltr'><strong><em>non</em></strong></span> <span class='ocrx_word' id='word_1_808' title='bbox 2138 4519 2258 4565; x_wconf 88' lang='lat' dir='ltr'><strong><em>cum</em></strong></span> <span class='ocrx_word' id='word_1_809' title='bbox 2294 4504 2593 4576; x_wconf 78' lang='lat' dir='ltr'><strong><em>tranquillo</em></strong></span> <span class='ocrx_word' id='word_1_810' title='bbox 2639 4504 2774 4560; x_wconf 89' lang='lat' dir='ltr'><strong><em>mari</em></strong></span> <span class='ocrx_word' id='word_1_811' title='bbox 2808 4513 2872 4561; x_wconf 85' lang='lat' dir='ltr'><strong><em>et</em></strong></span> <span class='ocrx_word' id='word_1_812' title='bbox 2920 4505 3175 4562; x_wconf 83' lang='lat' dir='ltr'><strong><em>secundis</em></strong></span> <span class='ocrx_word' id='word_1_813' title='bbox 3217 4507 3393 4562; x_wconf 87' lang='lat' dir='ltr'><strong><em>ventis</em></strong></span> 
     </span>
    </p>
   </div>
   <div class='ocr_carea' id='block_1_107' title="bbox 1790 4595 3396 4667">
    <p class='ocr_par' dir='ltr' id='par_1_107' title="bbox 1790 4595 3396 4667">
     <span class='ocr_line' id='line_1_107' title="bbox 1790 4595 3396 4667; baseline 0.001 -16"><span class='ocrx_word' id='word_1_814' title='bbox 1790 4606 2047 4652; x_wconf 67' lang='lat' dir='ltr'><strong><em>&#39;vectores</em></strong></span> <span class='ocrx_word' id='word_1_815' title='bbox 2074 4597 2143 4651; x_wconf 77' lang='lat' dir='ltr'><strong><em>.in</em></strong></span> <span class='ocrx_word' id='word_1_816' title='bbox 2186 4608 2399 4667; x_wconf 87' lang='lat' dir='ltr'><strong><em>portum</em></strong></span> <span class='ocrx_word' id='word_1_817' title='bbox 2441 4597 2739 4652; x_wconf 76' lang='lat' dir='ltr'><strong><em>incolumes</em></strong></span> <span class='ocrx_word' id='word_1_818' title='bbox 2766 4595 2944 4662; x_wconf 89' lang='lat' dir='ltr'><strong><em>ducit;</em></strong></span> <span class='ocrx_word' id='word_1_819' title='bbox 2981 4596 3076 4653; x_wconf 84' lang='lat' dir='ltr'><strong><em>sed</em></strong></span> <span class='ocrx_word' id='word_1_820' title='bbox 3101 4613 3222 4652; x_wconf 91' lang='lat' dir='ltr'><strong><em>cum</em></strong></span> <span class='ocrx_word' id='word_1_821' title='bbox 3249 4598 3396 4652; x_wconf 87' lang='lat' dir='ltr'><strong><em>insa-</em></strong></span> 
     </span>
    </p>
   </div>
   <div class='ocr_carea' id='block_1_108' title="bbox 1792 4682 3391 4760">
    <p class='ocr_par' dir='ltr' id='par_1_108' title="bbox 1792 4682 3391 4760">
     <span class='ocr_line' id='line_1_108' title="bbox 1792 4682 3391 4760; baseline -0.001 -17"><span class='ocrx_word' id='word_1_822' title='bbox 1792 4689 1985 4745; x_wconf 76' lang='lat' dir='ltr'><strong><em>&#39;nieute</em></strong></span> <span class='ocrx_word' id='word_1_823' title='bbox 2009 4682 2227 4760; x_wconf 83' lang='lat' dir='ltr'><strong><em>pelago,</em></strong></span> <span class='ocrx_word' id='word_1_824' title='bbox 2261 4687 3000 4759; x_wconf 75' lang='lat' dir='ltr'><strong><em>fluctibusque&#39;saevientibus</em></strong></span> <span class='ocrx_word' id='word_1_825' title='bbox 3019 4731 3034 4755; x_wconf 89' lang='lat'><strong><em>,</em></strong></span> <span class='ocrx_word' id='word_1_826' title='bbox 3062 4689 3151 4759; x_wconf 90' lang='lat' dir='ltr'><strong><em>qui</em></strong></span> <span class='ocrx_word' id='word_1_827' title='bbox 3182 4689 3235 4744; x_wconf 91' lang='lat' dir='ltr'><strong><em>in</em></strong></span> <span class='ocrx_word' id='word_1_828' title='bbox 3258 4693 3391 4743; x_wconf 77' lang='lat' dir='ltr'><strong><em>navi</em></strong></span> 
     </span>
    </p>
   </div>
   <div class='ocr_carea' id='block_1_109' title="bbox 1788 4779 3389 4849">
    <p class='ocr_par' dir='ltr' id='par_1_109' title="bbox 1788 4779 3389 4849">
     <span class='ocr_line' id='line_1_109' title="bbox 1788 4779 3389 4849; baseline 0 -14"><span class='ocrx_word' id='word_1_829' title='bbox 1788 4789 1947 4846; x_wconf 71' lang='lat' dir='ltr'><strong><em>&#39;sunt,</em></strong></span> <span class='ocrx_word' id='word_1_830' title='bbox 1976 4779 2118 4836; x_wconf 73' lang='lat' dir='ltr'><strong><em>inter</em></strong></span> <span class='ocrx_word' id='word_1_831' title='bbox 2136 4794 2206 4836; x_wconf 74' lang='lat' dir='ltr'><strong><em>’se</em></strong></span> <span class='ocrx_word' id='word_1_832' title='bbox 2223 4779 2567 4845; x_wconf 79' lang='lat' dir='ltr'><strong><em>dissentiunt,</em></strong></span> <span class='ocrx_word' id='word_1_833' title='bbox 2594 4789 3141 4849; x_wconf 78' lang='lat' dir='ltr'><strong><em>magna‘tetnpestate</em></strong></span> <span class='ocrx_word' id='word_1_834' title='bbox 3161 4780 3305 4835; x_wconf 89' lang='lat' dir='ltr'><strong><em>intus</em></strong></span> <span class='ocrx_word' id='word_1_835' title='bbox 3331 4788 3389 4835; x_wconf 85' lang='lat' dir='ltr'><strong><em>et</em></strong></span> 
     </span>
    </p>
   </div>
   <div class='ocr_carea' id='block_1_110' title="bbox 1790 4868 3390 4944">
    <p class='ocr_par' dir='ltr' id='par_1_110' title="bbox 1790 4868 3390 4944">
     <span class='ocr_line' id='line_1_110' title="bbox 1790 4868 3390 4944; baseline 0.001 -18"><span class='ocrx_word' id='word_1_836' title='bbox 1790 4871 1934 4928; x_wconf 80' lang='lat' dir='ltr'><strong><em>&#39;l&#39;nri&#39;s</em></strong></span> <span class='ocrx_word' id='word_1_837' title='bbox 1959 4873 2273 4944; x_wconf 81' lang='lat' dir='ltr'><strong><em>navigantes</em></strong></span> <span class='ocrx_word' id='word_1_838' title='bbox 2288 4873 2635 4942; x_wconf 76' lang='lat' dir='ltr'><strong><em>exagitante,</em></strong></span> <span class='ocrx_word' id='word_1_839' title='bbox 2658 4868 3031 4928; x_wconf 71' lang='lat' dir='ltr'><strong><em>navim’taméu</em></strong></span> <span class='ocrx_word' id='word_1_840' title='bbox 3056 4880 3238 4944; x_wconf 83' lang='lat' dir='ltr'><strong><em>putest</em></strong></span> <span class='ocrx_word' id='word_1_841' title='bbox 3258 4872 3390 4928; x_wconf 87' lang='lat' dir='ltr'><strong><em>diri-</em></strong></span> 
     </span>
    </p>
   </div>
   <div class='ocr_carea' id='block_1_111' title="bbox 1792 4964 3387 5037">
    <p class='ocr_par' dir='ltr' id='par_1_111' title="bbox 1792 4964 3387 5037">
     <span class='ocr_line' id='line_1_111' title="bbox 1792 4964 3387 5037; baseline -0.001 -15"><span class='ocrx_word' id='word_1_842' title='bbox 1792 4977 1929 5037; x_wconf 85' lang='lat' dir='ltr'><strong><em>‘gere</em></strong></span> <span class='ocrx_word' id='word_1_843' title='bbox 1955 4976 2007 5021; x_wconf 88' lang='lat' dir='ltr'><strong><em>et</em></strong></span> <span class='ocrx_word' id='word_1_844' title='bbox 2032 4978 2354 5022; x_wconf 85' lang='lat' dir='ltr'><strong><em>conservare</em></strong></span> <span class='ocrx_word' id='word_1_845' title='bbox 2381 4965 2503 5022; x_wconf 81' lang='lat' dir='ltr'><strong><em>:sic</em></strong></span> <span class='ocrx_word' id='word_1_846' title='bbox 2523 4979 2618 5022; x_wconf 87' lang='lat' dir='ltr'><strong><em>eos</em></strong></span> <span class='ocrx_word' id='word_1_847' title='bbox 2646 4964 2737 5037; x_wconf 91' lang='lat' dir='ltr'><strong><em>qui</em></strong></span> <span class='ocrx_word' id='word_1_848' title='bbox 2766 4974 2891 5023; x_wconf 86' lang='lat' dir='ltr'><strong><em>tunc</em></strong></span> <span class='ocrx_word' id='word_1_849' title='bbox 2920 4966 3210 5023; x_wconf 87' lang='lat' dir='ltr'><strong><em>Ecclesiam</em></strong></span> <span class='ocrx_word' id='word_1_850' title='bbox 3228 4981 3387 5037; x_wconf 85' lang='lat' dir='ltr'><strong><em>rege-</em></strong></span> 
     </span>
    </p>
   </div>
   <div class='ocr_carea' id='block_1_112' title="bbox 1790 5055 3387 5128">
    <p class='ocr_par' dir='ltr' id='par_1_112' title="bbox 1790 5055 3387 5128">
     <span class='ocr_line' id='line_1_112' title="bbox 1790 5055 3387 5128; baseline -0.002 -15"><span class='ocrx_word' id='word_1_851' title='bbox 1790 5057 1948 5121; x_wconf 78' lang='lat' dir='ltr'><strong><em>‘bant,</em></strong></span> <span class='ocrx_word' id='word_1_852' title='bbox 1964 5057 2138 5113; x_wconf 87' lang='lat' dir='ltr'><strong><em>multo</em></strong></span> <span class='ocrx_word' id='word_1_853' title='bbox 2162 5058 2329 5128; x_wconf 88' lang='lat' dir='ltr'><strong><em>magis</em></strong></span> <span class='ocrx_word' id='word_1_854' title='bbox 2343 5099 2357 5124; x_wconf 89' lang='lat'><strong><em>,</em></strong></span> <span class='ocrx_word' id='word_1_855' title='bbox 2374 5066 2550 5127; x_wconf 79' lang='lat' dir='ltr'><strong><em>quam</em></strong></span> <span class='ocrx_word' id='word_1_856' title='bbox 2576 5056 2706 5113; x_wconf 81' lang='lat' dir='ltr'><strong><em>illos</em></strong></span> <span class='ocrx_word' id='word_1_857' title='bbox 2723 5098 2740 5124; x_wconf 89' lang='lat'><strong><em>,</em></strong></span> <span class='ocrx_word' id='word_1_858' title='bbox 2768 5056 2857 5128; x_wconf 90' lang='lat' dir='ltr'><strong><em>qui</em></strong></span> <span class='ocrx_word' id='word_1_859' title='bbox 2873 5072 3000 5112; x_wconf 78' lang='lat' dir='ltr'><strong><em>eam</em></strong></span> <span class='ocrx_word' id='word_1_860' title='bbox 3028 5055 3387 5127; x_wconf 65' lang='lat' dir='ltr'><strong><em>inpraesentia</em></strong></span> 
     </span>
    </p>
   </div>
   <div class='ocr_carea' id='block_1_113' title="bbox 1784 5146 3387 5223">
    <p class='ocr_par' dir='ltr' id='par_1_113' title="bbox 1784 5146 3387 5223">
     <span class='ocr_line' id='line_1_113' title="bbox 1784 5146 3387 5223; baseline -0.003 -17"><span class='ocrx_word' id='word_1_861' title='bbox 1784 5152 2102 5223; x_wconf 74' lang='lat' dir='ltr'><strong><em>gubernant</em></strong></span> <span class='ocrx_word' id='word_1_862' title='bbox 2121 5191 2135 5216; x_wconf 91' lang='lat'><strong><em>,</em></strong></span> <span class='ocrx_word' id='word_1_863' title='bbox 2154 5149 2438 5220; x_wconf 69' lang='lat' dir='ltr'><strong><em>suSpicet-e</em></strong></span> <span class='ocrx_word' id='word_1_864' title='bbox 2464 5149 2733 5206; x_wconf 71' lang='lat' dir='ltr'><strong><em>&#39;dubcmus</em></strong></span> <span class='ocrx_word' id='word_1_865' title='bbox 2759 5158 2815 5205; x_wconf 87' lang='lat' dir='ltr'><strong><em>et</em></strong></span> <span class='ocrx_word' id='word_1_866' title='bbox 2851 5149 3142 5214; x_wconf 79' lang='lat' dir='ltr'><strong><em>admirari,</em></strong></span> <span class='ocrx_word' id='word_1_867' title='bbox 3169 5146 3387 5218; x_wconf 86' lang='lat' dir='ltr'><strong><em>quando</em></strong></span> 
     </span>
    </p>
   </div>
   <div class='ocr_carea' id='block_1_114' title="bbox 1796 5238 3384 5311">
    <p class='ocr_par' dir='ltr' id='par_1_114' title="bbox 1796 5238 3384 5311">
     <span class='ocr_line' id='line_1_114' title="bbox 1796 5238 3384 5311; baseline -0.003 -13"><span class='ocrx_word' id='word_1_868' title='bbox 1796 5239 2125 5298; x_wconf 75' lang='lat' dir='ltr'><strong><em>&quot;multa&#39;bella</em></strong></span> <span class='ocrx_word' id='word_1_869' title='bbox 2161 5242 2387 5297; x_wconf 65' lang='lat' dir='ltr'><strong><em>iutus&#39;et</em></strong></span> <span class='ocrx_word' id='word_1_870' title='bbox 2426 5240 2586 5307; x_wconf 83' lang='lat' dir='ltr'><strong><em>foris,</em></strong></span> <span class='ocrx_word' id='word_1_871' title='bbox 2610 5240 2822 5311; x_wconf 81' lang='lat' dir='ltr'><strong><em>quando</em></strong></span> <span class='ocrx_word' id='word_1_872' title='bbox 2850 5238 2975 5295; x_wconf 79' lang='lat' dir='ltr'><strong><em>ﬁdei</em></strong></span> <span class='ocrx_word' id='word_1_873' title='bbox 3004 5240 3184 5309; x_wconf 88' lang='lat' dir='ltr'><strong><em>planta</em></strong></span> <span class='ocrx_word' id='word_1_874' title='bbox 3214 5238 3384 5293; x_wconf 85' lang='lat' dir='ltr'><strong><em>imbe-</em></strong></span> 
     </span>
    </p>
   </div>
   <div class='ocr_carea' id='block_1_115' title="bbox 1802 5328 3380 5406">
    <p class='ocr_par' dir='ltr' id='par_1_115' title="bbox 1802 5328 3380 5406">
     <span class='ocr_line' id='line_1_115' title="bbox 1802 5328 3380 5406; baseline -0.004 -14"><span class='ocrx_word' id='word_1_875' title='bbox 1802 5332 2167 5393; x_wconf 71' lang='lat' dir='ltr'><strong><em>cillior‘adhuc</em></strong></span> <span class='ocrx_word' id='word_1_876' title='bbox 2193 5334 2484 5406; x_wconf 80' lang='lat' dir='ltr'><strong><em>diligentia:</em></strong></span> <span class='ocrx_word' id='word_1_877' title='bbox 2509 5332 3006 5405; x_wconf 68' lang='lat' dir='ltr'><strong><em>magis-indigebat,</em></strong></span> <span class='ocrx_word' id='word_1_878' title='bbox 3036 5331 3249 5402; x_wconf 69' lang='lat' dir='ltr'><strong><em>quando</em></strong></span> <span class='ocrx_word' id='word_1_879' title='bbox 3273 5328 3380 5387; x_wconf 85' lang='lat' dir='ltr'><strong><em>vel-</em></strong></span> 
     </span>
    </p>
   </div>
   <div class='ocr_carea' id='block_1_116' title="bbox 1800 5425 3384 5500">
    <p class='ocr_par' dir='ltr' id='par_1_116' title="bbox 1800 5425 3384 5500">
     <span class='ocr_line' id='line_1_116' title="bbox 1800 5425 3384 5500; baseline -0.004 -16"><span class='ocrx_word' id='word_1_880' title='bbox 1800 5430 1878 5485; x_wconf 88' lang='lat' dir='ltr'><strong><em>uti</em></strong></span> <span class='ocrx_word' id='word_1_881' title='bbox 1922 5429 2084 5484; x_wconf 89' lang='lat' dir='ltr'><strong><em>modo</em></strong></span> <span class='ocrx_word' id='word_1_882' title='bbox 2127 5429 2336 5500; x_wconf 78' lang='lat' dir='ltr'><strong><em>genitus</em></strong></span> <span class='ocrx_word' id='word_1_883' title='bbox 2364 5427 2537 5485; x_wconf 81' lang='lat' dir='ltr'><strong><em>infans</em></strong></span> <span class='ocrx_word' id='word_1_884' title='bbox 2557 5428 2823 5483; x_wconf 63' lang='lat' dir='ltr'><strong><em>Ecclesia:</em></strong></span> <span class='ocrx_word' id='word_1_885' title='bbox 2868 5425 3097 5497; x_wconf 88' lang='lat' dir='ltr'><strong><em>p0pulus</em></strong></span> <span class='ocrx_word' id='word_1_886' title='bbox 3133 5438 3384 5493; x_wconf 83' lang='lat' dir='ltr'><strong><em>magnam</em></strong></span> 
     </span>
    </p>
   </div>
   <div class='ocr_carea' id='block_1_117' title="bbox 1800 5517 3373 5592">
    <p class='ocr_par' dir='ltr' id='par_1_117' title="bbox 1800 5517 3373 5592">
     <span class='ocr_line' id='line_1_117' title="bbox 1800 5517 3373 5592; baseline -0.003 -15"><span class='ocrx_word' id='word_1_887' title='bbox 1800 5520 2184 5592; x_wconf 81' lang='lat' dir='ltr'><strong><em>providentiam</em></strong></span> <span class='ocrx_word' id='word_1_888' title='bbox 2208 5528 2369 5590; x_wconf 85' lang='lat' dir='ltr'><strong><em>atque</em></strong></span> <span class='ocrx_word' id='word_1_889' title='bbox 2396 5518 2710 5590; x_wconf 88' lang='lat' dir='ltr'><strong><em>sapientiam</em></strong></span> <span class='ocrx_word' id='word_1_890' title='bbox 2755 5518 2947 5572; x_wconf 71' lang='lat' dir='ltr'><strong><em>anima:</em></strong></span> <span class='ocrx_word' id='word_1_891' title='bbox 2965 5560 2981 5585; x_wconf 90' lang='lat'><strong><em>,</em></strong></span> <span class='ocrx_word' id='word_1_892' title='bbox 3008 5531 3113 5588; x_wconf 90' lang='lat' dir='ltr'><strong><em>qua</em></strong></span> <span class='ocrx_word' id='word_1_893' title='bbox 3149 5517 3373 5574; x_wconf 85' lang='lat' dir='ltr'><strong><em>lactare-</em></strong></span> 
     </span>
    </p>
   </div>
   <div class='ocr_carea' id='block_1_118' title="bbox 1788 5607 3385 5683">
    <p class='ocr_par' dir='ltr' id='par_1_118' title="bbox 1788 5607 3385 5683">
     <span class='ocr_line' id='line_1_118' title="bbox 1788 5607 3385 5683; baseline -0.002 -16"><span class='ocrx_word' id='word_1_894' title='bbox 1788 5620 1907 5681; x_wconf 54' lang='lat' dir='ltr'><strong><em>‘tur,</em></strong></span> <span class='ocrx_word' id='word_1_895' title='bbox 1942 5609 2262 5683; x_wconf 88' lang='lat' dir='ltr'><strong><em>postulabat.</em></strong></span> <span class='ocrx_word' id='word_1_896' title='bbox 2284 5608 2489 5666; x_wconf 65' lang='lat' dir='ltr'><strong><em>Verum</em></strong></span> <span class='ocrx_word' id='word_1_897' title='bbox 2527 5617 2586 5665; x_wconf 91' lang='lat' dir='ltr'><strong><em>ut</em></strong></span> <span class='ocrx_word' id='word_1_898' title='bbox 2612 5608 2832 5680; x_wconf 84' lang='lat' dir='ltr'><strong><em>planius</em></strong></span> <span class='ocrx_word' id='word_1_899' title='bbox 2871 5607 3203 5679; x_wconf 85' lang='lat' dir='ltr'><strong><em>intelligatis,</em></strong></span> <span class='ocrx_word' id='word_1_900' title='bbox 3250 5618 3385 5680; x_wconf 86' lang='lat' dir='ltr'><strong><em>quot</em></strong></span> 
     </span>
    </p>
   </div>
   <div class='ocr_carea' id='block_1_119' title="bbox 1792 5739 3380 5860">
    <p class='ocr_par' dir='ltr' id='par_1_119' title="bbox 1792 5739 3380 5860">
     <span class='ocr_line' id='line_1_119' title="bbox 1792 5739 3380 5860; baseline -0.001 -65"><span class='ocrx_word' id='word_1_901' title='bbox 1792 5772 1835 5860; x_wconf 38' lang='grc' dir='ltr'><strong>ᾖ</strong></span> <span class='ocrx_word' id='word_1_902' title='bbox 1861 5748 1879 5778; x_wconf 79' lang='grc' dir='ltr'>ι</span> <span class='ocrx_word' id='word_1_903' title='bbox 1915 5751 2042 5797; x_wconf 86' lang='lat' dir='ltr'><strong><em>Unus</em></strong></span> <span class='ocrx_word' id='word_1_904' title='bbox 2058 5750 2196 5808; x_wconf 77' lang='lat' dir='ltr'><strong><em>lleg.,</em></strong></span> <span class='ocrx_word' id='word_1_905' title='bbox 2217 5741 2557 5808; x_wconf 77' lang='lat' dir='ltr'><strong><em>fornicatione,</em></strong></span> <span class='ocrx_word' id='word_1_906' title='bbox 2574 5750 2631 5795; x_wconf 88' lang='lat' dir='ltr'><strong><em>ut</em></strong></span> <span class='ocrx_word' id='word_1_907' title='bbox 2654 5740 2779 5806; x_wconf 84' lang='lat' dir='ltr'><strong><em>legit</em></strong></span> <span class='ocrx_word' id='word_1_908' title='bbox 2796 5747 3060 5807; x_wconf 82' lang='lat' dir='ltr'><strong><em>interpres.</em></strong></span> <span class='ocrx_word' id='word_1_909' title='bbox 3088 5739 3187 5792; x_wconf 79' lang='lat' dir='ltr'><strong><em>Alii</em></strong></span> <span class='ocrx_word' id='word_1_910' title='bbox 3207 5740 3380 5809; x_wconf 83' lang='lat' dir='ltr'><strong><em>nequi-</em></strong></span> 
     </span>
     <span class='ocr_line' id='line_1_120' title="bbox 1833 5819 1880 5860; baseline 0 0"><span class='ocrx_word' id='word_1_911' title='bbox 1833 5819 1880 5860; x_wconf 82' lang='grc' dir='ltr'><strong>α.</strong></span> 
     </span>
    </p>
   </div>
   <div class='ocr_carea' id='block_1_120' title="bbox 1833 5819 1880 5860">
    <p class='ocr_par' dir='ltr' id='par_1_120' title="bbox 1833 5819 1880 5860">
     <span class='ocr_line' id='line_1_121' title="bbox 1833 5819 1880 5860; baseline 0 0"><span class='ocrx_word' id='word_1_912' title='bbox 1833 5819 1880 5860; x_wconf 81' lang='grc' dir='ltr'><strong>α.</strong></span> 
     </span>
    </p>
   </div>
  </div>
