  <div class='ocr_page' id='page_1' title='image "/cluster/home/n/w/nwhite01/storage/ocr_20150623/50/mdp.39015066055818/187.png"; bbox 0 0 3884 6294; ppageno 0'>
   <div class='ocr_carea' id='block_1_1' title="bbox 469 309 568 374">
    <p class='ocr_par' dir='ltr' id='par_1_1' title="bbox 469 309 568 374">
     <span class='ocr_line' id='line_1_1' title="bbox 469 309 568 374; baseline 0.051 -5"><span class='ocrx_word' id='word_1_1' title='bbox 469 309 568 374; x_wconf 67' lang='grc' dir='ltr'><strong>59ῑ</strong></span> 
     </span>
    </p>
   </div>
   <div class='ocr_carea' id='block_1_2' title="bbox 454 415 2033 496">
    <p class='ocr_par' dir='ltr' id='par_1_2' title="bbox 454 415 2033 496">
     <span class='ocr_line' id='line_1_2' title="bbox 454 415 2033 496; baseline -0.009 -11"><span class='ocrx_word' id='word_1_2' title='bbox 454 436 634 485; x_wconf 81' lang='lat' dir='ltr'><strong>essent</strong></span> <span class='ocrx_word' id='word_1_3' title='bbox 668 425 882 484; x_wconf 84' lang='lat' dir='ltr'><strong>coronis</strong></span> <span class='ocrx_word' id='word_1_4' title='bbox 908 422 1085 496; x_wconf 88' lang='lat' dir='ltr'><strong>digni,</strong></span> <span class='ocrx_word' id='word_1_5' title='bbox 1117 420 1210 494; x_wconf 94' lang='lat' dir='ltr'><strong>qui</strong></span> <span class='ocrx_word' id='word_1_6' title='bbox 1237 431 1363 477; x_wconf 92' lang='lat' dir='ltr'><strong>tunc</strong></span> <span class='ocrx_word' id='word_1_7' title='bbox 1407 418 1699 474; x_wconf 88' lang='lat' dir='ltr'><strong>Ecclesiam</strong></span> <span class='ocrx_word' id='word_1_8' title='bbox 1745 415 2033 487; x_wconf 89' lang='lat' dir='ltr'><strong>regendam</strong></span> 
     </span>
    </p>
   </div>
   <div class='ocr_carea' id='block_1_3' title="bbox 452 507 2040 590">
    <p class='ocr_par' dir='ltr' id='par_1_3' title="bbox 452 507 2040 590">
     <span class='ocr_line' id='line_1_3' title="bbox 452 507 2040 590; baseline -0.008 -14"><span class='ocrx_word' id='word_1_9' title='bbox 452 519 852 590; x_wconf 86' lang='lat' dir='ltr'><strong>suscipiebant,</strong></span> <span class='ocrx_word' id='word_1_10' title='bbox 880 525 933 572; x_wconf 91' lang='lat' dir='ltr'><strong>et</strong></span> <span class='ocrx_word' id='word_1_11' title='bbox 961 523 1089 588; x_wconf 92' lang='lat' dir='ltr'><strong>quot</strong></span> <span class='ocrx_word' id='word_1_12' title='bbox 1112 514 1323 570; x_wconf 86' lang='lat' dir='ltr'><strong>labores</strong></span> <span class='ocrx_word' id='word_1_13' title='bbox 1363 511 1416 567; x_wconf 91' lang='lat' dir='ltr'><strong>in</strong></span> <span class='ocrx_word' id='word_1_14' title='bbox 1462 509 1722 581; x_wconf 91' lang='lat' dir='ltr'><strong>principio</strong></span> <span class='ocrx_word' id='word_1_15' title='bbox 1745 519 1904 581; x_wconf 92' lang='lat' dir='ltr'><strong>atque</strong></span> <span class='ocrx_word' id='word_1_16' title='bbox 1929 507 2040 564; x_wconf 83' lang='lat' dir='ltr'><strong>dis-</strong></span> 
     </span>
    </p>
   </div>
   <div class='ocr_carea' id='block_1_4' title="bbox 451 603 2036 674">
    <p class='ocr_par' dir='ltr' id='par_1_4' title="bbox 451 603 2036 674">
     <span class='ocr_line' id='line_1_4' title="bbox 451 603 2036 674; baseline -0.007 -7"><span class='ocrx_word' id='word_1_17' title='bbox 451 611 676 668; x_wconf 82' lang='lat' dir='ltr'><strong>crimina</strong></span> <span class='ocrx_word' id='word_1_18' title='bbox 703 613 809 668; x_wconf 91' lang='lat' dir='ltr'><strong>illic</strong></span> <span class='ocrx_word' id='word_1_19' title='bbox 849 617 1030 667; x_wconf 92' lang='lat' dir='ltr'><strong>essent</strong></span> <span class='ocrx_word' id='word_1_20' title='bbox 1067 607 1362 674; x_wconf 86' lang='lat' dir='ltr'><strong>subeunda,</strong></span> <span class='ocrx_word' id='word_1_21' title='bbox 1388 604 1583 660; x_wconf 90' lang='lat' dir='ltr'><strong>Christi</strong></span> <span class='ocrx_word' id='word_1_22' title='bbox 1614 603 1766 658; x_wconf 90' lang='lat' dir='ltr'><strong>vobis</strong></span> <span class='ocrx_word' id='word_1_23' title='bbox 1798 603 2036 658; x_wconf 87' lang='lat' dir='ltr'><strong>testimo-</strong></span> 
     </span>
    </p>
   </div>
   <div class='ocr_carea' id='block_1_5' title="bbox 454 693 2040 770">
    <p class='ocr_par' dir='ltr' id='par_1_5' title="bbox 454 693 2040 770">
     <span class='ocr_line' id='line_1_5' title="bbox 454 693 2040 770; baseline -0.008 -12"><span class='ocrx_word' id='word_1_24' title='bbox 454 703 601 758; x_wconf 84' lang='lat' dir='ltr'><strong>nium</strong></span> <span class='ocrx_word' id='word_1_25' title='bbox 645 703 897 765; x_wconf 77' lang='lat' dir='ltr'><strong>afferam,</strong></span> <span class='ocrx_word' id='word_1_26' title='bbox 930 702 1019 770; x_wconf 81' lang='lat' dir='ltr'><strong>qui</strong></span> <span class='ocrx_word' id='word_1_27' title='bbox 1048 713 1133 764; x_wconf 92' lang='lat' dir='ltr'><strong>ea,</strong></span> <span class='ocrx_word' id='word_1_28' title='bbox 1165 711 1287 769; x_wconf 66' lang='lat' dir='ltr'><strong>quae</strong></span> <span class='ocrx_word' id='word_1_29' title='bbox 1330 710 1360 750; x_wconf 91' lang='lat' dir='ltr'><strong>a</strong></span> <span class='ocrx_word' id='word_1_30' title='bbox 1403 695 1558 751; x_wconf 90' lang='lat' dir='ltr'><strong>nobis</strong></span> <span class='ocrx_word' id='word_1_31' title='bbox 1586 693 1726 749; x_wconf 92' lang='lat' dir='ltr'><strong>dicta</strong></span> <span class='ocrx_word' id='word_1_32' title='bbox 1757 699 1910 756; x_wconf 91' lang='lat' dir='ltr'><strong>sunt,</strong></span> <span class='ocrx_word' id='word_1_33' title='bbox 1944 707 2040 762; x_wconf 92' lang='lat' dir='ltr'><strong>ap-</strong></span> 
     </span>
    </p>
   </div>
   <div class='ocr_carea' id='block_1_6' title="bbox 455 784 2037 863">
    <p class='ocr_par' dir='ltr' id='par_1_6' title="bbox 455 784 2037 863">
     <span class='ocr_line' id='line_1_6' title="bbox 455 784 2037 863; baseline -0.005 -19"><span class='ocrx_word' id='word_1_34' title='bbox 455 793 669 863; x_wconf 87' lang='lat' dir='ltr'><strong>probat,</strong></span> <span class='ocrx_word' id='word_1_35' title='bbox 703 802 756 846; x_wconf 92' lang='lat' dir='ltr'><strong>et</strong></span> <span class='ocrx_word' id='word_1_36' title='bbox 793 788 1112 846; x_wconf 89' lang='lat' dir='ltr'><strong>sententiam</strong></span> <span class='ocrx_word' id='word_1_37' title='bbox 1162 803 1334 842; x_wconf 84' lang='lat' dir='ltr'><strong>meam</strong></span> <span class='ocrx_word' id='word_1_38' title='bbox 1373 786 1673 841; x_wconf 90' lang='lat' dir='ltr'><strong>conﬁrmat.</strong></span> <span class='ocrx_word' id='word_1_39' title='bbox 1713 785 1844 840; x_wconf 89' lang='lat' dir='ltr'><strong>Cum</strong></span> <span class='ocrx_word' id='word_1_40' title='bbox 1894 784 2037 839; x_wconf 91' lang='lat' dir='ltr'><strong>enim</strong></span> 
     </span>
    </p>
   </div>
   <div class='ocr_carea' id='block_1_7' title="bbox 456 875 2038 948">
    <p class='ocr_par' dir='ltr' id='par_1_7' title="bbox 456 875 2038 948">
     <span class='ocr_line' id='line_1_7' title="bbox 456 875 2038 948; baseline -0.008 -8"><span class='ocrx_word' id='word_1_41' title='bbox 456 885 653 940; x_wconf 86' lang='lat' dir='ltr'><strong>multos</strong></span> <span class='ocrx_word' id='word_1_42' title='bbox 681 882 748 937; x_wconf 89' lang='lat' dir='ltr'><strong>ad</strong></span> <span class='ocrx_word' id='word_1_43' title='bbox 794 898 854 938; x_wconf 87' lang='lat' dir='ltr'><strong>se</strong></span> <span class='ocrx_word' id='word_1_44' title='bbox 877 881 1258 936; x_wconf 86' lang='lat' dir='ltr'><strong>convenientes</strong></span> <span class='ocrx_word' id='word_1_45' title='bbox 1288 878 1581 948; x_wconf 84' lang='lat' dir='ltr'><strong>aspiceret,</strong></span> <span class='ocrx_word' id='word_1_46' title='bbox 1613 875 1878 946; x_wconf 78' lang='lat' dir='ltr'><strong>velletque</strong></span> <span class='ocrx_word' id='word_1_47' title='bbox 1904 889 2038 946; x_wconf 87' lang='lat' dir='ltr'><strong>apo-</strong></span> 
     </span>
    </p>
   </div>
   <div class='ocr_carea' id='block_1_8' title="bbox 454 967 2042 1041">
    <p class='ocr_par' dir='ltr' id='par_1_8' title="bbox 454 967 2042 1041">
     <span class='ocr_line' id='line_1_8' title="bbox 454 967 2042 1041; baseline -0.006 -12"><span class='ocrx_word' id='word_1_48' title='bbox 454 975 604 1030; x_wconf 81' lang='lat' dir='ltr'><strong>stolis</strong></span> <span class='ocrx_word' id='word_1_49' title='bbox 633 973 1021 1040; x_wconf 90' lang='lat' dir='ltr'><strong>demonstrare,</strong></span> <span class='ocrx_word' id='word_1_50' title='bbox 1051 970 1193 1041; x_wconf 92' lang='lat' dir='ltr'><strong>quod</strong></span> <span class='ocrx_word' id='word_1_51' title='bbox 1219 969 1386 1040; x_wconf 87' lang='lat' dir='ltr'><strong>magis</strong></span> <span class='ocrx_word' id='word_1_52' title='bbox 1416 983 1574 1038; x_wconf 89' lang='lat' dir='ltr'><strong>quam</strong></span> <span class='ocrx_word' id='word_1_53' title='bbox 1600 967 1674 1022; x_wconf 87' lang='lat' dir='ltr'><strong>illi</strong></span> <span class='ocrx_word' id='word_1_54' title='bbox 1707 967 2042 1022; x_wconf 88' lang='lat' dir='ltr'><strong>laborasscnt</strong></span> 
     </span>
    </p>
   </div>
   <div class='ocr_carea' id='block_1_9' title="bbox 454 1059 2042 1136">
    <p class='ocr_par' dir='ltr' id='par_1_9' title="bbox 454 1059 2042 1136">
     <span class='ocr_line' id='line_1_9' title="bbox 454 1059 2042 1136; baseline -0.003 -19"><span class='ocrx_word' id='word_1_55' title='bbox 454 1065 727 1136; x_wconf 65' lang='lat' dir='ltr'><strong>prophetas</strong></span> <span class='ocrx_word' id='word_1_56' title='bbox 753 1083 767 1119; x_wconf 90' lang='lat'><strong>:</strong></span> <span class='ocrx_word' id='word_1_57' title='bbox 800 1064 920 1127; x_wconf 80' lang='lat' dir='ltr'><strong>Alii,</strong></span> <span class='ocrx_word' id='word_1_58' title='bbox 955 1063 1145 1134; x_wconf 84' lang='lat' dir='ltr'><strong>inquit,</strong></span> <span class='ocrx_word' id='word_1_59' title='bbox 1175 1060 1558 1126; x_wconf 81' lang='lat' dir='ltr'><strong>laboraverunt,</strong></span> <span class='ocrx_word' id='word_1_60' title='bbox 1590 1071 1635 1114; x_wconf 88' lang='lat' dir='ltr'><strong>et</strong></span> <span class='ocrx_word' id='word_1_61' title='bbox 1663 1076 1750 1114; x_wconf 83' lang='lat' dir='ltr'><strong>vos</strong></span> <span class='ocrx_word' id='word_1_62' title='bbox 1775 1060 1826 1113; x_wconf 84' lang='lat' dir='ltr'><strong>in</strong></span> <span class='ocrx_word' id='word_1_63' title='bbox 1847 1059 2042 1113; x_wconf 80' lang='lat' dir='ltr'><strong>labores</strong></span> 
     </span>
    </p>
   </div>
   <div class='ocr_carea' id='block_1_10' title="bbox 450 1153 2042 1228">
    <p class='ocr_par' dir='ltr' id='par_1_10' title="bbox 450 1153 2042 1228">
     <span class='ocr_line' id='line_1_10' title="bbox 450 1153 2042 1228; baseline -0.004 -16"><span class='ocrx_word' id='word_1_64' title='bbox 450 1175 621 1212; x_wconf 81' lang='lat' dir='ltr'><strong>eorum</strong></span> <span class='ocrx_word' id='word_1_65' title='bbox 647 1159 888 1212; x_wconf 68' lang='lat' dir='ltr'><strong>introisti:</strong></span> <span class='ocrx_word' id='word_1_66' title='bbox 917 1156 1091 1228; x_wconf 85' lang='lat' dir='ltr'><strong>(Joan.</strong></span> <span class='ocrx_word' id='word_1_67' title='bbox 1136 1157 1189 1212; x_wconf 74' lang='grc'><strong>4.</strong></span> <span class='ocrx_word' id='word_1_68' title='bbox 1236 1156 1351 1225; x_wconf 77' lang='lat'><strong>38).</strong></span> <span class='ocrx_word' id='word_1_69' title='bbox 1376 1154 1538 1225; x_wconf 83' lang='lat' dir='ltr'><strong>Atqui</strong></span> <span class='ocrx_word' id='word_1_70' title='bbox 1570 1155 1739 1209; x_wconf 89' lang='lat' dir='ltr'><strong>multo</strong></span> <span class='ocrx_word' id='word_1_71' title='bbox 1769 1153 1884 1225; x_wconf 89' lang='lat' dir='ltr'><strong>plus</strong></span> <span class='ocrx_word' id='word_1_72' title='bbox 1911 1169 2042 1224; x_wconf 81' lang='lat' dir='ltr'><strong>apo-</strong></span> 
     </span>
    </p>
   </div>
   <div class='ocr_carea' id='block_1_11' title="bbox 455 1243 2045 1319">
    <p class='ocr_par' dir='ltr' id='par_1_11' title="bbox 455 1243 2045 1319">
     <span class='ocr_line' id='line_1_11' title="bbox 455 1243 2045 1319; baseline -0.002 -16"><span class='ocrx_word' id='word_1_73' title='bbox 455 1249 600 1315; x_wconf 91' lang='lat' dir='ltr'><strong>stoli,</strong></span> <span class='ocrx_word' id='word_1_74' title='bbox 624 1265 781 1319; x_wconf 88' lang='lat' dir='ltr'><strong>quam</strong></span> <span class='ocrx_word' id='word_1_75' title='bbox 816 1243 1091 1319; x_wconf 68' lang='lat' dir='ltr'><strong>prophetae</strong></span> <span class='ocrx_word' id='word_1_76' title='bbox 1130 1248 1478 1311; x_wconf 82' lang='lat' dir='ltr'><strong>laborarunt;</strong></span> <span class='ocrx_word' id='word_1_77' title='bbox 1507 1256 1742 1301; x_wconf 90' lang='lat' dir='ltr'><strong>attamen</strong></span> <span class='ocrx_word' id='word_1_78' title='bbox 1777 1247 1899 1317; x_wconf 89' lang='lat' dir='ltr'><strong>quia</strong></span> <span class='ocrx_word' id='word_1_79' title='bbox 1934 1243 2045 1315; x_wconf 50' lang='lat' dir='ltr'><strong>pie-</strong></span> 
     </span>
    </p>
   </div>
   <div class='ocr_carea' id='block_1_12' title="bbox 454 1337 2045 1410">
    <p class='ocr_par' dir='ltr' id='par_1_12' title="bbox 454 1337 2045 1410">
     <span class='ocr_line' id='line_1_12' title="bbox 454 1337 2045 1410; baseline -0.003 -15"><span class='ocrx_word' id='word_1_80' title='bbox 454 1341 576 1395; x_wconf 84' lang='lat' dir='ltr'><strong>tatis</strong></span> <span class='ocrx_word' id='word_1_81' title='bbox 602 1341 824 1396; x_wconf 86' lang='lat' dir='ltr'><strong>verbum</strong></span> <span class='ocrx_word' id='word_1_82' title='bbox 869 1341 1075 1410; x_wconf 91' lang='lat' dir='ltr'><strong>priores</strong></span> <span class='ocrx_word' id='word_1_83' title='bbox 1099 1340 1172 1394; x_wconf 90' lang='lat' dir='ltr'><strong>illi</strong></span> <span class='ocrx_word' id='word_1_84' title='bbox 1203 1341 1573 1404; x_wconf 90' lang='lat' dir='ltr'><strong>scminarunt,</strong></span> <span class='ocrx_word' id='word_1_85' title='bbox 1603 1348 1656 1394; x_wconf 93' lang='lat' dir='ltr'><strong>et</strong></span> <span class='ocrx_word' id='word_1_86' title='bbox 1703 1339 1917 1408; x_wconf 82' lang='lat' dir='ltr'><strong>ignaros</strong></span> <span class='ocrx_word' id='word_1_87' title='bbox 1947 1337 2045 1390; x_wconf 85' lang='lat' dir='ltr'><strong>ho-</strong></span> 
     </span>
    </p>
   </div>
   <div class='ocr_carea' id='block_1_13' title="bbox 423 1429 2045 1499">
    <p class='ocr_par' dir='ltr' id='par_1_13' title="bbox 423 1429 2045 1499">
     <span class='ocr_line' id='line_1_13' title="bbox 423 1429 2045 1499; baseline -0.002 -12"><span class='ocrx_word' id='word_1_88' title='bbox 423 1434 658 1487; x_wconf 84' lang='lat' dir='ltr'><strong>‘minum</strong></span> <span class='ocrx_word' id='word_1_89' title='bbox 688 1433 894 1486; x_wconf 88' lang='lat' dir='ltr'><strong>animos</strong></span> <span class='ocrx_word' id='word_1_90' title='bbox 921 1430 986 1486; x_wconf 90' lang='lat' dir='ltr'><strong>ad</strong></span> <span class='ocrx_word' id='word_1_91' title='bbox 1015 1432 1292 1486; x_wconf 81' lang='lat' dir='ltr'><strong>veritatem</strong></span> <span class='ocrx_word' id='word_1_92' title='bbox 1314 1431 1668 1496; x_wconf 84' lang='lat' dir='ltr'><strong>adduxerunt,</strong></span> <span class='ocrx_word' id='word_1_93' title='bbox 1691 1430 1819 1499; x_wconf 92' lang='lat' dir='ltr'><strong>ipsis</strong></span> <span class='ocrx_word' id='word_1_94' title='bbox 1848 1429 2045 1483; x_wconf 89' lang='lat' dir='ltr'><strong>laboris</strong></span> 
     </span>
    </p>
   </div>
   <div class='ocr_carea' id='block_1_14' title="bbox 459 1525 926 1595">
    <p class='ocr_par' dir='ltr' id='par_1_14' title="bbox 459 1525 926 1595">
     <span class='ocr_line' id='line_1_14' title="bbox 459 1525 926 1595; baseline 0.009 -21"><span class='ocrx_word' id='word_1_95' title='bbox 459 1527 575 1595; x_wconf 87' lang='lat' dir='ltr'><strong>plus</strong></span> <span class='ocrx_word' id='word_1_96' title='bbox 603 1525 926 1579; x_wconf 74' lang='lat' dir='ltr'><strong>attribuitur.</strong></span> 
     </span>
    </p>
   </div>
   <div class='ocr_carea' id='block_1_15' title="bbox 531 1614 2045 1688">
    <p class='ocr_par' dir='ltr' id='par_1_15' title="bbox 531 1614 2045 1688">
     <span class='ocr_line' id='line_1_15' title="bbox 531 1614 2045 1688; baseline 0 -18"><span class='ocrx_word' id='word_1_97' title='bbox 531 1618 762 1685; x_wconf 81' lang='lat' dir='ltr'><strong>Quantus</strong></span> <span class='ocrx_word' id='word_1_98' title='bbox 797 1618 938 1671; x_wconf 87' lang='lat' dir='ltr'><strong>initio</strong></span> <span class='ocrx_word' id='word_1_99' title='bbox 978 1616 1352 1687; x_wconf 74' lang='lat' dir='ltr'><strong>praedicationis</strong></span> <span class='ocrx_word' id='word_1_100' title='bbox 1391 1616 1534 1672; x_wconf 84' lang='lat' dir='ltr'><strong>labor</strong></span> <span class='ocrx_word' id='word_1_101' title='bbox 1574 1617 1745 1688; x_wconf 78' lang='lat' dir='ltr'><strong>fuerit.</strong></span> <span class='ocrx_word' id='word_1_102' title='bbox 1767 1645 1840 1656; x_wconf 92' lang='lat'><strong><em>—</em></strong></span> <span class='ocrx_word' id='word_1_103' title='bbox 1863 1614 2045 1684; x_wconf 83' lang='lat' dir='ltr'><strong>Neque</strong></span> 
     </span>
    </p>
   </div>
   <div class='ocr_carea' id='block_1_16' title="bbox 457 1708 2046 1780">
    <p class='ocr_par' dir='ltr' id='par_1_16' title="bbox 457 1708 2046 1780">
     <span class='ocr_line' id='line_1_16' title="bbox 457 1708 2046 1780; baseline 0 -17"><span class='ocrx_word' id='word_1_104' title='bbox 457 1710 600 1763; x_wconf 87' lang='lat' dir='ltr'><strong>enim</strong></span> <span class='ocrx_word' id='word_1_105' title='bbox 627 1710 845 1780; x_wconf 70' lang='lat' dir='ltr'><strong>mqualis</strong></span> <span class='ocrx_word' id='word_1_106' title='bbox 867 1721 947 1764; x_wconf 89' lang='lat' dir='ltr'><strong>est</strong></span> <span class='ocrx_word' id='word_1_107' title='bbox 974 1711 1143 1776; x_wconf 88' lang='lat' dir='ltr'><strong>labor,</strong></span> <span class='ocrx_word' id='word_1_108' title='bbox 1179 1725 1282 1764; x_wconf 89' lang='lat' dir='ltr'><strong>non</strong></span> <span class='ocrx_word' id='word_1_109' title='bbox 1313 1719 1395 1766; x_wconf 91' lang='lat' dir='ltr'><strong>est</strong></span> <span class='ocrx_word' id='word_1_110' title='bbox 1421 1711 1680 1780; x_wconf 90' lang='lat' dir='ltr'><strong>profecto,</strong></span> <span class='ocrx_word' id='word_1_111' title='bbox 1710 1719 1829 1780; x_wconf 90' lang='lat' dir='ltr'><strong>post</strong></span> <span class='ocrx_word' id='word_1_112' title='bbox 1850 1708 2046 1763; x_wconf 89' lang='lat' dir='ltr'><strong>multos</strong></span> 
     </span>
    </p>
   </div>
   <div class='ocr_carea' id='block_1_17' title="bbox 459 1803 2047 1874">
    <p class='ocr_par' dir='ltr' id='par_1_17' title="bbox 459 1803 2047 1874">
     <span class='ocr_line' id='line_1_17' title="bbox 459 1803 2047 1874; baseline -0.001 -16"><span class='ocrx_word' id='word_1_113' title='bbox 459 1805 594 1858; x_wconf 88' lang='lat' dir='ltr'><strong>alios</strong></span> <span class='ocrx_word' id='word_1_114' title='bbox 619 1804 868 1860; x_wconf 84' lang='lat' dir='ltr'><strong>doctores</strong></span> <span class='ocrx_word' id='word_1_115' title='bbox 893 1805 1123 1874; x_wconf 86' lang='lat' dir='ltr'><strong>aliquem</strong></span> <span class='ocrx_word' id='word_1_116' title='bbox 1155 1804 1392 1869; x_wconf 89' lang='lat' dir='ltr'><strong>erudire,</strong></span> <span class='ocrx_word' id='word_1_117' title='bbox 1423 1813 1477 1859; x_wconf 91' lang='lat' dir='ltr'><strong>ct</strong></span> <span class='ocrx_word' id='word_1_118' title='bbox 1505 1805 1735 1874; x_wconf 89' lang='lat' dir='ltr'><strong>primum</strong></span> <span class='ocrx_word' id='word_1_119' title='bbox 1764 1803 1936 1874; x_wconf 87' lang='lat' dir='ltr'><strong>ipsum</strong></span> <span class='ocrx_word' id='word_1_120' title='bbox 1961 1817 2047 1856; x_wconf 54' lang='lat' dir='ltr'><strong>se.</strong></span> 
     </span>
    </p>
   </div>
   <div class='ocr_carea' id='block_1_18' title="bbox 459 1895 2048 1966">
    <p class='ocr_par' dir='ltr' id='par_1_18' title="bbox 459 1895 2048 1966">
     <span class='ocr_line' id='line_1_18' title="bbox 459 1895 2048 1966; baseline 0.001 -17"><span class='ocrx_word' id='word_1_121' title='bbox 459 1898 601 1950; x_wconf 91' lang='lat' dir='ltr'><strong>mina</strong></span> <span class='ocrx_word' id='word_1_122' title='bbox 625 1897 830 1966; x_wconf 90' lang='lat' dir='ltr'><strong>jacere.</strong></span> <span class='ocrx_word' id='word_1_123' title='bbox 867 1897 1018 1966; x_wconf 84' lang='lat' dir='ltr'><strong>Quod</strong></span> <span class='ocrx_word' id='word_1_124' title='bbox 1047 1899 1189 1952; x_wconf 92' lang='lat' dir='ltr'><strong>enim</strong></span> <span class='ocrx_word' id='word_1_125' title='bbox 1215 1897 1561 1952; x_wconf 90' lang='lat' dir='ltr'><strong>meditatione</strong></span> <span class='ocrx_word' id='word_1_126' title='bbox 1586 1907 1640 1952; x_wconf 92' lang='lat' dir='ltr'><strong>et</strong></span> <span class='ocrx_word' id='word_1_127' title='bbox 1663 1895 2048 1952; x_wconf 85' lang='lat' dir='ltr'><strong>consuetudine</strong></span> 
     </span>
    </p>
   </div>
   <div class='ocr_carea' id='block_1_19' title="bbox 456 1988 2049 2060">
    <p class='ocr_par' dir='ltr' id='par_1_19' title="bbox 456 1988 2049 2060">
     <span class='ocr_line' id='line_1_19' title="bbox 456 1988 2049 2060; baseline 0 -19"><span class='ocrx_word' id='word_1_128' title='bbox 456 1998 697 2058; x_wconf 89' lang='lat' dir='ltr'><strong>paratum</strong></span> <span class='ocrx_word' id='word_1_129' title='bbox 730 1998 830 2055; x_wconf 91' lang='lat' dir='ltr'><strong>est,</strong></span> <span class='ocrx_word' id='word_1_130' title='bbox 855 1989 1007 2044; x_wconf 79' lang='lat' dir='ltr'><strong>facile</strong></span> <span class='ocrx_word' id='word_1_131' title='bbox 1037 1991 1365 2060; x_wconf 89' lang='lat' dir='ltr'><strong>percipitur:</strong></span> <span class='ocrx_word' id='word_1_132' title='bbox 1393 1989 1535 2060; x_wconf 90' lang='lat' dir='ltr'><strong>quod</strong></span> <span class='ocrx_word' id='word_1_133' title='bbox 1565 1999 1743 2044; x_wconf 91' lang='lat' dir='ltr'><strong>autem</strong></span> <span class='ocrx_word' id='word_1_134' title='bbox 1770 2005 1910 2042; x_wconf 84' lang='lat' dir='ltr'><strong>nunc</strong></span> <span class='ocrx_word' id='word_1_135' title='bbox 1940 1988 2049 2058; x_wconf 86' lang='lat' dir='ltr'><strong>pri-</strong></span> 
     </span>
    </p>
   </div>
   <div class='ocr_carea' id='block_1_20' title="bbox 458 2080 2048 2152">
    <p class='ocr_par' dir='ltr' id='par_1_20' title="bbox 458 2080 2048 2152">
     <span class='ocr_line' id='line_1_20' title="bbox 458 2080 2048 2152; baseline 0.001 -19"><span class='ocrx_word' id='word_1_136' title='bbox 458 2095 604 2134; x_wconf 87' lang='lat' dir='ltr'><strong>mum</strong></span> <span class='ocrx_word' id='word_1_137' title='bbox 633 2081 865 2144; x_wconf 89' lang='lat' dir='ltr'><strong>auditur,</strong></span> <span class='ocrx_word' id='word_1_138' title='bbox 885 2082 1202 2137; x_wconf 90' lang='lat' dir='ltr'><strong>discentium</strong></span> <span class='ocrx_word' id='word_1_139' title='bbox 1229 2083 1436 2136; x_wconf 90' lang='lat' dir='ltr'><strong>animos</strong></span> <span class='ocrx_word' id='word_1_140' title='bbox 1463 2080 1757 2152; x_wconf 87' lang='lat' dir='ltr'><strong>perturbat,</strong></span> <span class='ocrx_word' id='word_1_141' title='bbox 1777 2081 2048 2151; x_wconf 81' lang='lat' dir='ltr'><strong>multaque</strong></span> 
     </span>
    </p>
   </div>
   <div class='ocr_carea' id='block_1_21' title="bbox 456 2171 2048 2244">
    <p class='ocr_par' dir='ltr' id='par_1_21' title="bbox 456 2171 2048 2244">
     <span class='ocr_line' id='line_1_21' title="bbox 456 2171 2048 2244; baseline 0.001 -18"><span class='ocrx_word' id='word_1_142' title='bbox 456 2171 772 2226; x_wconf 87' lang='lat' dir='ltr'><strong>docentibus</strong></span> <span class='ocrx_word' id='word_1_143' title='bbox 801 2172 956 2227; x_wconf 79' lang='lat' dir='ltr'><strong>aﬁ‘ert</strong></span> <span class='ocrx_word' id='word_1_144' title='bbox 983 2175 1215 2244; x_wconf 86' lang='lat' dir='ltr'><strong>negotia.</strong></span> <span class='ocrx_word' id='word_1_145' title='bbox 1258 2174 1369 2228; x_wconf 90' lang='lat' dir='ltr'><strong>lloc</strong></span> <span class='ocrx_word' id='word_1_146' title='bbox 1395 2174 1608 2244; x_wconf 87' lang='lat' dir='ltr'><strong>quidem</strong></span> <span class='ocrx_word' id='word_1_147' title='bbox 1641 2173 1863 2228; x_wconf 88' lang='lat' dir='ltr'><strong>Athenis</strong></span> <span class='ocrx_word' id='word_1_148' title='bbox 1893 2173 2048 2227; x_wconf 91' lang='lat' dir='ltr'><strong>audi-</strong></span> 
     </span>
    </p>
   </div>
   <div class='ocr_carea' id='block_1_22' title="bbox 459 2256 2042 2336">
    <p class='ocr_par' dir='ltr' id='par_1_22' title="bbox 459 2256 2042 2336">
     <span class='ocr_line' id='line_1_22' title="bbox 459 2256 2042 2336; baseline 0.001 -19"><span class='ocrx_word' id='word_1_149' title='bbox 459 2271 602 2318; x_wconf 78' lang='lat' dir='ltr'><strong>tores</strong></span> <span class='ocrx_word' id='word_1_150' title='bbox 640 2256 1013 2334; x_wconf 89' lang='lat' dir='ltr'><strong>perturbabat,</strong></span> <span class='ocrx_word' id='word_1_151' title='bbox 1044 2265 1273 2336; x_wconf 89' lang='lat' dir='ltr'><strong>ideoque</strong></span> <span class='ocrx_word' id='word_1_152' title='bbox 1308 2265 1376 2320; x_wconf 90' lang='lat' dir='ltr'><strong>ab</strong></span> <span class='ocrx_word' id='word_1_153' title='bbox 1406 2265 1649 2336; x_wconf 86' lang='lat' dir='ltr'><strong>apostolo</strong></span> <span class='ocrx_word' id='word_1_154' title='bbox 1673 2264 2042 2329; x_wconf 90' lang='lat' dir='ltr'><strong>declinabant,</strong></span> 
     </span>
    </p>
   </div>
   <div class='ocr_carea' id='block_1_23' title="bbox 459 2356 2051 2429">
    <p class='ocr_par' dir='ltr' id='par_1_23' title="bbox 459 2356 2051 2429">
     <span class='ocr_line' id='line_1_23' title="bbox 459 2356 2051 2429; baseline 0.001 -20"><span class='ocrx_word' id='word_1_155' title='bbox 459 2367 773 2411; x_wconf 82' lang='lat' dir='ltr'><strong>accusantes</strong></span> <span class='ocrx_word' id='word_1_156' title='bbox 800 2372 946 2423; x_wconf 90' lang='lat' dir='ltr'><strong>eum,</strong></span> <span class='ocrx_word' id='word_1_157' title='bbox 969 2372 1032 2412; x_wconf 89' lang='lat' dir='ltr'><strong>ac</strong></span> <span class='ocrx_word' id='word_1_158' title='bbox 1053 2357 1314 2423; x_wconf 85' lang='lat' dir='ltr'><strong>dicentes,</strong></span> <span class='ocrx_word' id='word_1_159' title='bbox 1345 2356 1495 2412; x_wconf 77' lang='lat' dir='ltr'><strong>Nova</strong></span> <span class='ocrx_word' id='word_1_160' title='bbox 1520 2357 1753 2427; x_wconf 76' lang='lat' dir='ltr'><strong>quwdam</strong></span> <span class='ocrx_word' id='word_1_161' title='bbox 1780 2359 1936 2429; x_wconf 81' lang='lat' dir='ltr'><strong>infers</strong></span> <span class='ocrx_word' id='word_1_162' title='bbox 1957 2373 2051 2410; x_wconf 88' lang='lat' dir='ltr'><strong>au-</strong></span> 
     </span>
    </p>
   </div>
   <div class='ocr_carea' id='block_1_24' title="bbox 459 2446 2050 2518">
    <p class='ocr_par' dir='ltr' id='par_1_24' title="bbox 459 2446 2050 2518">
     <span class='ocr_line' id='line_1_24' title="bbox 459 2446 2050 2518; baseline 0.003 -19"><span class='ocrx_word' id='word_1_163' title='bbox 459 2446 599 2500; x_wconf 82' lang='lat' dir='ltr'><strong>ribus</strong></span> <span class='ocrx_word' id='word_1_164' title='bbox 627 2449 808 2501; x_wconf 75' lang='lat' dir='ltr'><strong>nostris</strong></span> <span class='ocrx_word' id='word_1_165' title='bbox 838 2447 972 2518; x_wconf 78' lang='lat' dir='ltr'><strong>(Act.</strong></span> <span class='ocrx_word' id='word_1_166' title='bbox 999 2448 1084 2502; x_wconf 85' lang='grc'><strong>17.</strong></span> <span class='ocrx_word' id='word_1_167' title='bbox 1117 2448 1232 2518; x_wconf 75' lang='grc'><strong>20).</strong></span> <span class='ocrx_word' id='word_1_168' title='bbox 1263 2448 1395 2502; x_wconf 89' lang='lat' dir='ltr'><strong>Nam</strong></span> <span class='ocrx_word' id='word_1_169' title='bbox 1424 2448 1468 2503; x_wconf 89' lang='lat' dir='ltr'><strong>si</strong></span> <span class='ocrx_word' id='word_1_170' title='bbox 1493 2449 1652 2503; x_wconf 91' lang='lat' dir='ltr'><strong>etiam</strong></span> <span class='ocrx_word' id='word_1_171' title='bbox 1681 2448 1782 2502; x_wconf 90' lang='lat' dir='ltr'><strong>hoc</strong></span> <span class='ocrx_word' id='word_1_172' title='bbox 1807 2457 2050 2518; x_wconf 89' lang='lat' dir='ltr'><strong>tempore</strong></span> 
     </span>
    </p>
   </div>
   <div class='ocr_carea' id='block_1_25' title="bbox 460 2537 2051 2611">
    <p class='ocr_par' dir='ltr' id='par_1_25' title="bbox 460 2537 2051 2611">
     <span class='ocr_line' id='line_1_25' title="bbox 460 2537 2051 2611; baseline 0.001 -19"><span class='ocrx_word' id='word_1_173' title='bbox 460 2537 672 2593; x_wconf 85' lang='lat' dir='ltr'><strong>labores</strong></span> <span class='ocrx_word' id='word_1_174' title='bbox 713 2554 1084 2609; x_wconf 79' lang='lat' dir='ltr'><strong>terunmasque</strong></span> <span class='ocrx_word' id='word_1_175' title='bbox 1128 2540 1321 2595; x_wconf 90' lang='lat' dir='ltr'><strong>multas</strong></span> <span class='ocrx_word' id='word_1_176' title='bbox 1367 2539 1808 2610; x_wconf 80' lang='lat' dir='ltr'><strong>gubernatoribus</strong></span> <span class='ocrx_word' id='word_1_177' title='bbox 1845 2539 2051 2611; x_wconf 68' lang='lat' dir='ltr'><strong>prazbet</strong></span> 
     </span>
    </p>
   </div>
   <div class='ocr_carea' id='block_1_26' title="bbox 461 2628 2048 2704">
    <p class='ocr_par' dir='ltr' id='par_1_26' title="bbox 461 2628 2048 2704">
     <span class='ocr_line' id='line_1_26' title="bbox 461 2628 2048 2704; baseline 0.003 -19"><span class='ocrx_word' id='word_1_178' title='bbox 461 2628 718 2685; x_wconf 85' lang='lat' dir='ltr'><strong>Ecclesiae</strong></span> <span class='ocrx_word' id='word_1_179' title='bbox 743 2631 1054 2700; x_wconf 77' lang='lat' dir='ltr'><strong>praefectura</strong></span> <span class='ocrx_word' id='word_1_180' title='bbox 1081 2649 1094 2685; x_wconf 90' lang='lat'><strong>:</strong></span> <span class='ocrx_word' id='word_1_181' title='bbox 1119 2633 1289 2702; x_wconf 90' lang='lat' dir='ltr'><strong>cogita</strong></span> <span class='ocrx_word' id='word_1_182' title='bbox 1319 2641 1446 2688; x_wconf 90' lang='lat' dir='ltr'><strong>tunc</strong></span> <span class='ocrx_word' id='word_1_183' title='bbox 1467 2633 1752 2703; x_wconf 88' lang='lat' dir='ltr'><strong>duplicem,</strong></span> <span class='ocrx_word' id='word_1_184' title='bbox 1788 2634 2048 2704; x_wconf 88' lang='lat' dir='ltr'><strong>triplicem</strong></span> 
     </span>
    </p>
   </div>
   <div class='ocr_carea' id='block_1_27' title="bbox 462 2721 2050 2796">
    <p class='ocr_par' dir='ltr' id='par_1_27' title="bbox 462 2721 2050 2796">
     <span class='ocr_line' id='line_1_27' title="bbox 462 2721 2050 2796; baseline 0.003 -20"><span class='ocrx_word' id='word_1_185' title='bbox 462 2721 915 2792; x_wconf 87' lang='lat' dir='ltr'><strong>multiplicemque</strong></span> <span class='ocrx_word' id='word_1_186' title='bbox 953 2723 1118 2778; x_wconf 88' lang='lat' dir='ltr'><strong>fuisse</strong></span> <span class='ocrx_word' id='word_1_187' title='bbox 1145 2724 1403 2791; x_wconf 87' lang='lat' dir='ltr'><strong>laborem,</strong></span> <span class='ocrx_word' id='word_1_188' title='bbox 1435 2739 1556 2779; x_wconf 92' lang='lat' dir='ltr'><strong>cum</strong></span> <span class='ocrx_word' id='word_1_189' title='bbox 1585 2725 1923 2795; x_wconf 72' lang='lat' dir='ltr'><strong>pericula,&quot;et</strong></span> <span class='ocrx_word' id='word_1_190' title='bbox 1953 2741 2050 2796; x_wconf 63' lang='lat' dir='ltr'><strong>puo</strong></span> 
     </span>
    </p>
   </div>
   <div class='ocr_carea' id='block_1_28' title="bbox 463 2813 2051 2885">
    <p class='ocr_par' dir='ltr' id='par_1_28' title="bbox 463 2813 2051 2885">
     <span class='ocr_line' id='line_1_28' title="bbox 463 2813 2051 2885; baseline 0.006 -19"><span class='ocrx_word' id='word_1_191' title='bbox 463 2827 602 2881; x_wconf 71' lang='lat' dir='ltr'><strong>gnte,</strong></span> <span class='ocrx_word' id='word_1_192' title='bbox 627 2821 681 2868; x_wconf 91' lang='lat' dir='ltr'><strong>et</strong></span> <span class='ocrx_word' id='word_1_193' title='bbox 709 2813 938 2881; x_wconf 70' lang='lat' dir='ltr'><strong>insidiae,</strong></span> <span class='ocrx_word' id='word_1_194' title='bbox 970 2823 1024 2870; x_wconf 89' lang='lat' dir='ltr'><strong>et</strong></span> <span class='ocrx_word' id='word_1_195' title='bbox 1049 2824 1282 2871; x_wconf 91' lang='lat' dir='ltr'><strong>terrores</strong></span> <span class='ocrx_word' id='word_1_196' title='bbox 1307 2831 1569 2885; x_wconf 84' lang='lat' dir='ltr'><strong>perennes</strong></span> <span class='ocrx_word' id='word_1_197' title='bbox 1599 2817 1884 2873; x_wconf 80' lang='lat' dir='ltr'><strong>instabant.</strong></span> <span class='ocrx_word' id='word_1_198' title='bbox 1918 2819 2051 2874; x_wconf 82' lang='lat' dir='ltr'><strong>Ver-</strong></span> 
     </span>
    </p>
   </div>
   <div class='ocr_carea' id='block_1_29' title="bbox 461 2902 2050 2979">
    <p class='ocr_par' dir='ltr' id='par_1_29' title="bbox 461 2902 2050 2979">
     <span class='ocr_line' id='line_1_29' title="bbox 461 2902 2050 2979; baseline 0.007 -23"><span class='ocrx_word' id='word_1_199' title='bbox 461 2902 544 2957; x_wconf 87' lang='lat' dir='ltr'><strong>bis</strong></span> <span class='ocrx_word' id='word_1_200' title='bbox 585 2904 842 2974; x_wconf 71' lang='lat' dir='ltr'><strong>eXplicari</strong></span> <span class='ocrx_word' id='word_1_201' title='bbox 884 2921 992 2960; x_wconf 90' lang='lat' dir='ltr'><strong>non</strong></span> <span class='ocrx_word' id='word_1_202' title='bbox 1039 2916 1214 2977; x_wconf 90' lang='lat' dir='ltr'><strong>potest</strong></span> <span class='ocrx_word' id='word_1_203' title='bbox 1238 2907 1526 2964; x_wconf 90' lang='lat' dir='ltr'><strong>difﬁcultas</strong></span> <span class='ocrx_word' id='word_1_204' title='bbox 1549 2950 1564 2974; x_wconf 93' lang='lat'><strong>,</strong></span> <span class='ocrx_word' id='word_1_205' title='bbox 1594 2925 1752 2979; x_wconf 91' lang='lat' dir='ltr'><strong>quam</strong></span> <span class='ocrx_word' id='word_1_206' title='bbox 1776 2912 1948 2967; x_wconf 84' lang='lat' dir='ltr'><strong>sancti</strong></span> <span class='ocrx_word' id='word_1_207' title='bbox 1974 2913 2050 2967; x_wconf 90' lang='lat' dir='ltr'><strong>illi</strong></span> 
     </span>
    </p>
   </div>
   <div class='ocr_carea' id='block_1_30' title="bbox 462 2997 2048 3076">
    <p class='ocr_par' dir='ltr' id='par_1_30' title="bbox 462 2997 2048 3076">
     <span class='ocr_line' id='line_1_30' title="bbox 462 2997 2048 3076; baseline 0.007 -27"><span class='ocrx_word' id='word_1_208' title='bbox 462 2997 561 3051; x_wconf 89' lang='lat' dir='ltr'><strong>viri</strong></span> <span class='ocrx_word' id='word_1_209' title='bbox 591 3007 716 3052; x_wconf 91' lang='lat' dir='ltr'><strong>tunc</strong></span> <span class='ocrx_word' id='word_1_210' title='bbox 741 3000 1105 3067; x_wconf 87' lang='lat' dir='ltr'><strong>sustinebant;</strong></span> <span class='ocrx_word' id='word_1_211' title='bbox 1151 3001 1244 3057; x_wconf 87' lang='lat' dir='ltr'><strong>sed</strong></span> <span class='ocrx_word' id='word_1_212' title='bbox 1287 3001 1333 3057; x_wconf 88' lang='lat' dir='ltr'><strong>is</strong></span> <span class='ocrx_word' id='word_1_213' title='bbox 1371 3003 1518 3058; x_wconf 89' lang='lat' dir='ltr'><strong>solus</strong></span> <span class='ocrx_word' id='word_1_214' title='bbox 1549 3017 1668 3059; x_wconf 85' lang='lat' dir='ltr'><strong>eam</strong></span> <span class='ocrx_word' id='word_1_215' title='bbox 1698 3005 1924 3072; x_wconf 87' lang='lat' dir='ltr'><strong>noverit,</strong></span> <span class='ocrx_word' id='word_1_216' title='bbox 1959 3005 2048 3076; x_wconf 89' lang='lat' dir='ltr'><strong>qui</strong></span> 
     </span>
    </p>
   </div>
   <div class='ocr_carea' id='block_1_31' title="bbox 460 3088 1160 3161">
    <p class='ocr_par' dir='ltr' id='par_1_31' title="bbox 460 3088 1160 3161">
     <span class='ocr_line' id='line_1_31' title="bbox 460 3088 1160 3161; baseline 0.004 -17"><span class='ocrx_word' id='word_1_217' title='bbox 460 3088 634 3158; x_wconf 90' lang='lat' dir='ltr'><strong>reipsa</strong></span> <span class='ocrx_word' id='word_1_218' title='bbox 666 3089 809 3144; x_wconf 87' lang='lat' dir='ltr'><strong>illam</strong></span> <span class='ocrx_word' id='word_1_219' title='bbox 837 3092 1160 3161; x_wconf 82' lang='lat' dir='ltr'><strong>experietur.</strong></span> 
     </span>
    </p>
   </div>
   <div class='ocr_carea' id='block_1_32' title="bbox 530 3181 2051 3262">
    <p class='ocr_par' dir='ltr' id='par_1_32' title="bbox 530 3181 2051 3262">
     <span class='ocr_line' id='line_1_32' title="bbox 530 3181 2051 3262; baseline 0.008 -27"><span class='ocrx_word' id='word_1_220' title='bbox 530 3181 582 3235; x_wconf 77' lang='grc'><strong>4.</strong></span> <span class='ocrx_word' id='word_1_221' title='bbox 628 3181 879 3251; x_wconf 84' lang='lat' dir='ltr'><strong>Quartam</strong></span> <span class='ocrx_word' id='word_1_222' title='bbox 923 3194 1180 3254; x_wconf 73' lang='lat' dir='ltr'><strong>praeterea</strong></span> <span class='ocrx_word' id='word_1_223' title='bbox 1221 3201 1475 3243; x_wconf 86' lang='lat' dir='ltr'><strong>coronam</strong></span> <span class='ocrx_word' id='word_1_224' title='bbox 1516 3188 1819 3260; x_wconf 90' lang='lat' dir='ltr'><strong>adjungam,</strong></span> <span class='ocrx_word' id='word_1_225' title='bbox 1849 3205 1968 3262; x_wconf 65' lang='lat' dir='ltr'><strong>quae</strong></span> <span class='ocrx_word' id='word_1_226' title='bbox 1992 3206 2051 3247; x_wconf 91' lang='lat' dir='ltr'><strong>se</strong></span> 
     </span>
    </p>
   </div>
   <div class='ocr_carea' id='block_1_33' title="bbox 458 3273 2052 3349">
    <p class='ocr_par' dir='ltr' id='par_1_33' title="bbox 458 3273 2052 3349">
     <span class='ocr_line' id='line_1_33' title="bbox 458 3273 2052 3349; baseline 0.007 -23"><span class='ocrx_word' id='word_1_227' title='bbox 458 3273 616 3328; x_wconf 88' lang='lat' dir='ltr'><strong>nobis</strong></span> <span class='ocrx_word' id='word_1_228' title='bbox 656 3275 811 3330; x_wconf 86' lang='lat' dir='ltr'><strong>oll&#39;ert</strong></span> <span class='ocrx_word' id='word_1_229' title='bbox 855 3291 921 3332; x_wconf 81' lang='lat' dir='ltr'><strong>ex</strong></span> <span class='ocrx_word' id='word_1_230' title='bbox 965 3277 1064 3332; x_wconf 92' lang='lat' dir='ltr'><strong>hoc</strong></span> <span class='ocrx_word' id='word_1_231' title='bbox 1103 3278 1432 3349; x_wconf 88' lang='lat' dir='ltr'><strong>episcopatu.</strong></span> <span class='ocrx_word' id='word_1_232' title='bbox 1485 3281 1741 3347; x_wconf 72' lang='lat' dir='ltr'><strong>Quantam</strong></span> <span class='ocrx_word' id='word_1_233' title='bbox 1787 3294 1870 3338; x_wconf 89' lang='lat' dir='ltr'><strong>est</strong></span> <span class='ocrx_word' id='word_1_234' title='bbox 1916 3284 2052 3338; x_wconf 80' lang='lat' dir='ltr'><strong>ista?</strong></span> 
     </span>
    </p>
   </div>
   <div class='ocr_carea' id='block_1_34' title="bbox 461 3362 2051 3442">
    <p class='ocr_par' dir='ltr' id='par_1_34' title="bbox 461 3362 2051 3442">
     <span class='ocr_line' id='line_1_34' title="bbox 461 3362 2051 3442; baseline 0.009 -28"><span class='ocrx_word' id='word_1_235' title='bbox 461 3362 614 3430; x_wconf 78' lang='lat' dir='ltr'><strong>Qttod</strong></span> <span class='ocrx_word' id='word_1_236' title='bbox 643 3365 757 3434; x_wconf 92' lang='lat' dir='ltr'><strong>ipse</strong></span> <span class='ocrx_word' id='word_1_237' title='bbox 783 3367 1033 3442; x_wconf 87' lang='lat' dir='ltr'><strong>nimirum</strong></span> <span class='ocrx_word' id='word_1_238' title='bbox 1075 3369 1299 3438; x_wconf 89' lang='lat' dir='ltr'><strong>patriam</strong></span> <span class='ocrx_word' id='word_1_239' title='bbox 1341 3382 1578 3426; x_wconf 90' lang='lat' dir='ltr'><strong>nostram</strong></span> <span class='ocrx_word' id='word_1_240' title='bbox 1616 3373 1949 3442; x_wconf 73' lang='lat' dir='ltr'><strong>gubernavit.</strong></span> <span class='ocrx_word' id='word_1_241' title='bbox 1994 3374 2051 3431; x_wconf 90' lang='lat' dir='ltr'><strong>Si</strong></span> 
     </span>
    </p>
   </div>
   <div class='ocr_carea' id='block_1_35' title="bbox 460 3441 2052 3536">
    <p class='ocr_par' dir='ltr' id='par_1_35' title="bbox 460 3441 2052 3536">
     <span class='ocr_line' id='line_1_35' title="bbox 460 3441 2052 3536; baseline 0.009 -29"><span class='ocrx_word' id='word_1_242' title='bbox 460 3453 603 3507; x_wconf 91' lang='lat' dir='ltr'><strong>enim</strong></span> <span class='ocrx_word' id='word_1_243' title='bbox 625 3441 854 3510; x_wconf 79' lang='lat' dir='ltr'><strong>centum</strong></span> <span class='ocrx_word' id='word_1_244' title='bbox 871 3456 1134 3523; x_wconf 88' lang='lat' dir='ltr'><strong>homines,</strong></span> <span class='ocrx_word' id='word_1_245' title='bbox 1159 3460 1242 3515; x_wconf 90' lang='lat' dir='ltr'><strong>vel</strong></span> <span class='ocrx_word' id='word_1_246' title='bbox 1268 3462 1430 3516; x_wconf 92' lang='lat' dir='ltr'><strong>etiam</strong></span> <span class='ocrx_word' id='word_1_247' title='bbox 1457 3441 1838 3535; x_wconf 78' lang='lat' dir='ltr'><strong>quinquaginta</strong></span> <span class='ocrx_word' id='word_1_248' title='bbox 1865 3481 2052 3536; x_wconf 88' lang='lat' dir='ltr'><strong>regere</strong></span> 
     </span>
    </p>
   </div>
   <div class='ocr_carea' id='block_1_36' title="bbox 462 3545 2053 3624">
    <p class='ocr_par' dir='ltr' id='par_1_36' title="bbox 462 3545 2053 3624">
     <span class='ocr_line' id='line_1_36' title="bbox 462 3545 2053 3624; baseline 0.009 -27"><span class='ocrx_word' id='word_1_249' title='bbox 462 3545 678 3601; x_wconf 89' lang='lat' dir='ltr'><strong>difﬁcile</strong></span> <span class='ocrx_word' id='word_1_250' title='bbox 707 3557 806 3611; x_wconf 88' lang='lat' dir='ltr'><strong>est,</strong></span> <span class='ocrx_word' id='word_1_251' title='bbox 839 3559 1050 3618; x_wconf 77' lang='lat' dir='ltr'><strong>quantae</strong></span> <span class='ocrx_word' id='word_1_252' title='bbox 1077 3551 1287 3606; x_wconf 90' lang='lat' dir='ltr'><strong>virtutis</strong></span> <span class='ocrx_word' id='word_1_253' title='bbox 1306 3569 1369 3608; x_wconf 90' lang='lat' dir='ltr'><strong>ac</strong></span> <span class='ocrx_word' id='word_1_254' title='bbox 1391 3555 1666 3624; x_wconf 74' lang='lat' dir='ltr'><strong>sapietuite</strong></span> <span class='ocrx_word' id='word_1_255' title='bbox 1687 3556 1848 3611; x_wconf 89' lang='lat' dir='ltr'><strong>debet</strong></span> <span class='ocrx_word' id='word_1_256' title='bbox 1870 3558 2053 3612; x_wconf 81' lang='lat' dir='ltr'><strong>existi-</strong></span> 
     </span>
    </p>
   </div>
   <div class='ocr_carea' id='block_1_37' title="bbox 465 3638 2051 3720">
    <p class='ocr_par' dir='ltr' id='par_1_37' title="bbox 465 3638 2051 3720">
     <span class='ocr_line' id='line_1_37' title="bbox 465 3638 2051 3720; baseline 0.01 -31"><span class='ocrx_word' id='word_1_257' title='bbox 465 3638 600 3692; x_wconf 88' lang='lat' dir='ltr'><strong>mari</strong></span> <span class='ocrx_word' id='word_1_258' title='bbox 646 3647 750 3693; x_wconf 87' lang='lat' dir='ltr'><strong>tam</strong></span> <span class='ocrx_word' id='word_1_259' title='bbox 789 3641 1057 3696; x_wconf 90' lang='lat' dir='ltr'><strong>celebrem</strong></span> <span class='ocrx_word' id='word_1_260' title='bbox 1088 3643 1274 3700; x_wconf 91' lang='lat' dir='ltr'><strong>urbem</strong></span> <span class='ocrx_word' id='word_1_261' title='bbox 1303 3646 1698 3715; x_wconf 84' lang='lat' dir='ltr'><strong>administrare,</strong></span> <span class='ocrx_word' id='word_1_262' title='bbox 1723 3659 1778 3703; x_wconf 91' lang='lat' dir='ltr'><strong>et</strong></span> <span class='ocrx_word' id='word_1_263' title='bbox 1799 3665 1920 3704; x_wconf 90' lang='lat' dir='ltr'><strong>eum</strong></span> <span class='ocrx_word' id='word_1_264' title='bbox 1953 3666 2051 3720; x_wconf 85' lang='lat' dir='ltr'><strong>po-</strong></span> 
     </span>
    </p>
   </div>
   <div class='ocr_carea' id='block_1_38' title="bbox 462 3729 2050 3810">
    <p class='ocr_par' dir='ltr' id='par_1_38' title="bbox 462 3729 2050 3810">
     <span class='ocr_line' id='line_1_38' title="bbox 462 3729 2050 3810; baseline 0.009 -27"><span class='ocrx_word' id='word_1_265' title='bbox 462 3729 647 3800; x_wconf 81' lang='lat' dir='ltr'><strong>pulum</strong></span> <span class='ocrx_word' id='word_1_266' title='bbox 690 3746 875 3799; x_wconf 83' lang='lat' dir='ltr'><strong>regere</strong></span> <span class='ocrx_word' id='word_1_267' title='bbox 894 3775 910 3800; x_wconf 92' lang='lat'><strong>,</strong></span> <span class='ocrx_word' id='word_1_268' title='bbox 941 3736 1028 3804; x_wconf 92' lang='lat' dir='ltr'><strong>qui</strong></span> <span class='ocrx_word' id='word_1_269' title='bbox 1059 3736 1287 3792; x_wconf 88' lang='lat' dir='ltr'><strong>ducenta</strong></span> <span class='ocrx_word' id='word_1_270' title='bbox 1317 3739 1586 3794; x_wconf 89' lang='lat' dir='ltr'><strong>contineat</strong></span> <span class='ocrx_word' id='word_1_271' title='bbox 1616 3740 1890 3797; x_wconf 88' lang='lat' dir='ltr'><strong>hominum</strong></span> <span class='ocrx_word' id='word_1_272' title='bbox 1929 3744 2050 3810; x_wconf 38' lang='lat' dir='ltr'><strong>mil,-</strong></span> 
     </span>
    </p>
   </div>
   <div class='ocr_carea' id='block_1_39' title="bbox 464 3818 2049 3902">
    <p class='ocr_par' dir='ltr' id='par_1_39' title="bbox 464 3818 2049 3902">
     <span class='ocr_line' id='line_1_39' title="bbox 464 3818 2049 3902; baseline 0.011 -30"><span class='ocrx_word' id='word_1_273' title='bbox 464 3818 533 3872; x_wconf 87' lang='lat' dir='ltr'><strong>lia</strong></span> <span class='ocrx_word' id='word_1_274' title='bbox 560 3818 662 3893; x_wconf 80' lang='lat' dir='ltr'><strong>(a)?</strong></span> <span class='ocrx_word' id='word_1_275' title='bbox 690 3820 900 3876; x_wconf 84' lang='lat' dir='ltr'><strong>Etenim</strong></span> <span class='ocrx_word' id='word_1_276' title='bbox 928 3824 1066 3879; x_wconf 89' lang='lat' dir='ltr'><strong>sicut</strong></span> <span class='ocrx_word' id='word_1_277' title='bbox 1093 3827 1144 3880; x_wconf 92' lang='lat' dir='ltr'><strong>in</strong></span> <span class='ocrx_word' id='word_1_278' title='bbox 1169 3828 1492 3884; x_wconf 84' lang='lat' dir='ltr'><strong>exercitibus</strong></span> <span class='ocrx_word' id='word_1_279' title='bbox 1515 3830 1748 3900; x_wconf 82' lang='lat' dir='ltr'><strong>legiones</strong></span> <span class='ocrx_word' id='word_1_280' title='bbox 1765 3837 2049 3902; x_wconf 66' lang='lat' dir='ltr'><strong>przetoriaa,</strong></span> 
     </span>
    </p>
   </div>
   <div class='ocr_carea' id='block_1_40' title="bbox 464 3916 2054 3989">
    <p class='ocr_par' dir='ltr' id='par_1_40' title="bbox 464 3916 2054 3989">
     <span class='ocr_line' id='line_1_40' title="bbox 464 3916 2054 3989; baseline 0.013 -28"><span class='ocrx_word' id='word_1_281' title='bbox 464 3923 688 3979; x_wconf 70' lang='lat' dir='ltr'><strong>qumque</strong></span> <span class='ocrx_word' id='word_1_282' title='bbox 710 3916 1107 3971; x_wconf 89' lang='lat' dir='ltr'><strong>numerosiores</strong></span> <span class='ocrx_word' id='word_1_283' title='bbox 1127 3928 1270 3982; x_wconf 89' lang='lat' dir='ltr'><strong>sunt,</strong></span> <span class='ocrx_word' id='word_1_284' title='bbox 1296 3921 1634 3989; x_wconf 87' lang='lat' dir='ltr'><strong>peritioribus</strong></span> <span class='ocrx_word' id='word_1_285' title='bbox 1661 3922 1881 3980; x_wconf 91' lang='lat' dir='ltr'><strong>ducibus</strong></span> <span class='ocrx_word' id='word_1_286' title='bbox 1906 3941 2054 3980; x_wconf 91' lang='lat' dir='ltr'><strong>com-</strong></span> 
     </span>
    </p>
   </div>
   <div class='ocr_carea' id='block_1_41' title="bbox 467 4000 2054 4086">
    <p class='ocr_par' dir='ltr' id='par_1_41' title="bbox 467 4000 2054 4086">
     <span class='ocr_line' id='line_1_41' title="bbox 467 4000 2054 4086; baseline 0.011 -31"><span class='ocrx_word' id='word_1_287' title='bbox 467 4000 752 4058; x_wconf 87' lang='lat' dir='ltr'><strong>mittuntur</strong></span> <span class='ocrx_word' id='word_1_288' title='bbox 778 4021 792 4056; x_wconf 89' lang='lat'><strong>:</strong></span> <span class='ocrx_word' id='word_1_289' title='bbox 825 4005 902 4061; x_wconf 90' lang='lat' dir='ltr'><strong>sic</strong></span> <span class='ocrx_word' id='word_1_290' title='bbox 930 4008 1091 4063; x_wconf 90' lang='lat' dir='ltr'><strong>etiam</strong></span> <span class='ocrx_word' id='word_1_291' title='bbox 1121 4010 1172 4064; x_wconf 90' lang='lat' dir='ltr'><strong>in</strong></span> <span class='ocrx_word' id='word_1_292' title='bbox 1201 4011 1534 4078; x_wconf 88' lang='lat' dir='ltr'><strong>civitatibus,</strong></span> <span class='ocrx_word' id='word_1_293' title='bbox 1566 4014 1797 4085; x_wconf 85' lang='lat' dir='ltr'><strong>majores</strong></span> <span class='ocrx_word' id='word_1_294' title='bbox 1834 4018 2054 4086; x_wconf 93' lang='lat' dir='ltr'><strong>populo-</strong></span> 
     </span>
    </p>
   </div>
   <div class='ocr_carea' id='block_1_42' title="bbox 463 4093 2050 4181">
    <p class='ocr_par' dir='ltr' id='par_1_42' title="bbox 463 4093 2050 4181">
     <span class='ocr_line' id='line_1_42' title="bbox 463 4093 2050 4181; baseline 0.012 -34"><span class='ocrx_word' id='word_1_295' title='bbox 463 4093 742 4166; x_wconf 89' lang='lat' dir='ltr'><strong>sioresque</strong></span> <span class='ocrx_word' id='word_1_296' title='bbox 764 4098 1156 4167; x_wconf 86' lang='lat' dir='ltr'><strong>probatioribus</strong></span> <span class='ocrx_word' id='word_1_297' title='bbox 1177 4104 1305 4159; x_wconf 89' lang='lat' dir='ltr'><strong>viris</strong></span> <span class='ocrx_word' id='word_1_298' title='bbox 1329 4107 1692 4176; x_wconf 89' lang='lat' dir='ltr'><strong>assignantur.</strong></span> <span class='ocrx_word' id='word_1_299' title='bbox 1719 4110 2050 4181; x_wconf 86' lang='lat' dir='ltr'><strong>Quamquam</strong></span> 
     </span>
    </p>
   </div>
   <div class='ocr_carea' id='block_1_43' title="bbox 464 4189 2050 4274">
    <p class='ocr_par' dir='ltr' id='par_1_43' title="bbox 464 4189 2050 4274">
     <span class='ocr_line' id='line_1_43' title="bbox 464 4189 2050 4274; baseline 0.014 -36"><span class='ocrx_word' id='word_1_300' title='bbox 464 4195 520 4240; x_wconf 90' lang='lat' dir='ltr'><strong>et</strong></span> <span class='ocrx_word' id='word_1_301' title='bbox 560 4189 822 4258; x_wconf 77' lang='lat' dir='ltr'><strong>prtecipua</strong></span> <span class='ocrx_word' id='word_1_302' title='bbox 869 4191 979 4247; x_wconf 89' lang='lat' dir='ltr'><strong>Deo</strong></span> <span class='ocrx_word' id='word_1_303' title='bbox 1023 4193 1246 4264; x_wconf 84' lang='lat' dir='ltr'><strong>hujusce</strong></span> <span class='ocrx_word' id='word_1_304' title='bbox 1270 4197 1498 4254; x_wconf 87' lang='lat' dir='ltr'><strong>civitatis</strong></span> <span class='ocrx_word' id='word_1_305' title='bbox 1523 4215 1649 4256; x_wconf 91' lang='lat' dir='ltr'><strong>cura</strong></span> <span class='ocrx_word' id='word_1_306' title='bbox 1679 4201 1796 4269; x_wconf 91' lang='lat' dir='ltr'><strong>fuit,</strong></span> <span class='ocrx_word' id='word_1_307' title='bbox 1830 4203 1881 4258; x_wconf 93' lang='lat' dir='ltr'><strong>id</strong></span> <span class='ocrx_word' id='word_1_308' title='bbox 1908 4204 2050 4274; x_wconf 89' lang='lat' dir='ltr'><strong>quod</strong></span> 
     </span>
    </p>
   </div>
   <div class='ocr_carea' id='block_1_44' title="bbox 464 4283 2051 4363">
    <p class='ocr_par' dir='ltr' id='par_1_44' title="bbox 464 4283 2051 4363">
     <span class='ocr_line' id='line_1_44' title="bbox 464 4283 2051 4363; baseline 0.012 -29"><span class='ocrx_word' id='word_1_309' title='bbox 464 4291 517 4334; x_wconf 87' lang='lat' dir='ltr'><strong>et</strong></span> <span class='ocrx_word' id='word_1_310' title='bbox 551 4296 608 4335; x_wconf 91' lang='lat' dir='ltr'><strong>re</strong></span> <span class='ocrx_word' id='word_1_311' title='bbox 631 4283 742 4351; x_wconf 89' lang='lat' dir='ltr'><strong>ipsa</strong></span> <span class='ocrx_word' id='word_1_312' title='bbox 773 4283 1063 4342; x_wconf 78' lang='lat' dir='ltr'><strong>declaravit</strong></span> <span class='ocrx_word' id='word_1_313' title='bbox 1092 4307 1105 4340; x_wconf 91' lang='lat'><strong>:</strong></span> <span class='ocrx_word' id='word_1_314' title='bbox 1137 4289 1399 4359; x_wconf 88' lang='lat' dir='ltr'><strong>siquidem</strong></span> <span class='ocrx_word' id='word_1_315' title='bbox 1427 4308 1584 4363; x_wconf 91' lang='lat' dir='ltr'><strong>quem</strong></span> <span class='ocrx_word' id='word_1_316' title='bbox 1615 4296 1709 4349; x_wconf 91' lang='lat' dir='ltr'><strong>toti</strong></span> <span class='ocrx_word' id='word_1_317' title='bbox 1736 4296 1855 4351; x_wconf 90' lang='lat' dir='ltr'><strong>orbi</strong></span> <span class='ocrx_word' id='word_1_318' title='bbox 1882 4306 2051 4352; x_wconf 90' lang='lat' dir='ltr'><strong>terra-</strong></span> 
     </span>
    </p>
   </div>
   <div class='ocr_carea' id='block_1_45' title="bbox 463 4375 2050 4459">
    <p class='ocr_par' dir='ltr' id='par_1_45' title="bbox 463 4375 2050 4459">
     <span class='ocr_line' id='line_1_45' title="bbox 463 4375 2050 4459; baseline 0.013 -34"><span class='ocrx_word' id='word_1_319' title='bbox 463 4386 581 4426; x_wconf 90' lang='lat' dir='ltr'><strong>rum</strong></span> <span class='ocrx_word' id='word_1_320' title='bbox 628 4375 886 4444; x_wconf 76' lang='lat' dir='ltr'><strong>przefecit,</strong></span> <span class='ocrx_word' id='word_1_321' title='bbox 940 4378 1176 4446; x_wconf 83' lang='lat' dir='ltr'><strong>Petrum,</strong></span> <span class='ocrx_word' id='word_1_322' title='bbox 1223 4383 1308 4437; x_wconf 92' lang='lat' dir='ltr'><strong>cui</strong></span> <span class='ocrx_word' id='word_1_323' title='bbox 1359 4384 1539 4441; x_wconf 87' lang='lat' dir='ltr'><strong>claves</strong></span> <span class='ocrx_word' id='word_1_324' title='bbox 1583 4387 1836 4442; x_wconf 75' lang='lat' dir='ltr'><strong>czelorum</strong></span> <span class='ocrx_word' id='word_1_325' title='bbox 1883 4390 2050 4459; x_wconf 89' lang='lat' dir='ltr'><strong>dedit,</strong></span> 
     </span>
    </p>
   </div>
   <div class='ocr_carea' id='block_1_46' title="bbox 464 4465 2053 4554">
    <p class='ocr_par' dir='ltr' id='par_1_46' title="bbox 464 4465 2053 4554">
     <span class='ocr_line' id='line_1_46' title="bbox 464 4465 2053 4554; baseline 0.014 -38"><span class='ocrx_word' id='word_1_326' title='bbox 464 4465 616 4534; x_wconf 88' lang='lat' dir='ltr'><strong>cujus</strong></span> <span class='ocrx_word' id='word_1_327' title='bbox 637 4467 857 4522; x_wconf 85' lang='lat' dir='ltr'><strong>arbitrio</strong></span> <span class='ocrx_word' id='word_1_328' title='bbox 878 4479 932 4523; x_wconf 89' lang='lat' dir='ltr'><strong>et</strong></span> <span class='ocrx_word' id='word_1_329' title='bbox 950 4473 1200 4540; x_wconf 88' lang='lat' dir='ltr'><strong>potestati</strong></span> <span class='ocrx_word' id='word_1_330' title='bbox 1222 4485 1411 4531; x_wconf 90' lang='lat' dir='ltr'><strong>cuncta</strong></span> <span class='ocrx_word' id='word_1_331' title='bbox 1439 4479 1699 4547; x_wconf 85' lang='lat' dir='ltr'><strong>permisit,</strong></span> <span class='ocrx_word' id='word_1_332' title='bbox 1724 4480 1867 4536; x_wconf 90' lang='lat' dir='ltr'><strong>hunc</strong></span> <span class='ocrx_word' id='word_1_333' title='bbox 1893 4483 2053 4554; x_wconf 90' lang='lat' dir='ltr'><strong>longo</strong></span> 
     </span>
    </p>
   </div>
   <div class='ocr_carea' id='block_1_47' title="bbox 469 4557 2054 4640">
    <p class='ocr_par' dir='ltr' id='par_1_47' title="bbox 469 4557 2054 4640">
     <span class='ocr_line' id='line_1_47' title="bbox 469 4557 2054 4640; baseline 0.015 -34"><span class='ocrx_word' id='word_1_334' title='bbox 469 4563 708 4623; x_wconf 89' lang='lat' dir='ltr'><strong>tempore</strong></span> <span class='ocrx_word' id='word_1_335' title='bbox 737 4557 822 4613; x_wconf 92' lang='lat' dir='ltr'><strong>hic</strong></span> <span class='ocrx_word' id='word_1_336' title='bbox 841 4557 1002 4628; x_wconf 89' lang='lat' dir='ltr'><strong>jussit</strong></span> <span class='ocrx_word' id='word_1_337' title='bbox 1025 4565 1375 4631; x_wconf 90' lang='lat' dir='ltr'><strong>commorari;</strong></span> <span class='ocrx_word' id='word_1_338' title='bbox 1417 4567 1491 4622; x_wconf 89' lang='lat' dir='ltr'><strong>ita</strong></span> <span class='ocrx_word' id='word_1_339' title='bbox 1519 4584 1709 4640; x_wconf 91' lang='lat' dir='ltr'><strong>nempe</strong></span> <span class='ocrx_word' id='word_1_340' title='bbox 1736 4572 1834 4640; x_wconf 90' lang='lat' dir='ltr'><strong>ipsi</strong></span> <span class='ocrx_word' id='word_1_341' title='bbox 1866 4575 2054 4630; x_wconf 85' lang='lat' dir='ltr'><strong>civitas</strong></span> 
     </span>
    </p>
   </div>
   <div class='ocr_carea' id='block_1_48' title="bbox 468 4648 2052 4735">
    <p class='ocr_par' dir='ltr' id='par_1_48' title="bbox 468 4648 2052 4735">
     <span class='ocr_line' id='line_1_48' title="bbox 468 4648 2052 4735; baseline 0.013 -36"><span class='ocrx_word' id='word_1_342' title='bbox 468 4655 650 4701; x_wconf 86' lang='lat' dir='ltr'><strong>nostra</strong></span> <span class='ocrx_word' id='word_1_343' title='bbox 677 4648 792 4703; x_wconf 89' lang='lat' dir='ltr'><strong>orbi</strong></span> <span class='ocrx_word' id='word_1_344' title='bbox 839 4660 1098 4706; x_wconf 91' lang='lat' dir='ltr'><strong>terrarum</strong></span> <span class='ocrx_word' id='word_1_345' title='bbox 1146 4669 1242 4723; x_wconf 90' lang='lat' dir='ltr'><strong>par</strong></span> <span class='ocrx_word' id='word_1_346' title='bbox 1281 4657 1394 4713; x_wconf 86' lang='lat' dir='ltr'><strong>fere</strong></span> <span class='ocrx_word' id='word_1_347' title='bbox 1437 4659 1735 4716; x_wconf 85' lang='lat' dir='ltr'><strong>videbatur.</strong></span> <span class='ocrx_word' id='word_1_348' title='bbox 1781 4664 1884 4719; x_wconf 84' lang='lat' dir='ltr'><strong>Sed</strong></span> <span class='ocrx_word' id='word_1_349' title='bbox 1931 4667 2052 4735; x_wconf 90' lang='lat' dir='ltr'><strong>quia</strong></span> 
     </span>
    </p>
   </div>
   <div class='ocr_carea' id='block_1_49' title="bbox 469 4735 2053 4822">
    <p class='ocr_par' dir='ltr' id='par_1_49' title="bbox 469 4735 2053 4822">
     <span class='ocr_line' id='line_1_49' title="bbox 469 4735 2053 4822; baseline 0.015 -32"><span class='ocrx_word' id='word_1_350' title='bbox 469 4735 610 4790; x_wconf 83' lang='lat' dir='ltr'><strong>Petri</strong></span> <span class='ocrx_word' id='word_1_351' title='bbox 653 4741 977 4814; x_wconf 61' lang='lat' dir='ltr'><strong>mentionem</strong></span> <span class='ocrx_word' id='word_1_352' title='bbox 1024 4742 1155 4811; x_wconf 91' lang='lat' dir='ltr'><strong>feci,</strong></span> <span class='ocrx_word' id='word_1_353' title='bbox 1199 4747 1437 4816; x_wconf 90' lang='lat' dir='ltr'><strong>quintam</strong></span> <span class='ocrx_word' id='word_1_354' title='bbox 1482 4765 1548 4804; x_wconf 83' lang='lat' dir='ltr'><strong>ex</strong></span> <span class='ocrx_word' id='word_1_355' title='bbox 1592 4751 1708 4822; x_wconf 91' lang='lat' dir='ltr'><strong>ipso</strong></span> <span class='ocrx_word' id='word_1_356' title='bbox 1747 4767 2053 4814; x_wconf 86' lang='lat' dir='ltr'><strong>contextam</strong></span> 
     </span>
    </p>
   </div>
   <div class='ocr_carea' id='block_1_50' title="bbox 467 4831 2076 4918">
    <p class='ocr_par' dir='ltr' id='par_1_50' title="bbox 467 4831 2076 4918">
     <span class='ocr_line' id='line_1_50' title="bbox 467 4831 2076 4918; baseline 0.02 -43"><span class='ocrx_word' id='word_1_357' title='bbox 467 4841 720 4918; x_wconf 77' lang='lat' dir='ltr'><strong>coronam</strong></span> <span class='ocrx_word' id='word_1_358' title='bbox 761 4831 1112 4889; x_wconf 88' lang='lat' dir='ltr'><strong>animadverti</strong></span> <span class='ocrx_word' id='word_1_359' title='bbox 1150 4853 1164 4890; x_wconf 87' lang='lat'><strong>:</strong></span> <span class='ocrx_word' id='word_1_360' title='bbox 1207 4839 1457 4907; x_wconf 89' lang='lat' dir='ltr'><strong>quoniam</strong></span> <span class='ocrx_word' id='word_1_361' title='bbox 1501 4841 1573 4895; x_wconf 89' lang='lat' dir='ltr'><strong>illi</strong></span> <span class='ocrx_word' id='word_1_362' title='bbox 1620 4843 1672 4897; x_wconf 90' lang='lat' dir='ltr'><strong>in</strong></span> <span class='ocrx_word' id='word_1_363' title='bbox 1716 4847 2076 4918; x_wconf 84' lang='lat' dir='ltr'><strong>episcopatus.</strong></span> 
     </span>
    </p>
   </div>
   <div class='ocr_carea' id='block_1_51' title="bbox 467 4916 2054 5001">
    <p class='ocr_par' dir='ltr' id='par_1_51' title="bbox 467 4916 2054 5001">
     <span class='ocr_line' id='line_1_51' title="bbox 467 4916 2054 5001; baseline 0.017 -32"><span class='ocrx_word' id='word_1_364' title='bbox 467 4916 727 4987; x_wconf 79' lang='lat' dir='ltr'><strong>dignitate</strong></span> <span class='ocrx_word' id='word_1_365' title='bbox 749 4925 1026 4977; x_wconf 88' lang='lat' dir='ltr'><strong>successit.</strong></span> <span class='ocrx_word' id='word_1_366' title='bbox 1057 4924 1188 4980; x_wconf 84' lang='lat' dir='ltr'><strong>Nam</strong></span> <span class='ocrx_word' id='word_1_367' title='bbox 1219 4938 1275 4982; x_wconf 94' lang='lat' dir='ltr'><strong>ut</strong></span> <span class='ocrx_word' id='word_1_368' title='bbox 1301 4930 1346 4983; x_wconf 92' lang='lat' dir='ltr'><strong>si</strong></span> <span class='ocrx_word' id='word_1_369' title='bbox 1365 4931 1486 5001; x_wconf 90' lang='lat' dir='ltr'><strong>quis</strong></span> <span class='ocrx_word' id='word_1_370' title='bbox 1510 4948 1541 4988; x_wconf 92' lang='lat' dir='ltr'><strong>e</strong></span> <span class='ocrx_word' id='word_1_371' title='bbox 1563 4916 1920 4994; x_wconf 72' lang='lat' dir='ltr'><strong>fundamentis</strong></span> <span class='ocrx_word' id='word_1_372' title='bbox 1942 4956 2054 4995; x_wconf 88' lang='lat' dir='ltr'><strong>ma-</strong></span> 
     </span>
    </p>
   </div>
   <div class='ocr_carea' id='block_1_52' title="bbox 463 5013 2054 5104">
    <p class='ocr_par' dir='ltr' id='par_1_52' title="bbox 463 5013 2054 5104">
     <span class='ocr_line' id='line_1_52' title="bbox 463 5013 2054 5104; baseline 0.018 -42"><span class='ocrx_word' id='word_1_373' title='bbox 463 5025 628 5080; x_wconf 86' lang='lat' dir='ltr'><strong>guum</strong></span> <span class='ocrx_word' id='word_1_374' title='bbox 661 5013 890 5084; x_wconf 88' lang='lat' dir='ltr'><strong>lapidem</strong></span> <span class='ocrx_word' id='word_1_375' title='bbox 921 5027 1106 5082; x_wconf 91' lang='lat' dir='ltr'><strong>eruat,</strong></span> <span class='ocrx_word' id='word_1_376' title='bbox 1137 5019 1367 5077; x_wconf 90' lang='lat' dir='ltr'><strong>alterum</strong></span> <span class='ocrx_word' id='word_1_377' title='bbox 1397 5025 1618 5082; x_wconf 90' lang='lat' dir='ltr'><strong>omnino</strong></span> <span class='ocrx_word' id='word_1_378' title='bbox 1651 5045 1829 5099; x_wconf 92' lang='lat' dir='ltr'><strong>parem</strong></span> <span class='ocrx_word' id='word_1_379' title='bbox 1858 5031 1910 5086; x_wconf 91' lang='lat' dir='ltr'><strong>in</strong></span> <span class='ocrx_word' id='word_1_380' title='bbox 1937 5033 2054 5104; x_wconf 89' lang='lat' dir='ltr'><strong>ejus</strong></span> 
     </span>
    </p>
   </div>
   <div class='ocr_carea' id='block_1_53' title="bbox 467 5105 2052 5183">
    <p class='ocr_par' dir='ltr' id='par_1_53' title="bbox 467 5105 2052 5183">
     <span class='ocr_line' id='line_1_53' title="bbox 467 5105 2052 5183; baseline 0.017 -28"><span class='ocrx_word' id='word_1_381' title='bbox 467 5105 586 5158; x_wconf 89' lang='lat' dir='ltr'><strong>loco</strong></span> <span class='ocrx_word' id='word_1_382' title='bbox 625 5115 849 5162; x_wconf 86' lang='lat' dir='ltr'><strong>conatur</strong></span> <span class='ocrx_word' id='word_1_383' title='bbox 885 5111 1236 5179; x_wconf 91' lang='lat' dir='ltr'><strong>constituere,</strong></span> <span class='ocrx_word' id='word_1_384' title='bbox 1269 5115 1374 5172; x_wconf 89' lang='lat' dir='ltr'><strong>nisi</strong></span> <span class='ocrx_word' id='word_1_385' title='bbox 1407 5119 1535 5174; x_wconf 89' lang='lat' dir='ltr'><strong>velit</strong></span> <span class='ocrx_word' id='word_1_386' title='bbox 1574 5131 1739 5177; x_wconf 92' lang='lat' dir='ltr'><strong>totum</strong></span> <span class='ocrx_word' id='word_1_387' title='bbox 1769 5125 2052 5183; x_wconf 83' lang='lat' dir='ltr'><strong>aediﬁcium</strong></span> 
     </span>
    </p>
   </div>
   <div class='ocr_carea' id='block_1_54' title="bbox 465 5200 2056 5273">
    <p class='ocr_par' dir='ltr' id='par_1_54' title="bbox 465 5200 2056 5273">
     <span class='ocr_line' id='line_1_54' title="bbox 465 5200 2056 5273; baseline 0.016 -25"><span class='ocrx_word' id='word_1_388' title='bbox 465 5205 756 5252; x_wconf 85' lang='lat' dir='ltr'><strong>concutere</strong></span> <span class='ocrx_word' id='word_1_389' title='bbox 794 5214 856 5253; x_wconf 91' lang='lat' dir='ltr'><strong>ac</strong></span> <span class='ocrx_word' id='word_1_390' title='bbox 903 5200 1132 5260; x_wconf 89' lang='lat' dir='ltr'><strong>debilius</strong></span> <span class='ocrx_word' id='word_1_391' title='bbox 1176 5206 1402 5262; x_wconf 90' lang='lat' dir='ltr'><strong>reddere</strong></span> <span class='ocrx_word' id='word_1_392' title='bbox 1436 5227 1449 5263; x_wconf 89' lang='lat'><strong>:</strong></span> <span class='ocrx_word' id='word_1_393' title='bbox 1484 5210 1554 5266; x_wconf 88' lang='lat' dir='ltr'><strong>ita</strong></span> <span class='ocrx_word' id='word_1_394' title='bbox 1583 5226 1707 5268; x_wconf 92' lang='lat' dir='ltr'><strong>cum</strong></span> <span class='ocrx_word' id='word_1_395' title='bbox 1735 5213 1923 5272; x_wconf 88' lang='lat' dir='ltr'><strong>Petrus</strong></span> <span class='ocrx_word' id='word_1_396' title='bbox 1945 5219 2056 5273; x_wconf 83' lang='lat' dir='ltr'><strong>An-</strong></span> 
     </span>
    </p>
   </div>
   <div class='ocr_carea' id='block_1_55' title="bbox 468 5287 2054 5379">
    <p class='ocr_par' dir='ltr' id='par_1_55' title="bbox 468 5287 2054 5379">
     <span class='ocr_line' id='line_1_55' title="bbox 468 5287 2054 5379; baseline 0.016 -39"><span class='ocrx_word' id='word_1_397' title='bbox 468 5287 664 5342; x_wconf 90' lang='lat' dir='ltr'><strong>tiochia</strong></span> <span class='ocrx_word' id='word_1_398' title='bbox 692 5297 836 5344; x_wconf 89' lang='lat' dir='ltr'><strong>esset</strong></span> <span class='ocrx_word' id='word_1_399' title='bbox 856 5290 1188 5350; x_wconf 89' lang='lat' dir='ltr'><strong>discessurus</strong></span> <span class='ocrx_word' id='word_1_400' title='bbox 1207 5337 1224 5363; x_wconf 93' lang='lat'><strong>,</strong></span> <span class='ocrx_word' id='word_1_401' title='bbox 1254 5297 1480 5354; x_wconf 84' lang='lat' dir='ltr'><strong>alterum</strong></span> <span class='ocrx_word' id='word_1_402' title='bbox 1520 5300 1680 5358; x_wconf 86' lang='lat' dir='ltr'><strong>Petro</strong></span> <span class='ocrx_word' id='word_1_403' title='bbox 1708 5321 1889 5375; x_wconf 88' lang='lat' dir='ltr'><strong>parem</strong></span> <span class='ocrx_word' id='word_1_404' title='bbox 1913 5324 2054 5379; x_wconf 68' lang='lat' dir='ltr'><strong>prte-</strong></span> 
     </span>
    </p>
   </div>
   <div class='ocr_carea' id='block_1_56' title="bbox 464 5384 2054 5471">
    <p class='ocr_par' dir='ltr' id='par_1_56' title="bbox 464 5384 2054 5471">
     <span class='ocr_line' id='line_1_56' title="bbox 464 5384 2054 5471; baseline 0.015 -39"><span class='ocrx_word' id='word_1_405' title='bbox 464 5389 736 5447; x_wconf 82' lang='lat' dir='ltr'><strong>ceptorem</strong></span> <span class='ocrx_word' id='word_1_406' title='bbox 774 5384 940 5452; x_wconf 83' lang='lat' dir='ltr'><strong>gratia</strong></span> <span class='ocrx_word' id='word_1_407' title='bbox 983 5385 1212 5455; x_wconf 81' lang='lat' dir='ltr'><strong>Spiritus</strong></span> <span class='ocrx_word' id='word_1_408' title='bbox 1257 5389 1552 5461; x_wconf 86' lang='lat' dir='ltr'><strong>substituit,</strong></span> <span class='ocrx_word' id='word_1_409' title='bbox 1599 5409 1667 5450; x_wconf 90' lang='lat' dir='ltr'><strong>ne</strong></span> <span class='ocrx_word' id='word_1_410' title='bbox 1707 5405 1908 5454; x_wconf 90' lang='lat' dir='ltr'><strong>structa</strong></span> <span class='ocrx_word' id='word_1_411' title='bbox 1943 5402 2054 5471; x_wconf 89' lang='lat' dir='ltr'><strong>jam</strong></span> 
     </span>
    </p>
   </div>
   <div class='ocr_carea' id='block_1_57' title="bbox 465 5473 1944 5548">
    <p class='ocr_par' dir='ltr' id='par_1_57' title="bbox 465 5473 1944 5548">
     <span class='ocr_line' id='line_1_57' title="bbox 465 5473 1944 5548; baseline 0.014 -21"><span class='ocrx_word' id='word_1_412' title='bbox 465 5473 750 5531; x_wconf 64' lang='lat' dir='ltr'><strong>adiﬁcatio</strong></span> <span class='ocrx_word' id='word_1_413' title='bbox 775 5480 1102 5534; x_wconf 87' lang='lat' dir='ltr'><strong>successoris</strong></span> <span class='ocrx_word' id='word_1_414' title='bbox 1131 5481 1494 5541; x_wconf 87' lang='lat' dir='ltr'><strong>imbecillitate</strong></span> <span class='ocrx_word' id='word_1_415' title='bbox 1519 5486 1746 5545; x_wconf 91' lang='lat' dir='ltr'><strong>debilior</strong></span> <span class='ocrx_word' id='word_1_416' title='bbox 1773 5493 1944 5548; x_wconf 87' lang='lat' dir='ltr'><strong>ﬁeret.</strong></span> 
     </span>
    </p>
   </div>
   <div class='ocr_carea' id='block_1_58' title="bbox 541 5565 2057 5658">
    <p class='ocr_par' dir='ltr' id='par_1_58' title="bbox 541 5565 2057 5658">
     <span class='ocr_line' id='line_1_58' title="bbox 541 5565 2057 5658; baseline 0.017 -40"><span class='ocrx_word' id='word_1_417' title='bbox 541 5565 773 5638; x_wconf 82' lang='lat' dir='ltr'><strong>Quinque</strong></span> <span class='ocrx_word' id='word_1_418' title='bbox 807 5569 998 5641; x_wconf 83' lang='lat' dir='ltr'><strong>lgnatii</strong></span> <span class='ocrx_word' id='word_1_419' title='bbox 1037 5588 1254 5628; x_wconf 68' lang='lat' dir='ltr'><strong>coronae.</strong></span> <span class='ocrx_word' id='word_1_420' title='bbox 1277 5604 1350 5617; x_wconf 89' lang='lat'><strong>-—</strong></span> <span class='ocrx_word' id='word_1_421' title='bbox 1374 5576 1620 5650; x_wconf 86' lang='lat' dir='ltr'><strong>Quinque</strong></span> <span class='ocrx_word' id='word_1_422' title='bbox 1643 5596 1871 5640; x_wconf 80' lang='lat' dir='ltr'><strong>coronas</strong></span> <span class='ocrx_word' id='word_1_423' title='bbox 1898 5586 2057 5658; x_wconf 79' lang='lat' dir='ltr'><strong>igitur</strong></span> 
     </span>
    </p>
   </div>
   <div class='ocr_carea' id='block_1_59' title="bbox 467 5659 2054 5742">
    <p class='ocr_par' dir='ltr' id='par_1_59' title="bbox 467 5659 2054 5742">
     <span class='ocr_line' id='line_1_59' title="bbox 467 5659 2054 5742; baseline 0.016 -31"><span class='ocrx_word' id='word_1_424' title='bbox 467 5659 901 5716; x_wconf 86' lang='lat' dir='ltr'><strong>enumeravituus</strong></span> <span class='ocrx_word' id='word_1_425' title='bbox 934 5679 948 5717; x_wconf 91' lang='lat'>:</span> <span class='ocrx_word' id='word_1_426' title='bbox 976 5677 1042 5717; x_wconf 79' lang='lat' dir='ltr'><strong>ex</strong></span> <span class='ocrx_word' id='word_1_427' title='bbox 1066 5665 1398 5734; x_wconf 72' lang='lat' dir='ltr'><strong>prtefectura:</strong></span> <span class='ocrx_word' id='word_1_428' title='bbox 1424 5671 1792 5742; x_wconf 86' lang='lat' dir='ltr'><strong>amplitudine,</strong></span> <span class='ocrx_word' id='word_1_429' title='bbox 1817 5692 1880 5733; x_wconf 80' lang='lat' dir='ltr'><strong>ex</strong></span> <span class='ocrx_word' id='word_1_430' title='bbox 1906 5680 2054 5736; x_wconf 81' lang='lat' dir='ltr'><strong>ordi-</strong></span> 
     </span>
    </p>
   </div>
   <div class='ocr_carea' id='block_1_60' title="bbox 527 5745 1768 5816">
    <p class='ocr_par' dir='ltr' id='par_1_60' title="bbox 527 5745 1768 5816">
     <span class='ocr_line' id='line_1_60' title="bbox 527 5745 1768 5816; baseline 0.018 -23"><span class='ocrx_word' id='word_1_431' title='bbox 527 5745 606 5808; x_wconf 78' lang='lat' dir='ltr'><strong>(tt)</strong></span> <span class='ocrx_word' id='word_1_432' title='bbox 637 5748 902 5802; x_wconf 72' lang='lat' dir='ltr'><strong>Antiochiae</strong></span> <span class='ocrx_word' id='word_1_433' title='bbox 925 5753 1133 5805; x_wconf 85' lang='lat' dir='ltr'><strong>ducenta</strong></span> <span class='ocrx_word' id='word_1_434' title='bbox 1157 5763 1297 5808; x_wconf 84' lang='lat' dir='ltr'><strong>erant</strong></span> <span class='ocrx_word' id='word_1_435' title='bbox 1328 5758 1574 5813; x_wconf 83' lang='lat' dir='ltr'><strong>hominum</strong></span> <span class='ocrx_word' id='word_1_436' title='bbox 1599 5764 1768 5816; x_wconf 88' lang='lat' dir='ltr'><strong>millia.</strong></span> 
     </span>
    </p>
   </div>
   <div class='ocr_carea' id='block_1_61' title="bbox 1205 297 3015 363">
    <p class='ocr_par' dir='ltr' id='par_1_61' title="bbox 1205 297 3015 363">
     <span class='ocr_line' id='line_1_61' title="bbox 1205 297 3015 363; baseline 0 0"><span class='ocrx_word' id='word_1_437' title='bbox 1205 305 1265 363; x_wconf 86' lang='lat' dir='ltr'><strong>S.</strong></span> <span class='ocrx_word' id='word_1_438' title='bbox 1303 303 1579 362; x_wconf 77' lang='lat' dir='ltr'><strong>JOANNIS</strong></span> <span class='ocrx_word' id='word_1_439' title='bbox 1615 297 2091 357; x_wconf 71' lang='lat' dir='ltr'><strong>CHRYSOSTOMI</strong></span> <span class='ocrx_word' id='word_1_440' title='bbox 2127 301 2445 360; x_wconf 79' lang='lat' dir='ltr'><strong>ARCHIEP.</strong></span> <span class='ocrx_word' id='word_1_441' title='bbox 2484 304 3015 363; x_wconf 77' lang='lat' dir='ltr'><strong>CONSTANTINOP.</strong></span> 
     </span>
    </p>
   </div>
   <div class='ocr_carea' id='block_1_62' title="bbox 3647 311 3754 369">
    <p class='ocr_par' dir='ltr' id='par_1_62' title="bbox 3647 311 3754 369">
     <span class='ocr_line' id='line_1_62' title="bbox 3647 311 3754 369; baseline -0.047 -1"><span class='ocrx_word' id='word_1_442' title='bbox 3647 311 3754 369; x_wconf 67' lang='lat'><strong>59&#39;!</strong></span> 
     </span>
    </p>
   </div>
   <div class='ocr_carea' id='block_1_63' title="bbox 2148 415 3756 494">
    <p class='ocr_par' dir='ltr' id='par_1_63' title="bbox 2148 415 3756 494">
     <span class='ocr_line' id='line_1_63' title="bbox 2148 415 3756 494; baseline 0.002 -20"><span class='ocrx_word' id='word_1_443' title='bbox 2148 419 2388 474; x_wconf 88' lang='lat' dir='ltr'><strong>nantium</strong></span> <span class='ocrx_word' id='word_1_444' title='bbox 2410 417 2699 490; x_wconf 77' lang='lat' dir='ltr'><strong>dignitate,</strong></span> <span class='ocrx_word' id='word_1_445' title='bbox 2733 435 2800 476; x_wconf 77' lang='lat' dir='ltr'><strong>ex</strong></span> <span class='ocrx_word' id='word_1_446' title='bbox 2828 415 3142 476; x_wconf 84' lang='lat' dir='ltr'><strong>difﬁcultate</strong></span> <span class='ocrx_word' id='word_1_447' title='bbox 3172 429 3497 494; x_wconf 85' lang='lat' dir='ltr'><strong>temporum,</strong></span> <span class='ocrx_word' id='word_1_448' title='bbox 3523 439 3590 479; x_wconf 78' lang='lat' dir='ltr'><strong>ex</strong></span> <span class='ocrx_word' id='word_1_449' title='bbox 3616 426 3756 480; x_wconf 76' lang='lat' dir='ltr'><strong>civi-</strong></span> 
     </span>
    </p>
   </div>
   <div class='ocr_carea' id='block_1_64' title="bbox 2146 509 3756 586">
    <p class='ocr_par' dir='ltr' id='par_1_64' title="bbox 2146 509 3756 586">
     <span class='ocr_line' id='line_1_64' title="bbox 2146 509 3756 586; baseline 0.004 -21"><span class='ocrx_word' id='word_1_450' title='bbox 2146 511 2269 565; x_wconf 92' lang='lat' dir='ltr'><strong>tatis</strong></span> <span class='ocrx_word' id='word_1_451' title='bbox 2314 509 2703 581; x_wconf 78' lang='lat' dir='ltr'><strong>magnitudine,</strong></span> <span class='ocrx_word' id='word_1_452' title='bbox 2751 526 2817 567; x_wconf 83' lang='lat' dir='ltr'><strong>ex</strong></span> <span class='ocrx_word' id='word_1_453' title='bbox 2857 511 3053 568; x_wconf 87' lang='lat' dir='ltr'><strong>virtute</strong></span> <span class='ocrx_word' id='word_1_454' title='bbox 3091 512 3252 581; x_wconf 90' lang='lat' dir='ltr'><strong>illius,</strong></span> <span class='ocrx_word' id='word_1_455' title='bbox 3293 514 3383 586; x_wconf 89' lang='lat' dir='ltr'><strong>qui</strong></span> <span class='ocrx_word' id='word_1_456' title='bbox 3427 514 3476 571; x_wconf 90' lang='lat' dir='ltr'><strong>ei</strong></span> <span class='ocrx_word' id='word_1_457' title='bbox 3524 514 3756 572; x_wconf 88' lang='lat' dir='ltr'><strong>tradidit</strong></span> 
     </span>
    </p>
   </div>
   <div class='ocr_carea' id='block_1_65' title="bbox 2146 603 3754 675">
    <p class='ocr_par' dir='ltr' id='par_1_65' title="bbox 2146 603 3754 675">
     <span class='ocr_line' id='line_1_65' title="bbox 2146 603 3754 675; baseline 0.004 -17"><span class='ocrx_word' id='word_1_458' title='bbox 2146 603 2538 675; x_wconf 82' lang='lat' dir='ltr'><strong>praefecturam.</strong></span> <span class='ocrx_word' id='word_1_459' title='bbox 2565 604 2915 661; x_wconf 88' lang='lat' dir='ltr'><strong>llisomnibus</strong></span> <span class='ocrx_word' id='word_1_460' title='bbox 2928 608 3192 662; x_wconf 80' lang='lat' dir='ltr'><strong>contextis</strong></span> <span class='ocrx_word' id='word_1_461' title='bbox 3216 609 3432 664; x_wconf 81' lang='lat' dir='ltr'><strong>coronis</strong></span> <span class='ocrx_word' id='word_1_462' title='bbox 3459 620 3673 665; x_wconf 77' lang='lat' dir='ltr'><strong>sextam</strong></span> <span class='ocrx_word' id='word_1_463' title='bbox 3700 620 3754 666; x_wconf 87' lang='lat' dir='ltr'><strong>et</strong></span> 
     </span>
    </p>
   </div>
   <div class='ocr_carea' id='block_1_66' title="bbox 2147 696 3756 772">
    <p class='ocr_par' dir='ltr' id='par_1_66' title="bbox 2147 696 3756 772">
     <span class='ocr_line' id='line_1_66' title="bbox 2147 696 3756 772; baseline 0.003 -20"><span class='ocrx_word' id='word_1_464' title='bbox 2147 696 2454 766; x_wconf 87' lang='lat' dir='ltr'><strong>septimam,</strong></span> <span class='ocrx_word' id='word_1_465' title='bbox 2482 708 2536 753; x_wconf 92' lang='lat' dir='ltr'><strong>et</strong></span> <span class='ocrx_word' id='word_1_466' title='bbox 2567 697 2651 753; x_wconf 91' lang='lat' dir='ltr'><strong>his</strong></span> <span class='ocrx_word' id='word_1_467' title='bbox 2681 699 2840 753; x_wconf 88' lang='lat' dir='ltr'><strong>etiam</strong></span> <span class='ocrx_word' id='word_1_468' title='bbox 2869 698 3052 768; x_wconf 89' lang='lat' dir='ltr'><strong>plures</strong></span> <span class='ocrx_word' id='word_1_469' title='bbox 3077 699 3266 756; x_wconf 76' lang='lat' dir='ltr'><strong>licebat</strong></span> <span class='ocrx_word' id='word_1_470' title='bbox 3292 700 3585 772; x_wconf 81' lang='lat' dir='ltr'><strong>adjungere</strong></span> <span class='ocrx_word' id='word_1_471' title='bbox 3615 721 3630 757; x_wconf 89' lang='lat'><strong>:</strong></span> <span class='ocrx_word' id='word_1_472' title='bbox 3659 718 3756 757; x_wconf 85' lang='lat' dir='ltr'><strong>ve-</strong></span> 
     </span>
    </p>
   </div>
   <div class='ocr_carea' id='block_1_67' title="bbox 2148 790 3755 861">
    <p class='ocr_par' dir='ltr' id='par_1_67' title="bbox 2148 790 3755 861">
     <span class='ocr_line' id='line_1_67' title="bbox 2148 790 3755 861; baseline 0.004 -19"><span class='ocrx_word' id='word_1_473' title='bbox 2148 803 2265 842; x_wconf 87' lang='lat' dir='ltr'><strong>rum</strong></span> <span class='ocrx_word' id='word_1_474' title='bbox 2309 805 2376 844; x_wconf 90' lang='lat' dir='ltr'><strong>ne</strong></span> <span class='ocrx_word' id='word_1_475' title='bbox 2413 799 2582 844; x_wconf 93' lang='lat' dir='ltr'><strong>totum</strong></span> <span class='ocrx_word' id='word_1_476' title='bbox 2617 797 2831 861; x_wconf 89' lang='lat' dir='ltr'><strong>tempus</strong></span> <span class='ocrx_word' id='word_1_477' title='bbox 2857 790 2911 844; x_wconf 92' lang='lat' dir='ltr'><strong>in</strong></span> <span class='ocrx_word' id='word_1_478' title='bbox 2941 791 3283 860; x_wconf 88' lang='lat' dir='ltr'><strong>episcopatus</strong></span> <span class='ocrx_word' id='word_1_479' title='bbox 3310 793 3755 849; x_wconf 89' lang='lat' dir='ltr'><strong>consideratione</strong></span> 
     </span>
    </p>
   </div>
   <div class='ocr_carea' id='block_1_68' title="bbox 2147 878 3754 956">
    <p class='ocr_par' dir='ltr' id='par_1_68' title="bbox 2147 878 3754 956">
     <span class='ocr_line' id='line_1_68' title="bbox 2147 878 3754 956; baseline 0.002 -22"><span class='ocrx_word' id='word_1_480' title='bbox 2147 878 2470 934; x_wconf 84' lang='lat' dir='ltr'><strong>collocantes</strong></span> <span class='ocrx_word' id='word_1_481' title='bbox 2490 880 2560 935; x_wconf 90' lang='lat' dir='ltr'><strong>ab</strong></span> <span class='ocrx_word' id='word_1_482' title='bbox 2581 880 2665 946; x_wconf 91' lang='lat' dir='ltr'><strong>iis,</strong></span> <span class='ocrx_word' id='word_1_483' title='bbox 2689 897 2808 950; x_wconf 88' lang='lat' dir='ltr'><strong>qu:e</strong></span> <span class='ocrx_word' id='word_1_484' title='bbox 2829 881 2896 936; x_wconf 91' lang='lat' dir='ltr'><strong>ad</strong></span> <span class='ocrx_word' id='word_1_485' title='bbox 2915 897 3038 937; x_wconf 93' lang='lat' dir='ltr'><strong>eum</strong></span> <span class='ocrx_word' id='word_1_486' title='bbox 3064 882 3139 936; x_wconf 92' lang='lat' dir='ltr'><strong>uti</strong></span> <span class='ocrx_word' id='word_1_487' title='bbox 3158 894 3447 955; x_wconf 85' lang='lat' dir='ltr'><strong>martyrem</strong></span> <span class='ocrx_word' id='word_1_488' title='bbox 3478 894 3754 956; x_wconf 90' lang='lat' dir='ltr'><strong>spectant,</strong></span> 
     </span>
    </p>
   </div>
   <div class='ocr_carea' id='block_1_69' title="bbox 2147 971 3752 1047">
    <p class='ocr_par' dir='ltr' id='par_1_69' title="bbox 2147 971 3752 1047">
     <span class='ocr_line' id='line_1_69' title="bbox 2147 971 3752 1047; baseline 0.003 -21"><span class='ocrx_word' id='word_1_489' title='bbox 2147 971 2460 1026; x_wconf 87' lang='lat' dir='ltr'><strong>enarrandis</strong></span> <span class='ocrx_word' id='word_1_490' title='bbox 2487 973 2852 1038; x_wconf 80' lang='lat' dir='ltr'><strong>excludamur,</strong></span> <span class='ocrx_word' id='word_1_491' title='bbox 2885 989 2984 1045; x_wconf 90' lang='lat' dir='ltr'><strong>age</strong></span> <span class='ocrx_word' id='word_1_492' title='bbox 3012 974 3269 1047; x_wconf 89' lang='lat' dir='ltr'><strong>deinceps</strong></span> <span class='ocrx_word' id='word_1_493' title='bbox 3299 976 3365 1031; x_wconf 90' lang='lat' dir='ltr'><strong>ad</strong></span> <span class='ocrx_word' id='word_1_494' title='bbox 3395 977 3536 1032; x_wconf 89' lang='lat' dir='ltr'><strong>illius</strong></span> <span class='ocrx_word' id='word_1_495' title='bbox 3567 987 3752 1033; x_wconf 89' lang='lat' dir='ltr'><strong>certa-</strong></span> 
     </span>
    </p>
   </div>
   <div class='ocr_carea' id='block_1_70' title="bbox 2149 1065 3755 1125">
    <p class='ocr_par' dir='ltr' id='par_1_70' title="bbox 2149 1065 3755 1125">
     <span class='ocr_line' id='line_1_70' title="bbox 2149 1065 3755 1125; baseline 0.004 -6"><span class='ocrx_word' id='word_1_496' title='bbox 2149 1065 2292 1119; x_wconf 88' lang='lat' dir='ltr'><strong>mina</strong></span> <span class='ocrx_word' id='word_1_497' title='bbox 2333 1065 2742 1122; x_wconf 89' lang='lat' dir='ltr'><strong>contendamus.</strong></span> <span class='ocrx_word' id='word_1_498' title='bbox 2795 1065 2970 1123; x_wconf 87' lang='lat' dir='ltr'><strong>Grave</strong></span> <span class='ocrx_word' id='word_1_499' title='bbox 3006 1067 3136 1122; x_wconf 90' lang='lat' dir='ltr'><strong>olim</strong></span> <span class='ocrx_word' id='word_1_500' title='bbox 3175 1069 3432 1124; x_wconf 87' lang='lat' dir='ltr'><strong>adversus</strong></span> <span class='ocrx_word' id='word_1_501' title='bbox 3475 1069 3755 1125; x_wconf 86' lang='lat' dir='ltr'><strong>Ecclesias</strong></span> 
     </span>
    </p>
   </div>
   <div class='ocr_carea' id='block_1_71' title="bbox 2149 1149 3752 1228">
    <p class='ocr_par' dir='ltr' id='par_1_71' title="bbox 2149 1149 3752 1228">
     <span class='ocr_line' id='line_1_71' title="bbox 2149 1149 3752 1228; baseline 0.002 -17"><span class='ocrx_word' id='word_1_502' title='bbox 2149 1158 2438 1212; x_wconf 79' lang='lat' dir='ltr'><strong>excitatum</strong></span> <span class='ocrx_word' id='word_1_503' title='bbox 2474 1166 2558 1213; x_wconf 91' lang='lat' dir='ltr'><strong>est</strong></span> <span class='ocrx_word' id='word_1_504' title='bbox 2587 1157 2808 1225; x_wconf 89' lang='lat' dir='ltr'><strong>bellum,</strong></span> <span class='ocrx_word' id='word_1_505' title='bbox 2843 1167 2898 1213; x_wconf 92' lang='lat' dir='ltr'><strong>et</strong></span> <span class='ocrx_word' id='word_1_506' title='bbox 2927 1167 3194 1228; x_wconf 88' lang='lat' dir='ltr'><strong>tamquam</strong></span> <span class='ocrx_word' id='word_1_507' title='bbox 3227 1149 3521 1215; x_wconf 73' lang='lat' dir='ltr'><strong>saevissima</strong></span> <span class='ocrx_word' id='word_1_508' title='bbox 3559 1169 3752 1220; x_wconf 83' lang='lat' dir='ltr'><strong>tvran-</strong></span> 
     </span>
    </p>
   </div>
   <div class='ocr_carea' id='block_1_72' title="bbox 2151 1247 3756 1319">
    <p class='ocr_par' dir='ltr' id='par_1_72' title="bbox 2151 1247 3756 1319">
     <span class='ocr_line' id='line_1_72' title="bbox 2151 1247 3756 1319; baseline 0.002 -17"><span class='ocrx_word' id='word_1_509' title='bbox 2151 1247 2276 1303; x_wconf 86' lang='lat' dir='ltr'><strong>nide</strong></span> <span class='ocrx_word' id='word_1_510' title='bbox 2319 1249 2505 1303; x_wconf 85' lang='lat' dir='ltr'><strong>orbem</strong></span> <span class='ocrx_word' id='word_1_511' title='bbox 2545 1259 2863 1319; x_wconf 91' lang='lat' dir='ltr'><strong>occupante,</strong></span> <span class='ocrx_word' id='word_1_512' title='bbox 2896 1265 2927 1304; x_wconf 92' lang='lat' dir='ltr'><strong>e</strong></span> <span class='ocrx_word' id='word_1_513' title='bbox 2951 1250 3129 1305; x_wconf 91' lang='lat' dir='ltr'><strong>medio</strong></span> <span class='ocrx_word' id='word_1_514' title='bbox 3159 1250 3276 1305; x_wconf 92' lang='lat' dir='ltr'><strong>foro</strong></span> <span class='ocrx_word' id='word_1_515' title='bbox 3301 1250 3553 1308; x_wconf 76' lang='lat' dir='ltr'><strong>homines</strong></span> <span class='ocrx_word' id='word_1_516' title='bbox 3583 1265 3756 1307; x_wconf 85' lang='lat' dir='ltr'><strong>corn-</strong></span> 
     </span>
    </p>
   </div>
   <div class='ocr_carea' id='block_1_73' title="bbox 2151 1340 3753 1413">
    <p class='ocr_par' dir='ltr' id='par_1_73' title="bbox 2151 1340 3753 1413">
     <span class='ocr_line' id='line_1_73' title="bbox 2151 1340 3753 1413; baseline 0.003 -20"><span class='ocrx_word' id='word_1_517' title='bbox 2151 1340 2456 1410; x_wconf 89' lang='lat' dir='ltr'><strong>piebantur,</strong></span> <span class='ocrx_word' id='word_1_518' title='bbox 2487 1342 2615 1396; x_wconf 93' lang='lat' dir='ltr'><strong>nulli</strong></span> <span class='ocrx_word' id='word_1_519' title='bbox 2639 1342 2856 1398; x_wconf 78' lang='lat' dir='ltr'><strong>obnoxii</strong></span> <span class='ocrx_word' id='word_1_520' title='bbox 2881 1343 3074 1412; x_wconf 62' lang='lat' dir='ltr'><strong>culpae,</strong></span> <span class='ocrx_word' id='word_1_521' title='bbox 3102 1342 3196 1397; x_wconf 91' lang='lat' dir='ltr'><strong>sed</strong></span> <span class='ocrx_word' id='word_1_522' title='bbox 3218 1343 3358 1413; x_wconf 91' lang='lat' dir='ltr'><strong>quod</strong></span> <span class='ocrx_word' id='word_1_523' title='bbox 3382 1343 3452 1400; x_wconf 88' lang='lat' dir='ltr'><strong>ab</strong></span> <span class='ocrx_word' id='word_1_524' title='bbox 3471 1345 3753 1400; x_wconf 81' lang='lat' dir='ltr'><strong>erroribus</strong></span> 
     </span>
    </p>
   </div>
   <div class='ocr_carea' id='block_1_74' title="bbox 2150 1430 3751 1504">
    <p class='ocr_par' dir='ltr' id='par_1_74' title="bbox 2150 1430 3751 1504">
     <span class='ocr_line' id='line_1_74' title="bbox 2150 1430 3751 1504; baseline 0.004 -20"><span class='ocrx_word' id='word_1_525' title='bbox 2150 1430 2468 1486; x_wconf 79' lang='lat' dir='ltr'><strong>recedentes</strong></span> <span class='ocrx_word' id='word_1_526' title='bbox 2491 1432 2556 1486; x_wconf 89' lang='lat' dir='ltr'><strong>ad</strong></span> <span class='ocrx_word' id='word_1_527' title='bbox 2579 1448 2758 1487; x_wconf 86' lang='lat' dir='ltr'><strong>veram</strong></span> <span class='ocrx_word' id='word_1_528' title='bbox 2787 1433 3000 1504; x_wconf 88' lang='lat' dir='ltr'><strong>pictatis</strong></span> <span class='ocrx_word' id='word_1_529' title='bbox 3032 1434 3344 1504; x_wconf 87' lang='lat' dir='ltr'><strong>religionem</strong></span> <span class='ocrx_word' id='word_1_530' title='bbox 3370 1435 3751 1498; x_wconf 87' lang='lat' dir='ltr'><strong>accurrebant,</strong></span> 
     </span>
    </p>
   </div>
   <div class='ocr_carea' id='block_1_75' title="bbox 2150 1521 3753 1597">
    <p class='ocr_par' dir='ltr' id='par_1_75' title="bbox 2150 1521 3753 1597">
     <span class='ocr_line' id='line_1_75' title="bbox 2150 1521 3753 1597; baseline 0.004 -21"><span class='ocrx_word' id='word_1_531' title='bbox 2150 1523 2291 1592; x_wconf 88' lang='lat' dir='ltr'><strong>quod</strong></span> <span class='ocrx_word' id='word_1_532' title='bbox 2337 1537 2368 1577; x_wconf 90' lang='lat' dir='ltr'><strong>a</strong></span> <span class='ocrx_word' id='word_1_533' title='bbox 2413 1521 2717 1577; x_wconf 61' lang='lat' dir='ltr'><strong>daemonum</strong></span> <span class='ocrx_word' id='word_1_534' title='bbox 2768 1525 3152 1594; x_wconf 87' lang='lat' dir='ltr'><strong>superstitione</strong></span> <span class='ocrx_word' id='word_1_535' title='bbox 3189 1525 3574 1592; x_wconf 87' lang='lat' dir='ltr'><strong>discesserant,</strong></span> <span class='ocrx_word' id='word_1_536' title='bbox 3610 1527 3753 1597; x_wconf 91' lang='lat' dir='ltr'><strong>quod</strong></span> 
     </span>
    </p>
   </div>
   <div class='ocr_carea' id='block_1_76' title="bbox 2151 1613 3753 1688">
    <p class='ocr_par' dir='ltr' id='par_1_76' title="bbox 2151 1613 3753 1688">
     <span class='ocr_line' id='line_1_76' title="bbox 2151 1613 3753 1688; baseline 0.004 -23"><span class='ocrx_word' id='word_1_537' title='bbox 2151 1627 2337 1667; x_wconf 91' lang='lat' dir='ltr'><strong>verum</strong></span> <span class='ocrx_word' id='word_1_538' title='bbox 2371 1613 2532 1668; x_wconf 79' lang='lat' dir='ltr'><strong>Deum</strong></span> <span class='ocrx_word' id='word_1_539' title='bbox 2556 1614 2938 1684; x_wconf 81' lang='lat' dir='ltr'><strong>agnoscebant,</strong></span> <span class='ocrx_word' id='word_1_540' title='bbox 2968 1614 3109 1686; x_wconf 92' lang='lat' dir='ltr'><strong>quod</strong></span> <span class='ocrx_word' id='word_1_541' title='bbox 3139 1615 3330 1670; x_wconf 88' lang='lat' dir='ltr'><strong>Filium</strong></span> <span class='ocrx_word' id='word_1_542' title='bbox 3351 1616 3467 1686; x_wconf 92' lang='lat' dir='ltr'><strong>ejus</strong></span> <span class='ocrx_word' id='word_1_543' title='bbox 3497 1618 3753 1688; x_wconf 82' lang='lat' dir='ltr'><strong>unigeni-</strong></span> 
     </span>
    </p>
   </div>
   <div class='ocr_carea' id='block_1_77' title="bbox 2154 1705 3751 1777">
    <p class='ocr_par' dir='ltr' id='par_1_77' title="bbox 2154 1705 3751 1777">
     <span class='ocr_line' id='line_1_77' title="bbox 2154 1705 3751 1777; baseline 0.003 -18"><span class='ocrx_word' id='word_1_544' title='bbox 2154 1715 2263 1760; x_wconf 92' lang='lat' dir='ltr'><strong>tum</strong></span> <span class='ocrx_word' id='word_1_545' title='bbox 2294 1705 2587 1760; x_wconf 90' lang='lat' dir='ltr'><strong>adorabant</strong></span> <span class='ocrx_word' id='word_1_546' title='bbox 2617 1721 2630 1760; x_wconf 91' lang='lat'><strong>:</strong></span> <span class='ocrx_word' id='word_1_547' title='bbox 2663 1717 2822 1777; x_wconf 88' lang='lat' dir='ltr'><strong>atque</strong></span> <span class='ocrx_word' id='word_1_548' title='bbox 2852 1708 2921 1762; x_wconf 91' lang='lat' dir='ltr'><strong>ita</strong></span> <span class='ocrx_word' id='word_1_549' title='bbox 2947 1723 3134 1763; x_wconf 89' lang='lat' dir='ltr'><strong>omnes</strong></span> <span class='ocrx_word' id='word_1_550' title='bbox 3175 1707 3373 1763; x_wconf 80' lang='lat' dir='ltr'><strong>Christi</strong></span> <span class='ocrx_word' id='word_1_551' title='bbox 3417 1708 3582 1764; x_wconf 89' lang='lat' dir='ltr'><strong>ﬁdem</strong></span> <span class='ocrx_word' id='word_1_552' title='bbox 3631 1725 3751 1764; x_wconf 88' lang='lat' dir='ltr'><strong>am-</strong></span> 
     </span>
    </p>
   </div>
   <div class='ocr_carea' id='block_1_78' title="bbox 2151 1799 3754 1873">
    <p class='ocr_par' dir='ltr' id='par_1_78' title="bbox 2151 1799 3754 1873">
     <span class='ocr_line' id='line_1_78' title="bbox 2151 1799 3754 1873; baseline 0.004 -21"><span class='ocrx_word' id='word_1_553' title='bbox 2151 1799 2314 1870; x_wconf 75' lang='lat' dir='ltr'><strong>plexi,</strong></span> <span class='ocrx_word' id='word_1_554' title='bbox 2343 1815 2462 1853; x_wconf 91' lang='lat' dir='ltr'><strong>cum</strong></span> <span class='ocrx_word' id='word_1_555' title='bbox 2494 1810 2674 1854; x_wconf 90' lang='lat' dir='ltr'><strong>essent</strong></span> <span class='ocrx_word' id='word_1_556' title='bbox 2695 1801 2909 1856; x_wconf 88' lang='lat' dir='ltr'><strong>coronis</strong></span> <span class='ocrx_word' id='word_1_557' title='bbox 2933 1841 2949 1866; x_wconf 92' lang='lat'><strong>,</strong></span> <span class='ocrx_word' id='word_1_558' title='bbox 2980 1800 3333 1857; x_wconf 84' lang='lat' dir='ltr'><strong>admiratione</strong></span> <span class='ocrx_word' id='word_1_559' title='bbox 3356 1811 3516 1873; x_wconf 90' lang='lat' dir='ltr'><strong>atque</strong></span> <span class='ocrx_word' id='word_1_560' title='bbox 3542 1802 3754 1858; x_wconf 88' lang='lat' dir='ltr'><strong>honore</strong></span> 
     </span>
    </p>
   </div>
   <div class='ocr_carea' id='block_1_79' title="bbox 2153 1889 3754 1962">
    <p class='ocr_par' dir='ltr' id='par_1_79' title="bbox 2153 1889 3754 1962">
     <span class='ocr_line' id='line_1_79' title="bbox 2153 1889 3754 1962; baseline 0.002 -18"><span class='ocrx_word' id='word_1_561' title='bbox 2153 1889 2317 1960; x_wconf 87' lang='lat' dir='ltr'><strong>digni,</strong></span> <span class='ocrx_word' id='word_1_562' title='bbox 2346 1890 2670 1960; x_wconf 85' lang='lat' dir='ltr'><strong>gravissimis</strong></span> <span class='ocrx_word' id='word_1_563' title='bbox 2704 1900 2861 1962; x_wconf 91' lang='lat' dir='ltr'><strong>atque</strong></span> <span class='ocrx_word' id='word_1_564' title='bbox 2896 1891 3369 1947; x_wconf 88' lang='lat' dir='ltr'><strong>innumerabilibus</strong></span> <span class='ocrx_word' id='word_1_565' title='bbox 3417 1893 3754 1948; x_wconf 88' lang='lat' dir='ltr'><strong>cruciatibus</strong></span> 
     </span>
    </p>
   </div>
   <div class='ocr_carea' id='block_1_80' title="bbox 2152 1983 3754 2055">
    <p class='ocr_par' dir='ltr' id='par_1_80' title="bbox 2152 1983 3754 2055">
     <span class='ocr_line' id='line_1_80' title="bbox 2152 1983 3754 2055; baseline 0.003 -20"><span class='ocrx_word' id='word_1_566' title='bbox 2152 1983 2521 2038; x_wconf 89' lang='lat' dir='ltr'><strong>al&#39;liciebantur</strong></span> <span class='ocrx_word' id='word_1_567' title='bbox 2545 2025 2559 2048; x_wconf 94' lang='lat'><strong>,</strong></span> <span class='ocrx_word' id='word_1_568' title='bbox 2602 1984 2768 2040; x_wconf 92' lang='lat' dir='ltr'><strong>multo</strong></span> <span class='ocrx_word' id='word_1_569' title='bbox 2800 1999 2926 2039; x_wconf 90' lang='lat' dir='ltr'><strong>vero</strong></span> <span class='ocrx_word' id='word_1_570' title='bbox 2953 1985 3120 2055; x_wconf 87' lang='lat' dir='ltr'><strong>magis</strong></span> <span class='ocrx_word' id='word_1_571' title='bbox 3148 1984 3507 2040; x_wconf 85' lang='lat' dir='ltr'><strong>Ecclesiarum</strong></span> <span class='ocrx_word' id='word_1_572' title='bbox 3533 1986 3754 2040; x_wconf 85' lang='lat' dir='ltr'><strong>antisti-</strong></span> 
     </span>
    </p>
   </div>
   <div class='ocr_carea' id='block_1_81' title="bbox 2156 2074 3757 2148">
    <p class='ocr_par' dir='ltr' id='par_1_81' title="bbox 2156 2074 3757 2148">
     <span class='ocr_line' id='line_1_81' title="bbox 2156 2074 3757 2148; baseline 0.002 -19"><span class='ocrx_word' id='word_1_573' title='bbox 2156 2085 2254 2130; x_wconf 86' lang='lat' dir='ltr'><strong>tes.</strong></span> <span class='ocrx_word' id='word_1_574' title='bbox 2287 2074 2544 2131; x_wconf 83' lang='lat' dir='ltr'><strong>Vcrsutus</strong></span> <span class='ocrx_word' id='word_1_575' title='bbox 2583 2075 2724 2130; x_wconf 91' lang='lat' dir='ltr'><strong>enim</strong></span> <span class='ocrx_word' id='word_1_576' title='bbox 2756 2075 3018 2144; x_wconf 87' lang='lat' dir='ltr'><strong>diabolus,</strong></span> <span class='ocrx_word' id='word_1_577' title='bbox 3061 2086 3115 2131; x_wconf 88' lang='lat' dir='ltr'><strong>et</strong></span> <span class='ocrx_word' id='word_1_578' title='bbox 3157 2076 3222 2130; x_wconf 89' lang='lat' dir='ltr'><strong>ad</strong></span> <span class='ocrx_word' id='word_1_579' title='bbox 3265 2075 3545 2139; x_wconf 85' lang='lat' dir='ltr'><strong>struendas</strong></span> <span class='ocrx_word' id='word_1_580' title='bbox 3593 2086 3757 2148; x_wconf 83' lang='lat' dir='ltr'><strong>aptus</strong></span> 
     </span>
    </p>
   </div>
   <div class='ocr_carea' id='block_1_82' title="bbox 2154 2168 3756 2240">
    <p class='ocr_par' dir='ltr' id='par_1_82' title="bbox 2154 2168 3756 2240">
     <span class='ocr_line' id='line_1_82' title="bbox 2154 2168 3756 2240; baseline 0.002 -18"><span class='ocrx_word' id='word_1_581' title='bbox 2154 2168 2394 2236; x_wconf 62' lang='lat' dir='ltr'><strong>insidias,</strong></span> <span class='ocrx_word' id='word_1_582' title='bbox 2427 2169 2692 2238; x_wconf 81' lang='lat' dir='ltr'><strong>Sperabat,</strong></span> <span class='ocrx_word' id='word_1_583' title='bbox 2716 2170 2758 2224; x_wconf 91' lang='lat' dir='ltr'><strong>si</strong></span> <span class='ocrx_word' id='word_1_584' title='bbox 2787 2179 3025 2240; x_wconf 89' lang='lat' dir='ltr'><strong>pastores</strong></span> <span class='ocrx_word' id='word_1_585' title='bbox 3050 2170 3370 2236; x_wconf 89' lang='lat' dir='ltr'><strong>sustulisset,</strong></span> <span class='ocrx_word' id='word_1_586' title='bbox 3397 2169 3553 2224; x_wconf 88' lang='lat' dir='ltr'><strong>ovilia</strong></span> <span class='ocrx_word' id='word_1_587' title='bbox 3585 2185 3648 2226; x_wconf 88' lang='lat' dir='ltr'><strong>se</strong></span> <span class='ocrx_word' id='word_1_588' title='bbox 3678 2171 3756 2225; x_wconf 82' lang='lat' dir='ltr'><strong>fa-</strong></span> 
     </span>
    </p>
   </div>
   <div class='ocr_carea' id='block_1_83' title="bbox 2153 2262 3752 2334">
    <p class='ocr_par' dir='ltr' id='par_1_83' title="bbox 2153 2262 3752 2334">
     <span class='ocr_line' id='line_1_83' title="bbox 2153 2262 3752 2334; baseline 0.001 -17"><span class='ocrx_word' id='word_1_589' title='bbox 2153 2262 2256 2317; x_wconf 89' lang='lat' dir='ltr'><strong>cile</strong></span> <span class='ocrx_word' id='word_1_590' title='bbox 2279 2262 2630 2333; x_wconf 90' lang='lat' dir='ltr'><strong>direpturum.</strong></span> <span class='ocrx_word' id='word_1_591' title='bbox 2655 2263 2760 2318; x_wconf 89' lang='lat' dir='ltr'><strong>Sed</strong></span> <span class='ocrx_word' id='word_1_592' title='bbox 2789 2263 2880 2334; x_wconf 75' lang='lat' dir='ltr'><strong>qui</strong></span> <span class='ocrx_word' id='word_1_593' title='bbox 2903 2263 3308 2334; x_wconf 89' lang='lat' dir='ltr'><strong>comprehendit</strong></span> <span class='ocrx_word' id='word_1_594' title='bbox 3334 2272 3538 2318; x_wconf 90' lang='lat' dir='ltr'><strong>astutos</strong></span> <span class='ocrx_word' id='word_1_595' title='bbox 3565 2264 3624 2318; x_wconf 90' lang='lat' dir='ltr'><strong>in</strong></span> <span class='ocrx_word' id='word_1_596' title='bbox 3654 2279 3752 2319; x_wconf 88' lang='lat' dir='ltr'><strong>eo-</strong></span> 
     </span>
    </p>
   </div>
   <div class='ocr_carea' id='block_1_84' title="bbox 2155 2355 3753 2422">
    <p class='ocr_par' dir='ltr' id='par_1_84' title="bbox 2155 2355 3753 2422">
     <span class='ocr_line' id='line_1_84' title="bbox 2155 2355 3753 2422; baseline 0 -12"><span class='ocrx_word' id='word_1_597' title='bbox 2155 2372 2273 2410; x_wconf 92' lang='lat' dir='ltr'><strong>rum</strong></span> <span class='ocrx_word' id='word_1_598' title='bbox 2311 2357 2502 2410; x_wconf 85' lang='lat' dir='ltr'><strong>astutia</strong></span> <span class='ocrx_word' id='word_1_599' title='bbox 2523 2399 2537 2422; x_wconf 94' lang='lat'><strong>,</strong></span> <span class='ocrx_word' id='word_1_600' title='bbox 2571 2356 2859 2412; x_wconf 90' lang='lat' dir='ltr'><strong>ostendens</strong></span> <span class='ocrx_word' id='word_1_601' title='bbox 2888 2355 3156 2412; x_wconf 89' lang='lat' dir='ltr'><strong>Ecelcsias</strong></span> <span class='ocrx_word' id='word_1_602' title='bbox 3181 2370 3306 2412; x_wconf 90' lang='lat' dir='ltr'><strong>suas</strong></span> <span class='ocrx_word' id='word_1_603' title='bbox 3334 2371 3443 2410; x_wconf 89' lang='lat' dir='ltr'><strong>non</strong></span> <span class='ocrx_word' id='word_1_604' title='bbox 3474 2356 3542 2412; x_wconf 90' lang='lat' dir='ltr'><strong>ab</strong></span> <span class='ocrx_word' id='word_1_605' title='bbox 3569 2355 3753 2410; x_wconf 87' lang='lat' dir='ltr'><strong>homi-</strong></span> 
     </span>
    </p>
   </div>
   <div class='ocr_carea' id='block_1_85' title="bbox 2154 2448 3754 2520">
    <p class='ocr_par' dir='ltr' id='par_1_85' title="bbox 2154 2448 3754 2520">
     <span class='ocr_line' id='line_1_85' title="bbox 2154 2448 3754 2520; baseline -0.001 -17"><span class='ocrx_word' id='word_1_606' title='bbox 2154 2449 2310 2503; x_wconf 89' lang='lat' dir='ltr'><strong>nibus</strong></span> <span class='ocrx_word' id='word_1_607' title='bbox 2334 2450 2639 2520; x_wconf 86' lang='lat' dir='ltr'><strong>gubernari,</strong></span> <span class='ocrx_word' id='word_1_608' title='bbox 2673 2449 2768 2504; x_wconf 91' lang='lat' dir='ltr'><strong>sed</strong></span> <span class='ocrx_word' id='word_1_609' title='bbox 2796 2465 2910 2517; x_wconf 91' lang='lat' dir='ltr'><strong>eos,</strong></span> <span class='ocrx_word' id='word_1_610' title='bbox 2941 2449 3030 2519; x_wconf 92' lang='lat' dir='ltr'><strong>qui</strong></span> <span class='ocrx_word' id='word_1_611' title='bbox 3054 2449 3106 2503; x_wconf 91' lang='lat' dir='ltr'><strong>in</strong></span> <span class='ocrx_word' id='word_1_612' title='bbox 3133 2449 3304 2519; x_wconf 91' lang='lat' dir='ltr'><strong>ipsum</strong></span> <span class='ocrx_word' id='word_1_613' title='bbox 3333 2448 3576 2515; x_wconf 91' lang='lat' dir='ltr'><strong>credunt,</strong></span> <span class='ocrx_word' id='word_1_614' title='bbox 3609 2463 3754 2504; x_wconf 85' lang='lat' dir='ltr'><strong>sem-</strong></span> 
     </span>
    </p>
   </div>
   <div class='ocr_carea' id='block_1_86' title="bbox 2155 2538 3750 2612">
    <p class='ocr_par' dir='ltr' id='par_1_86' title="bbox 2155 2538 3750 2612">
     <span class='ocr_line' id='line_1_86' title="bbox 2155 2538 3750 2612; baseline -0.001 -18"><span class='ocrx_word' id='word_1_615' title='bbox 2155 2556 2251 2610; x_wconf 91' lang='lat' dir='ltr'><strong>per</strong></span> <span class='ocrx_word' id='word_1_616' title='bbox 2279 2556 2310 2595; x_wconf 92' lang='lat' dir='ltr'><strong>a</strong></span> <span class='ocrx_word' id='word_1_617' title='bbox 2336 2555 2394 2595; x_wconf 90' lang='lat' dir='ltr'><strong>se</strong></span> <span class='ocrx_word' id='word_1_618' title='bbox 2423 2541 2550 2612; x_wconf 85' lang='lat' dir='ltr'><strong>regi,</strong></span> <span class='ocrx_word' id='word_1_619' title='bbox 2588 2541 2637 2595; x_wconf 93' lang='lat' dir='ltr'><strong>id</strong></span> <span class='ocrx_word' id='word_1_620' title='bbox 2670 2540 2783 2596; x_wconf 88' lang='lat' dir='ltr'><strong>ﬁeri</strong></span> <span class='ocrx_word' id='word_1_621' title='bbox 2815 2538 3175 2612; x_wconf 90' lang='lat' dir='ltr'><strong>permittebat,</strong></span> <span class='ocrx_word' id='word_1_622' title='bbox 3220 2548 3278 2594; x_wconf 89' lang='lat' dir='ltr'><strong>ut</strong></span> <span class='ocrx_word' id='word_1_623' title='bbox 3319 2555 3440 2594; x_wconf 86' lang='lat' dir='ltr'><strong>cum</strong></span> <span class='ocrx_word' id='word_1_624' title='bbox 3479 2548 3750 2603; x_wconf 88' lang='lat' dir='ltr'><strong>cerneret,</strong></span> 
     </span>
    </p>
   </div>
   <div class='ocr_carea' id='block_1_87' title="bbox 2156 2631 3748 2703">
    <p class='ocr_par' dir='ltr' id='par_1_87' title="bbox 2156 2631 3748 2703">
     <span class='ocr_line' id='line_1_87' title="bbox 2156 2631 3748 2703; baseline 0 -16"><span class='ocrx_word' id='word_1_625' title='bbox 2156 2633 2453 2687; x_wconf 91' lang='lat' dir='ltr'><strong>rectoribus</strong></span> <span class='ocrx_word' id='word_1_626' title='bbox 2480 2633 2724 2698; x_wconf 90' lang='lat' dir='ltr'><strong>sublatis,</strong></span> <span class='ocrx_word' id='word_1_627' title='bbox 2756 2648 2862 2688; x_wconf 89' lang='lat' dir='ltr'><strong>non</strong></span> <span class='ocrx_word' id='word_1_628' title='bbox 2903 2641 3082 2687; x_wconf 90' lang='lat' dir='ltr'><strong>tamen</strong></span> <span class='ocrx_word' id='word_1_629' title='bbox 3118 2631 3432 2703; x_wconf 81' lang='lat' dir='ltr'><strong>religionem</strong></span> <span class='ocrx_word' id='word_1_630' title='bbox 3481 2633 3748 2699; x_wconf 88' lang='lat' dir='ltr'><strong>imminui,</strong></span> 
     </span>
    </p>
   </div>
   <div class='ocr_carea' id='block_1_88' title="bbox 2155 2722 3750 2794">
    <p class='ocr_par' dir='ltr' id='par_1_88' title="bbox 2155 2722 3750 2794">
     <span class='ocr_line' id='line_1_88' title="bbox 2155 2722 3750 2794; baseline 0.002 -18"><span class='ocrx_word' id='word_1_631' title='bbox 2155 2738 2256 2778; x_wconf 89' lang='lat' dir='ltr'><strong>nec</strong></span> <span class='ocrx_word' id='word_1_632' title='bbox 2283 2724 2518 2778; x_wconf 81' lang='lat' dir='ltr'><strong>veritatis</strong></span> <span class='ocrx_word' id='word_1_633' title='bbox 2547 2724 2979 2794; x_wconf 67' lang='lat' dir='ltr'><strong>praedicationem</strong></span> <span class='ocrx_word' id='word_1_634' title='bbox 3007 2723 3292 2794; x_wconf 82' lang='lat' dir='ltr'><strong>exstingui,</strong></span> <span class='ocrx_word' id='word_1_635' title='bbox 3325 2722 3419 2778; x_wconf 90' lang='lat' dir='ltr'><strong>sed</strong></span> <span class='ocrx_word' id='word_1_636' title='bbox 3445 2724 3624 2793; x_wconf 84' lang='lat' dir='ltr'><strong>potius</strong></span> <span class='ocrx_word' id='word_1_637' title='bbox 3649 2740 3750 2779; x_wconf 82' lang='lat' dir='ltr'><strong>au-</strong></span> 
     </span>
    </p>
   </div>
   <div class='ocr_carea' id='block_1_89' title="bbox 2156 2813 3748 2886">
    <p class='ocr_par' dir='ltr' id='par_1_89' title="bbox 2156 2813 3748 2886">
     <span class='ocr_line' id='line_1_89' title="bbox 2156 2813 3748 2886; baseline 0.002 -18"><span class='ocrx_word' id='word_1_638' title='bbox 2156 2813 2290 2886; x_wconf 86' lang='lat' dir='ltr'><strong>geri,</strong></span> <span class='ocrx_word' id='word_1_639' title='bbox 2319 2831 2389 2870; x_wconf 84' lang='lat' dir='ltr'><strong>ex</strong></span> <span class='ocrx_word' id='word_1_640' title='bbox 2421 2815 2582 2870; x_wconf 87' lang='lat' dir='ltr'><strong>rebus</strong></span> <span class='ocrx_word' id='word_1_641' title='bbox 2620 2815 2748 2885; x_wconf 90' lang='lat' dir='ltr'><strong>ipsis</strong></span> <span class='ocrx_word' id='word_1_642' title='bbox 2788 2823 2844 2870; x_wconf 92' lang='lat' dir='ltr'><strong>et</strong></span> <span class='ocrx_word' id='word_1_643' title='bbox 2888 2815 3019 2884; x_wconf 88' lang='lat' dir='ltr'><strong>ipse,</strong></span> <span class='ocrx_word' id='word_1_644' title='bbox 3047 2821 3103 2869; x_wconf 90' lang='lat' dir='ltr'><strong>et</strong></span> <span class='ocrx_word' id='word_1_645' title='bbox 3141 2815 3231 2884; x_wconf 91' lang='lat' dir='ltr'><strong>qui</strong></span> <span class='ocrx_word' id='word_1_646' title='bbox 3271 2814 3320 2869; x_wconf 90' lang='lat' dir='ltr'><strong>ei</strong></span> <span class='ocrx_word' id='word_1_647' title='bbox 3363 2815 3748 2883; x_wconf 80' lang='lat' dir='ltr'><strong>inserviebam,</strong></span> 
     </span>
    </p>
   </div>
   <div class='ocr_carea' id='block_1_90' title="bbox 2155 2905 3748 2976">
    <p class='ocr_par' dir='ltr' id='par_1_90' title="bbox 2155 2905 3748 2976">
     <span class='ocr_line' id='line_1_90' title="bbox 2155 2905 3748 2976; baseline 0.001 -16"><span class='ocrx_word' id='word_1_648' title='bbox 2155 2918 2343 2960; x_wconf 90' lang='lat' dir='ltr'><strong>omnes</strong></span> <span class='ocrx_word' id='word_1_649' title='bbox 2389 2906 2787 2976; x_wconf 89' lang='lat' dir='ltr'><strong>intelligerent,</strong></span> <span class='ocrx_word' id='word_1_650' title='bbox 2829 2905 3250 2961; x_wconf 90' lang='lat' dir='ltr'><strong>Christianorum</strong></span> <span class='ocrx_word' id='word_1_651' title='bbox 3281 2905 3616 2975; x_wconf 90' lang='lat' dir='ltr'><strong>disciplinam</strong></span> <span class='ocrx_word' id='word_1_652' title='bbox 3644 2922 3748 2961; x_wconf 88' lang='lat' dir='ltr'><strong>non</strong></span> 
     </span>
    </p>
   </div>
   <div class='ocr_carea' id='block_1_91' title="bbox 2155 2997 3745 3068">
    <p class='ocr_par' dir='ltr' id='par_1_91' title="bbox 2155 2997 3745 3068">
     <span class='ocr_line' id='line_1_91' title="bbox 2155 2997 3745 3068; baseline 0.001 -17"><span class='ocrx_word' id='word_1_653' title='bbox 2155 2997 2223 3052; x_wconf 87' lang='lat' dir='ltr'><strong>ab</strong></span> <span class='ocrx_word' id='word_1_654' title='bbox 2257 2997 2561 3052; x_wconf 90' lang='lat' dir='ltr'><strong>hominibus</strong></span> <span class='ocrx_word' id='word_1_655' title='bbox 2602 2998 2853 3068; x_wconf 90' lang='lat' dir='ltr'><strong>pendere,</strong></span> <span class='ocrx_word' id='word_1_656' title='bbox 2901 2997 2996 3052; x_wconf 87' lang='lat' dir='ltr'><strong>sed</strong></span> <span class='ocrx_word' id='word_1_657' title='bbox 3033 2999 3087 3052; x_wconf 88' lang='lat' dir='ltr'><strong>in</strong></span> <span class='ocrx_word' id='word_1_658' title='bbox 3131 2997 3278 3053; x_wconf 63' lang='lat' dir='ltr'><strong>caelis</strong></span> <span class='ocrx_word' id='word_1_659' title='bbox 3314 2997 3523 3053; x_wconf 87' lang='lat' dir='ltr'><strong>radices</strong></span> <span class='ocrx_word' id='word_1_660' title='bbox 3565 3013 3745 3068; x_wconf 77' lang='lat' dir='ltr'><strong>agere,</strong></span> 
     </span>
    </p>
   </div>
   <div class='ocr_carea' id='block_1_92' title="bbox 2157 3089 3745 3161">
    <p class='ocr_par' dir='ltr' id='par_1_92' title="bbox 2157 3089 3745 3161">
     <span class='ocr_line' id='line_1_92' title="bbox 2157 3089 3745 3161; baseline -0.001 -16"><span class='ocrx_word' id='word_1_661' title='bbox 2157 3090 2428 3161; x_wconf 90' lang='lat' dir='ltr'><strong>Deumque</strong></span> <span class='ocrx_word' id='word_1_662' title='bbox 2453 3105 2592 3158; x_wconf 90' lang='lat' dir='ltr'><strong>esse,</strong></span> <span class='ocrx_word' id='word_1_663' title='bbox 2621 3091 2710 3161; x_wconf 92' lang='lat' dir='ltr'><strong>qui</strong></span> <span class='ocrx_word' id='word_1_664' title='bbox 2751 3089 2948 3160; x_wconf 91' lang='lat' dir='ltr'><strong>ubique</strong></span> <span class='ocrx_word' id='word_1_665' title='bbox 2989 3089 3255 3145; x_wconf 80' lang='lat' dir='ltr'><strong>Ecclesias</strong></span> <span class='ocrx_word' id='word_1_666' title='bbox 3287 3097 3543 3156; x_wconf 87' lang='lat' dir='ltr'><strong>tueretur,</strong></span> <span class='ocrx_word' id='word_1_667' title='bbox 3575 3100 3632 3145; x_wconf 93' lang='lat' dir='ltr'><strong>et</strong></span> <span class='ocrx_word' id='word_1_668' title='bbox 3658 3092 3745 3160; x_wconf 91' lang='lat' dir='ltr'><strong>qui</strong></span> 
     </span>
    </p>
   </div>
   <div class='ocr_carea' id='block_1_93' title="bbox 2155 3179 3752 3250">
    <p class='ocr_par' dir='ltr' id='par_1_93' title="bbox 2155 3179 3752 3250">
     <span class='ocr_line' id='line_1_93' title="bbox 2155 3179 3752 3250; baseline -0.002 -13"><span class='ocrx_word' id='word_1_669' title='bbox 2155 3196 2275 3237; x_wconf 90' lang='lat' dir='ltr'><strong>cum</strong></span> <span class='ocrx_word' id='word_1_670' title='bbox 2310 3182 2416 3236; x_wconf 90' lang='lat' dir='ltr'><strong>Deo</strong></span> <span class='ocrx_word' id='word_1_671' title='bbox 2446 3180 2644 3236; x_wconf 91' lang='lat' dir='ltr'><strong>bellum</strong></span> <span class='ocrx_word' id='word_1_672' title='bbox 2668 3187 2940 3250; x_wconf 87' lang='lat' dir='ltr'><strong>gererent,</strong></span> <span class='ocrx_word' id='word_1_673' title='bbox 2974 3195 3262 3249; x_wconf 91' lang='lat' dir='ltr'><strong>numquam</strong></span> <span class='ocrx_word' id='word_1_674' title='bbox 3292 3194 3448 3250; x_wconf 90' lang='lat' dir='ltr'><strong>posse</strong></span> <span class='ocrx_word' id='word_1_675' title='bbox 3471 3179 3752 3235; x_wconf 88' lang='lat' dir='ltr'><strong>discedere</strong></span> 
     </span>
    </p>
   </div>
   <div class='ocr_carea' id='block_1_94' title="bbox 2155 3271 3751 3344">
    <p class='ocr_par' dir='ltr' id='par_1_94' title="bbox 2155 3271 3751 3344">
     <span class='ocr_line' id='line_1_94' title="bbox 2155 3271 3751 3344; baseline -0.001 -15"><span class='ocrx_word' id='word_1_676' title='bbox 2155 3274 2480 3344; x_wconf 88' lang='lat' dir='ltr'><strong>superiores.</strong></span> <span class='ocrx_word' id='word_1_677' title='bbox 2533 3272 2717 3343; x_wconf 89' lang='lat' dir='ltr'><strong>Neque</strong></span> <span class='ocrx_word' id='word_1_678' title='bbox 2740 3287 2867 3328; x_wconf 92' lang='lat' dir='ltr'><strong>vero</strong></span> <span class='ocrx_word' id='word_1_679' title='bbox 2897 3272 2946 3327; x_wconf 88' lang='lat' dir='ltr'><strong>id</strong></span> <span class='ocrx_word' id='word_1_680' title='bbox 2974 3272 3147 3327; x_wconf 89' lang='lat' dir='ltr'><strong>solum</strong></span> <span class='ocrx_word' id='word_1_681' title='bbox 3176 3271 3419 3327; x_wconf 83' lang='lat' dir='ltr'><strong>diabolus</strong></span> <span class='ocrx_word' id='word_1_682' title='bbox 3437 3314 3453 3339; x_wconf 93' lang='lat'><strong>,</strong></span> <span class='ocrx_word' id='word_1_683' title='bbox 3483 3273 3577 3327; x_wconf 91' lang='lat' dir='ltr'><strong>sed</strong></span> <span class='ocrx_word' id='word_1_684' title='bbox 3603 3272 3751 3327; x_wconf 89' lang='lat' dir='ltr'><strong>aliud</strong></span> 
     </span>
    </p>
   </div>
   <div class='ocr_carea' id='block_1_95' title="bbox 2156 3363 3749 3436">
    <p class='ocr_par' dir='ltr' id='par_1_95' title="bbox 2156 3363 3749 3436">
     <span class='ocr_line' id='line_1_95' title="bbox 2156 3363 3749 3436; baseline -0.003 -15"><span class='ocrx_word' id='word_1_685' title='bbox 2156 3383 2262 3421; x_wconf 91' lang='lat' dir='ltr'><strong>non</strong></span> <span class='ocrx_word' id='word_1_686' title='bbox 2291 3365 2466 3420; x_wconf 90' lang='lat' dir='ltr'><strong>minus</strong></span> <span class='ocrx_word' id='word_1_687' title='bbox 2491 3379 2650 3436; x_wconf 87' lang='lat' dir='ltr'><strong>grave</strong></span> <span class='ocrx_word' id='word_1_688' title='bbox 2672 3363 3096 3420; x_wconf 88' lang='lat' dir='ltr'><strong>maehinabatur.</strong></span> <span class='ocrx_word' id='word_1_689' title='bbox 3125 3363 3238 3419; x_wconf 87' lang='lat' dir='ltr'><strong>Non</strong></span> <span class='ocrx_word' id='word_1_690' title='bbox 3260 3363 3401 3418; x_wconf 91' lang='lat' dir='ltr'><strong>enim</strong></span> <span class='ocrx_word' id='word_1_691' title='bbox 3429 3364 3479 3417; x_wconf 92' lang='lat' dir='ltr'><strong>in</strong></span> <span class='ocrx_word' id='word_1_692' title='bbox 3506 3363 3749 3430; x_wconf 83' lang='lat' dir='ltr'><strong>urbibus,</strong></span> 
     </span>
    </p>
   </div>
   <div class='ocr_carea' id='block_1_96' title="bbox 2155 3455 3751 3529">
    <p class='ocr_par' dir='ltr' id='par_1_96' title="bbox 2155 3455 3751 3529">
     <span class='ocr_line' id='line_1_96' title="bbox 2155 3455 3751 3529; baseline -0.001 -17"><span class='ocrx_word' id='word_1_693' title='bbox 2155 3457 2349 3529; x_wconf 92' lang='lat' dir='ltr'><strong>quibus</strong></span> <span class='ocrx_word' id='word_1_694' title='bbox 2395 3465 2690 3527; x_wconf 65' lang='lat' dir='ltr'><strong>praeerant,</strong></span> <span class='ocrx_word' id='word_1_695' title='bbox 2737 3456 2990 3511; x_wconf 84' lang='lat' dir='ltr'><strong>trucidari</strong></span> <span class='ocrx_word' id='word_1_696' title='bbox 3033 3456 3315 3527; x_wconf 88' lang='lat' dir='ltr'><strong>episcopos</strong></span> <span class='ocrx_word' id='word_1_697' title='bbox 3358 3455 3610 3522; x_wconf 87' lang='lat' dir='ltr'><strong>sinebat;</strong></span> <span class='ocrx_word' id='word_1_698' title='bbox 3657 3456 3751 3510; x_wconf 91' lang='lat' dir='ltr'><strong>sed</strong></span> 
     </span>
    </p>
   </div>
   <div class='ocr_carea' id='block_1_97' title="bbox 2155 3547 3752 3619">
    <p class='ocr_par' dir='ltr' id='par_1_97' title="bbox 2155 3547 3752 3619">
     <span class='ocr_line' id='line_1_97' title="bbox 2155 3547 3752 3619; baseline -0.001 -15"><span class='ocrx_word' id='word_1_699' title='bbox 2155 3563 2372 3619; x_wconf 86' lang='lat' dir='ltr'><strong>operam</strong></span> <span class='ocrx_word' id='word_1_700' title='bbox 2419 3547 2606 3612; x_wconf 90' lang='lat' dir='ltr'><strong>dabat,</strong></span> <span class='ocrx_word' id='word_1_701' title='bbox 2653 3555 2710 3602; x_wconf 91' lang='lat' dir='ltr'><strong>ut</strong></span> <span class='ocrx_word' id='word_1_702' title='bbox 2751 3547 2804 3602; x_wconf 92' lang='lat' dir='ltr'><strong>in</strong></span> <span class='ocrx_word' id='word_1_703' title='bbox 2844 3557 3094 3603; x_wconf 82' lang='lat' dir='ltr'><strong>externas</strong></span> <span class='ocrx_word' id='word_1_704' title='bbox 3137 3547 3380 3602; x_wconf 87' lang='lat' dir='ltr'><strong>civitates</strong></span> <span class='ocrx_word' id='word_1_705' title='bbox 3425 3547 3680 3602; x_wconf 87' lang='lat' dir='ltr'><strong>abstracti</strong></span> <span class='ocrx_word' id='word_1_706' title='bbox 3721 3563 3752 3603; x_wconf 92' lang='lat' dir='ltr'><strong>e</strong></span> 
     </span>
    </p>
   </div>
   <div class='ocr_carea' id='block_1_98' title="bbox 2156 3639 3753 3711">
    <p class='ocr_par' dir='ltr' id='par_1_98' title="bbox 2156 3639 3753 3711">
     <span class='ocr_line' id='line_1_98' title="bbox 2156 3639 3753 3711; baseline -0.003 -13"><span class='ocrx_word' id='word_1_707' title='bbox 2156 3643 2332 3698; x_wconf 90' lang='lat' dir='ltr'><strong>medio</strong></span> <span class='ocrx_word' id='word_1_708' title='bbox 2362 3643 2690 3698; x_wconf 90' lang='lat' dir='ltr'><strong>tollerentur.</strong></span> <span class='ocrx_word' id='word_1_709' title='bbox 2725 3641 2778 3696; x_wconf 92' lang='lat' dir='ltr'><strong>ld</strong></span> <span class='ocrx_word' id='word_1_710' title='bbox 2805 3651 2980 3696; x_wconf 91' lang='lat' dir='ltr'><strong>autem</strong></span> <span class='ocrx_word' id='word_1_711' title='bbox 3007 3639 3234 3711; x_wconf 90' lang='lat' dir='ltr'><strong>agebat,</strong></span> <span class='ocrx_word' id='word_1_712' title='bbox 3274 3639 3432 3695; x_wconf 87' lang='lat' dir='ltr'><strong>simul</strong></span> <span class='ocrx_word' id='word_1_713' title='bbox 3462 3648 3518 3694; x_wconf 93' lang='lat' dir='ltr'><strong>ut</strong></span> <span class='ocrx_word' id='word_1_714' title='bbox 3558 3654 3753 3695; x_wconf 39' lang='lat' dir='ltr'><strong>neces‘</strong></span> 
     </span>
    </p>
   </div>
   <div class='ocr_carea' id='block_1_99' title="bbox 2156 3732 3750 3804">
    <p class='ocr_par' dir='ltr' id='par_1_99' title="bbox 2156 3732 3750 3804">
     <span class='ocr_line' id='line_1_99' title="bbox 2156 3732 3750 3804; baseline -0.001 -17"><span class='ocrx_word' id='word_1_715' title='bbox 2156 3735 2310 3788; x_wconf 91' lang='lat' dir='ltr'><strong>sariis</strong></span> <span class='ocrx_word' id='word_1_716' title='bbox 2338 3735 2495 3789; x_wconf 92' lang='lat' dir='ltr'><strong>rebus</strong></span> <span class='ocrx_word' id='word_1_717' title='bbox 2522 3732 2897 3804; x_wconf 81' lang='lat' dir='ltr'><strong>Spoliarentur,</strong></span> <span class='ocrx_word' id='word_1_718' title='bbox 2922 3732 3078 3787; x_wconf 90' lang='lat' dir='ltr'><strong>simul</strong></span> <span class='ocrx_word' id='word_1_719' title='bbox 3105 3741 3162 3787; x_wconf 93' lang='lat' dir='ltr'><strong>ut</strong></span> <span class='ocrx_word' id='word_1_720' title='bbox 3189 3733 3398 3788; x_wconf 90' lang='lat' dir='ltr'><strong>itineris</strong></span> <span class='ocrx_word' id='word_1_721' title='bbox 3417 3733 3599 3788; x_wconf 88' lang='lat' dir='ltr'><strong>labore</strong></span> <span class='ocrx_word' id='word_1_722' title='bbox 3620 3748 3750 3787; x_wconf 92' lang='lat' dir='ltr'><strong>con-</strong></span> 
     </span>
    </p>
   </div>
   <div class='ocr_carea' id='block_1_100' title="bbox 2156 3824 3748 3896">
    <p class='ocr_par' dir='ltr' id='par_1_100' title="bbox 2156 3824 3748 3896">
     <span class='ocr_line' id='line_1_100' title="bbox 2156 3824 3748 3896; baseline -0.002 -16"><span class='ocrx_word' id='word_1_723' title='bbox 2156 3825 2280 3881; x_wconf 86' lang='lat' dir='ltr'><strong>fecti</strong></span> <span class='ocrx_word' id='word_1_724' title='bbox 2329 3825 2684 3881; x_wconf 88' lang='lat' dir='ltr'><strong>redderentur</strong></span> <span class='ocrx_word' id='word_1_725' title='bbox 2727 3825 3101 3881; x_wconf 77' lang='lat' dir='ltr'><strong>imbecilliores</strong></span> <span class='ocrx_word' id='word_1_726' title='bbox 3130 3841 3144 3879; x_wconf 90' lang='lat'><strong>:</strong></span> <span class='ocrx_word' id='word_1_727' title='bbox 3173 3825 3316 3896; x_wconf 92' lang='lat' dir='ltr'><strong>quod</strong></span> <span class='ocrx_word' id='word_1_728' title='bbox 3357 3826 3409 3879; x_wconf 91' lang='lat' dir='ltr'><strong>in</strong></span> <span class='ocrx_word' id='word_1_729' title='bbox 3447 3824 3550 3880; x_wconf 85' lang='lat' dir='ltr'><strong>hoc</strong></span> <span class='ocrx_word' id='word_1_730' title='bbox 3588 3826 3748 3880; x_wconf 88' lang='lat' dir='ltr'><strong>etiam</strong></span> 
     </span>
    </p>
   </div>
   <div class='ocr_carea' id='block_1_101' title="bbox 2157 3916 3747 3972">
    <p class='ocr_par' dir='ltr' id='par_1_101' title="bbox 2157 3916 3747 3972">
     <span class='ocr_line' id='line_1_101' title="bbox 2157 3916 3747 3972; baseline -0.001 0"><span class='ocrx_word' id='word_1_731' title='bbox 2157 3917 2315 3972; x_wconf 85' lang='lat' dir='ltr'><strong>beato</strong></span> <span class='ocrx_word' id='word_1_732' title='bbox 2342 3918 2455 3971; x_wconf 91' lang='lat' dir='ltr'><strong>viro</strong></span> <span class='ocrx_word' id='word_1_733' title='bbox 2485 3917 2627 3972; x_wconf 81' lang='lat' dir='ltr'><strong>fecit.</strong></span> <span class='ocrx_word' id='word_1_734' title='bbox 2671 3917 2746 3970; x_wconf 82' lang='lat' dir='ltr'><strong>Ex</strong></span> <span class='ocrx_word' id='word_1_735' title='bbox 2780 3925 2960 3971; x_wconf 85' lang='lat' dir='ltr'><strong>nostra</strong></span> <span class='ocrx_word' id='word_1_736' title='bbox 2989 3917 3133 3971; x_wconf 90' lang='lat' dir='ltr'><strong>enim</strong></span> <span class='ocrx_word' id='word_1_737' title='bbox 3159 3917 3372 3971; x_wconf 88' lang='lat' dir='ltr'><strong>civitate</strong></span> <span class='ocrx_word' id='word_1_738' title='bbox 3395 3916 3622 3971; x_wconf 84' lang='lat' dir='ltr'><strong>Romam</strong></span> <span class='ocrx_word' id='word_1_739' title='bbox 3653 3917 3747 3970; x_wconf 90' lang='lat' dir='ltr'><strong>ab-</strong></span> 
     </span>
    </p>
   </div>
   <div class='ocr_carea' id='block_1_102' title="bbox 2157 4007 3746 4086">
    <p class='ocr_par' dir='ltr' id='par_1_102' title="bbox 2157 4007 3746 4086">
     <span class='ocr_line' id='line_1_102' title="bbox 2157 4007 3746 4086; baseline -0.001 -23"><span class='ocrx_word' id='word_1_740' title='bbox 2157 4008 2455 4063; x_wconf 91' lang='lat' dir='ltr'><strong>ducendum</strong></span> <span class='ocrx_word' id='word_1_741' title='bbox 2482 4010 2724 4086; x_wconf 33' lang='lat' dir='ltr'><strong>curavit,’</strong></span> <span class='ocrx_word' id='word_1_742' title='bbox 2743 4008 2980 4079; x_wconf 86' lang='lat' dir='ltr'><strong>longiora</strong></span> <span class='ocrx_word' id='word_1_743' title='bbox 3009 4007 3107 4078; x_wconf 87' lang='lat' dir='ltr'><strong>ipsi</strong></span> <span class='ocrx_word' id='word_1_744' title='bbox 3134 4022 3322 4062; x_wconf 90' lang='lat' dir='ltr'><strong>cursus</strong></span> <span class='ocrx_word' id='word_1_745' title='bbox 3351 4008 3521 4077; x_wconf 79' lang='lat' dir='ltr'><strong>Spatia</strong></span> <span class='ocrx_word' id='word_1_746' title='bbox 3548 4021 3746 4078; x_wconf 86' lang='lat' dir='ltr'><strong>propo-</strong></span> 
     </span>
    </p>
   </div>
   <div class='ocr_carea' id='block_1_103' title="bbox 2159 4098 3751 4170">
    <p class='ocr_par' dir='ltr' id='par_1_103' title="bbox 2159 4098 3751 4170">
     <span class='ocr_line' id='line_1_103' title="bbox 2159 4098 3751 4170; baseline -0.001 -16"><span class='ocrx_word' id='word_1_747' title='bbox 2159 4114 2311 4165; x_wconf 86' lang='lat' dir='ltr'><strong>nens,</strong></span> <span class='ocrx_word' id='word_1_748' title='bbox 2346 4110 2401 4153; x_wconf 94' lang='lat' dir='ltr'><strong>ut</strong></span> <span class='ocrx_word' id='word_1_749' title='bbox 2429 4108 2483 4153; x_wconf 92' lang='lat' dir='ltr'><strong>et</strong></span> <span class='ocrx_word' id='word_1_750' title='bbox 2524 4099 2731 4153; x_wconf 87' lang='lat' dir='ltr'><strong>itineris</strong></span> <span class='ocrx_word' id='word_1_751' title='bbox 2763 4107 2817 4154; x_wconf 92' lang='lat' dir='ltr'><strong>et</strong></span> <span class='ocrx_word' id='word_1_752' title='bbox 2847 4100 3104 4170; x_wconf 90' lang='lat' dir='ltr'><strong>temporis</strong></span> <span class='ocrx_word' id='word_1_753' title='bbox 3136 4098 3464 4169; x_wconf 84' lang='lat' dir='ltr'><strong>longitudine</strong></span> <span class='ocrx_word' id='word_1_754' title='bbox 3491 4099 3590 4153; x_wconf 89' lang='lat' dir='ltr'><strong>viri</strong></span> <span class='ocrx_word' id='word_1_755' title='bbox 3620 4114 3751 4154; x_wconf 87' lang='lat' dir='ltr'><strong>con-</strong></span> 
     </span>
    </p>
   </div>
   <div class='ocr_carea' id='block_1_104' title="bbox 2158 4189 3750 4261">
    <p class='ocr_par' dir='ltr' id='par_1_104' title="bbox 2158 4189 3750 4261">
     <span class='ocr_line' id='line_1_104' title="bbox 2158 4189 3750 4261; baseline -0.003 -15"><span class='ocrx_word' id='word_1_756' title='bbox 2158 4191 2406 4246; x_wconf 86' lang='lat' dir='ltr'><strong>stantiam</strong></span> <span class='ocrx_word' id='word_1_757' title='bbox 2438 4191 2801 4258; x_wconf 87' lang='lat' dir='ltr'><strong>labefactaret,</strong></span> <span class='ocrx_word' id='word_1_758' title='bbox 2830 4191 3044 4261; x_wconf 83' lang='lat' dir='ltr'><strong>ignarus</strong></span> <span class='ocrx_word' id='word_1_759' title='bbox 3071 4189 3214 4260; x_wconf 92' lang='lat' dir='ltr'><strong>quod</strong></span> <span class='ocrx_word' id='word_1_760' title='bbox 3234 4231 3250 4256; x_wconf 98' lang='lat'><strong>,</strong></span> <span class='ocrx_word' id='word_1_761' title='bbox 3279 4189 3517 4244; x_wconf 89' lang='lat' dir='ltr'><strong>sodalem</strong></span> <span class='ocrx_word' id='word_1_762' title='bbox 3546 4189 3750 4246; x_wconf 87' lang='lat' dir='ltr'><strong>habens</strong></span> 
     </span>
    </p>
   </div>
   <div class='ocr_carea' id='block_1_105' title="bbox 2157 4279 3749 4347">
    <p class='ocr_par' dir='ltr' id='par_1_105' title="bbox 2157 4279 3749 4347">
     <span class='ocr_line' id='line_1_105' title="bbox 2157 4279 3749 4347; baseline -0.003 -10"><span class='ocrx_word' id='word_1_763' title='bbox 2157 4282 2337 4338; x_wconf 83' lang='lat' dir='ltr'><strong>Jesum</strong></span> <span class='ocrx_word' id='word_1_764' title='bbox 2369 4291 2423 4338; x_wconf 89' lang='lat' dir='ltr'><strong>et</strong></span> <span class='ocrx_word' id='word_1_765' title='bbox 2451 4284 2577 4338; x_wconf 89' lang='lat' dir='ltr'><strong>tanti</strong></span> <span class='ocrx_word' id='word_1_766' title='bbox 2609 4283 2815 4338; x_wconf 89' lang='lat' dir='ltr'><strong>itineris</strong></span> <span class='ocrx_word' id='word_1_767' title='bbox 2838 4282 3110 4346; x_wconf 89' lang='lat' dir='ltr'><strong>comitem,</strong></span> <span class='ocrx_word' id='word_1_768' title='bbox 3135 4280 3303 4335; x_wconf 91' lang='lat' dir='ltr'><strong>multo</strong></span> <span class='ocrx_word' id='word_1_769' title='bbox 3319 4279 3543 4335; x_wconf 88' lang='lat' dir='ltr'><strong>validior</strong></span> <span class='ocrx_word' id='word_1_770' title='bbox 3570 4280 3749 4347; x_wconf 87' lang='lat' dir='ltr'><strong>ﬁebat,</strong></span> 
     </span>
    </p>
   </div>
   <div class='ocr_carea' id='block_1_106' title="bbox 2157 4373 3752 4446">
    <p class='ocr_par' dir='ltr' id='par_1_106' title="bbox 2157 4373 3752 4446">
     <span class='ocr_line' id='line_1_106' title="bbox 2157 4373 3752 4446; baseline -0.003 -15"><span class='ocrx_word' id='word_1_771' title='bbox 2157 4385 2212 4431; x_wconf 91' lang='lat' dir='ltr'><strong>et</strong></span> <span class='ocrx_word' id='word_1_772' title='bbox 2233 4377 2460 4442; x_wconf 86' lang='lat' dir='ltr'><strong>virtutis,</strong></span> <span class='ocrx_word' id='word_1_773' title='bbox 2489 4391 2608 4446; x_wconf 71' lang='lat' dir='ltr'><strong>quae</strong></span> <span class='ocrx_word' id='word_1_774' title='bbox 2633 4391 2814 4430; x_wconf 89' lang='lat' dir='ltr'><strong>secum</strong></span> <span class='ocrx_word' id='word_1_775' title='bbox 2841 4382 3003 4441; x_wconf 87' lang='lat' dir='ltr'><strong>esset,</strong></span> <span class='ocrx_word' id='word_1_776' title='bbox 3027 4373 3198 4444; x_wconf 89' lang='lat' dir='ltr'><strong>majus</strong></span> <span class='ocrx_word' id='word_1_777' title='bbox 3221 4383 3595 4443; x_wconf 90' lang='lat' dir='ltr'><strong>argumentum</strong></span> <span class='ocrx_word' id='word_1_778' title='bbox 3618 4389 3752 4442; x_wconf 67' lang='lat' dir='ltr'><strong>prte-</strong></span> 
     </span>
    </p>
   </div>
   <div class='ocr_carea' id='block_1_107' title="bbox 2159 4463 3751 4536">
    <p class='ocr_par' dir='ltr' id='par_1_107' title="bbox 2159 4463 3751 4536">
     <span class='ocr_line' id='line_1_107' title="bbox 2159 4463 3751 4536; baseline -0.002 -15"><span class='ocrx_word' id='word_1_779' title='bbox 2159 4465 2340 4534; x_wconf 86' lang='lat' dir='ltr'><strong>bebat,</strong></span> <span class='ocrx_word' id='word_1_780' title='bbox 2361 4476 2412 4522; x_wconf 92' lang='lat' dir='ltr'><strong>et</strong></span> <span class='ocrx_word' id='word_1_781' title='bbox 2443 4466 2712 4521; x_wconf 87' lang='lat' dir='ltr'><strong>Ecclesias</strong></span> <span class='ocrx_word' id='word_1_782' title='bbox 2741 4466 2908 4536; x_wconf 85' lang='lat' dir='ltr'><strong>magis</strong></span> <span class='ocrx_word' id='word_1_783' title='bbox 2931 4463 3302 4520; x_wconf 88' lang='lat' dir='ltr'><strong>conﬁrmabat.</strong></span> <span class='ocrx_word' id='word_1_784' title='bbox 3326 4463 3582 4520; x_wconf 87' lang='lat' dir='ltr'><strong>Civitates</strong></span> <span class='ocrx_word' id='word_1_785' title='bbox 3608 4465 3751 4518; x_wconf 90' lang='lat' dir='ltr'><strong>enim</strong></span> 
     </span>
    </p>
   </div>
   <div class='ocr_carea' id='block_1_108' title="bbox 2159 4557 3749 4628">
    <p class='ocr_par' dir='ltr' id='par_1_108' title="bbox 2159 4557 3749 4628">
     <span class='ocr_line' id='line_1_108' title="bbox 2159 4557 3749 4628; baseline -0.002 -16"><span class='ocrx_word' id='word_1_786' title='bbox 2159 4575 2278 4628; x_wconf 83' lang='lat' dir='ltr'><strong>quae</strong></span> <span class='ocrx_word' id='word_1_787' title='bbox 2321 4559 2374 4613; x_wconf 91' lang='lat' dir='ltr'><strong>in</strong></span> <span class='ocrx_word' id='word_1_788' title='bbox 2409 4573 2470 4614; x_wconf 87' lang='lat' dir='ltr'><strong>ea</strong></span> <span class='ocrx_word' id='word_1_789' title='bbox 2500 4559 2582 4612; x_wconf 91' lang='lat' dir='ltr'><strong>via</strong></span> <span class='ocrx_word' id='word_1_790' title='bbox 2619 4568 2790 4624; x_wconf 90' lang='lat' dir='ltr'><strong>erant,</strong></span> <span class='ocrx_word' id='word_1_791' title='bbox 2823 4558 3058 4625; x_wconf 89' lang='lat' dir='ltr'><strong>undique</strong></span> <span class='ocrx_word' id='word_1_792' title='bbox 3080 4567 3480 4622; x_wconf 80' lang='lat' dir='ltr'><strong>conCurrcntes,</strong></span> <span class='ocrx_word' id='word_1_793' title='bbox 3515 4557 3749 4626; x_wconf 83' lang='lat' dir='ltr'><strong>pugilem</strong></span> 
     </span>
    </p>
   </div>
   <div class='ocr_carea' id='block_1_109' title="bbox 2158 4646 3750 4719">
    <p class='ocr_par' dir='ltr' id='par_1_109' title="bbox 2158 4646 3750 4719">
     <span class='ocr_line' id='line_1_109' title="bbox 2158 4646 3750 4719; baseline -0.004 -13"><span class='ocrx_word' id='word_1_794' title='bbox 2158 4651 2496 4717; x_wconf 80' lang='lat' dir='ltr'><strong>excitabant,</strong></span> <span class='ocrx_word' id='word_1_795' title='bbox 2537 4659 2590 4706; x_wconf 91' lang='lat' dir='ltr'><strong>et</strong></span> <span class='ocrx_word' id='word_1_796' title='bbox 2631 4664 2750 4704; x_wconf 89' lang='lat' dir='ltr'><strong>cum</strong></span> <span class='ocrx_word' id='word_1_797' title='bbox 2790 4664 2981 4719; x_wconf 90' lang='lat' dir='ltr'><strong>magno</strong></span> <span class='ocrx_word' id='word_1_798' title='bbox 3025 4657 3326 4703; x_wconf 86' lang='lat' dir='ltr'><strong>commeatu</strong></span> <span class='ocrx_word' id='word_1_799' title='bbox 3373 4646 3750 4713; x_wconf 87' lang='lat' dir='ltr'><strong>dimittebant,</strong></span> 
     </span>
    </p>
   </div>
   <div class='ocr_carea' id='block_1_110' title="bbox 2160 4739 3753 4815">
    <p class='ocr_par' dir='ltr' id='par_1_110' title="bbox 2160 4739 3753 4815">
     <span class='ocr_line' id='line_1_110' title="bbox 2160 4739 3753 4815; baseline -0.003 -17"><span class='ocrx_word' id='word_1_800' title='bbox 2160 4743 2408 4815; x_wconf 89' lang='lat' dir='ltr'><strong>precibus</strong></span> <span class='ocrx_word' id='word_1_801' title='bbox 2453 4754 2507 4798; x_wconf 93' lang='lat' dir='ltr'><strong>et</strong></span> <span class='ocrx_word' id='word_1_802' title='bbox 2550 4742 3020 4815; x_wconf 90' lang='lat' dir='ltr'><strong>supplicationibus</strong></span> <span class='ocrx_word' id='word_1_803' title='bbox 3049 4757 3170 4797; x_wconf 89' lang='lat' dir='ltr'><strong>cum</strong></span> <span class='ocrx_word' id='word_1_804' title='bbox 3200 4741 3315 4810; x_wconf 89' lang='lat' dir='ltr'><strong>ipso</strong></span> <span class='ocrx_word' id='word_1_805' title='bbox 3343 4750 3632 4795; x_wconf 86' lang='lat' dir='ltr'><strong>certantes.</strong></span> <span class='ocrx_word' id='word_1_806' title='bbox 3691 4739 3753 4794; x_wconf 84' lang='lat' dir='ltr'><strong>Et</strong></span> 
     </span>
    </p>
   </div>
   <div class='ocr_carea' id='block_1_111' title="bbox 2161 4833 3749 4906">
    <p class='ocr_par' dir='ltr' id='par_1_111' title="bbox 2161 4833 3749 4906">
     <span class='ocr_line' id='line_1_111' title="bbox 2161 4833 3749 4906; baseline -0.004 -16"><span class='ocrx_word' id='word_1_807' title='bbox 2161 4837 2290 4906; x_wconf 76' lang='lat' dir='ltr'><strong>ipsa:</strong></span> <span class='ocrx_word' id='word_1_808' title='bbox 2329 4836 2746 4892; x_wconf 89' lang='lat' dir='ltr'><strong>consolationem</strong></span> <span class='ocrx_word' id='word_1_809' title='bbox 2787 4850 2891 4889; x_wconf 93' lang='lat' dir='ltr'><strong>non</strong></span> <span class='ocrx_word' id='word_1_810' title='bbox 2936 4834 3208 4904; x_wconf 86' lang='lat' dir='ltr'><strong>vulgarem</strong></span> <span class='ocrx_word' id='word_1_811' title='bbox 3239 4848 3304 4887; x_wconf 76' lang='lat' dir='ltr'><strong>ex</strong></span> <span class='ocrx_word' id='word_1_812' title='bbox 3346 4833 3462 4904; x_wconf 90' lang='lat' dir='ltr'><strong>ipso</strong></span> <span class='ocrx_word' id='word_1_813' title='bbox 3493 4833 3749 4903; x_wconf 88' lang='lat' dir='ltr'><strong>percipie-</strong></span> 
     </span>
    </p>
   </div>
   <div class='ocr_carea' id='block_1_112' title="bbox 2159 4923 3750 4998">
    <p class='ocr_par' dir='ltr' id='par_1_112' title="bbox 2159 4923 3750 4998">
     <span class='ocr_line' id='line_1_112' title="bbox 2159 4923 3750 4998; baseline -0.005 -14"><span class='ocrx_word' id='word_1_814' title='bbox 2159 4929 2306 4994; x_wconf 90' lang='lat' dir='ltr'><strong>bant,</strong></span> <span class='ocrx_word' id='word_1_815' title='bbox 2351 4939 2630 4984; x_wconf 89' lang='lat' dir='ltr'><strong>cernentes</strong></span> <span class='ocrx_word' id='word_1_816' title='bbox 2673 4937 2962 4998; x_wconf 85' lang='lat' dir='ltr'><strong>martyrem</strong></span> <span class='ocrx_word' id='word_1_817' title='bbox 3009 4935 3153 4980; x_wconf 86' lang='lat' dir='ltr'><strong>tanta</strong></span> <span class='ocrx_word' id='word_1_818' title='bbox 3195 4941 3316 4980; x_wconf 90' lang='lat' dir='ltr'><strong>cum</strong></span> <span class='ocrx_word' id='word_1_819' title='bbox 3364 4924 3640 4978; x_wconf 84' lang='lat' dir='ltr'><strong>alacritate</strong></span> <span class='ocrx_word' id='word_1_820' title='bbox 3689 4923 3750 4976; x_wconf 84' lang='lat' dir='ltr'><strong>ad</strong></span> 
     </span>
    </p>
   </div>
   <div class='ocr_carea' id='block_1_113' title="bbox 2160 5015 3751 5090">
    <p class='ocr_par' dir='ltr' id='par_1_113' title="bbox 2160 5015 3751 5090">
     <span class='ocr_line' id='line_1_113' title="bbox 2160 5015 3751 5090; baseline -0.004 -15"><span class='ocrx_word' id='word_1_821' title='bbox 2160 5029 2384 5076; x_wconf 88' lang='lat' dir='ltr'><strong>mortem</strong></span> <span class='ocrx_word' id='word_1_822' title='bbox 2428 5034 2677 5085; x_wconf 89' lang='lat' dir='ltr'><strong>currere,</strong></span> <span class='ocrx_word' id='word_1_823' title='bbox 2723 5027 2918 5090; x_wconf 90' lang='lat' dir='ltr'><strong>quanta</strong></span> <span class='ocrx_word' id='word_1_824' title='bbox 2957 5032 3052 5088; x_wconf 91' lang='lat' dir='ltr'><strong>par</strong></span> <span class='ocrx_word' id='word_1_825' title='bbox 3079 5025 3195 5074; x_wconf 87' lang='lat' dir='ltr'><strong>erat</strong></span> <span class='ocrx_word' id='word_1_826' title='bbox 3240 5031 3384 5083; x_wconf 88' lang='lat' dir='ltr'><strong>cum,</strong></span> <span class='ocrx_word' id='word_1_827' title='bbox 3427 5015 3515 5085; x_wconf 90' lang='lat' dir='ltr'><strong>qui</strong></span> <span class='ocrx_word' id='word_1_828' title='bbox 3560 5017 3629 5069; x_wconf 90' lang='lat' dir='ltr'><strong>ad</strong></span> <span class='ocrx_word' id='word_1_829' title='bbox 3669 5029 3751 5069; x_wconf 86' lang='lat' dir='ltr'><strong>re-</strong></span> 
     </span>
    </p>
   </div>
   <div class='ocr_carea' id='block_1_114' title="bbox 2159 5108 3750 5184">
    <p class='ocr_par' dir='ltr' id='par_1_114' title="bbox 2159 5108 3750 5184">
     <span class='ocr_line' id='line_1_114' title="bbox 2159 5108 3750 5184; baseline -0.004 -16"><span class='ocrx_word' id='word_1_830' title='bbox 2159 5129 2263 5184; x_wconf 85' lang='lat' dir='ltr'><strong>gna</strong></span> <span class='ocrx_word' id='word_1_831' title='bbox 2309 5113 2562 5167; x_wconf 73' lang='lat' dir='ltr'><strong>etelorum</strong></span> <span class='ocrx_word' id='word_1_832' title='bbox 2613 5111 3056 5182; x_wconf 87' lang='lat' dir='ltr'><strong>proﬁcisceretur.</strong></span> <span class='ocrx_word' id='word_1_833' title='bbox 3101 5111 3179 5165; x_wconf 82' lang='lat' dir='ltr'><strong>Ac</strong></span> <span class='ocrx_word' id='word_1_834' title='bbox 3217 5124 3275 5164; x_wconf 90' lang='lat' dir='ltr'><strong>re</strong></span> <span class='ocrx_word' id='word_1_835' title='bbox 3303 5108 3516 5181; x_wconf 89' lang='lat' dir='ltr'><strong>quidem</strong></span> <span class='ocrx_word' id='word_1_836' title='bbox 3545 5109 3660 5178; x_wconf 88' lang='lat' dir='ltr'><strong>ipsa</strong></span> <span class='ocrx_word' id='word_1_837' title='bbox 3689 5123 3750 5162; x_wconf 75' lang='lat' dir='ltr'><strong>ex</strong></span> 
     </span>
    </p>
   </div>
   <div class='ocr_carea' id='block_1_115' title="bbox 2161 5206 3750 5280">
    <p class='ocr_par' dir='ltr' id='par_1_115' title="bbox 2161 5206 3750 5280">
     <span class='ocr_line' id='line_1_115' title="bbox 2161 5206 3750 5280; baseline -0.004 -18"><span class='ocrx_word' id='word_1_838' title='bbox 2161 5217 2409 5280; x_wconf 90' lang='lat' dir='ltr'><strong>prompto</strong></span> <span class='ocrx_word' id='word_1_839' title='bbox 2439 5208 2582 5262; x_wconf 86' lang='lat' dir='ltr'><strong>illius</strong></span> <span class='ocrx_word' id='word_1_840' title='bbox 2607 5207 2786 5262; x_wconf 89' lang='lat' dir='ltr'><strong>animo</strong></span> <span class='ocrx_word' id='word_1_841' title='bbox 2813 5206 3109 5272; x_wconf 88' lang='lat' dir='ltr'><strong>discebant,</strong></span> <span class='ocrx_word' id='word_1_842' title='bbox 3140 5220 3258 5262; x_wconf 86' lang='lat' dir='ltr'><strong>eam</strong></span> <span class='ocrx_word' id='word_1_843' title='bbox 3303 5219 3408 5260; x_wconf 91' lang='lat' dir='ltr'><strong>non</strong></span> <span class='ocrx_word' id='word_1_844' title='bbox 3447 5219 3570 5259; x_wconf 88' lang='lat' dir='ltr'><strong>esse</strong></span> <span class='ocrx_word' id='word_1_845' title='bbox 3615 5220 3750 5259; x_wconf 88' lang='lat' dir='ltr'><strong>mor-</strong></span> 
     </span>
    </p>
   </div>
   <div class='ocr_carea' id='block_1_116' title="bbox 2163 5299 3751 5372">
    <p class='ocr_par' dir='ltr' id='par_1_116' title="bbox 2163 5299 3751 5372">
     <span class='ocr_line' id='line_1_116' title="bbox 2163 5299 3751 5372; baseline -0.004 -16"><span class='ocrx_word' id='word_1_846' title='bbox 2163 5311 2308 5365; x_wconf 89' lang='lat' dir='ltr'><strong>tem,</strong></span> <span class='ocrx_word' id='word_1_847' title='bbox 2361 5299 2428 5355; x_wconf 90' lang='lat' dir='ltr'><strong>ad</strong></span> <span class='ocrx_word' id='word_1_848' title='bbox 2493 5316 2652 5372; x_wconf 92' lang='lat' dir='ltr'><strong>quam</strong></span> <span class='ocrx_word' id='word_1_849' title='bbox 2721 5300 3075 5372; x_wconf 88' lang='lat' dir='ltr'><strong>properabat;</strong></span> <span class='ocrx_word' id='word_1_850' title='bbox 3127 5299 3221 5355; x_wconf 90' lang='lat' dir='ltr'><strong>sed</strong></span> <span class='ocrx_word' id='word_1_851' title='bbox 3270 5299 3751 5370; x_wconf 80' lang='lat' dir='ltr'><strong>peregrinationem</strong></span> 
     </span>
    </p>
   </div>
   <div class='ocr_carea' id='block_1_117' title="bbox 2159 5392 3750 5465">
    <p class='ocr_par' dir='ltr' id='par_1_117' title="bbox 2159 5392 3750 5465">
     <span class='ocr_line' id='line_1_117' title="bbox 2159 5392 3750 5465; baseline -0.002 -19"><span class='ocrx_word' id='word_1_852' title='bbox 2159 5393 2466 5465; x_wconf 86' lang='lat' dir='ltr'><strong>quamdam,</strong></span> <span class='ocrx_word' id='word_1_853' title='bbox 2497 5403 2552 5449; x_wconf 91' lang='lat' dir='ltr'><strong>et</strong></span> <span class='ocrx_word' id='word_1_854' title='bbox 2598 5394 2876 5448; x_wconf 89' lang='lat' dir='ltr'><strong>transitum</strong></span> <span class='ocrx_word' id='word_1_855' title='bbox 2921 5402 3079 5464; x_wconf 91' lang='lat' dir='ltr'><strong>atque</strong></span> <span class='ocrx_word' id='word_1_856' title='bbox 3116 5406 3396 5446; x_wconf 89' lang='lat' dir='ltr'><strong>ascensum</strong></span> <span class='ocrx_word' id='word_1_857' title='bbox 3439 5392 3491 5447; x_wconf 91' lang='lat' dir='ltr'><strong>in</strong></span> <span class='ocrx_word' id='word_1_858' title='bbox 3539 5394 3750 5446; x_wconf 67' lang='lat' dir='ltr'><strong>Caelum.</strong></span> 
     </span>
    </p>
   </div>
   <div class='ocr_carea' id='block_1_118' title="bbox 2162 5485 3754 5554">
    <p class='ocr_par' dir='ltr' id='par_1_118' title="bbox 2162 5485 3754 5554">
     <span class='ocr_line' id='line_1_118' title="bbox 2162 5485 3754 5554; baseline -0.002 -12"><span class='ocrx_word' id='word_1_859' title='bbox 2162 5486 2288 5542; x_wconf 80' lang='lat' dir='ltr'><strong>Haec</strong></span> <span class='ocrx_word' id='word_1_860' title='bbox 2332 5496 2511 5541; x_wconf 88' lang='lat' dir='ltr'><strong>autem</strong></span> <span class='ocrx_word' id='word_1_861' title='bbox 2561 5496 2670 5541; x_wconf 89' lang='lat' dir='ltr'><strong>tum</strong></span> <span class='ocrx_word' id='word_1_862' title='bbox 2719 5486 2909 5554; x_wconf 90' lang='lat' dir='ltr'><strong>dictis,</strong></span> <span class='ocrx_word' id='word_1_863' title='bbox 2953 5495 3063 5541; x_wconf 90' lang='lat' dir='ltr'><strong>tum</strong></span> <span class='ocrx_word' id='word_1_864' title='bbox 3111 5485 3261 5541; x_wconf 86' lang='lat' dir='ltr'><strong>factis</strong></span> <span class='ocrx_word' id='word_1_865' title='bbox 3290 5485 3512 5540; x_wconf 87' lang='lat' dir='ltr'><strong>inomni</strong></span> <span class='ocrx_word' id='word_1_866' title='bbox 3541 5486 3754 5539; x_wconf 86' lang='lat' dir='ltr'><strong>civitate</strong></span> 
     </span>
    </p>
   </div>
   <div class='ocr_carea' id='block_1_119' title="bbox 2161 5576 3753 5645">
    <p class='ocr_par' dir='ltr' id='par_1_119' title="bbox 2161 5576 3753 5645">
     <span class='ocr_line' id='line_1_119' title="bbox 2161 5576 3753 5645; baseline -0.002 -12"><span class='ocrx_word' id='word_1_867' title='bbox 2161 5577 2380 5645; x_wconf 91' lang='lat' dir='ltr'><strong>docens,</strong></span> <span class='ocrx_word' id='word_1_868' title='bbox 2403 5578 2665 5634; x_wconf 89' lang='lat' dir='ltr'><strong>discessit.</strong></span> <span class='ocrx_word' id='word_1_869' title='bbox 2692 5577 2759 5633; x_wconf 82' lang='lat' dir='ltr'><strong>Et</strong></span> <span class='ocrx_word' id='word_1_870' title='bbox 2779 5578 2914 5633; x_wconf 88' lang='lat' dir='ltr'><strong>sicut</strong></span> <span class='ocrx_word' id='word_1_871' title='bbox 2936 5576 3105 5634; x_wconf 74' lang='lat' dir='ltr'><strong>Judmi</strong></span> <span class='ocrx_word' id='word_1_872' title='bbox 3126 5593 3246 5631; x_wconf 92' lang='lat' dir='ltr'><strong>cum</strong></span> <span class='ocrx_word' id='word_1_873' title='bbox 3271 5577 3489 5631; x_wconf 87' lang='lat' dir='ltr'><strong>Paulum</strong></span> <span class='ocrx_word' id='word_1_874' title='bbox 3518 5577 3753 5630; x_wconf 86' lang='lat' dir='ltr'><strong>vinctum</strong></span> 
     </span>
    </p>
   </div>
   <div class='ocr_carea' id='block_1_120' title="bbox 2162 5668 3752 5740">
    <p class='ocr_par' dir='ltr' id='par_1_120' title="bbox 2162 5668 3752 5740">
     <span class='ocr_line' id='line_1_120' title="bbox 2162 5668 3752 5740; baseline -0.003 -14"><span class='ocrx_word' id='word_1_875' title='bbox 2162 5671 2386 5726; x_wconf 83' lang='lat' dir='ltr'><strong>Romam</strong></span> <span class='ocrx_word' id='word_1_876' title='bbox 2431 5669 2747 5725; x_wconf 87' lang='lat' dir='ltr'><strong>mittendum</strong></span> <span class='ocrx_word' id='word_1_877' title='bbox 2788 5678 3071 5734; x_wconf 89' lang='lat' dir='ltr'><strong>curarunt,</strong></span> <span class='ocrx_word' id='word_1_878' title='bbox 3102 5668 3304 5740; x_wconf 83' lang='lat' dir='ltr'><strong>Opinati</strong></span> <span class='ocrx_word' id='word_1_879' title='bbox 3343 5676 3469 5723; x_wconf 91' lang='lat' dir='ltr'><strong>sunt</strong></span> <span class='ocrx_word' id='word_1_880' title='bbox 3505 5683 3566 5725; x_wconf 85' lang='lat' dir='ltr'><strong>se</strong></span> <span class='ocrx_word' id='word_1_881' title='bbox 3607 5669 3752 5724; x_wconf 88' lang='lat' dir='ltr'><strong>illum</strong></span> 
     </span>
    </p>
   </div>
   <div class='ocr_carea' id='block_1_121' title="bbox 2163 5759 3751 5834">
    <p class='ocr_par' dir='ltr' id='par_1_121' title="bbox 2163 5759 3751 5834">
     <span class='ocr_line' id='line_1_121' title="bbox 2163 5759 3751 5834; baseline -0.001 -16"><span class='ocrx_word' id='word_1_882' title='bbox 2163 5761 2231 5819; x_wconf 84' lang='lat' dir='ltr'><strong>ad</strong></span> <span class='ocrx_word' id='word_1_883' title='bbox 2259 5771 2483 5820; x_wconf 87' lang='lat' dir='ltr'><strong>mortem</strong></span> <span class='ocrx_word' id='word_1_884' title='bbox 2512 5762 2742 5834; x_wconf 87' lang='lat' dir='ltr'><strong>mittere,</strong></span> <span class='ocrx_word' id='word_1_885' title='bbox 2775 5769 3006 5818; x_wconf 87' lang='lat' dir='ltr'><strong>attamen</strong></span> <span class='ocrx_word' id='word_1_886' title='bbox 3033 5759 3230 5819; x_wconf 65' lang='lat' dir='ltr'><strong>Judwis</strong></span> <span class='ocrx_word' id='word_1_887' title='bbox 3259 5760 3366 5817; x_wconf 90' lang='lat' dir='ltr'><strong>illic</strong></span> <span class='ocrx_word' id='word_1_888' title='bbox 3394 5760 3751 5817; x_wconf 81' lang='lat' dir='ltr'><strong>habitantibus</strong></span> 
     </span>
    </p>
   </div>
  </div>
