3884 6294
41 418 140 479 591

51 536 393 607 Ἐκκλησίαν
426 533 900 607 ἐμπιστευθέντες,
923 533 1018 587 καὶ
1044 533 1164 597 ὅσος
1197 533 1354 597 πόνος
1376 533 1471 587 καὶ
1493 532 1731 596 κίνδυνος

1430 415 1487 471 S.
1534 414 1865 470 IGNATIUM
1906 415 2317 472 MARTYREM.

3400 411 3508 472 532

1838 535 1980 595 πεῖν,
2010 534 2104 588 καὶ
2125 533 2376 603 ἕϐδομον,
2413 533 2507 586 καὶ
2537 532 2754 596 πλείους
2782 531 2988 585 τούτων
3009 548 3021 562 ο
3051 530 3165 585 ἀλλ’
3193 531 3279 585 ἵνα
3317 532 3392 603 μὴ
3418 534 3509 586 τὸν

41 624 98 677 ἐν
130 622 448 695 προοιμίοις
478 622 575 676 καὶ
603 623 1016 694 ἀρχῇ⁹πρᾶγμα
1050 620 1435 688 ἀναδέξασθαι,
1467 621 1564 674 καὶ
1587 620 1743 691 πρῶ-ο
1835 619 2050 673 ἅπαντα
2072 620 2260 692 χρόνον
2290 622 2369 701 είς
2395 620 2487 673 τὸν
2509 620 2641 692 περὶ
2665 620 2763 690 τῆς
2792 618 3100 690 ἐπισκοπῆς
3127 618 3511 682 ἀναλώσαντες

41 729 151 774 τως
201 709 382 764 ἐλθεῖν
427 709 515 763 ἐπ’
539 709 710 781 αὐτῷ,
740 710 835 763 τοῦ
875 709 1112 780 Χριστοῦ
1162 711 1398 782 παράγω
1428 708 1734 780 μαρτυρίαν

42 800 177 868 ὑμῖν
224 796 606 870 ψηφιζομένου
653 796 828 850 ταῦτα
860 798 954 851 καὶ
981 796 1078 867 τὴν
1119 796 1390 868 ὐφ’ἡμῶν
1436 795 1734 866 εἰρημένην

42 886 345 958 κυροῦντος
374 884 619 957 γνώμην.
638 884 784 939 Ἰδὼν
808 886 917 956 γάρ
946 885 1174 949 πολλοὺς
1212 886 1351 956 πρὸς
1384 884 1547 938 αὐτὸν
1578 885 1734 954 ἐρχο-

44 976 269 1047 μένους,
296 977 394 1029 καὶ
415 974 739 1046 βουλόμενος
768 974 938 1039 δεῖξαι
958 976 1071 1037 τοῖς
1099 973 1441 1036 ἀποστόλοις,
1466 973 1548 1026 ὅτι
1571 970 1734 1024 πλέον

41 1062 226 1117 αὐτῶν
257 1062 466 1134 ἔκαμον
498 1063 548 1115 οἱ
579 1061 877 1134 προφῆται,
911 1062 1075 1132 φησίν
1095 1079 1108 1092 ·
1146 1063 1350 1116 Ἄλλοι
1378 1058 1736 1115 κεκοπιάκα-

42 1167 127 1212 σι,
165 1148 274 1203 καὶ
315 1148 489 1218 ὐμεῶ
524 1151 614 1215 είς
654 1148 763 1202 τόν
803 1150 998 1203 κόπον
1035 1148 1235 1203 αὐτῶν
1277 1146 1729 1215 εἰσεληλύθατε.

44 1237 241 1291 Καίτοι
280 1235 468 1306 πολλῷ
507 1235 726 1293 πλείονα
762 1236 870 1289 τῶν
899 1235 1197 1307 προφητῶν
1220 1234 1458 1304 ἔκαμνον
1502 1234 1551 1286 cl
1592 1232 1732 1286 ἀπό-

47 1324 227 1377 στολοι
247 1341 261 1355 ο
310 1322 427 1377 ἀλλ’
450 1321 638 1394 ἐπειδὴ
675 1337 933 1393 πρότεροι
962 1322 1163 1375 ἐκεῖνοι
1191 1321 1281 1374 τὸν
1310 1320 1466 1390 λόγον
1497 1320 1597 1391 τῆς
1636 1320 1731 1371 εὐ-

48 1412 268 1476 σεϐείας
304 1412 629 1477 κατέϐαλον,
674 1411 767 1465 καὶ
812 1409 911 1473 τὰς
941 1408 1120 1481 ψυχάς
1147 1409 1256 1462 τῶν
1282 1408 1583 1481 ἀνθρώπων
1616 1407 1732 1461 ἀδι-

46 1500 280 1564 δάκτους
301 1498 471 1563 οὔσας
499 1498 634 1571 πρὸς
660 1496 758 1570 τὴν
786 1496 1044 1569 ἀλήθειαν
1068 1496 1469 1562 ἐπεσπάσαντο,
1504 1495 1732 1560 ἐκείνοις

47 1587 104 1641 τὸ
136 1586 308 1640 πλέον
334 1585 433 1639 τοῦ
472 1587 639 1639 πόνου
669 1584 987 1655 ψηφίζεται.

115 1674 191 1726 Οὐ
226 1673 340 1745 γάρ
362 1674 514 1726 ἐστιν
549 1671 684 1736 ἴσον,
730 1673 832 1724 οὐκ
875 1670 1013 1736 ἐστι,
1061 1671 1199 1742 μετά
1236 1669 1463 1734 πολλοὺς
1512 1669 1733 1740 ἐτέρους

49 1760 407 1824 διδασκάλους
431 1758 656 1814 ἐλθόντα
687 1759 984 1825 διδάσκειν,
1014 1761 1108 1813 καὶ
1141 1758 1356 1832 πρῶτον
1385 1759 1545 1812 αὐτὸν
1572 1775 1733 1811 κατα-

50 1847 267 1901 ϐάλλειν
313 1848 382 1902 τὰ
414 1847 725 1920 σπέρματα.
770 1846 844 1900 Τὸ
876 1846 976 1917 μὲν
1010 1846 1119 1918 γὰρ
1149 1846 1251 1918 ἦδη
1284 1844 1600 1917 μελετηθέν,
1638 1846 1734 1899 καὶ

51 1938 105 1989 ἐν
134 1935 400 2008 συνηθείᾳ
426 1936 716 2007 γενόμενον
741 1933 971 2001 πολλῶν,
1005 1933 1407 2006 εὐπαράδεκτον
1436 1933 1503 1987 ἂν
1534 1934 1733 2006 ῥᾳδίως

54 2024 291 2091 γένοιτο·
321 2023 383 2076 τὸ
418 2022 474 2076 δὲ
502 2022 599 2077 νῦν
631 2023 846 2095 πρῶτον
875 2022 1208 2093 ἀκουόμενον
1240 2020 1462 2094 θορυϐεῖ
1485 2022 1584 2092 τὴν
1615 2020 1732 2074 διά-

54 2129 197 2166 νοιαν
230 2111 342 2165 τῶν
376 2111 681 2183 ἀκροατῶν,
707 2112 803 2165 καὶ
835 2112 1006 2165 πολλά
1028 2114 1139 2174 τοῖς
1166 2110 1474 2164 διδάσκουσι
1504 2109 1731 2181 παρέχει

61 2201 376 2271 πράγματα.
408 2199 581 2253 Τοῦτο
616 2199 748 2269 γοῦν
787 2201 883 2255 καὶ
922 2203 981 2254 ἐν
1016 2199 1267 2272 ’Δθήναις
1312 2197 1561 2270 ἐθορύϐει
1606 2198 1732 2261 τοὺς

54 2287 370 2352 ἀκούοντας,
398 2288 492 2341 καὶ
520 2287 607 2341 διὰ
631 2287 792 2342 τοῦτο
812 2288 1218 2358 ἀπεστρέφοντο
1244 2287 1337 2340 τὸν
1366 2286 1600 2352 Παῦλον,
1637 2288 1733 2355 ἐγ-

55 2373 366 2440 κιλοῦντες,
382 2375 464 2428 ὅτι
487 2372 804 2435 Ξενίζοντὰ
828 2390 962 2429 τινα
979 2375 1277 2443 εἰσφέρεις
1296 2376 1386 2439 είς
1411 2374 1516 2439 τὰς
1544 2373 1732 2438 ἀκοὰς

60 2461 243 2530 ημῶν.
275 2463 339 2517 EE
371 2461 482 2535 γάρ
514 2462 608 2516 νῦν
633 2464 876 2533 κάματον
902 2463 997 2515 καὶ
1020 2463 1180 2516 πόνον
1204 2461 1371 2515 πολὺν
1405 2460 1732 2532 Ἐκκλησίας

62 2550 362 2618 προστασία
400 2551 625 2622 παρέχει
685 2553 799 2614 τοίς
845 2548 1182 2621 κυϐερνῶσιν
1228 2549 1437 2619 αὐτὴν,
1479 2549 1733 2620 ἐννόησον

61 2636 166 2701 πῶς
193 2637 441 2703 διπλοῦς,
469 2640 565 2692 καὶ
592 2639 876 2711 τριπλοῦς,
901 2640 996 2693 καὶ
1023 2637 1439 2691 πολλαπλασίων
1468 2633 1536 2708 ἦν
1563 2638 1683 2691 τότε
1704 2641 1733 2691 ὁ

64 2726 238 2790 πόνος,
270 2727 360 2780 ὅτε
389 2727 646 2790 κίνδυνοι,
676 2728 771 2782 καὶ
812 2727 1004 2798 μάχαι,
1035 2729 1132 2781 καὶ
1166 2726 1474 2791 ἐπιϐουλαὶ,
1506 2731 1600 2779 καὶ
1646 2726 1736 2794 φό-

56 2812 139 2875 61;
165 2814 448 2884 διηνεκὴς.
475 2814 590 2868 Οὐκ
620 2813 790 2877 ἔστιν,
810 2815 911 2868 οὐκ
939 2813 1077 2876 ἐστι,
1105 2814 1462 2886 παραστῆσαι
1486 2814 1565 2884 τῷ
1586 2813 1731 2884 λόγῳ

65 2900 147 2971 τὴν
177 2900 496 2965 δυσκολίαν,
525 2902 593 2973 ἢν
626 2901 895 2971 ὑπέμενον
920 2903 971 2954 οί
997 2901 1145 2968 ἆγιοι
1187 2900 1310 2954 τότε
1350 2902 1581 2954 ἐκεῖνον
1616 2901 1731 2954 ἀλλ’

59 2982 203 3052 οἶτος
233 2988 408 3059 αὐτὴν
436 2988 641 3044 εἵσεται
673 2986 999 3060 [59ημόνος
1027 2990 1056 3041 ὁ
1083 2988 1172 3043 διὰ
1203 2988 1305 3059 τῆς
1340 2988 1538 3059 πείρας
1561 2989 1734 3060 αὐτῆς
1804 3000 1807 3005 ’

60 3071 245 3129 ἐλθών.

119 3181 184 3236 δ’.
211 3180 369 3234 Εἴπω
387 3181 484 3235 καὶ
506 3179 764 3253 τέταρτον
788 3179 1047 3251 στέφανον
1072 3183 1137 3236 ἐκ
1158 3183 1257 3254 τῆς
1275 3182 1582 3252 ἐπισκοπῆς
1602 3183 1734 3254 ἡμῖν

64 3269 346 3339 ἀνίσχοντα
369 3268 593 3340 ταύτης.
621 3271 717 3334 Τίς
747 3267 841 3325 οῦν
874 3275 1022 3324 ἐστιν
1052 3266 1234 3334 οῦτοςς
1270 3272 1344 3325 Τὸ
1375 3271 1474 3343 τὴν
1500 3274 1735 3345 πατρίδα

62 3358 217 3411 αὐτὸν
247 3358 619 3429 ἐπιτραπῆναι
647 3358 747 3431 τὴν
769 3359 1065 3431 ἡμετέραν.
1084 3359 1371 3425 Ἐπίπονον
1393 3362 1492 3432 μὲν
1510 3363 1619 3433 γὰρ
1643 3363 1737 3415 καὶ

67 3445 252 3498 ἐκατὸν
282 3444 495 3516 ἀνδρῶν
534 3445 630 3498 καὶ
669 3448 1007 3517 πεντήκοντα
1038 3448 1338 3519 προστῆναι
1367 3449 1526 3519 μόνον
1546 3465 1560 3478 ·
1592 3448 1653 3503 τὸ
1680 3448 1737 3504 δὲ

65 3531 211 3586 πόλιν
260 3532 670 3605 ἐγχειρισθῆναι
717 3534 1009 3608 τοσαύτην,
1041 3537 1137 3589 καὶ
1185 3536 1359 3605 δῆμον
1407 3537 1488 3600 είς
1531 3537 1736 3593 εἴκοσιν

65 3619 436 3689 ἐκτεινόμενον
482 3621 773 3693 μυριάδας,
801 3622 976 3693 πόσης
1021 3623 1226 3694 ἀρετῆς
1266 3622 1369 3676 οίει
1417 3625 1512 3678 καὶ
1545 3624 1735 3693 σοφίας

71 3707 335 3772 ἀπόδειξιν
368 3702 542 3775 εἷναι;
578 3710 689 3762 Kal
714 3709 824 3780 γάρ
857 3709 1047 3783 ὥσπερ
1069 3711 1164 3763 ἐπὶ
1203 3711 1311 3764 τῶν
1358 3713 1738 3782 στρατοπέδων

69 3792 155 3857 τὰς
189 3794 626 3868 βασιλικωτέρας
654 3798 940 3868 φάλαγγας
992 3799 1086 3852 καὶ
1133 3797 1480 3871 πληθυούσας
1536 3800 1738 3871 μᾶλλον

69 3882 111 3933 οί
136 3882 438 3957 σοφώτεροι
463 3885 571 3939 τῶν
593 3886 916 3958 στρατηγῶν
937 3888 1333 3959 ἐγχειρίζονται
1352 3903 1368 3919 ⁸
1393 3887 1536 3942 οὕτω
1561 3888 1623 3961 δὴ
1645 3891 1739 3944 καὶ

69 3972 152 4024 ἐπὶ
180 3972 291 4025 τῶν
322 3973 555 4037 πόλεων,
585 3974 687 4039 τάς
714 3975 934 4047 μείζους
959 3976 1052 4029 καὶ
1086 3974 1550 4047 πολυανθρώπους
1578 3979 1627 4030 οί
1654 3978 1741 4032 δο-

70 4059 365 4133 κιμώτερο.
391 4060 502 4114 τῶν
529 4062 805 4133 ἀρχόντων
838 4062 1281 4133 ἐμπιστεύονται.
1322 4064 1434 4118 Kal
1476 4064 1652 4129 ἄλλως
1681 4065 1737 4119 δὲ

70 4147 228 4211 πολὺς
258 4143 327 4220 ἦν
366 4148 470 4220 τῆς
499 4150 706 4214 πόλεως
733 4151 936 4222 ταύτης
962 4150 1038 4222 τῷ
1065 4150 1184 4222 Θεῷ
1208 4151 1385 4222 λόγος,
1411 4152 1488 4218 ὡς
1529 4154 1623 4207 καὶ
1650 4153 1738 4208 διὰ

69 4234 169 4286 τῶν
216 4235 399 4307 ἔργων
444 4237 625 4291 αὐτῶν
671 4238 940 4310 ἐδήλωσε·
974 4240 1065 4294 τὸν
1093 4239 1225 4309 γοῦν
1267 4241 1368 4312 τῆς
1411 4242 1740 4314 οἰκουμένης

72 4322 363 4394 ἐπιστάτην
390 4325 612 4396 ἀπάσης
646 4327 872 4398 Πέτρον,
897 4322 941 4397 ᾧ
970 4329 1069 4393 τάς
1101 4329 1250 4395 κλεῖς
1299 4330 1598 4402 ἐνεχείρισε
1629 4331 1738 4385 τῶν

72 4412 327 4483 οὐρανῶν,
353 4406 397 4482 ᾧ
424 4415 603 4469 πάντα
632 4416 784 4486 ἄγειν
814 4418 908 4471 καὶ
932 4419 1120 4490 φέρειν
1143 4418 1438 4490 ἐπέτρεψε,
1467 4419 1635 4474 πολὺν
1658 4421 1742 4472 ἐν·

71 4499 234 4553 ταύθα
279 4502 470 4572 χρόνον
510 4502 850 4576 ὲνδιατρίψαι
899 4506 1212 4561 ἐκέλευσεν·
1249 4506 1423 4572 οὕτως
1456 4507 1605 4579 αὐτῷ
1645 4509 1743 4579 τῆς

72 4589 389 4661 οἰκουμένης
433 4592 654 4662 ἀπάσης
701 4595 734 4663 ἡ
784 4593 942 4657 πόλις
998 4596 1327 4666 ἀντίρῥοπος
1380 4597 1413 4667 ἡ
1469 4598 1738 4669 ἡμετέρα.

85 4674 294 4749 Ἐπειδὴ
339 4678 396 4731 δὲ
443 4679 721 4751 ἐμνήσθην
761 4681 993 4753 Πέτρου,
1024 4685 1120 4736 καὶ
1168 4683 1421 4755 πέμπτον
1470 4684 1530 4750 ἐξ
1571 4685 1738 4740 αὐτοῦ

77 4764 334 4834 στέφανον
364 4763 502 4820 εἶδον
531 4768 895 4840 πλεκόμενον·
937 4765 1092 4834 οὗτος
1119 4771 1177 4824 δέ
1207 4772 1325 4825 ἐστι
1358 4772 1419 4825 τὸ
1450 4774 1573 4844 μετ’
1599 4775 1742 4827 ἐκεῖ-

72 4868 154 4906 νον
195 4854 386 4909 τοῦτον
433 4855 781 4924 διαδέξασθαι
805 4858 905 4930 τὴν
947 4859 1144 4931 ἀρχήν.
1177 4861 1387 4931 Ὠσπερ
1422 4861 1528 4933 γὰρ
1558 4862 1623 4916 ἀν
1658 4881 1738 4927 τις

73 4940 212 4998 λίθον
261 4944 497 5016 ἐξαίρων
548 4947 724 5016 μέγαν
771 4948 837 5002 ἐκ
883 4946 1166 5021 θεμελίων.
1198 4949 1382 5022 ἕτερον
1416 4952 1742 5024 ἀντίρροπον

75 5030 276 5085 ἐκείνου
304 5033 597 5100 σπουδάζει
630 5035 848 5099 πάντως
877 5037 1314 5106 ἀντεισαγαγεῖν,
1347 5039 1395 5090 εί
1432 5038 1508 5110 μὴ
1556 5040 1740 5110 μέλλοι

75 5122 246 5174 πᾶσαν
286 5120 537 5186 σαλεύειν
560 5123 660 5194 τὴν
691 5124 1002 5196 οἰκοδομὴν,
1034 5126 1129 5179 καὶ
1164 5126 1500 5198 σαθροτέραν
1532 5132 1703 5182 ποιεῖν
1724 5147 1737 5161 ·

75 5206 207 5262 οῦτω
233 5209 300 5280 δὴ
329 5212 423 5264 xal
451 5211 660 5283 Πέτρου
694 5211 980 5283 μέλλοντος
1009 5212 1259 5267 ἐντεῦθεν
1285 5214 1604 5285 ἀποδημεῖν,
1628 5217 1745 5270 ἐτε-

76 5311 162 5363 ρσν
204 5297 536 5370 ἀντίρροπον
575 5299 784 5372 Πέτρου
831 5299 1154 5355 διδάσκαλον
1207 5302 1241 5372 ἡ
1288 5300 1384 5355 τοῦ
1422 5303 1745 5375 Πνεύματος

76 5385 431 5458 ἀντεισήγαγε
466 5388 649 5460 χάρις,
680 5388 821 5443 ὥστε
847 5390 921 5462 μὴ
948 5391 1047 5461 τὴν
1079 5390 1179 5461 ἤδη
1211 5391 1513 5463 γενομένην
1542 5395 1746 5448 οἰκοδο-

79 5474 177 5543 μὴν
203 5478 272 5547 τῇ
300 5475 399 5529 τοῦ
422 5476 802 5548 διαδεξομένου
831 5478 1076 5549 εὐτελείᾳ
1104 5478 1439 5550 σαθροτέραν
1465 5480 1745 5549 γενέσθαι.

79 5561 240 5617 Πέντε
290 5564 393 5635 μὲν
437 5559 533 5618 οῦν
577 5567 874 5634 στεφάνους
925 5564 1455 5637 ἀπηριθμησάμεθα,
1499 5568 1610 5622 ἀπὸ
1649 5567 1749 5622 τοῦ

82 5651 337 5718 μεγέθους
367 5653 468 5724 τῆς
496 5653 693 5725 ἀρχῆς,
722 5656 833 5708 ἀπὸ
858 5655 959 5724 τῆς
985 5654 1144 5719 ἀξίας
1174 5654 1282 5706 τῶν
1304 5658 1748 5729 κεχειροτονηκό-

79 5751 197 5801 των,
229 5739 339 5794 ἀπὸ
366 5740 461 5812 τῆς
490 5740 586 5795 τοῦ
620 5742 816 5813 καιροῦ
839 5741 1148 5805 δυσκολίας,
1174 5741 1283 5795 ἀπὸ
1304 5741 1398 5794 τοῦ
1421 5742 1624 5814 μέτρου
1646 5744 1746 5815 τῆς

82 5823 296 5892 πόλεως,
326 5828 440 5881 ἀπὸ
468 5829 569 5898 τῆς
597 5831 801 5901 ἀρετῆς
825 5829 918 5884 τοῦ
950 5829 1285 5902 παραδόντος
1318 5829 1465 5902 αὐτῴ
1496 5831 1596 5902 τὴν
1622 5834 1743 5886 ἐπι-

87 5917 300 5988 σκοπὴν.
332 5915 572 5981 Τούτους
604 5918 849 5982 ἅπαντας
874 5919 1173 5983 πλέξαντας
1202 5918 1326 5990 ἐνῆν
1361 5917 1453 5972 καὶ
1479 5918 1634 5974 ἕκτον
1660 5924 1737 5976 εί-

466 6008 740 6067 ΡΑτιιοι..
788 6006 879 6067 Gn
894 6049 910 6065 .
956 6006 1021 6066 L.

1832 708 2012 778 λόγον,
2043 711 2367 782 ἐκπέσωμεν
2395 711 2505 765 τῶν
2535 713 2666 783 περὶ
2695 711 2791 764 τοῦ
2831 711 3106 782 μάρτυρος
3128 709 3509 781 διηγημάτων,

1833 799 1967 871 φέρε
1998 799 2191 854 λοιπὸν
2216 800 2310 852 ἐπὶ
2333 799 2425 852 τὸν
2448 795 2610 853 ἆθλον
2632 802 2839 853 ἐκεῖνον
2871 797 3061 869 ἴωμεν.
3091 797 3332 867 Πόλεμος
3356 799 3513 868 ἀνερτ

1834 887 2059 959 ῥιπίσθη
2091 888 2223 942 ποτὲ
2256 886 2493 959 χαλεπὸς
2522 888 2665 942 κατὰ
2685 887 2793 940 τῶν
2830 886 3194 958 Ἐκκλησιῶν,
3222 888 3320 940 καὶ
3339 887 3512 941 καθά-

1833 993 1940 1048 περ
1987 976 2301 1049 τυραννίδος
2350 975 2742 1047 χαλεπωτάτης
2774 976 2876 1045 τὴν
2913 974 3020 1045 γῆν
3068 973 3508 1045 καταλαϐούσης,

1831 1064 1896 1116 ἐκ
1925 1063 2097 1135 μέσης
2119 1062 2499 1136 ἀνηρπάζοντο
2526 1066 2625 1135 τῆς
2654 1065 2862 1136 ἀγορᾶς
2891 1063 3152 1129 ἆπαντεζ,
3177 1061 3379 1116 ἄτοπον
3408 1061 3511 1131 μὲν

1832 1150 1984 1205 οὐδὲν
2021 1151 2435 1224 ἐγκαλούμενοι,
2463 1153 2548 1206 ὅτι
2585 1152 2642 1205 δέ
2684 1153 2785 1223 τῆς
2826 1151 3034 1222 πλάνης
3077 1150 3510 1217 ἀπαλλαγέντες,

1833 1240 1970 1310 πρὸς
1994 1239 2093 1311 τὴν
2118 1240 2400 1295 εὐσέϐειαν
2429 1240 2687 1311 ἔδραμον,
2718 1241 2801 1294 ὅτι
2821 1239 2922 1311 τῆς
2943 1239 3052 1294 τῶν
3077 1239 3352 1309 δαιμόνων
3376 1240 3510 1310 θρη-

1834 1328 2022 1391 σκείας
2053 1329 2392 1401 ἀπέστησαν,
2436 1330 2520 1383 ὄτι
2556 1331 2651 1384 τὸν
2700 1327 2954 1399 ἀληθινὸν
2988 1329 3121 1383 Θεὸν
3160 1328 3507 1397 ἐπέγνωσαν,

1831 1418 1926 1470 καὶ
1966 1416 2058 1471 τὸν
2097 1418 2227 1472 Υἱὸν
2272 1419 2439 1472 αὐτοῦ
2483 1418 2575 1472 τὸν
2627 1419 2893 1489 μονογενῆ
2944 1415 3381 1488 προσεκύνησαν,
3413 1416 3510 1469 καὶ

1832 1503 1971 1573 ὑπὲρ
2000 1498 2075 1557 ὧν
2109 1504 2508 1575 στεφανοῦσθαι
2538 1505 2738 1568 αὐτοὺς
2773 1505 2969 1576 ἐχρῆν,
3000 1504 3099 1557 καὶ
3132 1501 3511 1574 θαυμάζεσθαι

1832 1593 1925 1646 καὶ
1956 1593 2241 1664 τιμᾶσθαι,
2267 1594 2410 1667 ὑπὲρ
2421 1593 2625 1648 τούτων
2654 1592 2976 1656 ἐκολάζοντο
2998 1593 3093 1645 καὶ
3119 1592 3333 1663 μυρίοις
3361 1607 3510 1661 περι-

1829 1680 2120 1751 ηντλοῦντο
2169 1681 2364 1746 δεινοῖς
2425 1682 2626 1745 πάντες
2662 1684 2712 1736 οἱ
2755 1681 2855 1753 τὴν
2898 1680 3088 1734 πίστιν
3120 1678 3508 1751 παραδεξάμε-

1830 1785 1932 1831 νοι,
1974 1767 2153 1839 πολλῷ
2181 1768 2238 1822 δὲ
2266 1769 2427 1822 πλέον
2456 1770 2505 1823 οἱ
2534 1768 2643 1822 τῶν
2678 1767 3015 1840 Ἑκκλησιῶν
3056 1765 3419 1838 προεστῶτες.
3451 1765 3509 1815 ’(1

1831 1857 1941 1928 γάρ
1980 1857 2248 1922 διάϐολος,
2279 1857 2588 1929 κακουργὸς
2620 1856 2695 1910 ὢν
2745 1848 2840 1911 καὶ
2885 1856 3056 1918 δεινὸς
3102 1854 3203 1919 τὰς
3249 1852 3508 1916 τοιαύτας

1834 1946 2060 2018 ῥάπτειν
2107 1945 2423 2013 ἐπιϐουλάς,
2471 1945 2872 2018 προσεδόκησεν
2924 1944 3027 2007 ὅτι,
3061 1943 3191 2007 τοὺς
3241 1942 3509 2012 ποιμένας

1830 2034 1927 2088 ἐὰν
1977 2034 2173 2108 ἀφέλῃ,
2199 2035 2269 2088 τά
2320 2034 2551 2106 ποίμνια
2592 2032 2790 2106 ῥᾳδίως
2834 2032 3136 2087 διασπάσαι
3186 2030 3504 2102 δυνήσεται.

1843 2121 1980 2175 Ἀλλ’
2005 2124 2034 2176 ό
2074 2122 2439 2195 δρασσόμενος
2471 2124 2598 2187 τοὺς
2642 2123 2841 2192 σοφοὺς
2880 2122 2939 2174 ἐν
2968 2124 3037 2193 τῇ
3067 2118 3375 2191 πανουργίᾳ
3408 2118 3507 2171 αὐ-

1832 2209 1958 2274 τῶν,
1995 2209 2316 2282 βουλόμενος
2341 2211 2489 2283 αὐτῷ
2518 2210 2710 2276 δεῖξαι,
2738 2211 2821 2263 ὅτι
2851 2209 2951 2264 οὐκ
2978 2208 3255 2281 ἄνθρωποι
3282 2206 3380 2270 τὰς
3410 2206 3509 2259 αύ-

1830 2298 1924 2352 τοῦ
1962 2299 2297 2375 κυϐερνῶσιν
2335 2299 2684 2372 Ἐκκλησίας,
2716 2297 2831 2352 ἀλλ’
2853 2296 3016 2361 αὐτός
3049 2298 3197 2350 ἐστιν
3233 2297 3261 2348 ὀ
3301 2311 3507 2348 παντα-

1830 2386 1925 2456 χοῦ
1956 2388 2261 2459 ποιμαίνων
2291 2387 2421 2452 τοὺς
2446 2386 2804 2450 πιστεύοντας
2827 2387 2909 2450 είς
2946 2384 3133 2447 αὐτὸν,
3158 2380 3508 2454 συνεχώρησε

1829 2475 1987 2529 τοῦτο
2029 2476 2305 2545 γενέσθαι,
2345 2477 2562 2532 ἴν“ὄταν
2597 2474 3006 2548 ἀφαιρεθέντων
3055 2472 3281 2527 ἐκείνων
3326 2471 3409 2542 ἴδῃ
3440 2473 3508 2522 τὰ

1829 2566 1928 2634 τῆς
1968 2564 2251 2629 εὐσεϐείας
2296 2566 2396 2619 οὐκ
2437 2564 2829 2636 ἐλαττούμενα,
2864 2563 2987 2617 οὐδὲ
3027 2562 3390 2633 σϐεννύμενον
3416 2559 3508 2613 τὸν

1829 2654 1925 2707 τοῦ
1972 2654 2327 2725 κηρύγματος
2370 2654 2550 2722 λόγον,
2593 2653 2708 2707 ἀλλ’
2735 2653 3032 2725 αὐξόμενον
3087 2650 3309 2722 μᾶλλον,
3361 2647 3512 2720 μάθῃ

1829 2742 1919 2797 διὰ
1963 2744 2072 2796 τῶν
2121 2743 2300 2816 ἔργων
2346 2743 2527 2796 αὐτῶν
2565 2743 2659 2796 καὶ
2692 2740 2843 2814 [598]
2878 2740 3056 2804 αὐτὸς.
3105 2740 3199 2793 καὶ
3244 2739 3294 2790 οἱ
3337 2736 3511 2789 ταῦτα

1830 2831 1981 2902 αὐτῷ
2006 2831 2420 2903 διακονούμενοι
2442 2833 2665 2895 πάντες,
2694 2832 2778 2884 ὅτι
2810 2831 2912 2882 οὐκ
2939 2825 3259 2899 ἀνθρώπινα
3284 2824 3356 2878 τά
3386 2823 3509 2879 καθ’

1832 2921 1999 2990 ἡμᾶς,
2035 2920 2149 2974 ἀλλ’
2171 2919 2378 2975 ἀνωθεν
2408 2921 2471 2974 ἐκ
2505 2920 2614 2974 τῶν
2639 2918 2890 2991 οὐρανῶν
2928 2916 3042 2988 ἔχει
3069 2916 3168 2987 τὴν
3201 2915 3357 2987 ῥίζαν
3379 2916 3512 2985 ἡμῖν

1831 3010 1864 3078 ή
1895 3009 1994 3079 τῆς
2022 3008 2369 3072 διδασκαλίας
2400 3009 2678 3073 ὑπόθεσις,
2707 3008 2803 3062 καὶ
2832 3007 2963 3070 Θεός
2994 3008 3143 3059 ἐστιν
3173 3006 3200 3057 ό
3232 3002 3510 3071 πανταχοῦ

1830 3096 1929 3161 τάς
1962 3092 2289 3169 Ἐκκλησίας
2318 3098 2490 3167 ἄγων,
2521 3098 2616 3151 καὶ
2647 3098 2729 3150 ὃτι
2755 3096 2848 3149 τὸν
2877 3096 3009 3149 Θεὸν
3041 3093 3381 3163 πολεμοῦντα
3409 3092 3511 3145 οὐκ

1829 3182 1910 3238 ἔνι
1958 3185 2345 3258 περιγενέσθαι
2399 3185 2548 3239 ποτέ.
2580 3185 2656 3237 Οὐ
2706 3185 2867 3238 τοῦτο
2911 3184 2969 3237 δὲ
3021 3181 3434 3253 ἐκακούργησεν
3481 3182 3513 3234 ό

1832 3272 2077 3337 διάϐολος
2112 3274 2292 3344 μόνον,
2326 3272 2465 3327 ἀλλά
2496 3273 2590 3326 καὶ
2616 3272 2803 3344 ἓτερον
2823 3271 2924 3324 οὐκ
2950 3270 3171 3323 ἔλαττον
3202 3270 3411 3322 τούτου.
3434 3269 3510 3321 υύ

1834 3363 1944 3436 γὰρ
1987 3366 2043 3419 ἐν
2082 3366 2203 3429 ταῖς
2237 3365 2481 3427 πόλεσιν,
2516 3357 2592 3421 ὧν
2631 3365 3114 3437 προειστήκεισαν,
3154 3360 3306 3432 ἠφίει
3341 3362 3511 3431 σφάτ-

1834 3452 2022 3505 τεσθαι
2070 3453 2197 3517 τοὺς
2229 3452 2584 3518 ἐπισκόπους,
2615 3452 2729 3506 ἀλλ’
2755 3455 2837 3514 είς
2880 3453 2981 3523 τῆν
3026 3450 3314 3523 ἀλλοτρίαν
3361 3451 3511 3519 ἄγων

1834 3538 2055 3612 ἀνῄρει·
2092 3541 2266 3594 ἐποίει
2297 3540 2354 3594 δὲ
2392 3539 2550 3595 τοῦτο
2577 3537 2715 3612 όμοῦ
2746 3540 2846 3611 μὲν
2878 3540 3123 3612 ἐρήμους
3166 3537 3275 3605 τῶν
3321 3540 3512 3609 ἐπιτη-

1832 3626 1989 3681 δείων
2035 3626 2222 3681 λαϐεῖν
2268 3629 2534 3691 σπεύδων,
2561 3629 2697 3700 ὁμοῦ
2716 3626 2782 3682 δὲ
2813 3627 3237 3697 ἀσθενεστέρους
3281 3626 3512 3697 ἐργάσε-

1836 3712 1960 3767 σθαι
2005 3714 2084 3787 τῷ
2132 3715 2316 3787 μόχθῳ
2346 3717 2447 3788 τῆς
2474 3716 2782 3788 ὁδοιπορίας
2810 3714 3047 3779 ἐλπίζων
3066 3731 3079 3743 ·
3108 3714 3138 3767 ὖ
3169 3714 3234 3784 δὴ
3282 3715 3375 3767 καὶ
3420 3716 3512 3768 ἐπὶ

1833 3801 1928 3855 τοῦ
1961 3803 2235 3876 μακαρίου
2259 3805 2452 3858 τούτου
2475 3804 2799 3875 πεποίηκεν.
2819 3801 2951 3855 Ἀπὸ
2971 3801 3079 3875 γὰρ
3107 3804 3208 3873 τῆς
3233 3801 3511 3872 ἡμετέρας

1836 3888 2043 3954 πόλεως
2075 3893 2156 3952 είς
2196 3889 2297 3961 τὴν
2333 3889 2555 3962 Ῥώμην
2602 3890 2765 3944 αὐτὸν
2813 3889 3094 3953 ἐκάλεσεν,
3134 3889 3511 3960 μακροτέρους

1835 3976 1984 4048 αὐτῷ
2028 3977 2199 4042 τιθεὶς
2229 3979 2355 4042 τούς
2387 3978 2636 4042 διαύλους
2679 3976 2774 4032 τοῦ
2821 3977 3045 4047 δρόμου,
3076 3976 3174 4031 καὶ
3216 3975 3297 4047 τῷ
3345 3978 3512 4048 μήκει

1834 4068 1934 4137 τῆς
1959 4064 2081 4120 ὁδοῦ
2105 4066 2201 4120 καὶ
2233 4064 2311 4137 τῷ
2332 4065 2527 4136 πλήθει
2563 4066 2672 4119 τῶν
2697 4064 2924 4136 ἡμερῶν
2954 4065 3015 4118 τὸ
3042 4064 3299 4137 φρόνημα
3340 4081 3513 4118 κατα-

1837 4153 2054 4208 ϐάλλειν
2102 4153 2266 4208 αὐτοῦ
2312 4152 2650 4225 προσδοκῶν,
2691 4153 2794 4206 οὐκ
2838 4151 2994 4216 είδὼς
3036 4153 3120 4206 ὅτι
3166 4152 3513 4225 συνέμπορον

1836 4240 1975 4312 ἔχων
2005 4240 2212 4311 Ἰησοῦν
2240 4240 2334 4293 καὶ
2361 4239 2738 4311 συναπόδημον
2765 4239 2867 4310 τῆς
2886 4239 3155 4312 τοσαύτης
3178 4234 3511 4312 ὁδοιπορίας,

1841 4329 2186 4401 ἰσχυρότερος
2221 4327 2422 4400 μᾶλλον
2461 4327 2687 4397 ἐγίνετο,
2733 4328 2829 4382 καὶ
2872 4323 2972 4400 τῆς
3003 4327 3122 4400 μετ’
3142 4328 3307 4382 αυτοῦ
3346 4328 3513 4383 δυνά-

1840 4432 1989 4487 μεως
2031 4415 2199 4488 οῦσης
2240 4416 2464 4470 πλείονα
2508 4419 2736 4487 παρεῖχε
2787 4415 2887 4488 τὴν
2936 4412 3231 4481 ἀπόδειξιν,
3277 4416 3372 4469 καὶ
3414 4414 3515 4479 τὰς

1851 4504 2179 4576 Ἐκκλησίας
2226 4506 2541 4575 συνεκρότει
2595 4505 2878 4577 μειξόκκος.
2933 4506 2998 4560 Δί
3050 4505 3161 4577 γάρ
3215 4505 3357 4559 κατά
3415 4505 3513 4578 τὴν

1838 4593 1955 4648 ὁδὸν
2001 4593 2185 4657 πόλεις
2234 4594 2626 4665 συντρέχουσαι
2662 4594 2925 4648 πάντοθεν
2959 4594 3177 4665 ἤλειφον
3218 4594 3309 4648 τὸν
3341 4594 3513 4664 ἀθλη-

1838 4681 1956 4751 τὴν,
1993 4681 2086 4734 καὶ
2134 4679 2272 4751 μετὰ
2304 4680 2518 4734 πολλῶν
2550 4680 2862 4752 ἐξέπεμπον
2904 4681 3014 4736 τῶν
3042 4681 3295 4751 ἐφοδίων,
3330 4683 3516 4753 εὐχαῖς

1842 4769 1933 4823 καὶ
1959 4768 2279 4840 πρεσϐείαις
2306 4768 2457 4839 αὐτῷ
2486 4769 3010 4841 συναγωνιζόμεναι.
3043 4770 3157 4824 Kal
3179 4771 3343 4825 αὐταὶ
3374 4772 3431 4826 δέ
3453 4773 3514 4825 οὐ

1838 4858 1939 4927 τὴν
1985 4856 2254 4928 τυχοῦσαν
2297 4856 2645 4929 παράκλησιν
2687 4857 2994 4928 ἐλάμϐανον
3026 4859 3169 4928 μετά
3204 4860 3517 4932 προθυμίας

1839 4944 2104 5014 τοσαύτης
2151 4945 2244 4997 ἐπὶ
2289 4943 2520 4998 θάνατον
2564 4943 2828 5015 τρέχοντα
2875 4944 3081 5015 ὁρῶσαι
3111 4947 3203 5000 τὸν
3238 4947 3512 5018 μάρτυρα,

1845 5033 1960 5103 μεθ’
1983 5034 2114 5102 ὅσης
2142 5032 2289 5095 εἰκὸς
2334 5028 2403 5104 ἦν
2452 5031 2542 5085 τὸν
2589 5031 2682 5085 ἐπὶ
2713 5031 2961 5103 βασίλεια
2996 5033 3330 5099 καλούμενον
3360 5034 3429 5088 τά
3457 5036 3516 5088 ἐν

1839 5119 2072 5191 οὐρανῷ.
2110 5120 2222 5173 Kal
2252 5119 2341 5173 διὰ
2368 5119 2480 5172 τῶν
2508 5119 2686 5191 ἔργων
2717 5122 3022 5191 ἐμάνθανον
3054 5123 3254 5185 αὐτῶν,
3282 5121 3370 5175 διά
3414 5121 3516 5193 τῆς

1839 5208 1934 5261 τοῦ
1961 5207 2206 5276 γενναίου
2242 5206 2551 5279 προθυμίας
2574 5206 2782 5262 ἐκείνου
2813 5210 2908 5262 καὶ
2938 5208 3316 5280 φαιδρότητος,
3351 5209 3515 5263 ὅτιού

1841 5296 2071 5360 θάνατος
2093 5291 2159 5367 ῆν
2188 5295 2272 5365 ἐφ’
2295 5295 2356 5348 δν
2382 5295 2625 5366 ἔτρεχεν,
2667 5295 2781 5349 ἀλλ’
2802 5295 3079 5366 ἀποδημία
3109 5313 3193 5358 τις
3221 5296 3314 5349 καὶ
3351 5299 3517 5367 μετά-

1841 5402 2051 5450 στασις,
2084 5384 2177 5438 καὶ
2211 5383 2345 5455 πρὸς
2378 5384 2472 5437 τὸν
2506 5383 2734 5456 οὐρανὸν
2765 5384 3047 5447 ἀνάϐασις.
3086 5384 3197 5438 Kal
3231 5384 3407 5439 ταῦτα
3435 5388 3516 5439 δι-

1844 5475 2055 5529 δὶισκων
2082 5471 2225 5525 κατά
2254 5473 2435 5525 πᾶσαν
2462 5473 2618 5526 πόλιν
2660 5471 2826 5542 ἀπῄει
2847 5484 2873 5512 ι
2903 5470 2992 5524 διὰ
3042 5471 3152 5524 τῶν
3201 5471 3396 5538 λόγων,
3427 5475 3515 5530 διὰ

1841 5562 1950 5616 τῶν
1999 5561 2342 5633 πραγμάτων
2385 5562 2586 5615 αὐτῶν.
2617 5561 2727 5615 Kal
2777 5561 2912 5631 ὅπερ
2955 5561 3049 5613 ἐπὶ
3090 5560 3199 5614 τῶν
3245 5562 3516 5617 Ἰουδαίων

1844 5648 2063 5719 συνέϐη,
2093 5649 2181 5702 ὅτε
2211 5649 2303 5702 τὸν
2352 5649 2562 5703 Παῦλον
2601 5648 2859 5719 δήσαντες
2893 5652 2985 5703 καὶ
3031 5650 3112 5712 εἰς
3157 5648 3256 5719 τὴν
3294 5650 3517 5721 Ῥώμην

1844 5737 2256 5802 ἀποστείλαντες
2318 5738 2565 5808 ἐνόμιζον
2637 5737 2735 5808 μὲν
2799 5739 2890 5791 ἐπὶ
2945 5738 3174 5792 θάνατον
3229 5739 3472 5810 πέμπειν
3501 5783 3515 5802 ,

1848 5828 2095 5897 ἔπεμπον
2115 5827 2170 5880 δέ
2196 5829 2307 5890 τοῖς
2346 5829 2461 5879 ἐκεῖ
2494 5826 2836 5881 κατοικοῦσιν
2873 5829 3149 5893 Ἰουδαίοις
3172 5827 3512 5896 διδάσκαλον,

1912 5932 1936 5957 ⁸¹
1967 5928 2100 5979 Unus
2121 5943 2209 5979 ms.
2242 5928 2424 5991 Rpgius
2448 5928 2597 5987 ἐπῄει.

3045 6002 3119 6059 12
