3860 6286
367 379 470 439 393
1131 383 1189 440 S.
1227 383 1510 442 JOANNIS
1547 377 2031 439 CIIRYSOSTOMI
2069 377 2384 437 ARCIIIEP.
2426 375 2974 443 CONSTANTINOP.

361 499 520 553 τοῦτο
568 498 676 571 δὴι
711 499 804 553 καὶ
855 500 944 552 ἐπὶ
986 500 1238 564 Ἰγνατίου
1285 501 1474 569 γέγονε
1526 499 1664 567 μετά
1708 497 2024 570 περιουσίας

363 593 529 650 τινός,
561 587 695 640 Οὐδὲ
723 587 829 659 γὰρ
870 588 982 650 τοῖς
1019 589 1118 658 τὴν
1154 587 1370 658 Ῥώμην
1413 586 1622 640 οἰκοῦσι
1654 586 1857 658 μόνοις,
1889 586 2024 638 ἀλλά

364 676 461 729 καὶ
489 677 609 738 ταῖς
636 677 693 728 ἐν
728 673 804 744 τῷ
839 674 990 745 μέσῳ
1020 674 1302 745 κειμέναις
1334 673 1553 728 πόλεσιν
1595 675 1836 738 ἀπάσαις
1878 674 2024 727 διδά-

366 763 564 826 σκαλος
595 763 759 834 ἀπῄει
792 763 1111 833 Θαυμάσιος,
1140 763 1342 816 πείθων
1375 765 1736 834 καταφρονεῖν
1763 765 1861 833 τῆς
1885 779 2026 831 παρ-

360 849 528 920 ούσης
555 850 723 920 ζωῆς,
757 851 850 903 καὶ
884 850 1051 920 μηδὲν
1078 849 1326 920 ἡγεῖσθαι
1350 850 1417 904 τὰ
1446 850 1776 921 βλεπόμενα,
1803 849 2026 903 καὶτῶν

366 936 664 1005 μελλόντων
713 938 866 1009 ἐρᾷν,
897 937 991 991 καὶ
1041 938 1178 1008 πρὸς
1223 937 1316 990 τὸν
1365 937 1594 1009 οὐρανὸν
1646 936 1884 1007 βλέπειν,
1932 936 2026 988 καὶ

365 1023 502 1093 πρὸς
551 1023 714 1094 μηδὲν
760 1026 868 1078 τῶν
896 1027 953 1078 ἐν
983 1023 1063 1095 τῷ
1092 1025 1317 1094 παρόντι
1345 1024 1445 1095 βίῳ
1475 1022 1661 1076 δεινῶν
1703 1020 2024 1092 ἐπιστρέφε-

369 1110 510 1163 σθαι.
539 1111 722 1166 Ταῦτα
752 1111 861 1184 γάρ
892 1111 986 1165 καῖ
1011 1112 1078 1164 τά
1101 1110 1304 1165 τούτων
1333 1111 1554 1164 πλείονα
1582 1110 1671 1164 διά
1710 1110 1819 1162 τῶν
1849 1108 2026 1179 ἔργων

369 1199 568 1263 αὐτοὺς
590 1199 858 1254 παιδεύων
885 1200 1072 1263 ῶδευε,
1096 1200 1347 1270 καθάπερ
1375 1199 1525 1271 ἥλιός
1552 1215 1636 1262 τις
1673 1195 1733 1262 ἐξ
1763 1195 2027 1266 ἀνατολῆς

369 1286 605 1357 ἀνίσχων
653 1289 748 1341 καὶ
795 1289 933 1359 πρὸς
967 1289 1066 1359 τὴν
1111 1287 1262 1341 δύσιν
1308 1287 1548 1358 τρέχωνο
1588 1285 1788 1356 μᾶλλον
1832 1284 1888 1337 δέ
1934 1283 2028 1336 καὶ

367 1375 558 1426 τούτου
607 1375 994 1446 φαιδρότερος·
1047 1366 1202 1438 οὗτος
1238 1374 1334 1444 μὲν
1377 1373 1486 1444 γάρ
1535 1372 1742 1426 ἀνωθεν
1783 1371 2024 1442 ἔτρεχεν,

365 1463 621 1533 αἰσθητὸν
668 1463 818 1531 ἀγων
866 1463 1001 1532 φῶς,
1021 1461 1276 1530 Ἰγνάτιος
1309 1461 1365 1514 δέ
1414 1460 1658 1515 κάτωθεν
1692 1459 2024 1528 ἀντέλαμπε,

366 1550 556 1618 νοητὸν
593 1549 708 1618 φῶς
741 1549 1088 1612 διδασκαλίας
1142 1551 1265 1611 ταῖς
1313 1549 1510 1619 ψυχαῖς
1551 1547 1744 1610 ἐνιείς’
1780 1547 2028 1607 κάκεῖνος

371 1639 470 1708 μὲν
515 1640 594 1700 εἰς
639 1637 708 1690 τὰ
751 1638 850 1708 τῆς
895 1636 1100 1700 δύσεως
1140 1636 1317 1690 ἀπιὼν
1374 1635 1514 1708 μέρη
1559 1634 1881 1706 κρύπτεται,
1936 1634 2031 1686 καὶ

368 1724 540 1778 νύκτα
582 1724 784 1788 εὐθέως
810 1724 1004 1792 ἐπάγει
1032 1741 1045 1755 ·
1082 1717 1234 1787 οὗτος
1259 1723 1317 1777 δὲ
1348 1724 1428 1787 εἰς
1460 1723 1528 1776 τά
1557 1724 1654 1794 τῆς
1681 1721 1885 1785 δύσεως
1924 1722 2031 1774 ἁπ-

367 1811 539 1864 ε).ί)ὼν
571 1813 709 1883 μέρη
737 1812 1084 1884 φαιδρότερον
1105 1812 1311 1864 ἐκεῖθεν
1346 1809 1606 1872 ἀνέτειλε,
1630 1810 1869 1872 καὶτοὺς
1890 1808 2030 1862 κατά

364 1901 462 1971 τὴν
497 1901 614 1954 ὁδὸν
643 1901 887 1964 ἅπαντας
931 1901 1298 1971 εὐεργετήσας
1341 1899 1409 1954 τά
1448 1899 1684 1970 μέγιστα
1707 1915 1721 1928 ·
1755 1897 1942 1969 ἐπειδὴ
1974 1899 2030 1952 δὲ

364 1990 464 2059 τῆς
499 1989 705 2053 πόλεως
740 1988 932 2058 ἐπέϐη,
965 1988 1222 2060 κάκείνην
1262 1988 1571 2058 φιλοσοφεῖν
1598 1987 1901 2040 ἐπαίδευσε.
1933 1987 2030 2040 Διά

367 2076 474 2147 γάρ
503 2075 660 2129 τοῦτο
690 2076 784 2129 καὶ
821 2078 849 2130 ό
878 2075 1010 2140 Θεὸς
1044 2075 1422 2147 συνεχώρησεν
1451 2076 1569 2128 ἐκεῖ
1603 2074 1694 2128 τὸν
1727 2074 1841 2144 βίον
1869 2073 2032 2126 αὐτὸν

366 2165 687 2230 καταλῦσαι,
716 2164 855 2218 ὥστε
879 2165 977 2236 τὴν
1009 2165 1196 2218 τούτου
1229 2163 1375 2236 [599]
1407 2163 1662 2234 τελευτὴν
1689 2162 2031 2217 διδασκάλων

366 2253 616 2321 γενέσθαι
664 2253 942 2317 εὐσεϐείας
981 2256 1090 2317 τοῖς
1122 2253 1220 2323 τήν
1250 2251 1474 2323 Ῥώμην
1515 2250 1758 2305 οἰκοῦσιν
1805 2251 2027 2305 ἅπασιν.

381 2340 571 2410 Ὑμεῖς
605 2341 702 2409 μὲν
732 2341 840 2412 γὰρ
870 2343 938 2410 τῇ
977 2342 1070 2392 τοῦ
1121 2339 1258 2392 Θεοῦ
1305 2341 1488 2410 χάριτι
1525 2339 1781 2410 οὐδεμιᾶς
1821 2337 2032 2392 ἐδέεσθε

368 2427 554 2480 λοιπὸν
590 2427 938 2491 ἀποδείξεως,
962 2427 1324 2498 ἐρριζωμένοι
1355 2424 1497 2479 κατά
1532 2425 1632 2495 τὴν
1656 2425 1840 2478 πίστιν
1865 2441 1880 2454 θ
1905 2425 1954 2478 οἰ
1977 2425 2033 2480 δέ

370 2518 470 2585 τὴν
502 2514 719 2585 Ῥώμην
750 2514 1048 2582 οἰκοῦντες,
1073 2514 1169 2568 ἀτε
1206 2513 1404 2585 πολλῆς
1437 2514 1558 2567 τότε
1587 2511 1842 2576 ἀσεϐείας
1868 2511 2035 2584 οὐσης

370 2605 505 2665 ἐκεῖ,
537 2603 780 2665 πλείονος
821 2601 1050 2674 ἔχρῃζον
1092 2601 1362 2672 βοηθείας.
1393 2600 1492 2654 Διά
1525 2599 1683 2654 τοῦτο
1714 2600 1806 2654 καί
1831 2600 2032 2670 Πέτρος

372 2690 467 2742 καὶ
495 2689 701 2753 Παῦλος
727 2690 821 2743 καὶ
855 2691 972 2760 μετ’
992 2689 1231 2752 ἐκείνους
1257 2683 1410 2753 οὗτος
1454 2690 1571 2742 ἐκεῖ
1613 2689 1812 2752 πάντες
1839 2688 2032 2759 ἐτύθη-

374 2795 505 2830 σανο
536 2777 694 2830 τοῦτο
724 2777 820 2846 μὲν
853 2777 940 2830 ἵνα
972 2777 1322 2847 μολυνθεῖσαν
1360 2777 1458 2848 τὴν
1495 2777 1648 2832 πόλιν
1686 2779 1798 2841 τοῖς
1823 2776 1928 2830 τῶν
1958 2779 2033 2830 εί-

371 2864 554 2917 δώλων
579 2865 794 2934 αἵμασι,
823 2866 937 2927 τοῖς
971 2865 1191 2928 οἰκείοις
1225 2865 1450 2935 αἴμασιν
1477 2863 1846 2934 ἐκκαθάρωσι,
1876 2862 2034 2916 τοῦτο

372 2951 428 3003 δὲ
464 2952 548 3004 ἵνα
576 2951 675 3021 τῆς
705 2951 1052 3014 ἀναστάσεως
1077 2952 1170 3004 τοῦ
1215 2951 1615 3022 σταυρωθέντος
1665 2950 1901 3024 Χριστοῦ
1946 2950 2033 3004 διὰ

371 3037 478 3093 τῶν
509 3038 684 3109 ἔργων
716 3039 1104 3109 παράσχωνται
1142 3039 1241 3110 τὴν
1270 3037 1562 3103 ἀπόδειξιν,
1593 3040 1880 3102 πείσαντες
1907 3040 2034 3102 τοὺς

373 3126 470 3197 τὴν
500 3127 717 3198 Ῥώμην
749 3126 1030 3190 οἰκοῦντας
1063 3127 1139 3191 ὡς
1169 3127 1268 3179 οὐκ
1295 3127 1360 3180 ἂν
1385 3127 1524 3195 μετά
1547 3128 1813 3197 τοσαύτης
1844 3127 2035 3197 ἡδονῆς

373 3215 474 3284 τῆς
513 3216 793 3285 παρούσης
822 3215 1234 3284 κατεφρόνησαν
1269 3213 1434 3284 ζωῆς,
1473 3216 1522 3267 εί
1553 3215 1628 3287 μὴ
1665 3215 1869 3286 σφόδρα
1897 3210 2036 3285 ἦσαν

375 3302 694 3364 πεπεικότες
723 3302 968 3364 ἐαυτούς,
1003 3302 1084 3353 ὅτι
1122 3302 1258 3372 πρὸς
1293 3301 1382 3355 τὸν
1426 3302 1839 3372 ἐσταυρωμένον
1882 3301 2038 3372 ἔμελ-

375 3388 466 3443 λον
493 3389 800 3442 ἀναϐαίνειν
833 3388 1061 3459 Ἰησοῦν,
1103 3390 1196 3443 καὶ
1229 3392 1285 3442 ἐν
1310 3391 1422 3454 τοῖς
1446 3391 1692 3461 οὐρανοῖς
1721 3389 1881 3442 αὑτὸν
1909 3389 2038 3458 ὅψε-

380 3475 525 3530 σθαι.
554 3473 801 3546 Μεγίστη
833 3474 943 3546 γάρ
969 3474 1136 3538 ὅντως
1165 3476 1514 3538 ἀναστάσεως
1545 3475 1814 3540 ἀπόδειξις
1852 3475 1913 3528 τὸ
1948 3477 2038 3530 τὸν

380 3563 656 3634 σφαγέντα
703 3562 934 3634 Χριστὸν
984 3562 1252 3634 τοσαύτην
1295 3563 1433 3633 μετά
1496 3562 1721 3616 θάνατον
1767 3563 2038 3626 ἐπιδείξα-

383 3650 506 3705 σθαι
543 3650 792 3720 δύναμιν,
827 3649 903 3713 ὡς
940 3649 1066 3712 τούς
1095 3647 1302 3713 ζῶντας
1348 3648 1663 3721 ἀνθρώπους
1713 3652 1896 3702 πεῖσαι
1946 3651 2041 3702 καὶ

381 3737 655 3808 πατρίδος,
714 3737 808 3790 καὶ
850 3736 1048 3801 οίκίας,
1101 3737 1192 3790 καὶ
1229 3737 1417 3805 φίλων,
1447 3738 1539 3790 καὶ
1590 3738 1894 3806 συγγενῶν,
1947 3737 2040 3791 καὶ

383 3827 548 3898 αὐτῆς
571 3826 845 3897 ὑπεριδεῖν
868 3824 966 3894 τῆς
986 3823 1131 3895 ζωῆς
1159 3823 1299 3896 ὑπὲρ
1321 3823 1416 3895 τῆς
1438 3826 1517 3888 είς
1545 3824 1706 3877 αὐτὸν
1727 3824 2037 3894 ὁμολογίας,

382 3915 475 3968 καὶ
507 3915 808 3984 μάστιγας,
859 3913 952 3965 καὶ
985 3911 1298 3977 κινδύνους,
1354 3913 1448 3966 καὶ
1486 3911 1716 3966 θάνατον
1757 3912 1878 3966 ἀντὶ
1929 3912 2040 3966 τῶν

382 4002 665 4072 παρόντων
695 4000 867 4072 ἡδέων
903 3999 1139 4054 ἐλέσθαι.
1163 3999 1351 4054 Ταῦτα
1377 4001 1486 4072 γάρ
1512 4000 1632 4070 οὐχὶ
1655 3998 1852 4071 νεκροῦ
1875 4016 2038 4065 τινος,

381 4089 502 4142 οὐδὲ
525 4089 618 4144 ἐπὶ
655 4088 734 4159 τῷ
761 4087 916 4158 τάφῳ
956 4089 1257 4159 μείναντος,
1284 4088 1399 4141 ἀλλ’
1426 4087 1756 4151 ἀναστάντος
1785 4088 1878 4140 καὶ
1903 4087 2041 4151 ζῶν-

380 4191 473 4242 τος
501 4175 568 4250 ἦν
591 4177 657 4230 τά
693 4176 1112 4248 κατορθώματα.
1147 4176 1300 4230 Ἐπεὶ
1329 4177 1444 4240 πῶς
1465 4175 1530 4231 ἂν
1550 4176 1662 4247 ἔχοι
1687 4175 1864 4244 λόγον,
1883 4175 2044 4246 ἡνίκα

391 4267 483 4338 μέν
508 4265 625 4336 ἔζη,
654 4267 779 4330 τοὺς
816 4265 1072 4328 συνόντας
1117 4263 1267 4335 αὐτῷ
1317 4265 1527 4327 πάντας
1565 4263 1897 4326 ἀποστόλους
1936 4261 2044 4315 ἀπὸ

384 4355 476 4408 τοῦ
511 4355 677 4424 φόϐου
711 4353 1034 4422 γενομένους
1065 4352 1488 4423 ἀσθενεστέρους
1528 4351 1822 4421 προδοῦναι
1855 4349 1943 4403 τὸν
1969 4349 2046 4401 δι-

385 4441 674 4506 δάσκαλον,
703 4442 798 4495 καὶ
828 4440 1127 4510 φεύγοντας
1151 4439 1427 4505 ἀπελθεῖν,
1458 4439 1647 4510 ἐπειδὴ
1676 4439 1731 4491 δέ
1765 4437 2046 4508 ἐτελεύτη-

390 4546 500 4594 σεν,
542 4530 617 4600 μὴ
651 4529 810 4600 μόνον
834 4529 1038 4600 Πέτρον
1077 4529 1171 4582 καὶ
1204 4527 1416 4581 Παῦλον
1440 4567 1455 4592 ,
1485 4527 1620 4580 ἀλλά
1659 4527 1750 4579 καὶ
1788 4526 2045 4595 Ἰγνάτιον

388 4620 478 4670 τὸν
510 4617 630 4669 οὐδέ
685 4616 968 4687 ἑωρακότα
1026 4615 1210 4678 αὐτὸν,
1260 4614 1384 4667 οὐδὲ
1421 4612 1832 4666 ἀπολελαυκότα
1880 4611 2043 4664 αὐτοῦ

389 4705 488 4774 τῆς
517 4704 801 4765 συνουσίας
827 4701 1097 4772 τοσαύτην
1126 4703 1265 4771 ὑπὲρ
1297 4701 1464 4755 αὐτοῦ
1507 4700 1814 4770 προθυμίαν
1848 4699 2048 4753 ἐπιδεί-

392 4789 606 4857 ξασθαι,
627 4789 700 4853 ὡς
722 4791 816 4843 καὶ
837 4791 1005 4861 αὐτὴν
1029 4790 1095 4842 δι’
1117 4789 1278 4843 αὑτὸν
1302 4788 1576 4843 ἐπιδοῦναι
1603 4787 1699 4859 τὴν
1724 4788 1933 4860 ψυχήν;

463 4971 524 5017 ε’.
549 4956 752 5016 ’Ἰνόῦν
776 4961 943 5016 ταῦτα
965 4961 1109 5034 ἔργῳ
1127 4961 1370 5033 μάθωσιν
1388 4963 1436 5017 οἰ
1465 4961 1564 5033 τὴν
1592 4961 1775 5034 Ῥώμη
1791 4990 1811 5016 α
1836 4965 2050 5021 οἰκοῦν-

392 5068 485 5117 τες
511 5053 770 5114 ἀπαντες,
805 5051 1183 5123 συνεχώρησεν
1215 5053 1242 5103 ὁ
1280 5050 1412 5114 Θεὸς
1437 5052 1554 5104 ἐκεῖ
1572 5051 1928 5123 τελειωθῆναι
1961 5055 2052 5108 τὸν

395 5142 568 5208 ἅγιον.
601 5142 710 5194 Καὶ
735 5141 815 5194 ὅτι
845 5139 983 5209 αὐτη
1018 5140 1166 5192 ἐστὶν
1191 5140 1223 5210 ἡ
1255 5138 1422 5203 αἰτία,
1453 5138 1512 5202 ἐξ
1541 5138 1704 5192 αὐτοῦ
1724 5139 1820 5192 τοῦ
1849 5141 2051 5213 τρόπου

395 5230 493 5299 τῆς
523 5228 778 5299 τελευτῆς
809 5228 964 5280 τοῦτο
991 5227 1334 5297 πιστώσομαι
1369 5225 1416 5280 ι).
1451 5226 1525 5278 Οὑ
1566 5226 1674 5298 γάρ
1720 5226 1825 5292 ἔξω
1861 5231 2055 5300 τειχῶν

455 5494 480 5523 ⁸
505 5495 652 5544 Savil.
674 5492 815 5541 τοῦτο
836 5494 902 5542 δέ.

456 5555 486 5594 δ
515 5555 647 5604 Unus
671 5555 792 5616 Reg.
812 5615 815 5616 ν
834 5552 974 5602 τοῦτο
1015 5554 1156 5608 δεῖξαι
1175 5552 1479 5616 πειράσομαι,
1511 5557 1562 5602 el
1587 5555 1656 5604 sic
1676 5554 1824 5603 SaVil.
1853 5557 1902 5604 in
1927 5569 2058 5604 mar-

389 5613 528 5677 gine,
555 5623 703 5678 διψιε
725 5613 790 5663 ἱιά
811 5615 994 5675 legisse
1019 5617 1211 5678 videtur
1231 5613 1387 5662 Zinus‘
1404 5617 1718 5678 et_iuterpres
1741 5617 1948 5678 vulgatae
1972 5618 2059 5666 Ια-

391 5675 528 5726 (inae.
556 5675 727 5739 Mdu-el.
753 5688 870 5739 vero
891 5683 944 5739 ει
972 5677 1120 5724 Savil.
1147 5677 1198 5722 in
1237 5682 1373 5739 textu
1391 5675 1538 5739 τοῦτο
1578 5675 1901 5739 πιστώσομᾷι.
1948 5678 2058 5727 Mox

412 5753 478 5785 »γυ
501 5739 548 5785 ἐν
567 5735 866 5802 ,δικαστηρίῳ
884 5737 1150 5802 jnlerpres,
1174 5737 1256 5798 qui
1281 5735 1444 5799 venit,
1470 5737 1518 5788 in
1541 5751 1756 5800 carcere,
1777 5735 1960 5802 legisse
1991 5741 2060 5788 vi-

422 5807 535 5848 elnr
559 5798 608 5846 ἂν
628 5797 951 5860 δεσμωτηρίῳ.

3696 383 3808 440 591

2129 497 2186 549 ἐν
2216 495 2495 570 βαράθρῳ,
2536 499 2656 553 οὐδὲ
2682 503 2738 554 ἐν
2760 501 3118 574 δικαστηρίῳ,
3146 504 3265 560 οὐδὲ
3288 504 3346 559 ἐν
3368 505 3548 579 γωνίᾳ
3570 523 3691 559 τινι
3714 503 3819 575 τὴν

2128 585 2589 650 καταδικάζουσαν
2611 589 2828 655 ἐδέξατο
2848 591 3044 660 ψῆφον,
3065 592 3180 644 ἀλλ’
3202 595 3258 647 ἐν
3283 594 3434 664 μέσῳ
3455 593 3536 663 τῷ
3559 593 3822 662 θεάτρῳ.

2123 676 2222 744 τῆς
2256 674 2463 738 πόλεως
2488 676 2600 729 ἀνω
2628 677 3000 749 καθεζομένης
3040 679 3279 751 ἀπάσης.
3323 681 3414 734 τὸν
3449 680 3549 733 τοῦ
3583 698 3822 751 μαρτυ-

2128 763 2242 830 ρίου
2271 762 2473 833 τρόπον
2504 763 2784 834 ὑπέμεινε,
2817 765 3020 836 θηρίων
3043 767 3131 819 ἐπ’
3162 768 3325 821 αὐτὸν
3355 767 3710 836 ἀφεθέντων,
3745 769 3824 820 ἶν’

2127 847 2231 900 ὑπὸ
2262 851 2384 911 ταῖς
2406 849 2662 902 ἀπάντων
2704 851 2862 920 δψεσι
2881 852 2941 906 τὸ
2975 853 3240 923 τρόπαιον
3280 855 3484 926 στήσας
3522 855 3679 908 κατά
3712 855 3822 907 τοῦ

2125 936 2396 1004 διαϐόλου,
2442 941 2571 1003 τοὺς
2612 939 2815 1004 θεατάς
2845 942 3091 1005 ἅπαντας
3141 941 3390 1012 ζηλωτὰς
3425 944 3648 1017 ποιήσῃ
3699 944 3824 996 τῶν

2125 1025 2526 1096 ἀγωνισμάτων
2547 1026 2656 1080 τῶν
2682 1027 2901 1091 ἐαυτοῦ,
2933 1029 3034 1082 οὐκ
3067 1029 3428 1100 ἀποθνήσκων
3460 1031 3632 1100 μόνον
3663 1030 3821 1083 οὑτω

2125 1114 2408 1181 γενναίως,
2433 1113 2570 1168 ἀλλά
2595 1115 2690 1169 καὶ
2719 1115 2837 1187 μεθ’
2864 1116 3057 1188 ἡδονῆς
3077 1116 3457 1189 ἀποθνήσκων.
3484 1119 3567 1171 Οὐ
3591 1119 3713 1189 γὰρ
3737 1120 3817 1180 ὡς

2127 1201 2272 1272 ζωῆς
2299 1202 2744 1274 ἀπορῤήγνυσθαι
2773 1202 3004 1273 μέλλων,
3045 1203 3159 1257 ἀλλ’
3193 1204 3269 1268 ὡς
3296 1205 3386 1258 ἐπὶ
3411 1205 3564 1276 ζωὴν
3604 1206 3816 1260 x4155.

2131 1306 2289 1360 μενος
2322 1288 2513 1359 βελτίω
2565 1291 2658 1342 καὶ
2710 1292 3252 1362 πνευματικωτέραν,
3306 1291 3482 1354 οὕτως
3541 1295 3809 1364 ἀσμένως

2128 1377 2275 1448 ἐώρα
2295 1378 2362 1431 τὰ
2384 1377 2567 1448 θηρία.
2599 1376 2771 1430 Πόθεν
2799 1377 2956 1430 τοῦτο
2983 1371 3178 1448 δῆλον;
3226 1379 3358 1432 Ἀπὸ
3381 1380 3493 1432 τῶν
3532 1382 3809 1451 ῥημάτων

2126 1457 2200 1515 ὧν
2238 1464 2602 1534 ἀποθνήσκειν
2642 1463 2850 1533 μέλλων
2891 1464 3211 1534 ἐφθέγξατο.
3268 1465 3542 1530 ’Ἀκούσας
3581 1469 3701 1538 γὰρ
3729 1470 3807 1521 ὅτι

2129 1543 2281 1614 οὗτος
2310 1550 2471 1603 αὐτὸν
2513 1551 2612 1620 τῆς
2651 1552 2924 1623 τιμωρίας
2955 1553 2983 1605 ό
3014 1553 3216 1623 τρόπος
3275 1553 3448 1623 μένει,
3495 1555 3662 1624 Ἐγὼ
3695 1555 3812 1607 τῶν

2129 1639 2346 1704 θηρίων
2389 1638 2640 1690 ἐκείνων
2697 1639 2980 1706 ὀναίμην,
3033 1639 3239 1708 ἔλεγεν.
3287 1640 3538 1694 Τοιοῦτοι
3599 1641 3717 1714 γάρ
3760 1645 3808 1693 οἰ

2129 1724 2380 1792 ἐρῶντες·
2405 1725 2542 1794 ὅπερ
2567 1722 2634 1776 ἂν
2669 1723 2950 1795 πάσχωσιν
2999 1725 3140 1796 ὑπὲρ
3173 1725 3280 1779 τῶν
3309 1727 3644 1797 ἐρωμένων,
3689 1730 3809 1796 μεθ’

2131 1811 2324 1882 ἡδονῆς
2366 1810 2645 1882 δέχονται,
2690 1811 2786 1864 καὶ
2837 1811 2961 1864 τότε
3005 1811 3255 1866 δοκοῦσιν
3289 1814 3666 1884 ἐμφορεῖσθαι
3710 1817 3811 1883 τῆς

2133 1897 2447 1970 ἐπιθυμίας,
2473 1897 2601 1951 ὅταν
2626 1897 2804 1970 πολλῷ
2832 1898 3183 1971 χαλεπώτερα
3268 1900 3336 1953 τὰ
3358 1901 3651 1972 γινόμενα·
3674 1903 3810 1972 ὅπερ

2132 1982 2224 2039 οῦν
2241 1987 2332 2039 καὶ
2358 1987 2450 2039 ἐπὶ
2466 1985 2657 2038 τούτου
2685 1985 3015 2040 συνέϐαινεν.
3036 1988 3110 2040 Οὐ
3130 1988 3238 2060 γὰρ
3260 1987 3335 2058 τῷ
3360 1988 3586 2060 θανάτῳ
3618 1989 3809 2060 μόνον,

2132 2074 2266 2129 ἀλλά
2299 2074 2393 2128 καὶ
2425 2077 2490 2146 τῇ
2517 2073 2798 2146 προθυμίᾳ
2827 2075 3066 2144 ζηλῶσαι
3111 2077 3236 2140 τοὺς
3275 2074 3428 2150 [600]
3462 2077 3812 2139 ἀποστόλους

2132 2161 2378 2216 ἔσπευδε’
2397 2163 2492 2217 καὶ
2512 2162 2726 2216 ἀκούων
2746 2163 2827 2216 ὅτι
2851 2162 3235 2233 μαστιχθέντες
3247 2165 3444 2216 ἐκεῖνοι
3465 2166 3612 2234 μετά
3633 2168 3817 2236 χαρᾶς

2133 2251 2462 2322 ἀνεχώρουν,
2499 2251 2762 2322 ἐϐουλήθη
2788 2251 2881 2304 καὶ
2918 2251 3080 2315 αὐτὸς
3120 2251 3195 2323 μὴ
3236 2254 3304 2322 τῇ
3333 2251 3566 2324 τελευτῇ
3606 2255 3810 2324 μόνον,

2134 2338 2270 2392 ἀλλά
2303 2339 2396 2392 καὶ
2418 2341 2480 2409 τῇ
2520 2339 2664 2409 χαρᾷ
2712 2337 3054 2409 μιμήσασθαι
3104 2338 3232 2402 τούς
3269 2338 3672 2403 διδασκάλου;’
3723 2342 3813 2393 διὰ

2135 2425 2311 2487 τοῦτο,
2350 2425 2471 2481 Τῶν
2495 2425 2736 2491 θηρίων,
2767 2423 2974 2493 ἔλεγεν,
3005 2425 3280 2494 ὀναίμην.
3313 2426 3423 2479 Καὶ
3448 2426 3640 2496 πολλῷ
3684 2429 3815 2479 τού-

2133 2529 2242 2565 των
2283 2511 2612 2584 ἡμερώτερα
2669 2511 2738 2564 τά
2801 2511 3014 2582 τόματα
3065 2512 3313 2583 ἐνόμιζεν
3359 2509 3498 2566 εῐναι
3546 2514 3660 2584 τῆς
3713 2516 3810 2568 τοῦ

2134 2599 2393 2669 τυράννου
2423 2597 2699 2669 γλώττης,
2740 2599 2834 2652 καὶ
2867 2598 3011 2669 μάλα
3038 2597 3282 2663 είκότως·
3335 2599 3523 2670 ἐκείνη
3562 2605 3669 2670 μὲν
3700 2603 3810 2671 γὰρ

2135 2687 2270 2758 πρὸς
2297 2687 2396 2756 τὴν
2433 2685 2656 2754 γέενναν
2696 2686 2900 2749 ἐκάλει,
2928 2685 2996 2740 τά
3031 2685 3088 2738 δὲ
3143 2686 3346 2740 τούτων
3386 2688 3642 2758 στόματα
3669 2689 3808 2759 πρὸς

2138 2773 2414 2845 βασιλείαν
2450 2773 2837 2844 παρέπεμπεν.
2884 2774 3102 2845 Ἐπειδὴ
3142 2775 3322 2827 τοίνυν
3358 2775 3668 2828 κατέλυσεν
3694 2779 3812 2830 ἐκεῖ

2135 2863 2231 2934 τὴν
2263 2861 2426 2933 ζωὴν,
2467 2861 2664 2932 μᾶλλον
2697 2862 2755 2915 δὲ
2799 2861 2987 2932 ἐπειδὴ
3012 2862 3148 2934 πρὸς
3181 2864 3274 2916 τὸν
3313 2863 3544 2935 οὐρανὸν
3592 2865 3767 2933 ἀνέϐη
3789 2902 3805 2926 ,

2137 2949 2361 3020 ἐπανῄει
2385 2949 2708 3021 στεφανίτης
2735 2948 2944 3004 λοιπόν.
2983 2951 3092 3004 Καὶ
3130 2950 3240 3022 γὰρ
3270 2951 3365 3004 καὶ
3392 2950 3553 3004 τοῦτο
3581 2953 3684 3021 τῆς
3714 2952 3806 3004 τοῦ

2137 3047 2271 3101 Θεοῦ
2295 3047 2518 3116 γέγονεν
2547 3047 2884 3119 οἰκονομίας,
2933 3046 2995 3100 τὸ
3044 3048 3208 3102 πάλιν
3257 3049 3421 3102 αὐτὸν
3476 3050 3620 3120 πρὸς
3655 3052 3811 3119 ἡμᾶς

2137 3145 2525 3213 ἐπαναγαγεῖν,
2557 3144 2652 3198 καὶ
2705 3147 2829 3208 ταῖς
2858 3144 3045 3198 πόλεσι
3077 3145 3350 3215 διανεῖμαι
3377 3146 3468 3200 τὸν
3520 3148 3807 3218 μάρτυρα.

2149 3231 2363 3302 Ἐκείνη
2400 3231 2498 3302 μὲν
2533 3230 2642 3302 γάρ
2669 3230 2834 3285 αὐτοῦ
2865 3231 3060 3295 στάζον
3105 3232 3167 3286 τὸ
3200 3226 3338 3302 αἷμα
3367 3232 3614 3297 ἐδέξατο,
3647 3235 3810 3303 ὑμεῖς

2136 3319 2192 3372 δέ
2221 3319 2300 3390 τῷ
2345 3319 2582 3390 λειψάνῳ
2614 3319 2930 3391 τετίμησθε·
2966 3320 3320 3390 ἀπηλαύσατε
3349 3321 3447 3390 τῆς
3495 3323 3809 3392 ἐπισκοπῆς

2139 3408 2317 3478 ὑμεῖς,
2348 3407 2666 3478 ἀπήλαυσαν
2693 3409 2888 3461 ἐκεῖνοι
2910 3407 3006 3461 τοῦ
3033 3408 3354 3479 μαρτυρίουο
3377 3405 3518 3464 εἶδον
3540 3411 3811 3478 ἀγωνιζό-

2143 3511 2302 3565 μενον
2351 3494 2446 3548 καὶ
2485 3494 2720 3548 νικῶντα
2756 3496 2850 3549 καὶ
2900 3495 3332 3566 στεφανούμενον
3387 3499 3616 3562 ἐκεῖνοι,
3655 3498 3810 3567 ἔχετε

2137 3580 2396 3652 διηνεκῶς
2415 3581 2576 3634 αὐτὸν
2614 3582 2770 3652 ὑμεῖς
2790 3599 2803 3613 ·
2832 3583 3013 3651 ὀλίγον
3048 3583 3200 3654 ὑμῶν
3241 3583 3402 3637 αὐτὸν
3450 3583 3647 3654 χρόνον
3672 3586 3814 3638 ἀπέ-

2141 3695 2336 3748 στησεν
2361 3681 2389 3731 ὸ
2434 3677 2585 3744 Θεὸς,
2604 3679 2697 3730 καὶ
2726 3678 2865 3748 μετά
2887 3678 3130 3742 πλείονος
3155 3679 3283 3751 ὑμῖν
3309 3679 3466 3750 δόξης
3495 3681 3661 3733 αὑτὸν
3683 3684 3811 3750 ἐχαο

2144 3765 2348 3834 ρίσατο.
2381 3766 2488 3817 Καὶ
2531 3764 2781 3836 καθάπερ
2832 3767 2881 3817 οἱ
2931 3766 3298 3837 δανειζόμενοι
3348 3769 3615 3838 χρήματα
3668 3771 3810 3838 μετά

2139 3853 2315 3905 τόκων
2343 3850 2682 3904 ἀποδιδόασιν
2717 3853 2860 3922 ἀπερ
2896 3852 2961 3905 ἂν
3000 3852 3260 3907 λάϐωσιν·
3287 3855 3428 3908 οὑτω
3475 3857 3570 3908 καὶ
3610 3859 3639 3908 ὁ
3674 3857 3808 3919 Θεὸς

2141 3940 2231 3993 τὸν
2253 3940 2431 4010 τίμιον
2458 3939 2646 3992 τοῦτον
2671 3938 2942 4010 θησαυρὸν
2973 3942 3103 4011 παρ’
3134 3941 3287 4012 ὑμῶν
3319 3941 3499 4010 ὀλίγον
3526 3945 3810 4014 χρησάμεο

2141 4044 2226 4090 νος
2252 4027 2463 4097 χρόνον,
2507 4026 2602 4079 καὶ
2628 4029 2692 4098 τῇ
2727 4028 2876 4080 πόλει
2923 4027 3103 4092 δείξας
3139 4029 3343 4103 ἐκείνῃ,
3377 4029 3516 4100 μετὰ
3561 4031 3808 4094 πλείονος

2144 4123 2272 4192 ὑμῖν
2301 4123 2464 4176 αὐτὸν
2493 4121 2800 4176 ἀποδέδωκε
2835 4122 2936 4192 τῆς
2972 4123 3377 4194 λαμπρότητος.
3427 4124 3806 4197 Ἐξεπέμψατε

2143 4210 2252 4282 γὰρ
2275 4210 2701 4274 ἐπίσκοπον,καί
2728 4209 2981 4276 ἐδέξασθε
3011 4211 3286 4283 μάρτυρα·
3313 4211 3667 4282 ἐξεπέμψατε
3694 4219 3808 4284 μετ’

2145 4306 2342 4376 εὐχῶν,
2383 4305 2476 4359 καὶ
2500 4305 2749 4370 ἐδέξασθε
2779 4305 2913 4375 μετὰ
2947 4306 3249 4373 στεφάνων·
3292 4309 3385 4360 καὶ
3415 4309 3514 4377 οὐχ
3569 4309 3733 4380 ὑμεῖς
3761 4311 3810 4362 δέ

2149 4395 2327 4465 μόνον,
2355 4392 2490 4446 ἀλλά
2525 4394 2618 4446 καὶ
2651 4395 2823 4446 πᾶσαι
2849 4393 2904 4444 αἰ
2940 4394 2996 4445 ἐν
3029 4394 3177 4463 μέσῳ
3205 4395 3406 4458 πόλεις.
3439 4395 3563 4458 Πῶς
3587 4398 3702 4468 γὰρ
3731 4399 3812 4450 αὐ-

2145 4481 2243 4545 τάς
2263 4481 2437 4535 οἴεσθε
2456 4479 2758 4533 διακεῖσθαι
2781 4478 2992 4547 ὁρώσας
3015 4481 3425 4552 ἐπαναγόμενον
3443 4483 3503 4535 τὸ
3521 4482 3776 4552 λείψανον
3796 4504 3809 4544 ;

2148 4567 2318 4638 πόσην
2349 4565 2696 4636 καρποῦσθαι
2745 4566 2967 4637 ἡδονήν;
3003 4566 3168 4620 πόσον
3199 4567 3574 4635 ἀγάλλεσθαι;
3616 4571 3810 4632 πόσαις

2147 4655 2442 4724 εὐφημίαις
2472 4652 2734 4706 πάντοθεν
2770 4652 2984 4722 βάλλειν
3020 4653 3112 4706 τὸν
3143 4654 3504 4726 στεφανίτην;
3544 4657 3808 4727 Καθάπερ

2148 4743 2257 4813 γὰρ
2280 4741 2518 4812 ἀθλητὴν
2543 4742 2785 4809 γενναῖον
2806 4741 2932 4802 τοὺς
2950 4740 3354 4808 ἀνταγωνιστάς
3378 4742 3809 4797 καταπαλαίσαν-

2147 4847 2214 4882 τα
2237 4830 2501 4891 ἅπαντας,
2525 4826 2621 4880 καὶ
2655 4826 2793 4897 μετά
2821 4825 3079 4897 λαμπρᾶς
3103 4826 3390 4892 ἐξελθόντα
3402 4828 3563 4899 δόξης
3593 4831 3706 4884 ἀπὸ
3726 4831 3805 4884 τοῦ

2151 4916 2491 4986 σκάμματος,
2525 4913 2727 4976 εὐθέως
2775 4913 3054 4984 δεχόμενοι
3079 4915 3129 4966 οἰ
3166 4913 3377 4978 θεαταὶ,
3408 4916 3517 4968 οὐδ’
3555 4918 3805 4989 ἐπιϐῆναι

2149 5005 2246 5074 τῆς
2273 5004 2377 5074 γῆς
2404 5004 2612 5072 ἀφίασι,
2654 5002 2892 5073 φοράδην
2921 5003 3224 5072 ἀπάγοντες
3245 5002 3450 5068 οἴκαδε,
3475 5006 3572 5059 καὶ
3603 5010 3809 5079 μυρίοις

2155 5091 2437 5162 βάλλοντες
2461 5089 2776 5160 ἐγκωμίοις·
2799 5089 2940 5144 οὑτω
2967 5089 3031 5158 δὴ
3059 5090 3152 5145 καὶ
3172 5090 3264 5144 τὸν
3286 5091 3440 5160 ἀγιον
3468 5093 3590 5145 τότε
3611 5095 3808 5148 ἐκεῖνον

2153 5179 2260 5234 ἀπὸ
2291 5179 2391 5249 τῆς
2425 5176 2642 5248 Ῥώμης
2672 5177 2729 5229 αἱ
2761 5176 2944 5240 πόλεις
2989 5177 3115 5248 ἑξῆς
3145 5177 3548 5249 διαδεχόμεναι,
3601 5183 3698 5236 καὶ
3735 5183 3810 5235 ἐπ’

2153 5267 2319 5339 ῶμων
2350 5266 2611 5336 φέρουσαι
2649 5265 2809 5336 μέχρι
2831 5266 2930 5335 τῆς
2965 5265 3172 5329 πόλεως
3205 5267 3408 5338 ταύτης
3452 5270 3810 5342 παρέπεμπον

2155 5353 2597 5425 ἐγκωμιάζουσαι
2631 5351 2722 5404 τὸν
2757 5353 3106 5424 στεφανίτην,
3129 5354 3466 5424 ἀνυμνοῦσαι
3487 5357 3583 5410 τὸν
3613 5359 3809 5427 ἀγωνο⁴

2155 5442 2340 5514 θέτην,
2373 5441 2750 5509 καταγελῶσαι
2798 5441 2892 5494 τοῦ
2926 5441 3196 5504 διαϐόλου,
3242 5444 3322 5495 ὃτι
3363 5445 3444 5507 εἰς
3481 5445 3546 5498 τὸ
3583 5447 3809 5500 ἐναντίον

2155 5525 2304 5594 αὐτῷ
2339 5523 2677 5602 περιετράπη
2709 5522 2771 5575 τὸ
2819 5523 3082 5593 σόφισμα,
3120 5525 3214 5577 καὶ
3241 5526 3380 5596 ὅπερ
3427 5527 3650 5597 ἐνόμισε
3686 5532 3808 5582 κατὰ

2157 5611 2252 5666 τοῦ
2285 5612 2558 5682 μάρτυρος
2611 5613 2806 5672 ποιεῖν,
2858 5608 3018 5664 τοῦτο
3063 5610 3206 5682 ὑπὲρ
3249 5611 3415 5667 αὑτοῦ
3466 5613 3683 5683 γέγονε.
3719 5617 3804 5670 Καὶ

2157 5699 2279 5752 τότε
2311 5699 2408 5769 μὲν
2438 5703 2534 5761 τὰς
2563 5697 2747 5760 πόλεις
2769 5697 2988 5760 ἁπάσας
3014 5699 3230 5762 ἐκείνας
3253 5698 3429 5770 ὢνησε
3453 5701 3548 5754 καὶ
3573 5703 3810 5773 ἀνώρθι-.·.

2164 5803 2273 5839 σεν·
2291 5786 2347 5852 ἐξ
2369 5785 2574 5840 ἐκείνου
2608 5785 2664 5840 δὲ
2693 5786 2786 5839 καὶ
2813 5785 2975 5856 μέχρι
3003 5786 3104 5855 τῆς
3125 5787 3406 5859 παρούσης
3429 5787 3529 5858 τήν
3559 5789 3804 5860 ὑμετέραν
