3860 6286
225 454 336 513 593

225 561 484 623 miserunt
515 575 889 637 praeceptorem
917 581 930 620 :
957 565 1033 620 sic
1058 564 1217 619 etiam
1239 561 1496 616 abundius
1523 559 1576 616 in
1602 558 1804 630 lgnatio

223 659 422 713 factum
446 667 549 714 est.
581 658 762 729 Neque
788 657 928 712 enim
954 656 1084 712 solis
1108 655 1290 711 Roma:
1317 651 1690 719 habitantibus,
1715 666 1807 704 vc-

227 767 345 804 rum
375 749 535 805 etiam
566 748 811 803 omnibus
839 749 890 801 in
919 756 1029 801 toto
1057 746 1149 801 illo
1184 743 1386 800 itineris
1420 745 1590 813 spatio
1617 741 1803 798 civita-

226 842 372 896 tibus
397 841 687 911 interjectis
707 839 1035 894 admirabilis
1055 837 1306 908 magister
1325 836 1546 902 exstitit,
1575 851 1806 905 praesen-

227 943 338 990 tem
367 935 526 989 vitam
552 931 996 988 contemnendam
1025 930 1242 995 docens,
1266 937 1318 985 et
1345 943 1404 1003 ep
1431 944 1547 996 qua:
1573 943 1804 982 cernun-

229 1039 320 1084 tur
357 1042 454 1098 pro
495 1026 660 1082 nihilo
695 1023 962 1088 ducenda,
1005 1024 1177 1078 futura
1221 1032 1396 1077 autem
1437 1020 1722 1090 diligenda,
1749 1028 1807 1075 et

227 1123 417 1176 oculos
443 1123 496 1174 ln
523 1119 710 1174 cadum
739 1118 1018 1183 tollendos,
1049 1117 1282 1188 nihilque
1309 1116 1449 1187 quod
1489 1115 1539 1169 in
1577 1113 1676 1168 hac
1701 1112 1804 1166 vita
1837 1135 1840 1138 ’

231 1213 404 1281 possit
422 1211 684 1275 accidere,
707 1211 1039 1279 quantumvis
1059 1224 1238 1278 grave,
1264 1206 1644 1261 formidandum
1667 1219 1803 1258 esse.

229 1304 362 1360 Rrec
381 1302 522 1359 enim
544 1312 597 1358 et
622 1301 707 1356 his
729 1303 875 1371 plura
903 1301 1054 1355 factis
1073 1298 1421 1369 comprobans
1443 1299 1540 1351 iter
1560 1293 1804 1358 faciebat,

229 1403 502 1463 tamquam
533 1393 613 1446 sol
643 1393 852 1462 quidam
879 1391 944 1445 ab
965 1391 1173 1446 oriente
1202 1389 1267 1443 ad
1294 1401 1540 1442 occasum
1565 1399 1803 1449 currens,

230 1487 342 1541 imo
371 1500 498 1541 vero
521 1485 632 1540 sole
662 1484 777 1552 ipso
803 1482 1132 1554 splendidior
1156 1480 1343 1535 multo.
1375 1479 1465 1534 Sol
1497 1477 1636 1533 enim
1659 1491 1690 1532 e
1714 1491 1804 1530 su-

231 1576 532 1647 perioribus
558 1574 795 1646 partibus
815 1573 1080 1637 currebat,
1113 1571 1414 1626 sensibilem
1445 1569 1611 1624 oculis
1638 1567 1807 1622 lucem

231 1668 580 1736 impertiens;
627 1665 856 1735 lgnatius
890 1671 1064 1717 autem
1091 1662 1336 1716 deorsum
1363 1657 1691 1729 Splendebat,
1724 1657 1809 1710 in-

233 1755 507 1826 telligibile
550 1753 804 1810 doctrinae
844 1753 1022 1806 lumen
1062 1750 1252 1805 animis
1290 1747 1570 1802 infundens
1600 1765 1613 1801 :
1639 1755 1694 1800 et
1724 1745 1812 1800 ille

232 1847 450 1919 quidem
480 1847 532 1901 in
563 1845 854 1901 occidentis
880 1851 1055 1913 partes
1081 1840 1407 1897 descendens
1433 1837 1774 1895 absconditur
1793 1877 1808 1903 ,

231 1955 296 1994 ac
327 1947 540 1993 noctem
564 1937 840 1991 confestim
867 1933 1114 1998 obducit;
1159 1932 1243 1986 hic
1283 1941 1460 1985 autem
1489 1929 1556 1983 ad
1594 1941 1813 1982 occasus

234 2038 415 2098 partes
436 2026 713 2091 accedens,
732 2024 1053 2095 Splendidius
1077 2039 1127 2077 tn
1150 2022 1252 2076 illis
1268 2022 1453 2087 eluxit,
1481 2029 1534 2076 et
1553 2019 1618 2074 de
1644 2018 1817 2074 omni-

233 2121 335 2175 bus
365 2120 419 2174 in
449 2128 555 2174 tota
584 2118 670 2172 illa
699 2118 783 2172 via
813 2125 894 2172 est
918 2114 1115 2186 optime
1147 2115 1366 2168 meritus
1398 2131 1411 2166 :
1443 2125 1670 2182 cumque
1707 2109 1815 2164 Ro-

235 2227 380 2267 mam
411 2211 754 2282 pervenisset,
786 2224 904 2265 eam
945 2209 1112 2278 ipsam
1154 2206 1338 2261 urbem
1373 2205 1552 2260 docuit
1583 2203 1816 2272 philoso-

235 2304 413 2374 phari.
441 2303 640 2358 Idcirco
661 2303 799 2357 enim
825 2301 964 2356 Deus
985 2299 1223 2370 permisit
1242 2298 1348 2352 illic
1369 2311 1488 2351 eum
1510 2295 1632 2348 vita:
1654 2294 1814 2348 linem

237 2397 482 2467 implere,
521 2405 578 2450 ut
607 2409 750 2450 mors
791 2393 906 2462 ejus
932 2391 1177 2446 omnibus
1211 2389 1433 2443 Romam
1461 2385 1816 2441 incolentibus

238 2491 454 2561 pietatis
492 2489 738 2558 magistra
781 2495 942 2542 esset.
982 2484 1090 2540 Vos
1136 2483 1278 2539 enim
1329 2496 1424 2551 per
1461 2479 1682 2550 gratiam
1724 2476 1816 2531 Dei

240 2583 385 2638 nulla
407 2580 632 2650 amplius
656 2575 891 2648 egebatis
912 2573 1257 2640 institutione,
1280 2587 1400 2627 cum
1421 2570 1610 2628 essetis
1636 2568 1684 2622 in
1715 2567 1817 2623 fide

241 2673 464 2729 radicati
491 2681 543 2727 et
569 2669 770 2725 fundati
795 2686 807 2720 :
831 2675 884 2721 at
915 2667 986 2720 illi
1013 2665 1104 2736 qui
1131 2665 1313 2719 Roma:
1336 2675 1464 2717 tunc
1489 2661 1814 2727 habitabant,

238 2783 360 2822 cum
390 2766 497 2819 illic
522 2777 710 2833 magna
745 2761 944 2830 vigeret
979 2758 1221 2827 impietas
1246 2796 1260 2821 ,
1294 2754 1492 2824 majore
1519 2753 1713 2806 auxilio
1740 2751 1821 2804 itt-

241 2856 513 2929 digebant.
547 2855 671 2910 ideo
695 2853 899 2917 Petrus,
928 2859 981 2904 et
1005 2849 1218 2913 Paulus,
1237 2859 1289 2902 et
1309 2847 1536 2916 lgnatitts
1559 2855 1675 2914 post
1703 2846 1820 2898 illos

243 2950 310 3002 ibi
343 2948 558 3002 fuerunt
582 2942 857 3008 immolati,
889 2951 998 2996 tttm
1023 2947 1082 2994 ut
1109 2938 1372 2993 civitatem
1401 2937 1540 2989 illam
1561 2934 1817 2988 idolorum

241 3039 522 3095 cruoribus
552 3037 804 3106 pollutam
845 3032 1058 3102 preprio
1093 3029 1346 3100 sanguine
1376 3035 1680 3097 purgarent,
1712 3033 1818 3077 tum
1860 3027 1866 3032 ’

245 3142 298 3187 ut
321 3132 578 3202 operibus
608 3128 736 3198 ipsis
759 3123 1166 3181 resurrectionis
1202 3121 1328 3177 Jcsu
1362 3119 1560 3175 Christi
1585 3115 1819 3171 crucifixi

245 3222 605 3280 testimonium
631 3218 900 3283 afferrent,
933 3215 1359 3271 demonstrantes
1393 3211 1478 3276 iis,
1507 3207 1596 3278 qui
1638 3205 1821 3270 Romae

245 3317 529 3388 degebant,
557 3328 616 3369 se
643 3319 960 3382 prmsentem
1003 3309 1162 3362 vitam
1207 3313 1352 3361 tanta
1390 3320 1510 3360 cum
1554 3303 1823 3372 voluptate

245 3422 536 3478 numquam
576 3405 738 3460 fuisse
774 3403 1136 3472 despecturos,
1167 3397 1267 3453 nisi
1312 3398 1411 3452 sibi
1450 3395 1668 3451 omnino
1704 3410 1823 3464 per-

244 3501 576 3564 suasissent,
607 3495 746 3568 quod
774 3495 838 3549 ad
869 3494 1180 3549 crucifixum
1217 3491 1395 3546 Jesum
1427 3497 1605 3545 essent
1631 3502 1822 3542 ascen-

245 3597 381 3662 auri,
410 3595 687 3663 ipsumque
714 3591 766 3644 in
797 3587 940 3644 cadis
965 3586 1146 3642 visuri.
1174 3584 1286 3640 lioc
1309 3583 1447 3638 enim
1478 3580 1825 3637 resurrectio-

249 3689 328 3741 nis
353 3692 726 3754 argumentum
747 3688 830 3736 est
856 3680 1162 3741 maximum,
1192 3675 1332 3747 quod
1362 3673 1606 3730 Christus
1637 3674 1826 3726 immo-

250 3777 390 3830 latus
419 3782 614 3828 tantam
659 3779 778 3842 post
819 3779 1042 3824 mortem
1087 3767 1370 3836 potentiam
1412 3763 1734 3828 ostenderet,
1768 3770 1826 3815 ut

249 3867 551 3924 viventibus
595 3858 897 3919 hominibus
939 3861 1301 3932 persuaderet,
1334 3874 1430 3930 pro
1473 3859 1553 3911 sui
1595 3856 1825 3911 nominis

250 3959 587 4016 coitfessione
613 3956 858 4027 patriam,
889 3963 942 4008 et
967 3953 1175 4019 domos,
1197 3961 1251 4007 et
1279 3953 1500 4015 amicos,
1527 3957 1580 4003 et
1605 3947 1824 4017 propin-

252 4068 407 4124 quos,
425 4059 478 4106 et
499 4050 656 4104 vitam
684 4048 850 4116 ipsam
880 4044 1262 4114 aspernandam
1289 4052 1343 4097 et
1361 4041 1822 4104 contemnendam,

253 4161 312 4199 ac
342 4145 463 4199 loco
504 4140 842 4211 praesentium
882 4137 1206 4206 voluptatum
1239 4142 1291 4188 et
1315 4133 1558 4198 verbera,
1586 4141 1641 4186 ct
1683 4147 1826 4202 pert-

254 4235 396 4299 cula,
424 4242 478 4288 et
507 4244 729 4286 mortem
755 4245 874 4284 esse
900 4226 1191 4283 subeunda.
1237 4225 1360 4279 llaec
1405 4225 1544 4279 enim
1585 4239 1690 4276 non
1731 4222 1826 4276 de-

257 4322 443 4389 functi,
479 4336 648 4391 neque
678 4321 730 4374 in
758 4319 1002 4387 sepulcro
1031 4316 1290 4386 degentis,
1327 4315 1418 4369 sed
1448 4313 1564 4383 ejus
1590 4313 1676 4382 qui
1708 4327 1828 4366 sur-

256 4416 482 4469 rexisset
522 4427 584 4467 ae
631 4412 828 4465 viveret
853 4450 866 4471 ,
900 4407 1147 4478 prasclara
1177 4413 1300 4460 sunt
1327 4419 1506 4473 opera.
1551 4400 1830 4470 Quomodo

259 4506 398 4558 enim
443 4511 589 4558 esset
629 4500 940 4563 verisimile,
985 4507 1042 4552 ιιι
1081 4512 1200 4550 cum
1249 4496 1362 4566 ipse
1398 4495 1616 4558 viveret,
1645 4508 1831 4548 omnes

261 4594 504 4665 apostoli,
532 4593 619 4664 qui
648 4606 766 4647 cum
790 4590 880 4644 illo
907 4589 1102 4644 versati
1133 4588 1360 4651 fuerant,
1389 4586 1576 4640 timore
1615 4594 1831 4640 conter-

261 4689 344 4741 riti
374 4687 509 4740 adeo
548 4683 744 4738 fuerint
786 4681 1057 4747 imbecilli,
1089 4688 1144 4734 ttt
1173 4687 1551 4750 praeceptorem
1583 4675 1831 4747 prodide-

262 4779 388 4844 rint,
405 4789 457 4832 et
475 4774 772 4844 aufugerint
792 4791 804 4827 :
824 4780 1163 4842 posteaquam
1179 4779 1356 4824 autem
1373 4767 1651 4823 defunctus
1669 4775 1831 4835 esset,

265 4887 367 4924 nun
396 4870 566 4925 solum
598 4867 810 4932 Petrus,
838 4874 889 4920 et
916 4864 1128 4928 Paulus,
1161 4861 1252 4916 sed
1278 4861 1435 4916 etiam
1468 4859 1718 4930 lgnatius,
1744 4859 1835 4929 qui

264 4980 384 5019 eum
411 4978 516 5018 non
543 4961 766 5022 viderat,
791 4973 888 5013 nec
914 4957 1016 5011 ulla
1042 4972 1162 5011 cum
1193 4956 1306 5025 ipso
1330 4953 1683 5008 familiaritate
1707 4968 1837 5008 con-

265 5058 476 5126 iunctus
525 5052 732 5116 fuerat,
777 5061 970 5106 tantam
1025 5063 1120 5119 pro
1164 5048 1253 5102 illo
1294 5046 1454 5101 animi
1510 5045 1836 5099 alacritatem

267 5147 605 5212 ostenderet,
643 5153 702 5200 ut
745 5157 842 5214 pro
883 5157 950 5198 eo
977 5142 1137 5195 vitam
1185 5140 1352 5208 ipsam
1383 5135 1701 5207 profundere
1728 5151 1834 5189 non

269 5237 568 5294 recusaret?
876 5286 884 5293 ,

339 5334 393 5387 5.
421 5330 651 5403 Ignatius
675 5328 794 5400 feris
819 5325 1057 5396 objectus.
1084 5351 1153 5363 —
1197 5321 1268 5378 Ut
1293 5319 1450 5391 igitur
1469 5318 1542 5374 illi
1561 5359 1577 5384 ,
1607 5317 1695 5388 qui
1729 5315 1837 5370 Ro-

272 5438 411 5477 mam
442 5421 764 5482 incolebant,
786 5418 902 5472 htec
927 5431 1046 5471 esse
1073 5430 1196 5468 vera
1221 5429 1278 5467 re
1299 5414 1410 5482 ipsa
1435 5417 1836 5481 cognoscerent,

276 5513 510 5582 permisit
540 5511 682 5566 Deus
706 5517 947 5563 sanctum
970 5507 1140 5560 virum
1166 5503 1273 5558 illic
1299 5511 1469 5557 morte
1496 5501 1656 5556 afliei.
1689 5498 1840 5566 Quod

274 5614 448 5658 autem
471 5604 586 5658 hare
614 5605 682 5657 sit
706 5615 866 5657 causa
885 5641 901 5668 ,
933 5614 999 5654 ex
1047 5612 1241 5668 genere
1281 5597 1446 5665 ipsius
1475 5593 1659 5648 mortis
1683 5607 1844 5647 cona-

277 5696 373 5750 bor
392 5696 694 5752 ostendere.
716 5693 898 5762 Neque
924 5690 1066 5746 enim
1095 5696 1155 5743 ut
1199 5695 1346 5742 extra
1377 5701 1559 5741 muros
1594 5684 1645 5738 in
1685 5683 1844 5737 bara-

279 5785 417 5850 thro,
444 5795 534 5841 attt
560 5787 611 5839 itt
632 5797 870 5849 carcere,
892 5789 981 5836 aut
1000 5781 1051 5834 in
1078 5777 1270 5848 angulo
1289 5776 1468 5846 aliquo
1487 5773 1840 5839 occideretur,

281 5875 553 5932 damnatus
578 5872 798 5945 cst;sed
824 5874 876 5931 in
906 5871 1080 5928 medio
1100 5868 1584 5938 theatro,universa
1630 5865 1845 5922 civitate

1373 448 1435 506 IN
1473 449 1531 506 S.
1570 444 1899 504 lGNATlUM
1938 442 2342 502 MARTYREM.

3378 456 3444 508 59
3460 458 3480 506 θ

1915 571 2123 613 sursum
2161 557 2473 615 considente
2497 568 2550 616 et
2578 569 2874 631 spectante,
2898 562 3083 621 bestiis
3110 566 3160 620 in
3189 567 3358 639 ipsum
3387 570 3482 622 im-

1910 651 2086 705 missis
2131 655 2186 705 ct
2235 652 2551 719 concitatis,
2604 654 2914 726 martyrium
2965 658 3230 726 pertulit:
3281 668 3339 712 ttt
3386 662 3484 713 sub

1911 741 2147 796 omnium
2169 741 2339 796 oculis
2362 741 2617 797 adversus
2643 743 2910 799 diabolum
2944 756 3200 817 tropaeum
3230 747 3481 818 erigeret,

1910 843 2238 903 cunctosque
2263 844 2589 903 spectatores
2613 853 2830 892 suorum
2874 841 3221 895 certaminum
3249 844 3484 897 imitato-

1911 939 1999 979 res
2028 922 2284 990 efﬁccret,
2313 940 2432 979 cum
2461 942 2564 981 non
2603 928 2762 983 modo
2792 927 3019 998 fortiter,
3045 931 3137 986 sed
3164 933 3322 988 etiam
3364 949 3484 988 cum

1913 1013 2093 1070 laetitia
2141 1026 2367 1072 mortem
2417 1028 2726 1088 oppeteret,
2781 1019 3024 1092 ferasque
3073 1039 3192 1078 cum
3217 1026 3486 1095 voluptate

1912 1115 2202 1174 spectaret,
2232 1124 2334 1163 non
2363 1111 2513 1180 quasi
2543 1121 2821 1182 raperetur
2855 1130 2885 1168 e
2912 1116 3019 1169 vita
3040 1156 3056 1183 ,
3101 1119 3193 1172 sed
3218 1125 3482 1189 tamquam

1911 1196 1978 1250 ad
2009 1198 2167 1254 vitam
2196 1199 2471 1256 meliorem
2494 1217 2555 1256 ac
2577 1205 2996 1272 prmstantiorcm
3021 1219 3319 1264 vocaretur.
3335 1209 3486 1266 Unde

1913 1289 2014 1346 hoc
2045 1291 2102 1344 fit
2125 1292 2499 1361 perSpicuum?
2521 1293 2598 1350 Ex
2617 1296 2792 1352 verbis
2812 1340 2826 1365 ,
2850 1315 2967 1368 qum
2989 1303 3276 1357 moriturus
3305 1304 3485 1372 luqttc-

1913 1382 2084 1437 batur.
2117 1383 2246 1438 Cum
2269 1385 2408 1439 enim
2440 1386 2491 1440 id
2518 1403 2682 1457 genus
2710 1389 2952 1458 supplicii
2981 1390 3080 1445 sibi
3109 1407 3230 1448 esse
3257 1392 3487 1448 subeun-

1912 1472 2036 1526 dum
2062 1474 2408 1530 intellexisset
2427 1518 2442 1542 ,
2470 1476 2604 1546 Ego,
2634 1478 2824 1547 inquit,
2848 1478 2968 1548 [eris
2985 1479 3086 1534 illis
3112 1480 3256 1549 fruar
3282 1482 3377 1553 (α).
3398 1483 3485 1538 Sic

1913 1565 2052 1619 enim
2079 1575 2269 1635 agunt,
2297 1567 2385 1637 qui
2415 1577 2594 1624 amant
2612 1585 2626 1634 ;
2644 1585 2763 1625 cum
2787 1585 2883 1639 pro
2905 1571 2968 1626 iis
2993 1571 3080 1642 qui
3103 1583 3368 1640 amantur,
3392 1576 3488 1629 ali-

1915 1657 2038 1726 quid
2079 1660 2350 1727 patiuntur
2372 1703 2385 1726 ,
2414 1659 2705 1731 gaudentes
2737 1663 2786 1718 id
2817 1662 3013 1719 faciunt
3033 1708 3047 1734 ,
3102 1675 3334 1737 tuncque
3385 1668 3484 1722 sibi

1914 1747 2159 1804 videntur
2209 1749 2404 1821 Optatis
2449 1751 2681 1822 perfrui,
2736 1769 2854 1808 cum
2907 1771 3005 1823 ea,
3037 1773 3154 1827 quae
3183 1758 3486 1827 perferunt,

1915 1851 2038 1895 sunt
2056 1855 2213 1910 quam
2235 1843 2543 1912 gravissima
2571 1862 2585 1901 :
2613 1846 2751 1914 quod
2782 1846 2994 1917 quidem
3013 1848 3065 1901 in
3084 1847 3184 1903 hoc
3207 1849 3330 1904 item
3357 1865 3487 1905 cou-

1917 1934 2050 2004 tigit.
2075 1935 2343 2005 Siquidem
2372 1952 2475 1992 non
2500 1947 2670 1993 morte
2701 1941 2894 2007 solum,
2914 1958 3094 1997 verum
3117 1945 3274 2000 ctiant
3299 1946 3487 2000 alacri-

1915 2031 2026 2078 tate
2073 2023 2318 2080 studebat
2356 2028 2626 2096 apostolos
2653 2028 2876 2097 imitari;
2910 2041 2963 2087 ct
2990 2033 3211 2089 audiens
3241 2037 3378 2106 quod
3412 2039 3486 2092 illi

1917 2114 2165 2187 flagellati
2193 2132 2314 2172 cum
2345 2118 2536 2189 gaudio
2577 2121 2722 2177 ibant
2742 2137 2772 2178 e
2793 2136 3080 2194 conspectu
3107 2128 3316 2182 concilii
3351 2127 3486 2200 (Act.

1916 2206 1970 2263 5.
2001 2209 2094 2279 41)
2112 2251 2126 2276 ,
2152 2210 2317 2264 voluit
2349 2212 2506 2267 etiam
2535 2213 2651 2284 ipse
2681 2229 2784 2270 non
2811 2227 2980 2273 morte
3006 2218 3196 2283 solum,
3220 2219 3312 2276 sed
3330 2221 3488 2276 etiam

1919 2299 2095 2355 laetitia
2136 2303 2400 2373 magistris
2438 2319 2556 2360 esse
2578 2307 2766 2363 similis
2795 2326 2808 2362 :
2842 2309 3058 2377 idcirco,
3084 2310 3230 2367 Fert's
3249 2354 3264 2378 ,
3289 2313 3488 2384 ittqttit,

1920 2396 2080 2462 fruar.
2102 2395 2177 2450 Ac
2201 2396 2367 2450 multo
2386 2388 2597 2467 quidem
2620 2399 2827 2455 mitiora
2851 2404 3101 2458 censebat
3124 2418 3214 2458 Ora
3237 2405 3488 2473 ferarum,

1919 2500 2076 2554 quam
2105 2489 2315 2558 tyranni
2339 2489 2569 2560 linguam
2601 2508 2614 2544 :
2648 2507 2746 2547 nec
2767 2493 3067 2560 immerito;
3092 2495 3349 2566 siquidem
3379 2497 3493 2554 haec

1919 2577 1984 2632 ad
2012 2579 2310 2649 gehennam
2337 2582 2582 2650 vocabat,
2614 2583 2703 2639 illa
2746 2595 2923 2642 autem
2951 2586 3018 2642 ad
3056 2602 3277 2658 regnum
3311 2589 3488 2643 mitte-

1921 2671 2067 2725 bant.
2099 2671 2230 2728 Cunt
2280 2675 2437 2744 igitur
2467 2674 2574 2730 illic
2621 2675 2782 2731 vitam
2823 2677 3088 2746 posuisset
3107 2657 3411 2743 ,iimo’vero
3440 2681 3491 2734 in

1920 2763 2106 2817 cadum
2131 2762 2397 2834 profectus
2427 2777 2588 2834 esset,
2615 2783 2858 2823 reversus
2887 2778 2969 2824 est
2993 2769 3244 2842 deinceps
3265 2786 3493 2826 corona-

1925 2863 2026 2907 tus.
2059 2853 2267 2910 Etenim
2293 2857 2343 2910 id
2373 2872 2585 2928 quoque
2617 2858 2715 2913 fuit
2757 2859 2846 2914 Dei
2879 2860 3246 2931 benignitatis,
3277 2863 3366 2932 qui
3396 2879 3494 2918 cu-

1922 2946 2058 2998 ravit
2085 2953 2140 2998 ttt
2165 2946 2209 3000 is
2235 2961 2419 3001 rursus
2441 2947 2508 3002 ad
2539 2963 2634 3003 nos
2661 2948 2892 3016 rediret,
2938 2959 2992 3005 et
3028 2951 3325 3007 civitatibus
3349 2968 3493 3006 mat--

1926 3043 2094 3105 tyrem
2138 3037 2444 3104 intpartivit.
2475 3037 2640 3092 Roma
2679 3040 2820 3092 enim
2849 3039 3132 3095 stillantem
3177 3041 3342 3111 ipsius
3366 3056 3490 3096 san-

1921 3126 2130 3195 guinem
2155 3127 2394 3196 excepit,
2419 3143 2512 3182 vos
2540 3138 2717 3184 autem
2745 3130 2995 3198 reliquias
3013 3131 3128 3200 ejus
3147 3133 3454 3202 suscepistis
3479 3151 3490 3186 :

1924 3231 2018 3270 vos
2052 3218 2192 3271 illius
2245 3219 2551 3288 episcopatu
2579 3219 2748 3290 gavisi
2795 3220 2957 3287 estis,
2985 3221 3058 3276 illi
3091 3223 3345 3294 martyrio
3372 3236 3495 3277 sunt

1925 3309 2084 3364 lzctati
2133 3328 2146 3364 :
2186 3320 2478 3366 certantem
2519 3312 2590 3366 illi
2639 3321 2694 3367 et
2735 3313 3031 3369 vincentem
3082 3329 3146 3370 ac
3183 3325 3494 3371 coronatum

1925 3413 2346 3471 conspexerunt,
2401 3418 2496 3457 vos
2538 3412 2791 3474 perpetuo
2837 3403 2984 3458 illum
3018 3405 3342 3474 possidetis:
3387 3403 3518 3461 exi-'

1925 3507 2083 3562 guunt
2108 3492 2172 3545 ad
2198 3501 2407 3562 tempus
2433 3509 2552 3548 cum
2583 3493 2734 3548 vobis
2753 3494 2951 3549 ademit
2982 3495 3150 3561 Deus,
3178 3496 3273 3551 sed
3301 3497 3499 3568 majore

1921 3597 2046 3641 .cum
2094 3583 2260 3653 gloria
2313 3585 2564 3639 restituit.
2621 3584 2690 3638 Et
2729 3586 3174 3655 quemadmodum
3221 3589 3498 3658 pecuniam

1927 3685 2229 3730 mutuantes
2253 3691 2372 3731 cum
2400 3676 2604 3731 fosnore
2631 3692 2691 3731 ea
2722 3677 2971 3742 reddunt,
2998 3694 3118 3749 qua:
3145 3690 3496 3749 acceperunt:

1927 3768 2006 3820 sic
2021 3767 2178 3820 etiam
2211 3767 2350 3822 Deus
2379 3769 2669 3837 pretiosum
2717 3767 2855 3822 hunc
2901 3768 3207 3824 thesaurum
3235 3771 3500 3840 paulisper

1929 3859 2253 3928 suscipiens,
2288 3870 2344 3914 ut
2368 3860 2675 3914 ostenderet
2698 3859 2882 3914 Romae
2903 3902 2918 3926 ,
2949 3860 3151 3928 majore
3171 3875 3291 3915 cum
3333 3863 3498 3931 gloria

1929 3951 2077 4006 illum
2102 3951 2250 4006 vobis
2271 3951 2469 4005 retulit.
2492 3951 2750 4005 Emisistis
2771 3951 2911 4005 enim
2940 3953 3268 4020 episcopum,
3285 3963 3339 4008 et
3363 3970 3502 4007 tuar-

1931 4049 2098 4112 tyrem
2139 4042 2456 4110 recepistis:
2489 4041 2741 4097 emisistis
2777 4055 2896 4096 cum
2945 4043 3223 4112 precibus,
3277 4054 3332 4099 et
3379 4060 3498 4099 cum

1929 4139 2143 4188 coronis
2186 4133 2492 4203 suscepistis
2528 4152 2540 4186 :
2575 4149 2672 4188 nec
2698 4148 2822 4188 vero
2853 4149 2951 4189 vos
2992 4136 3122 4200 soli,
3155 4136 3248 4192 sed
3295 4149 3503 4192 cuncta:

1931 4239 2048 4294 quae
2097 4223 2390 4292 interjectre
2435 4232 2561 4277 sunt
2599 4224 2859 4278 civitates.
2911 4225 3188 4292 Quomodo
3231 4227 3372 4282 enim
3411 4242 3503 4283 cas

1932 4316 2148 4371 affectas
2174 4315 2490 4370 existimatis
2510 4357 2524 4380 ,
2566 4329 2684 4369 cum
2710 4327 3005 4386 reportatas
3042 4318 3293 4388 reliquias
3319 4335 3506 4374 cerne-

1934 4421 2054 4466 rent
2075 4412 2099 4465 ?
2118 4425 2274 4481 quem
2305 4409 2590 4478 voluptatis
2619 4407 2846 4462 fructum
2873 4410 3172 4480 percipere,
3200 4420 3389 4480 quanta
3415 4412 3506 4466 lze-

1934 4503 2049 4558 titia
2069 4489 2491 4575 gestire?quam
2536 4501 2724 4557 faustis
2765 4503 2997 4573 undique
3039 4505 3504 4559 acclamationibus
3585 4499 3590 4504 ’

1935 4606 2248 4653 coronatum
2279 4597 2549 4652 celebrare
2576 4600 2600 4649 ’ξ
2624 4595 3079 4663 Quemadmodum
3108 4598 3247 4652 enim
3278 4598 3505 4668 pugilem

1937 4707 2274 4762 generosum,
2297 4691 2384 4760 qui
2409 4704 2598 4746 omnes
2618 4688 2872 4744 devicerit
2899 4688 3234 4745 adversarios
3254 4730 3268 4755 ,
3297 4697 3508 4759 specta-

1939 4790 2082 4838 tores
2103 4797 2132 4837 e
2158 4797 2316 4837 cavea
2342 4797 2462 4838 cum
2485 4783 2672 4851 plausu
2689 4788 3072 4850 consurgentes
3093 4780 3371 4835 sublimem
3397 4790 3509 4834 sta-

1941 4875 2034 4929 tim
2062 4875 2362 4945 excipiunt,
2406 4889 2504 4929 nec
2546 4883 2742 4928 terram
2772 4873 3035 4944 attingere
3079 4873 3350 4944 patiuntur
3370 4915 3386 4939 ,
3417 4875 3508 4927 sed

1942 4965 2204 5021 sublatum
2236 4962 2704 5019 innumerabilibus
2730 4962 2972 5017 laudibus
2997 4971 3271 5028 ornantes,
3295 4961 3510 5016 dommn

1945 5068 2218 5129 reportant
2249 5075 2264 5112 :
2296 5058 2374 5112 sic
2398 5058 2576 5127 utique
2603 5065 2658 5112 et
2683 5066 2922 5111 sanctum
2959 5057 3105 5111 illum
3135 5069 3320 5110 omnes
3343 5070 3406 5108 ex
3429 5068 3516 5108 or-

1942 5149 2067 5203 dine
2094 5148 2336 5202 civitates
2355 5147 2422 5203 ab
2452 5147 2583 5203 urbe
2609 5147 2831 5202 relatum
2875 5146 3221 5214 suscipientes
3250 5144 3518 5196 humeris-

1943 5254 2047 5309 que
2083 5248 2383 5309 gestantes,
2432 5238 2765 5292 Antiochiam
2829 5252 2997 5306 usquc
3042 5245 3165 5289 sunt
3209 5235 3512 5298 comitatre,

1945 5339 2230 5402 martyrem
2262 5338 2570 5385 coronatum
2599 5330 2960 5392 celebrantes,
2997 5325 3270 5381 laudantes
3310 5341 3516 5395 agone-

1949 5423 2145 5477 thetam
2171 5463 2183 5484 ,
2212 5421 2476 5475 diabolum
2506 5420 2808 5476 deridentes
2829 5459 2844 5483 ,
2876 5418 3015 5489 quod
3054 5433 3084 5472 e
3129 5416 3396 5472 contrario
3439 5418 3513 5471 illi

1946 5513 2174 5568 versutia
2197 5513 2553 5576 successisset,
2584 5519 2639 5566 et
2663 5526 2781 5581 qua:
2810 5510 2861 5564 in
2901 5518 3186 5581 martyrem
3213 5519 3514 5574 struxerat,

1951 5605 2000 5658 in
2020 5619 2076 5658 se
2098 5602 2427 5657 recidissent.
2451 5603 2517 5656 Et
2539 5612 2661 5654 tunc
2685 5601 2896 5670 quidem
2925 5599 3130 5655 cunctis
3151 5601 3252 5655 illis
3288 5600 3517 5656 civitati-

1953 5693 2049 5748 bus
2075 5691 2268 5764 profuit
2317 5692 2739 5764 documentoque
2782 5689 2915 5757 fuit,
2969 5699 3023 5746 et
3068 5689 3332 5746 civitatem
3380 5689 3515 5744 hanc

2015 5870 2090 5935 (η)
2125 5877 2232 5919 ιιωο
2253 5867 2403 5918 verba
2428 5867 2474 5916 in
2497 5873 2540 5915 s.
2568 5866 2733 5930 Ignatii
2761 5868 2976 5928 star'yrio
3001 5866 3226 5926 leguntur
