3860 6286
330 356 443 412 ωε

338 479 506 534 usque
527 463 580 519 in
608 473 922 536 praesentem
950 462 1089 518 diem
1114 463 1453 534 locupletavit
1470 480 1484 528 ;
1504 472 1557 518 ct
1574 471 1630 517 ut
1646 462 1927 518 thesaurus

338 554 553 625 quidam
583 565 895 626 perpetuus,
925 556 1014 626 qui
1044 555 1276 625 quotidie
1310 555 1636 621 exhauritur,
1666 569 1763 609 nec
1790 553 1924 609 deli-

339 650 407 703 cit
433 694 447 716 ,
470 649 645 703 cuncti
674 648 795 703 licet
820 663 883 702 cx
914 662 978 702 eo
1017 647 1306 713 ditescant,
1338 646 1415 701 sic
1443 647 1602 700 etiam
1631 646 1814 700 beatus
1841 644 1929 700 hic

342 740 573 810 lgnatius
617 747 836 793 cunctos
860 737 925 792 ad
970 753 1028 793 se
1071 736 1385 793 accedentes
1433 737 1927 803 benedictionibus,

345 832 531 887 fiducia
552 871 568 896 ,
599 840 653 885 ct
678 843 895 884 strenua
920 830 1192 886 alacritate
1216 870 1232 896 ,
1282 844 1577 900 magnaque
1622 828 1929 884 fortitudine

346 925 530 993 plenos
555 924 779 978 remittit
804 922 1040 977 domum.

415 1016 719 1070 Sanctorum
745 1025 1063 1069 monumenta
1080 1015 1362 1086 spiritualis
1381 1015 1560 1086 gratia:
1581 1013 1929 1083 picum—Ita-

339 1122 443 1176 que
463 1122 566 1161 non
591 1106 747 1160 hodie
769 1106 1101 1171 tantum,sed
1130 1105 1366 1173 quotidie
1396 1106 1462 1160 ad
1492 1106 1664 1176 ipsum
1692 1103 1931 1159 conﬂua-

342 1214 459 1253 mus
481 1239 497 1263 ,
519 1198 823 1267 Spirituales
848 1215 913 1253 ex
940 1213 1005 1253 eo
1032 1200 1232 1254 fructus
1272 1199 1638 1268 decerpentes.
1680 1197 1931 1266 Quisquis

345 1294 488 1347 enim
512 1308 630 1347 cum
656 1292 759 1347 fide
784 1292 849 1347 ad
872 1292 1018 1347 illum
1047 1292 1273 1360 accedit,
1296 1291 1501 1361 magnis
1525 1289 1751 1345 afficitur
1770 1290 1933 1345 bene-

344 1383 477 1437 ficiis
508 1401 521 1437 :
550 1393 856 1437 sanctorum
885 1383 1025 1438 enim
1069 1398 1175 1436 non
1218 1381 1377 1436 modo
1404 1395 1626 1450 corpora
1648 1423 1662 1447 ,
1695 1380 1788 1435 sed
1832 1380 1931 1449 ipsi

346 1475 506 1530 loculi
536 1484 590 1530 et
616 1484 961 1544 monumenta
994 1475 1252 1545 spirituali
1278 1475 1447 1545 gratia
1497 1472 1740 1529 conferta
1790 1482 1930 1528 sunt.

345 1567 477 1621 Nam
506 1568 556 1622 si
579 1568 631 1622 in
662 1569 855 1622 Elismo
884 1566 935 1622 id
964 1568 1204 1637 contigit,
1242 1577 1299 1621 ut
1327 1565 1607 1621 defunctus
1632 1565 1932 1635 sepulcrum

344 1659 461 1727 ejus
482 1659 747 1729 attingens
789 1659 976 1714 mortis
1003 1659 1211 1714 vincula
1244 1658 1551 1714 dissolverit
1577 1658 1653 1729 (4.
1687 1659 1814 1729 Reg.
1845 1658 1931 1713 l5.

344 1749 460 1820 ﬁl),
500 1758 555 1804 et
594 1751 659 1805 ad
691 1751 848 1804 vitam
876 1765 1086 1806 rursum
1126 1750 1380 1817 redierit;
1413 1750 1582 1805 multo
1612 1750 1779 1821 magis
1833 1748 1935 1804 hoc

352 1848 609 1909 tempore,
640 1855 744 1911 quo
772 1841 938 1911 gratia
975 1840 1209 1909 uberior,
1240 1840 1471 1911 Spiritus
1512 1840 1685 1909 major
1711 1847 1793 1895 est
1821 1840 1931 1904 vis;

347 1941 403 1986 ut
427 1932 471 1985 si
501 1947 622 1986 cum
654 1931 758 1986 fide
807 1931 1000 2001 aliquis
1039 1946 1217 1986 arcam
1249 1931 1504 2001 attingat,
1534 1946 1780 2000 magnam
1811 1930 1935 1985 inde

346 2024 594 2081 virtutem
622 2024 849 2080 hauriat.
875 2024 999 2081 ldeo
1028 2015 1275 2095 reliquias
1295 2033 1601 2079 sanctorum
1628 2023 1781 2079 nobis
1806 2037 1934 2077 con-

345 2116 504 2170 cessit
532 2115 705 2182 Deus,
739 2115 929 2179 volens
972 2130 1071 2171 nos
1119 2115 1185 2170 ad
1210 2114 1458 2170 eumdem
1487 2114 1661 2169 zelum
1691 2129 1789 2184 per
1816 2113 1934 2169 illos

345 2206 641 2274 adducere,
674 2216 729 2262 et
758 2208 915 2263 nobis.
937 2208 1087 2279 quasi
1122 2216 1333 2278 portum
1364 2207 1601 2277 prabere
1640 2216 1693 2262 et
1723 2206 1931 2261 firmum

345 2296 593 2351 solatium
616 2298 875 2352 malorum
894 2312 1012 2367 quae
1041 2312 1137 2351 nos
1162 2297 1374 2352 assidue
1398 2296 1713 2366 corripiunt.
1738 2295 1935 2362 Quam-

347 2388 532 2443 obrem
563 2402 656 2442 vos
681 2402 866 2443 omnes
891 2387 1162 2452 cohortor,
1206 2386 1399 2441 fratres
1418 2428 1433 2454 ,
1466 2387 1511 2441 si
1537 2388 1656 2457 quis
1700 2394 1933 2440 vestrum

347 2476 662 2547 aegritudine
686 2478 870 2544 animi,
897 2478 979 2533 vel
1007 2478 1244 2548 corporis
1270 2477 1478 2545 morbo,
1509 2477 1592 2532 vel
1622 2477 1806 2547 quavis
1833 2477 1932 2531 alia

352 2568 652 2624 calamitate
680 2577 770 2623 aut
788 2579 1130 2640 peccatorum
1152 2570 1290 2625 mole
1311 2570 1586 2640 premitur,
1616 2579 1675 2623 ut
1693 2584 1811 2624 cum
1832 2568 1934 2625 fide

351 2662 454 2716 huc
472 2661 722 2729 accedat;
751 2670 804 2716 et
828 2663 893 2717 ab
916 2662 1019 2718 illis
1040 2664 1284 2719 omnibus
1302 2663 1576 2729 liberatus,
1596 2678 1784 2733 magna
1812 2678 1932 2717 cum

349 2750 528 2806 lmtitia
557 2760 885 2823 revertetur,
914 2761 969 2810 et
1000 2763 1218 2825 aspectu
1244 2755 1360 2811 solo
1384 2754 1765 2811 conscientiam
1786 2762 1927 2809 tran-

1075 352 1134 409 S.
1173 351 1446 409 JOANNIS
1467 350 1937 409 CHRYSOSTOMI
1977 349 2296 406 ABCHIEP.
2337 348 2865 407 CONSTANTINOP.

3505 360 3633 420 596

2030 462 2330 531 quilliorem
2353 463 2663 532 reportabit.
2690 462 2827 530 Quin
2859 462 3018 517 etiam
3039 463 3286 534 expedit,
3315 471 3374 519 ut
3403 478 3510 519 non
3536 480 3643 519 so—

2031 552 2139 606 lum
2167 553 2235 618 ii,
2264 555 2621 625 quiterumnis
2649 555 2823 610 affecti
2852 565 3000 620 sunt,
3024 554 3126 611 huc
3152 572 3269 612 sese
3296 556 3577 612 conferant
3612 597 3635 622 ,

2032 646 2124 701 sed
2153 646 2227 700 illi
2250 648 2408 702 etiam
2428 689 2442 714 ,
2475 649 2565 719 qui
2593 659 2647 703 et
2690 649 2851 702 animi
2878 658 3056 719 qunetc
3076 691 3091 716 ,
3120 659 3168 704 et
3200 651 3365 721 gloria
3387 691 3402 716 ,
3440 659 3497 704 et
3528 666 3637 719 po-

2033 737 2193 791 tentia
2215 778 2228 803 ,
2254 748 2306 792 et
2328 753 2515 808 magna
2536 739 2673 808 apud
2703 740 2867 793 Deum
2890 739 3079 794 fiducia
3104 740 3463 810 perfruuntur,
3485 740 3639 793 hanc

2034 828 2317 883 utilitatem
2366 845 2475 903 non
2514 830 2800 900 negligant.
2857 830 2957 899 Qui
3005 831 3144 885 enim
3193 831 3297 885 huc
3324 831 3534 886 accedit
3572 842 3640 885 et.

2032 930 2276 976 sanctum
2301 921 2475 988 videt,
2503 923 2639 976 bona
2665 922 2779 977 haec
2800 922 2998 977 efficiet
3018 922 3289 978 stabiliora
3308 964 3321 988 ,
3349 934 3400 978 et
3418 938 3638 977 memo-

2033 1012 2111 1066 ria
2141 1022 2287 1067 recte
2334 1011 2594 1067 factorum
2627 1013 2743 1082 ejus
2768 1013 3001 1068 animum
3032 1028 3183 1068 suum
3216 1013 3403 1068 reddet
3432 1013 3634 1068 mode-

2034 1108 2287 1158 ratiorem
2311 1146 2325 1170 ,
2360 1119 2458 1158 nec
2480 1105 2862 1159 conscientiam
2902 1120 3052 1158 suam
3082 1105 3237 1159 bonis
3265 1104 3522 1174 operibus
3546 1105 3641 1158 ef—

2035 1196 2163 1251 ferri
2211 1206 2370 1267 atque
2408 1198 2769 1252 intumescere
2818 1198 3068 1267 patietur.
3121 1196 3236 1251 Neu
3270 1197 3413 1265 parvi
3443 1206 3638 1251 autem

2034 1294 2288 1346 momenti
2333 1301 2449 1356 est,
2502 1305 2596 1345 eos
2620 1332 2634 1356 ,
2668 1289 2861 1360 quibus
2891 1305 3161 1359 prOSpera:
3188 1298 3343 1358 atque
3371 1289 3640 1344 secundas

2036 1400 2125 1440 res
2162 1383 2351 1448 fluunt,
2397 1398 2489 1439 eas
2529 1383 2669 1438 ferre
2709 1383 3019 1447 moderate,
3044 1391 3097 1436 et
3126 1383 3387 1451 superbiae
3415 1391 3639 1435 tumore

2036 1492 2145 1532 non
2179 1476 2381 1531 extolli.
2410 1476 2558 1531 Utilis
2588 1474 2747 1545 igitur
2773 1474 2980 1529 eunetis
3008 1474 3091 1527 hic
3120 1473 3401 1527 thesaurus
3428 1481 3545 1537 est,
3580 1482 3638 1527 et

2036 1569 2297 1639 refugium
2340 1577 2729 1638 opportunum,
2774 1577 2879 1621 tam
2926 1567 2991 1621 iis
3019 1569 3107 1636 qui
3151 1567 3285 1635 lapsi
3330 1575 3484 1631 sunt,
3513 1574 3635 1619 uta

2040 1661 2418 1717 tentatiouibus
2440 1661 2731 1715 liberentur
2751 1701 2764 1723 ,
2795 1674 2951 1729 quam
2976 1659 3038 1712 iis
3063 1658 3149 1727 qui
3181 1672 3431 1727 prospere
3462 1672 3526 1711 ac
3557 1657 3641 1711 fe-

2037 1753 2209 1808 liciter
2238 1752 2457 1822 degunt,
2484 1760 2543 1805 ut
2563 1750 2655 1804 diu
2683 1749 2925 1804 fruantur
2952 1749 3142 1813 bouis;
3175 1749 3277 1802 illis
3302 1748 3390 1819 qui
3423 1749 3638 1804 morbis

2038 1844 2320 1909 laborant,
2350 1852 2405 1897 ut
2432 1843 2624 1897 bonam
2667 1840 3020 1896 valetudinem
3059 1849 3487 1909 consequantur;
3522 1839 3637 1892 illis

2037 1935 2128 2005 qui
2155 1934 2432 2005 commoda
2460 1932 2694 2004 gaudent
2719 1930 3022 1986 valetudine
3040 1972 3054 1996 ,
3079 1945 3146 1983 ne
3176 1930 3227 1984 in
3260 1929 3502 1983 morbum
3532 1929 3639 1981 ali-

2038 2044 2196 2096 quem
2224 2004 2512 2082 incurrant.
2553 2025 2680 2094 Quae
2728 2024 2940 2094 quidem
2971 2024 3148 2078 omnia
3186 2022 3634 2084 considerantes,

2042 2120 2186 2175 omni
2208 2120 2400 2190 gaudio
2424 2128 2580 2188 atque
2605 2116 2859 2186 voluptati
2877 2132 3085 2171 sacrum
3109 2116 3248 2169 hunc
3269 2114 3440 2169 locum
3469 2122 3634 2166 ante-

2038 2227 2297 2283 ponamus
2319 2252 2332 2274 ,
2367 2220 2423 2265 ut
2449 2210 2645 2264 laetitia:
2671 2217 2726 2264 et
2751 2208 2882 2263 lucri
2911 2216 3189 2262 consortes
3208 2248 3224 2273 ,
3256 2206 3363 2260 illic
3407 2214 3631 2260 sancto-

2039 2321 2155 2360 rum
2182 2303 2594 2359 eontubernales
2638 2313 2692 2357 et
2720 2302 2851 2357 socii
2881 2316 3001 2355 esse
3021 2301 3325 2364 valeamus,
3373 2298 3634 2367 precibus

2038 2395 2274 2464 ipsorum
2305 2404 2609 2449 sanctorum
2632 2436 2646 2461 ,
2674 2401 2726 2448 et
2749 2394 2915 2463 gratia
2948 2407 3010 2446 ac
3053 2391 3374 2460 benignitate
3415 2388 3632 2442 Domini

2039 2485 2208 2540 nostri
2234 2484 2362 2540 Jesu
2386 2484 2614 2551 Christi,
2646 2499 2765 2538 cum
2800 2498 2903 2553 quo
2934 2483 3074 2536 Patri
3103 2482 3267 2552 gloria
3289 2522 3304 2548 ,
3331 2489 3637 2550 sanctoque

2040 2576 2295 2647 Spiritui,
2328 2592 2469 2633 nunc
2506 2585 2559 2633 et
2586 2590 2829 2646 semper,
2877 2584 2930 2630 et
2976 2574 3026 2629 in
3058 2574 3251 2629 saecula
3280 2574 3633 2628 seculorum.

2040 2672 2229 2727 Amen.
