3860 6286
151 435 270 493 595

156 556 440 622 πλουτίζει
476 556 649 611 πόλιν·
685 557 781 610 καὶ
818 558 1068 630 καθάπερ
1097 559 1368 630 θησαυρὸς
1403 560 1675 633 διηνεκὴς,
1703 563 1824 616 καθ’

155 645 404 717 ἑκάστην
439 644 803 714 ἀντλούμενος
835 645 934 716 τὴν
966 647 1198 716 ἡμέραν,
1231 648 1325 699 καὶ
1362 648 1462 700 οὐκ
1493 649 1821 714 ἐπιλείπων,

154 731 413 794 ἅπαντας
440 730 566 792 τοὺς
595 729 921 800 μετέχοντας
957 732 1367 802 εὐπορωτέρους
1396 735 1556 786 ποιεῖ·
1582 733 1721 789 οὕτω
1759 735 1822 806 δὴ

148 818 256 869 καὶ
289 819 318 869 ὁ
351 816 623 887 μακάριος
654 809 809 880 οὗτος
850 817 1109 886 Ἰγνάτιος
1142 821 1265 883 τοὺς
1293 819 1428 891 πρὸς
1478 821 1640 874 αὐτὸν
1671 824 1824 893 ὲρχο-

155 903 360 972 μένους
391 901 672 970 εὐλογιῶν,
701 903 1032 973 παρρησίας,
1056 905 1306 972 γενναίου
1331 907 1700 977 φρονήματος,
1730 909 1824 961 καὶ

152 991 360 1060 πολλῆς
389 990 640 1061 ἀνδρείας
664 991 885 1062 πληρῶν
925 993 1104 1046 οἴκαδε
1127 994 1467 1064 ἀποπέμπει.

226 1079 321 1147 Μὴ
370 1077 551 1131 τοίνυν
600 1080 840 1148 σήμερον
891 1080 1074 1149 μόνον,
1126 1079 1266 1134 ἀλλά
1306 1082 1399 1134 καὶ
1427 1082 1548 1135 καθ’
1578 1082 1821 1153 ἑκάστην

153 1165 374 1233 ἡμέραν
409 1163 545 1236 πρὸς
583 1164 742 1219 αὐτὸν
770 1164 1114 1236 βαδίζωμεν,
1143 1169 1548 1237 πνευματικῶς
1572 1168 1630 1234 ἐξ
1653 1169 1817 1222 αὐτοῦ

147 1252 482 1322 δρεπόμενοι
511 1251 780 1322 καρπούς.
822 1252 976 1306 Ἐστι
1002 1252 1132 1324 γὰρ,
1158 1253 1278 1307 ἔστι
1301 1255 1390 1308 τὸν
1417 1256 1555 1326 μετὰ
1584 1257 1819 1320 πίστεως

146 1337 390 1391 ἐνταῦθα
422 1339 862 1408 παραγινόμενον
918 1340 1129 1410 μεγάλα
1164 1340 1558 1412 καρπώσασθαι
1603 1343 1810 1412 ἀγαθά·

145 1425 274 1477 οὐδὲ
306 1427 414 1496 γὰρ
458 1425 525 1479 τὰ
560 1425 790 1497 σώματα
829 1426 1010 1496 μόνον,
1043 1428 1180 1482 ἀλλὰ
1224 1430 1319 1483 καὶ
1347 1430 1508 1483 αὐταὶ
1553 1432 1608 1483 αἱ
1652 1430 1814 1502 θῆκαι

145 1512 262 1566 τῶν
287 1514 463 1581 ἁγίων
493 1515 868 1584 πνευματικῆς
895 1517 1001 1567 είσι
1037 1516 1462 1588 πεπληρωμέναι
1482 1517 1722 1588 χάριτος.
1752 1518 1815 1572 Εί

144 1601 260 1670 γὰρ
295 1601 389 1652 ἐπὶ
431 1599 734 1653 Ἐλισσαίου
760 1601 921 1654 τοῦτο
956 1602 1258 1668 συνέϐαινε,
1299 1605 1395 1657 καὶ
1427 1603 1602 1674 θήκης
1625 1605 1814 1676 νεκρὸς

143 1685 429 1755 ἁψάμενος
463 1685 555 1739 τοῦ
604 1685 834 1740 θανάτου
877 1688 945 1741 τά
981 1689 1157 1760 δεσμά
1210 1689 1496 1761 διέρρηξε,
1540 1692 1632 1744 καὶ
1677 1693 1815 1764 πρὸς

143 1770 298 1838 ζωὴν
333 1771 602 1842 ἐπανῆλθε
661 1773 858 1841 πάλιν,
904 1774 1084 1845 πολλῷ
1142 1774 1342 1845 μᾶλλον
1372 1775 1525 1848 1601]
1569 1777 1690 1842 νῦν,
1723 1780 1812 1832 ὅτε

142 1856 514 1929 δαψιλεστέρα
558 1860 590 1928 ἠ
636 1860 833 1931 χάρις,
889 1861 977 1915 ὅτε
1014 1861 1215 1916 πλείων
1270 1855 1307 1934 ἦ
1348 1863 1442 1917 τοῦ
1494 1865 1812 1936 Πνεύματος

141 1943 421 2013 ἐνέργεια,
462 1943 692 1998 ἐστικαὶ
718 1945 899 2016 θήκης
933 1947 1071 2017 μετὰ
1101 1948 1338 2012 πίστεως
1368 1949 1644 2020 ἁψάμενον
1683 1953 1811 2006 πολ-

142 2030 242 2100 λὴν
279 2029 492 2083 ἐκεῖθεν
531 2032 939 2086 ἐπισπάσασθαι
989 2033 1240 2105 δύναμιν.
1283 2035 1382 2089 Διὰ
1426 2037 1583 2090 τοῦτο
1626 2039 1719 2092 καὶ
1743 2040 1813 2093 τὰ

139 2115 372 2185 λείψανα
411 2118 519 2170 τῶν
570 2119 744 2186 ἁγίων
789 2119 974 2174 εἴασεν
1007 2123 1144 2192 ἡμῖν
1192 2125 1220 2176 ὁ
1263 2122 1433 2187 Θεὸς,
1482 2124 1811 2197 βουλόμενος

142 2203 173 2271 ἡ
182 2205 292 2272 μᾶς
315 2205 450 2274 πρὸς
477 2206 570 2258 τὸν
597 2206 758 2260 αὐτὸν
786 2207 1015 2271 ἐκείνοις
1049 2210 1464 2280 χειραγωγῆσαι
1501 2210 1683 2282 ζῆλον,
1713 2213 1809 2266 καὶ

138 2291 338 2359 λιμένα
366 2291 490 2344 τινὰ
517 2297 822 2364 παρασχεῖν
854 2295 947 2347 καὶ
971 2295 1318 2367 παραμύθιον
1366 2298 1610 2368 ἀσφαλὲς
1644 2311 1670 2340 α
1698 2299 1807 2352 τῶν

137 2379 228 2432 ἀεὶ
254 2378 781 2450 καταλαμϐανόντων
811 2384 957 2453 ἡμᾶς
983 2383 1190 2437 κακῶν.
1214 2385 1306 2438 Διὸ
1334 2385 1637 2456 παρακαλῶ
1673 2387 1809 2441 πάν-

135 2482 239 2528 τας
265 2467 433 2536 ὐμᾶς,
462 2467 573 2520 εἴτε
601 2469 662 2521 ὲν
685 2468 893 2540 ἀθυμίᾳ
922 2469 1005 2534 τίς
1033 2473 1202 2536 ἐστιν,
1246 2471 1358 2526 εἴτε
1391 2474 1449 2526 ὲν
1479 2473 1675 2540 νόσοις,
1697 2474 1808 2528 εἴτε

131 2552 196 2608 ὲν
228 2553 538 2624 ὲπηρείαις,
558 2554 674 2609 εἴτε
699 2556 756 2610 ὲν
787 2556 922 2628 ἄλλῃ
953 2560 1058 2612 τινὶ
1080 2558 1306 2633 βιωτικῇ
1332 2562 1672 2633 περιστάσει,
1697 2564 1808 2618 εἴτε

196 2743 216 2766 ⁸
240 2745 506 2822 λείξι·σςι.¹‹ειΔ
521 2746 988 2822 ξενὶ1.’παραμύθιον
1024 2753 1424 2822 ἀσφαλές-δεινῇ.
1465 2755 1514 2822 in
1538 2772 1688 2822 marg.
1715 2772 1804 2822 pro

126 2808 344 2868 ἀσφαλές
362 2807 511 2857 habet
535 2810 735 2874 διαρκές,
761 2807 885 2862 [Ian
905 2815 1027 2876 Reg.
1054 2807 1347 2880 παραμυθίαν
1367 2818 1575 2882 ἀσφαλῆ.

1431 446 1499 526 IN
1542 449 1600 503 S.
1643 446 1982 503 IGNATIUM
2014 445 2429 499 MART'YHEM.

3499 431 3610 488 59$
3666 414 3673 434 ‘

1939 562 1996 613 ἐν
2022 558 2302 631 ἁμαρτιῶν
2327 557 2500 629 βάθει,
2521 554 2659 626 μετὰ
2687 554 2923 619 πίστεως
2943 554 3176 609 ἐνταῦθα
3197 555 3600 627 παραγινέσοω,

1935 650 2028 703 καὶ
2065 649 2244 701 πάντα
2271 649 2455 700 ἐκεῖνα
2483 643 2836 715 ἀποϐήσεται,
2873 645 2968 698 καὶ
3021 643 3158 714 μετὰ
3198 643 3397 718 πολλῆς
3439 644 3602 698 ὲπανε⁹

1932 736 2050 808 ήξει
2070 737 2168 806 τῆς
2188 735 2397 806 ἡδονῆς,
2418 733 2744 803 κουφότερον
2761 733 2822 784 τὸ
2848 729 3082 795 συνειδὸς
3100 731 3471 802 ἐργασάμενος
3493 730 3600 783 ἀπὸ

1929 825 2024 893 τῆς
2057 823 2289 893 θεωρίας
2323 821 2514 892 μόνηςο
2549 819 2749 890 μᾶλλον
2775 819 2833 872 δὲ
2862 820 2924 872 οὐ
2963 821 3092 882 τοὺς
3130 821 3188 872 ὲν
3219 817 3600 882 δεινοῖς-δντας

1932 911 2093 980 μόνον
2126 911 2426 977 ἀναγκαῖον
2476 907 2710 962 ἐνταῦθα
2752 907 3188 980 παραγίνεσθαι,
3238 906 3372 960 ἀλλὰ
3406 905 3509 959 κᾶν
3540 907 3598 958 ὲν

1840 1009 1854 1028 ·-
1926 995 2163 1066 εὐθυμία
2190 1013 2276 1058 τις
2302 991 2361 1066 ᾗ,
2396 993 2502 1048 κᾶν
2546 996 2604 1047 ἐν
2628 993 2778 1065 δόξῃ,
2827 993 2928 1047 κᾶν
2957 995 3014 1046 ὲν
3058 992 3377 1063 δυναστείᾳ,
3408 990 3510 1045 κᾶν
3538 992 3598 1044 ἐν

1928 1082 2211 1154 παρρησίᾳ
2256 1081 2425 1153 πολλῇ
2469 1084 2536 1152 τῇ
2591 1081 2728 1152 πρὸς
2765 1081 2856 1133 τὸν
2888 1080 3043 1146 Θεὸν,
3081 1081 3214 1151 μηδὲ
3245 1074 3398 1142 οὗτος
3424 1095 3596 1135 κατα-

1928 1168 2194 1239 φρονείτω
2240 1167 2338 1237 τῆς
2393 1165 2678 1236 ὠφελείας.
2719 1165 2918 1218 Ἐλθὼν
2949 1165 3056 1236 γὰρ
3090 1164 3325 1220 ἐνταῦθα
3363 1165 3458 1218 καὶ
3500 1165 3592 1217 τὸν

1927 1253 2080 1321 ἆγιον
2114 1253 2238 1306 ίδὼν
2264 1253 2472 1317 τοῦτον,
2499 1252 2732 1324 ἀκίνητα
2753 1252 2862 1319 ἕξει
2891 1252 2960 1305 τὰ
2989 1253 3150 1318 καλὰ,
3179 1254 3245 1323 τῇ
3276 1250 3593 1324 μνήμῃιτῶν

1922 1340 2113 1393 τούτου
2135 1339 2584 1412 κατορθωμάτων
2617 1340 2928 1411 μετριάζειν
2947 1340 3045 1410 τὴν
3069 1339 3234 1394 αὐτοῦ
3263 1339 3438 1410 ψυχὴν
3463 1340 3594 1392 ἁνα-

1924 1428 2138 1492 πείσας,
2172 1429 2266 1482 καὶ
2298 1429 2399 1480 οὐκ
2435 1428 2617 1496 ἀφιεὶς
2659 1427 2720 1479 τὸ
2753 1427 2990 1491 συνειδὸς
3036 1427 3139 1480 ὑπὸ
3173 1425 3281 1481 τῶν
3315 1425 3589 1497 κατορθω-

1926 1515 2111 1584 μάτων
2140 1515 2278 1586 πρὸς
2314 1515 2476 1584 δγκον
2511 1513 2818 1584 ὲπαρθῆναί
2868 1532 3008 1569 τινα.
3052 1513 3129 1568 Οὐ
3164 1514 3360 1586 μικρὸν
3396 1513 3453 1566 δὲ
3479 1514 3590 1576 τοῖς

1922 1601 1979 1654 ὲν
2002 1602 2333 1672 εὐπραγίαις
2351 1602 2412 1655 τὸ
2439 1602 2513 1673 μὴ
2545 1601 2820 1671 φυσᾶσθαι
2843 1604 2934 1656 ἐπὶ
2955 1604 3074 1667 ταῖς
3100 1601 3447 1673 εὐημερίαις,
3470 1600 3588 1654 ἀλλ’

1921 1688 2116 1742 εἰδέναι
2153 1689 2388 1760 μετρίως
2435 1688 2620 1759 φέρειν
2672 1687 2773 1752 τὰς
2826 1690 3154 1762 εὐπραγίας.
3197 1689 3364 1741 Ὥστε
3416 1687 3588 1741 ἆπασι

1921 1776 2190 1846 χρήσιμος
2228 1777 2256 1828 ὁ
2295 1775 2596 1847 θησαυρὸς,
2636 1776 2942 1848 ἐπιτήδειον
2973 1776 3035 1830 τὸ
3086 1774 3450 1845 καταγώγιον,
3478 1776 3588 1836 τοῖς

1922 1862 2020 1931 μὲν
2049 1861 2386 1927 ἐπταικόσιν,
2433 1864 2519 1916 ἴνα
2552 1863 2908 1932 ἀπαλλαγῶσι
2944 1863 3049 1917 τῶν
3092 1862 3435 1933 πειρασμῶν,
3474 1862 3585 1923 τοῖς

1917 1947 1975 2000 δὲ
2007 1947 2392 2018 εὐημεροῦσιν,
2419 1950 2508 2003 ἵνα
2536 1949 2728 2020 βέϐαια
2768 1953 2953 2015 αὐτοῖς
2990 1951 3149 2021 μείνῃ
3181 1949 3248 2002 τὰ
3283 1947 3441 2002 καλά·
3473 1949 3584 2010 τοῖς

1921 2036 2019 2106 μὲν
2044 2037 2104 2090 ἐν
2122 2037 2422 2108 ἀρρωστίᾳ,
2449 2038 2535 2092 ἵνα
2558 2039 2696 2110 πρὸς
2731 2040 2945 2107 ὑγίειαν
2977 2038 3337 2102 ὲπανέλθωσι,
3375 2038 3488 2099 τοῖς
3528 2035 3582 2088 δὲ

1917 2123 2285 2192 ὑγιαίνουσιν,
2352 2127 2440 2180 ἵνα
2503 2127 2576 2198 μὴ
2634 2128 2770 2198 πρὸς
2817 2128 3128 2198 ἀρρωστίαν
3183 2123 3582 2179 καταπέσωσιν.

1917 2210 2098 2280 "Amp
2153 2210 2364 2264 ἅπαντα
2397 2211 2773 2284 λογιζόμενοι,
2831 2214 3015 2284 πάσης
3071 2212 3348 2284 τέρψεως,
3402 2211 3578 2281 πάσης

1913 2295 2104 2368 ἡδονῆς
2134 2297 2232 2367 τὴν
2281 2298 2515 2353 ἐνταῦθα
2569 2300 2930 2373 προτιμῶμεν
2979 2300 3289 2372 διατριϐὴν,
3346 2299 3412 2354 ἵν’
3444 2298 3577 2368 ὁμοῦ

1914 2382 2009 2436 καὶ⁵
2073 2384 2489 2456 εὐφραινόμενοι
2557 2388 2670 2441 καὶγ
2705 2388 3114 2460 κερδαίνοντες,
3171 2388 3268 2442 καὶ
3320 2388 3436 2440 ἐκεῖ
3486 2387 3579 2438 σύ-

1911 2485 2100 2540 σκηνοι
2151 2475 2263 2535 τοῖς
2317 2474 2493 2542 ἁγίοις
2551 2475 2763 2539 τούτοις
2831 2479 2924 2530 καὶ
2987 2477 3282 2548 ὁμοδίαιτοι
3327 2473 3577 2544 γενέσθαι

1911 2556 2232 2630 δυνηθῶμεν
2263 2561 2451 2631 εὐχαῖς
2479 2563 2659 2616 αὐτῶν
2683 2564 2789 2617 τῶν
2826 2565 3017 2633 ἁγίων,
3042 2566 3225 2636 χάριτι
3257 2563 3354 2616 καὶ
3387 2561 3576 2632 φιλανο

1913 2642 2131 2717 θρωπίᾳ
2159 2647 2250 2699 τοῦ
2294 2649 2500 2718 Κυρίου
2533 2649 2690 2720 ἡμῶν
2733 2652 2908 2722 Ἰησοῦ
2957 2651 3216 2725 Χριστοῦ,
3261 2651 3378 2723 μεθ’
3413 2645 3474 2705 οὗ
3496 2652 3573 2720 τῷ

1913 2731 2088 2803 Πατρὶ
2118 2735 2151 2804 ἡ
2184 2734 2345 2801 δόξα,
2393 2736 2509 2807 ἅμα
2558 2737 2636 2810 τῷ
2690 2740 2832 2810 ἁγίῳ
2864 2739 3166 2812 Πνεύματι,
3202 2740 3296 2796 νῦν
3344 2737 3436 2794 καὶ
3460 2731 3566 2801 ἀεὶ,

1910 2822 2004 2875 καὶ
2033 2825 2111 2888 είς
2138 2825 2265 2890 τοὺς
2292 2827 2496 2891 αἰῶνας
2523 2828 2630 2883 τῶν
2658 2829 2888 2885 αἰώνων.
2937 2833 3125 2904 Ἀμήν.
