3844 6280
381 329 490 382 597
1087 328 1143 383 S.
1179 329 1468 386 JOAN’NIS
1513 331 2003 388 CHRYSOSTOMI
2043 331 2360 389 ARCHIEP.
2405 334 2948 390 CONS'I‘ANI‘INOP.
3328 365 3347 381 ο
3538 332 3650 386 598

381 438 3648 466 WW—

1176 590 1276 650 AD
1340 590 1720 651 HOMILIAM
1775 591 1854 651 IN
1907 591 2260 650 SANCTUM
2315 591 2841 662 EUSTATHIUM,

453 744 628 814 Hujus
656 745 707 799 in
745 739 800 796 S.
830 739 1170 796 Eustathium
1196 739 1294 794 abs
1333 755 1392 794 se
1424 739 1622 794 habita
1674 740 1958 795 concionis
1990 740 2235 794 meminit
2267 737 2688 810 Chrysostomus
2737 754 2991 794 sermone
3019 740 3042 792 1
3083 738 3150 794 de
3176 739 3355 794 verbis
3390 738 3645 796 Jeremia

384 856 536 894 num.
569 840 622 899 1,
667 837 752 892 his
783 836 965 890 verbis
997 845 1015 887 :
1044 834 1334 906 Propterea
1363 854 1536 907 nuper
1557 855 1672 892 rum
1705 838 1770 892 de
1795 836 1958 891 Petro
1985 847 2032 891 et
2059 836 2236 891 Paulo
2255 839 2706 901 disseruissem“,
2731 847 2778 891 et
2802 837 2866 890 de
2894 846 3075 890 exorta
3108 837 3244 890 inter
3281 837 3418 906 ipsos
3448 837 3646 891 Antio-

380 931 511 984 chia:
542 927 916 992 controversia,
946 943 1280 998 pugnamque
1313 927 1484 993 illam,
1507 945 1624 999 qua:
1650 930 1787 982 inter
1810 945 1896 982 eos
1921 944 2033 982 esse
2059 928 2353 994 ridebatur,
2382 944 2511 996 pace
2534 931 2724 998 quavis
2751 929 3018 982 utiliorem
3038 928 3178 982 vobis
3205 929 3642 995 ostendissemus,

378 1037 596 1089 cumque
630 1021 699 1073 ad
731 1028 1056 1088 prccruptam
1089 1029 1137 1072 et
1181 1035 1421 1090 asperant
1462 1037 1550 1076 eos
1596 1021 1744 1074 illam
1778 1022 1917 1074 viam
1957 1020 2357 1076 deduxissemus
2382 1038 2400 1075 :
2441 1023 2686 1093 quoniam
2737 1023 3050 1092 defatigatos
3083 1023 3332 1083 vidimus,
3373 1021 3442 1075 ad
3489 1021 3644 1073 aliud

377 1124 742 1194 argumentum
774 1130 861 1168 vos
887 1115 1249 1178 traduximus,
1276 1115 1401 1166 dum
1437 1113 1575 1168 beati
1602 1114 1872 1170 Eustathii
1902 1118 2175 1186 praeconia
2211 1133 2449 1171 sermone
2469 1117 2726 1183 complexi
2759 1133 2965 1180 sumus,
2991 1125 3040 1171 et
3077 1116 3364 1186 pastillum
3399 1117 3641 1186 generosi

375 1207 628 1274 martyris
656 1205 882 1260 Romani
911 1207 1093 1260 laudes
1124 1209 1480 1276 percurrimus
1516 1225 1632 1261 cum
1663 1208 1932 1263 illustrius
1965 1211 2114 1265 nobis
2148 1211 2358 1279 factum
2392 1218 2470 1263 est
2507 1210 2792 1276 theatrum,
2829 1209 3057 1279 amplior
3088 1211 3394 1278 applausus,
3430 1225 3492 1261 ac
3522 1225 3644 1261 mu—

368 1302 461 1372 jor
499 1303 748 1371 strepitus
781 1302 1216 1356 acclamantium.
1247 1300 1532 1358 Praeessit
1557 1303 1718 1373 igitur
1749 1305 1890 1361 hanc
1929 1304 1984 1358 in
2046 1304 2394 1359 Eustathium
2430 1304 2714 1358 homiliam
2749 1304 2984 1360 celebris
3028 1303 3118 1357 illa
3149 1303 3215 1357 de
3259 1301 3640 1357 controversia

372 1393 514 1447 inter
558 1392 783 1446 Paulum
810 1400 863 1445 et
890 1391 1106 1447 Petrum
1133 1411 1144 1446 :
1172 1394 1417 1448 eamdem
1447 1392 1599 1466 [609.]
1629 1411 1756 1450 vero
1787 1397 1839 1450 in
1866 1396 2210 1451 Eustatltium
2238 1405 2426 1452 secuta
2450 1406 2532 1451 est
2559 1396 2782 1451 homilia
2812 1397 2865 1450 in
2895 1396 2953 1451 S.
2981 1395 3287 1450 Romanum
3312 1401 3640 1463 martyrem,

379 1500 542 1555 quam
580 1483 976 1556 Chrysostomo
1005 1484 1267 1542 suadente
1304 1485 1431 1540 huic
1464 1487 1865 1558 subiungimus.
1895 1486 1987 1544 Ha
2015 1503 2180 1559 porro
2207 1502 2399 1544 omnes
2434 1489 2736 1543 conciones
2761 1487 3065 1542 Antiochia
3097 1486 3296 1540 habita
3324 1495 3491 1540 sunt:
3521 1499 3636 1553 quo

380 1589 560 1632 autem
589 1594 732 1632 anno
763 1578 1065 1648 ignoratur.

459 1669 533 1723 De
580 1668 866 1723 Eustatbio
910 1669 1250 1724 Antiocheno
1292 1670 1555 1740 praesule,
1590 1671 1681 1740 qui
1717 1684 1816 1741 pro
1857 1671 2120 1728 catholica
2156 1674 2258 1727 ﬁde
2303 1672 2472 1726 multa
2504 1669 2793 1741 perpessus
2835 1678 2887 1725 et
2931 1668 2984 1722 in
3019 1669 3272 1725 exsilium
3305 1667 3494 1738 pulsus
3527 1673 3636 1728 est,

389 1776 558 1830 pauca
594 1760 822 1817 dicenda
861 1769 1008 1814 sunt.
1039 1759 1137 1815 Hic
1166 1762 1364 1816 ardens
1396 1762 1577 1817 studio
1611 1778 1750 1817 vera:
1779 1762 2044 1819 doctrina
2070 1765 2481 1834 promovenda,
2505 1762 2846 1831 infestusque
2870 1761 3110 1829 Arianis,
3144 1777 3280 1832 quos
3306 1760 3638 1814 interclusos

381 1854 642 1908 societate
671 1861 724 1931 et
745 1852 1129 1908 communione
1164 1869 1262 1909 sua
1286 1853 1550 1919 edixerat,
1575 1855 1627 1908 in
1655 1854 1840 1908 odium
1870 1854 2244 1926 invidiamque
2273 1854 2490 1911 Eusebii
2522 1853 2952 1910 Nicomediensis
2977 1854 3214 1924 episcopi
3245 1853 3636 1921 sociorumque

383 1949 711 2002 Arianorum
754 1946 1004 2001 incurrit.
1040 1947 1122 2001 Ad
1156 1947 1270 2002 hac
1302 1948 1474 2002 multa
1526 1957 1716 2003 contra
1757 1949 1993 2004 Arianos
2025 1964 2191 2020 opera
2216 1949 2268 2002 in
2311 1949 2486 2004 lucem
2520 1949 2723 2013 emisit,
2765 1965 2995 2019 quorum
3023 1948 3228 2002 mentio
3255 1946 3393 2017 apud
3421 1943 3634 2025 lliero-

380 2055 602 2110 nymum
635 2047 690 2094 et
723 2038 1147 2095 Theodoretum.
1201 2040 1336 2094 Cum
1385 2039 1625 2096 Eusebio
1659 2043 1785 2098 item
1836 2042 2160 2099 Caesariensi
2213 2043 2336 2098 iniit
2385 2043 2840 2106 controversiam,
2872 2057 3109 2112 eumque
3140 2049 3202 2098 ut
3233 2040 3464 2094 Nieana
3506 2040 3633 2094 fidei

381 2130 656 2186 infensum
687 2131 907 2201 scriptis
942 2132 1058 2186 suis
1084 2133 1397 2201 exagitavit.
1429 2131 1521 2187 ille
1567 2143 1760 2189 contra
1791 2133 2137 2190 Eustathium
2175 2151 2331 2188 reum
2360 2135 2470 2205 egit
2508 2133 2830 2189 Sabelliana
2857 2132 3154 2203 opinionis,
3187 2130 3333 2200 quod
3363 2129 3632 2183 Sabellia-

377 2223 537 2279 nismi
563 2224 768 2278 crimen
796 2225 1038 2279 sohmne
1064 2225 1282 2281 Arianis
1307 2236 1426 2282 erat
1463 2228 1530 2282 iis
1556 2228 1773 2293 offerre,
1795 2229 1888 2300 qui
1923 2229 2182 2283 Arianam
2218 2229 2451 2284 haresin
2488 2227 2681 2284 infesti
2715 2235 3110 2298 oppugnarent.
3143 2223 3330 2294 Neque
3359 2223 3416 2278 in
3450 2221 3630 2276 Euse-

380 2317 529 2371 bium
572 2329 784 2377 tantum
839 2325 1180 2393 Eustathius,
1231 2327 1324 2382 sed
1358 2328 1522 2382 etiam
1571 2328 1624 2382 in
1677 2326 2056 2397 Patropbilum
2091 2327 2628 2397 ScythOpolitanum,
2667 2335 2721 2381 et
2749 2324 3038 2380 Paulinum
3089 2321 3314 2394 Tyrium
3361 2319 3634 2375 acerrimo

376 2410 752 2468 invehebatur.
789 2413 884 2471 Bis
913 2419 1127 2473 accensi
1160 2420 1403 2475 veritatis
1430 2421 1613 2476 hostes
1643 2419 1761 2474 viro
1805 2419 2032 2475 insidias
2067 2427 2264 2491 parant
2296 2429 2350 2473 et
2381 2419 2615 2472 crimina
2660 2417 3176 2472 comminiscuntur.
3213 2412 3330 2469 Non
3371 2410 3632 2468 convenit

373 2503 517 2560 inter
547 2505 843 2575 scriptores
873 2524 982 2578 quo
1010 2511 1295 2566 calumnia
1334 2527 1530 2583 genere
1569 2513 1681 2566 sint
1725 2511 1811 2567 usi
1863 2509 2135 2567 Eustatbii
2181 2511 2503 2567 adversarii.
2547 2511 2637 2564 Ait
2664 2509 3020 2574 Athanasius,
3064 2505 3205 2577 apud
3235 2505 3630 2576 Imperatorem

383 2600 802 2658 Constantinum
834 2603 1084 2675 Magnum
1111 2617 1428 2662 accusatum
1457 2606 1801 2662 Enstatbium
1829 2608 2081 2680 irrogata
2109 2608 2269 2662 matri
2295 2608 2472 2677 ipsius
2507 2606 2876 2671 contumelia,
2909 2605 3056 2658 nulla
3097 2603 3412 2672 interposita
3469 2615 3628 2654 mora

377 2692 434 2744 in
474 2692 729 2748 exsilium
780 2705 958 2750 actum
997 2698 1166 2754 fuisse
1215 2715 1339 2754 cum
1378 2717 1570 2771 magna
1604 2703 1982 2756 comitantium
2020 2705 2457 2774 presbyterorum
2497 2713 2551 2758 et
2580 2703 2936 2760 diaconorum
2989 2699 3315 2769 frequentia.
3367 2695 3630 2751 Socrates

379 2791 560 2839 autem
587 2800 640 2841 et
688 2787 1027 2846 Sozomenus
1067 2803 1310 2857 narrant,
1355 2796 1480 2850 odio
1524 2796 1815 2867 flagrantes
1865 2797 2202 2855 Eusebianos
2251 2799 2596 2853 Eustathium
2634 2798 2685 2851 in
2735 2797 2956 2867 Synodo
3001 2793 3304 2848 Antiochia
3343 2793 3621 2848 celebrata

381 2879 686 2949 abdicasse,
729 2903 850 2940 eum
891 2887 1318 2958 Sabellianismi,
1353 2891 1466 2946 tum
1493 2895 1633 2950 alius
1671 2896 1917 2952 criminis
1951 2912 2055 2951 non
2099 2897 2440 2952 memorandi
2475 2911 2658 2950 causa.
2699 2893 2899 2949 Verum
2935 2890 3080 2961 quod
3137 2891 3270 2945 illud
3315 2889 3482 2943 fuerit
3514 2889 3624 2944 cri-

384 2985 530 3038 men,
557 2975 731 3042 aperit
771 2974 1166 3043 'l‘heodoretus,
1193 2978 1488 3037 Eusebium
1523 2985 1730 3040 scilicet
1759 2984 2248 3052 Nicomedienscm,
2278 2987 2434 3057 quasi
2466 2987 2608 3040 aliud
2647 2995 2913 3054 agentem,
2940 2998 3064 3037 eum
3095 2982 3258 3037 sociis
3288 2996 3395 3035 non
3431 2981 3627 3052 paucis

382 3061 730 3118 Antiochiam
762 3067 1000 3133 venisse,
1034 3079 1087 3124 et
1119 3071 1188 3126 ab
1225 3071 1504 3129 Eustathio
1529 3076 1759 3130 comiter
1789 3084 2071 3144 exceptum
2113 3075 2306 3132 fuisse.
2349 3076 2441 3140 lbi,
2470 3077 2645 3144 inquit
2685 3076 2793 3140 ille,
2822 3075 3093 3130 conducta
3129 3073 3473 3137 muliercula,
3499 3086 3625 3142 qua

376 3156 626 3224 corporis
670 3157 1074 3225 pulchritudine
1099 3148 1364 3233 quastum
1415 3167 1680 3232 faciebat,
1728 3176 1978 3221 auctores
2022 3167 2124 3237 ipsi
2167 3177 2312 3231 sunt,
2347 3177 2405 3221 ut
2460 3166 2535 3220 rei
2583 3182 2768 3220 secum
2806 3166 3004 3220 habita
3037 3172 3286 3220 sanctum
3321 3165 3612 3232 prasulem

383 3257 622 3304 accuset.
649 3247 705 3302 ln
752 3260 950 3306 catum
986 3253 1297 3312 intromissa
1327 3257 1541 3320 mulier,
1582 3258 1842 3313 infantem
1869 3259 2126 3314 uberibus
2151 3258 2429 3312 admotum
2456 3259 2770 3322 ostendens,
2813 3257 2964 3310 illum
2997 3270 3056 3311 se
3086 3270 3151 3310 ex
3175 3253 3442 3309 Eustatbii
3473 3256 3624 3310 coitu

383 3343 657 3410 peperisse
679 3343 929 3401 aﬂirmat.
963 3347 1282 3406 Eustathius
1304 3368 1458 3414 vero,
1486 3369 1592 3408 non
1623 3353 1844 3424 ignarus
1873 3353 2118 3417 conﬂata
2143 3355 2195 3408 in
2230 3370 2288 3410 se
2322 3353 2771 3424 conspirationis,
2805 3353 3086 3406 mulierem
3115 3351 3159 3406 si
3199 3367 3358 3421 quem
3398 3351 3626 3407 haberet

389 3433 705 3500 huiusmodi
735 3437 994 3495 facinoris
1026 3451 1217 3497 testem
1255 3446 1309 3499 in
1344 3447 1577 3500 medium
1607 3447 1850 3516 proferre
1888 3450 2077 3519 jubet;
2110 3465 2342 3520 cumque
2373 3450 2642 3504 neminem
2679 3449 2768 3502 illa
2801 3447 3044 3518 proferre
3065 3457 3274 3518 posset,
3307 3447 3411 3516 ipsi
3440 3447 3625 3517 jusju-

380 3525 614 3579 randum
658 3527 946 3585 Eusebiani
987 3532 1246 3588 detulere.
1295 3535 1505 3590 Iuravit
1536 3538 1627 3592 illa
1674 3537 1933 3594 infantem
1981 3539 2251 3596 Eustathii
2287 3556 2444 3608 esse;
2492 3539 3029 3610 statimque'judiees
3074 3539 3408 3608 iniquissimi
3439 3540 3616 3592 virum

382 3620 647 3674 damnant
681 3633 740 3676 ut
771 3625 1070 3692 machum,
1118 3627 1538 3684 reclamantibus
1585 3630 1709 3686 licet
1741 3633 1952 3689 caeteris
1981 3633 2251 3703 episcopis
2275 3635 2367 3703 qui
2415 3649 2479 3688 eo
2519 3635 2622 3689 loci
2663 3643 3050 3699 convenerant,
3081 3634 3193 3687 veri
3236 3633 3526 3688 tenacibus
3564 3641 3618 3686 et

387 3713 527 3787 frugi
561 3719 894 3785 hominibus,
922 3721 1014 3791 qui
1045 3721 1331 3779 Eustatbio
1359 3735 1608 3782 auctores
1648 3737 1805 3782 erant
1835 3739 1894 3784 ut
1925 3744 1994 3783 ne
2025 3729 2227 3799 iniqua
2273 3730 2555 3784 sententia
2585 3730 2970 3798 acquiesceret.
3011 3727 3161 3784 Hanc
3183 3729 3312 3782 item
3347 3728 3609 3783 crimina-

377 3812 578 3867 tionem
621 3827 1013 3873 commemorat
1044 3817 1409 3890 Ilieronymus
1450 3820 1675 3893 Apolog.
1708 3823 1742 3876 2
1788 3823 2050 3880 adversus
2083 3824 2360 3880 Rufinum.
2392 3845 2409 3876 ι
2458 3825 2595 3890 Ista,
2633 3825 2828 3896 inquit,
2874 3825 3140 3879 machina
3190 3822 3607 3884 Hareticorum.

378 3904 432 3958 id
459 3917 563 3973 est,
595 3911 980 3981 magistrorum
1017 3921 1232 3969 tuorum
1265 3925 1413 3983 sunt,
1447 3927 1505 3972 ut
1535 3918 1771 3974 convicti
1801 3919 1868 3975 de
1889 3919 2136 3991 perﬁdia,
2173 3921 2238 3975 ad
2275 3921 2562 3976 maledicta
2590 3937 2648 3978 se
2681 3921 2986 3976 conferant.
3021 3918 3110 3974 Sic
3139 3918 3463 3974 Eustathius
3495 3919 3610 3988 epi-

375 4014 574 4070 scopus
602 4003 764 4071 ﬁlios,
789 4006 918 4062 dum
953 4010 1147 4076 nescit,
1175 4011 1400 4067 invenit.
1445 4031 1467 4066 ι

1421 4093 3606 4120 W

1699 4285 2280 4371 ΕΓΚΩΜΙΟΝ

603 4475 629 4500 ι
665 4464 767 4524 Eli;
805 4461 911 4513 τὸν
951 4461 1020 4513 ἐν
1039 4461 1228 4530 ἁγίοις
1255 4463 1477 4530 πατέρα
1509 4459 1676 4530 ἡμῶν
1711 4463 2044 4517 Εὑστάθιον
2072 4463 2543 4531 ἁρχιεπίσκοπον
2583 4461 2934 4531 Ἀντιοχείας
2959 4457 3065 4527 τῆς
3094 4457 3390 4528 μεγάλης.

1993 4642 2055 4652 .-

462 4793 530 4839 αν.
553 4784 719 4852 Σοφός
736 4801 816 4846 τις
838 4785 977 4857 ἀνὴρ
994 4787 1088 4838 καὶ
1108 4787 1413 4856 φιλοσοφεῖν
1430 4786 1727 4849 εὶδὼς,τῶν
1749 4786 1954 4857 ἀνθρω-

391 4871 562 4923 πίνων
589 4868 927 4938 πραγμάτων
972 4869 1068 4939 τὴν
1103 4869 1262 4938 φύσιν
1294 4870 1431 4941 μετὰ
1472 4869 1755 4941 ἀκριϐείας
1793 4888 1955 4924 κατα-

393 4952 602 5024 μαθὼν,
642 4942 736 5004 καὶ
760 4950 1013 5018 ἐπιγνοὺς
1045 4952 1223 5005 αὐτῶν
1261 4955 1360 5022 τὴν
1405 4953 1726 5024 σαθρότητα,
1756 4953 1848 5006 καὶ
1881 4953 1956 5016 ὡς

388 5035 538 5088 οὐδὲν
581 5034 692 5104 ἔχει
727 5033 934 5098 πιστὸν,
993 5030 1166 5086 οὐδὲ)
1212 5035 1426 5106 βέϐαιον
1452 5076 1464 5100 ,
1518 5039 1770 5108 παραινεί
1803 5041 1951 5108 κοινῇ

389 5121 556 5173 πᾶσιν
595 5118 900 5188 ἀνθρώποις
931 5117 1038 5189 πρὸ
1076 5119 1331 5190 τελευτῆς
1377 5119 1450 5190 μὴ
1505 5121 1821 5190 μακαρίζειν
1853 5139 1955 5191 μη-

387 5202 534 5255 δένα.
579 5201 788 5254 Οὐκοῦν
821 5201 1006 5272 ἐπειδὴ
1049 5201 1438 5273 τετελεύτηκεν
1478 5204 1506 5255 6
1549 5203 1813 5272 μακάριος
1853 5204 1955 5255 Εὑ-

388 5283 624 5346 στάθιος,
661 5283 798 5353 μετὰ
835 5283 1016 5346 ἀδείας
1042 5285 1204 5337 αὑτὸν
1233 5285 1451 5354 ἀπάσης
1479 5286 1820 5354 ἐγκωμιάσαι
1847 5287 1958 5338 λοι-

387 5368 486 5418 πὸν
519 5367 813 5438 δυνάμεθα·
845 5368 1020 5438 εἱτὰρ
1043 5368 1148 5439 πρὸ
1175 5367 1430 5438 τελευτῆς
1445 5369 1504 5420 οὐ
1529 5367 1609 5419 δεῖ
1637 5368 1958 5438 μακαρίζειν

384 5449 594 5514 οὐδένα,
635 5449 776 5519 μετὰ
800 5449 897 5519 τὴν
926 5450 1180 5521 τελευτὴν
1208 5450 1499 5512 ἀνεύθυνος
1531 5450 1623 5500 ἐπὶ
1651 5449 1758 5501 τῶν
1792 5451 1958 5515 ἀξίων

383 5532 413 5581 6
450 5533 798 5600 μακαρισμὸς
824 5532 1012 5599 γένοιτ’
1046 5532 1132 5585 ἄν.
1159 5533 1264 5584 Καὶ
1293 5533 1401 5602 γὰρ
1423 5531 1669 5601 παρῆλθε
1689 5533 1785 5584 τὸν.
1807 5532 1955 5601 εὕρι-

387 5629 486 5664 πον
515 5611 620 5662 τῶν
656 5613 922 5682 βιωτικῶν
955 5615 1317 5684 πραγμάτων,
1348 5613 1637 5682 ἀπηλλάγη
1662 5615 1760 5682 τῆς
1783 5630 1950 5684 ταρα-

386 5693 486 5762 xi;
505 5693 611 5743 τῶν
632 5696 909 5762 κυμάτων,
933 5697 1065 5766 πρὸς
1083 5697 1172 5748 τὸν
1190 5695 1360 5747 εὕδων
1397 5697 1491 5747 καὶ
1527 5697 1794 5764 ἀτάραχον
1821 5712 1945 5748 κατε

450 5794 477 5822 δ
501 5793 648 5839 Savil.
672 5794 814 5841 titulo
834 5795 965 5842 addit
984 5797 1063 5841 καὶ
1088 5796 1150 5848 εἰς
1186 5797 1268 5849 τήν
1290 5797 1496 5851 σπουδὴν
1519 5798 1611 5841 τῶν
1632 5797 1943 5844 εἰσελθόντων.

452 5851 483 5894 δ
508 5853 644 5902 tuus
669 5853 789 5911 Reg.
820 5861 872 5902 et
893 5853 1039 5903 Sari].
1064 5854 1112 5902 in
1135 5867 1284 5909 marg.
1317 5858 1410 5909 {ut
1434 5857 1640 5909 στερέον,
1670 5857 1792 5903 οὐδὲ.

2058 4789 2282 4843 ἔπλευσε
2325 4787 2548 4856 λιμένα,
2585 4788 2681 4856 οὐχ
2732 4785 3016 4839 ὑπόκειται
3069 4789 3138 4856 τῇ
3192 4785 3285 4838 τοῦ
3343 4785 3626 4855 μέλλοντος

2056 4872 2322 4942 ἁδηλέαο,
2353 4870 2472 4922 οὐδέ
2520 4873 2664 4922 ἐστιν
2721 4867 3021 4931 ὑπεύθυνος
3079 4867 3450 4932 καταπτώσει,
3497 4869 3627 4922 ἀλλὰ

2057 4955 2305 5023 καθάπερ
2340 4954 2430 5004 ἐπὶ
2460 4954 2660 5023 πέτρας
2700 4951 2842 5014 τινὸς
2882 4953 2975 5004 καὶ
3005 4951 3208 5021 ὑψηλοῦ
3235 4951 3502 5004 σκοπέλου
3535 4951 3628 5003 νῦν

2057 5036 2228 5097 ἑστὼς
2272 5029 2544 5104 καταγελᾷ.
2598 5035 2705 5087 τῶν
2758 5035 3017 5105 κυμάτων
3071 5036 3345 5088 ἁπάντων.
3417 5035 3628 5086 Οὐκοῦν

2056 5119 2300 5187 ἀσφαλὴς
2325 5118 2352 5168 ὁ
2399 5117 2765 5188 μακαρισμὸς,
2802 5117 3165 5186 ἀνεπίληπτον
3202 5117 3263 5175 τὸ
3305 5117 3585 5186 ἐγκώμιον
3609 5135 3628 5152 ο

2053 5201 2112 5251 οὐ
2143 5203 2250 5270 γάρ
2281 5198 2483 5251 δέδοικε
2525 5198 2848 5268 μεταὸολὴν,
2877 5200 2974 5267 οὐχ
3001 5197 3296 5250 ὑποπτεύει
3331 5200 3626 5268 μετάπτω-

2055 5299 2157 5334 σιν.
2198 5281 2385 5351 Ἡμεῖς
2432 5280 2530 5349 μὲν
2568 5279 2677 5350 γὰρ
2709 5282 2758 5332 οἱ
2809 5281 2888 5334 ἔτι
2928 5280 3160 5344 ζῶντες,
3195 5281 3449 5351 καθάπερ
3488 5284 3538 5334 οἱ
3572 5285 3627 5333 ἐν

2057 5366 2202 5434 μέσῳ
2236 5365 2458 5431 πελάγει
2491 5363 2830 5426 σαλεύοντες,
2871 5364 3090 5427 πολλαῖς
3133 5365 3477 5434 ὑποκείμεθα
3506 5369 3627 5428 ταῖς

2056 5449 2396 5519 μεταϐολαῖς
2439 5449 2531 5500 καὶ
2581 5447 2832 5518 καθάπερ
2874 5451 3069 5501 ἐκεῖνοι
3099 5448 3196 5501 νῦν
3235 5449 3334 5518 μὲν
3371 5452 3452 5511 εἰς
3495 5449 3626 5518 ὕψος

2055 5535 2295 5602 αἴρονται
2328 5531 2433 5583 τῶν
2483 5531 2742 5598 κυμάτων
2789 5530 3233 5599 κορυφουμένων.
3277 5530 3374 5584 νῦν
3402 5530 3461 5582 δὲ
3491 5532 3624 5600 πρὸς

2059 5615 2219 5666 αὑτὸν
2262 5614 2656 5682 καταφέρονται
2710 5613 2800 5665 τὸν
2849 5613 3041 5681 βυθόν’
3086 5611 3200 5664 ἀλλ’
3234 5610 3358 5664 οὔτε
3393 5613 3454 5664 τὸ
3495 5612 3622 5677 ὕψος

2061 5697 2294 5764 ἀσφαλὲς
2320 5735 2333 5758 ,
2368 5695 2488 5747 οὔτε
2521 5697 2553 5765 ὴ
2584 5695 2904 5756 ταπείνωσις
2959 5694 3182 5765 μόνιμος
3209 5713 3221 5725 ·
3266 5696 3474 5750 ὑδάτων
3521 5695 3623 5763 γάρ

2120 5795 2140 5823 τ
2167 5793 2297 5841 L'nus
2321 5808 2406 5841 ms.
2432 5798 2488 5855 τῇ
2512 5790 2594 5840 τοῦ
2617 5793 2868 5853 μέλλοντος
2881 5791 3042 5855 δειλία.
