  <div class='ocr_page' id='page_1' title='image "/cluster/home/n/w/nwhite01/storage/ocr_20150623/50/mdp.39015066055818/194.png"; bbox 0 0 3860 6286; ppageno 0'>
   <div class='ocr_carea' id='block_1_1' title="bbox 163 347 3448 435">
    <p class='ocr_par' dir='ltr' id='par_1_1' title="bbox 163 347 3448 435">
     <span class='ocr_line' id='line_1_1' title="bbox 163 347 3448 435; baseline -0.001 -25"><span class='ocrx_word' id='word_1_1' title='bbox 163 354 276 411; x_wconf 81' lang='grc'><strong>597</strong></span> <span class='ocrx_word' id='word_1_2' title='bbox 1178 347 1245 405; x_wconf 75' lang='grc' dir='ltr'><strong>ΙΝ</strong></span> <span class='ocrx_word' id='word_1_3' title='bbox 1290 352 1346 406; x_wconf 85' lang='grc'><strong>5.</strong></span> <span class='ocrx_word' id='word_1_4' title='bbox 1389 349 1843 415; x_wconf 74' lang='grc' dir='ltr'><strong>ΕυδΤΑΤιιιωι</strong></span> <span class='ocrx_word' id='word_1_5' title='bbox 1907 349 2432 408; x_wconf 69' lang='grc' dir='ltr'><strong>ΑΝΤῙΟΕΗΕΜΞΜ.</strong></span> <span class='ocrx_word' id='word_1_6' title='bbox 3053 419 3056 435; x_wconf 39' lang='grc'><em>¹</em></span> <span class='ocrx_word' id='word_1_7' title='bbox 3343 354 3448 409; x_wconf 70' lang='lat'><strong>598</strong></span> 
     </span>
    </p>
   </div>
   <div class='ocr_carea' id='block_1_2' title="bbox 409 461 1672 489">
    <p class='ocr_par' dir='ltr' id='par_1_2' title="bbox 409 461 1672 489">
     <span class='ocr_line' id='line_1_2' title="bbox 409 461 1672 489; baseline -0.001 0"><span class='ocrx_word' id='word_1_8' title='bbox 409 461 1672 489; x_wconf 70' lang='lat' dir='ltr'><strong>r==========</strong></span> 
     </span>
    </p>
   </div>
   <div class='ocr_carea' id='block_1_3' title="bbox 1031 610 2578 708">
    <p class='ocr_par' dir='ltr' id='par_1_3' title="bbox 1031 610 2578 708">
     <span class='ocr_line' id='line_1_3' title="bbox 1031 610 2578 708; baseline -0.001 -36"><span class='ocrx_word' id='word_1_9' title='bbox 1031 610 1456 672; x_wconf 76' lang='lat' dir='ltr'><strong>EPISCOPUM</strong></span> <span class='ocrx_word' id='word_1_10' title='bbox 1487 611 2054 708; x_wconf 26' lang='lat' dir='ltr'><strong>&#39;ANTIOCHENUM</strong></span> <span class='ocrx_word' id='word_1_11' title='bbox 2071 657 2086 685; x_wconf 89' lang='lat'><strong>,</strong></span> <span class='ocrx_word' id='word_1_12' title='bbox 2142 610 2578 708; x_wconf 60' lang='lat' dir='ltr'><strong>ADMONITIO.</strong></span> 
     </span>
    </p>
   </div>
   <div class='ocr_carea' id='block_1_4' title="bbox 245 753 3440 828">
    <p class='ocr_par' dir='ltr' id='par_1_4' title="bbox 245 753 3440 828">
     <span class='ocr_line' id='line_1_4' title="bbox 245 753 3440 828; baseline -0.002 -17"><span class='ocrx_word' id='word_1_13' title='bbox 245 757 374 815; x_wconf 76' lang='lat' dir='ltr'><strong>llaec</strong></span> <span class='ocrx_word' id='word_1_14' title='bbox 397 757 776 814; x_wconf 78' lang='lat' dir='ltr'><strong>&#39;l‘heodoretus</strong></span> <span class='ocrx_word' id='word_1_15' title='bbox 808 766 862 812; x_wconf 90' lang='lat' dir='ltr'><strong>et</strong></span> <span class='ocrx_word' id='word_1_16' title='bbox 889 755 1256 828; x_wconf 78' lang='lat' dir='ltr'><strong>Hieronymus</strong></span> <span class='ocrx_word' id='word_1_17' title='bbox 1283 775 1296 812; x_wconf 90' lang='lat'>:</span> <span class='ocrx_word' id='word_1_18' title='bbox 1330 764 1386 811; x_wconf 88' lang='lat' dir='ltr'><strong>at</strong></span> <span class='ocrx_word' id='word_1_19' title='bbox 1415 771 1510 826; x_wconf 90' lang='lat' dir='ltr'><strong>per</strong></span> <span class='ocrx_word' id='word_1_20' title='bbox 1541 755 1672 810; x_wconf 92' lang='lat' dir='ltr'><strong>mihi</strong></span> <span class='ocrx_word' id='word_1_21' title='bbox 1704 754 1904 810; x_wconf 89' lang='lat' dir='ltr'><strong>mirum</strong></span> <span class='ocrx_word' id='word_1_22' title='bbox 1931 755 2145 810; x_wconf 91' lang='lat' dir='ltr'><strong>videtur</strong></span> <span class='ocrx_word' id='word_1_23' title='bbox 2177 756 2318 809; x_wconf 90' lang='lat' dir='ltr'><strong>hanc</strong></span> <span class='ocrx_word' id='word_1_24' title='bbox 2344 765 2452 808; x_wconf 92' lang='lat' dir='ltr'><strong>tam</strong></span> <span class='ocrx_word' id='word_1_25' title='bbox 2486 765 2726 811; x_wconf 89' lang='lat' dir='ltr'><strong>atrocem</strong></span> <span class='ocrx_word' id='word_1_26' title='bbox 2764 756 2816 810; x_wconf 90' lang='lat' dir='ltr'><strong>in</strong></span> <span class='ocrx_word' id='word_1_27' title='bbox 2838 755 3073 811; x_wconf 89' lang='lat' dir='ltr'><strong>amicum</strong></span> <span class='ocrx_word' id='word_1_28' title='bbox 3098 764 3152 810; x_wconf 91' lang='lat' dir='ltr'><strong>et</strong></span> <span class='ocrx_word' id='word_1_29' title='bbox 3177 753 3440 825; x_wconf 65' lang='lat' dir='ltr'><strong>aequalem</strong></span> 
     </span>
    </p>
   </div>
   <div class='ocr_carea' id='block_1_5' title="bbox 173 845 3430 921">
    <p class='ocr_par' dir='ltr' id='par_1_5' title="bbox 173 845 3430 921">
     <span class='ocr_line' id='line_1_5' title="bbox 173 845 3430 921; baseline -0.002 -13"><span class='ocrx_word' id='word_1_30' title='bbox 173 867 344 908; x_wconf 85' lang='lat' dir='ltr'><strong>suum</strong></span> <span class='ocrx_word' id='word_1_31' title='bbox 380 851 694 921; x_wconf 87' lang='lat' dir='ltr'><strong>episcopum</strong></span> <span class='ocrx_word' id='word_1_32' title='bbox 722 849 960 905; x_wconf 78' lang='lat' dir='ltr'><strong>oblatam</strong></span> <span class='ocrx_word' id='word_1_33' title='bbox 988 849 1316 904; x_wconf 82' lang='lat' dir='ltr'><strong>calumniam</strong></span> <span class='ocrx_word' id='word_1_34' title='bbox 1345 847 1415 902; x_wconf 89' lang='lat' dir='ltr'><strong>ab</strong></span> <span class='ocrx_word' id='word_1_35' title='bbox 1456 846 1758 902; x_wconf 74' lang='lat' dir='ltr'><strong>Athanasio</strong></span> <span class='ocrx_word' id='word_1_36' title='bbox 1795 847 1986 902; x_wconf 88' lang='lat' dir='ltr'><strong>taceri.</strong></span> <span class='ocrx_word' id='word_1_37' title='bbox 2020 845 2095 900; x_wconf 74' lang='lat' dir='ltr'><strong>Ex</strong></span> <span class='ocrx_word' id='word_1_38' title='bbox 2135 846 2420 902; x_wconf 78' lang='lat' dir='ltr'><strong>Athanasii</strong></span> <span class='ocrx_word' id='word_1_39' title='bbox 2470 856 2618 903; x_wconf 85' lang='lat' dir='ltr'><strong>certe</strong></span> <span class='ocrx_word' id='word_1_40' title='bbox 2658 849 2876 904; x_wconf 89' lang='lat' dir='ltr'><strong>silentio</strong></span> <span class='ocrx_word' id='word_1_41' title='bbox 2901 849 3149 904; x_wconf 83' lang='lat' dir='ltr'><strong>nonnihil</strong></span> <span class='ocrx_word' id='word_1_42' title='bbox 3195 847 3430 903; x_wconf 76' lang='lat' dir='ltr'><strong>fortasse</strong></span> 
     </span>
    </p>
   </div>
   <div class='ocr_carea' id='block_1_6' title="bbox 169 938 3437 1011">
    <p class='ocr_par' dir='ltr' id='par_1_6' title="bbox 169 938 3437 1011">
     <span class='ocr_line' id='line_1_6' title="bbox 169 938 3437 1011; baseline -0.001 -13"><span class='ocrx_word' id='word_1_43' title='bbox 169 953 441 998; x_wconf 88' lang='lat' dir='ltr'><strong>nascatur</strong></span> <span class='ocrx_word' id='word_1_44' title='bbox 469 952 658 997; x_wconf 88' lang='lat' dir='ltr'><strong>contra</strong></span> <span class='ocrx_word' id='word_1_45' title='bbox 686 943 828 998; x_wconf 87' lang='lat' dir='ltr'><strong>hanc</strong></span> <span class='ocrx_word' id='word_1_46' title='bbox 856 940 1516 1011; x_wconf 85' lang='lat' dir='ltr'><strong>historiamsuspicionis,</strong></span> <span class='ocrx_word' id='word_1_47' title='bbox 1555 940 1777 1009; x_wconf 86' lang='lat' dir='ltr'><strong>quando</strong></span> <span class='ocrx_word' id='word_1_48' title='bbox 1811 939 2158 1009; x_wconf 87' lang='lat' dir='ltr'><strong>potissimum</strong></span> <span class='ocrx_word' id='word_1_49' title='bbox 2188 938 2470 994; x_wconf 86' lang='lat' dir='ltr'><strong>cernimus</strong></span> <span class='ocrx_word' id='word_1_50' title='bbox 2498 940 2789 1011; x_wconf 85' lang='lat' dir='ltr'><strong>plerosque</strong></span> <span class='ocrx_word' id='word_1_51' title='bbox 2821 941 2978 997; x_wconf 77' lang='lat' dir='ltr'><strong>istius</strong></span> <span class='ocrx_word' id='word_1_52' title='bbox 3008 942 3437 1011; x_wconf 84' lang='lat' dir='ltr'><strong>aevi‘scriptores</strong></span> 
     </span>
    </p>
   </div>
   <div class='ocr_carea' id='block_1_7' title="bbox 174 1030 3433 1102">
    <p class='ocr_par' dir='ltr' id='par_1_7' title="bbox 174 1030 3433 1102">
     <span class='ocr_line' id='line_1_7' title="bbox 174 1030 3433 1102; baseline -0.001 -15"><span class='ocrx_word' id='word_1_53' title='bbox 174 1034 412 1089; x_wconf 90' lang='lat' dir='ltr'><strong>libenter</strong></span> <span class='ocrx_word' id='word_1_54' title='bbox 436 1034 630 1090; x_wconf 80' lang='lat' dir='ltr'><strong>afferre</strong></span> <span class='ocrx_word' id='word_1_55' title='bbox 669 1035 1120 1090; x_wconf 86' lang='lat' dir='ltr'><strong>muliercularum</strong></span> <span class='ocrx_word' id='word_1_56' title='bbox 1154 1033 1436 1098; x_wconf 85' lang='lat' dir='ltr'><strong>historias,</strong></span> <span class='ocrx_word' id='word_1_57' title='bbox 1470 1047 1701 1102; x_wconf 89' lang='lat' dir='ltr'><strong>quarum</strong></span> <span class='ocrx_word' id='word_1_58' title='bbox 1730 1031 2017 1102; x_wconf 64' lang='lat' dir='ltr'><strong>nonnulla</strong></span> <span class='ocrx_word' id='word_1_59' title='bbox 2045 1030 2161 1102; x_wconf 90' lang='lat' dir='ltr'><strong>pari</strong></span> <span class='ocrx_word' id='word_1_60' title='bbox 2202 1031 2516 1102; x_wconf 78' lang='lat' dir='ltr'><strong>suspicione</strong></span> <span class='ocrx_word' id='word_1_61' title='bbox 2547 1032 2829 1098; x_wconf 88' lang='lat' dir='ltr'><strong>laborant;</strong></span> <span class='ocrx_word' id='word_1_62' title='bbox 2861 1033 3040 1102; x_wconf 83' lang='lat' dir='ltr'><strong>qualis</strong></span> <span class='ocrx_word' id='word_1_63' title='bbox 3073 1041 3157 1088; x_wconf 90' lang='lat' dir='ltr'><strong>est</strong></span> <span class='ocrx_word' id='word_1_64' title='bbox 3181 1033 3269 1086; x_wconf 91' lang='lat' dir='ltr'><strong>illa</strong></span> <span class='ocrx_word' id='word_1_65' title='bbox 3312 1045 3433 1084; x_wconf 88' lang='lat' dir='ltr'><strong>mu-</strong></span> 
     </span>
    </p>
   </div>
   <div class='ocr_carea' id='block_1_8' title="bbox 162 1123 3440 1198">
    <p class='ocr_par' dir='ltr' id='par_1_8' title="bbox 162 1123 3440 1198">
     <span class='ocr_line' id='line_1_8' title="bbox 162 1123 3440 1198; baseline -0.003 -14"><span class='ocrx_word' id='word_1_66' title='bbox 162 1127 414 1184; x_wconf 69' lang='lat' dir='ltr'><strong>liercula:</strong></span> <span class='ocrx_word' id='word_1_67' title='bbox 444 1127 500 1181; x_wconf 92' lang='lat' dir='ltr'><strong>in</strong></span> <span class='ocrx_word' id='word_1_68' title='bbox 527 1125 749 1198; x_wconf 86' lang='lat' dir='ltr'><strong>Synodo</strong></span> <span class='ocrx_word' id='word_1_69' title='bbox 767 1127 929 1198; x_wconf 82' lang='lat' dir='ltr'><strong>Tyria</strong></span> <span class='ocrx_word' id='word_1_70' title='bbox 962 1126 1324 1181; x_wconf 83' lang='lat' dir='ltr'><strong>Athanasium</strong></span> <span class='ocrx_word' id='word_1_71' title='bbox 1351 1126 1485 1180; x_wconf 87' lang='lat' dir='ltr'><strong>illati</strong></span> <span class='ocrx_word' id='word_1_72' title='bbox 1511 1127 1685 1194; x_wconf 87' lang='lat' dir='ltr'><strong>stupri</strong></span> <span class='ocrx_word' id='word_1_73' title='bbox 1709 1125 2045 1190; x_wconf 89' lang='lat' dir='ltr'><strong>accusantis,</strong></span> <span class='ocrx_word' id='word_1_74' title='bbox 2070 1139 2232 1194; x_wconf 90' lang='lat' dir='ltr'><strong>quam</strong></span> <span class='ocrx_word' id='word_1_75' title='bbox 2251 1123 2297 1178; x_wconf 90' lang='lat' dir='ltr'><strong>si</strong></span> <span class='ocrx_word' id='word_1_76' title='bbox 2327 1139 2434 1180; x_wconf 91' lang='lat' dir='ltr'><strong>non</strong></span> <span class='ocrx_word' id='word_1_77' title='bbox 2467 1137 2651 1196; x_wconf 88' lang='lat' dir='ltr'><strong>aperte</strong></span> <span class='ocrx_word' id='word_1_78' title='bbox 2681 1125 2899 1191; x_wconf 91' lang='lat' dir='ltr'><strong>falsam,</strong></span> <span class='ocrx_word' id='word_1_79' title='bbox 2926 1124 3220 1180; x_wconf 88' lang='lat' dir='ltr'><strong>admodum</strong></span> <span class='ocrx_word' id='word_1_80' title='bbox 3248 1124 3440 1178; x_wconf 84' lang='lat' dir='ltr'><strong>saltem</strong></span> 
     </span>
    </p>
   </div>
   <div class='ocr_carea' id='block_1_9' title="bbox 169 1215 3436 1290">
    <p class='ocr_par' dir='ltr' id='par_1_9' title="bbox 169 1215 3436 1290">
     <span class='ocr_line' id='line_1_9' title="bbox 169 1215 3436 1290; baseline -0.002 -14"><span class='ocrx_word' id='word_1_81' title='bbox 169 1227 492 1290; x_wconf 83' lang='lat' dir='ltr'><strong>suspectam</strong></span> <span class='ocrx_word' id='word_1_82' title='bbox 518 1220 858 1276; x_wconf 81' lang='lat' dir='ltr'><strong>ostendimus</strong></span> <span class='ocrx_word' id='word_1_83' title='bbox 880 1219 934 1274; x_wconf 92' lang='lat' dir='ltr'><strong>in</strong></span> <span class='ocrx_word' id='word_1_84' title='bbox 971 1219 1552 1274; x_wconf 85' lang='lat' dir='ltr'><strong>Animadversiouibus</strong></span> <span class='ocrx_word' id='word_1_85' title='bbox 1587 1218 1653 1272; x_wconf 91' lang='lat' dir='ltr'><strong>ad</strong></span> <span class='ocrx_word' id='word_1_86' title='bbox 1683 1219 1847 1272; x_wconf 88' lang='lat' dir='ltr'><strong>vitam</strong></span> <span class='ocrx_word' id='word_1_87' title='bbox 1872 1226 1926 1272; x_wconf 90' lang='lat' dir='ltr'><strong>et</strong></span> <span class='ocrx_word' id='word_1_88' title='bbox 1948 1215 2149 1286; x_wconf 88' lang='lat' dir='ltr'><strong>scripta</strong></span> <span class='ocrx_word' id='word_1_89' title='bbox 2182 1215 2486 1270; x_wconf 86' lang='lat' dir='ltr'><strong>Athanasii.</strong></span> <span class='ocrx_word' id='word_1_90' title='bbox 2515 1217 2694 1286; x_wconf 78' lang='lat' dir='ltr'><strong>Auget</strong></span> <span class='ocrx_word' id='word_1_91' title='bbox 2735 1218 2824 1272; x_wconf 85' lang='lat' dir='ltr'><strong>hic</strong></span> <span class='ocrx_word' id='word_1_92' title='bbox 2855 1217 3172 1288; x_wconf 80' lang='lat' dir='ltr'><strong>scrupulum</strong></span> <span class='ocrx_word' id='word_1_93' title='bbox 3196 1216 3436 1288; x_wconf 73' lang='lat' dir='ltr'><strong>Chryso—</strong></span> 
     </span>
    </p>
   </div>
   <div class='ocr_carea' id='block_1_10' title="bbox 175 1305 3444 1383">
    <p class='ocr_par' dir='ltr' id='par_1_10' title="bbox 175 1305 3444 1383">
     <span class='ocr_line' id='line_1_10' title="bbox 175 1305 3444 1383; baseline -0.002 -15"><span class='ocrx_word' id='word_1_94' title='bbox 175 1324 419 1380; x_wconf 87' lang='lat' dir='ltr'><strong>stomus,</strong></span> <span class='ocrx_word' id='word_1_95' title='bbox 445 1314 539 1383; x_wconf 90' lang='lat' dir='ltr'><strong>qui</strong></span> <span class='ocrx_word' id='word_1_96' title='bbox 579 1311 634 1368; x_wconf 91' lang='lat' dir='ltr'><strong>in</strong></span> <span class='ocrx_word' id='word_1_97' title='bbox 675 1311 871 1367; x_wconf 46' lang='lat' dir='ltr'><strong>bac‘de</strong></span> <span class='ocrx_word' id='word_1_98' title='bbox 896 1310 1186 1366; x_wconf 88' lang='lat' dir='ltr'><strong>Eustathio</strong></span> <span class='ocrx_word' id='word_1_99' title='bbox 1214 1311 1440 1366; x_wconf 85' lang='lat' dir='ltr'><strong>humilia</strong></span> <span class='ocrx_word' id='word_1_100' title='bbox 1476 1326 1544 1365; x_wconf 89' lang='lat' dir='ltr'><strong>ne</strong></span> <span class='ocrx_word' id='word_1_101' title='bbox 1583 1309 1688 1380; x_wconf 81' lang='grc' dir='ltr'><strong>γρῦ</strong></span> <span class='ocrx_word' id='word_1_102' title='bbox 1716 1309 1939 1378; x_wconf 89' lang='lat' dir='ltr'><strong>quidem</strong></span> <span class='ocrx_word' id='word_1_103' title='bbox 1971 1307 2150 1372; x_wconf 86' lang='lat' dir='ltr'><strong>habet,</strong></span> <span class='ocrx_word' id='word_1_104' title='bbox 2186 1321 2299 1376; x_wconf 89' lang='lat' dir='ltr'><strong>quo</strong></span> <span class='ocrx_word' id='word_1_105' title='bbox 2330 1305 2493 1360; x_wconf 88' lang='lat' dir='ltr'><strong>talem</strong></span> <span class='ocrx_word' id='word_1_106' title='bbox 2518 1306 2757 1362; x_wconf 87' lang='lat' dir='ltr'><strong>oblatam</strong></span> <span class='ocrx_word' id='word_1_107' title='bbox 2785 1307 3115 1363; x_wconf 81' lang='lat' dir='ltr'><strong>calumniam</strong></span> <span class='ocrx_word' id='word_1_108' title='bbox 3149 1307 3230 1362; x_wconf 91' lang='lat' dir='ltr'><strong>vel</strong></span> <span class='ocrx_word' id='word_1_109' title='bbox 3258 1319 3444 1376; x_wconf 70' lang='lat' dir='ltr'><strong>apeme</strong></span> 
     </span>
    </p>
   </div>
   <div class='ocr_carea' id='block_1_11' title="bbox 166 1399 3443 1478">
    <p class='ocr_par' dir='ltr' id='par_1_11' title="bbox 166 1399 3443 1478">
     <span class='ocr_line' id='line_1_11' title="bbox 166 1399 3443 1478; baseline -0.002 -13"><span class='ocrx_word' id='word_1_110' title='bbox 166 1408 459 1465; x_wconf 82' lang='lat' dir='ltr'><strong>denuntiet</strong></span> <span class='ocrx_word' id='word_1_111' title='bbox 490 1408 573 1463; x_wconf 91' lang='lat' dir='ltr'><strong>vel</strong></span> <span class='ocrx_word' id='word_1_112' title='bbox 605 1407 932 1463; x_wconf 85' lang='lat' dir='ltr'><strong>subindicet.</strong></span> <span class='ocrx_word' id='word_1_113' title='bbox 975 1406 1122 1473; x_wconf 83' lang='lat' dir='ltr'><strong>Quid</strong></span> <span class='ocrx_word' id='word_1_114' title='bbox 1150 1407 1300 1478; x_wconf 87' lang='lat' dir='ltr'><strong>quod</strong></span> <span class='ocrx_word' id='word_1_115' title='bbox 1333 1405 1588 1461; x_wconf 88' lang='lat' dir='ltr'><strong>Socrates</strong></span> <span class='ocrx_word' id='word_1_116' title='bbox 1623 1417 1912 1476; x_wconf 83' lang='lat' dir='ltr'><strong>postquam</strong></span> <span class='ocrx_word' id='word_1_117' title='bbox 1946 1404 2293 1459; x_wconf 89' lang='lat' dir='ltr'><strong>Eustathium</strong></span> <span class='ocrx_word' id='word_1_118' title='bbox 2334 1399 2746 1458; x_wconf 88' lang='lat' dir='ltr'><strong>Sabellianismi</strong></span> <span class='ocrx_word' id='word_1_119' title='bbox 2775 1419 2941 1460; x_wconf 87' lang='lat' dir='ltr'><strong>causa</strong></span> <span class='ocrx_word' id='word_1_120' title='bbox 2970 1405 3281 1459; x_wconf 90' lang='lat' dir='ltr'><strong>abdicatum</strong></span> <span class='ocrx_word' id='word_1_121' title='bbox 3314 1420 3443 1459; x_wconf 89' lang='lat' dir='ltr'><strong>nar-</strong></span> 
     </span>
    </p>
   </div>
   <div class='ocr_carea' id='block_1_12' title="bbox 169 1496 1796 1572">
    <p class='ocr_par' dir='ltr' id='par_1_12' title="bbox 169 1496 1768 1572">
     <span class='ocr_line' id='line_1_12' title="bbox 169 1496 1768 1572; baseline -0.003 -16"><span class='ocrx_word' id='word_1_122' title='bbox 169 1503 342 1568; x_wconf 72' lang='lat' dir='ltr'><strong>tavit,</strong></span> <span class='ocrx_word' id='word_1_123' title='bbox 368 1500 572 1570; x_wconf 85' lang='lat' dir='ltr'><strong>adjicit,</strong></span> <span class='ocrx_word' id='word_1_124' title='bbox 615 1500 692 1564; x_wconf 82' lang='grc' dir='ltr'><strong>ὡς</strong></span> <span class='ocrx_word' id='word_1_125' title='bbox 721 1501 820 1572; x_wconf 79' lang='grc' dir='ltr'><strong>μὲν</strong></span> <span class='ocrx_word' id='word_1_126' title='bbox 855 1496 948 1554; x_wconf 80' lang='grc' dir='ltr'>οὖν</span> <span class='ocrx_word' id='word_1_127' title='bbox 977 1501 1120 1564; x_wconf 77' lang='grc' dir='ltr'><strong>τινές</strong></span> <span class='ocrx_word' id='word_1_128' title='bbox 1164 1517 1350 1568; x_wconf 82' lang='grc' dir='ltr'>φασιν,</span> <span class='ocrx_word' id='word_1_129' title='bbox 1379 1499 1446 1552; x_wconf 88' lang='grc' dir='ltr'><strong>δι’</strong></span> <span class='ocrx_word' id='word_1_130' title='bbox 1475 1498 1638 1563; x_wconf 82' lang='grc' dir='ltr'>ἄλλας</span> <span class='ocrx_word' id='word_1_131' title='bbox 1669 1499 1768 1552; x_wconf 81' lang='grc' dir='ltr'>οὐκ</span> 
     </span>
    </p>
   </div>
   <div class='ocr_carea' id='block_1_13' title="bbox 1840 1496 3442 1572">
    <p class='ocr_par' dir='ltr' id='par_1_13' title="bbox 1840 1497 3442 1570">
     <span class='ocr_line' id='line_1_13' title="bbox 1840 1497 3442 1570; baseline 0.002 -19"><span class='ocrx_word' id='word_1_132' title='bbox 1840 1498 2008 1568; x_wconf 76' lang='grc' dir='ltr'><strong>γαθὰς</strong></span> <span class='ocrx_word' id='word_1_133' title='bbox 2050 1499 2248 1563; x_wconf 80' lang='grc' dir='ltr'><strong>αἰτίας,</strong></span> <span class='ocrx_word' id='word_1_134' title='bbox 2295 1497 2555 1569; x_wconf 77' lang='grc' dir='ltr'>φανερῶς</span> <span class='ocrx_word' id='word_1_135' title='bbox 2590 1498 2646 1551; x_wconf 83' lang='grc' dir='ltr'><strong>δὲ</strong></span> <span class='ocrx_word' id='word_1_136' title='bbox 2674 1498 2775 1552; x_wconf 76' lang='grc' dir='ltr'>οὐκ</span> <span class='ocrx_word' id='word_1_137' title='bbox 2823 1500 3097 1570; x_wconf 77' lang='grc' dir='ltr'><strong>εἰρήκασι.</strong></span> <span class='ocrx_word' id='word_1_138' title='bbox 3140 1500 3195 1554; x_wconf 87' lang='lat' dir='ltr'><strong>Id</strong></span> <span class='ocrx_word' id='word_1_139' title='bbox 3239 1509 3340 1566; x_wconf 86' lang='lat' dir='ltr'><strong>est,</strong></span> <span class='ocrx_word' id='word_1_140' title='bbox 3371 1499 3442 1555; x_wconf 85' lang='lat' dir='ltr'><strong>Ut</strong></span> 
     </span>
    </p>
   </div>
   <div class='ocr_carea' id='block_1_14' title="bbox 171 1593 3442 1665">
    <p class='ocr_par' dir='ltr' id='par_1_14' title="bbox 171 1593 3442 1665">
     <span class='ocr_line' id='line_1_14' title="bbox 171 1593 3442 1665; baseline 0.001 -16"><span class='ocrx_word' id='word_1_141' title='bbox 171 1611 298 1649; x_wconf 79' lang='lat' dir='ltr'><strong>vero</strong></span> <span class='ocrx_word' id='word_1_142' title='bbox 321 1594 536 1662; x_wconf 85' lang='lat' dir='ltr'><strong>quidam</strong></span> <span class='ocrx_word' id='word_1_143' title='bbox 563 1604 810 1659; x_wconf 81' lang='lat' dir='ltr'><strong>narrant,</strong></span> <span class='ocrx_word' id='word_1_144' title='bbox 843 1594 964 1649; x_wconf 76' lang='lat' dir='ltr'><strong>aliis</strong></span> <span class='ocrx_word' id='word_1_145' title='bbox 990 1596 1054 1650; x_wconf 80' lang='lat' dir='ltr'><strong>de</strong></span> <span class='ocrx_word' id='word_1_146' title='bbox 1092 1596 1267 1649; x_wconf 81' lang='lat' dir='ltr'><strong>causis</strong></span> <span class='ocrx_word' id='word_1_147' title='bbox 1297 1595 1471 1648; x_wconf 83' lang='lat' dir='ltr'><strong>minus</strong></span> <span class='ocrx_word' id='word_1_148' title='bbox 1501 1594 1732 1649; x_wconf 78' lang='lat' dir='ltr'><strong>honestis</strong></span> <span class='ocrx_word' id='word_1_149' title='bbox 1763 1595 2040 1648; x_wconf 84' lang='lat' dir='ltr'><strong>abdicatus</strong></span> <span class='ocrx_word' id='word_1_150' title='bbox 2067 1604 2164 1660; x_wconf 76' lang='lat' dir='ltr'><strong>est,</strong></span> <span class='ocrx_word' id='word_1_151' title='bbox 2201 1612 2334 1665; x_wconf 85' lang='lat' dir='ltr'><strong>quas</strong></span> <span class='ocrx_word' id='word_1_152' title='bbox 2362 1605 2538 1648; x_wconf 83' lang='lat' dir='ltr'><strong>tamen</strong></span> <span class='ocrx_word' id='word_1_153' title='bbox 2571 1609 2749 1663; x_wconf 84' lang='lat' dir='ltr'><strong>aperte</strong></span> <span class='ocrx_word' id='word_1_154' title='bbox 2778 1610 2882 1647; x_wconf 84' lang='lat' dir='ltr'><strong>non</strong></span> <span class='ocrx_word' id='word_1_155' title='bbox 2914 1594 3211 1664; x_wconf 73' lang='lat' dir='ltr'><strong>proferunt.</strong></span> <span class='ocrx_word' id='word_1_156' title='bbox 3231 1593 3442 1661; x_wconf 74' lang='lat' dir='ltr'><strong>Quibus</strong></span> 
     </span>
    </p>
   </div>
   <div class='ocr_carea' id='block_1_15' title="bbox 178 1689 3187 1761">
    <p class='ocr_par' dir='ltr' id='par_1_15' title="bbox 178 1689 3187 1761">
     <span class='ocr_line' id='line_1_15' title="bbox 178 1689 3187 1761; baseline 0.002 -18"><span class='ocrx_word' id='word_1_157' title='bbox 178 1689 369 1744; x_wconf 82' lang='lat' dir='ltr'><strong>verbis</strong></span> <span class='ocrx_word' id='word_1_158' title='bbox 392 1689 570 1744; x_wconf 83' lang='lat' dir='ltr'><strong>innuit</strong></span> <span class='ocrx_word' id='word_1_159' title='bbox 589 1705 703 1745; x_wconf 83' lang='lat' dir='ltr'><strong>rem</strong></span> <span class='ocrx_word' id='word_1_160' title='bbox 738 1689 880 1760; x_wconf 89' lang='lat' dir='ltr'><strong>apud</strong></span> <span class='ocrx_word' id='word_1_161' title='bbox 909 1705 1100 1745; x_wconf 90' lang='lat' dir='ltr'><strong>omnes</strong></span> <span class='ocrx_word' id='word_1_162' title='bbox 1131 1705 1240 1744; x_wconf 91' lang='lat' dir='ltr'><strong>non</strong></span> <span class='ocrx_word' id='word_1_163' title='bbox 1274 1697 1552 1756; x_wconf 84' lang='lat' dir='ltr'><strong>constare,</strong></span> <span class='ocrx_word' id='word_1_164' title='bbox 1577 1705 1677 1745; x_wconf 92' lang='lat' dir='ltr'><strong>nec</strong></span> <span class='ocrx_word' id='word_1_165' title='bbox 1713 1689 2030 1760; x_wconf 87' lang='lat' dir='ltr'><strong>suspicione</strong></span> <span class='ocrx_word' id='word_1_166' title='bbox 2062 1705 2288 1745; x_wconf 85' lang='lat' dir='ltr'><strong>vacuam</strong></span> <span class='ocrx_word' id='word_1_167' title='bbox 2325 1705 2470 1757; x_wconf 87' lang='lat' dir='ltr'><strong>esse,</strong></span> <span class='ocrx_word' id='word_1_168' title='bbox 2512 1699 2573 1745; x_wconf 92' lang='lat' dir='ltr'><strong>ut</strong></span> <span class='ocrx_word' id='word_1_169' title='bbox 2612 1705 2713 1746; x_wconf 90' lang='lat' dir='ltr'><strong>nos</strong></span> <span class='ocrx_word' id='word_1_170' title='bbox 2743 1691 2874 1746; x_wconf 89' lang='lat' dir='ltr'><strong>item</strong></span> <span class='ocrx_word' id='word_1_171' title='bbox 2908 1701 3187 1761; x_wconf 89' lang='lat' dir='ltr'><strong>putamus.</strong></span> 
     </span>
    </p>
   </div>
   <div class='ocr_carea' id='block_1_16' title="bbox 258 1809 3433 1885">
    <p class='ocr_par' dir='ltr' id='par_1_16' title="bbox 258 1809 3433 1885">
     <span class='ocr_line' id='line_1_16' title="bbox 258 1809 3433 1885; baseline 0.002 -20"><span class='ocrx_word' id='word_1_172' title='bbox 258 1809 526 1865; x_wconf 80' lang='lat' dir='ltr'><strong>Abdicato</strong></span> <span class='ocrx_word' id='word_1_173' title='bbox 566 1819 744 1864; x_wconf 89' lang='lat' dir='ltr'><strong>autem</strong></span> <span class='ocrx_word' id='word_1_174' title='bbox 770 1811 1076 1876; x_wconf 84' lang='lat' dir='ltr'><strong>Eustathio,</strong></span> <span class='ocrx_word' id='word_1_175' title='bbox 1117 1811 1409 1867; x_wconf 84' lang='lat' dir='ltr'><strong>Eusebiani</strong></span> <span class='ocrx_word' id='word_1_176' title='bbox 1463 1819 1715 1868; x_wconf 86' lang='lat' dir='ltr'><strong>auctores</strong></span> <span class='ocrx_word' id='word_1_177' title='bbox 1754 1809 2075 1882; x_wconf 86' lang='lat' dir='ltr'><strong>Imperatori</strong></span> <span class='ocrx_word' id='word_1_178' title='bbox 2112 1821 2240 1868; x_wconf 88' lang='lat' dir='ltr'><strong>sunt</strong></span> <span class='ocrx_word' id='word_1_179' title='bbox 2283 1822 2342 1868; x_wconf 91' lang='lat' dir='ltr'><strong>ut</strong></span> <span class='ocrx_word' id='word_1_180' title='bbox 2382 1814 2436 1868; x_wconf 94' lang='lat' dir='ltr'><strong>in</strong></span> <span class='ocrx_word' id='word_1_181' title='bbox 2478 1813 2731 1869; x_wconf 77' lang='lat' dir='ltr'><strong>exsilium</strong></span> <span class='ocrx_word' id='word_1_182' title='bbox 2781 1816 3018 1885; x_wconf 87' lang='lat' dir='ltr'><strong>pellatur</strong></span> <span class='ocrx_word' id='word_1_183' title='bbox 3061 1817 3310 1873; x_wconf 87' lang='lat' dir='ltr'><strong>antistes.</strong></span> <span class='ocrx_word' id='word_1_184' title='bbox 3356 1817 3433 1872; x_wconf 83' lang='lat' dir='ltr'><strong>De</strong></span> 
     </span>
    </p>
   </div>
   <div class='ocr_carea' id='block_1_17' title="bbox 163 1887 3440 1979">
    <p class='ocr_par' dir='ltr' id='par_1_17' title="bbox 163 1887 3440 1979">
     <span class='ocr_line' id='line_1_17' title="bbox 163 1887 3440 1979; baseline 0.001 -21"><span class='ocrx_word' id='word_1_185' title='bbox 163 1903 349 1959; x_wconf 77' lang='lat' dir='ltr'><strong>exsilii</strong></span> <span class='ocrx_word' id='word_1_186' title='bbox 387 1905 508 1958; x_wconf 90' lang='lat' dir='ltr'><strong>loco</strong></span> <span class='ocrx_word' id='word_1_187' title='bbox 542 1919 652 1957; x_wconf 90' lang='lat' dir='ltr'><strong>non</strong></span> <span class='ocrx_word' id='word_1_188' title='bbox 702 1919 809 1958; x_wconf 90' lang='lat' dir='ltr'><strong>una</strong></span> <span class='ocrx_word' id='word_1_189' title='bbox 835 1912 918 1958; x_wconf 91' lang='lat' dir='ltr'><strong>est</strong></span> <span class='ocrx_word' id='word_1_190' title='bbox 949 1906 1217 1959; x_wconf 87' lang='lat' dir='ltr'><strong>sententia</strong></span> <span class='ocrx_word' id='word_1_191' title='bbox 1249 1923 1262 1959; x_wconf 93' lang='lat'><strong>:</strong></span> <span class='ocrx_word' id='word_1_192' title='bbox 1298 1904 1747 1961; x_wconf 89' lang='lat' dir='ltr'><strong>Theodoretusin</strong></span> <span class='ocrx_word' id='word_1_193' title='bbox 1785 1907 2076 1975; x_wconf 86' lang='lat' dir='ltr'><strong>quamdam</strong></span> <span class='ocrx_word' id='word_1_194' title='bbox 2106 1904 2300 1978; x_wconf 86' lang='lat' dir='ltr'><strong>Illyrici</strong></span> <span class='ocrx_word' id='word_1_195' title='bbox 2343 1907 2532 1963; x_wconf 88' lang='lat' dir='ltr'><strong>urbem</strong></span> <span class='ocrx_word' id='word_1_196' title='bbox 2563 1907 2862 1979; x_wconf 85' lang='lat' dir='ltr'><strong>relegatum</strong></span> <span class='ocrx_word' id='word_1_197' title='bbox 2905 1915 3092 1962; x_wconf 88' lang='lat' dir='ltr'><strong>narrat</strong></span> <span class='ocrx_word' id='word_1_198' title='bbox 3114 1887 3440 1979; x_wconf 36' lang='lat' dir='ltr'><strong>{Hierony-</strong></span> 
     </span>
    </p>
   </div>
   <div class='ocr_carea' id='block_1_18' title="bbox 173 1997 3432 2074">
    <p class='ocr_par' dir='ltr' id='par_1_18' title="bbox 173 1997 3432 2074">
     <span class='ocr_line' id='line_1_18' title="bbox 173 1997 3432 2074; baseline 0.001 -21"><span class='ocrx_word' id='word_1_199' title='bbox 173 2011 306 2055; x_wconf 85' lang='lat' dir='ltr'><strong>mus</strong></span> <span class='ocrx_word' id='word_1_200' title='bbox 338 2013 469 2054; x_wconf 87' lang='lat' dir='ltr'><strong>vero</strong></span> <span class='ocrx_word' id='word_1_201' title='bbox 511 1997 900 2069; x_wconf 89' lang='lat' dir='ltr'><strong>Trajanopolin</strong></span> <span class='ocrx_word' id='word_1_202' title='bbox 935 1999 988 2054; x_wconf 88' lang='lat' dir='ltr'><strong>in</strong></span> <span class='ocrx_word' id='word_1_203' title='bbox 1022 1999 1279 2069; x_wconf 88' lang='lat' dir='ltr'><strong>Thracia,</strong></span> <span class='ocrx_word' id='word_1_204' title='bbox 1311 2001 1398 2056; x_wconf 89' lang='lat' dir='ltr'><strong>cui</strong></span> <span class='ocrx_word' id='word_1_205' title='bbox 1435 2000 1798 2071; x_wconf 84' lang='lat' dir='ltr'><strong>adstipulatur</strong></span> <span class='ocrx_word' id='word_1_206' title='bbox 1827 2002 2256 2074; x_wconf 84' lang='lat' dir='ltr'><strong>Chrysostomus</strong></span> <span class='ocrx_word' id='word_1_207' title='bbox 2289 2000 2429 2056; x_wconf 88' lang='lat' dir='ltr'><strong>infra</strong></span> <span class='ocrx_word' id='word_1_208' title='bbox 2477 2017 2629 2056; x_wconf 93' lang='lat' dir='ltr'><strong>num.</strong></span> <span class='ocrx_word' id='word_1_209' title='bbox 2665 2002 2720 2067; x_wconf 73' lang='lat'><strong>2,</strong></span> <span class='ocrx_word' id='word_1_210' title='bbox 2757 2003 2848 2056; x_wconf 89' lang='lat' dir='ltr'><strong>ubi</strong></span> <span class='ocrx_word' id='word_1_211' title='bbox 2881 2003 2958 2055; x_wconf 88' lang='lat' dir='ltr'><strong>ait</strong></span> <span class='ocrx_word' id='word_1_212' title='bbox 2989 2002 3109 2071; x_wconf 86' lang='lat' dir='ltr'><strong>ejus</strong></span> <span class='ocrx_word' id='word_1_213' title='bbox 3150 2018 3350 2072; x_wconf 89' lang='lat' dir='ltr'><strong>corpus</strong></span> <span class='ocrx_word' id='word_1_214' title='bbox 3380 2003 3432 2057; x_wconf 88' lang='lat' dir='ltr'><strong>in</strong></span> 
     </span>
    </p>
   </div>
   <div class='ocr_carea' id='block_1_19' title="bbox 172 2091 3438 2164">
    <p class='ocr_par' dir='ltr' id='par_1_19' title="bbox 172 2091 3438 2164">
     <span class='ocr_line' id='line_1_19' title="bbox 172 2091 3438 2164; baseline 0.001 -18"><span class='ocrx_word' id='word_1_215' title='bbox 172 2091 415 2146; x_wconf 85' lang='lat' dir='ltr'><strong>Thracia</strong></span> <span class='ocrx_word' id='word_1_216' title='bbox 469 2091 738 2160; x_wconf 83' lang='lat' dir='ltr'><strong>sepultum</strong></span> <span class='ocrx_word' id='word_1_217' title='bbox 774 2106 916 2154; x_wconf 89' lang='lat' dir='ltr'><strong>esse,</strong></span> <span class='ocrx_word' id='word_1_218' title='bbox 961 2093 1105 2148; x_wconf 89' lang='lat' dir='ltr'><strong>haud</strong></span> <span class='ocrx_word' id='word_1_219' title='bbox 1131 2093 1295 2149; x_wconf 90' lang='lat' dir='ltr'><strong>dubie</strong></span> <span class='ocrx_word' id='word_1_220' title='bbox 1330 2093 1382 2147; x_wconf 95' lang='lat' dir='ltr'><strong>in</strong></span> <span class='ocrx_word' id='word_1_221' title='bbox 1434 2095 1612 2148; x_wconf 85' lang='lat' dir='ltr'><strong>exsilii</strong></span> <span class='ocrx_word' id='word_1_222' title='bbox 1645 2095 1784 2149; x_wconf 91' lang='lat' dir='ltr'><strong>loco.</strong></span> <span class='ocrx_word' id='word_1_223' title='bbox 1814 2091 2001 2163; x_wconf 84' lang='lat' dir='ltr'><strong>Neque</strong></span> <span class='ocrx_word' id='word_1_224' title='bbox 2043 2093 2480 2164; x_wconf 77' lang='lat' dir='ltr'><strong>praetereundum</strong></span> <span class='ocrx_word' id='word_1_225' title='bbox 2513 2102 2624 2158; x_wconf 88' lang='lat' dir='ltr'><strong>est,</strong></span> <span class='ocrx_word' id='word_1_226' title='bbox 2671 2093 2728 2148; x_wconf 91' lang='lat' dir='ltr'><strong>in</strong></span> <span class='ocrx_word' id='word_1_227' title='bbox 2776 2092 3052 2149; x_wconf 89' lang='lat' dir='ltr'><strong>Eustathii</strong></span> <span class='ocrx_word' id='word_1_228' title='bbox 3095 2095 3438 2152; x_wconf 86' lang='lat' dir='ltr'><strong>abdicatione</strong></span> 
     </span>
    </p>
   </div>
   <div class='ocr_carea' id='block_1_20' title="bbox 169 2169 3438 2264">
    <p class='ocr_par' dir='ltr' id='par_1_20' title="bbox 169 2169 3438 2264">
     <span class='ocr_line' id='line_1_20' title="bbox 169 2169 3438 2264; baseline 0.002 -22"><span class='ocrx_word' id='word_1_229' title='bbox 169 2198 344 2242; x_wconf 91' lang='lat' dir='ltr'><strong>totam</strong></span> <span class='ocrx_word' id='word_1_230' title='bbox 389 2169 535 2257; x_wconf 70' lang='lat' dir='ltr'><strong>pene</strong></span> <span class='ocrx_word' id='word_1_231' title='bbox 566 2189 833 2243; x_wconf 89' lang='lat' dir='ltr'><strong>seditione</strong></span> <span class='ocrx_word' id='word_1_232' title='bbox 861 2187 1229 2261; x_wconf 84' lang='lat' dir='ltr'><strong>conﬂagrasse</strong></span> <span class='ocrx_word' id='word_1_233' title='bbox 1269 2191 1668 2246; x_wconf 87' lang='lat' dir='ltr'><strong>Antiochenam</strong></span> <span class='ocrx_word' id='word_1_234' title='bbox 1703 2191 1978 2246; x_wconf 90' lang='lat' dir='ltr'><strong>civitatem</strong></span> <span class='ocrx_word' id='word_1_235' title='bbox 1997 2208 2033 2256; x_wconf 60' lang='lat'><strong>;\</strong></span> <span class='ocrx_word' id='word_1_236' title='bbox 2051 2191 2278 2245; x_wconf 90' lang='lat' dir='ltr'><strong>armatis</strong></span> <span class='ocrx_word' id='word_1_237' title='bbox 2308 2191 2455 2246; x_wconf 89' lang='lat' dir='ltr'><strong>enim</strong></span> <span class='ocrx_word' id='word_1_238' title='bbox 2500 2190 2779 2259; x_wconf 84' lang='lat' dir='ltr'><strong>utrimque</strong></span> <span class='ocrx_word' id='word_1_239' title='bbox 2811 2189 3079 2260; x_wconf 88' lang='lat' dir='ltr'><strong>partibus,</strong></span> <span class='ocrx_word' id='word_1_240' title='bbox 3106 2189 3438 2264; x_wconf 85' lang='lat' dir='ltr'><strong>adscitisque</strong></span> 
     </span>
    </p>
   </div>
   <div class='ocr_carea' id='block_1_21' title="bbox 169 2275 3436 2354">
    <p class='ocr_par' dir='ltr' id='par_1_21' title="bbox 169 2275 3436 2354">
     <span class='ocr_line' id='line_1_21' title="bbox 169 2275 3436 2354; baseline 0.002 -23"><span class='ocrx_word' id='word_1_241' title='bbox 169 2276 468 2342; x_wconf 85' lang='lat' dir='ltr'><strong>militibus,</strong></span> <span class='ocrx_word' id='word_1_242' title='bbox 520 2275 732 2332; x_wconf 84' lang='lat' dir='ltr'><strong>omnia</strong></span> <span class='ocrx_word' id='word_1_243' title='bbox 761 2287 919 2333; x_wconf 88' lang='lat' dir='ltr'><strong>erant</strong></span> <span class='ocrx_word' id='word_1_244' title='bbox 963 2279 1031 2334; x_wconf 89' lang='lat' dir='ltr'><strong>ad</strong></span> <span class='ocrx_word' id='word_1_245' title='bbox 1085 2296 1320 2351; x_wconf 81' lang='lat' dir='ltr'><strong>pugnam</strong></span> <span class='ocrx_word' id='word_1_246' title='bbox 1365 2291 1421 2336; x_wconf 89' lang='lat' dir='ltr'><strong>et</strong></span> <span class='ocrx_word' id='word_1_247' title='bbox 1472 2282 1799 2337; x_wconf 87' lang='lat' dir='ltr'><strong>horrendam</strong></span> <span class='ocrx_word' id='word_1_248' title='bbox 1834 2283 2040 2338; x_wconf 87' lang='lat' dir='ltr'><strong>cladem</strong></span> <span class='ocrx_word' id='word_1_249' title='bbox 2078 2290 2302 2352; x_wconf 88' lang='lat' dir='ltr'><strong>parata,</strong></span> <span class='ocrx_word' id='word_1_250' title='bbox 2336 2292 2671 2352; x_wconf 82' lang='lat' dir='ltr'><strong>ventumque</strong></span> <span class='ocrx_word' id='word_1_251' title='bbox 2711 2283 2903 2338; x_wconf 80' lang='lat' dir='ltr'><strong>fuisset</strong></span> <span class='ocrx_word' id='word_1_252' title='bbox 2929 2283 2996 2338; x_wconf 88' lang='lat' dir='ltr'><strong>ad</strong></span> <span class='ocrx_word' id='word_1_253' title='bbox 3047 2283 3275 2354; x_wconf 76' lang='lat' dir='ltr'><strong>gladios,</strong></span> <span class='ocrx_word' id='word_1_254' title='bbox 3319 2282 3436 2344; x_wconf 78' lang='lat' dir='ltr'><strong>nisi</strong></span> 
     </span>
    </p>
   </div>
   <div class='ocr_carea' id='block_1_22' title="bbox 163 2375 3433 2450">
    <p class='ocr_par' dir='ltr' id='par_1_22' title="bbox 163 2375 3433 2450">
     <span class='ocr_line' id='line_1_22' title="bbox 163 2375 3433 2450; baseline -0 -19"><span class='ocrx_word' id='word_1_255' title='bbox 163 2376 619 2447; x_wconf 79' lang='lat' dir='ltr'><strong>supervenientes</strong></span> <span class='ocrx_word' id='word_1_256' title='bbox 662 2375 1012 2448; x_wconf 87' lang='lat' dir='ltr'><strong>Imperatoris</strong></span> <span class='ocrx_word' id='word_1_257' title='bbox 1043 2379 1235 2434; x_wconf 70' lang='lat' dir='ltr'><strong>littera:</strong></span> <span class='ocrx_word' id='word_1_258' title='bbox 1269 2380 1479 2450; x_wconf 87' lang='lat' dir='ltr'><strong>plebem</strong></span> <span class='ocrx_word' id='word_1_259' title='bbox 1513 2381 1999 2450; x_wconf 87' lang='lat' dir='ltr'><strong>compescuissent.</strong></span> <span class='ocrx_word' id='word_1_260' title='bbox 2033 2379 2330 2435; x_wconf 89' lang='lat' dir='ltr'><strong>Eusebiani</strong></span> <span class='ocrx_word' id='word_1_261' title='bbox 2365 2377 2654 2433; x_wconf 86' lang='lat' dir='ltr'><strong>Eustatbio</strong></span> <span class='ocrx_word' id='word_1_262' title='bbox 2688 2376 2958 2431; x_wconf 87' lang='lat' dir='ltr'><strong>Eulalium</strong></span> <span class='ocrx_word' id='word_1_263' title='bbox 2991 2378 3315 2448; x_wconf 79' lang='lat' dir='ltr'><strong>subrogant;</strong></span> <span class='ocrx_word' id='word_1_264' title='bbox 3341 2376 3433 2447; x_wconf 87' lang='lat' dir='ltr'><strong>qui</strong></span> 
     </span>
    </p>
   </div>
   <div class='ocr_carea' id='block_1_23' title="bbox 164 2471 3434 2548">
    <p class='ocr_par' dir='ltr' id='par_1_23' title="bbox 164 2471 3434 2548">
     <span class='ocr_line' id='line_1_23' title="bbox 164 2471 3434 2548; baseline 0 -24"><span class='ocrx_word' id='word_1_265' title='bbox 164 2485 297 2524; x_wconf 91' lang='lat' dir='ltr'><strong>cum</strong></span> <span class='ocrx_word' id='word_1_266' title='bbox 331 2471 530 2541; x_wconf 78' lang='lat' dir='ltr'><strong>exiguo</strong></span> <span class='ocrx_word' id='word_1_267' title='bbox 564 2479 808 2541; x_wconf 90' lang='lat' dir='ltr'><strong>tempore</strong></span> <span class='ocrx_word' id='word_1_268' title='bbox 845 2485 1124 2544; x_wconf 82' lang='lat' dir='ltr'><strong>superstes</strong></span> <span class='ocrx_word' id='word_1_269' title='bbox 1155 2473 1371 2540; x_wconf 91' lang='lat' dir='ltr'><strong>fuisset,</strong></span> <span class='ocrx_word' id='word_1_270' title='bbox 1398 2476 1517 2546; x_wconf 89' lang='lat' dir='ltr'><strong>ejus</strong></span> <span class='ocrx_word' id='word_1_271' title='bbox 1558 2476 1680 2532; x_wconf 92' lang='lat' dir='ltr'><strong>loco</strong></span> <span class='ocrx_word' id='word_1_272' title='bbox 1714 2476 1970 2548; x_wconf 78' lang='lat' dir='ltr'><strong>deligitur</strong></span> <span class='ocrx_word' id='word_1_273' title='bbox 1997 2475 2268 2530; x_wconf 84' lang='lat' dir='ltr'><strong>Eusebius</strong></span> <span class='ocrx_word' id='word_1_274' title='bbox 2299 2472 2597 2544; x_wconf 89' lang='lat' dir='ltr'><strong>Pamphili,</strong></span> <span class='ocrx_word' id='word_1_275' title='bbox 2635 2487 2745 2544; x_wconf 92' lang='lat' dir='ltr'><strong>quo</strong></span> <span class='ocrx_word' id='word_1_276' title='bbox 2775 2473 3071 2538; x_wconf 86' lang='lat' dir='ltr'><strong>abnuente,</strong></span> <span class='ocrx_word' id='word_1_277' title='bbox 3099 2471 3434 2542; x_wconf 77' lang='lat' dir='ltr'><strong>Euphronio,</strong></span> 
     </span>
    </p>
   </div>
   <div class='ocr_carea' id='block_1_24' title="bbox 163 2561 3436 2640">
    <p class='ocr_par' dir='ltr' id='par_1_24' title="bbox 163 2561 3436 2640">
     <span class='ocr_line' id='line_1_24' title="bbox 163 2561 3436 2640; baseline 0.002 -25"><span class='ocrx_word' id='word_1_278' title='bbox 163 2561 298 2617; x_wconf 84' lang='lat' dir='ltr'><strong>item</strong></span> <span class='ocrx_word' id='word_1_279' title='bbox 339 2563 566 2630; x_wconf 86' lang='lat' dir='ltr'><strong>Ariano,</strong></span> <span class='ocrx_word' id='word_1_280' title='bbox 615 2563 924 2634; x_wconf 89' lang='lat' dir='ltr'><strong>episcopale</strong></span> <span class='ocrx_word' id='word_1_281' title='bbox 966 2581 1166 2623; x_wconf 91' lang='lat' dir='ltr'><strong>munus</strong></span> <span class='ocrx_word' id='word_1_282' title='bbox 1213 2567 1482 2624; x_wconf 86' lang='lat' dir='ltr'><strong>defertur.</strong></span> <span class='ocrx_word' id='word_1_283' title='bbox 1535 2569 1616 2624; x_wconf 89' lang='lat' dir='ltr'><strong>Eo</strong></span> <span class='ocrx_word' id='word_1_284' title='bbox 1648 2577 1830 2624; x_wconf 89' lang='lat' dir='ltr'><strong>autem</strong></span> <span class='ocrx_word' id='word_1_285' title='bbox 1860 2578 1983 2640; x_wconf 91' lang='lat' dir='ltr'><strong>post</strong></span> <span class='ocrx_word' id='word_1_286' title='bbox 2017 2584 2222 2624; x_wconf 88' lang='lat' dir='ltr'><strong>annum</strong></span> <span class='ocrx_word' id='word_1_287' title='bbox 2253 2575 2307 2622; x_wconf 84' lang='lat' dir='ltr'><strong>et</strong></span> <span class='ocrx_word' id='word_1_288' title='bbox 2346 2567 2561 2638; x_wconf 89' lang='lat' dir='ltr'><strong>aliquot</strong></span> <span class='ocrx_word' id='word_1_289' title='bbox 2592 2581 2811 2622; x_wconf 87' lang='lat' dir='ltr'><strong>menses</strong></span> <span class='ocrx_word' id='word_1_290' title='bbox 2857 2565 3137 2631; x_wconf 90' lang='lat' dir='ltr'><strong>defuncto,</strong></span> <span class='ocrx_word' id='word_1_291' title='bbox 3183 2565 3436 2637; x_wconf 78' lang='lat' dir='ltr'><strong>deligitur</strong></span> 
     </span>
    </p>
   </div>
   <div class='ocr_carea' id='block_1_25' title="bbox 161 2642 3432 2728">
    <p class='ocr_par' dir='ltr' id='par_1_25' title="bbox 161 2642 3432 2728">
     <span class='ocr_line' id='line_1_25' title="bbox 161 2642 3432 2728; baseline -0 -16"><span class='ocrx_word' id='word_1_292' title='bbox 161 2657 446 2722; x_wconf 70' lang='lat' dir='ltr'><strong>Flacillus,</strong></span> <span class='ocrx_word' id='word_1_293' title='bbox 482 2657 608 2712; x_wconf 90' lang='lat' dir='ltr'><strong>item</strong></span> <span class='ocrx_word' id='word_1_294' title='bbox 642 2657 902 2723; x_wconf 84' lang='lat' dir='ltr'><strong>Arianus,</strong></span> <span class='ocrx_word' id='word_1_295' title='bbox 941 2669 994 2713; x_wconf 91' lang='lat' dir='ltr'><strong>et</strong></span> <span class='ocrx_word' id='word_1_296' title='bbox 1023 2673 1134 2714; x_wconf 91' lang='lat' dir='ltr'><strong>uno</strong></span> <span class='ocrx_word' id='word_1_297' title='bbox 1174 2661 1367 2716; x_wconf 88' lang='lat' dir='ltr'><strong>avulso</strong></span> <span class='ocrx_word' id='word_1_298' title='bbox 1403 2676 1513 2716; x_wconf 90' lang='lat' dir='ltr'><strong>non</strong></span> <span class='ocrx_word' id='word_1_299' title='bbox 1567 2661 1752 2716; x_wconf 85' lang='lat' dir='ltr'><strong>deficit</strong></span> <span class='ocrx_word' id='word_1_300' title='bbox 1781 2661 1938 2716; x_wconf 90' lang='lat' dir='ltr'><strong>alter.</strong></span> <span class='ocrx_word' id='word_1_301' title='bbox 1984 2660 2116 2728; x_wconf 58' lang='lat' dir='ltr'><strong>Quae</strong></span> <span class='ocrx_word' id='word_1_302' title='bbox 2158 2675 2325 2716; x_wconf 89' lang='lat' dir='ltr'><strong>causa</strong></span> <span class='ocrx_word' id='word_1_303' title='bbox 2375 2657 2480 2714; x_wconf 87' lang='lat' dir='ltr'><strong>fuit</strong></span> <span class='ocrx_word' id='word_1_304' title='bbox 2527 2642 2764 2713; x_wconf 40' lang='lat' dir='ltr'><strong>utmult&#39;i</strong></span> <span class='ocrx_word' id='word_1_305' title='bbox 2808 2673 2932 2713; x_wconf 92' lang='lat' dir='ltr'><strong>cum</strong></span> <span class='ocrx_word' id='word_1_306' title='bbox 2976 2657 3288 2728; x_wconf 82' lang='lat' dir='ltr'><strong>populares,</strong></span> <span class='ocrx_word' id='word_1_307' title='bbox 3321 2666 3432 2712; x_wconf 82' lang='lat' dir='ltr'><strong>tum</strong></span> 
     </span>
    </p>
   </div>
   <div class='ocr_carea' id='block_1_26' title="bbox 161 2751 3438 2826">
    <p class='ocr_par' dir='ltr' id='par_1_26' title="bbox 161 2751 3438 2826">
     <span class='ocr_line' id='line_1_26' title="bbox 161 2751 3438 2826; baseline -0.001 -17"><span class='ocrx_word' id='word_1_308' title='bbox 161 2754 378 2819; x_wconf 88' lang='lat' dir='ltr'><strong>clerici,</strong></span> <span class='ocrx_word' id='word_1_309' title='bbox 420 2755 622 2825; x_wconf 90' lang='lat' dir='ltr'><strong>quibus</strong></span> <span class='ocrx_word' id='word_1_310' title='bbox 665 2755 856 2826; x_wconf 80' lang='lat' dir='ltr'><strong>religio</strong></span> <span class='ocrx_word' id='word_1_311' title='bbox 893 2755 1175 2811; x_wconf 87' lang='lat' dir='ltr'><strong>Catholica</strong></span> <span class='ocrx_word' id='word_1_312' title='bbox 1207 2757 1355 2812; x_wconf 90' lang='lat' dir='ltr'><strong>cordi</strong></span> <span class='ocrx_word' id='word_1_313' title='bbox 1389 2765 1528 2823; x_wconf 88' lang='lat' dir='ltr'><strong>erat,</strong></span> <span class='ocrx_word' id='word_1_314' title='bbox 1563 2774 1593 2813; x_wconf 88' lang='lat' dir='ltr'><strong>a</strong></span> <span class='ocrx_word' id='word_1_315' title='bbox 1644 2757 1883 2813; x_wconf 71' lang='lat' dir='ltr'><strong>cretibus</strong></span> <span class='ocrx_word' id='word_1_316' title='bbox 1921 2757 2252 2812; x_wconf 87' lang='lat' dir='ltr'><strong>Arianorum</strong></span> <span class='ocrx_word' id='word_1_317' title='bbox 2283 2755 2679 2820; x_wconf 88' lang='lat' dir='ltr'><strong>abhorrentes,</strong></span> <span class='ocrx_word' id='word_1_318' title='bbox 2719 2767 2969 2809; x_wconf 88' lang='lat' dir='ltr'><strong>seorsum</strong></span> <span class='ocrx_word' id='word_1_319' title='bbox 3001 2751 3266 2806; x_wconf 86' lang='lat' dir='ltr'><strong>collectas</strong></span> <span class='ocrx_word' id='word_1_320' title='bbox 3313 2767 3438 2822; x_wconf 82' lang='lat' dir='ltr'><strong>age-</strong></span> 
     </span>
    </p>
   </div>
   <div class='ocr_carea' id='block_1_27' title="bbox 168 2843 3436 2922">
    <p class='ocr_par' dir='ltr' id='par_1_27' title="bbox 168 2843 3436 2922">
     <span class='ocr_line' id='line_1_27' title="bbox 168 2843 3436 2922; baseline -0 -24"><span class='ocrx_word' id='word_1_321' title='bbox 168 2853 316 2903; x_wconf 90' lang='lat' dir='ltr'><strong>rent.</strong></span> <span class='ocrx_word' id='word_1_322' title='bbox 345 2843 408 2899; x_wconf 93' lang='lat' dir='ltr'><strong>lli</strong></span> <span class='ocrx_word' id='word_1_323' title='bbox 444 2861 508 2900; x_wconf 82' lang='lat' dir='ltr'><strong>ex</strong></span> <span class='ocrx_word' id='word_1_324' title='bbox 551 2846 765 2902; x_wconf 85' lang='lat' dir='ltr'><strong>ardenti</strong></span> <span class='ocrx_word' id='word_1_325' title='bbox 793 2863 921 2920; x_wconf 85' lang='lat' dir='ltr'><strong>erga</strong></span> <span class='ocrx_word' id='word_1_326' title='bbox 971 2849 1318 2905; x_wconf 89' lang='lat' dir='ltr'><strong>Eustathium</strong></span> <span class='ocrx_word' id='word_1_327' title='bbox 1367 2851 1550 2907; x_wconf 89' lang='lat' dir='ltr'><strong>studio</strong></span> <span class='ocrx_word' id='word_1_328' title='bbox 1577 2865 1874 2922; x_wconf 90' lang='lat' dir='ltr'><strong>amoreque</strong></span> <span class='ocrx_word' id='word_1_329' title='bbox 1915 2849 2262 2906; x_wconf 84' lang='lat' dir='ltr'><strong>Eustathium</strong></span> <span class='ocrx_word' id='word_1_330' title='bbox 2304 2850 2560 2918; x_wconf 89' lang='lat' dir='ltr'><strong>deinceps</strong></span> <span class='ocrx_word' id='word_1_331' title='bbox 2594 2847 2910 2902; x_wconf 89' lang='lat' dir='ltr'><strong>audierunt.</strong></span> <span class='ocrx_word' id='word_1_332' title='bbox 2947 2843 3270 2914; x_wconf 80' lang='lat' dir='ltr'><strong>Hujusmodi</strong></span> <span class='ocrx_word' id='word_1_333' title='bbox 3307 2859 3436 2898; x_wconf 77' lang='lat' dir='ltr'><strong>vero</strong></span> 
     </span>
    </p>
   </div>
   <div class='ocr_carea' id='block_1_28' title="bbox 173 2935 3434 3016">
    <p class='ocr_par' dir='ltr' id='par_1_28' title="bbox 173 2935 3434 3016">
     <span class='ocr_line' id='line_1_28' title="bbox 173 2935 3434 3016; baseline -0.001 -23"><span class='ocrx_word' id='word_1_334' title='bbox 173 2940 644 2997; x_wconf 80' lang='lat' dir='ltr'><strong>Antioclrcnorum</strong></span> <span class='ocrx_word' id='word_1_335' title='bbox 675 2943 946 2998; x_wconf 89' lang='lat' dir='ltr'><strong>discordia</strong></span> <span class='ocrx_word' id='word_1_336' title='bbox 984 2945 1052 3000; x_wconf 86' lang='lat' dir='ltr'><strong>ad</strong></span> <span class='ocrx_word' id='word_1_337' title='bbox 1080 2944 1352 3016; x_wconf 88' lang='lat' dir='ltr'><strong>integrum</strong></span> <span class='ocrx_word' id='word_1_338' title='bbox 1385 2946 1552 3001; x_wconf 81' lang='lat' dir='ltr'><strong>ferme</strong></span> <span class='ocrx_word' id='word_1_339' title='bbox 1581 2947 1842 3002; x_wconf 86' lang='lat' dir='ltr'><strong>saeculum</strong></span> <span class='ocrx_word' id='word_1_340' title='bbox 1867 2945 2111 3000; x_wconf 76' lang='lat' dir='ltr'><strong>extracta</strong></span> <span class='ocrx_word' id='word_1_341' title='bbox 2142 2943 2287 3000; x_wconf 88' lang='lat' dir='ltr'><strong>fuit:</strong></span> <span class='ocrx_word' id='word_1_342' title='bbox 2318 2944 2575 3015; x_wconf 89' lang='lat' dir='ltr'><strong>quodque</strong></span> <span class='ocrx_word' id='word_1_343' title='bbox 2599 2942 2818 3013; x_wconf 83' lang='lat' dir='ltr'><strong>gravius</strong></span> <span class='ocrx_word' id='word_1_344' title='bbox 2835 2939 3056 3004; x_wconf 89' lang='lat' dir='ltr'><strong>accidit,</strong></span> <span class='ocrx_word' id='word_1_345' title='bbox 3086 2935 3236 3011; x_wconf 82' lang='grc'><strong>[60⁵5]</strong></span> <span class='ocrx_word' id='word_1_346' title='bbox 3271 2938 3434 2991; x_wconf 85' lang='lat' dir='ltr'><strong>etiam</strong></span> 
     </span>
    </p>
   </div>
   <div class='ocr_carea' id='block_1_29' title="bbox 158 3026 3435 3109">
    <p class='ocr_par' dir='ltr' id='par_1_29' title="bbox 158 3026 3435 3109">
     <span class='ocr_line' id='line_1_29' title="bbox 158 3026 3435 3109; baseline -0.001 -24"><span class='ocrx_word' id='word_1_347' title='bbox 158 3031 436 3088; x_wconf 85' lang='lat' dir='ltr'><strong>Catholici</strong></span> <span class='ocrx_word' id='word_1_348' title='bbox 467 3040 656 3103; x_wconf 88' lang='lat' dir='ltr'><strong>postea</strong></span> <span class='ocrx_word' id='word_1_349' title='bbox 682 3033 896 3091; x_wconf 88' lang='lat' dir='ltr'><strong>discissi</strong></span> <span class='ocrx_word' id='word_1_350' title='bbox 929 3043 1078 3104; x_wconf 86' lang='lat' dir='ltr'><strong>sunt,</strong></span> <span class='ocrx_word' id='word_1_351' title='bbox 1115 3038 1190 3092; x_wconf 86' lang='lat' dir='ltr'><strong>ita</strong></span> <span class='ocrx_word' id='word_1_352' title='bbox 1225 3047 1286 3092; x_wconf 92' lang='lat' dir='ltr'><strong>ut</strong></span> <span class='ocrx_word' id='word_1_353' title='bbox 1317 3046 1426 3094; x_wconf 87' lang='lat' dir='ltr'><strong>tres</strong></span> <span class='ocrx_word' id='word_1_354' title='bbox 1457 3039 1509 3092; x_wconf 91' lang='lat' dir='ltr'><strong>in</strong></span> <span class='ocrx_word' id='word_1_355' title='bbox 1545 3047 1727 3109; x_wconf 85' lang='lat' dir='ltr'><strong>partes</strong></span> <span class='ocrx_word' id='word_1_356' title='bbox 1756 3036 2059 3093; x_wconf 86' lang='lat' dir='ltr'><strong>Christiani</strong></span> <span class='ocrx_word' id='word_1_357' title='bbox 2087 3036 2247 3092; x_wconf 86' lang='lat' dir='ltr'><strong>divisi</strong></span> <span class='ocrx_word' id='word_1_358' title='bbox 2278 3044 2483 3102; x_wconf 89' lang='lat' dir='ltr'><strong>essent,</strong></span> <span class='ocrx_word' id='word_1_359' title='bbox 2517 3033 2970 3088; x_wconf 86' lang='lat' dir='ltr'><strong>Paulinianorum</strong></span> <span class='ocrx_word' id='word_1_360' title='bbox 3013 3043 3229 3099; x_wconf 85' lang='lat' dir='ltr'><strong>nempe,</strong></span> <span class='ocrx_word' id='word_1_361' title='bbox 3274 3026 3435 3082; x_wconf 79' lang='lat' dir='ltr'><strong>Mele-</strong></span> 
     </span>
    </p>
   </div>
   <div class='ocr_carea' id='block_1_30' title="bbox 160 3129 2975 3206">
    <p class='ocr_par' dir='ltr' id='par_1_30' title="bbox 160 3129 2975 3206">
     <span class='ocr_line' id='line_1_30' title="bbox 160 3129 2975 3206; baseline 0 -25"><span class='ocrx_word' id='word_1_362' title='bbox 160 3129 441 3183; x_wconf 88' lang='lat' dir='ltr'><strong>tianorum</strong></span> <span class='ocrx_word' id='word_1_363' title='bbox 468 3138 522 3184; x_wconf 91' lang='lat' dir='ltr'><strong>et</strong></span> <span class='ocrx_word' id='word_1_364' title='bbox 542 3131 892 3186; x_wconf 86' lang='lat' dir='ltr'><strong>Arianorum.</strong></span> <span class='ocrx_word' id='word_1_365' title='bbox 926 3132 1034 3188; x_wconf 91' lang='lat' dir='ltr'><strong>Sed</strong></span> <span class='ocrx_word' id='word_1_366' title='bbox 1065 3135 1170 3190; x_wconf 85' lang='lat' dir='ltr'><strong>hac</strong></span> <span class='ocrx_word' id='word_1_367' title='bbox 1195 3135 1262 3191; x_wconf 89' lang='lat' dir='ltr'><strong>de</strong></span> <span class='ocrx_word' id='word_1_368' title='bbox 1290 3151 1349 3190; x_wconf 89' lang='lat' dir='ltr'><strong>re</strong></span> <span class='ocrx_word' id='word_1_369' title='bbox 1383 3135 1633 3206; x_wconf 85' lang='lat' dir='ltr'><strong>pluribus</strong></span> <span class='ocrx_word' id='word_1_370' title='bbox 1665 3135 1719 3190; x_wconf 87' lang='lat' dir='ltr'><strong>in</strong></span> <span class='ocrx_word' id='word_1_371' title='bbox 1758 3135 1964 3191; x_wconf 83' lang='lat' dir='ltr'><strong>Monito</strong></span> <span class='ocrx_word' id='word_1_372' title='bbox 1988 3135 2056 3188; x_wconf 87' lang='lat' dir='ltr'><strong>ad</strong></span> <span class='ocrx_word' id='word_1_373' title='bbox 2088 3131 2380 3188; x_wconf 84' lang='lat' dir='ltr'><strong>Homiliam</strong></span> <span class='ocrx_word' id='word_1_374' title='bbox 2413 3131 2481 3187; x_wconf 90' lang='lat' dir='ltr'><strong>de</strong></span> <span class='ocrx_word' id='word_1_375' title='bbox 2508 3131 2888 3184; x_wconf 82' lang='lat' dir='ltr'><strong>Anathemate.</strong></span> <span class='ocrx_word' id='word_1_376' title='bbox 2968 3193 2975 3196; x_wconf 92' lang='lat'><strong><em>_</em></strong></span> 
     </span>
    </p>
   </div>
   <div class='ocr_carea' id='block_1_31' title="bbox 234 3231 3425 3324">
    <p class='ocr_par' dir='ltr' id='par_1_31' title="bbox 234 3231 3425 3324">
     <span class='ocr_line' id='line_1_31' title="bbox 234 3231 3425 3324; baseline -0.003 -24"><span class='ocrx_word' id='word_1_377' title='bbox 234 3246 529 3314; x_wconf 78' lang='lat' dir='ltr'><strong>Caeterum,</strong></span> <span class='ocrx_word' id='word_1_378' title='bbox 556 3249 601 3304; x_wconf 89' lang='lat' dir='ltr'><strong>si</strong></span> <span class='ocrx_word' id='word_1_379' title='bbox 633 3248 976 3308; x_wconf 86' lang='lat' dir='ltr'><strong>Theodoreto</strong></span> <span class='ocrx_word' id='word_1_380' title='bbox 1008 3252 1142 3310; x_wconf 84' lang='lat' dir='ltr'><strong>fides</strong></span> <span class='ocrx_word' id='word_1_381' title='bbox 1165 3254 1255 3318; x_wconf 87' lang='lat' dir='ltr'><strong>sit,</strong></span> <span class='ocrx_word' id='word_1_382' title='bbox 1291 3254 1566 3318; x_wconf 79' lang='lat' dir='ltr'><strong>meretrix,</strong></span> <span class='ocrx_word' id='word_1_383' title='bbox 1599 3269 1720 3324; x_wconf 73' lang='lat' dir='ltr'><strong>quae</strong></span> <span class='ocrx_word' id='word_1_384' title='bbox 1752 3251 2099 3308; x_wconf 90' lang='lat' dir='ltr'><strong>Eustathium</strong></span> <span class='ocrx_word' id='word_1_385' title='bbox 2135 3231 2437 3316; x_wconf 84' lang='lat' dir='ltr'><strong>accusavit,</strong></span> <span class='ocrx_word' id='word_1_386' title='bbox 2469 3263 2592 3303; x_wconf 92' lang='lat' dir='ltr'><strong>cum</strong></span> <span class='ocrx_word' id='word_1_387' title='bbox 2625 3248 2677 3301; x_wconf 91' lang='lat' dir='ltr'><strong>in</strong></span> <span class='ocrx_word' id='word_1_388' title='bbox 2712 3243 3098 3318; x_wconf 82' lang='lat' dir='ltr'><strong>gravissimum</strong></span> <span class='ocrx_word' id='word_1_389' title='bbox 3131 3251 3185 3296; x_wconf 91' lang='lat' dir='ltr'><strong>et</strong></span> <span class='ocrx_word' id='word_1_390' title='bbox 3211 3241 3425 3294; x_wconf 88' lang='lat' dir='ltr'><strong>diutur-</strong></span> 
     </span>
    </p>
   </div>
   <div class='ocr_carea' id='block_1_32' title="bbox 158 3332 3428 3414">
    <p class='ocr_par' dir='ltr' id='par_1_32' title="bbox 158 3332 3428 3414">
     <span class='ocr_line' id='line_1_32' title="bbox 158 3332 3428 3414; baseline -0.002 -21"><span class='ocrx_word' id='word_1_391' title='bbox 158 3354 298 3394; x_wconf 86' lang='lat' dir='ltr'><strong>num</strong></span> <span class='ocrx_word' id='word_1_392' title='bbox 339 3343 589 3397; x_wconf 85' lang='lat' dir='ltr'><strong>morbum</strong></span> <span class='ocrx_word' id='word_1_393' title='bbox 615 3344 916 3412; x_wconf 85' lang='lat' dir='ltr'><strong>incidisset,</strong></span> <span class='ocrx_word' id='word_1_394' title='bbox 945 3347 1274 3402; x_wconf 88' lang='lat' dir='ltr'><strong>calumniam</strong></span> <span class='ocrx_word' id='word_1_395' title='bbox 1304 3347 1530 3413; x_wconf 81' lang='lat' dir='ltr'><strong>detexit,</strong></span> <span class='ocrx_word' id='word_1_396' title='bbox 1560 3363 1623 3402; x_wconf 90' lang='lat' dir='ltr'><strong>ac</strong></span> <span class='ocrx_word' id='word_1_397' title='bbox 1654 3362 1874 3404; x_wconf 88' lang='lat' dir='ltr'><strong>scenam</strong></span> <span class='ocrx_word' id='word_1_398' title='bbox 1905 3355 2074 3401; x_wconf 91' lang='lat' dir='ltr'><strong>totam</strong></span> <span class='ocrx_word' id='word_1_399' title='bbox 2123 3344 2337 3414; x_wconf 90' lang='lat' dir='ltr'><strong>aperuit</strong></span> <span class='ocrx_word' id='word_1_400' title='bbox 2371 3363 2381 3397; x_wconf 96' lang='lat'><strong>:</strong></span> <span class='ocrx_word' id='word_1_401' title='bbox 2421 3357 2522 3397; x_wconf 89' lang='lat' dir='ltr'><strong>nec</strong></span> <span class='ocrx_word' id='word_1_402' title='bbox 2553 3339 2769 3395; x_wconf 91' lang='lat' dir='ltr'><strong>duobus</strong></span> <span class='ocrx_word' id='word_1_403' title='bbox 2801 3337 3064 3400; x_wconf 83' lang='lat' dir='ltr'><strong>tribusve,</strong></span> <span class='ocrx_word' id='word_1_404' title='bbox 3099 3332 3192 3388; x_wconf 90' lang='lat' dir='ltr'><strong>sed</strong></span> <span class='ocrx_word' id='word_1_405' title='bbox 3232 3345 3428 3404; x_wconf 67' lang='lat' dir='ltr'><strong>quam»</strong></span> 
     </span>
    </p>
   </div>
   <div class='ocr_carea' id='block_1_33' title="bbox 161 3424 3427 3511">
    <p class='ocr_par' dir='ltr' id='par_1_33' title="bbox 161 3424 3427 3511">
     <span class='ocr_line' id='line_1_33' title="bbox 161 3424 3427 3511; baseline -0.002 -31"><span class='ocrx_word' id='word_1_406' title='bbox 161 3429 419 3497; x_wconf 87' lang='lat' dir='ltr'><strong>plurimis</strong></span> <span class='ocrx_word' id='word_1_407' title='bbox 457 3435 838 3492; x_wconf 89' lang='lat' dir='ltr'><strong>sacerdotibus</strong></span> <span class='ocrx_word' id='word_1_408' title='bbox 862 3438 1120 3495; x_wconf 87' lang='lat' dir='ltr'><strong>indicavit</strong></span> <span class='ocrx_word' id='word_1_409' title='bbox 1149 3455 1234 3504; x_wconf 90' lang='lat' dir='ltr'><strong>ea,</strong></span> <span class='ocrx_word' id='word_1_410' title='bbox 1260 3455 1382 3511; x_wconf 62' lang='lat' dir='ltr'><strong>qua:</strong></span> <span class='ocrx_word' id='word_1_411' title='bbox 1406 3440 1533 3495; x_wconf 92' lang='lat' dir='ltr'><strong>dolo</strong></span> <span class='ocrx_word' id='word_1_412' title='bbox 1569 3439 1784 3494; x_wconf 88' lang='lat' dir='ltr'><strong>fuerant</strong></span> <span class='ocrx_word' id='word_1_413' title='bbox 1816 3438 2164 3497; x_wconf 82' lang='lat' dir='ltr'><strong>concinnata.</strong></span> <span class='ocrx_word' id='word_1_414' title='bbox 2195 3435 2332 3490; x_wconf 89' lang='lat' dir='ltr'><strong>falsa</strong></span> <span class='ocrx_word' id='word_1_415' title='bbox 2361 3449 2418 3490; x_wconf 90' lang='lat' dir='ltr'><strong>se</strong></span> <span class='ocrx_word' id='word_1_416' title='bbox 2446 3432 2697 3488; x_wconf 88' lang='lat' dir='ltr'><strong>mercede</strong></span> <span class='ocrx_word' id='word_1_417' title='bbox 2725 3431 3050 3486; x_wconf 67' lang='lat' dir='ltr'><strong>conductam</strong></span> <span class='ocrx_word' id='word_1_418' title='bbox 3083 3424 3427 3481; x_wconf 85' lang='lat' dir='ltr'><strong>Eustathium</strong></span> 
     </span>
    </p>
   </div>
   <div class='ocr_carea' id='block_1_34' title="bbox 156 3517 3433 3604">
    <p class='ocr_par' dir='ltr' id='par_1_34' title="bbox 156 3517 3433 3604">
     <span class='ocr_line' id='line_1_34' title="bbox 156 3517 3433 3604; baseline -0.003 -28"><span class='ocrx_word' id='word_1_419' title='bbox 156 3521 215 3576; x_wconf 89' lang='lat' dir='ltr'><strong>in</strong></span> <span class='ocrx_word' id='word_1_420' title='bbox 256 3525 465 3580; x_wconf 88' lang='lat' dir='ltr'><strong>crimen</strong></span> <span class='ocrx_word' id='word_1_421' title='bbox 497 3543 742 3596; x_wconf 84' lang='lat' dir='ltr'><strong>vocasse,</strong></span> <span class='ocrx_word' id='word_1_422' title='bbox 784 3546 961 3601; x_wconf 90' lang='lat' dir='ltr'><strong>neque</strong></span> <span class='ocrx_word' id='word_1_423' title='bbox 1009 3547 1067 3587; x_wconf 90' lang='lat' dir='ltr'><strong>se</strong></span> <span class='ocrx_word' id='word_1_424' title='bbox 1102 3541 1282 3588; x_wconf 91' lang='lat' dir='ltr'><strong>tamen</strong></span> <span class='ocrx_word' id='word_1_425' title='bbox 1327 3532 1467 3588; x_wconf 89' lang='lat' dir='ltr'><strong>falso</strong></span> <span class='ocrx_word' id='word_1_426' title='bbox 1501 3533 1742 3604; x_wconf 87' lang='lat' dir='ltr'><strong>juratam</strong></span> <span class='ocrx_word' id='word_1_427' title='bbox 1772 3548 1786 3587; x_wconf 88' lang='lat'><strong>:</strong></span> <span class='ocrx_word' id='word_1_428' title='bbox 1821 3547 1945 3586; x_wconf 92' lang='lat' dir='ltr'><strong>nam</strong></span> <span class='ocrx_word' id='word_1_429' title='bbox 1981 3528 2302 3586; x_wconf 85' lang='lat' dir='ltr'><strong>Eustathius</strong></span> <span class='ocrx_word' id='word_1_430' title='bbox 2330 3526 2552 3599; x_wconf 86' lang='lat' dir='ltr'><strong>quidem</strong></span> <span class='ocrx_word' id='word_1_431' title='bbox 2594 3524 2822 3580; x_wconf 75' lang='lat' dir='ltr'><strong>aerarius</strong></span> <span class='ocrx_word' id='word_1_432' title='bbox 2847 3522 2997 3576; x_wconf 87' lang='lat' dir='ltr'><strong>faber</strong></span> <span class='ocrx_word' id='word_1_433' title='bbox 3022 3517 3247 3574; x_wconf 89' lang='lat' dir='ltr'><strong>infantis</strong></span> <span class='ocrx_word' id='word_1_434' title='bbox 3274 3523 3433 3584; x_wconf 86' lang='lat' dir='ltr'><strong>pater</strong></span> 
     </span>
    </p>
   </div>
   <div class='ocr_carea' id='block_1_35' title="bbox 151 3610 3417 3695">
    <p class='ocr_par' dir='ltr' id='par_1_35' title="bbox 151 3610 3417 3695">
     <span class='ocr_line' id='line_1_35' title="bbox 151 3610 3417 3695; baseline -0.002 -26"><span class='ocrx_word' id='word_1_435' title='bbox 151 3626 298 3671; x_wconf 87' lang='lat' dir='ltr'><strong>erat.</strong></span> <span class='ocrx_word' id='word_1_436' title='bbox 335 3616 606 3676; x_wconf 88' lang='lat' dir='ltr'><strong>Eustathii</strong></span> <span class='ocrx_word' id='word_1_437' title='bbox 631 3632 812 3678; x_wconf 89' lang='lat' dir='ltr'><strong>autem</strong></span> <span class='ocrx_word' id='word_1_438' title='bbox 853 3625 1126 3682; x_wconf 90' lang='lat' dir='ltr'><strong>abdicatio</strong></span> <span class='ocrx_word' id='word_1_439' title='bbox 1161 3625 1351 3682; x_wconf 89' lang='lat' dir='ltr'><strong>incidit</strong></span> <span class='ocrx_word' id='word_1_440' title='bbox 1392 3627 1444 3681; x_wconf 92' lang='lat' dir='ltr'><strong>in</strong></span> <span class='ocrx_word' id='word_1_441' title='bbox 1492 3641 1698 3682; x_wconf 89' lang='lat' dir='ltr'><strong>annum</strong></span> <span class='ocrx_word' id='word_1_442' title='bbox 1733 3627 1951 3683; x_wconf 87' lang='lat' dir='ltr'><strong>circiter</strong></span> <span class='ocrx_word' id='word_1_443' title='bbox 1971 3624 2098 3688; x_wconf 72' lang='lat'><strong>329,</strong></span> <span class='ocrx_word' id='word_1_444' title='bbox 2131 3613 2448 3695; x_wconf 87' lang='lat' dir='ltr'><strong>imperante</strong></span> <span class='ocrx_word' id='word_1_445' title='bbox 2482 3618 2848 3675; x_wconf 88' lang='lat' dir='ltr'><strong>Constantino</strong></span> <span class='ocrx_word' id='word_1_446' title='bbox 2893 3615 3109 3686; x_wconf 82' lang='lat' dir='ltr'><strong>Magno.</strong></span> <span class='ocrx_word' id='word_1_447' title='bbox 3140 3610 3272 3682; x_wconf 83' lang='lat' dir='ltr'><strong>Ejus</strong></span> <span class='ocrx_word' id='word_1_448' title='bbox 3299 3622 3417 3662; x_wconf 68' lang='lat' dir='ltr'><strong>meo</strong></span> 
     </span>
    </p>
   </div>
   <div class='ocr_carea' id='block_1_36' title="bbox 155 3707 1018 3770">
    <p class='ocr_par' dir='ltr' id='par_1_36' title="bbox 155 3707 1018 3770">
     <span class='ocr_line' id='line_1_36' title="bbox 155 3707 1018 3770; baseline 0.013 -11"><span class='ocrx_word' id='word_1_449' title='bbox 155 3707 335 3761; x_wconf 82' lang='lat' dir='ltr'><strong>moria</strong></span> <span class='ocrx_word' id='word_1_450' title='bbox 365 3707 562 3763; x_wconf 85' lang='lat' dir='ltr'><strong>colitur</strong></span> <span class='ocrx_word' id='word_1_451' title='bbox 587 3710 654 3764; x_wconf 81' lang='grc'><strong>17</strong></span> <span class='ocrx_word' id='word_1_452' title='bbox 677 3709 1018 3770; x_wconf 85' lang='lat' dir='ltr'><strong>Novembris.</strong></span> 
     </span>
    </p>
   </div>
   <div class='ocr_carea' id='block_1_37' title="bbox 233 3817 1499 3893">
    <p class='ocr_par' dir='ltr' id='par_1_37' title="bbox 233 3817 1499 3893">
     <span class='ocr_line' id='line_1_37' title="bbox 233 3817 1499 3893; baseline 0.007 -20"><span class='ocrx_word' id='word_1_453' title='bbox 233 3817 612 3893; x_wconf 83' lang='lat' dir='ltr'><strong>loterprctatio</strong></span> <span class='ocrx_word' id='word_1_454' title='bbox 640 3821 836 3879; x_wconf 86' lang='lat' dir='ltr'><strong>Latina</strong></span> <span class='ocrx_word' id='word_1_455' title='bbox 869 3838 950 3880; x_wconf 89' lang='lat' dir='ltr'><strong>est</strong></span> <span class='ocrx_word' id='word_1_456' title='bbox 974 3824 1268 3881; x_wconf 87' lang='lat' dir='ltr'><strong>Frontonis</strong></span> <span class='ocrx_word' id='word_1_457' title='bbox 1296 3827 1499 3884; x_wconf 72' lang='lat' dir='ltr'><strong>Ducazi.</strong></span> 
     </span>
    </p>
   </div>
   <div class='ocr_carea' id='block_1_38' title="bbox 165 3973 352 3990">
    <p class='ocr_par' dir='ltr' id='par_1_38' title="bbox 165 3973 352 3990">
     <span class='ocr_line' id='line_1_38' title="bbox 165 3973 352 3990; baseline -0.011 -2"><span class='ocrx_word' id='word_1_458' title='bbox 165 3973 352 3990; x_wconf 44' lang='grc' dir='ltr'><strong><em>ἡ*</em></strong></span> 
     </span>
    </p>
   </div>
   <div class='ocr_carea' id='block_1_39' title="bbox 1361 4187 2304 4372">
    <p class='ocr_par' dir='ltr' id='par_1_39' title="bbox 1361 4187 2304 4372">
     <span class='ocr_line' id='line_1_39' title="bbox 1361 4187 2304 4372; baseline 0.008 -8"><span class='ocrx_word' id='word_1_459' title='bbox 1361 4260 1580 4366; x_wconf 71' lang='lat' dir='ltr'><strong>LA</strong></span> <span class='ocrx_word' id='word_1_460' title='bbox 1595 4265 1924 4372; x_wconf 69' lang='lat' dir='ltr'><strong>UDA</strong></span> <span class='ocrx_word' id='word_1_461' title='bbox 1939 4266 2213 4371; x_wconf 89' lang='lat' dir='ltr'><strong>TIO</strong></span> <span class='ocrx_word' id='word_1_462' title='bbox 2301 4187 2304 4190; x_wconf 5' lang='grc' dir='ltr'><strong><em>ἢ</em></strong></span> 
     </span>
    </p>
   </div>
   <div class='ocr_carea' id='block_1_40' title="bbox 527 4441 3008 4520">
    <p class='ocr_par' dir='ltr' id='par_1_40' title="bbox 527 4441 3008 4520">
     <span class='ocr_line' id='line_1_40' title="bbox 527 4441 3008 4520; baseline 0.007 -36"><span class='ocrx_word' id='word_1_463' title='bbox 527 4441 747 4485; x_wconf 76' lang='lat' dir='ltr'><strong>SANCTI</strong></span> <span class='ocrx_word' id='word_1_464' title='bbox 791 4443 1010 4490; x_wconf 68' lang='lat' dir='ltr'><strong>PATRIS</strong></span> <span class='ocrx_word' id='word_1_465' title='bbox 1056 4449 1278 4495; x_wconf 79' lang='lat' dir='ltr'><strong>NOSTRI</strong></span> <span class='ocrx_word' id='word_1_466' title='bbox 1308 4456 1644 4504; x_wconf 76' lang='lat' dir='ltr'><strong>EUSTATHII</strong></span> <span class='ocrx_word' id='word_1_467' title='bbox 1689 4463 2052 4508; x_wconf 71' lang='lat' dir='ltr'><strong>ANTIOCHIE</strong></span> <span class='ocrx_word' id='word_1_468' title='bbox 2096 4464 2331 4509; x_wconf 65' lang='lat' dir='ltr'><strong>MAGNJE</strong></span> <span class='ocrx_word' id='word_1_469' title='bbox 2375 4459 2852 4505; x_wconf 69' lang='lat' dir='ltr'><strong>ARCHIEPISCOPI</strong></span> <span class='ocrx_word' id='word_1_470' title='bbox 2909 4441 3008 4520; x_wconf 72' lang='grc' dir='ltr'><strong>(α).</strong></span> 
     </span>
    </p>
   </div>
   <div class='ocr_carea' id='block_1_41' title="bbox 221 4679 1728 4764">
    <p class='ocr_par' dir='ltr' id='par_1_41' title="bbox 221 4679 1728 4764">
     <span class='ocr_line' id='line_1_41' title="bbox 221 4679 1728 4764; baseline 0.016 -32"><span class='ocrx_word' id='word_1_471' title='bbox 221 4681 272 4733; x_wconf 74' lang='grc' dir='ltr'><strong>ί.</strong></span> <span class='ocrx_word' id='word_1_472' title='bbox 315 4679 444 4734; x_wconf 80' lang='lat' dir='ltr'><strong>Ante</strong></span> <span class='ocrx_word' id='word_1_473' title='bbox 472 4692 681 4736; x_wconf 85' lang='lat' dir='ltr'><strong>mortem</strong></span> <span class='ocrx_word' id='word_1_474' title='bbox 709 4701 853 4739; x_wconf 86' lang='lat' dir='ltr'><strong>nemo</strong></span> <span class='ocrx_word' id='word_1_475' title='bbox 881 4688 1190 4756; x_wconf 74' lang='lat' dir='ltr'><strong>laudandus,</strong></span> <span class='ocrx_word' id='word_1_476' title='bbox 1216 4692 1305 4746; x_wconf 83' lang='lat' dir='ltr'><strong>sed</strong></span> <span class='ocrx_word' id='word_1_477' title='bbox 1350 4706 1462 4764; x_wconf 81' lang='lat' dir='ltr'><strong>post</strong></span> <span class='ocrx_word' id='word_1_478' title='bbox 1501 4709 1728 4756; x_wconf 85' lang='lat' dir='ltr'><strong>mortem.</strong></span> 
     </span>
    </p>
   </div>
   <div class='ocr_carea' id='block_1_42' title="bbox 142 4773 1732 4861">
    <p class='ocr_par' dir='ltr' id='par_1_42' title="bbox 142 4773 1732 4861">
     <span class='ocr_line' id='line_1_42' title="bbox 142 4773 1732 4861; baseline 0.015 -38"><span class='ocrx_word' id='word_1_479' title='bbox 142 4799 213 4810; x_wconf 91' lang='lat'><strong>-—</strong></span> <span class='ocrx_word' id='word_1_480' title='bbox 244 4773 472 4841; x_wconf 82' lang='lat' dir='ltr'><strong>Sapiens</strong></span> <span class='ocrx_word' id='word_1_481' title='bbox 494 4774 576 4828; x_wconf 91' lang='lat' dir='ltr'><strong>vir</strong></span> <span class='ocrx_word' id='word_1_482' title='bbox 603 4775 818 4846; x_wconf 87' lang='lat' dir='ltr'><strong>quidam</strong></span> <span class='ocrx_word' id='word_1_483' title='bbox 847 4788 902 4833; x_wconf 88' lang='lat' dir='ltr'><strong>et</strong></span> <span class='ocrx_word' id='word_1_484' title='bbox 931 4780 1340 4851; x_wconf 73' lang='lat' dir='ltr'><strong>pltilOSOphandi</strong></span> <span class='ocrx_word' id='word_1_485' title='bbox 1374 4788 1574 4856; x_wconf 90' lang='lat' dir='ltr'><strong>peritus</strong></span> <span class='ocrx_word' id='word_1_486' title='bbox 1595 4832 1610 4858; x_wconf 94' lang='lat'><strong>,</strong></span> <span class='ocrx_word' id='word_1_487' title='bbox 1640 4793 1732 4861; x_wconf 90' lang='lat' dir='ltr'><strong>qui</strong></span> 
     </span>
    </p>
   </div>
   <div class='ocr_carea' id='block_1_43' title="bbox 143 4863 1735 4949">
    <p class='ocr_par' dir='ltr' id='par_1_43' title="bbox 143 4863 1735 4949">
     <span class='ocr_line' id='line_1_43' title="bbox 143 4863 1735 4949; baseline 0.016 -35"><span class='ocrx_word' id='word_1_488' title='bbox 143 4877 329 4916; x_wconf 89' lang='lat' dir='ltr'><strong>rerum</strong></span> <span class='ocrx_word' id='word_1_489' title='bbox 376 4863 730 4921; x_wconf 88' lang='lat' dir='ltr'><strong>humanarum</strong></span> <span class='ocrx_word' id='word_1_490' title='bbox 776 4879 1020 4925; x_wconf 87' lang='lat' dir='ltr'><strong>naturam</strong></span> <span class='ocrx_word' id='word_1_491' title='bbox 1057 4884 1307 4931; x_wconf 87' lang='lat' dir='ltr'><strong>accurate</strong></span> <span class='ocrx_word' id='word_1_492' title='bbox 1349 4877 1646 4949; x_wconf 86' lang='lat' dir='ltr'><strong>didicerat,</strong></span> <span class='ocrx_word' id='word_1_493' title='bbox 1679 4892 1735 4939; x_wconf 88' lang='lat' dir='ltr'><strong>et</strong></span> 
     </span>
    </p>
   </div>
   <div class='ocr_carea' id='block_1_44' title="bbox 142 4954 1734 5035">
    <p class='ocr_par' dir='ltr' id='par_1_44' title="bbox 142 4954 1734 5035">
     <span class='ocr_line' id='line_1_44' title="bbox 142 4954 1734 5035; baseline 0.015 -29"><span class='ocrx_word' id='word_1_494' title='bbox 142 4968 328 5008; x_wconf 87' lang='lat' dir='ltr'><strong>earum</strong></span> <span class='ocrx_word' id='word_1_495' title='bbox 352 4954 691 5022; x_wconf 75' lang='lat' dir='ltr'><strong>fragilitatem</strong></span> <span class='ocrx_word' id='word_1_496' title='bbox 724 4957 975 5025; x_wconf 84' lang='lat' dir='ltr'><strong>noverat,</strong></span> <span class='ocrx_word' id='word_1_497' title='bbox 1009 4963 1247 5035; x_wconf 83' lang='lat' dir='ltr'><strong>nihilque</strong></span> <span class='ocrx_word' id='word_1_498' title='bbox 1276 4977 1482 5024; x_wconf 88' lang='lat' dir='ltr'><strong>certum</strong></span> <span class='ocrx_word' id='word_1_499' title='bbox 1510 4983 1601 5028; x_wconf 90' lang='lat' dir='ltr'><strong>aut</strong></span> <span class='ocrx_word' id='word_1_500' title='bbox 1625 4983 1734 5029; x_wconf 90' lang='lat' dir='ltr'><strong>sta-</strong></span> 
     </span>
    </p>
   </div>
   <div class='ocr_carea' id='block_1_45' title="bbox 145 5045 1729 5134">
    <p class='ocr_par' dir='ltr' id='par_1_45' title="bbox 145 5045 1729 5134">
     <span class='ocr_line' id='line_1_45' title="bbox 145 5045 1729 5134; baseline 0.014 -36"><span class='ocrx_word' id='word_1_501' title='bbox 145 5045 250 5100; x_wconf 90' lang='lat' dir='ltr'><strong>bile</strong></span> <span class='ocrx_word' id='word_1_502' title='bbox 278 5062 329 5099; x_wconf 88' lang='lat' dir='ltr'><strong>tn</strong></span> <span class='ocrx_word' id='word_1_503' title='bbox 364 5048 428 5102; x_wconf 91' lang='lat' dir='ltr'><strong>iis</strong></span> <span class='ocrx_word' id='word_1_504' title='bbox 453 5063 594 5114; x_wconf 75' lang='lat' dir='ltr'><strong>esse,</strong></span> <span class='ocrx_word' id='word_1_505' title='bbox 628 5065 815 5105; x_wconf 90' lang='lat' dir='ltr'><strong>omnes</strong></span> <span class='ocrx_word' id='word_1_506' title='bbox 843 5056 1132 5122; x_wconf 83' lang='lat' dir='ltr'><strong>generatim</strong></span> <span class='ocrx_word' id='word_1_507' title='bbox 1170 5056 1413 5115; x_wconf 91' lang='lat' dir='ltr'><strong>homines</strong></span> <span class='ocrx_word' id='word_1_508' title='bbox 1435 5061 1729 5134; x_wconf 89' lang='lat' dir='ltr'><strong>admonet,</strong></span> 
     </span>
    </p>
   </div>
   <div class='ocr_carea' id='block_1_46' title="bbox 145 5143 1729 5228">
    <p class='ocr_par' dir='ltr' id='par_1_46' title="bbox 145 5143 1729 5228">
     <span class='ocr_line' id='line_1_46' title="bbox 145 5143 1729 5228; baseline 0.015 -41"><span class='ocrx_word' id='word_1_509' title='bbox 145 5144 202 5188; x_wconf 93' lang='lat' dir='ltr'><strong>ut</strong></span> <span class='ocrx_word' id='word_1_510' title='bbox 255 5147 380 5191; x_wconf 87' lang='lat' dir='ltr'><strong>ante</strong></span> <span class='ocrx_word' id='word_1_511' title='bbox 427 5148 651 5194; x_wconf 88' lang='lat' dir='ltr'><strong>mortem</strong></span> <span class='ocrx_word' id='word_1_512' title='bbox 702 5143 970 5198; x_wconf 85' lang='lat' dir='ltr'><strong>neminem</strong></span> <span class='ocrx_word' id='word_1_513' title='bbox 1001 5145 1216 5202; x_wconf 85' lang='lat' dir='ltr'><strong>laudent</strong></span> <span class='ocrx_word' id='word_1_514' title='bbox 1253 5148 1440 5220; x_wconf 80' lang='lat' dir='ltr'><strong>(Eccli.</strong></span> <span class='ocrx_word' id='word_1_515' title='bbox 1475 5155 1560 5208; x_wconf 76' lang='lat' dir='ltr'><strong>il.</strong></span> <span class='ocrx_word' id='word_1_516' title='bbox 1594 5157 1662 5211; x_wconf 81' lang='lat'><strong>50</strong></span> <span class='ocrx_word' id='word_1_517' title='bbox 1687 5155 1729 5228; x_wconf 90' lang='lat'><strong>).</strong></span> 
     </span>
    </p>
   </div>
   <div class='ocr_carea' id='block_1_47' title="bbox 148 5229 1731 5307">
    <p class='ocr_par' dir='ltr' id='par_1_47' title="bbox 148 5229 1731 5307">
     <span class='ocr_line' id='line_1_47' title="bbox 148 5229 1731 5307; baseline 0.013 -25"><span class='ocrx_word' id='word_1_518' title='bbox 148 5229 377 5295; x_wconf 82' lang='lat' dir='ltr'><strong>Quando</strong></span> <span class='ocrx_word' id='word_1_519' title='bbox 409 5231 570 5300; x_wconf 88' lang='lat' dir='ltr'><strong>igitur</strong></span> <span class='ocrx_word' id='word_1_520' title='bbox 595 5243 838 5289; x_wconf 88' lang='lat' dir='ltr'><strong>mortuus</strong></span> <span class='ocrx_word' id='word_1_521' title='bbox 870 5245 953 5290; x_wconf 89' lang='lat' dir='ltr'><strong>est</strong></span> <span class='ocrx_word' id='word_1_522' title='bbox 983 5237 1170 5292; x_wconf 89' lang='lat' dir='ltr'><strong>beatus</strong></span> <span class='ocrx_word' id='word_1_523' title='bbox 1216 5241 1555 5307; x_wconf 89' lang='lat' dir='ltr'><strong>Eustathius,</strong></span> <span class='ocrx_word' id='word_1_524' title='bbox 1587 5249 1731 5302; x_wconf 88' lang='lat' dir='ltr'><strong>omni</strong></span> 
     </span>
    </p>
   </div>
   <div class='ocr_carea' id='block_1_48' title="bbox 143 5323 1729 5404">
    <p class='ocr_par' dir='ltr' id='par_1_48' title="bbox 143 5323 1729 5404">
     <span class='ocr_line' id='line_1_48' title="bbox 143 5323 1729 5404; baseline 0.011 -28"><span class='ocrx_word' id='word_1_525' title='bbox 143 5340 264 5376; x_wconf 87' lang='lat' dir='ltr'><strong>cum</strong></span> <span class='ocrx_word' id='word_1_526' title='bbox 299 5323 488 5378; x_wconf 86' lang='lat' dir='ltr'><strong>fiducia</strong></span> <span class='ocrx_word' id='word_1_527' title='bbox 515 5325 770 5396; x_wconf 88' lang='lat' dir='ltr'><strong>deinceps</strong></span> <span class='ocrx_word' id='word_1_528' title='bbox 793 5343 914 5383; x_wconf 92' lang='lat' dir='ltr'><strong>eum</strong></span> <span class='ocrx_word' id='word_1_529' title='bbox 938 5330 1180 5386; x_wconf 89' lang='lat' dir='ltr'><strong>laudibus</strong></span> <span class='ocrx_word' id='word_1_530' title='bbox 1202 5332 1393 5388; x_wconf 74' lang='lat' dir='ltr'><strong>efferre</strong></span> <span class='ocrx_word' id='word_1_531' title='bbox 1424 5350 1729 5404; x_wconf 87' lang='lat' dir='ltr'><strong>possumus:</strong></span> 
     </span>
    </p>
   </div>
   <div class='ocr_carea' id='block_1_49' title="bbox 143 5419 1735 5493">
    <p class='ocr_par' dir='ltr' id='par_1_49' title="bbox 143 5419 1735 5493">
     <span class='ocr_line' id='line_1_49' title="bbox 143 5419 1735 5493; baseline 0.011 -23"><span class='ocrx_word' id='word_1_532' title='bbox 143 5419 185 5471; x_wconf 87' lang='lat' dir='ltr'><strong>si</strong></span> <span class='ocrx_word' id='word_1_533' title='bbox 215 5420 360 5473; x_wconf 89' lang='lat' dir='ltr'><strong>enim</strong></span> <span class='ocrx_word' id='word_1_534' title='bbox 388 5429 512 5476; x_wconf 88' lang='lat' dir='ltr'><strong>ante</strong></span> <span class='ocrx_word' id='word_1_535' title='bbox 550 5430 774 5477; x_wconf 86' lang='lat' dir='ltr'><strong>mortem</strong></span> <span class='ocrx_word' id='word_1_536' title='bbox 819 5440 979 5478; x_wconf 85' lang='lat' dir='ltr'><strong>nemo</strong></span> <span class='ocrx_word' id='word_1_537' title='bbox 1009 5427 1301 5482; x_wconf 83' lang='lat' dir='ltr'><strong>laudandus</strong></span> <span class='ocrx_word' id='word_1_538' title='bbox 1324 5439 1425 5493; x_wconf 92' lang='lat' dir='ltr'><strong>est,</strong></span> <span class='ocrx_word' id='word_1_539' title='bbox 1450 5430 1590 5486; x_wconf 87' lang='lat' dir='ltr'><strong>haud</strong></span> <span class='ocrx_word' id='word_1_540' title='bbox 1636 5433 1735 5488; x_wconf 89' lang='lat' dir='ltr'><strong>du-</strong></span> 
     </span>
    </p>
   </div>
   <div class='ocr_carea' id='block_1_50' title="bbox 144 5510 1733 5591">
    <p class='ocr_par' dir='ltr' id='par_1_50' title="bbox 144 5510 1733 5591">
     <span class='ocr_line' id='line_1_50' title="bbox 144 5510 1733 5591; baseline 0.011 -29"><span class='ocrx_word' id='word_1_541' title='bbox 144 5510 309 5576; x_wconf 85' lang='lat' dir='ltr'><strong>bium,</strong></span> <span class='ocrx_word' id='word_1_542' title='bbox 340 5513 466 5581; x_wconf 91' lang='lat' dir='ltr'><strong>quin</strong></span> <span class='ocrx_word' id='word_1_543' title='bbox 494 5521 614 5582; x_wconf 89' lang='lat' dir='ltr'><strong>post</strong></span> <span class='ocrx_word' id='word_1_544' title='bbox 642 5523 869 5570; x_wconf 92' lang='lat' dir='ltr'><strong>mortem</strong></span> <span class='ocrx_word' id='word_1_545' title='bbox 901 5531 1108 5583; x_wconf 88' lang='lat' dir='ltr'><strong>eorum,</strong></span> <span class='ocrx_word' id='word_1_546' title='bbox 1150 5520 1238 5588; x_wconf 91' lang='lat' dir='ltr'><strong>qui</strong></span> <span class='ocrx_word' id='word_1_547' title='bbox 1267 5521 1408 5591; x_wconf 82' lang='lat' dir='ltr'><strong>digni</strong></span> <span class='ocrx_word' id='word_1_548' title='bbox 1443 5534 1596 5591; x_wconf 90' lang='lat' dir='ltr'><strong>sunt,</strong></span> <span class='ocrx_word' id='word_1_549' title='bbox 1619 5524 1733 5579; x_wconf 89' lang='lat' dir='ltr'><strong>latt-</strong></span> 
     </span>
    </p>
   </div>
   <div class='ocr_carea' id='block_1_51' title="bbox 142 5599 1732 5681">
    <p class='ocr_par' dir='ltr' id='par_1_51' title="bbox 142 5599 1732 5681">
     <span class='ocr_line' id='line_1_51' title="bbox 142 5599 1732 5681; baseline 0.011 -28"><span class='ocrx_word' id='word_1_550' title='bbox 142 5599 287 5655; x_wconf 88' lang='lat' dir='ltr'><strong>datio</strong></span> <span class='ocrx_word' id='word_1_551' title='bbox 312 5604 467 5671; x_wconf 86' lang='lat' dir='ltr'><strong>culpa</strong></span> <span class='ocrx_word' id='word_1_552' title='bbox 487 5613 654 5658; x_wconf 86' lang='lat' dir='ltr'><strong>vacet.</strong></span> <span class='ocrx_word' id='word_1_553' title='bbox 681 5605 887 5660; x_wconf 83' lang='lat' dir='ltr'><strong>Etenim</strong></span> <span class='ocrx_word' id='word_1_554' title='bbox 917 5605 1072 5675; x_wconf 89' lang='lat' dir='ltr'><strong>hujus</strong></span> <span class='ocrx_word' id='word_1_555' title='bbox 1099 5609 1218 5664; x_wconf 75' lang='lat' dir='ltr'><strong>vita:</strong></span> <span class='ocrx_word' id='word_1_556' title='bbox 1240 5612 1568 5681; x_wconf 77' lang='lat' dir='ltr'><strong>negotiorum</strong></span> <span class='ocrx_word' id='word_1_557' title='bbox 1591 5616 1732 5670; x_wconf 87' lang='lat' dir='ltr'><strong>curi-</strong></span> 
     </span>
    </p>
   </div>
   <div class='ocr_carea' id='block_1_52' title="bbox 136 5732 1730 5848">
    <p class='ocr_par' dir='ltr' id='par_1_52' title="bbox 136 5732 1730 5848">
     <span class='ocr_line' id='line_1_52' title="bbox 136 5732 1730 5848; baseline 0.012 -67"><span class='ocrx_word' id='word_1_558' title='bbox 136 5732 597 5848; x_wconf 47' lang='grc' dir='ltr'><strong>υυῗιζῶιὲιιὲἕῗιιηι</strong></span> <span class='ocrx_word' id='word_1_559' title='bbox 620 5745 726 5789; x_wconf 71' lang='lat' dir='ltr'><strong>Mss.</strong></span> <span class='ocrx_word' id='word_1_560' title='bbox 754 5741 916 5802; x_wconf 75' lang='lat' dir='ltr'><strong>Regiis</strong></span> <span class='ocrx_word' id='word_1_561' title='bbox 945 5740 1068 5792; x_wconf 69' lang='lat'><strong>2545</strong></span> <span class='ocrx_word' id='word_1_562' title='bbox 1093 5748 1144 5792; x_wconf 90' lang='lat' dir='ltr'><strong>et</strong></span> <span class='ocrx_word' id='word_1_563' title='bbox 1165 5741 1304 5792; x_wconf 67' lang='lat' dir='ltr'><strong>2M7.</strong></span> <span class='ocrx_word' id='word_1_564' title='bbox 1333 5751 1383 5795; x_wconf 90' lang='lat' dir='ltr'><strong>et</strong></span> <span class='ocrx_word' id='word_1_565' title='bbox 1405 5759 1513 5796; x_wconf 88' lang='lat' dir='ltr'><strong>cum</strong></span> <span class='ocrx_word' id='word_1_566' title='bbox 1535 5746 1730 5800; x_wconf 87' lang='lat' dir='ltr'><strong>Colbcr-</strong></span> 
     </span>
    </p>
   </div>
   <div class='ocr_carea' id='block_1_53' title="bbox 1843 4693 3424 4773">
    <p class='ocr_par' dir='ltr' id='par_1_53' title="bbox 1843 4693 3424 4773">
     <span class='ocr_line' id='line_1_53' title="bbox 1843 4693 3424 4773; baseline -0.002 -17"><span class='ocrx_word' id='word_1_567' title='bbox 1843 4718 1965 4773; x_wconf 92' lang='lat' dir='ltr'><strong>pum</strong></span> <span class='ocrx_word' id='word_1_568' title='bbox 2011 4693 2390 4772; x_wconf 64' lang='lat' dir='ltr'><strong>praetervectus</strong></span> <span class='ocrx_word' id='word_1_569' title='bbox 2439 4698 2818 4764; x_wconf 66' lang='lat' dir='ltr'><strong>est,tumultu</strong></span> <span class='ocrx_word' id='word_1_570' title='bbox 2860 4696 3112 4752; x_wconf 90' lang='lat' dir='ltr'><strong>fluctuum</strong></span> <span class='ocrx_word' id='word_1_571' title='bbox 3172 4697 3424 4754; x_wconf 81' lang='lat' dir='ltr'><strong>liberatus</strong></span> 
     </span>
    </p>
   </div>
   <div class='ocr_carea' id='block_1_54' title="bbox 1791 4789 3425 4862">
    <p class='ocr_par' dir='ltr' id='par_1_54' title="bbox 1791 4789 3425 4862">
     <span class='ocr_line' id='line_1_54' title="bbox 1791 4789 3425 4862; baseline -0.003 -15"><span class='ocrx_word' id='word_1_572' title='bbox 1791 4860 1793 4862; x_wconf 24' lang='grc' dir='ltr'><strong>η</strong></span> <span class='ocrx_word' id='word_1_573' title='bbox 1842 4789 1947 4860; x_wconf 86' lang='lat' dir='ltr'><strong>est,</strong></span> <span class='ocrx_word' id='word_1_574' title='bbox 1977 4793 2043 4846; x_wconf 90' lang='lat' dir='ltr'><strong>ad</strong></span> <span class='ocrx_word' id='word_1_575' title='bbox 2073 4792 2414 4861; x_wconf 90' lang='lat' dir='ltr'><strong>tranquillum</strong></span> <span class='ocrx_word' id='word_1_576' title='bbox 2452 4799 2506 4845; x_wconf 89' lang='lat' dir='ltr'><strong>et</strong></span> <span class='ocrx_word' id='word_1_577' title='bbox 2539 4789 2775 4859; x_wconf 83' lang='lat' dir='ltr'><strong>quietum</strong></span> <span class='ocrx_word' id='word_1_578' title='bbox 2808 4800 3014 4858; x_wconf 90' lang='lat' dir='ltr'><strong>portum</strong></span> <span class='ocrx_word' id='word_1_579' title='bbox 3065 4790 3297 4860; x_wconf 83' lang='lat' dir='ltr'><strong>appulit,</strong></span> <span class='ocrx_word' id='word_1_580' title='bbox 3347 4791 3425 4843; x_wconf 91' lang='lat' dir='ltr'><strong>iu-</strong></span> 
     </span>
    </p>
   </div>
   <div class='ocr_carea' id='block_1_55' title="bbox 1842 4883 3424 4952">
    <p class='ocr_par' dir='ltr' id='par_1_55' title="bbox 1842 4883 3424 4952">
     <span class='ocr_line' id='line_1_55' title="bbox 1842 4883 3424 4952; baseline -0.003 -12"><span class='ocrx_word' id='word_1_581' title='bbox 1842 4885 2144 4941; x_wconf 85' lang='lat' dir='ltr'><strong>certitudini</strong></span> <span class='ocrx_word' id='word_1_582' title='bbox 2175 4885 2472 4940; x_wconf 91' lang='lat' dir='ltr'><strong>futurorum</strong></span> <span class='ocrx_word' id='word_1_583' title='bbox 2506 4898 2610 4937; x_wconf 89' lang='lat' dir='ltr'><strong>non</strong></span> <span class='ocrx_word' id='word_1_584' title='bbox 2637 4883 2896 4952; x_wconf 86' lang='lat' dir='ltr'><strong>subjacet,</strong></span> <span class='ocrx_word' id='word_1_585' title='bbox 2924 4899 3023 4938; x_wconf 89' lang='lat' dir='ltr'><strong>nec</strong></span> <span class='ocrx_word' id='word_1_586' title='bbox 3051 4883 3312 4939; x_wconf 83' lang='lat' dir='ltr'><strong>obnoxius</strong></span> <span class='ocrx_word' id='word_1_587' title='bbox 3341 4892 3424 4938; x_wconf 89' lang='lat' dir='ltr'><strong>est</strong></span> 
     </span>
    </p>
   </div>
   <div class='ocr_carea' id='block_1_56' title="bbox 1845 4975 3423 5046">
    <p class='ocr_par' dir='ltr' id='par_1_56' title="bbox 1845 4975 3423 5046">
     <span class='ocr_line' id='line_1_56' title="bbox 1845 4975 3423 5046; baseline -0.004 -12"><span class='ocrx_word' id='word_1_588' title='bbox 1845 4977 2164 5036; x_wconf 71' lang='lat' dir='ltr'><strong>ruinzczsed</strong></span> <span class='ocrx_word' id='word_1_589' title='bbox 2218 4986 2485 5045; x_wconf 84' lang='lat' dir='ltr'><strong>tamquam</strong></span> <span class='ocrx_word' id='word_1_590' title='bbox 2534 4975 2586 5032; x_wconf 80' lang='lat' dir='ltr'><strong>in</strong></span> <span class='ocrx_word' id='word_1_591' title='bbox 2627 4991 2760 5046; x_wconf 82' lang='lat' dir='ltr'><strong>rupe</strong></span> <span class='ocrx_word' id='word_1_592' title='bbox 2810 4976 3054 5045; x_wconf 87' lang='lat' dir='ltr'><strong>quapiam</strong></span> <span class='ocrx_word' id='word_1_593' title='bbox 3104 4975 3423 5043; x_wconf 84' lang='lat' dir='ltr'><strong>sublimiqne</strong></span> 
     </span>
    </p>
   </div>
   <div class='ocr_carea' id='block_1_57' title="bbox 1842 5064 3422 5137">
    <p class='ocr_par' dir='ltr' id='par_1_57' title="bbox 1842 5064 3422 5137">
     <span class='ocr_line' id='line_1_57' title="bbox 1842 5064 3422 5137; baseline -0.003 -13"><span class='ocrx_word' id='word_1_594' title='bbox 1842 5087 1983 5125; x_wconf 85' lang='lat' dir='ltr'><strong>nunc</strong></span> <span class='ocrx_word' id='word_1_595' title='bbox 2024 5079 2172 5123; x_wconf 87' lang='lat' dir='ltr'><strong>stans</strong></span> <span class='ocrx_word' id='word_1_596' title='bbox 2223 5068 2463 5137; x_wconf 88' lang='lat' dir='ltr'><strong>sc0pulo,</strong></span> <span class='ocrx_word' id='word_1_597' title='bbox 2487 5066 2682 5122; x_wconf 78' lang='lat' dir='ltr'><strong>ﬂuctus</strong></span> <span class='ocrx_word' id='word_1_598' title='bbox 2711 5083 2898 5123; x_wconf 77' lang='lat' dir='ltr'><strong>omnes</strong></span> <span class='ocrx_word' id='word_1_599' title='bbox 2923 5068 3234 5122; x_wconf 83' lang='lat' dir='ltr'><strong>contemnit.</strong></span> <span class='ocrx_word' id='word_1_600' title='bbox 3262 5064 3422 5120; x_wconf 81' lang='lat' dir='ltr'><strong>Caret</strong></span> 
     </span>
    </p>
   </div>
   <div class='ocr_carea' id='block_1_58' title="bbox 1841 5157 3419 5231">
    <p class='ocr_par' dir='ltr' id='par_1_58' title="bbox 1841 5157 3419 5231">
     <span class='ocr_line' id='line_1_58' title="bbox 1841 5157 3419 5231; baseline -0.003 -15"><span class='ocrx_word' id='word_1_601' title='bbox 1841 5163 2002 5231; x_wconf 80' lang='lat' dir='ltr'><strong>igitur</strong></span> <span class='ocrx_word' id='word_1_602' title='bbox 2034 5161 2177 5214; x_wconf 88' lang='lat' dir='ltr'><strong>omni</strong></span> <span class='ocrx_word' id='word_1_603' title='bbox 2227 5161 2462 5230; x_wconf 78' lang='lat' dir='ltr'><strong>periculo</strong></span> <span class='ocrx_word' id='word_1_604' title='bbox 2508 5160 2833 5230; x_wconf 59' lang='lat' dir='ltr'><strong>praedicatio,</strong></span> <span class='ocrx_word' id='word_1_605' title='bbox 2877 5175 3054 5228; x_wconf 83' lang='lat' dir='ltr'><strong>neque</strong></span> <span class='ocrx_word' id='word_1_606' title='bbox 3103 5157 3419 5228; x_wconf 82' lang='lat' dir='ltr'><strong>reprehendi</strong></span> 
     </span>
    </p>
   </div>
   <div class='ocr_carea' id='block_1_59' title="bbox 1841 5249 3415 5322">
    <p class='ocr_par' dir='ltr' id='par_1_59' title="bbox 1841 5249 3415 5322">
     <span class='ocr_line' id='line_1_59' title="bbox 1841 5249 3415 5322; baseline -0.002 -15"><span class='ocrx_word' id='word_1_607' title='bbox 1841 5260 2016 5322; x_wconf 87' lang='lat' dir='ltr'><strong>potest</strong></span> <span class='ocrx_word' id='word_1_608' title='bbox 2044 5251 2312 5308; x_wconf 89' lang='lat' dir='ltr'><strong>laudatio:</strong></span> <span class='ocrx_word' id='word_1_609' title='bbox 2349 5269 2452 5307; x_wconf 89' lang='lat' dir='ltr'><strong>non</strong></span> <span class='ocrx_word' id='word_1_610' title='bbox 2482 5254 2623 5307; x_wconf 86' lang='lat' dir='ltr'><strong>cn‘im</strong></span> <span class='ocrx_word' id='word_1_611' title='bbox 2651 5253 2759 5322; x_wconf 90' lang='lat' dir='ltr'><strong>jam</strong></span> <span class='ocrx_word' id='word_1_612' title='bbox 2792 5255 3133 5306; x_wconf 84' lang='lat' dir='ltr'><strong>mutationem</strong></span> <span class='ocrx_word' id='word_1_613' title='bbox 3168 5249 3415 5305; x_wconf 82' lang='lat' dir='ltr'><strong>reformi-</strong></span> 
     </span>
    </p>
   </div>
   <div class='ocr_carea' id='block_1_60' title="bbox 1839 5343 3421 5416">
    <p class='ocr_par' dir='ltr' id='par_1_60' title="bbox 1839 5343 3421 5416">
     <span class='ocr_line' id='line_1_60' title="bbox 1839 5343 3421 5416; baseline 0 -17"><span class='ocrx_word' id='word_1_614' title='bbox 1839 5345 1959 5410; x_wconf 89' lang='lat' dir='ltr'><strong>dat,</strong></span> <span class='ocrx_word' id='word_1_615' title='bbox 1990 5361 2162 5414; x_wconf 85' lang='lat' dir='ltr'><strong>neque</strong></span> <span class='ocrx_word' id='word_1_616' title='bbox 2191 5346 2396 5414; x_wconf 89' lang='lat' dir='ltr'><strong>lapsum</strong></span> <span class='ocrx_word' id='word_1_617' title='bbox 2427 5347 2772 5416; x_wconf 83' lang='lat' dir='ltr'><strong>pertimescit.</strong></span> <span class='ocrx_word' id='word_1_618' title='bbox 2801 5346 2930 5400; x_wconf 85' lang='lat' dir='ltr'><strong>Nam</strong></span> <span class='ocrx_word' id='word_1_619' title='bbox 2951 5361 3048 5399; x_wconf 88' lang='lat' dir='ltr'><strong>nos</strong></span> <span class='ocrx_word' id='word_1_620' title='bbox 3074 5343 3306 5412; x_wconf 89' lang='lat' dir='ltr'><strong>quidem,</strong></span> <span class='ocrx_word' id='word_1_621' title='bbox 3329 5348 3421 5415; x_wconf 91' lang='lat' dir='ltr'><strong>qui</strong></span> 
     </span>
    </p>
   </div>
   <div class='ocr_carea' id='block_1_61' title="bbox 1840 5437 3414 5508">
    <p class='ocr_par' dir='ltr' id='par_1_61' title="bbox 1840 5437 3414 5508">
     <span class='ocr_line' id='line_1_61' title="bbox 1840 5437 3414 5508; baseline 0.001 -19"><span class='ocrx_word' id='word_1_622' title='bbox 1840 5437 2014 5491; x_wconf 79' lang='lat' dir='ltr'><strong>adhuc</strong></span> <span class='ocrx_word' id='word_1_623' title='bbox 2035 5438 2258 5491; x_wconf 85' lang='lat' dir='ltr'><strong>vivimus</strong></span> <span class='ocrx_word' id='word_1_624' title='bbox 2282 5479 2297 5504; x_wconf 92' lang='lat'><strong>,</strong></span> <span class='ocrx_word' id='word_1_625' title='bbox 2333 5448 2386 5491; x_wconf 92' lang='lat' dir='ltr'><strong>ut</strong></span> <span class='ocrx_word' id='word_1_626' title='bbox 2411 5439 2497 5508; x_wconf 90' lang='lat' dir='ltr'><strong>qui</strong></span> <span class='ocrx_word' id='word_1_627' title='bbox 2529 5438 2704 5492; x_wconf 91' lang='lat' dir='ltr'><strong>medio</strong></span> <span class='ocrx_word' id='word_1_628' title='bbox 2738 5439 2789 5491; x_wconf 91' lang='lat' dir='ltr'><strong>in</strong></span> <span class='ocrx_word' id='word_1_629' title='bbox 2823 5439 2950 5491; x_wconf 87' lang='lat' dir='ltr'><strong>mari</strong></span> <span class='ocrx_word' id='word_1_630' title='bbox 2979 5437 3250 5500; x_wconf 81' lang='lat' dir='ltr'><strong>fluctuant,</strong></span> <span class='ocrx_word' id='word_1_631' title='bbox 3277 5439 3414 5490; x_wconf 86' lang='lat' dir='ltr'><strong>tnui-</strong></span> 
     </span>
    </p>
   </div>
   <div class='ocr_carea' id='block_1_62' title="bbox 1842 5527 3417 5596">
    <p class='ocr_par' dir='ltr' id='par_1_62' title="bbox 1842 5527 3417 5596">
     <span class='ocr_line' id='line_1_62' title="bbox 1842 5527 3417 5596; baseline -0.001 -15"><span class='ocrx_word' id='word_1_632' title='bbox 1842 5529 1907 5583; x_wconf 94' lang='lat' dir='ltr'><strong>tis</strong></span> <span class='ocrx_word' id='word_1_633' title='bbox 1944 5543 2128 5583; x_wconf 82' lang='lat' dir='ltr'><strong>sumus</strong></span> <span class='ocrx_word' id='word_1_634' title='bbox 2155 5529 2370 5583; x_wconf 84' lang='lat' dir='ltr'><strong>obnoxii</strong></span> <span class='ocrx_word' id='word_1_635' title='bbox 2399 5529 2814 5593; x_wconf 86' lang='lat' dir='ltr'><strong>mutationibus;</strong></span> <span class='ocrx_word' id='word_1_636' title='bbox 2857 5539 2909 5582; x_wconf 92' lang='lat' dir='ltr'><strong>et</strong></span> <span class='ocrx_word' id='word_1_637' title='bbox 2937 5537 2992 5581; x_wconf 91' lang='lat' dir='ltr'><strong>ut</strong></span> <span class='ocrx_word' id='word_1_638' title='bbox 3021 5527 3092 5580; x_wconf 91' lang='lat' dir='ltr'><strong>illi</strong></span> <span class='ocrx_word' id='word_1_639' title='bbox 3122 5543 3262 5581; x_wconf 91' lang='lat' dir='ltr'><strong>nunc</strong></span> <span class='ocrx_word' id='word_1_640' title='bbox 3295 5529 3417 5596; x_wconf 77' lang='lat' dir='ltr'><strong>qui-</strong></span> 
     </span>
    </p>
   </div>
   <div class='ocr_carea' id='block_1_63' title="bbox 1838 5618 3414 5682">
    <p class='ocr_par' dir='ltr' id='par_1_63' title="bbox 1838 5618 3414 5682">
     <span class='ocr_line' id='line_1_63' title="bbox 1838 5618 3414 5682; baseline -0.004 -6"><span class='ocrx_word' id='word_1_641' title='bbox 1838 5620 1961 5676; x_wconf 87' lang='lat' dir='ltr'><strong>dem</strong></span> <span class='ocrx_word' id='word_1_642' title='bbox 2011 5618 2259 5674; x_wconf 90' lang='lat' dir='ltr'><strong>fluctibus</strong></span> <span class='ocrx_word' id='word_1_643' title='bbox 2287 5620 2760 5675; x_wconf 82' lang='lat' dir='ltr'><strong>intumescentilnts</strong></span> <span class='ocrx_word' id='word_1_644' title='bbox 2814 5621 2863 5673; x_wconf 93' lang='lat' dir='ltr'><strong>in</strong></span> <span class='ocrx_word' id='word_1_645' title='bbox 2918 5619 3079 5682; x_wconf 81' lang='lat' dir='ltr'><strong>altum</strong></span> <span class='ocrx_word' id='word_1_646' title='bbox 3119 5618 3414 5678; x_wconf 88' lang='lat' dir='ltr'><strong>tolluntur,</strong></span> 
     </span>
    </p>
   </div>
   <div class='ocr_carea' id='block_1_64' title="bbox 1837 5709 3414 5780">
    <p class='ocr_par' dir='ltr' id='par_1_64' title="bbox 1837 5709 3414 5780">
     <span class='ocr_line' id='line_1_64' title="bbox 1837 5709 3414 5780; baseline -0.003 -14"><span class='ocrx_word' id='word_1_647' title='bbox 1837 5724 1977 5766; x_wconf 78' lang='lat' dir='ltr'><strong>nunc</strong></span> <span class='ocrx_word' id='word_1_648' title='bbox 2020 5713 2069 5763; x_wconf 92' lang='lat' dir='ltr'><strong>in</strong></span> <span class='ocrx_word' id='word_1_649' title='bbox 2105 5711 2418 5778; x_wconf 82' lang='lat' dir='ltr'><strong>profluuium</strong></span> <span class='ocrx_word' id='word_1_650' title='bbox 2459 5712 2627 5780; x_wconf 86' lang='lat' dir='ltr'><strong>ipsum</strong></span> <span class='ocrx_word' id='word_1_651' title='bbox 2674 5710 3087 5779; x_wconf 75' lang='lat' dir='ltr'><strong>deprimuntur;</strong></span> <span class='ocrx_word' id='word_1_652' title='bbox 3117 5709 3207 5763; x_wconf 87' lang='lat' dir='ltr'><strong>sed</strong></span> <span class='ocrx_word' id='word_1_653' title='bbox 3241 5723 3414 5776; x_wconf 78' lang='lat' dir='ltr'><strong>neque</strong></span> 
     </span>
    </p>
   </div>
   <div class='ocr_carea' id='block_1_65' title="bbox 1832 5799 3407 5873">
    <p class='ocr_par' dir='ltr' id='par_1_65' title="bbox 1832 5799 3407 5873">
     <span class='ocr_line' id='line_1_65' title="bbox 1832 5799 3407 5873; baseline 0.001 -16"><span class='ocrx_word' id='word_1_654' title='bbox 1832 5811 1946 5857; x_wconf 78' lang='grc' dir='ltr'>ωω</span> <span class='ocrx_word' id='word_1_655' title='bbox 1979 5801 2262 5868; x_wconf 64' lang='grc' dir='ltr'><strong>εειδὶιυιιδ,</strong></span> <span class='ocrx_word' id='word_1_656' title='bbox 2303 5819 2470 5873; x_wconf 78' lang='lat' dir='ltr'><strong>neque</strong></span> <span class='ocrx_word' id='word_1_657' title='bbox 2516 5802 2716 5859; x_wconf 75' lang='lat' dir='ltr'><strong>stabilis</strong></span> <span class='ocrx_word' id='word_1_658' title='bbox 2744 5811 2825 5859; x_wconf 85' lang='lat' dir='ltr'><strong>cst.</strong></span> <span class='ocrx_word' id='word_1_659' title='bbox 2859 5802 3112 5873; x_wconf 81' lang='lat' dir='ltr'><strong>dejectio,</strong></span> <span class='ocrx_word' id='word_1_660' title='bbox 3147 5799 3407 5872; x_wconf 68' lang='lat' dir='ltr'><strong>siquidem</strong></span> 
     </span>
    </p>
   </div>
  </div>
