3844 6280
379 275 484 331 599

380 391 571 445 horum
602 398 884 459 utrumque
910 387 978 443 ab
998 386 1150 457 aquis
1175 388 1458 443 liuentibus
1488 387 1807 458 tninimeque
1832 402 1963 442 con-

380 480 694 536 sistentibus
726 478 920 548 pendet
948 495 962 532 :
996 479 1073 532 sic
1101 478 1349 532 nimirum
1372 486 1426 531 et
1452 478 1502 530 in
1541 478 1698 532 rebus
1724 478 1966 531 humanis

382 571 515 625 nihil
563 569 773 625 firmum
813 577 867 623 ct
908 577 1161 621 constans
1206 579 1326 633 est,
1358 567 1451 621 sed
1493 566 1797 638 frequentes
1843 577 1968 621 sunt

385 661 724 721 mutationes.
743 673 807 712 ac
831 657 938 712 levi
962 666 1234 712 momento
1256 657 1406 710 fiunt.
1428 657 1522 711 llic
1545 657 1759 726 quidem
1786 656 1856 711 ob
1882 672 1967 712 res

385 749 646 806 secundas
680 749 730 802 in
760 748 922 801 altum
956 746 1271 802 subvehitur
1292 788 1309 813 ,
1341 746 1428 802 ille
1468 761 1596 801 vero
1638 757 1855 817 propter
1881 762 1967 801 res

383 843 639 897 adversas
701 837 965 908 profunde
1018 836 1304 892 admodum
1353 837 1670 907 deprimitur
1717 855 1733 891 :
1780 853 1966 893 verum

386 948 483 989 nec
509 932 723 988 inllctur
747 931 855 997 ille,
874 945 975 986 nec
994 932 1229 984 animum
1259 932 1360 986 iste
1375 929 1707 1000 despondeat
1738 949 1751 985 :
1773 930 1968 1001 quippe

383 1025 717 1082 celerrimam
773 1024 965 1093 singuli
1012 1023 1358 1078 mutationem
1400 1022 1731 1078 sortientur:
1762 1031 1821 1077 at
1861 1037 1965 1077 non

388 1118 476 1173 ille
500 1158 517 1184 ,
548 1117 640 1187 qui
682 1116 734 1171 in
764 1116 953 1170 caelum
989 1115 1388 1184 commigravit,
1416 1123 1470 1169 et
1501 1113 1567 1168 ad
1616 1129 1738 1169 eum
1762 1155 1777 1180 ,
1809 1130 1967 1185 quem

385 1208 762 1275 desiderabat,
787 1207 970 1263 Jesum
997 1206 1263 1277 profectus
1290 1216 1371 1262 est
1397 1249 1412 1273 ,
1436 1208 1525 1278 qui
1551 1207 1617 1262 ad
1641 1207 1813 1263 locum
1846 1223 1966 1277 per-

388 1300 532 1356 venit
556 1301 829 1356 turbarum
851 1308 1127 1367 expertem
1158 1316 1171 1352 :
1208 1297 1350 1354 unde
1375 1297 1527 1354 dolor
1550 1307 1605 1352 et
1625 1298 1882 1367 aegritudo
1905 1313 1970 1352 ac

384 1392 613 1462 gemitus
641 1392 814 1446 abest.
853 1389 971 1444 Non
1012 1389 1120 1443 illic
1167 1389 1478 1444 mutationis
1502 1399 1583 1443 est
1624 1389 1796 1459 imago
1823 1429 1838 1453 ,
1861 1404 1967 1442 non

390 1482 771 1538 vicissitudinis
811 1481 1145 1537 obumbratio
1166 1522 1185 1548 ,
1212 1480 1310 1536 sed
1338 1481 1516 1536 omnia
1547 1481 1649 1536 lixa
1686 1489 1740 1535 et
1778 1479 1970 1535 immo-

391 1575 514 1629 bilia
542 1617 557 1641 ,
584 1574 760 1629 omnia
790 1572 937 1628 ﬁrma
972 1583 1026 1628 et
1055 1572 1285 1627 stabilita
1309 1614 1325 1640 ,
1354 1572 1532 1627 omnia
1582 1571 1886 1640 incorrupta
1916 1580 1972 1625 et

392 1665 754 1731 immortalia,
800 1664 978 1718 omnia
1028 1663 1276 1718 interitus
1328 1663 1568 1732 expertia
1624 1674 1679 1717 et
1727 1672 1967 1717 interna:

392 1755 627 1822 idcirco,
677 1755 881 1826 inquit,
935 1755 1064 1810 Ante
1114 1763 1322 1809 mortem
1363 1771 1425 1809 ne
1467 1769 1763 1825 quemquam
1797 1754 1972 1808 (naides

391 1847 675 1918 (EccliJl.
697 1846 1206 1920 l0).Qnamobrem?
1226 1844 1482 1901 Futurum
1502 1846 1695 1917 quippe
1713 1846 1970 1902 incertum

392 1950 476 1993 est
497 1981 509 2001 .
541 1948 595 1994 et
625 1939 901 1993 imbecillis
940 1949 1127 1994 natura
1154 1955 1169 2002 ;
1202 1938 1447 1992 voluntas
1496 1943 1674 2009 segnis
1696 1981 1709 2002 ,
1743 1949 1798 1993 et
1850 1955 1974 2009 pro-

394 2048 519 2087 num
544 2031 610 2087 ad
638 2046 736 2087 nos
756 2031 1078 2088 obsidendos
1106 2041 1377 2101 peccatum
1398 2047 1413 2097 ;
1438 2031 1588 2086 multi
1614 2041 1738 2086 sunt
1763 2033 1933 2103 laquei
1957 2051 1970 2087 :

397 2122 538 2178 Scito
579 2123 731 2187 enim,
759 2122 968 2193 inquit,
999 2123 1237 2192 quoniam
1263 2123 1316 2178 in
1345 2122 1509 2176 medio
1538 2123 1830 2193 laqueorum
1861 2141 1974 2195 pcr-

397 2215 581 2269 transis
623 2214 813 2279 (Ercli.
852 2218 907 2274 9.
938 2213 1072 2285 20):
1129 2214 1396 2269 eontinute
1438 2224 1562 2269 sunt
1608 2215 1928 2269 tentationes
1957 2256 1972 2281 ,

395 2306 564 2361 multa
612 2306 765 2360 turba
814 2307 1186 2376 negotiorum,
1230 2316 1339 2360 tum
1394 2305 1698 2360 daemonum
1741 2321 1979 2376 perenne

397 2396 619 2462 bellum,
640 2404 694 2450 et
718 2396 915 2451 assidui
944 2397 1398 2467 perturbationum
1422 2397 1669 2452 insultas.
1689 2396 1976 2467 Propterea

398 2489 528 2542 Ante
554 2499 782 2552 mortem,
812 2489 1009 2558 inquit,
1039 2504 1100 2542 ne
1125 2503 1425 2558 quemquam
1451 2488 1624 2542 laudes
1646 2503 1666 2542 :
1688 2502 1817 2558 ergo
1860 2498 1978 2558 post

401 2586 627 2632 itionem
659 2587 826 2632 tutum
878 2590 961 2632 est
1004 2578 1218 2633 laudare
1265 2579 1484 2648 dignum
1509 2594 1524 2641 ;
1553 2578 1637 2634 vel
1666 2580 1840 2649 potius
1871 2594 1976 2634 non

400 2668 718 2737 simpliciter
776 2677 896 2737 post
937 2678 1201 2735 mortem,
1244 2669 1338 2725 sed
1390 2678 1510 2739 post
1556 2680 1782 2724 mortem
1833 2671 1975 2739 ejus-

401 2756 568 2823 modi,
589 2758 800 2828 quando
826 2775 946 2813 eum
976 2775 1170 2814 corona
1196 2776 1228 2815 e
1252 2760 1362 2814 vita
1383 2760 1645 2831 quispiam
1665 2762 1976 2830 excesserit,

404 2850 617 2917 quando
638 2865 757 2904 cum
777 2849 1111 2906 confessione
1131 2860 1185 2906 et
1201 2850 1308 2907 fide
1330 2867 1436 2906 non
1454 2853 1654 2907 licta.Si
1676 2852 1820 2907 enim
1842 2867 1979 2923 quo-

398 2943 481 2997 vis
508 2944 667 2997 modo
687 2953 937 2998 mortuos
961 2943 1177 2998 laudare
1203 2944 1321 3014 quis
1349 2952 1560 3015 potest,
1591 2953 1789 3014 quanto
1814 2943 1982 3014 magis

403 3051 499 3092 eos
524 3037 612 3106 qui
639 3037 717 3092 sie
744 3036 940 3092 fuerint
966 3036 1195 3092 mortui?

499 3129 768 3184 Salomoni
818 3129 1121 3184 credendum
1175 3129 1359 3185 divitiis
1401 3130 1700 3186 detrahenti.
1730 3160 1801 3172 -—
1853 3130 1984 3199 Quis

398 3228 576 3281 autem
605 3236 698 3275 eos
730 3220 998 3288 laudavit,
1030 3221 1173 3277 dicet
1213 3222 1404 3293 aliquis
1427 3265 1440 3287 ,
1469 3223 1559 3293 qui
1588 3224 1777 3293 quovis
1820 3222 1983 3277 modo

400 3321 529 3373 sunt
578 3312 816 3367 mortui?
867 3313 1118 3367 Salomon
1176 3313 1282 3381 ille,
1337 3313 1590 3369 Salomon
1654 3314 1986 3384 sapientissi-

402 3420 524 3460 mus
562 3422 574 3455 :
614 3419 723 3458 non
772 3405 916 3459 enim
958 3405 1149 3459 leviter
1196 3405 1466 3461 hominem
1524 3418 1842 3476 praetereas,
1889 3407 1985 3462 sed

403 3495 526 3561 quis
571 3505 716 3550 esset
764 3495 1070 3564 perpende,
1102 3504 1158 3550 et
1184 3510 1291 3565 quo
1339 3506 1494 3565 pacto
1526 3497 1748 3561 vixerit,
1791 3505 1987 3566 quanta

402 3602 525 3641 cum
556 3588 844 3642 securitate
870 3602 934 3642 ac
958 3588 1229 3657 voluptate
1264 3588 1481 3643 mollem
1526 3597 1580 3644 et
1623 3605 1984 3645 aerumnarum

403 3687 678 3749 expertem
707 3679 868 3733 vitam
902 3678 1214 3733 traduxerit.
1261 3678 1395 3733 Nam
1437 3694 1607 3750 genus
1650 3694 1811 3735 omne
1850 3679 1986 3734 deli-

403 3769 606 3823 ciarum
658 3769 961 3839 percurrit,
998 3777 1054 3824 et
1078 3769 1403 3840 multiplices
1450 3771 1802 3826 recreationis
1830 3771 1987 3824 animi

405 3860 595 3914 modos
618 3861 972 3931 excogitavit,
1005 3861 1177 3916 varias
1201 3870 1363 3931 atque
1390 3862 1629 3917 diversas
1674 3861 1990 3917 oblectatio-

406 3958 535 4005 num
589 3952 797 4021 species
841 3951 1144 4019 adinvcnit,
1177 3969 1312 4023 quas
1348 3963 1402 4008 et
1447 3968 1705 4008 enarratis
1737 3954 1989 4009 (licebat:

406 4039 686 4112 Ai'di/icaei
712 4044 836 4097 milii
862 4043 1037 4099 domos
1058 4086 1075 4111 ,
1105 4044 1332 4115 plantuui
1360 4046 1528 4099 uineas
1547 4085 1563 4111 ,
1591 4045 1688 4115 feci
1727 4044 1849 4097 mihi
1872 4044 1993 4097 hor-

407 4145 486 4189 tos
510 4146 556 4189 et
582 4137 833 4206 pomaria,
863 4136 961 4207 {cci
997 4138 1121 4191 milii
1173 4138 1394 4208 piscinas
1429 4155 1677 4209 aquarum
1706 4155 1726 4193 :
1746 4149 1993 4193 mercatus

401 4247 519 4286 sum
548 4229 672 4284 milii
691 4247 858 4285 servos
889 4240 934 4284 et
960 4232 1196 4298 ancillas,
1225 4229 1545 4289 ettvernaculi
1568 4231 1673 4285 nati
1695 4241 1813 4284 sunt
1839 4231 1994 4283 milii:

409 4325 655 4392 possessio
671 4322 1185 4390 armentomm,boum
1202 4332 1246 4378 et
1271 4340 1479 4395 gregum
1496 4324 1591 4393 fuit
1610 4324 1766 4377 mihi:
1786 4339 1995 4395 congre-

407 4415 522 4482 gaui
542 4423 802 4484 argentum
819 4421 864 4465 et
884 4429 1068 4466 aurum
1095 4415 1224 4466 sicut
1240 4429 1483 4467 arenam:
1508 4414 1607 4483 [eci
1624 4414 1745 4466 milii
1768 4424 1997 4466 cantores

405 4516 455 4558 et
475 4506 793 4573 cantatrices,
814 4506 1080 4576 piacernas
1107 4515 1152 4559 et
1171 4506 1270 4559 vini
1298 4507 1552 4559 ministras
1570 4505 1761 4576 (Eccle.
1782 4504 1992 4577 2.-1-8).

407 4602 548 4671 Quid
572 4603 728 4671 igitur
753 4602 893 4657 idem
918 4602 1019 4657 iste
1040 4611 1159 4671 post
1182 4611 1380 4656 tantam
1396 4600 1723 4655 afﬂuentiam
1749 4603 1999 4673 pecunia-

418 4710 561 4759 rum,
592 4695 1014 4762 possessionum,
1040 4694 1354 4748 deliciarum
1374 4732 1391 4759 ,
1422 4692 1751 4762 voluptatum
1798 4691 1999 4749 refert?

413 4784 665 4852 Laudari,
697 4784 886 4856 inquit,
914 4802 1019 4853 eos,
1040 4787 1124 4857 qui
1145 4785 1329 4840 mortui
1347 4793 1483 4850 sunt,
1515 4801 1666 4855 super
1690 4778 1933 4851 viventes,
1956 4795 2000 4840 et

412 4881 572 4932 bonus
597 4894 750 4948 super
791 4877 901 4945 Iros,
930 4878 1232 4949 quicumque
1271 4875 1495 4932 nondum
1538 4887 1690 4932 natus
1734 4885 1828 4932 est.
1863 4877 2001 4933 Vere

414 4970 522 5026 lide
546 4969 739 5041 dignus
763 4970 851 5025 hic
868 4978 951 5025 est
969 4969 1281 5024 deliciarum
1307 4978 1604 5036 accusator,
1626 4968 1715 5039 qui
1745 4969 1904 5025 talem
1934 4970 2002 5025 de

414 5063 520 5119 illis
540 5062 646 5119 fert
666 5059 1147 5118 sententiam.Nam
1172 5060 1218 5116 si
1247 5060 1508 5131 quispiam
1537 5075 1607 5116 ex
1636 5059 1702 5116 iis
1723 5059 1811 5129 qui
1838 5060 2027 5115 vitam'

412 5156 469 5210 in
493 5166 804 5226 paupertate
833 5169 897 5210 ac
927 5153 1268 5209 mendicitate
1295 5152 1671 5218 traduxissent,
1700 5151 1836 5206 hanc
1877 5168 2002 5207 seu-

414 5251 634 5305 tentiam
661 5249 917 5304 adversus
947 5247 1164 5303 delicias
1189 5247 1414 5311 tulisset,
1440 5247 1587 5300 visus
1617 5252 1760 5299 esset
1801 5259 1905 5298 non
1936 5259 2004 5298 ex

418 5343 495 5397 rei
524 5343 779 5409 veritate,
805 5341 900 5397 sed
921 5340 1060 5411 quod
1093 5349 1345 5411 expertus
1384 5354 1490 5393 non
1521 5329 1698 5403 esset,
1726 5337 1797 5390 ita
1824 5336 2006 5391 crimi-

417 5436 532 5490 nari
564 5453 578 5503 ;
604 5452 725 5491 cum
750 5449 879 5491 vero
904 5436 977 5502 is,
1006 5434 1095 5504 qui
1126 5448 1315 5489 omnes
1361 5429 1657 5500 percurrit,
1682 5438 1737 5483 et
1771 5427 2005 5497 singulas

420 5545 603 5584 earum
631 5531 746 5584 vias
787 5528 1198 5599 pervestigavit,
1230 5538 1323 5580 eas
1363 5523 1677 5587 contemnit,
1711 5530 1821 5575 tum
1860 5520 2007 5575 omni

422 5623 723 5690 suspicione
750 5622 917 5677 libera
961 5629 1044 5676 est
1067 5618 1389 5676 criminatio.
1423 5615 1751 5671 Existimatis
1781 5614 2008 5670 fortasse

418 5731 454 5770 a
474 5714 750 5784 proposito
772 5712 1055 5768 deﬂexisse
1085 5724 1385 5767 sermonem
1412 5724 1425 5761 :
1451 5708 1559 5766 imo
1592 5721 1722 5762 vero
1751 5706 1795 5761 si
1838 5717 2012 5762 atten-

1121 274 1177 332 S.
1217 273 1495 331 JOANNIS
1532 273 2001 331 CHRYSOSTUMI
2036 274 2349 334 ARCHIL‘P.
2391 276 2919 337 CONSTANTINOP.

3561 290 3687 345 600

2077 387 2301 455 damus,
2334 407 2454 446 cum
2502 408 2567 448 eo
2611 394 2841 449 maxime
2883 394 3158 453 colla-rere
3195 398 3691 468 deprchendemus

2071 496 2191 550 qua:
2214 481 2355 537 dicta
2399 493 2541 538 sunt.
2583 484 2715 539 Nam
2769 486 2821 539 in
2865 499 3158 559 martyrum
3184 496 3682 551 commemoratio-

2072 571 2228 626 nibus
2268 575 2590 631 conveniens
2636 584 2718 630 est
2762 586 2817 632 et
2861 593 3159 635 connexum
3209 582 3279 638 de
3322 585 3683 657 philosophia

2070 675 2370 717 sermonem
2399 665 2691 720 instituere.
2712 666 2826 722 Non
2856 677 2909 723 ut
2932 670 3095 724 vitam
3111 683 3422 740 praesentem
3437 677 3670 733 damne-

2071 766 2210 817 mus,
2238 753 2354 809 htec
2381 754 2629 823 dicimus,
2652 757 2829 824 absit;
2854 759 2947 814 sed
2974 761 3116 830 quod
3152 763 3368 820 delicias
3411 764 3671 823 insecte-

2069 858 2192 898 mur
2224 861 2239 898 :
2266 860 2371 900 non
2397 847 2541 900 enim
2559 848 2738 903 vivere
2764 849 2961 904 malum
2989 861 3101 918 est,
3124 852 3219 909 sed
3259 864 3462 912 temere
3485 868 3547 912 et
3577 859 3673 914 in—

2071 934 2408 993 considerate
2433 938 2633 994 vivere.

2141 1026 2196 1080 2.
2237 1027 2539 1085 Eustathius
2555 1047 2588 1085 α
2615 1034 2780 1100 patria
2808 1034 3057 1106 relegatus
3084 1037 3137 1090 in
3168 1036 3382 1094 Thracia
3408 1040 3673 1110 sepultus.

2073 1118 2377 1174 Sanctorum
2414 1122 2639 1192 reliquite
2684 1124 2849 1192 fontes
2894 1127 3204 1196 spirituales.
3252 1157 3325 1171 ——
3366 1128 3559 1201 Itaque
3620 1136 3672 1187 si

2071 1211 2191 1280 quis
2220 1212 2271 1266 in
2299 1222 2443 1268 recte
2482 1212 2634 1269 factis
2663 1230 2728 1270 ac
2755 1216 3016 1272 bonorum
3046 1233 3142 1289 spe
3165 1219 3467 1277 futurorum
3494 1224 3671 1279 vitam

2075 1302 2387 1371 traduxerit,
2413 1306 2610 1374 poterit
2638 1321 2758 1360 cum
2790 1307 2954 1363 Paulo
2980 1309 3160 1365 dicere
3180 1350 3198 1378 ,
3230 1310 3405 1367 Visere
3431 1314 3487 1367 in
3511 1332 3676 1369 carne

2075 1395 2231 1448 multo
2250 1396 2427 1450 melius
2449 1411 2468 1449 :
2497 1396 2592 1450 hoc
2610 1398 2742 1451 enim
2762 1399 2882 1453 mihi
2902 1404 3099 1470 fructus
3117 1404 3280 1473 aperis
3295 1416 3367 1459 est
3394 1405 3669 1477 (Philipp.

2076 1488 2127 1540 1.
2149 1486 2244 1556 29.)
2275 1504 2288 1541 :
2323 1488 2467 1558 quod
2498 1491 2684 1559 utique
2723 1491 2881 1547 beato
2906 1493 3187 1549 Eustathio
3214 1499 3468 1568 contigit,
3493 1501 3591 1570 qui
3617 1510 3676 1554 et

2077 1578 2128 1632 in
2154 1580 2258 1633 vita
2283 1589 2336 1635 et
2379 1581 2432 1635 in
2460 1591 2632 1636 morte
2651 1622 2668 1647 ,
2701 1593 2758 1637 ut
2786 1598 2880 1652 par
2903 1595 3041 1650 erat,
3066 1601 3127 1642 se
3154 1591 3338 1657 gessit.
3370 1588 3490 1644 Non
3516 1592 3674 1645 enim

2076 1668 2129 1723 in
2157 1684 2248 1722 sua
2274 1671 2489 1740 regione
2513 1713 2527 1738 ,
2567 1672 2660 1726 sed
2685 1673 2734 1726 in
2765 1674 2935 1729 aliena
2963 1688 3182 1746 propter
3203 1676 3476 1734 Christum
3516 1696 3677 1734 mor-

2032 1799 2039 1805 .
2079 1769 2182 1814 tem
2227 1760 2388 1826 obiit;
2417 1761 2558 1831 quod
2605 1761 2810 1818 facinus
2838 1763 2956 1834 ejus
2982 1765 3211 1821 hostium
3240 1766 3356 1822 fuit.
3384 1769 3676 1841 Siquidem

2078 1867 2199 1907 eum
2229 1853 2303 1907 illi
2332 1869 2362 1907 a
2395 1854 2560 1923 patria
2594 1855 2914 1926 relegat-unt,
2944 1866 3001 1911 ut
3027 1859 3198 1928 ipsum
3242 1860 3437 1930 probro
3478 1860 3675 1917 afﬁce-

2078 1954 2216 2010 rent,
2248 1953 2303 1999 at
2354 1946 2441 2001 ille
2490 1945 2754 2001 celebrior
2798 1955 2852 2002 et
2888 1947 3144 2005 illustrior
3179 1950 3278 2006 hac
3330 1951 3382 2005 in
3412 1952 3675 2007 exsilium

2078 2038 2516 2109 commigratione
2554 2037 2903 2106 reddebatur;
2958 2041 3101 2110 quod
3160 2050 3215 2096 et
3256 2057 3436 2097 rerum
3491 2044 3679 2098 exitus

2079 2130 2481 2185 demonstravit.
2519 2130 2669 2185 Adeo
2707 2146 2935 2202 namque
2963 2132 3195 2189 celebris
3226 2133 3429 2199 evasit,
3460 2142 3518 2188 ut
3546 2148 3675 2189 cum

2082 2220 2134 2274 in
2153 2221 2376 2275 Thracia
2400 2221 2668 2291 sepultura
2694 2222 2763 2276 sit
2789 2220 2904 2292 ejus
2929 2236 3122 2292 corpus
3143 2263 3162 2290 ,
3193 2222 3242 2277 in
3272 2223 3388 2279 dies
3425 2224 3679 2294 singulos

2081 2312 2335 2367 memoria
2372 2311 2487 2382 ejus
2521 2310 2658 2380 apud
2703 2326 2802 2366 nos
2842 2309 3180 2379 efﬂorescat;
3211 2320 3264 2369 et
3306 2328 3425 2367 eum
3475 2315 3526 2368 in
3581 2314 3679 2368 illo

2083 2401 2363 2456 barbarico
2392 2400 2647 2471 oppidulo
2688 2401 2758 2455 sit
2799 2399 2915 2471 ejus
2951 2401 3205 2470 tumulus,
3240 2413 3421 2457 noster
3461 2402 3514 2457 in
3544 2419 3677 2457 eum

2083 2507 2233 2545 amor
2256 2533 2269 2557 ,
2297 2491 2385 2561 qui
2419 2500 2565 2545 tanto
2608 2491 2676 2546 ab
2711 2505 2777 2546 eo
2815 2490 3168 2563 disjungimur
3215 2492 3520 2560 intervallo,
3550 2503 3679 2563 past

2084 2591 2190 2636 tam
2219 2581 2522 2637 diuturnum
2555 2591 2761 2652 tempus
2789 2581 3010 2653 singulis
3034 2582 3222 2638 diebus
3250 2597 3528 2656 augeatur.
3560 2583 3681 2638 lmo

2084 2674 2128 2726 si
2173 2687 2356 2727 verum
2396 2671 2678 2727 dicendum
2721 2673 2811 2738 sit,
2840 2671 2978 2741 apud
3029 2686 3126 2727 nos
3168 2674 3329 2729 etiam
3356 2682 3439 2728 est
3488 2675 3675 2744 sepul-

2085 2778 2234 2818 crum
2276 2764 2413 2831 ejus,
2444 2771 2500 2819 ct
2545 2779 2651 2817 non
2680 2763 2751 2817 .in
2800 2762 3024 2817 Thracia
3072 2771 3296 2819 tantum.
3329 2765 3679 2820 Munumcnts

2085 2855 2228 2910 enim
2256 2862 2563 2909 sanctorum
2597 2869 2705 2909 non
2729 2855 2882 2908 loculi
2911 2854 3082 2909 solum
3115 2865 3275 2924 sunt,
3302 2857 3556 2926 capsulze,
3587 2872 3680 2911 co-

2085 2946 2312 3012 lumnte,
2341 2960 2405 3000 ac
2432 2945 2618 3012 literae,
2660 2944 2755 3001 sed
2786 2960 2873 3001 res
2918 2946 3190 3015 praeclara:
3216 2957 3382 3016 gestae
3401 2987 3416 3012 ,
3446 2962 3513 3002 ac
3552 2947 3679 3002 fidei

2085 3039 2263 3104 zelus,
2305 3047 2359 3093 et
2400 3053 2530 3093 sana
2583 3037 2727 3107 apud
2776 3038 2941 3092 Deum
2990 3038 3338 3094 conscientia.
3395 3039 3676 3110 Siquidem

2086 3130 2235 3186 omni
2259 3129 2504 3185 columna
2531 3128 2860 3199 splendidior
2891 3130 3007 3185 hinc
3041 3129 3280 3185 Ecclesia
3325 3131 3548 3202 martyri
3598 3141 3682 3186 est

2088 3229 2289 3288 erecta,
2319 3236 2436 3292 quae
2467 3221 2649 3274 literas
2679 3219 2837 3275 habet
2861 3234 2969 3274 non
2997 3230 3171 3275 mutas
3197 3237 3213 3287 ;
3242 3220 3337 3276 sed
3367 3236 3491 3291 quae
3519 3221 3683 3276 rebus

2088 3314 2220 3385 ipsis
2257 3314 2478 3368 buccina
2524 3312 2718 3367 clarius
2758 3312 3072 3367 memoriam
3116 3312 3234 3383 ejus
3275 3312 3574 3383 praedicant
3620 3327 3683 3366 ac

2090 3404 2488 3471 celebritatem,
2516 3414 2568 3459 et
2618 3404 3282 3475 unusquisque.vcstrum,
3314 3405 3404 3475 qui
3452 3400 3681 3470 adestis,

2091 3497 2259 3552 sancti
2288 3496 2430 3550 illius
2455 3504 2539 3550 est
2568 3494 2893 3564 sepulcrum,
2920 3495 3221 3566 sepulcrum
3255 3498 3554 3551 animatum
3595 3504 3683 3551 δι·

2094 3606 2196 3660 que
2224 3589 2482 3658 spiritale.
2511 3586 2643 3641 Nam
2675 3586 2719 3641 si
2748 3586 3005 3657 cujusque
3029 3597 3296 3652 vestrum,
3324 3586 3419 3657 qui
3455 3586 3680 3652 adestis,

2093 3681 2474 3737 conscientiam
2518 3678 2861 3748 explicuere,
2916 3685 3157 3747 sanctum
3214 3678 3372 3732 istum
3431 3677 3581 3732 intus
3634 3680 3682 3731 in

2096 3781 2274 3828 mente
2302 3780 2479 3826 vestra
2507 3769 2772 3840 reperiam
2801 3768 3181 3823 diversantcm.
3212 3767 3440 3834 Videtis,
3469 3776 3532 3822 ut
3555 3768 3686 3821 nihil

2095 3864 2417 3936 profecerint
2447 3862 2760 3929 adversarii,
2787 3869 2845 3916 ut
2885 3861 3108 3932 gloriam
3140 3876 3247 3915 non
3286 3861 3686 3926 exstinxerint,
3762 3896 3777 3917 ο

2097 3958 2190 4012 sed
2233 3955 2524 4011 extulerint
2563 3954 2758 4023 potius,
2794 3953 2886 4009 sed
2938 3952 3283 4007 illustriorem
3332 3951 3686 4016 reddiderint,

2100 4050 2178 4102 tot
2203 4062 2299 4116 pro
2329 4062 2436 4101 uno
2461 4045 2724 4116 sepulcris
2750 4043 2970 4111 erectis,
2995 4043 3252 4113 sepulcris
3279 4042 3557 4107 animatis,
3600 4059 3688 4097 se-

2099 4138 2302 4210 pulcris
2328 4152 2511 4194 vocem
2540 4136 2891 4200 mittentibus,
2912 4135 3175 4205 sepulcris
3203 4133 3268 4188 ad
3311 4133 3568 4188 eumdem
3608 4149 3692 4186 ze-

2100 4230 2209 4284 lum
2235 4229 2598 4298 comparatis?
2621 4226 2824 4282 Idcirco
2844 4235 3147 4280 sanctorum
3170 4238 3395 4294 corpora
3417 4234 3471 4278 et
3494 4223 3688 4289 fontes,

2100 4329 2154 4376 et
2170 4320 2453 4386 radices,ct
2469 4326 2734 4388 unguenta
2752 4331 2997 4386 nuncupo
3013 4315 3436 4385 spiritalia.Qtud
3452 4315 3553 4369 ita?
3564 4314 3696 4383 Quo-

2103 4411 2244 4465 niam
2270 4408 2684 4478 nnumquodque
2711 4408 2956 4470 istorum,
2979 4421 3098 4476 qua:
3118 4404 3247 4469 dixi,
3271 4405 3529 4459 virtutem
3547 4420 3694 4458 suam

2103 4501 2240 4574 apud
2269 4517 2329 4557 se
2355 4517 2457 4561 non
2483 4500 2678 4555 retinet
2709 4508 2942 4564 tantum,
2975 4498 3068 4552 sed
3099 4498 3259 4552 etiam
3300 4497 3459 4567 longe
3486 4498 3698 4566 lateque

2105 4596 2375 4654 diliundit.
2409 4594 2650 4664 Exempli
2679 4607 2859 4659 causa,
2887 4590 3063 4646 fontes
3100 4591 3281 4645 multis
3329 4591 3552 4660 quidem
3584 4605 3701 4645 sea-

2107 4689 2310 4745 turiunt
2335 4686 2574 4742 laticihus
2594 4704 2608 4741 :
2625 4693 2680 4739 at
2704 4698 2801 4740 eos
2825 4684 2961 4737 intra
2988 4683 3136 4736 sinus
3151 4696 3279 4737 suos
3298 4697 3407 4735 non
3436 4682 3695 4747 retinent,

2105 4782 2202 4838 sed
2235 4781 2390 4850 longa
2420 4778 2637 4834 ﬂumina
2668 4776 2931 4847 parientes
2972 4789 3093 4829 cum
3124 4773 3257 4828 mari
3295 4773 3622 4845 junguntur,
3650 4783 3698 4829 et

2109 4887 2376 4945 tamquam
2432 4886 2624 4927 manus
2685 4869 2961 4941 cujusdam
3007 4869 3322 4923 extensione
3365 4867 3702 4937 longitudine

2107 4971 2316 5024 illorum
2361 4966 2603 5020 marinas
2620 4978 2785 5034 aquas
2808 4960 3167 5033 prehendunt.
3207 4960 3413 5015 Rursus
3443 4960 3700 5014 arborum

2108 5060 2256 5115 radix
2309 5058 2558 5113 deorsum
2600 5056 2651 5110 in
2684 5064 2842 5108 terrae
2887 5052 3183 5106 visceribus
3222 5061 3307 5105 est
3347 5050 3700 5116 abscondita,

2107 5153 2201 5208 sed
2251 5165 2356 5206 non
2392 5164 2606 5205 omnem
2654 5147 2903 5202 virtutem
2944 5160 3093 5201 suam
3136 5143 3387 5199 deorsum
3420 5145 3699 5211 continet,

2110 5260 2173 5299 ac
2200 5244 2379 5297 vitium
2423 5240 2721 5311 praesertim
2759 5238 3150 5293 arbustivarum
3191 5243 3277 5290 est
3320 5237 3441 5291 haec
3493 5248 3700 5292 natura.

2111 5335 2210 5390 Ubi
2239 5334 2379 5390 enim
2409 5348 2502 5403 per
2530 5331 2773 5387 excelsos
2797 5329 3030 5383 calamos
3062 5340 3239 5381 ramos
3284 5340 3412 5381 suos
3450 5326 3704 5382 extende-

2111 5431 2240 5493 rint,
2272 5443 2365 5497 per
2384 5425 2672 5481 arundines
2699 5424 2813 5478 illas
2852 5421 3118 5490 serpentia
3159 5428 3432 5473 sarmenta
3484 5419 3699 5490 longum

2115 5520 2385 5592 quoddam
2416 5527 2612 5574 tectum
2637 5515 2902 5571 frondium
2926 5512 3188 5567 densitate
3209 5509 3525 5565 conficiunt.
3555 5511 3702 5581 Ejus-

2114 5614 2256 5669 modi
2288 5621 2366 5667 est
2389 5622 2443 5668 et
2464 5618 2851 5682 unguentorum
2880 5616 3101 5662 natura:
3128 5601 3392 5674 siquidem
3416 5603 3507 5658 illa
3533 5618 3699 5673 smpe-

2118 5721 2339 5763 numcro
2369 5711 2491 5760 sunt
2535 5703 2588 5758 iu
2631 5698 2874 5757 conclavi
2929 5696 3240 5768 recondita,
3270 5693 3366 5751 sed
3417 5708 3703 5767 erumpens
