3844 6280
452 341 554 400 οδι

458 460 606 514 ἐνδον
637 452 896 524 κειμένην
923 450 1032 504 τῶν
1075 446 1382 520 ἀρωμάτων
1423 444 1645 516 ἀρετήν.
1678 443 1742 494 Εἰ
1771 441 1826 493 δὲ
1855 438 2028 510 πηγὴ,

461 543 557 596 καὶ
602 521 746 609 ῥίζα,
789 521 884 589 καὶ
939 533 1120 603 φυτῶν
1161 531 1255 582 καὶ
1300 529 1606 600 ἀρωμάτων
1647 526 1806 609 φύσις
1847 521 2042 575 τοσαύ-

461 642 561 695 την
602 603 781 692 ἐχουσι
819 619 914 688 τὴν
951 617 1121 686 ἰσχὺν,
1157 610 1334 681 πολλῷ
1376 609 1574 695 μᾶλλον
1613 608 1719 662 τῶν
1759 607 1929 675 ἀγίων
1973 603 2041 659 τὰ

465 691 724 775 σώματα’
758 703 852 755 καὶ
883 701 964 753 61:
1001 699 1062 752 ού
1105 696 1275 767 ψευδῆ
1314 695 1382 748 τὰ
1427 693 1718 761 λεγόμενα,
1765 691 2042 762 μάρτυρες

466 773 641 861 ὑμεῖς.
682 789 755 840 T6
795 787 893 854 μὲν
936 783 1043 855 γὰρ
1092 781 1252 852 σῶμα
1296 779 1390 832 τοῦ
1437 779 1713 848 μάρτυρος
1757 777 1934 829 κεῖται
1982 773 2041 824 ἐν

465 855 673 946 Θρᾴκῃ,
701 872 856 941 ὑμεῖς
903 867 960 920 δέ
999 867 1098 920 ούκ
1143 866 1200 919 ἐν
1243 864 1432 935 Θρᾴκῃ
1483 860 1870 931 διατρίϐοντες,
1907 855 2038 909 ἀλλὰ

466 939 599 1009 πολὺ
625 939 749 1024 ’τῆς
781 950 965 1022 χώρας
1015 949 1230 1018 ἐκείνης
1288 948 1662 1015 ἀφεστηκότες
1711 939 2042 1011 ἀντιλαμϐά-

465 1037 620 1091 νεσθε
666 1037 764 1106 τῆς
812 1032 1042 1094 εὐωδίας
1083 1034 1148 1084 ἐκ
1192 1029 1448 1082 τοσούτου
1508 1027 1907 1096 διαστήματος,
1951 1022 2044 1075 καὶ

464 1122 551 1172 διὰ
595 1104 753 1170 τοῦτο
783 1113 1200 1182 συνεληλύθατε,
1227 1112 1320 1164 καὶ
1348 1111 1408 1164 ού
1452 1109 1745 1163 διεκώλυσε
1782 1107 1885 1176 τῆς
1923 1104 2042 1157 ὁδοῦ

469 1200 616 1274 [(306]
659 1201 719 1254 16
753 1199 948 1269 μῆκος,
980 1197 1080 1249 ούκ
1129 1194 1316 1247 ἔσϐεσε
1358 1192 1452 1246 τοῦ
1495 1189 1790 1274 χρόνουῗτὸ
1819 1187 2042 1257 πλῆθος.

467 1271 698 1353 Τοιαύτη
755 1281 864 1350 γάρ
909 1278 1018 1331 τῶν
1078 1275 1464 1347 πνευματικῶν
1523 1271 1962 1342 κατορθωμάτων
2008 1271 2041 1339 ή

471 1366 660 1436 φύσις·
700 1364 873 1417 οὐδενὶ
931 1361 1227 1432 σωματικῷ
1274 1360 1625 1413 διακόπτεται
1674 1355 1957 1425 κωλύματι
1987 1366 2037 1418 α,

470 1435 582 1501 ἀλλ’
627 1446 776 1500 ἀνθεῖ
808 1445 902 1498 καὶ
948 1444 1165 1510 αὒξεται
1214 1442 1331 1496 καθ’
1365 1442 1600 1509 ἐκάστην
1648 1437 1895 1508 ἡμέραν,
1955 1435 2048 1488 καὶ

471 1531 595 1584 οὗτε
643 1531 836 1600 χρόνου
890 1527 1142 1599 μαραίνει
1195 1525 1256 1578 τὸ
1296 1523 1498 1593 πλῆθος
1551 1521 1740 1589 αὐτὴν,
1789 1519 1889 1590 ούχ
1925 1516 2045 1571 ὁδοῦ

473 1614 783 1681 διατειχίζει
821 1611 1015 1682 μῆκος.

537 1716 637 1787 Μὴ
668 1713 986 1785 θαυμάσητε
1011 1713 1067 1765 δέ
1101 1713 1149 1764 εἰ
1189 1711 1283 1764 τοῦ
1315 1710 1475 1780 λόγου
1503 1709 1595 1762 καὶ
1627 1706 1733 1761 τῶν
1763 1703 2049 1787 ἐγκωμίων

477 1801 774 1870 ἀρχόμενος
806 1797 1057 1867 μάρτυρα
1095 1795 1184 1848 τὸν
1219 1795 1373 1862 άγιον
1409 1792 1641 1846 ἐκάλεσα
1663 1805 1676 1820 ·
1711 1790 1802 1842 καὶ
1831 1786 1940 1858 γάρ
1967 1787 2042 1840 οἰ-

478 1883 608 1950 κείῳ
627 1881 769 1934 τέλει
789 1881 888 1950 τὴν
913 1876 1055 1948 ζωὴν
1081 1876 1348 1930 κατέλυσε
1369 1893 1382 1907 °
1409 1876 1524 1938 πῶς
1545 1870 1638 1928 οῦν
1667 1874 1782 1925 ἐστι
1810 1871 2048 1942 μάρτυς;

479 1960 646 2016 Εἶπον
677 1961 937 2024 πολλάκις
960 1961 1095 2031 πρὸς
1123 1959 1221 2030 τὴν
1245 1959 1517 2029 ὑμετέραν
1547 1957 1788 2024 ἀγάπην,
1811 1955 1891 2007 ὅτι
1921 1952 2054 2023 μάρ-

477 2064 616 2118 τυρα
658 2046 777 2115 ούχί
813 2047 841 2098 6
876 2043 1104 2105 θάνατος
1137 2045 1281 2095 ποιεῖ
1313 2041 1505 2110 μόνον,
1538 2039 1673 2094 ἀλλά
1717 2038 1868 2107 καὶὴ
1918 2036 2053 2107 πρό-

385 2194 389 2197 ,
481 2117 648 2193 θεσις.
681 2131 754 2183 Ού
803 2128 910 2199 γάρ
956 2127 1062 2180 ἀπὸ
1107 2125 1205 2196 τῆς
1239 2123 1516 2186 ἐκϐάσεως
1563 2122 1755 2192 μόνον,
1787 2118 1923 2174 ἀλλά
1963 2117 2055 2170 καί⁵

481 2212 588 2266 ἀπὸ
624 2212 723 2281 τῆς
752 2210 975 2280 γνώμης
1007 2207 1269 2260 πλέκεται
1296 2204 1558 2267 πολλάκις
1587 2206 1614 2257 6
1640 2203 1732 2256 τοῦ
1759 2200 2054 2272 μαρτυρίου

483 2295 764 2361 στέφανος.
794 2291 903 2345 Καὶ
932 2289 1121 2343 τοῦτον
1160 2290 1260 2341 οὑκ
1292 2287 1421 2356 ἐγὼ,
1449 2286 1588 2340 ἀλλά
1623 2284 1833 2346 Παῦλος
1872 2282 2056 2336 δίδωσι

484 2374 576 2427 τοῦ
605 2374 898 2444 μαρτυρίου
929 2372 1018 2424 τὸν
1057 2373 1180 2441 ὅρον
1213 2370 1412 2422 οὑτωσὶ
1443 2368 1638 2435 λέγων,
1669 2367 1807 2420 Καθ’
1831 2363 2059 2433 ἡμέραν

483 2457 869 2523 ἀποθνήσκω.
921 2454 1046 2518 Πῶς
1084 2453 1446 2523 ἀποθνήσκεις
1486 2451 1606 2504 καθ’
1647 2450 1888 2520 ήμέραν;
1942 2448 2059 2512 πῶς

378 2563 386 2573 ·
485 2539 708 2592 δυνατὸν
748 2539 828 2591 ἐνὶ
874 2537 1089 2606 σώματι
1119 2534 1298 2606 θνητῷ
1343 2534 1567 2604 μυρίους
1592 2532 1846 2598 δέξασθαι
1893 2530 2058 2585 θανά-

485 2639 610 2684 τους
631 2639 646 2688 ;
670 2622 748 2692 Τῇ
772 2619 1045 2688 προθέσει,
1069 2619 1222 2689 φησί,
1246 2618 1341 2672 καὶ
1362 2617 1439 2688 τῷ
1466 2614 1904 2688 παρεσκευάσθαι
1926 2613 2060 2684 πρὸς

485 2706 761 2774 τελευτήν.
796 2703 950 2756 Οὕτω
990 2704 1084 2756 καί
1126 2705 1154 2755 6
1181 2701 1313 2764 Θεὸς
1342 2701 1734 2770 ἀποφαίνεται·
1763 2699 1856 2752 καὶ
1891 2697 1999 2767 γάρ
2033 2699 2061 2752 6

501 2787 751 2857 Ἀϐραάμ
773 2785 872 2855 οὐχ
905 2783 1080 2854 ᾕμαξε
1113 2784 1210 2853 τὴν
1243 2784 1540 2854 μάχαιραν,
1572 2782 1671 2834 ούκ
1707 2780 1939 2850 ἐφοίνιξε
1968 2781 2060 2834 τὸν

492 2871 692 2942 βωμὸν,
740 2871 839 2924 οὐκ
880 2868 1039 2921 ἐθυσε
1075 2867 1164 2920 16v
1213 2867 1415 2930 Ἰσαάκ,
1451 2866 1565 2918 ἀλλ’
1599 2866 1747 2935 ὅμως
1792 2865 2060 2936 ἀπήρτισε

490 2953 588 3023 τὴν
618 2951 825 3005 θυσίαν.
855 2951 951 3013 Τίς
990 2949 1165 3003 ταῦτά
1217 2965 1415 3018 φησιν;
1464 2947 1635 3010 Λύτὸς
1677 2948 1706 2999 6
1746 2945 1842 3016 τὴν
1876 2945 2062 2998 θυσίαν

488 3034 813 3106 δεξάμενος·
851 3036 973 3087 οὐκ
1015 3032 1236 3101 ἐφείσω
1270 3031 1398 3100 γάρ,
1449 3031 1601 3099 φησὶ,
1633 3027 1740 3082 τοῦ
1780 3028 1913 3083 υἱοῦ
1945 3043 2062 3083 σου

491 3117 596 3171 τοῦ
624 3115 934 3186 ἀγαπητοῦ
972 3114 1045 3168 δι’
1084 3113 1206 3182 ἐμέ.
1248 3115 1357 3165 Καὶ
1406 3111 1510 3183 μὴν
1542 3109 1719 3175 ζῶντα
1753 3110 1934 3175 ἔλαϐε,
1969 3112 2064 3164 καὶ

493 3200 618 3269 ὑγιῆ
670 3202 984 3268 κατήγαγε-ο
1030 3198 1146 3260 πῶς
1188 3191 1280 3249 οῦν
1324 3195 1426 3248 ούκ
1470 3194 1757 3263 ἐφείσατο;
1800 3195 1920 3246 ’Ότι
1965 3193 2065 3247 οὐκ

491 3282 600 3335 ἀπὸ
627 3281 718 3334 τοῦ
743 3281 940 3344 -τέλους
977 3279 1084 3332 τῶν
1115 3279 1476 3350 πραγμάτων,
1504 3277 1619 3330 ἀλλ’
1655 3278 1764 3332 ἀπ’)
1797 3277 1894 3347 τῆς
1932 3293 2066 3347 προ·-

495 3365 694 3426 θὲσεως
720 3363 828 3416 τῶν
849 3362 1246 3433 προελομένων,
1271 3362 1369 3424 τὰς
1395 3359 1649 3422 τοιαύτας
1675 3359 1845 3430 κρίνω
1879 3357 2068 3420 θυσίας

497 3447 642 3515 ἐγὼ,
675 3447 857 3516 φησίν.
903 3446 1017 3498 Ούκ
1063 3444 1294 3513 ἔσφαξεν
1337 3445 1369 3513 ή
1419 3443 1569 3513 χεὶρ,
1613 3441 1725 3495 ἀλλ’
1772 3441 2065 3512 ἐσφαξενή

499 3528 818 3600 προαίρεσις
844 3544 855 3557 ·
884 3528 984 3580 οὐκ
1006 3526 1264 3579 ἐϐάπτισε
1284 3525 1344 3579 16
1368 3524 1520 3594 ξίφος
1543 3528 1620 3588 εἰς
1643 3525 1733 3578 τὸν
1755 3524 1946 3595 λαιμὸν
1973 3524 2066 3578 τοῦ

499 3611 710 3674 παιδὸς,
740 3610 799 3664 ού
829 3609 1042 3679 διέτεμε
1075 3608 1170 3680 τὴν
1201 3608 1362 3679 δέρην
1386 3609 1436 3671 b,
1469 3605 1582 3658 ἀλλ’
1617 3606 1733 3660 ἐστι
1776 3608 1935 3660 θυσία
1975 3609 2068 3662 καὶ

499 3695 666 3764 χωρὶς
694 3692 945 3763 αἵματος.
969 3692 1176 3745 Ἴσασιν
1208 3692 1257 3743 οἰ
1291 3689 1630 3760 μεμυημένοι
1654 3690 1715 3742 16
1743 3688 2031 3759 λεγόμενον
2049 3707 2063 3719 ·

498 3778 586 3830 6:3:
607 3776 764 3829 τοῦτο
796 3776 852 3828 δέ
883 3775 1109 3844 κάκείνη
1136 3776 1168 3844 ἡ
1203 3773 1361 3826 θυσία
1383 3772 1550 3842 χωρὶς
1580 3771 1809 3842 αἵματος
1833 3771 2064 3840 ἐγένετο,

499 3859 684 3930 ἐπειδὴ
724 3858 924 3928 ταύτης
973 3857 1194 3928 ἔμελλεν
1238 3855 1456 3908 ἔσεσθαι
1490 3853 1676 3916 τύπος.
1721 3854 1882 3925 Ὁρᾷς
1914 3855 1971 3908 ἐν
2000 3857 2066 3926 τῇ

500 3942 710 4012 Παλαιᾷ
750 3938 1293 4012 προδιαγραφομένην
1328 3938 1426 4009 τὴν
1460 3936 1676 4004 εἰκόνα;
1713 3937 1805 4008 Μὴ
1834 3938 2064 4007 ἀπιστή-

501 4041 600 4096 σῃς
623 4027 689 4096 τῇ
721 4023 963 4095 ἀληθείᾳ.

575 4137 643 4199 γ’.
669 4124 835 4193 Οὗτος
854 4129 1036 4183 τοίνυν
1061 4132 1089 4183 6
1113 4129 1322 4199 μάρτυς
1341 4127 1616 4199 (μάρτυρα
1630 4126 1737 4197 γὰρ
1757 4126 1888 4197 ἡμῖν
1907 4125 2068 4179 αὑτὸν

497 4217 528 4268 6
553 4214 704 4281 λόγος
729 4213 1012 4283 ἀπέδειξε)
1061 4212 1196 4281 πρὸς
1224 4210 1450 4282 μυρίους
1494 4210 1948 4281 παρεσκευάσατο
1971 4209 2070 4262 θαι

500 4297 712 4359 νάτους,
734 4297 827 4348 καὶ
861 4295 1069 4356 πάντας
1096 4294 1292 4356 αὑτοὺς
1341 4293 1598 4362 ὑπέμεινε
1634 4294 1701 4362 τῇ
1745 4289 1934 4362 γνώμῃ
1976 4291 2070 4344 καὶ

495 4382 566 4450 τῇ
596 4377 872 4448 προθυμίᾳ
891 4393 904 4409 ο
929 4376 1036 4429 τῶν
1058 4377 1114 4428 δὲ
1143 4375 1538 4445 ἐπενεχθέντων
1559 4373 1818 4428 κινδύνων
1844 4373 2070 4437 πολλοὺς

493 4463 596 4516 καὶ
623 4463 687 4515 δι’
726 4461 892 4529 αὐτῆς
916 4460 1015 4529 τῆς
1047 4458 1240 4530 πείρας
1276 4458 1549 4527 ἠνέσχετο.
1580 4458 1688 4510 Καὶ
1713 4456 1820 4528 γάρ
1848 4457 1940 4510 καὶ
1969 4457 2068 4527 τῆς

496 4545 756 4615 πατρίδος
801 4543 960 4596 αὑτὸν
1006 4541 1293 4611 ἐξήλασαν,
1324 4542 1418 4594 καὶ
1452 4539 1586 4610 πρὸς
1626 4540 1722 4610 τὴν
1774 4540 2068 4612 ὑπερορίαν

495 4631 843 4702 ’μετέστησαν
870 4668 885 4692 ,
933 4626 1026 4680 καὶ
1069 4624 1240 4679 πολλὰ
1282 4623 1445 4693 ἐτερα
1483 4623 1624 4676 κατά
1669 4623 1764 4676 τοῦ
1799 4623 2069 4694 μακαρίου

495 4713 762 4781 ἐκίνησαν
805 4711 924 4764 τότε
980 4707 1211 4771 ἐκείνου,
1254 4707 1460 4759 δίκαιον
1514 4707 1610 4775 μὲν
1659 4705 1808 4759 οὐδὲν
1859 4706 2073 4776 ἔχοντες

493 4795 772 4872 ἐγκαλεῖν,
796 4794 877 4846 ὅτι
905 4791 960 4844 δέ
988 4790 1225 4852 ἀκούσας
1248 4789 1340 4842 τοῦ
1372 4787 1582 4841 Παύλου
1612 4788 1877 4855 λέγοντος,
1916 4790 2073 4843 Ἐσε-

492 4869 817 4942 -6άσθησαν
854 4874 952 4928 καί
999 4873 1372 4941 ἐλάτρευσαν
1416 4869 1488 4940 τῇ
1545 4871 1737 4924 κτίσει
1768 4873 1928 4940 παρὰ
1966 4872 2074 4925 τὸν

499 4961 792 5014 κτίσαντα
814 5000 827 5019 ,
858 4957 1026 5028 ἐφυγε
1049 4957 1111 5010 16
1146 4955 1398 5026 ἀσέϐημα
1421 4995 1436 5017 ,
1471 4955 1568 5008 καὶ
1601 4955 1698 5026 τὴν
1730 4954 2072 5024 παρανομίαν

495 5044 738 5099 ,ἐδεισεψ
779 5041 914 5095 ἀλλά
963 5039 1119 5093 τοῦτο
1149 5039 1249 5111 μέν
1290 5040 1589 5109 στεφάνων,
1631 5039 1693 5091 ού
1743 5039 2072 5110 κατηγορίας

444 5175 454 5183 .
495 5127 670 5191 ἀξιον.
700 5125 772 5179 Συ
797 5125 854 5178 δέ
889 5141 979 5196 μοι
1016 5125 1208 5178 σκόπει
1245 5123 1340 5176 τοῦ
1376 5123 1620 5176 διαϐόλου
1650 5121 1746 5192 τὴν
1787 5121 2068 5194 πονηρίαν.

515 5210 733 5281 Ἐπειδὴ
781 5209 890 5282 γάρ
940 5208 1266 5279 προσφάτως
1315 5203 1382 5280 ἦν
1411 5211 1440 5261 6
1487 5206 1793 5277 Ἐλληνικὸς
1840 5207 2074 5282 πόλεμος

499 5278 869 5357 καταλυθεὶς,
899 5278 995 5347 καί
1022 5293 1145 5364 ἄρτι
1180 5290 1288 5344 τῶν
1328 5278 1580 5362 χαλεπῶν
1619 5290 1712 5343 καὶ
1759 5278 2073 5359 ἐπαλλήλων

492 5376 754 5448 «διωγμῶν
785 5375 1284 5430 ἀνεπεπνεύκεισαν
1313 5375 1370 5427 αἱ
1409 5372 1722 5444 Ἐκκλησίαι
1761 5375 1952 5438 πᾶσαι,
1979 5375 2073 5428 καὶ

495 5461 604 5513 οὐκ
623 5457 688 5531 ἦν
715 5461 881 5524 πολὺς
903 5463 930 5514 6
957 5460 1168 5530 χρόνος,
1196 5455 1256 5523 ἐξ
1280 5451 1340 5510 οῦ
1368 5456 1487 5509 λαοὶ
1513 5457 1611 5526 μὲν
1638 5456 2072 5527 ἀπεκλείσθησαν

497 5548 766 5608 ἅπαντες,
811 5544 985 5616 βωμοὶ
1016 5544 1072 5598 δέ
1112 5543 1477 5613 ἐσϐέσθησαν,
1522 5542 1669 5595 πᾶσα
1709 5543 1766 5596 δὲ
1808 5542 1915 5597 τῶν
1952 5544 2068 5598 δαι-

567 5667 584 5689 ¹
607 5668 858 5728 Κωλύματι
881 5671 1025 5719 deest
1046 5672 1094 5718 in
1121 5684 1234 5719 mss.

550 5728 584 5768 ὼ
603 5730 685 5780 διο
711 5743 832 5780 mss.
858 5732 1006 5781 Morel
1055 5745 1170 5781 vero
1194 5731 1319 5780 male
1341 5731 1506 5794 δέρῥιν.

1168 334 1226 389 S.
1267 327 1551 388 JOANNIS
1587 323 2067 383 CllBYSOSTOMl
2104 320 2420 378 ARCHIEP.
2459 311 3000 375 CONSTAN-TINOP.

3613 305 3728 358 σου

2147 437 2320 506 μόνων
2353 439 2388 508 ή
2437 434 2604 506 μανία
2639 430 2990 492 καταλέλυτο,
3037 424 3130 480 καὶ
3176 423 3348 477 ταῦτα
3382 420 3576 474 ἐλύπει
3625 418 3725 471 τὸν

2139 525 2375 596 πονηρὸν
2405 523 2657 594 δαίμονα,
2679 522 2774 575 καὶ
2804 520 2904 572 οὐκ
2924 516 3156 588 ἠδύνατο
3184 512 3372 584 πράως
3403 511 3596 580 φέρειν
3622 509 3728 579 τὴν

2139 615 2239 684 τῆς
2266 613 2591 683 Ἐκκλησίας
2619 610 2862 682 εἰρήνην,
2885 606 2938 658 τί
2969 600 3061 658 οῦν
3090 605 3261 667 ποιεῖ;
3280 601 3506 670 Ἕτερον
3533 601 3730 650 ἐπεισ-

2145 707 2268 775 άγει
2295 703 2442 790 [60⁵7]
2493 703 2730 773 πόλεμον
2769 697 3022 770 χαλεπόν.
3063 693 3124 749 Ὀ
3159 694 3256 762 μὲν
3286 691 3396 762 γὰρ
3429 686 3726 774 ἐξωτιριδςι

2139 770 2313 860 τοῦτοί
2340 777 2397 848 δέ
2428 770 2702 865 ’ἐμφύλίος
2733 786 2830 860 ἦν·
2865 789 2915 840 οἰ
2969 787 3026 840 δέ
3068 781 3300 838 τοιοῦτοι
3347 770 3729 848 δυσφύλακτοι

2145 887 2340 960 μᾶλλόν
2370 889 2496 951 εἰσι,
2514 885 2606 938 καί
2634 883 2830 956 ῥαδίως
2846 877 3150 950 χειροῦνται
3175 873 3300 936 τοὺς
3319 871 3726 941 ἐμπίπτοντας.

2213 979 2368 1034 Κατά
2401 978 2490 1030 τὸν
2516 951 2704 1047 καιρὸν
2747 973 2926 1026 τοίνυν
2966 971 3169 1023 ἐκεῖνον
3201 966 3229 1018 6
3268 962 3534 1035 μακάριος
3561 951 3728 1021 οὗτος

2141 1072 2465 1144 ἐστρατήγει
2496 1068 2597 1139 τῆς
2635 1065 2764 1138 παρ’
2799 1065 2931 1135 ἡμῖν
2975 1059 3321 1129 Ἐκκλησίας,
3366 1055 3463 1110 καὶ
3502 1055 3730 1120 αἴρεται

2147 1140 2251 1234 μὲν⁷
2294 1163 2328 1230 ἡ
2367 1140 2555 1222 νόσος,
2593 1155 2781 1225 ῶσπερ
2813 1169 2896 1216 τις
2949 1149 3135 1220 λοιμὸς
3188 1145 3421 1217 χαλεπὸς
3454 1140 3566 1194 ἀπὺ
3615 1141 3729 1192 τῶν

2148 1231 2428 1321 Αἰγύπτου
2450 1248 2686 1320 χωρίων,
2720 1241 2839 1298 εἶτα
2871 1242 2958 1296 διὰ
2990 1239 3098 1294 τῶν
3143 1235 3343 1310 μεταξὺ
3377 1235 3593 1287 πόλεων
3628 1231 3730 1302 βα-

2143 1342 2302 1407 δίζων
2331 1343 2412 1404 εἰς
2435 1339 2532 1411 τὴν
2568 1338 2720 1392 πόλιν
2743 1335 2998 1390 ἔσπευδεν
3021 1331 3273 1404 ἐμϐαλεῖν
3301 1328 3399 1398 τὴν
3419 1323 3726 1396 ἡμετέραν.

2157 1432 2296 1485 Ἀλλ’
2350 1432 2559 1492 ἐκεῖνος
2591 1424 2907 1499 ἐγρηγορὼς
2939 1422 3033 1477 καί
3063 1422 3267 1492 νήφων,
3313 1418 3408 1470 καί
3440 1415 3630 1467 πάντα
3661 1413 3731 1464 τὰ

2150 1524 2412 1595 μέλλοντα
2439 1520 2688 1593 προορῶν
2723 1515 3026 1588 πόρρωθεν,
3051 1511 3342 1584 προσιόντα
3363 1508 3454 1560 τὸν
3486 1505 3733 1576 πόλεμον

2145 1615 2508 1689 ἀπεκρούετο’
2542 1613 2636 1667 καί¹
2670 1610 2922 1680 καθάπερ
2964 1606 3127 1673 σοφός
3163 1621 3247 1666 τις
3276 1599 3482 1672 ἰατρὸς,
3519 1598 3666 1667 πρὶν
3697 1595 3732 1665 ή

2147 1711 2244 1780 τὴν
2270 1708 2423 1762 νόσον
2455 1704 2710 1776 ἐμϐαλεῖν
2745 1703 2824 1765 εἰς
2860 1701 2960 1770 τὴν
2997 1698 3170 1760 πόλιν,
3212 1692 3444 1747 ἐνταῦθα
3473 1689 3734 1757 καθήμε-

2149 1820 2260 1867 νος,
2294 1799 2364 1852 τά
2388 1799 2657 1869 φάρμακα
2680 1791 3067 1855 κατεσκεύαζε,
3096 1788 3190 1843 καὶ
3217 1786 3314 1857 τὴν
3345 1783 3500 1855 ἰεράν
3522 1780 3735 1848 ταύτην

2150 1894 2281 1948 ναῦν
2314 1878 2453 1964 μετά
2496 1887 2690 1958 πολλῆς
2719 1884 2987 1957 ἐκυϐέρνα
3021 1882 3122 1952 τῆς
3159 1876 3483 1948 ἀσφαλείας,
3518 1887 3736 1925 πανταο

2147 1984 2242 2056 χοῦ
2283 1983 2651 2054 περιτρέχων,
2693 1977 2926 2042 ναύτας,
2972 1974 3266 2036 ἐπιϐάτας,
3296 1969 3421 2031 τοὺς
3460 1965 3737 2025 πλέοντας

2151 2050 2394 2136 ἀπαντας
2419 2050 2751 2142 συγκροτῶν,
2769 2069 2976 2137 νήφειν,
3003 2051 3357 2133 ἐγρηγορέναι
3378 2050 3742 2126 παρασκευά-

2152 2166 2280 2232 ζων,
2309 2165 2383 2230 ὡς
2414 2159 2686 2233 πειρατῶν
2716 2155 3104 2225 ἐπιτιθεμένων
3128 2152 3221 2205 καὶ
3249 2150 3345 2219 τῆς
3373 2147 3619 2207 πίστεως
3647 2144 3738 2197 τδν

2153 2256 2422 2330 θησαυρὸν
2443 2252 2786 2322 ἀποσυλῆσαι
2808 2245 3246 2319 ἐπιχειρούντων.
3273 2243 3386 2295 Ούκ
3413 2237 3662 2293 ἐνταῦθα
3686 2236 3742 2288 δὲ

2157 2351 2314 2422 μόνον
2346 2348 2611 2418 ἐκέχρητο
2644 2346 2709 2415 τῇ
2749 2341 2976 2413 προνοίᾳ
3003 2337 3200 2409 ταύτῃ,
3231 2333 3368 2388 ἀλλὰ
3397 2333 3492 2385 καὶ
3527 2347 3741 2385 πανταρ-

2153 2440 2249 2513 χοῦ
2290 2439 2623 2508 διεπέμπετο
2668 2435 2794 2496 τοὺς
2824 2428 3166 2495 διδάξοντας,
3210 2423 3740 2497 παρακαλέσοντας,

2153 2510 2581 2598 διαλεξομένους,
2609 2517 3156 2594 προαποτειχίσοντας
3177 2517 3287 2577 τοῖς
3312 2511 3599 2582 πολεμίοις
3644 2510 3742 2580 τὴν

2156 2617 2364 2686 ἔφοδον.
2394 2613 2504 2668 Καὶ
2527 2611 2637 2681 γὰρ
2664 2606 2731 2681 ἦν
2779 2604 3206 2675 πεπαιδευμένος
3238 2601 3417 2664 καλῶς
3443 2598 3600 2669 παρά
3645 2600 3742 2668 τῆς

2157 2707 2249 2763 τοῦ
2293 2704 2608 2776 Πνεύματος
2663 2701 2884 2771 χάριτος
2908 2739 2923 2766 ,
2964 2697 3045 2749 61:
3098 2694 3189 2748 16v
3241 2691 3570 2761 Ἐκκλησίας
3603 2705 3744 2760 προ-

2157 2798 2368 2854 εστῶτα
2395 2798 2495 2850 οὑκ
2515 2795 2730 2864 ἐκείνης
2761 2791 2926 2862 μόνης
2946 2785 3202 2858 κήδεσθαι
3223 2785 3303 2836 δεῖ
3329 2782 3428 2853 τῆς
3459 2778 3622 2850 παρὰ
3651 2779 3745 2831 τοῦ

2157 2891 2476 2962 Πνεύματος
2509 2884 2946 2958 ἐγχειρισθείσης
2999 2879 3183 2949 αύτῷ,
3227 2875 3362 2930 ἀλλά
3412 2873 3510 2928 καὶ
3556 2871 3743 2939 πάσης

2157 2983 2258 3054 τῆς
2295 2979 2436 3036 κατά
2471 2977 2568 3049 τὴν
2600 2975 2926 3046 οἰκουμένην
2970 2971 3226 3040 κειμένης
3247 2983 3259 2996 ⁸
3293 2967 3386 3020 καὶ
3422 2963 3603 3018 ταῦτα
3641 2963 3744 3016 ἀπὸ

2158 3073 2267 3126 τῶν
2301 3069 2459 3142 ἱερῶν
2486 3067 2787 3140 ἐμάνθανεν
2815 3063 3007 3133 εὐχῶν.
3025 3063 3086 3114 Εἰ
3112 3061 3220 3130 γὰρ
3239 3057 3336 3121 τάς
3370 3055 3536 3126 εὐχάς
3569 3057 3743 3108 ποιεῖ-

2162 3161 2286 3221 σθαι
2313 3167 2412 3231 δεῖ,
2444 3163 2628 3235 φησὶν,
2661 3160 2803 3232 ὑπὲρ
2829 3159 2927 3229 τῆς
2954 3155 3244 3224 καθολικῆς
3281 3148 3615 3220 Ἐκκλησίας
3649 3147 3743 3216 τῆς

2161 3260 2268 3316 ἀπὸ
2314 3258 2562 3329 περάτων
2600 3253 2705 3317 ἓως
2752 3251 3002 3321 περάτων
3032 3247 3130 3318 τῆς
3165 3242 3490 3314 οἰκουμένης
3512 3281 3528 3302 ,
3562 3238 3746 3307 πολλῷ

2167 3351 2365 3424 μᾶλλον
2392 3344 2492 3404 ’καί
2530 3346 2630 3418 τὴν
2675 3343 2932 3414 πρόνοιαν
2967 3339 3106 3409 ύπέρ
3149 3335 3366 3406 ἁπάσης
3407 3332 3587 3402 αὐτῆς
3619 3334 3745 3384 ἐπι-

2163 3423 2473 3497 δείκνυσθαι
2513 3439 2616 3504 δεῖ,
2667 3436 2758 3490 καί.
2806 3433 3009 3504 ὁμοίως
3061 3427 3288 3484 ἀπασῶν
3329 3424 3620 3496 κήδεσθαι,
3657 3423 3747 3476 καὶ

2167 3536 2436 3608 μεριμνᾷν
2460 3531 2659 3593 πάσας.
2683 3526 2788 3581 Καὶ
2811 3527 2948 3596 ὅπερ
2971 3522 3064 3576 ἐπὶ
3094 3518 3189 3575 τοῦ
3221 3518 3492 3586 Στεφάνου
3529 3516 3745 3584 γέγονε,

2162 3626 2320 3681 τοῦτο
2355 3625 2452 3678 καί
2483 3621 2570 3676 ἐπ’
2603 3619 2814 3673 ἐκείνου
2859 3615 3186 3670 συνέϐαινεν.
3225 3610 3436 3679 Ὠσπερ
3493 3607 3612 3682 γὰρ
3650 3607 3744 3660 οὐκ

2166 3717 2440 3789 ἰσχύοντες
2477 3713 2792 3782 ἀντιστῆναι
2816 3713 2882 3780 τῇ
2917 3706 3076 3778 σοφίᾳ
3105 3707 3170 3776 τῇ
3212 3702 3307 3756 τοῦ
3347 3699 3655 3770 Στεφάνου,
3699 3701 3742 3750 οἰ

2177 3810 2415 3864 Ἰουδαῖοι
2446 3805 2691 3869 ἐλίθαζον
2721 3802 2810 3856 τὸν
2839 3800 2992 3870 ἅγιον
3032 3798 3268 3852 ἐκεῖνον’
3303 3792 3447 3846 οὕτω
3475 3792 3576 3844 καί.
3607 3785 3744 3843 οὗτοι

2163 3899 2262 3951 οὑκ
2316 3895 2590 3967 ἰσχύοντες
2624 3891 2936 3961 ἀντιστῆναι
2980 3889 3047 3958 τῇ
3092 3884 3254 3955 σοφία
3280 3885 3349 3954 τῇ
3394 3879 3619 3942 τούτου,
3655 3878 3741 3931 καί

2162 3989 2397 4060 ὁρῶντες
2419 3982 2799 4055 ήσφαλισμένα
2825 3981 2893 4033 τά
2920 3974 3270 4048 ὀχυρώματα,
3295 3971 3627 4025 ἐκϐάλλουσι
3653 3970 3740 4037 τῆς

2163 4081 2370 4142 πόλεως
2402 4076 2586 4130 λοιπὸν
2617 4075 2708 4129 τὸν
2740 4073 2976 4145 κήρυκα.
3015 4068 3152 4123 Ἀλλ’
3181 4069 3215 4138 ή
3252 4065 3404 4136 φωνὴ
3429 4065 3533 4118 οὐκ
3563 4064 3739 4130 ἐσίγα,

2164 4173 2278 4228 ἀλλ’
2332 4169 2645 4238 ἐξεϐάλλετο
2684 4166 2781 4238 μὲν
2834 4166 2862 4217 6
2913 4161 3229 4234 ἄνθρωπος,
3282 4160 3310 4212 6
3351 4157 3408 4210 δὲ
3452 4156 3617 4224 λόγος
3650 4156 3743 4222 τῆς

2163 4261 2509 4324 διδασκαλίας
2539 4260 2639 4313 οὑκ
2685 4254 3020 4325 ἐξεϐάλλετο.
3070 4252 3183 4306 Καὶ
3225 4250 3336 4322 γάρ
3375 4247 3599 4311 Παῦλος
3639 4247 3746 4300 ἐδέ-

2163 4357 2304 4420 δετο,
2340 4353 2434 4408 καὶ
2479 4353 2508 4405 6
2541 4351 2697 4420 λόγος
2739 4347 2834 4402 τοῦ
2863 4345 2997 4400 Θεοῦ
3041 4345 3141 4398 οὐκ
3173 4342 3412 4395 ἐδέδετο·
3453 4341 3555 4394 καὶ
3595 4334 3744 4399 οὗτος

2165 4451 2224 4502 ἐν
2251 4445 2527 4516 ἀλλοτρίᾳ,
2559 4442 2653 4496 καί
2679 4442 2712 4511 ἡ
2742 4436 3060 4493 διδασκαλία
3085 4433 3247 4488 αὑτοῦ
3272 4433 3403 4502 παρ’
3428 4433 3592 4502 ήμῖν.
3627 4430 3746 4482 Ἐκ-

2166 4538 2450 4600 ϐάλλοντες
2475 4534 2656 4588 τοίνυν
2693 4531 3020 4602 ἐπεισῄεσαν
3059 4525 3534 4597 συμφραξάμενοι,
3572 4522 3744 4576 καθά-

2168 4650 2274 4705 περ
2299 4631 2595 4707 χείμαρρος
2630 4624 2854 4696 σφοδρός
2874 4641 2887 4653 ·
2917 4622 3029 4676 ἀλλ’
3063 4619 3186 4673 οὔτε
3226 4618 3294 4671 τὰ
3320 4615 3465 4686 φυτά
3498 4615 3742 4687 παρέσυ-

2170 4743 2292 4796 ραν,
2327 4723 2450 4777 οῦτε
2485 4721 2553 4774 τά
2581 4718 2868 4790 σπέρματα
2904 4713 3240 4783 κατέχωσαν,
3275 4708 3399 4762 οὔτε
3430 4707 3530 4777 τὴν
3566 4723 3741 4777 γεωρ-

2165 4817 2291 4886 γίαν
2324 4813 2689 4884 ἐλυμήναντοο
2725 4808 2866 4862 οὕτω
2913 4805 3090 4867 καλῶς
3136 4804 3228 4856 καὶ
3285 4801 3400 4871 μετ’
3432 4802 3745 4869 ἐπιστήμης

2169 4908 2272 4962 ὑπὸ
2299 4906 2397 4975 τῆς
2424 4904 2632 4958 ἐκείνου
2656 4896 3252 4972 γεωργηθέντασοφίας
3278 4893 3568 4968 ἐρρίζωτο.
3589 4892 3745 4946 Ἀλλὰ

2167 4996 2275 5067 γὰρ
2313 4994 2459 5059 ἄξιον
2490 4993 2685 5056 εἰπεῖν,
2707 4989 2851 5051 τίνος
2886 4986 3070 5039 ἐνεκεν
3098 4980 3474 5053 συνεχώρησεν
3519 4978 3688 5031 αὐτὸν
3720 4980 3745 5029 6

2168 5063 2301 5148 Θεδς
2326 5080 2666 5150 ἀπελαθῆναι
2704 5075 2974 5130 ἐντεῦθεν.
3010 5070 3345 5142 Προσφάτως
3373 5063 3441 5137 ἦν
3473 5066 3744 5120 ἀναπνεύο

2171 5192 2310 5231 σασα
2334 5176 2367 5246 ή
2396 5170 2692 5242 Ἐκκλησία
2711 5188 2725 5202 -
2757 5165 2870 5238 εἶχε
2901 5163 3251 5237 παραμυθίαν
3273 5161 3334 5214 οὐ
3355 5160 3453 5230 τὴν
3475 5159 3744 5230 τυχοῦσαν

2167 5269 2265 5337 τὴν
2298 5263 2618 5320 ἐπιστασίαν
2656 5261 2753 5332 τὴν
2775 5259 2984 5314 ἐκείνου
3007 5274 3020 5288 ·
3047 5254 3379 5324 πανταχόθεν
3409 5251 3586 5322 αὐτὴν
3614 5251 3746 5304 ἐτεί⁴

2168 5357 2339 5428 χιζεν,
2365 5352 2584 5408 καὶτῶν
2617 5349 2890 5420 πολεμίων
2923 5348 3020 5410 τάς
3046 5343 3348 5416 προσϐολὰς
3379 5342 3742 5413 ἀπεκρούετο.

2238 5443 2395 5504 Τίνος
2439 5436 2530 5494 οὖν
2577 5439 2763 5491 ἐνεκεν
2808 5434 3144 5500 ἐξεϐάλλετο,
3174 5431 3266 5485 καὶ
3307 5427 3610 5497 συνεχώρει
3637 5429 3745 5488 τοῖς

2169 5537 2474 5603 ἀπάγουσιν
2501 5531 2675 5594 ,αὑτὸν
2701 5533 2729 5583 6
2757 5525 2888 5591 Θεύς
2913 5544 2927 5592 ;
2957 5525 3100 5587 τίνος
3136 5524 3320 5575 ἕνεκεν
3346 5538 3360 5585 ;
3394 5519 3508 5572 Καὶ
3545 5520 3624 5589 μή
3669 5533 3740 5567 τοι

2169 5629 2425 5699 νομίσητε
2447 5626 2651 5696 ταύτης
2679 5623 2780 5693 τῆς
2803 5619 3032 5690 ἀπορίας
3061 5615 3214 5667 λύσιν
3246 5609 3383 5666 εἶναι
3418 5610 3482 5663 16
3513 5610 3740 5679 λεγόμε-

2172 5697 2260 5778 νον
2287 5697 2452 5790 μόνης
2472 5733 2488 5750 '
2521 5717 2656 5773 ἀλλά
2692 5715 2791 5770 κᾶν
2818 5710 2951 5782 πρὸς
2984 5706 3268 5777 Ἕλληνας,
3297 5700 3400 5756 κᾶν
3596 5699 3739 5771 αἰρε-
