3860 6286
3267 294 3370 352 6οΞ

1792 419 2148 488 respiraraut,
2197 433 2369 489 neque
2410 417 2629 473 multum
2667 416 2947 475 emuxerat
2990 426 3184 490 tempou
3199 420 3273 483 is,
3304 436 3369 476 ex

1790 525 1894 579 quo
1922 511 2118 580 templa
2157 511 2334 565 omnia
2362 510 2539 564 clausa
2564 551 2579 574 ,
2618 509 2801 565 altaria
2842 510 3097 565 exstincta
3128 509 3365 575 fuerant,

1789 609 1841 654 et
1866 600 2167 655 daemonum
2195 600 2368 655 rabies
2396 600 2570 655 omnis
2600 599 2794 667 deleta,
2824 600 3042 670 haecque
3071 600 3367 670 improbum

1789 690 2088 745 dmmonem
2127 690 2266 745 male
2309 690 2608 758 habebant,
2661 706 2836 760 neque
2882 706 3065 761 pacem
3115 691 3368 746 Ecclesiae

1787 795 1942 849 {equo
1965 781 2145 836 animo
2171 780 2309 837 ferre
2335 790 2541 851 poterat
2559 800 2573 837 :
2591 783 2716 853 quid
2747 797 2873 852 ergo
2915 781 3079 836 facit?
3102 781 3257 836 Aliud
3290 782 3369 835 in-

1786 869 1890 925 fert
1933 870 2131 925 bellum
2175 870 2444 926 infestum.
2487 871 2620 927 Nam
2662 871 2789 927 illud
2827 872 3038 942 quidem
3087 883 3366 927 externum

1787 959 1905 1026 fuit,
1933 960 2035 1015 hoc
2061 978 2191 1017 vero
2215 962 2558 1018 intestinum:
2582 964 2702 1018 talia
2729 979 2889 1033 porro
2911 965 3077 1018 multo
3102 964 3366 1017 difﬁcilius

1786 1062 2185 1122 praecaventur,
2215 1064 2267 1111 et
2298 1054 2451 1110 facile
2471 1070 2565 1111 eos
2590 1055 2914 1126 opprimunt,
2944 1056 2995 1109 in
3027 1070 3159 1126 quos
3184 1056 3365 1110 incur-

1784 1151 1928 1199 runt.

1855 1234 2149 1290 Eustathius
2161 1236 2483 1291 Amice/teme
2498 1247 2600 1290 tum
2616 1235 2856 1291 Ecclesite
2878 1238 2973 1308 fuit
2993 1238 3275 1307 episcopus.
3294 1267 3366 1278 —-

1785 1323 1881 1379 lllo
1930 1327 2105 1395 itaque
2147 1336 2384 1397 tempore
2424 1329 2713 1383 Eeclesiam
2740 1370 2753 1392 ,
2788 1344 2904 1398 qua:
2944 1328 3081 1398 apud
3123 1345 3221 1384 nos
3247 1337 3361 1393 est,

1781 1416 1997 1485 regebat
2040 1417 2226 1471 beatus
2274 1419 2412 1483 iste,
2470 1433 2531 1473 ac
2579 1418 2796 1472 morbus
2838 1428 3054 1473 exortus
3094 1427 3175 1472 est
3213 1418 3363 1487 quasi

1779 1507 1943 1576 pestis
1964 1508 2206 1576 quaedam
2235 1509 2423 1563 infesta
2461 1509 2529 1562 ab
2553 1508 2767 1579 Egypti
2799 1509 3121 1577 regionibus,
3150 1510 3237 1578 qui
3268 1525 3366 1578 per

1780 1596 1941 1650 urbes
1974 1597 2275 1666 intcrjectas
2318 1607 2588 1668 grassatus
2628 1598 2679 1652 in
2720 1609 2957 1652 nostram
2986 1599 3169 1652 urbem
3199 1599 3365 1667 impe-

1 286 169 345 σοι
1095 300 1160 354 ΙΝ
1199 301 1254 355 S.
1297 301 1733 359 EUSTATHIUM
1800 301 2311 361 ANTIOCHENUM.

1 415 282 458 eorum
322 404 456 460 odor
497 405 549 460 in
591 409 765 472 vicos,
794 408 1135 479 angiportus,
1166 422 1217 467 et
1246 411 1381 481 fora,
1407 414 1484 469 eis
1513 416 1674 471 etiam

1 493 159 558 ιιιιί
200 493 346 550 foris
371 497 664 564 ambulant,
694 500 834 554 intus
864 503 1146 570 repositam
1183 513 1480 559 aromatum
1514 506 1681 560 virtu-

4 590 184 639 tem
221 587 451 643 indicat.
477 589 627 656 Quod
658 590 702 644 si
729 590 868 656 fons,
896 601 949 646 et
974 593 1141 659 radix,
1170 604 1225 649 et
1253 595 1501 650 arborum
1522 605 1683 667 atque

8 688 493 746 unguentorum
534 689 718 736 natura
756 691 952 737 tantam
982 685 1087 738 vim
1118 685 1343 753 habent,
1372 687 1542 742 multo
1570 702 1685 741 ma~

8 768 147 834 gis
188 779 511 825 sanctorum
540 786 783 841 corpora.
818 774 1103 830 Enimvero
1130 776 1257 831 falsa
1285 793 1389 832 non
1421 794 1539 833 esse
1561 794 1680 849 quae

14 865 349 934 dicimus,
379 884 474 922 vos
505 868 632 923 mihi
660 879 822 925 testes
844 871 993 926 estis.
1020 870 1148 925 Nam
1182 873 1431 943 martyris
1467 872 1680 943 quidem

12 958 254 1011 situm
286 969 367 1013 est
397 974 590 1029 corpus
620 960 671 1015 in
702 960 925 1016 Thracia
948 1004 962 1028 ,
995 977 1089 1017 vos
1112 971 1289 1018 autem
1320 963 1409 1033 qui
1437 963 1488 1017 in
1516 963 1682 1017 Thra-

16 1050 146 1102 cia
187 1065 309 1105 non
338 1052 623 1107 versamini
648 1095 663 1119 ,
691 1054 784 1108 sed
812 1054 877 1109 ab
900 1055 984 1108 illa
1019 1057 1234 1125 regione
1255 1057 1479 1110 multum
1507 1055 1678 1110 dissiti

22 1141 216 1195 estis
243 1184 257 1207 ,
286 1157 505 1199 suavem
530 1145 749 1199 odorem
777 1147 935 1201 tantis
973 1147 1159 1217 spatiis
1188 1148 1476 1217 interjectis
1505 1150 1678 1219 perci-

30 1233 208 1301 pitis
241 1278 256 1301 ,
294 1236 523 1306 ideoque
544 1239 898 1304 convenistis,
928 1254 1027 1294 nec
1049 1255 1171 1295 eum
1198 1241 1296 1295 vite
1324 1240 1680 1311 longinquitas

28 1324 407 1393 impedivit,
436 1343 536 1382 nec
573 1326 891 1383 diuturnitas
933 1332 1185 1399 temporis
1227 1330 1501 1386 exstinxit.
1532 1330 1679 1384 Talis

34 1418 236 1470 enim
270 1419 627 1487 spiritualium
665 1430 811 1476 recte
842 1420 1102 1477 laetorum
1150 1431 1231 1478 est
1276 1432 1502 1477 natura:
1531 1424 1677 1477 nullo

31 1519 354 1575 corporeo
398 1508 799 1579 interrumpitur
824 1511 1127 1575 obstaculo,
1162 1512 1255 1566 sed
1300 1512 1457 1567 ﬂoret
1478 1521 1530 1567 et
1559 1527 1674 1566 cre-

34 1598 177 1651 scit
208 1597 269 1652 in
293 1598 409 1653 dies
432 1641 446 1665 ,
475 1615 697 1669 eamque
727 1616 825 1657 nec
853 1602 1208 1673 longinquitas
1238 1604 1491 1673 temporis
1531 1602 1677 1658 labe-

42 1688 256 1743 factat
277 1732 293 1757 ,
322 1706 421 1746 nec
450 1692 783 1746 intervallum
810 1693 1015 1747 itineris
1044 1693 1365 1748 intercludit.

140 1779 444 1851 ﬂlartyrem
469 1800 569 1836 non
596 1784 706 1838 sola
733 1800 868 1837 mors
894 1785 1033 1854 facit.
1054 1784 1312 1856 —Neque
1330 1800 1456 1839 vero
1472 1783 1662 1839 mirum

42 1871 241 1926 vobis
269 1873 538 1939 videatur,
580 1873 720 1944 quod
752 1876 865 1943 ipso
897 1876 947 1930 in
978 1876 1159 1930 limine
1185 1877 1441 1932 orationis
1466 1891 1527 1931 ac
1553 1875 1672 1930 lau-

42 1963 322 2019 dationis
348 1974 589 2019 sanctum
616 1976 902 2035 martyrem
930 1966 1264 2039 appellarim,
1296 1968 1555 2037 siquidem
1577 1972 1673 2023 sua

44 2065 258 2110 morte
306 2057 548 2111 sublatus
586 2074 616 2112 e
657 2058 789 2113 vivis
813 2068 930 2113 est:
954 2060 1042 2130 qui
1074 2069 1246 2129 potest
1282 2059 1441 2131 igitur
1470 2070 1672 2132 martyr

45 2149 245 2203 esse?
275 2149 655 2219 Saepenumero
684 2151 792 2205 dixi
819 2152 968 2206 vobis
990 2192 1006 2218 ,
1047 2160 1330 2224 martyrem
1357 2152 1533 2208 facere
1564 2169 1670 2208 non

50 2248 317 2293 mortem
357 2248 557 2294 tantum
581 2282 595 2305 ,
627 2242 720 2297 sed
745 2242 906 2296 animi
937 2257 1145 2312 quoque
1172 2242 1499 2312 propositum
1526 2260 1539 2298 :
1563 2260 1667 2298 non

45 2332 223 2383 enim
248 2338 447 2385 eventu
466 2332 601 2394 solo,
624 2331 718 2387 sed
738 2332 898 2387 etiam
923 2333 1192 2387 voluntate
1211 2334 1449 2404 martyrii
1470 2348 1667 2389 corona

41 2432 445 2491 comparatur.
478 2423 543 2477 Et
571 2424 706 2477 hanc
730 2438 833 2477 non
866 2439 985 2493 ego,
1011 2423 1104 2477 sed
1126 2424 1319 2479 Paulus
1344 2423 1495 2479 aﬁ‘ert
1523 2441 1668 2480 mar-

45 2515 195 2584 tyrii
253 2514 653 2581 deﬁnitionem,
701 2530 818 2569 cum
877 2516 947 2569 ita
994 2515 1155 2583 dicit,
1202 2515 1437 2583 Quotidie
1481 2518 1670 2571 morior

43 2607 125 2679 (Ι.
154 2605 291 2661 Cor.
318 2607 402 2661 15.
434 2604 548 2677 51.)
579 2606 857 2673 Quomodo
883 2607 1115 2676 quotidie
1148 2607 1408 2662 moreris?
1434 2608 1523 2678 qui
1555 2608 1667 2663 ﬁeri

45 2706 300 2766 potest,
354 2708 409 2751 ut
450 2712 554 2752 uno
582 2712 805 2766 corpore
848 2706 1127 2753 sexcentas
1168 2707 1368 2753 mortes
1400 2699 1666 2770 excipias?

50 2789 366 2858 Proposito
395 2789 643 2843 nimirum
670 2790 869 2857 animi,
901 2790 1069 2861 inquit
1094 2833 1109 2857 ,
1150 2790 1395 2861 quodque
1420 2791 1487 2847 ad
1517 2808 1664 2847 mor-

46 2892 173 2935 tem
212 2881 321 2934 sim
352 2890 583 2949 paratus.
617 2880 691 2935 lta
733 2881 873 2936 Deus
912 2881 1071 2936 etiam
1114 2882 1441 2938 declaravit:
1467 2884 1662 2939 etenim

44 2970 351 3025 Abraham
382 2986 485 3024 non
529 2970 760 3040 gladium
805 2972 1136 3038 cruentavit,
1170 2987 1275 3027 non
1306 2974 1473 3029 altare
1500 2974 1663 3030 rube-

46 3061 219 3127 fecit,
245 3075 354 3114 non
383 3059 527 3115 lsaac
547 3060 840 3130 jugulavit:
865 3062 958 3117 sed
989 3072 1163 3117 tamen
1195 3064 1514 3119 sacriﬁcium
1544 3080 1662 3134 per-

46 3151 216 3205 fecit.
252 3150 384 3219 Quis
410 3149 512 3204 hoc
535 3150 644 3204 ait?
672 3151 762 3207 Ille
789 3153 900 3222 ipse
926 3153 1016 3223 qui
1044 3153 1363 3208 sacriﬁcium
1392 3156 1658 3224 suscepit:

52 3241 195 3296 Non
231 3242 499 3311 pepercisti
538 3242 677 3297 enim
704 3285 719 3308 ,
763 3242 967 3311 inquit,
1004 3244 1112 3312 ﬁlio
1142 3252 1227 3297 tuo
1255 3244 1434 3299 dilecto
1458 3256 1661 3316 propter

46 3352 137 3390 me
166 3333 332 3406 (Gen.
361 3334 451 3387 22.
487 3334 595 3405 η).
626 3336 782 3405 Atqui
812 3336 1139 3395 vivum,eum
1170 3337 1392 3407 recepit,
1425 3345 1478 3390 et
1506 3338 1656 3391 inco-

52 3428 278 3482 lumem
308 3427 519 3481 reduxit
546 3445 560 3481 :
590 3427 858 3497 quomodo
887 3428 1047 3499 igitur
1068 3443 1173 3482 non
1205 3429 1483 3498 pepercit?
1507 3429 1659 3496 Quod

51 3534 171 3573 non
202 3534 273 3572 ex
298 3517 554 3571 factorum
578 3518 743 3582 exitu,
768 3518 861 3572 sed
882 3534 946 3573 ex
972 3519 1136 3576 animi
1156 3520 1438 3584 sententia,
1467 3520 1656 3591 inquit,

51 3614 124 3667 de
155 3610 430 3680 ejusmodi
461 3611 733 3666 sacriﬁciis
757 3611 957 3666 soleam
974 3610 1235 3682 judicare.
1262 3612 1379 3667 Non
1409 3614 1660 3668 mactavit

52 3718 264 3757 manus
291 3744 308 3767 ,
360 3711 415 3756 at
455 3703 698 3757 voluntas
740 3704 988 3757 mactavit
1020 3721 1033 3756 :
1067 3718 1172 3757 non
1228 3703 1458 3774 gladium
1506 3705 1658 3775 pueri

48 3794 255 3865 jugulo
285 3793 578 3857 immersit,
625 3808 728 3848 non
760 3793 1018 3847 cervicem
1056 3793 1272 3859 incidit;
1315 3793 1409 3849 sed
1446 3803 1528 3851 est
1568 3809 1657 3849 sa-

51 3884 634 3941 criﬁciutuetiamsine
656 3883 929 3952 sanguine.
950 3882 1135 3938 Sciunt
1161 3884 1257 3950 illi,
1281 3886 1367 3957 qui
1392 3886 1658 3956 mysteriis

56 3975 264 4029 initiati
308 3982 462 4039 sunt,
495 3974 622 4043 quid
657 3972 926 4027 dicamus:
947 3983 1227 4044 propterea
1257 3983 1311 4031 et
1340 3975 1464 4029 illud
1494 3976 1659 4030 sacri-

57 4068 252 4123 ﬁcium
298 4065 414 4119 sine
459 4065 713 4134 sanguine
741 4065 1037 4134 perfectum
1063 4074 1177 4132 est,
1220 4066 1470 4136 quoniam
1500 4067 1659 4137 hujus

59 4161 241 4230 ﬁgura
272 4171 391 4212 esse
415 4156 618 4211 debuit.
650 4157 811 4213 Vides
850 4159 903 4212 in
923 4158 1100 4213 Veteri
1139 4158 1483 4215 Testamento
1521 4161 1657 4217 ima-

58 4251 251 4319 ginem
299 4247 467 4302 multo
492 4256 616 4303 ante
657 4246 1057 4303 adumbratam?
1088 4247 1205 4302 Noli
1252 4250 1459 4305 veritati
1496 4250 1655 4306 ﬁdem

60 4343 360 4409 denegare.
890 4398 893 4401 γ

134 4433 195 4485 5.
229 4430 327 4483 llic
366 4428 541 4500 itaque
579 4439 783 4501 martyr
812 4430 1130 4502 (martyrem
1160 4432 1301 4486 enim
1340 4431 1493 4488 nobis
1534 4448 1654 4489 eum

60 4527 208 4582 ratio
240 4523 644 4594 demonstravit)
666 4524 731 4577 ad
753 4532 1031 4579 sexcentos
1057 4532 1256 4579 mortes
1281 4533 1496 4594 paratus
1520 4536 1651 4590 erat,

64 4626 121 4669 et
148 4628 345 4668 omnes
373 4613 490 4667 illas
509 4614 780 4669 voluntate
799 4614 1067 4685 animique
1089 4614 1357 4669 alacritate
1381 4617 1653 4671 toleravit:

63 4713 280 4765 intenta
306 4718 433 4757 vero
473 4704 705 4772 pericula
737 4704 997 4773 permulta
1042 4704 1216 4773 reipsa
1248 4720 1458 4776 quoque
1499 4709 1660 4763 susti-

64 4794 210 4847 nuit.
250 4790 383 4846 Nam
429 4802 481 4847 et
506 4809 535 4845 e
564 4793 730 4861 patria
757 4808 877 4847 eum
906 4792 1207 4862 ejecerunt,
1239 4803 1396 4865 atque
1434 4796 1485 4851 in
1514 4798 1657 4853 exsi-

67 4888 206 4940 lium
256 4884 595 4953 relegarunt,
652 4885 859 4954 aliaque
908 4885 1072 4939 multa
1129 4894 1241 4941 tum
1295 4887 1548 4957 temporis
1604 4888 1656 4943 in

66 4980 290 5034 beatum
322 4977 468 5031 illum
496 4978 780 5032 machinati
812 4988 964 5041 sunt;
998 4978 1206 5033 tametsi
1246 4979 1385 5049 quod
1426 4979 1502 5034 illi
1536 4980 1658 5049 jure

66 5068 287 5124 crimini
317 5077 605 5135 verterent,
637 5069 770 5123 nihil
812 5069 1090 5136 haberent,
1123 5070 1217 5125 sed
1245 5070 1407 5141 quod,
1439 5072 1656 5128 Paulum

68 5162 344 5215 dicentem
371 5175 490 5215 cum
520 5160 778 5215 audiisset
801 5202 816 5229 ,
847 5160 1120 5216 Cotuerunt
1148 5172 1196 5217 et
1222 5162 1495 5218 servierunt
1520 5181 1660 5218 crea-

68 5261 203 5304 tura:
230 5251 395 5319 potius
423 5267 572 5319 quam
613 5262 825 5305 creator:
865 5251 1039 5323 (Rom.
1074 5252 1125 5306 i.
1156 5251 1246 5324 25)
1271 5293 1286 5319 ,
1334 5253 1657 5323 impietatem

70 5359 135 5396 ac
164 5342 344 5396 scelus
373 5343 599 5397 evitaret
622 5361 635 5398 :
659 5351 712 5397 at
740 5344 879 5398 enim
913 5343 1013 5399 hoc
1051 5345 1261 5414 quidem
1293 5360 1518 5409 corona,
1553 5362 1657 5402 non

72 5430 497 5499 reprehensione
518 5432 732 5501 dignum
759 5443 892 5488 erat.
917 5434 995 5488 Tu
1017 5450 1139 5488 vero
1161 5435 1353 5491 diaboli
1380 5437 1655 5506 malitiam,

73 5536 283 5591 qumso,
317 5521 609 5591 perpende.
638 5522 768 5577 Nam
797 5526 919 5593 quia
955 5539 1057 5578 non
1099 5526 1166 5578 ita
1201 5528 1400 5595 pridesu
1430 5544 1659 5599 pagano-

75 5628 195 5666 rum
224 5611 419 5665 hellum
451 5610 624 5667 fuerat
659 5615 974 5671 exstinctum
996 5658 1010 5681 ,
1056 5626 1107 5669 et
1149 5631 1177 5668 a
1215 5618 1460 5687 gravibus
1486 5621 1656 5673 conti-

76 5705 298 5776 nuisque
330 5706 827 5777 persequutionibus
855 5708 1010 5781 paulo
1040 5718 1161 5765 ante
1187 5726 1370 5768 omnes
1403 5712 1655 5771 Ecclesia:

1780 1696 1890 1741 tum
1921 1686 2097 1744 facere
2124 1690 2459 1758 properabat.
2502 1691 2571 1743 At
2614 1689 2703 1743 ille
2732 1690 2954 1759 vigilans
2994 1699 3048 1744 et
3092 1698 3363 1755 attentus,

1777 1779 2060 1849 omniaque
2091 1772 2387 1849 praevidens
2410 1797 2528 1851 qua:
2556 1781 2905 1836 imminebant
2925 1825 2937 1844 .
2966 1784 3217 1849 ingruens
3242 1784 3355 1839 bel-

1775 1870 1885 1924 lum
1918 1870 2131 1924 arcebat
2161 1888 2174 1924 :
2200 1878 2254 1923 et
2296 1878 2565 1940 tamquam
2609 1872 2822 1940 sapiens
2862 1873 3053 1942 aliquis
3083 1874 3318 1927 medicus
3342 1917 3359 1940 ,

1776 1963 2083 2033 priusquam
2116 1962 2332 2018 morbus
2360 1962 2577 2030 urbem,
2607 1964 2658 2017 in
2686 1980 2789 2034 qua
2818 1965 3099 2029 residebat,
3131 1967 3360 2022 invasis-

1775 2062 1888 2118 set,
1922 2056 2310 2111 mcdicamenta
2340 2057 2718 2127 comparabat,
2750 2073 2813 2111 ac
2852 2074 3056 2111 sacram
3095 2059 3232 2113 hanc
3262 2076 3357 2112 na-

1774 2162 1892 2202 vem
1922 2148 2086 2202 multa
2117 2163 2237 2202 cum
2266 2149 2551 2203 securitate
2576 2148 2923 2219 gubernabat,
2954 2166 3357 2220 quoquoversus

1773 2241 2223 2306 circumcursans,
2251 2249 2441 2296 nautas
2462 2282 2474 2305 ,
2502 2247 2747 2296 vectores
2772 2282 2786 2306 ,
2834 2241 3143 2311 navigantes
3170 2257 3358 2296 omnes

1772 2332 2083 2395 concitans,
2129 2339 2182 2385 et
2223 2346 2414 2386 curans
2458 2340 2515 2385 ut
2559 2331 2838 2401 vigilarent
2881 2341 2935 2386 et
2981 2331 3354 2396 attendercnt,

1771 2423 1919 2490 quasi
1946 2422 2055 2491 jam
2085 2422 2397 2477 invaderent
2425 2437 2541 2476 eam
2573 2422 2775 2491 piratzn.
2803 2438 2866 2477 ac
2897 2422 3021 2477 ﬁdei
3049 2422 3353 2477 thesaurum

1770 2511 2153 2566 contenderent
2182 2510 2500 2582 deprtedari.
2524 2511 2706 2581 Neque
2727 2528 2854 2567 vero
2880 2512 2963 2567 hic
2987 2522 3186 2567 tantum
3219 2514 3356 2569 hanc

1768 2617 1953 2656 curam
1983 2602 2257 2669 adhibuit,
2305 2602 2399 2657 sed
2443 2602 2494 2656 in
2544 2598 2732 2658 Omnes
2768 2612 2950 2673 partes
2994 2604 3235 2658 mittebat
3263 2606 3352 2674 qui

1769 2693 2056 2761 docerent,
2100 2696 2188 2765 qui
2234 2696 2679 2762 cohortarentur,
2720 2696 2808 2766 qui
2853 2697 3217 2767 dispularent,
3263 2699 3351 2767 qui

1768 2787 2013 2845 hostibus
2040 2789 2239 2843 aditum
2269 2804 2482 2844 omnem
2510 2789 2948 2844 intercluderent.
2981 2790 3153 2845 Probe
3185 2790 3352 2859 siqui-

1769 2881 1891 2937 dem
1923 2897 1951 2936 a
1980 2882 2205 2952 Spiritus
2232 2884 2402 2952 gratia
2440 2882 2612 2937 fuerat
2638 2882 2859 2937 edoctus
2878 2923 2892 2944 ,
2934 2883 3186 2940 Ecclesiae
3210 2898 3352 2952 pra:-

1766 2973 1937 3028 sulem
1982 2989 2087 3029 non
2129 2972 2196 3028 de
2241 2973 2327 3027 illa
2383 2982 2584 3027 tantum
2631 2972 2916 3027 sollicitum
2953 2987 3073 3027 esse
3116 2972 3350 3041 debere,

1764 3080 1881 3135 quae
1908 3080 1938 3119 a
1968 3065 2167 3135 Spiritu
2194 3073 2377 3121 sancto
2404 3065 2476 3119 illi
2505 3064 2787 3119 commissa
2815 3070 2897 3118 est
2917 3105 2932 3131 ,
2978 3063 3069 3119 sed
3095 3064 3251 3118 etiam
3282 3063 3351 3119 de

1764 3158 1949 3227 quavis
2001 3158 2052 3212 in
2090 3158 2218 3212 orbe
2256 3165 2515 3212 terrarum
2564 3155 2851 3209 constituta
2886 3172 2899 3207 :
2930 3163 3087 3223 atque
3126 3154 3226 3209 hoc
3264 3154 3352 3209 ille

1764 3249 1930 3303 sacris
1969 3264 2000 3303 e
2037 3247 2284 3318 precibus
2330 3246 2634 3316 colligebat.
2686 3244 2744 3299 Si
2791 3245 2932 3299 enim
2974 3260 3070 3313 pro
3106 3245 3348 3299 universa

1763 3340 2025 3405 Ecclesia,
2055 3340 2247 3410 inquit,
2280 3338 2558 3394 fundendae
2580 3345 2705 3393 sunt
2728 3352 2933 3406 preces,
2957 3352 3075 3406 qua:
3101 3351 3128 3388 a
3159 3335 3349 3391 ﬁnibus

1764 3432 1830 3486 ad
1860 3432 1991 3487 ﬁnes
2019 3448 2187 3501 usque
2212 3432 2442 3502 pertinet
2471 3431 2617 3485 orbis
2644 3438 2907 3484 terrarum
2929 3469 2944 3494 ,
2987 3428 3158 3482 multo
3182 3427 3350 3495 magis

1761 3530 1813 3577 et
1842 3523 1957 3590 ejus
1985 3524 2244 3578 universae
2269 3537 2455 3592 gerere
2475 3536 2655 3576 curam
2686 3527 2915 3589 oportet,
2945 3519 3083 3574 etde
3104 3518 3351 3574 omnibus

1760 3615 1960 3686 pariter
1989 3630 2108 3672 esse
2130 3616 2437 3675 sollicitum,
2456 3613 2700 3667 omnibus
2731 3612 3026 3683 providere.
3051 3610 3201 3680 Quod
3223 3624 3350 3678 ergo

1762 3707 1812 3760 in
1857 3706 2125 3777 Stephano
2169 3706 2388 3771 accidit,
2437 3706 2486 3759 id
2517 3707 2566 3760 in
2596 3720 2661 3760 eo
2691 3705 2849 3759 etiam
2881 3703 3076 3758 evenit.
3106 3702 3174 3758 Ut
3204 3703 3345 3757 enim

1760 3795 1926 3851 Judaei
1954 3812 2074 3851 eum
2103 3796 2355 3865 Stephani
2387 3796 2661 3864 sapientia:
2689 3810 2793 3848 non
2821 3802 3039 3863 possent
3066 3792 3337 3858 resistere,

1760 3894 2002 3941 sanctum
2036 3886 2181 3941 illum
2214 3885 2520 3954 lapidabant
2543 3903 2556 3939 :
2581 3886 2657 3940 sic
2698 3892 2751 3939 et
2793 3883 2877 3938 isti
2919 3898 3037 3937 cum
3069 3882 3224 3949 hujus
3254 3897 3345 3935 sa-

1760 3979 1972 4048 pientiae
2010 3976 2259 4033 resistere
2301 3992 2404 4030 non
2442 3983 2686 4045 possent,
2732 3989 2796 4029 ac
2837 3974 3035 4028 munita
3063 3981 3347 4029 cernerent

1760 4069 2149 4140 propugnacula
2174 4110 2189 4133 ,
2238 4076 2345 4122 tum
2389 4083 2420 4122 e
2457 4067 2676 4121 civitate
2719 4080 3018 4136 praeconem
3052 4065 3341 4133 expellunt.

1760 4163 1829 4216 At
1855 4162 1995 4215 enim
2020 4176 2122 4215 vox
2150 4158 2369 4213 minime
2395 4156 2622 4221 tacebat,
2649 4157 2742 4211 sed
2770 4157 2892 4210 licet
2920 4156 3081 4209 homo
3111 4156 3343 4224 expelle-

1759 4260 1928 4315 retur,
1949 4266 2052 4304 non
2072 4249 2435 4319 expellebatur
2448 4262 2626 4302 sermo
2638 4247 2909 4302 doctrinae.
2926 4247 3054 4302 Nam
3079 4257 3130 4301 et
3150 4248 3345 4302 Paulus

1760 4344 2005 4413 alligatus
2048 4352 2192 4408 erat,
2241 4341 2332 4396 sed
2379 4340 2598 4395 verbum
2646 4340 2737 4394 Dei
2781 4355 2886 4393 non
2923 4348 3038 4394 erat
3074 4339 3343 4409 alligatum

1761 4435 1837 4499 (2.
1868 4434 2004 4488 Tim.
2038 4433 2101 4487 2.
2125 4434 2179 4503 9)
2199 4452 2210 4487 :
2230 4442 2283 4487 et
2325 4433 2412 4488 hic
2441 4447 2658 4501 peregre
2686 4439 2801 4486 erat
2824 4472 2838 4496 ,
2859 4440 2914 4486 et
2954 4430 3195 4485 doctrina
3224 4430 3339 4500 ejus

1761 4527 1897 4596 apud
1928 4541 2026 4581 nos
2054 4534 2188 4580 erat.
2225 4524 2578 4593 Erumpentes
2606 4539 2733 4592 ergo
2762 4524 3044 4592 constipati
3075 4532 3347 4593 tamquam

1761 4621 2027 4676 violentus
2077 4618 2289 4689 quidam
2343 4628 2552 4673 torrens
2613 4618 2868 4687 impetum
2926 4618 3193 4679 fecerunt;
3249 4616 3351 4670 sect

1761 4728 1933 4783 neque
1967 4713 2172 4782 plantas
2213 4712 2519 4779 vulserunt,
2568 4727 2742 4781 neque
2798 4709 2975 4781 fruges
3016 4710 3352 4771 obruerunt.

1762 4820 1933 4874 neque
1955 4813 2158 4873 segetes
2183 4810 2460 4858 vastarunt
2484 4821 2497 4857 :
2526 4812 2630 4857 tam
2659 4803 2870 4872 egregie
2892 4844 2908 4869 ,
2954 4812 3059 4857 tam
3087 4802 3258 4873 perite
3280 4803 3357 4855 ab

1762 4897 1877 4968 ejus
1893 4896 2149 4967 sapientia
2168 4897 2389 4952 excultze
2408 4895 2669 4949 radicibus
2689 4896 2809 4950 ﬁxis
2824 4894 3111 4950 hmrebant.
3132 4895 3359 4949 Verum

1762 4992 2032 5046 enimvero
2058 4990 2339 5045 dicendum
2370 4988 2520 5043 uobis
2566 4997 2666 5047 est.
2698 5003 2799 5058 qua
2849 4986 2915 5041 de
2961 5002 3118 5041 causa
3151 4985 3356 5054 permio

1763 5081 1894 5137 serit
1918 5081 2061 5134 illum
2096 5079 2233 5133 Deus
2260 5079 2382 5133 hinc
2411 5079 2624 5150 expelli.
2660 5078 2941 5147 Respirare
2968 5084 3203 5144 emperat
3227 5090 3341 5128 non.

1764 5175 1835 5229 ita
1869 5173 2069 5242 pridem
2106 5172 2343 5227 Ecclesia
2370 5215 2384 5237 ,
2417 5188 2591 5242 neque
2622 5173 2942 5227 mediocrem
2974 5170 3069 5239 ipsi
3097 5168 3349 5223 consola-

1766 5265 1961 5321 tionem
1992 5265 2130 5318 illius
2158 5264 2395 5334 regimen
2419 5263 2675 5319 afferebat
2695 5282 2707 5315 :
2729 5262 2959 5333 undique
2981 5261 3121 5314 illam
3145 5258 3349 5312 munie-

1765 5358 1875 5423 bat,
1908 5366 1955 5412 el
1983 5356 2212 5411 hostium
2241 5357 2467 5425 impetus
2495 5356 2856 5426 propulsabat.

1837 5446 1938 5503 Cur
1962 5449 2014 5502 in
2054 5448 2291 5501 exsilium
2334 5449 2463 5500 mitti
2508 5447 2831 5500 Enstathium
2880 5442 3157 5514 permiserit
3187 5440 3353 5499 Deus.

1767 5569 1839 5580 —-
1865 5538 1973 5593 Cur
2002 5538 2159 5607 igitur
2206 5548 2288 5593 est
2326 5538 2543 5608 ejectus,
2575 5547 2628 5592 et
2674 5537 2774 5591 hoc
2806 5537 2910 5590 illis
2953 5533 3210 5604 permisit,
3256 5532 3351 5602 qui

1768 5628 1892 5682 hinc
1916 5644 2034 5682 eum
2062 5629 2389 5699 ablegarunt,
2413 5628 2753 5696 Deus?quam
2776 5626 2987 5681 tandem
3011 5624 3078 5677 oh
3095 5639 3306 5678 causam
3322 5623 3358 5677 ?

1769 5716 1942 5775 Nolite
1972 5726 2146 5775 autem
2174 5718 2440 5786 arbitrari,
2474 5719 2613 5790 quod
2643 5734 2781 5777 nunc
2812 5726 3101 5774 tractamus
3120 5757 3135 5786 ,
3181 5714 3355 5772 solius
