3860 6286
507 363 618 416 ωδ

515 474 824 544 quzestionis
847 475 1004 546 hujus
1030 489 1146 530 esse
1171 476 1522 541 solutionem;
1553 475 1647 529 sed
1675 475 1786 528 sive
1829 489 1950 528 cum
2000 489 2092 543 pa-

517 566 692 634 ganis,
726 565 837 619 sive
866 581 986 618 eum
1021 563 1286 618 haereticis
1313 580 1340 617 a
1366 565 1516 619 vobis
1539 564 1606 618 de
1641 564 1801 619 rebus
1830 563 2093 632 ejusmodi

518 671 694 709 sermo
715 655 822 722 fiat,
847 655 913 709 ad
969 671 1181 708 omnem
1227 654 1534 709 solvendam
1565 655 1914 724 quaestionem
1945 653 2096 707 suffi-

515 751 622 803 ciet
648 749 787 819 quod
817 749 1074 804 dicemus.
1109 749 1250 802 Deus
1276 748 1490 818 quidem
1510 763 1690 802 veram
1719 763 1867 802 suam
1891 755 1943 801 et
1970 761 2099 815 apo-

517 841 758 894 stolicam
785 839 940 892 fidem
971 840 1022 892 in
1053 838 1234 892 multis
1263 839 1558 909 oppugnari
1599 838 1851 908 permittit
1877 855 1890 903 ;
1920 837 2095 891 haere-

520 947 606 986 ses
660 940 834 986 autem
874 940 1030 1001 atque
1064 931 1430 1001 paganismum
1486 933 1670 985 secura
1719 930 2100 1000 tranquillitate

520 1024 718 1094 perfrui
743 1026 886 1079 sinit.
939 1025 1074 1092 Quid
1102 1024 1211 1078 ita?
1243 1024 1309 1080 Ut
1337 1025 1548 1080 illorum
1576 1023 1790 1094 quidem
1818 1022 2103 1077 infirmita-

523 1127 629 1171 tem
653 1117 844 1182 discas,
877 1132 995 1186 qua:
1038 1132 1158 1170 cum
1190 1116 1408 1170 minime
1435 1115 1772 1182 divexentur,
1795 1123 1986 1184 sponte
2010 1113 2102 1167 de-

520 1215 830 1272 struantur;
858 1206 978 1261 ﬁdei
1008 1223 1132 1261 vero
1179 1208 1430 1262 virtutem
1480 1221 1738 1276 agnoscas
1761 1249 1774 1270 ,
1812 1222 1931 1276 qua:
1976 1205 2101 1259 dum

519 1307 872 1366 oppugnatur,
904 1313 1088 1351 eorum
1115 1312 1276 1367 opera
1302 1299 1391 1369 qui
1435 1313 1494 1352 se
1540 1297 1614 1352 illi
1643 1307 1918 1366 Opponunt
1945 1312 2106 1366 auge-

516 1399 626 1442 tur.
660 1389 811 1457 Quod
866 1399 1041 1443 autem
1082 1405 1187 1442 non
1229 1404 1346 1443 mea
1376 1387 1579 1442 sithaec
1620 1387 1952 1456 conjectura,
2007 1385 2102 1440 sed

517 1481 758 1534 divinum
791 1496 853 1534 ac
883 1480 948 1534 de
976 1479 1107 1534 caelo
1131 1479 1406 1549 delapsum
1450 1494 1764 1548 responsum
1785 1521 1798 1543 ,
1828 1477 2106 1532 audiamus

520 1574 647 1642 quid
673 1573 864 1627 Paulus
896 1573 994 1627 hac
1019 1572 1083 1627 de
1111 1588 1169 1627 re
1193 1572 1333 1626 dicat
1362 1589 1374 1625 :
1405 1587 1526 1626 nam
1559 1580 1611 1626 et
1644 1570 1934 1624 hmnanum
1980 1569 2104 1638 quid

523 1664 810 1734 aliquando
853 1679 1038 1734 passus
1068 1663 1155 1719 hic
1193 1664 1353 1719 etiam
1400 1672 1483 1718 est
1509 1682 1520 1715 :
1549 1663 1673 1717 licet
1721 1663 1862 1715 enim
1913 1660 2104 1714 Paulus

523 1767 696 1822 esset,
747 1765 978 1811 attamen
1009 1766 1210 1810 naturae
1253 1764 1450 1810 nostra:
1496 1755 1760 1823 particeps
1805 1763 1938 1808 erat.
1968 1752 2103 1818 Quid

472 1840 474 1842 ’
524 1864 652 1902 vero
680 1848 806 1902 illud
829 1861 930 1912 est,
961 1847 1100 1918 quod
1131 1855 1211 1902 cst
1241 1846 1465 1916 passus?
1494 1845 1900 1914 Exagitabatur,
1934 1858 2106 1914 oppu-

523 1941 802 2010 gnabatur,
834 1941 993 2012 virgis
1019 1941 1359 2008 credebatur,
1388 1939 1653 1994 sexcentis
1679 1937 1990 1993 insidiarum
2017 1952 2109 2006 ge-

520 2034 740 2088 neribus
786 2033 1153 2103 appetebatur,
1194 2033 1358 2098 intus,
1411 2031 1562 2095 foris,
1611 2030 1766 2084 abiis
1800 2028 1887 2100 qui
1918 2029 2105 2083 dome-

523 2125 640 2178 stici
670 2139 789 2179 esse
821 2124 1152 2189 videbantur,
1183 2122 1249 2177 ab
1275 2123 1481 2176 alienis.
1523 2121 1627 2176 Sed
1677 2121 1802 2190 quid
1851 2134 1985 2187 opus
2025 2126 2109 2173 est

519 2215 964 2282 commemorare,
985 2223 1209 2284 quantas
1226 2213 1538 2267 afﬂictiones
1568 2213 1633 2267 sit
1662 2210 1983 2282 perpessus?
2008 2209 2109 2262 Fa-

524 2307 717 2376 tigatus
743 2307 918 2375 igitur,
954 2319 1052 2358 nec
1080 2305 1308 2374 amplius
1338 2303 1512 2357 ferens
1545 2310 1621 2356 tot
1650 2301 1881 2356 hostium
1922 2301 2107 2354 incur-

521 2397 724 2461 siones,
757 2397 842 2466 qui
874 2409 1086 2464 semper
1118 2394 1233 2463 ejus
1275 2394 1572 2447 doctrinam
1618 2392 2071 2460 interrumpebant
2091 2432 2105 2456 ,

520 2489 746 2558 ejusque
790 2489 956 2542 verbo
982 2485 1432 2552 adversabantur,
1466 2485 1689 2554 supplex
1730 2485 1953 2538 Domino
1986 2499 2108 2553 pro-

525 2579 735 2632 volutus
761 2593 881 2632 cum
908 2578 1221 2642 obtestatur,
1248 2586 1300 2631 et
1330 2577 1422 2639 ait,
1447 2574 1612 2629 Datus
1633 2585 1704 2628 est
1728 2575 1850 2628 milii
1878 2575 2109 2628 stimulus

521 2670 668 2723 carni
685 2667 893 2739 angelus
926 2667 1156 2732 Satanw,
1199 2674 1254 2719 ut
1297 2683 1375 2719 me
1416 2665 1717 2734 colapltizet.
1759 2663 1978 2734 Pr0pter
2015 2665 2110 2717 hoc

523 2769 603 2812 ter
622 2757 897 2810 Dominum
925 2756 1116 2826 rogavi,
1146 2766 1191 2808 et
1229 2757 1356 2809 dixit
1399 2756 1542 2822 milii,
1585 2754 1780 2824 Sufficit
1815 2754 1904 2807 tibi
1945 2754 2109 2824 gratia

527 2867 640 2903 mea
671 2865 690 2902 :
718 2866 836 2902 nam
855 2849 1011 2902 virtus
1039 2865 1148 2902 mea
1174 2848 1225 2900 in
1251 2848 1544 2916 inﬁrmitate
1574 2848 1831 2916 per/icitur
1857 2846 1930 2918 (2.
1963 2847 2081 2901 Cor.
2110 2869 2116 2879 -

530 2941 617 2995 12.
653 2941 683 2993 7
707 2971 732 2980 -
755 2940 831 3011 9).
863 2940 986 2994 Scio
1038 2939 1283 3010 equidem
1323 2938 1583 3008 quosdam
1629 2938 2110 3008 corporisinfirmi-

531 3042 693 3088 tatem
724 3047 843 3087 esse
887 3031 1157 3098 arbitrari,
1199 3030 1292 3086 sed
1326 3046 1433 3085 non
1462 3039 1543 3085 est
1573 3030 1723 3097 illttd,
1755 3045 1972 3101 prorsus
2001 3046 2108 3085 non

525 3135 641 3192 est;
673 3141 856 3180 verum
885 3126 1128 3196 angelum
1159 3123 1371 3179 Satanae
1422 3124 1686 3190 homines,
1727 3125 1817 3194 qui
1855 3124 2108 3179 adversa-

525 3219 738 3284 bantur,
769 3217 1037 3286 appellat:
1063 3216 1185 3271 illud
1203 3216 1368 3284 enim,
1385 3216 1566 3280 Satan,
1591 3231 1693 3270 vox
1719 3224 1801 3271 est
1827 3215 2106 3282 Ilebraica;

529 3327 686 3380 porro
728 3309 889 3365 Satan
941 3311 1134 3366 dicitur
1181 3309 1534 3365 adversarius.
1579 3308 1933 3364 Instrumenta
1981 3323 2110 3379 ergo

527 3403 746 3468 diaboli,
775 3413 828 3457 et
854 3417 948 3457 eos
1000 3402 1263 3468 homines,
1293 3401 1383 3472 qui
1423 3401 1474 3455 ei
1523 3399 1864 3466 famulantur,
1893 3401 2110 3469 angelos

529 3495 648 3562 ejus
674 3494 924 3562 appellat.
957 3493 1064 3547 Cur
1091 3493 1271 3562 igitur,
1319 3493 1458 3548 dicet
1488 3493 1698 3563 aliquis,
1745 3492 1981 3546 additum
2005 3501 2106 3560 est,

529 3584 717 3638 carni?
743 3583 876 3649 Quia
902 3598 1027 3637 caro
1057 3582 1439 3652 ﬂagellabatur,
1473 3585 1650 3637 anima
1695 3599 1823 3638 vero
1867 3583 2110 3639 elevaba-

531 3687 618 3730 tur
642 3690 736 3744 spe
762 3675 1056 3729 futurorum
1084 3685 1280 3729 erecta.
1311 3674 1425 3728 Non
1471 3677 1615 3729 enim
1662 3675 1894 3729 animam
1943 3675 2108 3728 attin-

526 3766 704 3836 gebat,
738 3781 838 3820 nce
867 3765 1147 3820 interiores
1171 3765 1523 3834 cogitationes
1569 3766 1960 3836 supplantabat,
2013 3767 2108 3822 sed

527 3860 660 3912 intra
706 3874 919 3913 carnem
949 3859 1310 3913 consistebant
1350 3866 1612 3913 tormenta
1657 3859 1980 3929 bellumque,
2010 3873 2110 3913 nec

527 3950 670 4003 intus
694 3957 934 4017 poterant
957 3959 1253 4018 penetrare.
1285 3949 1546 4018 Quoniam
1575 3951 1732 4021 igitur
1766 3951 1882 4005 lucc
1925 3951 2102 4006 conci-

525 4041 767 4106 debatur,
801 4042 913 4096 haec
942 4041 1329 4113 ﬂagellabatur,
1357 4041 1470 4097 hcce
1498 4043 1829 4098 vinciebatur
1856 4042 2108 4114 (animam

525 4136 721 4206 quippe
749 4136 911 4205 ligare
940 4151 1098 4192 nemo
1125 4146 1300 4206 potest
1327 4134 1370 4208 ),
1420 4136 1618 4190 idcirco
1644 4136 1791 4201 dicit,
1837 4135 2004 4189 Datus
2038 4145 2109 4190 est

525 4228 647 4280 milii
679 4229 910 4282 stimulus
937 4230 1079 4283 carni
1104 4229 1315 4300 angelus
1361 4229 1591 4296 Satanaz,
1624 4239 1676 4282 ut
1715 4246 1794 4282 me
1829 4229 2109 4298 colaphizet

525 4317 733 4389 (lbid.),
763 4321 1101 4385 tentationes,
1133 4320 1466 4386 afflictioncs,
1491 4319 2106 4390 persequutionesinnu-

524 4426 640 4464 ens.
673 4410 873 4466 Deinde
895 4410 1066 4480 quid?
1098 4409 1316 4480 PrOpter
1347 4412 1441 4463 hoc
1470 4420 1566 4477 (cr,
1611 4411 1801 4480 inquit,
1838 4411 2109 4465 Dominum

525 4503 699 4570 rogavi
729 4518 747 4556 :
773 4501 875 4556 hoc
913 4511 1012 4568 cst,
1065 4517 1434 4570 saepenumero
1479 4512 1724 4572 precatus
1752 4518 1890 4570 sum,
1915 4503 2106 4573 inquit,

525 4603 582 4646 ιιι
631 4609 661 4647 a
695 4594 1071 4648 tentationibus
1117 4595 1396 4663 paululum
1454 4595 1792 4663 reSpirarcm.
1827 4595 1933 4650 Vos
1983 4611 2109 4650 vero

523 4699 699 4738 causae
744 4686 1082 4750 meministis,
1133 4685 1203 4739 ob
1251 4701 1410 4755 qttatn
1465 4685 1630 4740 Deum
1682 4685 1791 4739 dixi
1841 4687 2109 4742 verberari

525 4789 710 4828 servos
732 4790 858 4830 suos
887 4777 1219 4846 permittere,
1244 4776 1445 4842 vexari,
1480 4776 1683 4830 infinita
1716 4778 1854 4831 mala
1879 4779 2105 4848 perpeti,

526 4876 581 4920 ut
621 4866 868 4921 virtutem
914 4883 1062 4922 suam
1090 4868 1353 4924 ostendat.
1390 4869 1525 4924 Ecce
1572 4869 1712 4923 enim
1764 4879 1817 4923 et
1865 4869 1951 4924 hic
1988 4887 2108 4926 cum

527 4967 774 5027 precatus
795 4969 954 5026 esset,
999 4968 1058 5014 ut
1086 4975 1116 5014 a
1139 4976 1198 5015 se
1224 4961 1502 5015 innumera
1537 4961 1672 5014 mala
1712 4960 2026 5018 recederent
2055 4973 2110 5017 et

525 5049 834 5116 adversarii,
864 5066 969 5105 non
997 5051 1224 5106 obtinuit
1251 5052 1391 5123 quod
1421 5051 1670 5124 petebat;
1695 5062 1747 5107 et
1773 5068 1985 5108 causam
2013 5055 2110 5109 ad-

525 5138 641 5206 dit,
689 5139 760 5194 ob
803 5156 960 5210 quam
1011 5156 1116 5196 non
1159 5142 1468 5197 obtinuerit.
1518 5143 1773 5211 Qutenatn
1820 5145 1979 5215 igitur
2026 5155 2110 5200 est

524 5233 730 5286 causa?
762 5233 1056 5290 nibilenim
1089 5235 1334 5305 prohibet
1380 5255 1562 5294 rursus
1611 5255 1728 5295 eam
1781 5255 2104 5295 memorare.

525 5325 742 5394 Sufﬁcit,
771 5325 956 5398 inquit,
993 5328 1079 5382 tibi
1098 5330 1262 5400 gratia
1283 5346 1425 5394 mea;
1454 5331 1609 5383 virtus
1638 5332 1770 5386 enim
1795 5347 1906 5386 mea
1934 5332 1984 5384 in
2025 5332 2106 5384 in-

521 5418 759 5484 ﬁrmitate
777 5429 1053 5488 per/mtur.

599 5509 651 5562 4.
697 5510 857 5566 Vides
901 5512 1100 5567 idcirco
1129 5514 1295 5569 Deum
1323 5515 1628 5584 permittere
1655 5519 1872 5588 angelos
1894 5518 2106 5573 Satana:

521 5616 712 5655 servos
732 5616 854 5656 suos
869 5619 1132 5672 premere,
1153 5614 1204 5657 ct
1221 5615 1465 5660 sexcenta
1485 5606 1583 5661 illis
1602 5609 1809 5678 negotia
1828 5610 2104 5675 exhibere,

525 5701 583 5745 ut
602 5691 765 5760 ipsius
784 5694 950 5750 virtus
966 5696 1256 5766 appareat?
1275 5697 1406 5752 Vere
1425 5713 1652 5768 namque
1671 5700 1782 5754 sive
1801 5716 1920 5756 cum
1944 5715 2106 5771 paga-

522 5785 749 5853 nis,sive
761 5803 878 5842 cum
895 5789 1100 5844 miseris
1115 5788 1308 5846 ludatis
1329 5789 1748 5863 disseramus,ad
1768 5792 1996 5848 divinam
2015 5793 2106 5847 vir-

1257 359 1314 416 S.
1355 359 1630 416 .IOANNIS
1668 357 2140 414 CIIRYSOSTOMI
2180 356 2497 413 ARCIIIEP.
2539 353 3070 412 CONSTANTINOP.

3699 366 3801 420 6'71

2205 481 2367 527 tutem
2381 471 2761 527 ostendendam
2777 472 2879 526 hoc
2895 470 3106 538 sufﬁcit,
3123 471 3264 541 quod
3286 471 3509 526 infinitis
3534 473 3806 540 exagitata

2203 563 2359 618 bellis
2386 563 2516 618 fides
2539 563 2889 631 superaverit,
2920 562 3061 632 quod
3089 562 3340 618 universo
3366 573 3647 618 terrarum
3681 561 3811 614 orbe

2203 664 2551 725 repugnante,
2571 654 2882 724 cunctisque
2906 655 3184 709 duodecim
3203 653 3321 709 illos
3340 653 3599 710 homines
3616 669 3814 722 magna

2205 753 2545 803 contentione
2570 748 2972 818 repellentibus,
3004 747 3250 817 apostoli,
3275 748 3513 818 inquam,
3551 746 3632 800 illi
3655 747 3816 801 brevi

2207 853 2448 912 tempore
2477 842 2640 911 virgis
2661 843 2806 907 crcsi,
2833 841 3026 906 vexati,
3051 840 3328 895 innumera
3371 841 3507 894 mala
3560 843 3818 911 perpessi

2209 947 2371 997 eos,a
2400 933 2590 1002 quibus
2635 932 2750 987 haec
2793 931 3172 998 inferebantur,
3223 933 3492 1001 potuerint
3539 946 3819 1000 prospero

2209 1037 2459 1076 successu
2487 1022 2789 1077 devincere.
2825 1021 3110 1090 Propterea
3155 1021 3366 1075 beatum
3393 1021 3562 1076 etiam
3616 1020 3822 1074 Eusta-

2211 1111 2380 1165 thium
2411 1113 2464 1165 in
2489 1111 2735 1166 exsilium
2761 1110 2946 1166 abduci
2998 1111 3237 1180 permisit
3285 1111 3444 1176 Deus,
3475 1119 3535 1163 ut
3565 1110 3817 1164 veritatis

2211 1203 2365 1259 nobis
2416 1205 2664 1258 virtutem
2705 1214 2758 1259 et
2813 1204 3182 1258 haereticorum
3230 1203 3657 1258 imbecillitatem
3702 1218 3817 1256 am-

2213 1295 2348 1365 plius
2415 1295 2823 1351 demonstraret.
2914 1295 3092 1366 Itaque
3164 1311 3392 1368 peregre
3464 1295 3812 1366 profecturus

2214 1388 2396 1442 urbem
2442 1389 2654 1458 quidem
2692 1387 3012 1455 dimittebat,
3055 1396 3109 1442 at
3155 1389 3435 1443 caritatem
3484 1388 3537 1441 in
3571 1403 3672 1443 vos
3709 1403 3811 1442 non

2211 1478 2553 1533 dimittebat:
2587 1495 2758 1549 neque
2787 1479 2929 1549 quod
2981 1479 3049 1534 ab
3101 1479 3336 1534 Ecclesia
3389 1479 3809 1548 expellebatur,

2212 1586 2241 1625 a
2285 1573 2528 1640 praesulis
2577 1573 2737 1626 etiam
2785 1587 3026 1639 munere,
3077 1571 3216 1626 vela
3243 1586 3369 1625 cura
3407 1571 3599 1637 vestri,
3651 1586 3813 1642 quam

2212 1662 2469 1731 gerebat,
2520 1662 2750 1717 alienum
2802 1663 3038 1732 seipsum
3082 1661 3319 1733 putabat,
3386 1660 3480 1716 sed
3525 1671 3648 1715 tum
3693 1677 3814 1714 am-

2215 1755 2352 1826 plius
2430 1756 2649 1810 curabat
2717 1765 2770 1810 ct
2839 1757 3097 1812 sollicitus
3175 1764 3310 1810 erat.
3389 1754 3514 1809 Ideo
3590 1764 3816 1808 vocatos

2214 1864 2399 1904 omnes
2479 1849 2834 1916 admonebat,
2907 1858 2966 1905 ut
3027 1865 3094 1904 ne
3159 1849 3608 1912 succumberent,
3679 1862 3817 1902 neve

2220 1939 2359 2009 lupis
2427 1939 2726 2006 cederent,
2779 1949 2872 1994 aut
2927 1940 3032 1994 illis
3076 1954 3291 2009 gregem
3341 1938 3672 2008 proderent;
3730 1937 3817 1992 sed

2218 2031 2360 2086 intus
2404 2043 2704 2101 manerent,
2758 2041 2818 2087 ut
2864 2047 2926 2088 os
2976 2033 3081 2086 illis
3135 2032 3490 2096 obstruerent,
3537 2032 3641 2086 eos
3688 2047 3819 2086 con-

2213 2123 2509 2191 vincerent,
2553 2140 2616 2178 ac
2660 2124 3015 2194 simpliciores
3063 2124 3256 2179 fratres
3297 2123 3718 2179 confirmarent.
3762 2124 3818 2177 Et

2214 2231 2342 2269 vero
2387 2224 2529 2270 recte
2570 2215 2716 2269 illum
2761 2215 3052 2286 imperasse
3095 2215 3306 2270 tandem
3347 2217 3526 2270 exitus
3554 2230 3819 2285 compro-

2217 2307 2359 2361 bavit
2405 2325 2418 2360 :
2479 2308 2578 2362 nisi
2633 2309 2776 2363 enim
2827 2316 2936 2362 tum
2991 2307 3043 2362 in
3093 2307 3332 2362 Ecclesia
3389 2307 3818 2372 remansissetis,

2213 2406 2463 2472 corrupta
2525 2413 2649 2468 pars
2711 2398 2882 2468 major
2942 2398 3169 2452 civitatis
3247 2395 3478 2462 fuisset,
3560 2411 3704 2452 oves
3770 2398 3818 2451 in

2215 2488 2431 2544 deserto
2457 2489 2834 2545 devorantibus
2887 2490 3056 2560 lupis;
3097 2505 3282 2544 verum
3327 2490 3465 2544 illius
3506 2505 3724 2555 sermo,
3757 2506 3816 2544 ne

2215 2597 2365 2636 suam
2396 2583 2683 2653 nequitiam
2717 2582 3052 2652 impudenter
3103 2592 3454 2649 exercerent,
3507 2581 3810 2652 impedivit.

2215 2673 2397 2744 Neque
2423 2690 2552 2729 vero
2589 2675 2760 2730 solum
2793 2675 2966 2730 exitus
3005 2673 3058 2729 id
3097 2673 3366 2741 ostendit,
3412 2674 3506 2729 scd
3549 2685 3604 2729 et
3657 2675 3808 2730 Pauli

2215 2764 2376 2819 verba
2413 2783 2426 2819 :
2458 2780 2581 2819 nam
2629 2774 2684 2821 et
2722 2766 2789 2820 ab
2829 2765 2918 2819 illo
2959 2765 3044 2820 hic
3082 2765 3303 2820 edoctus
3341 2765 3419 2819 sic
3458 2764 3808 2821 admonebat.

2216 2854 2354 2923 Quid
2379 2856 2537 2925 igitur
2563 2856 2638 2910 ait
2659 2855 2891 2910 Paulus?
2913 2855 3042 2911 Cum
3072 2856 3200 2910 olim
3227 2855 3450 2910 Romam
3475 2865 3629 2911 esset
3654 2858 3813 2912 abdu-

2216 2946 2418 3001 cendus
2446 2947 2746 3004 ultimasua
2777 2947 3129 3018 profectione,
3154 2955 3433 3017 postquam
3454 2961 3567 3001 non
3585 2949 3812 3017 amplius

2217 3037 2507 3108 discipulos
2528 3038 2738 3094 visurus
2763 3048 2880 3094 erat
2904 3081 2917 3103 ,
2952 3038 3073 3092 Non
3107 3040 3238 3094 enim
3265 3039 3486 3109 amplius
3525 3041 3714 3094 videbo
3737 3057 3812 3094 ros

2218 3130 2356 3202 (Act.
2383 3129 2472 3184 20.
2497 3129 2611 3201 25),
2642 3130 2810 3201 inquit
2841 3148 2853 3182 :
2884 3129 2985 3184 hoc
3014 3139 3190 3184 autem
3219 3129 3447 3196 dicebat,
3481 3145 3594 3186 non
3626 3141 3691 3185 ut
3718 3132 3812 3186 illis

2216 3221 2457 3276 dolorem
2488 3221 2738 3286 inureret,
2787 3220 2879 3275 scd
2929 3220 3073 3290 quod
3115 3220 3434 3275 confirmare
3457 3220 3587 3275 illos
3607 3221 3810 3276 vellet:

2216 3311 2340 3367 inde
2370 3311 2528 3382 igitur
2545 3312 2880 3382 profecturus
2910 3311 3010 3366 hoc
3041 3320 3196 3382 pacto
3214 3311 3330 3365 illos
3353 3310 3810 3366 conﬁrmabatdi-

2216 3417 2345 3457 cens
2365 3442 2380 3468 ,
2411 3401 2533 3456 Scio
2559 3401 2796 3472 quoniam
2832 3401 3087 3455 intrabunt
3115 3411 3224 3471 post
3257 3402 3620 3454 discessionem
3653 3419 3812 3456 meum

2218 3492 2326 3562 lupi
2354 3507 2560 3562 graves,
2598 3502 2646 3544 et
2689 3507 2750 3545 ex
2791 3491 2929 3545 vobis
2966 3492 3090 3562 ipsis
3121 3500 3385 3561 exsurgant
3415 3491 3509 3544 viri
3555 3493 3812 3562 loquentes

2218 3599 2454 3652 perversa
2501 3582 2661 3651 (Ibid.
2689 3598 2738 3636 υ.
2771 3582 2861 3637 29.
2901 3583 3011 3651 50).
3043 3582 3259 3651 Triplex
3297 3582 3494 3636 bellum
3516 3625 3532 3650 ,
3579 3584 3811 3639 ferarum

2219 3683 2427 3739 natura,
2449 3673 2575 3729 belli
2602 3674 2826 3740 saevitia,
2850 3673 3099 3744 quodque
3127 3689 3232 3728 non
3253 3674 3412 3728 alieni
3435 3674 3566 3743 sint,
3595 3677 3694 3730 sed
3722 3677 3811 3731 do-

2216 3765 2449 3831 mestici,
2475 3767 2566 3836 qui
2587 3765 2786 3820 bellum
2810 3765 3065 3831 inferunt,
3091 3765 3316 3836 ideoque
3341 3767 3580 3836 gravius.
3609 3768 3746 3823 Nam
3769 3771 3809 3824 si

2216 3857 2550 3912 extrinsecus
2574 3858 2818 3912 vulneret
2839 3872 2924 3912 me
2945 3858 3230 3928 quispiam,
3253 3867 3343 3912 aut
3366 3857 3568 3913 bellum
3593 3860 3803 3925 inferat,

2216 3949 2372 4004 facile
2413 3951 2558 4004 illum
2589 3959 2776 4020 potero
2806 3965 3098 4020 superare;
3146 3952 3226 4004 sin
3265 3961 3441 4006 autem
3485 3951 3807 4008 intrinsecus

2215 4042 2283 4097 ab
2314 4044 2429 4113 ipso
2460 4059 2683 4114 corpore
2710 4045 2860 4099 ulcus
2885 4045 3106 4108 oriatur,
3149 4053 3336 4098 sanatu
3362 4043 3584 4098 difficile
3612 4045 3672 4100 fit
3703 4062 3806 4099 ma-

2217 4133 2322 4188 lum
2355 4153 2369 4190 :
2402 4135 2541 4204 quod
2587 4136 2835 4190 nimirum
2890 4144 3016 4190 tunc
3063 4137 3224 4191 etiam
3273 4136 3471 4190 evenit.
3514 4136 3804 4208 Propterea

2217 4225 2468 4281 monebat
2517 4227 2730 4293 dicens,
2784 4228 3037 4283 Attendite
3084 4230 3240 4295 vobis,
3296 4237 3345 4283 et
3385 4229 3625 4284 universo
3672 4230 3807 4301 gregi

2218 4316 2382 4387 (Ibid.
2412 4334 2462 4370 υ.
2490 4318 2582 4389 28)
2618 4336 2630 4372 :
2665 4335 2770 4373 non
2799 4319 2968 4387 dixit,
3013 4321 3293 4376 Derelictis
3318 4322 3507 4376 ovibus
3537 4321 3686 4377 foras
3717 4338 3804 4376 au-

2217 4407 2397 4478 fugite.
2427 4409 2518 4463 llis
2547 4410 2839 4466 instructus
2864 4425 2985 4464 cum
3023 4411 3209 4466 fuisset
3235 4413 3422 4466 beatus
3462 4411 3801 4477 Eustathius,

2217 4499 2504 4569 discipulos
2530 4515 2657 4555 suos
2681 4502 3037 4556 admonebat:
3065 4519 3182 4572 qua:
3205 4504 3454 4557 nimirum
3479 4504 3700 4572 sapiens
3728 4505 3805 4558 hic

2217 4605 2428 4660 quoque
2469 4606 2530 4646 ac
2559 4607 2850 4662 generosus
2878 4594 3129 4663 magister
3160 4609 3281 4648 cum
3322 4593 3604 4659 audisset,
3649 4611 3804 4664 opere

2217 4695 2519 4737 sermonem
2551 4682 2809 4752 implevit.
2838 4683 3213 4738 Invadentibus
3235 4683 3390 4752 igitur
3419 4684 3524 4737 illis
3551 4699 3684 4739 oves
3707 4702 3802 4738 non

2216 4774 2473 4840 deseruit,
2516 4775 2724 4830 tametsi
2773 4775 2825 4828 in
2869 4776 3118 4830 thronum
3167 4774 3493 4844 praefectura:
3541 4790 3659 4831 stne
3705 4793 3802 4830 non

2216 4865 2569 4931 ascenderat;
2599 4865 2694 4921 sed
2721 4866 2823 4920 hoc
2844 4866 2933 4920 illa
2955 4880 3212 4936 generosa
3235 4874 3288 4920 et
3307 4864 3650 4936 philosophia
3675 4882 3802 4936 prae-

2215 4964 2362 5010 stans
2408 4957 2583 5010 anima
2631 4972 2738 5012 non
2787 4957 3048 5011 curabat:
3079 4972 3200 5010 nam
3240 4957 3528 5026 pracsulum
3572 4955 3802 5012 honores

2215 5051 2424 5106 caeteris
2466 5050 2832 5121 relinquebat;
2881 5051 3092 5106 labores
3131 5058 3308 5103 autem
3355 5049 3646 5118 prmsulum
3698 5051 3802 5119 ipse

2215 5143 2541 5208 csantlabat,
2571 5152 2623 5197 et
2655 5142 2793 5196 intus
2820 5157 2939 5197 cum
2967 5141 3106 5211 lupis
3126 5141 3434 5196 versabatur
3463 5158 3475 5193 :
3502 5141 3635 5194 nihil
3665 5140 3800 5197 enim

2216 5248 2338 5287 eum
2363 5232 2591 5287 ferarum
2623 5232 2808 5288 dentes
2836 5232 3098 5290 lmdebant
3118 5275 3133 5297 ,
3165 5231 3234 5288 ita
3265 5230 3504 5292 solidiori
3532 5231 3640 5286 fide
3666 5247 3798 5301 pra:-

2217 5324 2358 5379 ditus
2385 5333 2521 5390 erat,
2557 5339 2714 5394 quam
2747 5332 2804 5378 ut
2839 5339 3022 5378 eorum
3053 5324 3318 5379 morsibus
3343 5332 3487 5378 esset
3515 5324 3795 5379 obnoxius.

2217 5417 2348 5472 Cum
2380 5419 2538 5488 igitur
2568 5419 2708 5472 intus
2743 5427 3050 5472 versaretur
3073 5458 3087 5484 ,
3118 5426 3171 5472 et
3198 5431 3371 5486 pugna
3395 5456 3410 5482 ,
3443 5431 3545 5485 qua
3573 5431 3695 5470 cum
3737 5430 3797 5469 eo

2218 5511 2720 5581 congredicbautur,
2747 5525 2934 5564 omnes
2959 5510 3077 5564 illos
3105 5509 3404 5574 distineret,
3434 5507 3657 5561 multam
3688 5507 3794 5560 ovi-

2219 5605 2317 5659 bus
2351 5605 2785 5674 trauquillitatem
2829 5603 3190 5673 comparabat.
3229 5602 3412 5673 Neque
3438 5617 3568 5656 vero
3597 5611 3792 5655 tantum

2219 5697 2270 5751 id
2303 5699 2522 5768 agebat,
2557 5707 2613 5751 ut
2656 5713 2840 5752 eorum
2871 5711 2963 5751 ora
3005 5695 3308 5758 obturaret,
3347 5705 3400 5748 et
3440 5692 3794 5763 blasphemias

2219 5789 2511 5857 refcllcret;
2543 5790 2632 5846 sed
2666 5791 2804 5860 ipsas
2833 5789 2990 5844 etiam
3012 5801 3137 5843 oves
3159 5786 3480 5842 circumiens
3506 5786 3792 5857 perpendito
