3860 6286
0 298 192 363 ἱ-’ῚΞ

0 425 295 489 τικοὺς
323 426 514 490 ἄλλους
536 426 664 497 ὑμῖν
690 425 831 497 ὑπὲρ
861 425 970 479 τῶν
997 424 1254 479 τοιούτων
1275 426 1490 496 γίνηται
1510 425 1689 493 λόγος,

10 509 294 564 κανδν
328 510 392 563 τὸ
438 509 812 581 ῥηθησόμενον
852 509 1072 564 ἀπασαν
1107 507 1266 562 λῦσαι
1295 510 1396 581 τὴν
1436 508 1692 581 ἀπορίαν.

0 586 121 645 Ὀ
174 592 340 657 Θεὸς
363 581 460 666 τήλρ
485 594 583 664 μὲν
609 584 992 648 πίστινλαύτοῦ
1017 593 1114 665 τὴν
1145 592 1320 664 ἀληθῆ
1344 594 1438 646 καὶ
1467 596 1698 646 ἀποστο-

0 675 263 750 κικὴν
294 680 358 732 ἐν
389 676 606 741 πολλοῖς
636 679 911 748 συγχωρεῖ
938 676 1429 748 πολεμεῖσθαι,τάς
1460 675 1517 729 δέ
1545 674 1696 746 αἱρέ-

0 774 97 810 re
120 778 204 824 ις
246 760 404 834 [608]
451 761 543 814 καὶ
575 760 665 815 τὸν
715 761 1039 831 ἐλληνισμὸν
1072 760 1306 830 ἀφίησιν
1345 758 1531 823 ἀδείας
1563 759 1699 811 ἀπο-

0 844 315 899 ⁵μεσεύειν.
349 844 415 898 Τί
441 845 643 915 δήποτε
671 862 685 911 ;
714 844 835 913 ’Ἵνα
874 843 1099 897 ἐκείνων
1140 842 1241 914 μὲν
1285 842 1382 914 τήν
1411 841 1697 896 ἀσθένειαν

0 926 289 1001 μάθῃς
325 928 427 982 ούκ
472 925 906 999 ἐνοχλουμένων,
940 927 1035 979 καὶ
1070 926 1393 997 αὐτομάτως
1430 926 1696 980 καταλυο-

0 1009 286 1081 μένων
305 1028 320 1043 °
358 1012 457 1082 τῆς
486 1011 544 1065 δέ
570 1011 807 1074 πίστεως
828 1009 928 1082 τὴν
960 1010 1112 1081 ἰσχὺν
1137 1009 1408 1082 γνωρίσῃς
1431 1008 1699 1079 πολεμου-

0 1094 299 1167 μένης,
335 1096 432 1150 καὶ
458 1094 545 1148 διὰ
572 1092 679 1148 τῶν
705 1092 1023 1147 κωλυόντων
1056 1091 1454 1164 αὐξανομένης.
1485 1091 1587 1145 Καὶ
1614 1093 1694 1146 ὅτι

0 1178 175 1233 ;ὺκ
217 1181 371 1251 ἐμός
404 1179 552 1232 ἐστιν
579 1171 733 1241 οὗτος
761 1174 1086 1248 στοχασμὸς,
1118 1175 1250 1229 ἀλλά
1278 1175 1420 1239 θεῖος
1446 1177 1695 1247 χρησμὸς

0 1262 313 1318 Ξνωθεν
338 1261 597 1333 ἐνεχθεὶς,
633 1259 958 1330 ἀκούσωμεν
993 1257 1209 1312 Παύλου
1244 1259 1297 1311 τί
1328 1261 1457 1331 περὶ
1489 1259 1694 1313 τούτων

0 1344 227 1416 φησι
255 1362 269 1374 °
304 1345 404 1399 καὶ
430 1343 540 1415 γὰρ
564 1342 736 1396 ἔπαθέ
769 1343 824 1396 τί
847 1358 977 1395 ποτε
1020 1340 1359 1413 ἀνθρώπινον
1380 1343 1477 1394 καὶ
1506 1336 1689 1405 οὗτος⁹

0 1429 83 1480 εἰ
148 1429 297 1501 γὰρ
339 1427 436 1482 καὶ
466 1426 679 1490 Παῦλος
727 1421 818 1497 ἦν,
845 1423 984 1479 ἀλλά
1012 1424 1113 1494 τῆς
1151 1424 1427 1495 ἡμετέρας
1463 1423 1691 1495 μετέσχε

0 1511 348 1578 φύσεως.
383 1512 449 1564 Τί
479 1511 536 1564 δέ
574 1511 746 1575 ἐστιν,
780 1510 916 1580 ὅπερ
952 1504 1185 1571 έπαθεν;
1227 1506 1533 1570 Ἦλαύνετο,
1566 1509 1691 1559 ἐπο-

0 1594 347 1667 λεμεῖτο,
392 1593 738 1666 ἐμαστίζετο,
773 1592 987 1664 μυρίοις
1024 1588 1413 1643 ἐπεϐουλεύετο
1443 1590 1687 1661 τρόποις,

0 1679 303 1746 ἔξωθεν
324 1721 342 1747 ,
386 1677 620 1742 ἔσωθεν,
656 1676 762 1730 ύπδ
792 1675 900 1729 τῶν
942 1672 1244 1727 δοκούντων
1276 1674 1492 1727 οἰκείων
1526 1670 1686 1738 εἶναι,

0 1764 182 1817 ibch
222 1762 349 1817 τῶν
378 1761 697 1831 ἀλλοτρίων.
727 1759 838 1814 Καὶ
856 1759 910 1812 τί
938 1758 1026 1812 δεῖ
1048 1755 1250 1822 λέγειν,
1271 1756 1402 1821 ὅσας
1429 1757 1689 1828 ὑπέμεινε

4 1847 348 1916 θλίψειςς
370 1845 611 1917 Κάμνων
627 1843 829 1907 τοίνυν,
850 1841 944 1896 καὶ
967 1836 1164 1911 μηκέτι
1189 1839 1371 1911 φέρων
1403 1840 1693 1917 τάςυπροσ-

4 1930 259 1995 δολὰς
288 1928 408 1984 τῶν
434 1927 711 1998 πολεμίων
751 1927 838 1981 ἀεὶ
858 1926 1258 1980 διακοπτόντων
1291 1922 1458 1977 αὑτοῦ
1486 1922 1585 1995 τὴν
1608 1924 1690 1976 δι-

7 2013 423 2080 δασκαλίαν,
454 2014 551 2067 καὶ
584 2009 1012 2081 ἐναντιουμένων
1036 2007 1198 2064 αὑτοῦ
1222 2006 1302 2079 τῷ
1329 2007 1494 2077 λόγῳ,
1522 2023 1693 2078 προσ-

12 2098 288 2151 πίπτει
318 2095 402 2167 τῷ
424 2096 692 2167 Δεσπότῃ,
718 2093 814 2147 καὶ
838 2092 1147 2165 παρακαλεῖ
1174 2091 1357 2155 αὐτὸν,
1389 2090 1483 2143 καὶ
1506 2088 1686 2159 λέγει·

32 2179 319 2246 Ἐδόθη
337 2196 443 2248 μοι
474 2178 719 2246 σκόλοψ
739 2173 812 2244 τῇ
841 2176 1024 2244 σαρκὶ
1063 2176 1318 2245 ἄγγελος
1339 2171 1555 2238 Σατᾶν,
1590 2172 1692 2227 ἵνα

16 2282 133 2335 με
160 2262 487 2335 κολαφίζῃ
510 2282 524 2295 ο
548 2262 701 2331 ὑπὲρ
732 2262 950 2316 τούτου
982 2260 1111 2329 τρὶς
1140 2261 1249 2314 τὸν
1268 2260 1490 2327 Κύριον
1504 2273 1689 2326 παρε-

16 2347 359 2410 κάλεσα,
388 2347 488 2401 καὶ
520 2344 727 2415 εἴρηκέ
774 2362 876 2415 μοι
896 2361 909 2376 ο
943 2345 1125 2413 Ἀρκεῖ
1149 2358 1246 2397 σοι
1278 2343 1318 2412 ἡ
1347 2342 1520 2411 χάρις
1535 2357 1686 2411 μου·

19 2432 77 2498 ἡ
140 2430 285 2502 γὰρ
330 2429 589 2500 δύναμίς
622 2445 740 2499 μου
781 2428 852 2481 ἐν
884 2426 1168 2494 ἀσθενείᾳ
1196 2425 1544 2480 τελειοῦται.
1577 2424 1689 2480 Kal

19 2511 192 2567 οἶδα
242 2513 355 2584 μὲν
384 2513 465 2567 ὅτι
492 2512 635 2571 τινὲς
663 2510 952 2566 ἀσθένειαν
982 2507 1121 2564 εἶναι
1166 2508 1451 2580 νομίζουσι
1495 2524 1685 2579 σωμα-

17 2598 249 2670 τικήν
274 2613 288 2629 ·
327 2596 432 2650 οὐκ
471 2593 586 2648 ἐστι
618 2593 675 2648 δὲ
718 2592 898 2661 τοῦτο,
939 2594 1044 2647 οὐκ
1084 2592 1265 2647 ἐστιν·
1309 2591 1424 2646 ἀλλ’
1456 2591 1688 2661 ἄγγελον

23 2682 271 2734 Σατᾶν
303 2679 436 2742 τοὺς
475 2675 889 2747 ἀντικειμένους
919 2673 1241 2747 ἀνθρώπους
1266 2673 1457 2727 καλεῖ·
1486 2674 1547 2727 τὸ
1578 2673 1688 2746 γὰρ

22 2765 272 2820 ..τ-λιτᾶν
294 2762 461 2816 τοῦτο
492 2760 759 2833 Ἐϐραῖκή
794 2759 940 2827 λέξις
970 2757 1120 2813 ἐστί’
1162 2758 1339 2812 Σατᾶν
1377 2757 1434 2811 δὲ
1468 2758 1497 2811 ό
1538 2757 1688 2812 ἀντι-

28 2848 357 2919 κείμενος
400 2844 638 2915 λέγεται.
676 2843 759 2898 Τὰ
802 2839 896 2898 οὖν
946 2841 1118 2911 σκεύη
1157 2841 1253 2895 τοῦ
1289 2841 1557 2910 διαϐόλου,
1590 2842 1688 2896 καὶ

39 2934 205 2996 τοὺς
247 2930 455 3002 ἐκείνῳ
475 2927 925 2999 διακονουμένους
951 2927 1272 2999 ἀνθρώπους
1299 2927 1561 2997 ἀγγέλους
1590 2927 1688 2980 αύ-

31 3015 158 3069 τοῦ
224 3014 418 3068 καλεῖ.
464 3012 565 3067 Διά
609 3012 662 3066 τί
685 3007 800 3077 οὖν,
837 3011 994 3083 φησὶ,
1034 3011 1357 3084 πρόσκειται
1392 3013 1459 3082 τῇ
1492 3010 1684 3083 σαρκί;

36 3100 202 3153 Ὀτι
261 3099 299 3166 ἡ
338 3094 479 3169 σὰρξ
510 3095 860 3168 ἐμαστίζετο,
896 3097 931 3167 ή
973 3095 1031 3148 δέ
1064 3093 1213 3166 ψυχή
1260 3093 1578 3164 ἐκουφίζετο
1617 3096 1683 3168 τῇ

35 3183 267 3238 ἐλπίδι
290 3181 407 3236 τῶν
434 3180 739 3252 μελλόντων
770 3178 1109 3252 ἐπαιρομένη
1128 3196 1143 3210 ·
1182 3178 1303 3232 ούδὲ
1340 3177 1452 3250 γὰρ
1481 3178 1686 3249 ἥπτετο

36 3268 166 3337 τῆς
203 3265 428 3337 ψυχῆς,
463 3265 584 3320 οὐδὲ
617 3262 942 3329 ύπεσκέλιζε
997 3263 1125 3326 τοὺς
1170 3260 1319 3315 ἔνδον
1353 3260 1681 3331 λογισμοὺς,

38 3350 219 3406 ἀλλὰ
262 3352 433 3421 μέχρι
460 3349 562 3420 τῆς
587 3347 791 3420 σαρκὸς
818 3347 1061 3419 εἱστήκει
1086 3344 1158 3399 τά
1190 3346 1559 3418 μηχανήματα
1587 3345 1683 3399 καὶ

43 3437 78 3488 ὁ
117 3433 396 3503 πόλεμος
417 3472 432 3495 ,
479 3430 615 3485 εῖσω
654 3430 904 3502 διαϐῆναι
946 3429 1022 3502 μή
1053 3428 1370 3500 δυνάμενος.
1405 3428 1559 3481 Ἐπεὶ
1588 3423 1692 3483 οὖν⁸

42 3517 221 3588 αὕτη
246 3514 531 3585 ἐτέμνετο,
548 3512 685 3585 αὕτη
705 3511 1051 3585 ἐμαστίζετο,
1086 3510 1226 3584 αὕτη
1257 3512 1535 3585 ἐδεσμεῖτο
1561 3512 1682 3583 (ψυ-

45 3601 169 3671 χὴν
192 3596 323 3670 γὰρ
347 3597 508 3668 δῆσαι
529 3594 790 3651 ἀδύνατον
825 3591 939 3667 ἦν),
969 3594 1057 3648 διά
1083 3594 1238 3649 τοῦτο
1265 3594 1433 3664 λέγει,
1469 3594 1679 3664 Ἐδόθη

45 3701 163 3754 μοι
196 3682 467 3749 σκόλοψ
484 3678 563 3749 τῇ
584 3680 767 3750 σαρκί
799 3679 1055 3751 ἄγγελος
1089 3677 1309 3745 Σατᾶν,
1335 3680 1438 3734 ἵνα
1475 3696 1554 3749 με
1584 3697 1682 3733 κο-

44 3762 333 3835 λαφίζῃ,
356 3764 486 3827 τοὺς
511 3764 872 3836 πειρασμοὺς,
894 3764 994 3827 τὰς
1014 3763 1245 3833 θλίψεις,
1262 3763 1390 3827 τοὺς
1408 3762 1682 3835 διωγμοὺς

48 3846 487 3917 αἰνιττόμενος.
506 3842 639 3900 Εἶτα
661 3846 747 3914 τί;
776 3847 945 3915 ’Υπὲρ
970 3847 1187 3900 τούτου
1212 3847 1360 3914 τρὶς,
1392 3847 1548 3918 φησί,
1572 3846 1681 3901 τόν

49 3934 318 4001 Κύριον
338 3927 729 3997 παρεκάλεσα
749 3947 763 3962 ’
794 3929 940 3983 τοῦτ’
970 3928 1111 3992 ἐστι,
1130 3929 1401 3994 Πολλάκις
1426 3929 1683 4002 ἐδεήθην,

53 4014 276 4088 φησὶν,
308 4011 454 4065 ὥστε
495 4010 830 4067 ἀναπνεῦσαι
865 4012 1061 4083 μικρὸν
1089 4013 1153 4065 ἐκ
1181 4010 1291 4066 τῶν
1333 4014 1675 4083 πειρασμῶν.

65 4098 294 4169 ’Υμεῖς
320 4095 380 4149 δὲ
404 4095 684 4167 μέμνησθε
706 4095 808 4166 τῆς
830 4096 1009 4160 αἰτίας
1026 4090 1095 4167 ἦς
1115 4090 1286 4159 εἷπον,
1302 4096 1493 4151 ὅτιδιά
1518 4096 1679 4150 τοῦτο

56 4180 377 4252 συγχωρεῖ
398 4180 428 4231 6
458 4177 593 4242 Θεδς
622 4180 749 4243 τοὺς
801 4178 999 4233 ἐαυτοῦ
1030 4179 1252 4243 δούλους
1296 4179 1674 4251 μαστίζεσθαι,

58 4261 467 4325 ἐλαύνεσθαι,
499 4262 672 4334 μυρία
713 4262 947 4334 πάσχειν
1001 4262 1179 4325 δεινά,
1212 4263 1298 4317 ῖνα
1342 4261 1443 4335 τήν
1482 4262 1676 4318 ἐαυτοῦ

57 4348 234 4420 δείξῃ
262 4344 521 4416 δύναμιν.
559 4346 691 4400 Ἰδοὺ
715 4345 826 4418 γὰρ
872 4348 969 4401 καὶ
996 4346 1234 4402 ἐνταῦθα
1272 4347 1509 4418 δεηθεὶς,
1537 4347 1676 4402 ὥστε

61 4430 398 4501 ἀποστῆναι
424 4428 591 4483 αὐτοῦ
623 4430 691 4484 τὰ
728 4432 899 4503 μυρία
953 4432 1103 4486 δεινά
1148 4432 1244 4488 καὶ
1274 4434 1400 4498 τοὺς
1439 4435 1677 4488 ἀντικει-

65 4517 315 4585 μένους,
343 4513 447 4567 οὐκ
476 4514 711 4585 ἐπέτυχε
740 4514 841 4585 τῆς
874 4515 1147 4587 αἰτήσεως
1165 4533 1179 4549 ·
1230 4517 1326 4570 καὶ
1370 4516 1470 4589 τὴν
1500 4518 1677 4572 αἰτίαν

62 4600 307 4671 τίθησι,
352 4596 421 4650 δι’
451 4597 518 4667 ἠν
556 4597 656 4652 οὐκ
699 4598 930 4669 ἐπέτυχε
978 4598 1080 4669 τῆς
1119 4600 1408 4671 αἰτήσεως.
1447 4600 1545 4665 Τίς
1583 4597 1687 4656 οὖν

64 4684 238 4738 ἐστιν
269 4682 304 4752 ή
349 4680 537 4747 αἰτία;
564 4680 717 4735 οὐδὲν
746 4682 855 4753 γὰρ
898 4681 1097 4735 κωλύει
1122 4682 1285 4737 πάλιν
1332 4683 1505 4755 αὐτῆς
1553 4685 1676 4738 ἐπι-

70 4765 434 4840 μνησθῆναν
473 4766 664 4836 Ἀρκεῖ
687 4783 808 4832 σοι,
844 4768 1030 4839 φησὶν,
1057 4768 1095 4836 ἡ
1121 4766 1295 4837 χάρις
1310 4786 1430 4838 μου
1450 4785 1464 4800 ·
1498 4768 1539 4838 ἡ
1566 4772 1676 4841 γὰρ

67 4853 351 4920 δύναμις
370 4867 492 4920 μου
518 4850 589 4905 ἐν
608 4851 893 4920 ἀσθενείᾳ
924 4852 1275 4908 τελειοῦται.

108 5032 187 5087 δ’.
207 5026 385 5097 Ὁρᾷς
399 5023 483 5078 ὅτι
508 5022 597 5078 διὰ
611 5022 771 5078 τοῦτο
791 5024 1069 5095 συγχωρεῖ
1076 5022 1250 5087 όΘεδς
1264 5022 1392 5088 τοὺς
1406 5022 1672 5097 ἀγγέλους

69 5120 169 5173 τοῦ
191 5117 423 5171 Σατανᾶ
453 5119 567 5180 τοῖς
594 5114 761 5171 αὐτοῦ
787 5114 995 5179 δούλοις
1018 5114 1351 5177 ἐπικεῖσθαι,
1381 5116 1475 5169 καί⁵
1502 5114 1673 5186 μυρία

72 5206 357 5281 παρέχειν
388 5206 712 5277 πράγματα,
734 5206 825 5260 ῖνα
858 5206 892 5275 ἡ
923 5203 1153 5277 δύναμις
1181 5203 1349 5258 αὐτοῦ
1381 5204 1672 5275 διαφαίνη-

70 5319 208 5366 ταις
243 5301 458 5364 Ὄντως
481 5298 593 5371 γὰρ
617 5296 722 5352 κάν
757 5295 894 5369 πρὸς
915 5296 1203 5368 Ἕλληνας,
1234 5295 1340 5351 κᾶν
1374 5296 1513 5368 πρὸς
1544 5297 1673 5362 τοὺς

74 5394 305 5456 ἀθλίους
359 5391 649 5456 Ἰουδαίους
692 5388 1104 5461 διαλεγώμεθα,
1139 5390 1299 5460 ἀρκεῖ
1338 5388 1498 5443 τοῦτο
1536 5391 1673 5461 ἡμῖν

76 5490 158 5551 εἰς
205 5481 493 5549 ἀπόδειξιν
522 5483 622 5555 τῆς
669 5481 821 5547 θείας
867 5481 1177 5552 δυνάμεως,
1224 5480 1286 5533 τὸ
1332 5480 1419 5534 διὰ
1460 5481 1671 5553 μυρίων

80 5575 234 5650 [609]
271 5574 526 5647 πολέμων
569 5572 668 5646 τὴν
708 5573 893 5627 πίστιν
934 5570 1333 5643 εἰσενεχθεῖσαν
1376 5574 1671 5644 κρατῆσαι,

83 5670 177 5726 καὶ
224 5667 328 5739 τῆς
372 5666 700 5738 οἰκουμένης
749 5665 968 5737 ἀπάσης
1026 5663 1524 5737 ἀντιπραττούσης,
1572 5666 1672 5719 καὶ

1126 311 1194 367 ΙΝ
1222 312 1280 369 S.
1310 311 1758 370 EUSTATIHUM
1801 311 2317 375 ANTIOCHENUM.

3273 323 3377 379 60-5

1801 426 1940 495 μετά
1957 428 2158 500 πολλῆς
2178 430 2277 501 τῆς
2305 430 2665 502 σφοδρότητος
2689 432 3093 507 ἀπωθουμένων
3124 434 3379 492 ἀπάντων

1794 521 1920 584 τοὺς
1962 521 2170 575 δώδεκα
2198 522 2521 595 ἀνθρώπους
2566 526 2842 591 ἐκείνους,
2879 527 3004 592 τούς
3048 528 3378 595 ἀποστόλους

1794 609 1978 680 λέγω,
2010 613 2301 685 δυνηθῆναι
2347 617 2404 667 ἐν
2452 615 2646 687 βραχεῖ
2690 617 2867 690 καιρῷ
2912 619 3377 690 μαστιζομένους,

1794 702 2224 774 ἐλαυνομένους,
2278 706 2448 777 μυρία
2483 707 2792 778 πάσχοντας
2839 710 3022 775 δεινὰ,
3069 710 3176 764 τῶν
3207 713 3379 767 ταίτα

1794 795 2094 849 ποιούντων
2147 798 2421 868 κρατῆσαι
2469 799 2589 869 μεθ’
2637 801 2944 873 ὑπερϐολῆς
2996 804 3236 875 ἀπάσης.
3279 804 3380 857 Διά

1792 885 1967 939 ταῦτα
2003 886 2214 941 καὶτὸν
2263 890 2535 960 μακάριον
2567 891 2867 946 Εύστάθιον
2904 894 3086 964 ἀφῆκε
3117 897 3252 965 πρὸς
3277 895 3377 965 τὴν

1795 977 2095 1050 ὑπερορίαν
2127 980 2156 1032 6
2190 978 2323 1043 Θεὸς
2365 982 2755 1053 ἀπενεχθῆναι,
2797 985 2883 1037 ἴνα
2939 985 3204 1055 μειζόνως
3246 988 3377 1056 ἡμῖν

1791 1068 1939 1140 δείξῃ
1967 1068 2062 1121 καὶ
2090 1070 2191 1140 τὴν
2220 1070 2449 1143 δύναμιν
2480 1074 2581 1144 τῆς
2634 1074 2923 1146 ἀληθείας,
2960 1078 3055 1129 καὶ
3093 1076 3200 1129 τῶν
3224 1078 3377 1149 αἰρε-

1792 1160 1961 1213 τικῶν
1986 1160 2086 1231 τήν
2114 1161 2420 1220 ἀσθένειαν.
2457 1164 2688 1218 Μέλλων
2727 1167 2905 1220 τοίνυν
2936 1166 3074 1238 πρὸς
3099 1167 3198 1239 τήν
3243 1170 3378 1221 ἀπο-

1790 1252 1992 1322 δημίαν
2019 1254 2259 1322 ἀπιέναι,
2291 1256 2391 1325 τήν
2425 1255 2525 1326 μὲν
2555 1257 2709 1310 πόλιν
2739 1257 2913 1327 ἠφίει,
2944 1259 3044 1329 τὴν
3072 1259 3127 1311 δὲ
3154 1261 3375 1330 ἀγάπην

1752 1406 1759 1413 ,
1791 1344 1945 1415 ὑμῶν
1979 1347 2077 1400 οὐκ
2101 1348 2251 1417 ἠφίει
2271 1365 2285 1379 ⁸
2317 1348 2435 1401 οὐδὲ
2464 1348 2647 1423 ἐπειδή
2684 1349 2779 1422 τῆς
2803 1351 3132 1421 Ἐκκλησίας
3157 1353 3376 1420 ἐξεϐάλ-

1790 1439 1930 1505 λετο,
1975 1443 2068 1495 καὶ
2098 1443 2197 1512 τῆς
2227 1442 2564 1514 προστασίας
2597 1448 2692 1496 καὶ
2719 1442 2819 1512 τῆς
2855 1444 2994 1515 ὑπὲρ
3024 1444 3178 1515 ὑμῶν
3211 1448 3374 1517 κηδε-

1793 1534 1983 1605 μονίας
2011 1534 2289 1607 ἀλλότριον
2321 1536 2513 1590 ἐαυτὸν
2552 1532 2694 1589 εἶναι
2722 1535 2992 1607 ἐνόμιζεν,
3020 1538 3155 1592 ἀλλά
3194 1540 3377 1610 μειζό-

1789 1642 1895 1688 νως
1922 1624 2042 1678 τότε
2073 1625 2323 1696 ἐκήδετῳ
2349 1626 2443 1680 καὶ
2472 1627 2755 1697 ἐφρόντιζε
2775 1643 2791 1659 ο
2815 1629 2909 1683 καὶ
2933 1629 3170 1694 καλέσας
3204 1632 3377 1685 ἀπαν-

1787 1734 1886 1780 τας
1912 1717 2257 1787 παρεκάλεσε
2283 1718 2356 1789 μὴ
2386 1719 2809 1791 παραχωρῆσαι,
2838 1720 2972 1790 μηδέ
2995 1721 3237 1777 ἐνδοῦναι
3261 1726 3373 1786 τοῖς

1788 1806 1974 1872 λύκοις
1997 1847 2012 1873 ,
2057 1807 2192 1879 μηδὲ
2232 1808 2527 1880 προδοῦναι
2558 1810 2654 1881 τὴν
2704 1810 2945 1881 ποίμνην
2984 1812 3198 1875 αὐτοῖς,
3236 1812 3373 1866 ἀλλά

1791 1902 1973 1971 μένειν
2006 1899 2154 1953 ἔνδον
2190 1900 2645 1971 ἐπιστομίζοντας
2681 1902 2777 1971 μὲν
2808 1903 3007 1966 αὐτοὺς
3034 1904 3128 1956 καὶ
3161 1902 3372 1973 διελέγ-

1787 2006 2002 2060 χοντας,
2029 1991 2156 2053 τοὺς
2182 1990 2605 2062 ἀκεραιοτέρους
2632 1991 2689 2044 δὲ
2718 1991 2829 2045 τῶν
2866 1993 3110 2063 ἀδελφῶν
3138 1994 3371 2063 ἀσφαλι-

1789 2079 2068 2152 ζομένους.
2095 2080 2207 2135 Καὶ
2230 2082 2311 2135 ὄτι
2344 2079 2525 2145 καλῶς
2558 2082 2836 2151 ἐκέλευσε,
2865 2084 2927 2136 τδ
2960 2085 3113 2149 τέλος
3136 2085 3369 2151 ἔδειξεν*

1787 2173 1837 2225 εί
1875 2171 1985 2243 γάρ
2017 2171 2093 2244 μὴ
2130 2172 2382 2243 ἐμείνατε
2412 2174 2471 2226 ἐν
2505 2174 2571 2241 τῇ
2610 2173 2908 2245 Ἐκκλησία
2937 2175 3082 2241 τότε,
3119 2175 3178 2227 τὸ
3212 2174 3373 2228 πλέον

1786 2264 1888 2334 τῆς
1914 2263 2124 2327 πόλεως
2147 2259 2215 2335 ἦν
2245 2263 2667 2335 διεφθαρμένον,
2696 2264 2783 2316 ἐπ’
2809 2264 3044 2345 ἐρημίας
3067 2265 3172 2318 τῶν
3191 2264 3372 2319 λύκων

1787 2355 1858 2410 τά
1881 2357 2129 2429 πρόϐατα
2160 2354 2448 2411 ἐσθιόντων
2465 2374 2478 2387 ·
2506 2355 2622 2409 ἀλλ’
2648 2356 2856 2411 ἐκείνου
2876 2357 2937 2411 τὸ
2960 2358 3111 2428 ῥῆμα
3134 2356 3371 2411 ἐκώλυσε

1792 2447 1931 2518 μετὰ
1959 2448 2144 2512 ἀδείας
2174 2449 2372 2512 αὐτοὺς
2415 2448 2515 2518 τὴν
2544 2448 2750 2501 οἰκείαν
2795 2447 3165 2515 ἐπιδείξασθαι
3208 2465 3375 2517 πονη-

1790 2540 1931 2611 ρίαν.
1959 2540 2034 2593 υύ
2064 2538 2127 2592 τὸ
2152 2538 2305 2603 τέλος
2334 2539 2390 2593 δὲ
2422 2538 2591 2605 ἔδειξε
2628 2539 2808 2611 μόνον,
2835 2538 2972 2592 ἀλλά
3005 2539 3101 2593 καὶ
3133 2539 3200 2593 τὰ
3224 2538 3372 2592 Παύ-

1784 2630 1878 2685 λου
1911 2631 2161 2703 ῥήματα·
2202 2630 2298 2684 καὶ
2325 2628 2434 2700 γάρ
2466 2623 2621 2693 οὗτος
2659 2631 2789 2701 παρ’
2820 2628 3030 2682 ἐκείνου
3061 2628 3372 2693 παιδευθεὶς

1783 2723 1957 2779 ταῦτα
1980 2722 2237 2796 παρῄνει.
2264 2722 2331 2775 Τί
2374 2718 2467 2777 οὖν
2500 2724 2530 2777 6
2555 2721 2768 2786 Παῦλός
2799 2739 2975 2793 φησι.;
3007 2722 3237 2776 Μέλλων
3264 2723 3373 2776 ἀπ-

1784 2814 2014 2885 άγεσθαι
2038 2831 2168 2869 ποτε
2189 2816 2269 2878 εἰς
2292 2814 2392 2885 τήν
2404 2812 2626 2886 Ῥώμην
2647 2814 2747 2887 τὴν
2773 2814 3012 2887 ἐσχάτην
3036 2814 3369 2886 ἀποδημίαν,

1787 2904 1907 2977 μεθ’
1930 2905 1998 2976 ἢν
2022 2905 2123 2959 ούκ
2150 2904 2230 2958 ἐτι
2262 2904 2487 2974 ἔμελλεν
2515 2904 2744 2972 ὄψεσθαι
2774 2906 2901 2969 τοὺς
2935 2904 3180 2977 μαθητάς
3200 2921 3214 2935 ο
3248 2907 3371 2959 Οὐκ

1781 2995 1869 3049 ἔτι
1896 2994 2009 3064 γὰρ
2056 2990 2213 3064 ὑμᾶς
2254 2994 2497 3063 ὄψομαι,
2532 2994 2701 3066 φησί·
2727 2994 2887 3048 τοῦτο
2917 2994 2975 3048 δὲ
3014 2994 3221 3064 ἔλεγεν,
3250 2994 3371 3065 οὐχὶ

1780 3085 2063 3157 λυπῆσαι,
2115 3084 2232 3139 ἀλλ’
2280 3086 2688 3155 ἀσφαλίσασθαι
2741 3084 3065 3157 βουλόμενος
3089 3101 3105 3118 ο
3154 3086 3370 3157 μέλλων

1779 3175 1960 3231 τοίνυν
1989 3176 2292 3247 ἀπώημεῖν
2339 3176 2573 3242 ἐκεῖθεν,
2605 3175 2750 3230 οὕτω
2797 3192 2916 3240 πως
2957 3176 3157 3241 αὐτοὺς
3190 3179 3369 3247 ἠσφα-

1780 3265 1958 3331 λίζετο
1982 3266 2183 3336 λέγων·
2216 3261 2361 3320 Οἶδα
2393 3266 2483 3320 ὅτι
2503 3265 2656 3337 μετὰ
2688 3265 2805 3335 τὴν
2843 3266 3052 3337 ἄφιξίν
3084 3284 3205 3338 μου
3236 3269 3366 3321 εἰσ-

1782 3358 2142 3413 ελεύσονται
2173 3358 2325 3427 πρὸς
2347 3355 2503 3429 ὑμᾶς
2529 3359 2705 3413 λύκοι
2726 3358 2961 3428 βαρεῖς,
2984 3359 3080 3413 καί
3110 3357 3180 3423 ἐξ
3199 3357 3369 3429 ὑμῶν

1780 3450 1981 3507 αὐτῶν
2046 3448 2498 3518 ἀναστήσονται
2560 3449 2777 3519 ἄνδρες
2839 3450 3180 3516 λαλοῦντες
3247 3450 3368 3504 διε-

1779 3540 2147 3611 στραμμένα.
2162 3540 2436 3612 Τριπλοῦς
2454 3542 2483 3594 6
2499 3539 2757 3610 πόλεμος,
2773 3540 2807 3611 ἡ
2826 3538 2988 3609 φύσις
3008 3540 3117 3593 τῶν
3139 3538 3369 3611 θηρίων,

1781 3632 1815 3702 ή
1837 3629 2143 3702 χαλεπότης
2167 3630 2263 3683 τοῦ
2285 3629 2549 3701 πολέμου,
2571 3629 2631 3683 τὸ
2659 3628 2734 3701 μὴ
2758 3628 3094 3701 ἀλλοτρίους,
3112 3629 3249 3684 ἀλλά
3273 3631 3368 3683 καὶ

1779 3722 2018 3787 οἰκείους
2047 3718 2191 3777 εἶναι
2224 3723 2353 3787 τοὺς
2378 3721 2783 3793 πολεμοῦντας*
2816 3719 2905 3775 διὰ
2933 3720 3092 3774 τοῦτο
3117 3719 3379 3792 χαλεπώ-,

1776 3832 1936 3888 τερος
1958 3832 1973 3846 ο
2010 3813 2260 3878 εἰκότως.
2308 3813 2409 3867 “Av
2445 3813 2544 3884 μὲν
2572 3812 2683 3884 γὰρ
2717 3812 2920 3880 ἔξωθέν
2957 3811 3025 3883 μέ
3069 3830 3154 3876 τις
3195 3811 3364 3885 βάλλῃ

1777 3907 1875 3962 καὶ
1913 3906 2151 3978 πολεμῇ,
2187 3905 2387 3978 ῥᾳδίως
2416 3904 2583 3959 αὑτοῦ
2612 3905 2998 3978 περιγενέσθαι
3025 3905 3362 3977 δυνήσομαι·

1780 3997 1846 4053 ἂν
1871 3998 1929 4052 δέ
1954 3997 2164 4052 ἔνδοθεν
2197 3996 2307 4052 ἀπὺ
2338 3996 2434 4050 τοῦ
2467 3996 2720 4069 σώματος
2757 3995 2870 4069 φύῃ
2892 3996 2951 4050 τὸ
2975 3996 3149 4062 ἕλκος,
3177 3997 3365 4051 δυσία-

1777 4107 1870 4146 τον
1900 4089 2109 4159 γίνεται
2136 4088 2198 4143 τὸ
2231 4087 2430 4143 κακόν·
2460 4088 2489 4141 ὃ
2518 4088 2583 4159 δὴ
2614 4088 2712 4141 καὶ
2742 4088 2864 4141 τότε
2886 4087 3126 4156 ἐγένετο.
3144 4087 3244 4141 ’Διὸ
3270 4090 3366 4143 καὶ

1779 4181 2012 4255 παρῄνει
2047 4181 2245 4250 λέγων,
2288 4180 2625 4251 Προσέχετε
2669 4178 2908 4247 ἑαυτοῖς
2942 4179 3040 4233 καὶ
3068 4179 3253 4233 παντί
3284 4180 3374 4246 τῷ

1779 4276 2067 4345 ποιμνίῳ·
2103 4274 2205 4329 ούκ
2239 4269 2383 4339 εἷπε,
2415 4272 2825 4337 Καταλιπόντες
2856 4273 2924 4327 τὰ
2955 4273 3203 4346 πρόϐατα
3230 4273 3367 4343 φεύο

1778 4381 1905 4434 γετε
1944 4363 2069 4431 ἐξω.
2096 4362 2285 4417 Ταῦτα
2319 4364 2415 4418 καὶ
2451 4366 2480 4419 6
2516 4365 2789 4436 μακάριος
2828 4363 3127 4428 Εύστάθιος
3166 4381 3376 4418 πεπαι-

1778 4456 2038 4528 δευμένος
2082 4454 2316 4529 παρῄνει
2358 4458 2472 4519 τοῖς
2507 4455 2705 4511 ἑαυτοῦ
2742 4457 3046 4528 μαθηταῖς·
3078 4456 3224 4529 άπερ
3267 4452 3372 4511 οὖν

1780 4548 1873 4603 καὶ
1895 4550 1925 4602 6
1953 4548 2118 4619 σοφὸς
2146 4544 2302 4613 οὗτος
2345 4549 2442 4604 καὶ
2472 4553 2718 4620 γενναῖος
2749 4549 3068 4613 διδάσκαλος
3099 4550 3369 4618 ἀκούσας,

1778 4639 1925 4714 ἔργῳ
1952 4639 2045 4694 τὸν
2070 4640 2223 4711 λόγον
2256 4640 2594 4714 ἐπλήρωσεν.
2625 4642 2921 4697 Εἰσιόντων
2947 4641 3078 4712 γοῦν
3113 4642 3367 4704 ἐκείνων.

1776 4735 1877 4788 οὐκ
1906 4733 2089 4806 ἀφῆκε
2113 4734 2184 4789 τά
2201 4734 2473 4806 πρόϐατα,
2501 4735 2678 4790 καίτοι
2696 4752 2761 4806 γε
2786 4735 2887 4790 οὑκ
2904 4731 2974 4807 ἦν
3004 4736 3097 4790 ἐπὶ
3121 4735 3213 4791 τὸν
3240 4736 3372 4809 θρό-

1776 4843 1867 4880 νον
1903 4826 2003 4896 τῆς
2034 4825 2213 4898 ἀρχῆς
2247 4825 2519 4880 ἀνελθών·
2562 4827 2678 4881 ἀλλ’
2711 4827 2865 4881 οὐδὲν
2897 4826 3059 4881 τοῦτο
3090 4827 3227 4900 πρὸς
3262 4829 3372 4899 τήν

1776 4917 2031 4987 γενναίαν
2059 4917 2278 4988 ἐκείνην
2317 4918 2412 4972 καὶ
2437 4918 2728 4989 φιλόσοφον
2755 4918 2965 4991 ψυχήν.
2996 4919 3109 4984 Τάς
3133 4919 3361 4992 μὲνγὰρ

1774 5009 1943 5081 τιμὰς
1979 5009 2090 5063 τῶν
2133 5009 2412 5081 ἀρχόντων
2447 5010 2656 5083 ἐτέροις
2696 5011 2870 5081 ἠφίει,
2897 5012 3023 5074 τοὺς
3061 5010 3120 5064 δὲ
3164 5010 3361 5073 πόνους

1773 5100 1884 5154 τῶν
1932 5100 2210 5170 ἀρχόντων
2253 5100 2417 5163 αὐτὸς
2451 5101 2727 5174 ὑπέμενεν
2749 5138 2765 5166 ,
2816 5100 2964 5155 ἔνδον
3009 5100 3213 5172 μεταξὺ
3249 5099 3360 5153 τῶν

1772 5190 1954 5245 λύκων
1986 5190 2350 5262 στρεφόμενος
2369 5206 2384 5223 ·
2418 5191 2572 5246 οὐδὲν
2602 5192 2712 5265 γὰρ
2737 5192 2900 5247 αὐτὸν
2930 5192 2981 5246 οἰ
3009 5192 3119 5245 τῶν
3153 5190 3362 5262 θηρίων

1774 5280 1987 5344 ὀδόντες
2014 5279 2301 5348 ἔϐλαπτον,
2323 5280 2499 5345 οὔτως
2522 5283 2878 5355 ἰσχυροτέραν
2902 5281 3084 5335 πίστιν
3109 5276 3223 5351 εἷχε
3247 5280 3365 5334 τῶν

1776 5372 2001 5427 ἐκείνων
2036 5371 2351 5444 δηγμάτων.
2387 5373 2580 5428 Ἐνδον
2616 5373 2797 5428 τοίνυν
2843 5373 3230 5445 στρεφόμενος,
3261 5374 3357 5427 καὶ

1773 5465 1841 5536 τῇ
1872 5462 2131 5536 γινομένῃ
2164 5463 2300 5535 πρὸς
2331 5464 2494 5519 αὐτὸν
2523 5464 2672 5537 μάχῃ
2715 5462 2926 5528 πάντας
2965 5463 3164 5527 αὐτοὺς
3189 5464 3359 5534 ἀσχοο

1774 5552 1905 5618 λῶν,
1924 5553 2129 5625 πολλὴν
2157 5553 2343 5609 ἄδειαν
2369 5556 2483 5619 τοῖς
2506 5553 2800 5625 προϐάτοις
2824 5554 3256 5625 παρεσκεύαζεν.
3279 5554 3359 5608 Ού

1776 5645 1933 5700 τοῦτο
1953 5644 2010 5699 δὲ
2036 5644 2196 5717 μόνον
2227 5643 2399 5699 ἐποίει
2426 5643 2753 5716 ἐμφράττων
2784 5643 2968 5700 αὐτῶν
2988 5643 3056 5698 τὰ
3082 5645 3361 5717 στόματα,
