3844 6280
94 337 234 392 505
1289 349 1353 406 IN
1383 351 1440 407 S.
1485 351 1818 414 ROMAle
1857 359 2261 425 MARTYREM.
2299 369 2342 427 ι.

97 451 209 506 hat
232 494 251 516 ,
295 442 426 508 num
455 455 576 525 quis
602 457 710 512 telo
735 471 1019 529 percussus
1050 461 1253 528 fuisset,
1286 475 1411 520 num
1433 469 1592 538 grave
1624 472 1738 526 vul-

100 560 230 600 nus
266 549 580 617 accepisset
607 591 622 614 ,
651 553 935 621 statimque
956 555 1398 612 medicamentum
1433 560 1738 618 adhibebat.

101 633 242 692 Hoc
293 637 427 694 dum
468 638 684 702 faceret.
727 642 794 696 ad
836 659 1015 699 veram
1060 644 1214 701 [idem
1239 664 1426 705 omnes
1450 653 1736 721 animavit,

99 743 224 783 nec
271 732 432 800 prius
460 731 705 801 destitit,
739 749 894 805 quam
925 737 1018 793 Dei
1048 734 1268 796 munere
1294 749 1453 812 atque
1478 758 1738 802 concessu

101 819 338 876 beatus
361 823 606 878 Meletius
644 827 894 896 advenit,
922 831 1011 899 qui
1041 840 1202 886 totam
1231 849 1459 890 massam
1499 840 1734 909 accepit;

101 911 209 964 hic
246 913 568 979 seminavit,
595 917 685 971 ille
703 920 944 974 messuit.
970 921 1095 977 Tale
1117 924 1240 992 quid
1261 925 1422 980 etiam
1450 927 1660 999 Moyses
1683 942 1739 986 et

99 1003 324 1058 Aaron
351 1008 732 1076 praestiterunt.
758 1009 891 1065 Nam
930 1021 985 1067 et
1025 1013 1097 1068 illi
1130 1013 1377 1072 fermenti
1403 1019 1454 1072 in
1491 1036 1694 1076 morem
1716 1065 1732 1091 ,

99 1094 254 1148 dum
299 1097 355 1150 in
391 1097 570 1153 medio
597 1099 972 1172 Egyptiorum
1001 1115 1343 1162 versarentur
1362 1150 1377 1174 ,
1411 1111 1607 1166 multos
1633 1111 1734 1167 do—

99 1187 382 1242 mesticre
444 1190 661 1260 pietatis
726 1194 1064 1251 aemulatores
1120 1197 1433 1257 reddebant.
1487 1200 1735 1258 Testatur

102 1278 225 1333 hoc
265 1279 519 1352 Moyses,
561 1282 686 1338 dum
733 1285 956 1341 multum
999 1288 1188 1359 vulgus
1213 1291 1571 1360 promiscuum
1609 1309 1730 1350 cum

103 1370 399 1428 lsraelitis
466 1373 542 1428 ait
607 1377 913 1434 ascendisse
973 1379 1186 1451 (Exod.
1246 1383 1334 1438 12.
1382 1385 1510 1456 58).
1578 1387 1732 1443 llunc

105 1462 380 1534 lloysem
432 1463 645 1522 imitans
668 1467 766 1522 iste
785 1509 800 1536 ,
832 1471 990 1524 etiam
1018 1482 1142 1528 ante
1169 1477 1532 1544 magistratum
1553 1519 1567 1543 ,
1609 1494 1730 1549 qua:

108 1553 488 1624 magiStratus
548 1568 705 1613 erant
758 1562 978 1630 gerebat
1037 1580 1051 1617 :
1095 1564 1355 1634 siquidem
1394 1568 1483 1624 ille
1555 1570 1731 1640 prius-

108 1657 296 1712 quam
339 1646 394 1699 in
435 1647 684 1717 populum
710 1649 940 1706 delatum
970 1652 1046 1706 illi
1072 1662 1214 1709 esset
1252 1656 1568 1726 imperium,
1617 1659 1727 1715 for-

105 1737 248 1790 titer
302 1737 593 1794 admodum
637 1749 794 1812 atque
837 1758 1096 1813 generose
1137 1747 1427 1804 inferentes
1479 1751 1724 1820 injuriam

105 1825 410 1896 puniebat,
455 1828 703 1899 injuriam
744 1834 1008 1902 patientes
1049 1837 1401 1894 ulciscebatur
1425 1881 1442 1908 ,
1485 1850 1538 1896 et
1579 1844 1725 1915 regia

3333 401 3437 456 606

1849 490 2029 531 mensa
2052 520 2068 546 ,
2102 479 2396 542 honoribus
2423 487 2873 568 dignitatibusque
2912 506 3231 574 contemptis
3256 511 3322 564 ad
3353 513 3435 567 lu-

1847 574 1956 622 tum
1982 577 2037 623 et
2063 570 2351 631 latcritium
2377 592 2510 649 opus
2531 587 2812 654 currebat,
2837 604 2899 646 ac
2925 570 3143 651 deliciis
3157 602 3431 671 omnibus,

1843 659 2204 728 voluptatibus
2249 675 2304 721 et
2346 669 2636 728 honoribus
2679 679 3061 746 prmiercndam
3103 659 3435 763 propinquo;

1843 761 1961 802 rum
2011 765 2192 808 curam
2237 758 2624 820 existimabat:
2654 768 2719 822 ad
2753 786 2907 839 quem
2938 777 3120 832 oculos
3161 758 3261 837 iste
3301 758 3432 840 con-

1844 847 2056 897 vertens
2086 847 2424 916 magistratus
2452 868 2640 913 omnes
2667 874 2760 913 sua
2803 861 2855 916 in
2886 868 3136 934 populum
3164 873 3430 930 sollicitu-

1841 928 1966 992 dine
1995 938 2528 1012 commonel'aciebat,
2559 956 2613 1001 et
2651 948 2860 1008 labores
2887 957 3124 1024 perferre
3147 1003 3162 1026 ,
3193 966 3430 1038 undique

1840 1019 2097 1090 divexari,
2128 1042 2286 1098 quam
2319 1037 2698 1104 tranquillitate
2727 1041 2827 1098 frui
2856 1019 3106 1116 malebat,
3139 1019 3202 1107 ac
3229 1019 3423 1126 ρει-[ἓξ

1841 1121 1958 1170 tuas
1989 1117 2040 1172 in
2070 1119 2188 1176 dies
2215 1123 2515 1183 inimicitias
2536 1130 2860 1190 incurrebat.
2891 1139 3263 1201 Verumtamen
3288 1149 3424 1205 levia

1837 1218 1990 1262 erant
2017 1209 2089 1265 illi
2115 1215 2293 1268 omnia
2325 1233 2338 1269 :
2369 1218 2630 1289 siquidem
2657 1239 2723 1279 ex
2751 1225 2814 1280 iis
2840 1229 2998 1284 rebus
3019 1273 3033 1296 ,
3065 1249 3184 1304 quae
3212 1239 3424 1294 accide-

1836 1298 1995 1368 bant,
2041 1303 2285 1361 idoneam
2314 1312 2697 1371 consolationis
2727 1323 3065 1378 occasionem
3107 1330 3417 1398 arripiebat.

1835 1389 1964 1456 Quae
2013 1407 2133 1448 cum
2171 1397 2242 1451 ita
2290 1401 2396 1454 sint
2419 1443 2434 1468 ,
2483 1403 2594 1460 Deo
2632 1410 2832 1477 gratias
2869 1424 3089 1483 agentes
3115 1389 3422 1480 sanctorum

1835 1481 2058 1540 istorum
2087 1488 2310 1547 virtutes
2357 1494 2662 1565 imitemur,
2710 1511 2768 1557 ut
2797 1509 3102 1564 earumdem
3145 1528 3264 1568 cum
3293 1517 3424 1586 ipsis

1833 1587 2150 1632 coronarum
2181 1583 2464 1654 participes
2500 1603 2620 1645 esse
2648 1593 2918 1652 valeamus
2937 1638 2954 1665 ,
2983 1602 3150 1669 gratia
3180 1614 3234 1658 et
3263 1583 3415 1662 beni-

1831 1665 2030 1733 gnitate
2058 1668 2268 1725 Domini
2299 1677 2469 1731 nostri
2491 1678 2618 1735 Jesu
2643 1681 2842 1739 Christi
2869 1727 2884 1752 ,
2916 1665 3011 1758 per
3039 1707 3198 1761 quem
3222 1704 3276 1749 ct
3300 1713 3421 1753 eum

1830 1770 1936 1824 quo
1961 1758 2105 1814 Patri
2127 1777 2336 1834 unaque
2356 1779 2542 1824 sancto
2567 1771 2784 1842 Spiritui
2813 1777 2980 1846 gloria
2996 1823 3011 1848 ,
3042 1758 3212 1839 honor
3232 1795 3288 1841 et
3320 1789 3421 1843 im-

1831 1851 2033 1918 perium
2061 1852 2114 1908 in
2144 1858 2336 1912 saecula
2365 1862 2704 1920 saeculorum.
2738 1868 2930 1925 Amen.

141 2078 1703 2116 nam

1827 2107 2876 2128 ———-————_—————
2903 2101 3396 2136 mm

1551 2386 1992 2448 ADMONITIO.

116 2622 377 2678 secunda
411 2615 720 2677 dicendum.
749 2621 902 2679 Licet
928 2623 1075 2678 enim
1103 2622 1222 2677 hzec
1248 2621 1412 2676 verba
1440 2622 1546 2677 sub
1574 2623 1737 2676 ﬁnem
1767 2622 2010 2679 bomiliae
2034 2643 2047 2680 :
2093 2623 2384 2681 Voluissem
2413 2629 2652 2700 equidem
2687 2629 2744 2682 in
2765 2630 2922 2701 hujus
2954 2637 3211 2705 martyris
3241 2655 3405 2709 argu-

117 2743 305 2789 mento
339 2736 694 2791 exsultantem
725 2739 1019 2794 orationem
1047 2739 1116 2792 ad
1152 2738 1312 2809 ﬁnem
1335 2755 1498 2806 usque
1526 2737 1782 2794 deducere
1809 2755 1828 2794 :
1855 2750 1911 2795 at
1942 2741 2082 2810 justi
2113 2745 2274 2813 spatii
2307 2753 2508 2814 tempus
2535 2747 2767 2814 advenit,
2790 2757 2842 2803 et
2873 2759 2932 2804 ut
2967 2750 3117 2824 [611]
3147 2755 3403 2809 sileamus

116 2854 398 2912 hortatur.
431 2855 575 2910 Nam
601 2866 649 2911 et
678 2857 818 2911 vobis
848 2856 917 2910 ad
950 2856 1238 2911 utilitatem
1267 2857 1378 2911 lucc
1413 2857 1556 2911 dicta
1584 2858 1871 2927 sufﬁciunt,
1900 2871 1947 2914 et
1981 2861 2276 2915 necessaria
2305 2871 2428 2916 sunt
2463 2862 2647 2918 Patris
2672 2865 3012 2936 documenta,
3034 2879 3099 2954 _ut
3127 2871 3272 2926 dicta
3304 2873 3404 2928 illa

116 2973 495 3045 perﬁciantur.
538 2971 707 3035 Licet,
740 2971 985 3042 inquam,
1016 2973 1131 3028 haec
1180 2971 1346 3028 verba
1381 2971 1702 3054 Flavianum
1735 2973 2054 3045 episcopum
2102 2991 2227 3030 mox
2282 2977 2739 3034 conciouaturum
2785 2981 3050 3051 indicent,
3085 2994 3144 3039 ut
3188 2984 3244 3039 in
3274 2985 3400 3040 aliis

123 3088 516 3162 Chrysostomi
561 3089 804 3143 homiliis
838 3103 947 3143 non
981 3086 1357 3157 infrequenter
1387 3085 1902 3153 animadvertimus,
1953 3104 2325 3159 magnumque
2374 3090 2502 3146 hinc
2544 3093 2898 3166 γνησιότητος
2936 3096 3202 3153 indicium
3253 3102 3398 3155 sumi

121 3216 288 3275 posse
324 3201 594 3266 videatur,
642 3210 882 3256 attamen
935 3200 1062 3273 styli
1121 3213 1294 3271 genus
1325 3208 1432 3254 tam
1461 3200 1713 3256 absiniile
1744 3200 1961 3256 videtur
1995 3201 2117 3256 aliis
2160 3201 2542 3275 Chrysostomi
2599 3209 2977 3278 orationibus,
3016 3212 3108 3266 vix
3140 3221 3201 3268 ut
3248 3216 3398 3271 credi

120 3319 304 3388 possit
335 3319 483 3374 hanc
513 3333 634 3374 esse
661 3316 720 3372 S.
751 3317 990 3374 doctoris
1028 3316 1334 3373 homiliam.
1362 3315 1558 3374 Omnia
1587 3318 1675 3373 hic
1705 3320 1878 3391 tropis
1907 3319 2507 3394 exclamationibusque
2540 3325 2872 3393 redundant,
2902 3336 2956 3383 et
3005 3331 3194 3389 nescio
3235 3350 3403 3405 quam

129 3435 584 3507 peregrinitatem
621 3434 790 3502 olent,
818 3433 864 3490 si
895 3449 1020 3490 cum
1045 3434 1480 3505 praecedentibus
1518 3445 1571 3490 et
1600 3436 1959 3506 sequentibus
1999 3435 2363 3492 concioni‘ous
2403 3447 2814 3509 comparentur.
2844 3439 3026 3507 Quare
3066 3444 3395 3502 crediderim

121 3557 310 3625 potius
339 3569 463 3611 esse
499 3554 786 3626 cujusdam
818 3554 1119 3624 presbyteri
1153 3552 1500 3622 Antiocheni,
1547 3556 1640 3626 qui
1677 3555 1780 3612 sub
1823 3554 2087 3612 Flaviano
2133 3555 2376 3610 alternas
2419 3572 2542 3611 cum
2589 3557 2988 3628 Chrysostomo
3029 3563 3399 3622 concionandi

125 3675 312 3735 partes
345 3673 549 3736 ageret.

195 3810 586 3881 lnterpretatio
639 3809 832 3866 Latina
871 3809 1063 3880 primae
1102 3809 1341 3867 homilia:
1373 3819 1458 3867 est
1500 3811 1696 3867 incerti
1729 3809 2040 3882 cujusdam,
2091 3809 2351 3866 secunda:
2403 3826 2530 3868 vero
2584 3811 2878 3871 Frontonis
2933 3814 3151 3884 Ducmi;
3212 3821 3405 3878 ambas

125 3921 337 3992 aliquot
363 3927 415 3979 in
447 3925 580 3983 locis
607 3926 1046 3983 emendavirnus.

549 4175 3389 4208 ._____________________________________

1232 4314 2091 4425 LAUDATIO
2163 4320 2232 4428 1
2337 4314 2342 4319 ’

1255 4537 1476 4582 sanan
1516 4539 1837 4583 MARTYRIS
1866 4539 2110 4588 ROMANI
2167 4533 2268 4605 (a).

1573 4691 1934 4749 eamea

196 4822 244 4876 1.
286 4821 398 4878 Nos
434 4837 606 4876 sumus
643 4818 930 4888 Martyrum
971 4811 1221 4884 membra,
1251 4814 1353 4868 imo
1391 4812 1599 4869 Christi.
1627 4843 1701 4855 —

131 4910 325 4970 Rursus
352 4923 642 4984 martyrum
674 4910 928 4965 memoria
951 4950 967 4977 ,
998 4917 1053 4964 et
1089 4922 1273 4962 rursus
1303 4906 1418 4961 dics
1457 4907 1622 4962 festus
1651 4914 1706 4962 et

131 5004 400 5061 celebritas
423 5002 730 5076 spiritualis.
757 5001 1090 5056 Laborarunt
1117 4999 1212 5064 illi,
1232 5007 1286 5053 et
1307 5012 1403 5052 nos
1425 4997 1700 5052 luctamur:

133 5095 465 5154 decertarunt
501 5098 574 5153 illi
599 5138 614 5165 ,
643 5104 699 5152 et
735 5111 832 5151 nos
860 5095 1186 5151 exsultamus
1217 5111 1230 5146 :
1261 5092 1472 5146 illorum
1503 5100 1585 5146 est
1609 5105 1703 5146 co-

137 5201 256 5242 rona
289 5197 343 5244 ct
368 5188 666 5243 communis
694 5187 859 5258 gloria
885 5227 900 5250 ,
931 5190 1039 5239 imo
1063 5184 1238 5254 potius
1265 5181 1424 5236 totius
1451 5181 1705 5236 Ecclesiae

134 5278 313 5348 gloria.
343 5281 411 5335 Et
436 5279 721 5350 quomodo,
749 5278 890 5333 dicet
917 5277 1198 5346 quispiam,
1227 5283 1408 5344 posset
1429 5274 1530 5329 hoc
1554 5273 1705 5329 ﬁeri?

136 5365 258 5434 Quia
297 5380 472 5442 partes
513 5381 567 5425 et
605 5369 844 5425 membra
885 5377 1064 5421 nostra
1097 5375 1220 5421 sunt
1248 5374 1508 5436 martyres
1541 5385 1553 5420 :
1587 5365 1706 5420 Sire

138 5467 294 5514 autem
336 5463 524 5534 patitur
563 5477 721 5514 unum
764 5457 1075 5524 membrum,
1121 5459 1494 5528 compatiuntur
1536 5457 1705 5512 omnia

196 5571 270 5637 (tl)
296 5574 472 5627 collata
491 5585 600 5626 cum
621 5573 764 5626 Codd.
790 5579 940 5637 Regg.
969 5569 1090 5622 1959
1116 5575 1169 5621 et
1190 5567 1326 5640 3545.

1809 4818 2031 4873 membra
2061 4835 2081 4874 :
2102 4819 2206 4874 sive
2230 4819 2546 4892 gloriﬁcatur
2570 4837 2727 4875 unum
2756 4821 3052 4888 membrum,
3081 4823 3403 4894 congaudent

1808 4912 1979 4966 omnia
2006 4913 2226 4966 membra
2259 4912 2354 4984 (1.
2379 4912 2498 4968 Cor.
2532 4913 2617 4968 12.
2645 4911 2774 4985 26).
2801 4914 2972 4984 Caput
2999 4927 3316 4981 coronatur,
3345 4927 3400 4970 et

1807 5001 2072 5072 reliquum
2115 5017 2308 5074 corpus
2353 5005 2582 5060 exsultat
2613 5023 2627 5060 :
2657 5020 2795 5061 unus
2832 5014 2914 5061 est
2955 5007 3125 5061 victor
3163 5007 3215 5061 in
3261 5007 3399 5060 ludis

1807 5092 2096 5166 Olympicis
2114 5137 2130 5163 ,
2160 5106 2214 5152 et
2243 5105 2384 5152 totus
2419 5099 2614 5170 gaudet
2642 5099 2869 5170 populus
2889 5140 2904 5164 ,
2933 5100 3246 5170 magnisque
3272 5114 3398 5152 eum

1809 5183 2053 5242 laudibus
2073 5187 2289 5257 excipit.
2315 5188 2370 5244 Si
2391 5199 2567 5244 autem
2596 5189 2647 5244 in
2675 5190 2968 5262 Olympicis
2990 5189 3394 5250 certaminibus,

1807 5278 1898 5349 qui
1924 5278 2054 5332 nihil
2079 5279 2146 5334 ad
2177 5279 2298 5334 illos
2321 5281 2544 5338 sudores
2569 5282 2942 5348 contulerunt,
2973 5289 3117 5335 tanta
3149 5280 3395 5335 fruuntur

1809 5370 2116 5440 voluptate:
2147 5372 2314 5426 multo
2355 5373 2523 5444 magis
2556 5373 2657 5428 hoc
2694 5373 2788 5428 ﬁet
2819 5373 2873 5428 in
2909 5371 3123 5428 athletis
3163 5372 3394 5442 pietatis.

1808 5459 1916 5515 Nos
1957 5459 2121 5531 pedes
2165 5477 2382 5528 sumus,
2423 5473 2684 5534 martyres
2721 5473 2898 5519 autem
2935 5472 3112 5533 caput.
3142 5462 3246 5518 Sed
3289 5479 3396 5518 non

1810 5563 1986 5625 potest
2022 5563 2181 5627 caput
2223 5555 2399 5614 dicere
2435 5556 2690 5629 pedibus,
2721 5555 2898 5614 Vestri
2947 5570 3055 5611 non
3102 5570 3234 5627 egeo
3271 5553 3398 5627 (ιζ’.
