3860 6286
460 360 558 413 80?

462 491 507 528 υ.
539 471 655 544 21).
683 469 922 529 Gloriosa
953 475 1074 524 sunt
1102 466 1359 530 membra,
1391 464 1481 517 sed
1521 461 1702 530 gloria!
1729 456 2038 513 excellentia

464 580 570 618 non
600 563 767 616 aliena
799 561 881 612 illa
913 557 1035 611 facit
1063 571 1092 609 a
1122 555 1492 623 conjunctione
1513 593 1528 617 ,
1556 567 1672 621 qua:
1701 560 1782 604 est
1807 563 1927 602 cum
1955 561 2040 600 re-

466 654 622 722 liquis
657 652 890 720 partibus
914 650 929 679 ⁸
961 665 974 701 :
1009 657 1132 700 tunc
1161 646 1300 698 enim
1338 643 1470 696 fiunt
1508 642 1736 694 maxime
1775 638 2003 708 gloriosa
2027 677 2043 703 ,

469 743 676 812 quando
699 756 816 795 eam
843 780 854 802 ,
883 754 1004 808 quae
1032 737 1306 791 nobiscum
1330 744 1414 789 est
1439 773 1454 800 ,
1487 731 1914 800 conjuncdonem
1941 742 2045 781 non

471 833 776 902 abruperint
806 848 820 884 :
850 847 974 883 nam
1019 829 1204 882 oculus
1241 840 1450 895 quoque
1474 865 1488 890 ,
1529 825 1650 877 licet
1691 820 1896 889 reliquo
1941 827 2050 871 toto

472 937 694 992 corpore
715 923 785 975 sit
808 918 1151 989 splendidior,
1175 931 1324 970 suam
1353 926 1476 969 tunc
1498 913 1719 982 gloriam
1747 917 2047 972 conservat,

469 1013 677 1083 quando
715 1027 744 1063 a
786 1011 989 1079 reliquo
1032 1021 1260 1076 corpore
1302 1020 1408 1059 non
1446 1003 1790 1058 abscinditur.
1833 1000 1897 1054 Et
1925 997 2048 1067 quid

469 1105 538 1159 de
565 1103 884 1173 martyribus
914 1100 1071 1154 dico?
1109 1099 1162 1153 Si
1199 1098 1340 1151 enim
1384 1095 1638 1150 Dominus
1681 1094 1915 1161 ipsorum
1955 1104 2054 1142 no-

472 1208 638 1250 strnm
668 1203 824 1263 caput
849 1193 960 1247 fieri
994 1208 1099 1246 non
1135 1190 1378 1254 erubuit,
1417 1188 1582 1241 multo
1618 1184 1784 1254 magis
1810 1183 1908 1252 ipsi
1933 1194 2053 1236 esse
2096 1249 2101 1259 _

473 1297 652 1342 nostra
680 1287 916 1340 membra
943 1301 1046 1336 non
1071 1282 1393 1336 erubescunt
1421 1297 1437 1333 :
1466 1279 1659 1332 habent
1685 1277 1824 1331 enim
1851 1273 2056 1327 radica-

476 1388 582 1431 tam
606 1378 877 1431 caritatem
904 1393 917 1429 :
944 1375 1078 1427 solet
1109 1382 1286 1426 autem
1313 1371 1504 1424 caritas
1533 1383 1594 1423 ea
1615 1409 1629 1433 ,
1655 1383 1774 1436 qua:
1801 1376 1922 1420 sunt
1947 1364 2057 1418 dis-

468 1449 687 1538 juncta,
727 1467 1052 1536 conjungere
1092 1473 1146 1518 et
1189 1464 1437 1532 colligare
1458 1504 1471 1527 ,
1511 1475 1679 1530 neque
1706 1459 1772 1514 de
1802 1458 2055 1527 dignitate

477 1559 764 1613 admodum
795 1567 1036 1612 accurate
1063 1555 1300 1625 inquirit.
1330 1555 1475 1608 Sicut
1500 1568 1624 1622 ergo
1658 1552 1754 1620 ipsi
1786 1550 2053 1620 peccanti-

479 1652 577 1705 bus
606 1650 756 1703 nobis
781 1649 964 1703 dolore
989 1647 1144 1714 simul
1176 1645 1497 1710 afficiuntur,
1528 1646 1594 1697 ita
1626 1659 1722 1697 nos
1748 1643 1905 1696 etiam
1934 1656 2054 1695 cum

477 1748 558 1798 eis
604 1743 656 1795 in
694 1751 837 1796 recte
881 1739 1031 1794 factis
1068 1753 1250 1792 eorum
1295 1738 1553 1791 fartamur.
1595 1736 1683 1791 Sic
1711 1735 1868 1788 etiam
1900 1733 2058 1802 jussit

479 1834 673 1890 Paulus
698 1833 927 1904 gaudere
955 1848 1072 1886 cum
1100 1829 1471 1900 gaudentibus,
1502 1838 1555 1882 et
1579 1827 1709 1882 flere
1734 1841 1852 1879 cum
1882 1825 2058 1879 ﬂenti-

479 1925 578 1979 bus
605 1925 780 1994 (Rom.
815 1923 901 1977 12.
941 1924 1042 1991 I5).
1089 1922 1193 1976 Sed
1239 1921 1366 1974 flere
1405 1919 1614 1989 quidem
1650 1934 1769 1972 cum
1811 1917 2058 1972 flentibus

481 2016 634 2070 facile
663 2025 761 2079 est,
796 2014 1025 2083 gaudere
1050 2023 1225 2066 autem
1251 2027 1369 2066 eum
1400 2011 1748 2083 gaudentibus
1776 2025 1881 2062 non
1909 2008 2058 2061 facile

477 2107 759 2162 admodum
789 2124 801 2159 :
825 2105 1030 2160 facilius
1051 2106 1191 2159 enim
1218 2119 1338 2158 cum
1365 2103 1448 2166 iis,
1473 2102 1562 2172 qui
1589 2103 1643 2155 in
1668 2098 2057 2155 calamitatibus

478 2208 622 2264 sunt,
649 2199 910 2260 dolemus,
938 2212 1094 2266 quam
1121 2211 1242 2250 eum
1274 2195 1358 2258 iis,
1387 2194 1576 2263 quibus
1604 2202 1725 2247 sunt
1755 2207 1841 2245 res
1871 2205 2060 2244 secun-

478 2291 594 2354 dze,
625 2289 931 2359 gaudemus.
964 2287 1093 2340 Nam
1125 2287 1229 2340 illic
1258 2285 1468 2354 quidem
1500 2285 1609 2353 ipsa
1632 2282 1944 2336 calamitatis
1967 2296 2058 2333 na-

481 2392 597 2433 tura
623 2388 793 2448 potest
821 2379 902 2433 vel
929 2378 1153 2446 lapidem
1178 2377 1392 2430 flectere
1411 2375 1474 2427 ad
1500 2373 2014 2438 commiseraticnem
2040 2387 2054 2423 :

480 2470 568 2524 hic
604 2479 780 2523 autem
809 2469 862 2522 in
890 2467 1049 2522 rebus
1087 2467 1358 2536 prosperis
1401 2464 1594 2518 invidia
1631 2475 1685 2518 et
1723 2464 1855 2516 livor
1895 2478 2016 2516 eum
2041 2502 2056 2526 ,

478 2563 566 2632 qui
597 2578 700 2616 non
738 2562 894 2616 valde
924 2559 1323 2631 philosophatur
1346 2602 1360 2624 ,
1392 2573 1496 2612 non
1535 2558 1660 2610 sinit
1689 2556 1826 2611 effici
1853 2556 2056 2611 socium

488 2653 783 2723 voluptatis.
810 2653 938 2706 Nam
965 2650 1406 2721 quemadmodum
1433 2649 1623 2702 caritas
1645 2662 1728 2713 ea,
1753 2663 1870 2715 qua:
1889 2646 2056 2700 divisa

479 2755 623 2808 sunt,
652 2743 927 2812 conjungit
949 2752 1005 2798 ct
1029 2742 1241 2811 colligat
1268 2759 1281 2793 :
1309 2741 1387 2794 sic
1414 2740 1572 2794 etiam
1604 2737 1797 2792 invidia
1825 2752 1910 2803 ea,
1940 2752 2059 2806 qua:

480 2837 623 2890 unita
653 2844 808 2900 sunt,
837 2835 1039 2889 dividit.
1065 2833 1449 2900 Quamobrem,
1473 2846 1568 2886 oro
1597 2845 1690 2886 vos
1711 2871 1725 2894 ,
1752 2829 2058 2886 studeamus

477 2924 711 2994 gaudere
738 2939 858 2980 cum
899 2923 981 2988 iis,
1009 2924 1096 2994 qui
1129 2932 1274 2978 recte
1303 2938 1413 2977 rem
1444 2929 1652 2991 gerunt,
1687 2928 1744 2973 ut
1772 2919 2001 2973 animam
2027 2933 2056 2972 a

479 3016 646 3069 livore
685 3025 842 3084 atque
881 3013 1076 3068 invidia
1116 3028 1469 3084 cxpurgemus
1503 3031 1516 3066 :
1549 3011 1678 3065 nihil
1723 3011 1863 3065 enim
1908 3025 2058 3078 aeque

477 3108 724 3161 morbum
761 3107 903 3162 hunc
940 3123 1153 3178 gravem
1185 3117 1478 3176 curatoque
1503 3104 1772 3160 difficilem
1801 3103 2053 3172 expellit,

475 3207 634 3269 atque
664 3215 785 3254 cum
823 3200 888 3253 lis
911 3242 925 3265 ,
953 3199 1041 3268 qui
1083 3199 1273 3252 vivunt
1299 3198 1350 3251 in
1379 3198 1574 3251 virtute
1593 3236 1609 3262 ,
1640 3194 1889 3266 gaudere.
1918 3189 2055 3248 Audi

475 3289 650 3359 itaque
673 3305 828 3358 quam
855 3303 1093 3343 summus
1115 3288 1168 3342 in
1195 3287 1277 3342 his
1299 3289 1532 3358 utrisque
1557 3287 1626 3341 sit
1654 3285 1845 3339 Paulus
1870 3302 1882 3337 :
1909 3283 2054 3350 Quis,

475 3380 665 3450 inquit,
693 3380 998 3448 infirmatur,
1029 3390 1074 3432 et
1106 3397 1194 3448 ego
1236 3397 1336 3433 non
1364 3378 1633 3448 inﬁrmor?
1658 3379 1770 3448 quis
1797 3377 2054 3431 scandali-

472 3480 639 3536 zatur,
666 3479 711 3522 et
737 3486 827 3539 ego
862 3487 961 3523 non
987 3487 1106 3522 uror
1131 3469 1211 3539 (2.
1237 3469 1352 3524 Cor.
1384 3470 1470 3524 H.
1502 3468 1636 3541 29)?
1666 3469 1778 3522 Non
1808 3467 1959 3529 dixit,
1991 3466 2057 3520 Et

475 3575 577 3630 ego
615 3560 857 3614 molestia
887 3576 991 3614 non
1028 3559 1233 3614 afficior
1263 3579 1274 3613 :
1305 3559 1422 3625 sed,
1456 3559 1564 3629 Ego
1595 3575 1696 3612 non
1728 3575 1868 3624 uror,
1901 3557 2050 3621 dixit,

472 3651 662 3704 ureudi
700 3650 861 3705 verbo
904 3665 1168 3704 summum
1207 3649 1360 3704 nobis
1391 3650 1627 3703 dolorem
1659 3649 1840 3703 volens
1869 3655 2052 3702 osten-

471 3744 617 3797 dere.
656 3744 718 3798 Et
763 3759 946 3797 rursus
981 3742 1047 3796 ad
1091 3743 1225 3797 alios
1266 3742 1507 3796 scribens
1545 3740 1700 3804 dicit,
1744 3740 1868 3796 Sine
1913 3739 2054 3792 nobis

469 3837 763 3907 regnavistis
787 3851 806 3890 :
825 3844 870 3888 et
890 3837 1083 3890 utinam
1108 3835 1476 3907 regnavissetis,
1501 3844 1554 3888 ut
1575 3851 1664 3888 nos
1685 3851 1878 3906 quoque
1902 3832 2054 3886 simul

469 3928 719 3980 vobiscum
744 3942 1067 3997 regnaremus
1096 3927 1170 3999 (Ι.
1209 3926 1325 3980 Cor.
1359 3929 1409 3980 4.
1440 3924 1527 3996 8).
1561 3927 1627 3980 Ει
1656 3939 1869 3989 rursus,
1900 3924 2054 3978 Nunc

467 4018 676 4072 uiuimus
695 4059 710 4083 ,
739 4019 781 4070 si
809 4032 895 4072 vos
921 4019 1062 4072 statis
1086 4019 1140 4072 in
1170 4017 1387 4072 Domino
1421 4017 1497 4087 (i.
1528 4017 1702 4072 Thess.
1735 4019 1786 4072 5.
1817 4016 1893 4090 8).
1923 4017 2052 4072 Vide

468 4118 793 4179 quantopere
838 4110 1120 4176 studebat,
1156 4118 1212 4164 ut
1245 4125 1331 4166 res
1361 4109 1580 4164 fratrum
1622 4117 1766 4164 recte
1796 4123 1854 4164 se
1885 4108 2051 4162 habe-

467 4209 622 4259 rent.
653 4202 741 4258 oui
787 4217 883 4256 nec
922 4217 981 4258 se
1022 4203 1202 4256 vivere
1240 4201 1456 4273 quidem
1495 4201 1863 4268 existimabat,
1897 4201 1940 4254 si
1977 4199 2050 4254 illi

465 4292 597 4346 salvi
626 4308 730 4346 non
760 4302 959 4347 essent.

537 4385 734 4439 Caritas
753 4386 860 4438 sine
880 4385 1120 4454 martyrio
1151 4384 1380 4452 prodest;
1403 4385 1698 4454 martyrium
1718 4383 1824 4437 sine
1846 4384 2052 4436 caritate

464 4492 566 4528 non
607 4476 827 4546 prodest.
882 4475 1114 4530 Romano
1156 4475 1329 4544 lingua
1367 4485 1656 4544 amputatur
1696 4491 1714 4529 :
1749 4476 1948 4545 quare?
1979 4506 2052 4515 —

463 4565 637 4621 Ilomo
663 4567 752 4637 qui
791 4566 856 4620 ad
901 4565 1112 4620 tertium
1137 4566 1323 4619 castum
1357 4575 1538 4634 raptus
1567 4565 1774 4632 fuerat,
1806 4575 1964 4636 atque
1995 4567 2047 4620 in

466 4658 769 4728 paradisum
806 4658 1013 4712 delatus
1038 4699 1052 4723 ,
1080 4665 1132 4712 et
1161 4657 1248 4726 qui
1288 4657 1660 4726 mysteriorum
1707 4656 2048 4711 ineffabilium

463 4749 728 4819 particeps
757 4747 947 4812 fuerat,
979 4756 1281 4816 tantamque
1305 4746 1442 4815 apud
1473 4746 1639 4800 Deum
1668 4745 1910 4800 fiduciam
1940 4747 2050 4802 fue-

466 4849 550 4894 rat
579 4847 895 4908 aSsequutus
919 4881 934 4904 ,
968 4838 1177 4892 illorum
1208 4839 1467 4892 bonorum
1509 4851 1723 4892 sensum
1755 4852 1861 4891 non
1893 4837 2048 4893 valde

463 4930 778 4999 accipiebat,
806 4929 906 4984 nisi
933 4929 1092 4984 etiam
1121 4930 1311 4984 fratres
1337 4944 1516 4984 secum
1545 4931 1720 4985 salvos
1745 4945 1864 4985 esse
1889 4930 2048 4985 vidis-

462 5033 564 5077 set.
593 5021 808 5078 Sciebat
834 5021 1007 5086 enim,
1043 5020 1198 5090 plane
1239 5021 1475 5087 sciebat,
1509 5021 1729 5076 caritate
1767 5022 1896 5075 nihil
1926 5037 2047 5077 esse

461 5117 654 5185 majus,
685 5115 816 5170 nihil
850 5115 946 5185 ipsi
980 5130 1075 5184 par
1102 5129 1254 5180 esse;
1286 5128 1386 5168 nec
1413 5114 1583 5184 ipsum
1608 5115 1820 5184 quidem
1848 5124 2047 5186 marty-

462 5209 598 5262 rium
624 5250 638 5273 ,
668 5207 808 5278 quod
835 5217 994 5276 caput
1019 5205 1254 5260 omnium
1282 5215 1364 5260 est
1391 5205 1670 5260 bonorum.
1699 5207 1814 5274 Quo
1837 5223 1965 5261 vero
1992 5207 2044 5261 id

463 5299 674 5355 tandem
705 5298 864 5355 modo
888 5340 903 5364 ,
932 5299 1010 5353 sic
1045 5297 1210 5352 disce.
1258 5297 1387 5352 Nam
1425 5299 1614 5352 caritas
1640 5298 1851 5368 quidem
1882 5301 2042 5352 etiam

459 5394 662 5463 absque
702 5393 957 5466 martyrio
981 5390 1178 5447 Christi
1215 5392 1501 5462 discipulos
1535 5394 1658 5447 facit
1687 5411 1701 5447 :
1729 5394 2040 5462 martyrium

459 5495 636 5540 autem
680 5486 795 5540 sine
833 5486 1054 5541 caritate
1093 5484 1266 5541 facere
1305 5485 1358 5539 id
1397 5501 1502 5539 non
1543 5495 1731 5555 potest.
1764 5484 2039 5540 Undenam

463 5575 566 5630 hoc
610 5577 734 5630 sciri
781 5576 994 5645 potest?
1032 5576 1114 5630 Ab
1159 5577 1287 5646 ipsis
1328 5576 1523 5631 Christi
1570 5577 1746 5631 verbis
1781 5593 1795 5630 :
1831 5578 2038 5631 dicebat

460 5667 604 5721 enim
644 5667 912 5740 discipulis
942 5685 957 5722 :
987 5667 1052 5723 In
1088 5670 1182 5722 hoc
1209 5682 1502 5741 cognoscent
1531 5689 1700 5727 omnes
1723 5671 1858 5741 quod
1884 5671 2009 5726 disci
2020 5699 2039 5712 -

525 5780 546 5813 ι
581 5787 708 5830 Unus
736 5787 850 5843 Reg.
876 5789 980 5838 Msa,
1004 5784 1242 5836 tm‘tttllt‘is.

1204 353 1263 408 S.
1304 349 1574 406 JG.\.\'.\'iS
1611 341 2081 402 CHi‘tYSOS-TOMI
2122 341 2434 396 ARCI‘HEP.
2477 340 3014 397 CONSTANTINOP.

3649 339 3745 392 eos

3530 451 3690 466 --υ

2153 455 2266 522 puli
2292 453 2390 507 mei
2417 453 2566 519 estis,
2592 454 2636 507 si
2663 469 2746 506 vos
2775 453 2982 506 invicem
3009 451 3230 522 diligatis
3253 450 3270 520 (
3293 451 3450 504 Joan.
3489 451 3589 505 15.
3621 453 3692 506 55
3712 456 3748 522 ).

2152 547 2290 601 Εεεε
2314 548 2508 600 caritas
2537 546 2653 600 sine
2689 546 2943 616 martyrio
2969 543 3255 612 discipulos
3287 543 3429 596 facit.
3466 542 3637 608 Quod
3665 559 3753 595 au-

2153 647 2258 691 tem
2302 637 2610 708 martyrium
2655 637 2771 691 sine
2814 635 3034 689 caritate
3081 649 3183 687 non
3228 633 3398 688 solum
3447 633 3754 700 discipulos

2153 745 2256 782 non
2287 726 2463 792 faciat,
2493 727 2587 782 sed
2619 741 2716 780 nec
2745 728 2907 794 prosit
2937 725 3148 795 quidem
3181 725 3415 793 patienti,
3449 725 3590 777 audi
3618 724 3752 776 Pau-

2155 821 2260 874 lum
2287 820 2549 874 dicentem
2582 838 2596 874 :
2624 819 2684 874 Si
2721 820 2973 872 tradidero
3001 835 3185 887 corpus
3223 835 3387 870 meum
3405 860 3418 880 ,
3448 828 3512 870 ut
3541 817 3750 869 combu-

2154 928 2240 964 rar
2260 951 2274 975 ,
2304 913 2562 964 caritatem
2601 921 2766 964 autem
2804 927 2904 964 non
2933 909 3182 976 habuero,
3211 907 3344 962 nihil
3383 909 3518 961 mihi
3551 909 3751 977 prodest

2157 1004 2232 1074 (l.
2260 1002 2378 1057 Cor.
2413 1004 2495 1057 15.
2524 1003 2603 1075 5).

2225 1095 2278 1148 2.
2310 1095 2594 1163 Propterea
2624 1103 2862 1148 sanctum
2893 1094 3032 1149 hunc
3061 1095 3289 1148 maxime
3313 1094 3510 1164 diligo,
3538 1094 3632 1163 qui
3665 1109 3752 1146 nos

2159 1186 2314 1240 hodie
2339 1188 2708 1256 congregavit,
2747 1185 2955 1240 beatum
2994 1185 3205 1255 inquam
3241 1186 3558 1240 Romanum
3581 1225 3595 1250 ,
3626 1200 3753 1253 quo-

2160 1280 2299 1331 niam
2325 1293 2442 1332 cum
2476 1266 2729 1348 martyrio
2764 1292 3006 1345 magnam
3035 1292 3242 1346 quoque
3272 1277 3322 1330 in
3353 1277 3644 1330 Christum
3669 1291 3750 1328 ca-

2161 1373 2366 1424 ritatem
2391 1368 2621 1424 ostendit
2646 1386 2660 1424 :
2684 1368 3024 1437 quamobrem
3053 1368 3097 1420 ei
3125 1383 3332 1437 quoque
3356 1377 3557 1421 sancta
3585 1368 3750 1436 lingua

2161 1460 2258 1514 fuit
2280 1468 2564 1529 amputata.
2596 1459 2803 1513 Etenim
2836 1459 2936 1512 hoc
2959 1474 3167 1528 quoque
3188 1460 3503 1514 examinare
3537 1476 3638 1529 par
3657 1470 3747 1525 est,

2161 1565 2386 1621 quanam
2417 1549 2484 1604 de
2512 1564 2668 1604 causa
2697 1565 2800 1602 non
2841 1548 2906 1602 ad
2945 1550 3043 1602 alia
3074 1549 3252 1616 utique
3283 1561 3560 1606 tormenta
3583 1557 3746 1618 ,‘snp-

2163 1644 2315 1715 plicia
2346 1659 2398 1698 et
2427 1643 2689 1697 cruciatus
2718 1643 2958 1697 diabolus
2987 1659 3107 1698 eum
3146 1643 3457 1708 deduxerit,
3509 1645 3612 1699 sed
3655 1645 3748 1698 lin-

2161 1751 2314 1804 guam
2345 1735 2391 1789 ei
2422 1733 2722 1789 absciderit.
2753 1733 2867 1787 Non
2908 1735 3049 1788 enim
3094 1735 3194 1789 hoc
3235 1745 3430 1790 temere
3464 1737 3602 1790 fecit
3623 1778 3636 1797 ,
3668 1737 3750 1791 sed

2162 1827 2390 1880 maxima
2415 1840 2534 1880 eum
2562 1825 2758 1879 malitia
2790 1841 2803 1877 :
2833 1841 2954 1878 nam
2984 1826 3170 1880 callida
3193 1834 3246 1879 et
3267 1827 3510 1881 malefica
3536 1838 3622 1881 est
3649 1827 3750 1882 luce

2162 1917 2329 1971 bestia
2352 1959 2366 1984 ,
2394 1915 2631 1985 nihilque
2657 1931 2759 1969 non
2791 1915 2915 1970 facit
2939 1927 2992 1971 et
3021 1927 3197 1971 movet
3225 1918 3484 1973 adversus
3515 1930 3749 1973 nostram

2161 2008 2407 2061 Salutem.
2445 2016 2562 2078 Age
2602 2021 2727 2076 ergo
2757 2008 3118 2062 examinemus
3140 2051 3153 2071 ,
3185 2023 3278 2063 cur
3309 2010 3373 2063 ad
3415 2011 3622 2080 lingua:
3646 2011 3747 2076 ejus

2163 2099 2579 2171 amputationem
2623 2099 2878 2167 processit
2906 2119 2918 2153 :
2951 2116 3132 2154 verum
3171 2102 3323 2168 paulo
3352 2102 3516 2157 altius
3557 2103 3746 2170 repeti-

2165 2201 2270 2245 tam
2300 2192 2596 2246 orationem
2629 2189 2964 2243 instituamus
2997 2209 3012 2249 :
3041 2193 3117 2246 sic
3143 2193 3282 2246 enim
3315 2193 3553 2247 sciemus
3581 2205 3634 2247 et
3667 2195 3746 2248 Dei

2163 2282 2581 2352 benignitatem,
2633 2290 2686 2334 et
2731 2283 2980 2351 martyris
3030 2285 3400 2346 tolerantiam,
3452 2294 3506 2338 et
3558 2285 3743 2340 diaboli

2164 2373 2541 2443 malignitatem
2570 2391 2583 2426 :
2621 2381 2669 2424 et
2702 2386 2822 2425 cum
2861 2373 2952 2428 Dei
2982 2373 3192 2441 quidem
3226 2375 3574 2430 didicerimus
3603 2376 3743 2429 beni-

2162 2465 2448 2534 gnitatem,
2482 2463 2711 2520 Domino
2745 2463 2942 2532 gratias
2983 2478 3235 2533 agemus;
3280 2469 3532 2538 martyris
3572 2479 3739 2522 autem

2163 2556 2368 2624 cognita
2417 2556 2666 2625 patientia
2716 2569 3026 2608 conservum
3079 2556 3436 2622 imitabimur;
3486 2559 3739 2614 intellecta

2162 2662 2290 2702 vcro
2323 2648 2512 2702 diaboli
2561 2650 2758 2703 malitia
2798 2647 3019 2704 omnino
3055 2648 3416 2703 aversabimur
3450 2652 3734 2706 inimicum.

2163 2739 2447 2808 Propterea
2485 2741 2625 2795 enim
2669 2741 2808 2796 Deus
2849 2739 2967 2812 ejus
3007 2739 3456 2795 machinationum
3504 2744 3735 2798 notitiam

2162 2830 2306 2884 dedit
2335 2831 2506 2895 nobis,
2532 2841 2589 2886 ut
2611 2848 2732 2887 eum
2762 2834 2927 2904 magis
2953 2829 3079 2890 odio
3109 2831 3382 2900 habentes,
3412 2831 3624 2888 facilius
3658 2851 3734 2888 su-

2163 2937 2425 2991 peremus.
2476 2923 2626 2988 Quod
2671 2924 2811 2980 enim
2858 2926 3104 2996 cognosci
3147 2924 3352 2996 possint
3395 2927 3733 2991 cogitationes

2162 3015 2296 3084 ejus,
2320 3015 2438 3070 audi
2466 3016 2586 3085 quid
2614 3017 2755 3071 dicat
2783 3012 2975 3073 Paulus
2999 3019 3066 3074 de
3090 3034 3175 3087 eo,
3198 3021 3284 3090 qui
3313 3015 3610 3074 fornicatus
3634 3016 3730 3070 fue-

2161 3119 2243 3162 rat
2273 3126 2285 3160 :
2316 3109 2380 3161 ad
2412 3106 2716 3163 Corinthios
2745 3112 2883 3164 enim
2913 3110 3151 3166 scribens
3178 3115 3255 3166 sic
3289 3114 3361 3166 ait
3389 3129 3402 3166 :
3433 3109 3730 3180 Conﬁrmat:

2160 3193 2211 3245 in
2240 3196 2405 3260 ipsum
2430 3194 2688 3246 caritatem
2707 3234 2721 3256 ,
2751 3201 2803 3246 ut
2838 3211 2938 3248 non
2965 3196 3409 3250 circumveniamur
3433 3214 3468 3250 α
3495 3198 3686 3252 Salano
3710 3213 3728 3249 :

2161 3301 2258 3338 non
2284 3285 2417 3338 enim
2451 3286 2776 3355 cogitationes
2805 3286 2912 3356 ejus
2948 3287 3236 3359 ignoramus
3268 3289 3350 3360 (‘2.
3379 3289 3501 3344 Cor.
3531 3290 3586 3343 2.
3615 3290 3662 3345 8.
3690 3299 3728 3340 et

2161 3375 2268 3445 11).
2294 3375 2546 3442 Qumnam
2567 3387 2649 3430 est
2673 3392 2800 3447 ergo
2820 3393 2997 3444 causa,
3023 3390 3238 3449 propter
3257 3396 3411 3450 quam
3434 3381 3484 3435 ei
3510 3382 3724 3450 linguam

2158 3467 2484 3536 amputavit?
2518 3467 2804 3523 Concedite
2843 3479 2898 3523 ut
2938 3486 3049 3525 rem
3090 3471 3243 3540 paulo
3279 3471 3438 3525 altius
3480 3481 3722 3541 repetam.

2159 3555 2331 3613 Grave
2356 3558 2551 3613 bellum
2583 3559 2681 3614 fuit
2707 3560 2990 3631 aliquando
3027 3563 3280 3616 adversus
3310 3563 3578 3618 Eeclesias
3601 3562 3729 3617 exei-

2159 3658 2360 3717 tatum,
2402 3667 2507 3706 non
2547 3651 2788 3706 barbaris
2831 3653 3087 3708 adversus
3131 3655 3372 3709 civitates
3409 3654 3724 3709 incursiones

2158 3740 2472 3796 facientibus
2493 3783 2507 3807 ,
2540 3757 2640 3798 nec
2667 3744 2788 3798 ullis
2813 3744 3124 3815 alienigenis
3144 3788 3158 3808 ,
3186 3745 3281 3800 sed
3315 3747 3379 3800 iis
3397 3787 3410 3807 ,
3439 3748 3530 3816 qui
3561 3756 3725 3800 nostro

2157 3832 2280 3887 huic
2311 3843 2572 3888 terrarum
2614 3835 2730 3890 orbi
2773 3851 3003 3906 praeesse
3041 3835 3383 3901 videbantur,
3417 3837 3719 3897 immanius,

2157 3942 2314 3997 quam
2348 3928 2552 3997 tyranni
2583 3929 2822 3998 quilibet,
2852 3929 3196 3982 tractantibus
3224 3945 3335 3991 eos,
3369 3929 3459 3998 qui
3505 3931 3719 4000 ipsorum

2157 4019 2381 4087 imperio
2404 4019 2674 4088 parebant.
2698 4019 2813 4074 Non
2839 4019 2979 4074 enim
3006 4021 3176 4074 solum
3207 4021 3442 4087 libertas,
3470 4033 3523 4078 et
3550 4023 3718 4092 patria,

2156 4121 2208 4166 et
2236 4112 2494 4181 pecuniae,
2527 4121 2580 4166 et
2609 4128 2844 4182 prtesens
2872 4113 2977 4167 vita
3009 4125 3132 4168 tunc
3161 4115 3212 4168 in
3242 4117 3535 4184 periculum
3563 4116 3722 4169 venie-

2155 4204 2278 4270 bat;
2311 4204 2404 4259 sed
2444 4220 2665 4274 regnum
2692 4205 2942 4260 caelorum
2963 4247 2979 4270 ,
3009 4216 3062 4261 et
3098 4207 3233 4261 bona
3269 4225 3386 4277 qua:
3424 4209 3584 4279 justis
3617 4218 3720 4263 sunt

2155 4297 2384 4365 reposita
2405 4339 2418 4361 ,
2445 4297 2658 4367 vitaque
2687 4298 3000 4354 immortalis
3037 4310 3091 4356 et
3129 4302 3320 4356 Christi
3348 4305 3630 4359 confessio.
3657 4304 3720 4356 Ac

2155 4403 2325 4442 novus
2349 4405 2558 4460 quoque
2584 4391 2900 4460 captivitatis
2928 4392 3116 4446 modus
3140 4394 3468 4463 excogitatus
3490 4407 3571 4449 est
3595 4415 3605 4448 :
3629 4409 3716 4448 non

2155 4483 2295 4537 enim
2326 4497 2389 4537 ex
2417 4499 2498 4547 ea,
2529 4499 2645 4552 qua:
2669 4482 2754 4537 hic
2779 4493 2879 4550 est,
2908 4484 3119 4539 civitate
3147 4486 3505 4553 expellebant,
3533 4488 3622 4542 sed
3645 4502 3718 4539 su-

2154 4591 2316 4646 perna
2346 4575 2659 4640 Jerusalem,
2684 4591 2802 4645 qua:
2826 4587 2907 4631 est
2935 4577 3122 4640 libera,
3153 4578 3360 4646 privare
3385 4582 3716 4642 conabantur,

2152 4677 2207 4721 et
2236 4683 2666 4737 unumquemque
2693 4668 2742 4721 in
2770 4668 3024 4722 altaribus
3052 4670 3282 4724 animam
3315 4673 3612 4728 sacrificare
3638 4687 3718 4726 eo-

2151 4759 2366 4829 gebant,
2390 4774 2451 4813 ac
2475 4773 2628 4814 suum
2657 4760 2934 4815 Dominum
2960 4761 3224 4831 ahjurare,
3249 4778 3413 4833 seque
3433 4763 3714 4818 daemonum

2153 4851 2415 4920 tyrannidi
2445 4851 2706 4920 subjicere
2725 4893 2739 4916 ,
2771 4862 2823 4908 et
2864 4854 3190 4922 perniciosos
3221 4856 3512 4926 salutisque
3540 4866 3716 4912 nosme

2151 4944 2333 5000 hostes
2360 4947 2633 5002 dazmones
2663 4948 2839 5002 colere
2858 4990 2872 5014 ,
2906 4949 3044 5018 quod
3073 4949 3218 5004 mille
3244 4952 3502 5006 mortibus
3529 4959 3581 5006 et
3603 4964 3716 5021 qua-

2150 5038 2230 5092 vis
2254 5037 2495 5107 gehenna
2525 5039 2735 5109 gravius
2757 5049 2810 5094 et
2837 5039 3221 5095 intolerabilius
3243 5050 3519 5112 generosis
3543 5041 3715 5096 animis

2151 5141 2205 5185 et
2227 5131 2420 5186 Christi
2446 5132 2747 5186 amantibus
2775 5141 2908 5186 erat.
2939 5133 3086 5188 Tunc
3114 5135 3362 5188 nimirum
3387 5177 3402 5198 ,
3430 5151 3551 5190 cum
3580 5131 3710 5189 multi

2149 5223 2647 5292 submergercntur,
2679 5233 2733 5279 et
2769 5224 2959 5280 fluctus
2999 5227 3048 5279 in
3087 5227 3251 5280 altum
3289 5229 3625 5293 tollerentur,
3661 5241 3710 5277 ac

2149 5316 2362 5385 plurimi
2393 5317 2723 5387 naufragium
2757 5318 3020 5382 facerent,
3057 5319 3241 5373 beatus
3267 5319 3351 5372 hic
3376 5309 3641 5374 Romanius
3668 5319 3708 5368 in

2148 5409 2379 5463 medium
2411 5424 2595 5464 eorum
2630 5409 2949 5478 procedens,
2993 5426 3097 5464 non
3137 5410 3313 5464 statim
3342 5411 3709 5471 considerat-it,

2146 5517 2253 5572 quo
2291 5518 2348 5556 se
2392 5503 2550 5556 modo
2593 5503 2839 5571 periculis
2879 5502 3144 5565 traderet;
3179 5503 3271 5558 sed
3309 5519 3402 5559 eos
3433 5506 3609 5572 prius,
3637 5498 3709 5569 qui

2146 5605 2290 5648 metu
2319 5594 2545 5662 perculsi
2574 5593 2911 5659 ceciderant,
2939 5596 3024 5664 qui
3057 5595 3292 5650 salutem
3312 5611 3461 5650 suam
3492 5592 3707 5664 prodide-

2147 5693 2286 5751 rant,
2312 5684 2543 5754 collegit,
2575 5686 2848 5748 animavit,
2878 5696 2933 5738 ttt
2959 5688 3198 5756 praelium
3229 5687 3583 5742 instaurarcnt
3605 5685 3709 5741 εἰῐεο

2153 5778 2241 5843 cit,
2271 5790 2364 5831 eos
2391 5776 2623 5844 quidem,
2655 5779 2742 5846 qui
2776 5777 2908 5847 lapsi
2949 5788 3121 5846 erant,
3152 5779 3362 5851 erigens
3418 5794 3510 5834 eos
3536 5789 3705 5837 autem,
