3860 6286
110 415 220 474 007

109 528 336 597 Ἐνδοξα.
361 528 432 584 τά
461 529 618 603 μέλη,
645 529 758 586 ἀλλ’
799 534 832 603 ή
866 532 1108 606 ὑπεροχὴ
1136 536 1235 606 τῆς
1265 536 1422 606 δόξης
1451 539 1509 591 οὐ
1540 539 1684 591 ποιεῖ

107 618 208 686 τῆς
256 613 363 686 πρὸ
407 615 477 667 τά
525 614 688 668 λοιπά
726 616 869 688 μέρη
895 629 921 656 ιι
967 619 1260 688 συναφείας
1293 621 1682 691 ἀλλοτρίωσινο

1175 415 1243 470 1N
1279 415 1338 472 S.
1382 415 1723 472 ROMANUM
1761 415 2168 475 MARTYREM.
2210 422 2248 476 Ι.

3259 436 3361 492 608

1800 538 1922 590 Ὅτι
1954 539 2009 592 δέ
2044 539 2344 612 μαρτύριον
2382 544 2548 613 χωρὶς
2579 543 2799 616 ἀγάπης
2831 545 2892 599 οὐ
2921 546 3082 619 μόνον
3115 547 3364 620 μαθητάς

1787 621 1849 674 οὐ
1875 625 2038 686 ποιεῖ,
2060 622 2174 676 ἀλλ’
2197 622 2317 676 οὐδέ
2342 623 2542 692 ὠφελεῖ
2565 643 2617 678 τι
2637 627 2726 679 τὸν
2749 628 3107 698 ὑπομένοντα,
3133 631 3366 689 ἄκουσον

99 700 275 772 ταύτῃ
309 699 418 770 7&9
449 699 685 770 μάλιστα
726 699 911 767 ἔνδοξα
948 701 1157 770 γίνεται
1179 742 1194 767 ,
1242 703 1369 758 ὅταν
1394 705 1495 775 τὴν
1549 704 1686 776 πρὸς
1788 703 2004 758 Παύλου
2038 704 2288 772 λέγοντος
2310 720 2324 735 ⁸
2362 706 2498 760 Ἐὰν
2522 708 2768 777 παραδῶ
2801 710 2866 763 τὸ
2900 711 3072 781 σῶμά
3098 731 3238 782 μου,
3263 715 3367 770 ἵνα

104 785 253 856 ἡμᾶς
291 784 585 851 συνάφειαν
625 783 700 854 μὴ
721 783 1110 857 διακρούσηται
1131 802 1144 816 ’
1179 786 1300 839 ἐπεὶ
1341 787 1437 840 καὶ
1468 787 1672 858 ὀφθαλ-

104 869 228 939 μὸς,
262 867 356 920 τοῦ
407 865 596 921 λοιποῦ
633 867 836 931 παντὸς
867 867 1119 938 σώματος
1160 869 1541 943 λαμπρότερος
1584 871 1680 936 ῶν,

101 952 228 1005 τότε
260 951 358 1023 τὴν
387 949 594 1004 οἰκείαν
623 951 872 1023 διατηρεῖ
898 953 1074 1019 δόξαν,
1098 955 1227 1008 ὅταν
1257 953 1332 1026 μὴ
1357 954 1452 1008 τοῦ
1493 954 1682 1008 λοιποῦ

84 1028 357 1128 ’.σώματος
393 1032 782 1128 ἀποσχιίζηταιῖ
817 1035 926 1128 Ῑξαὶ
953 1036 1007 1128 τί
1032 1036 1174 1128 λέγω
1199 1037 1679 1128 περὶᾼμαρτύρωη

91 1118 169 1184 Ἐἰ
200 1119 306 1190 7&9
330 1120 358 1172 ό
407 1119 681 1189 Δεσπότης
724 1118 904 1173 αὐτῶν
932 1121 1033 1174 οὐκ
1070 1121 1384 1194 ἐπῃσχύνθη
1429 1125 1682 1192 γενέσθαι

100 1204 262 1274 ήμῶν
301 1202 534 1272 κεφαλὴ,
569 1199 748 1272 πολλῷ
778 1202 978 1273 μᾶλλον
1006 1205 1159 1258 αὐτοί
1187 1205 1324 1276 μέλη
1353 1207 1512 1277 ήμῶν
1543 1202 1682 1260 εἶναι

90 1289 201 1339 οὐκ
244 1282 698 1354 ἐπαισχύνονται·
731 1285 952 1358 ἀγάπην
985 1287 1093 1358 γὰρ
1122 1287 1337 1358 ἔχουσιν
1380 1290 1683 1362 ἐρριζωμέ-

89 1389 221 1441 νην,
253 1372 286 1441 ὴ
319 1369 374 1422 δέ
403 1368 595 1439 ἀγάπη
636 1367 704 1421 τὰ
746 1367 1069 1439 διεστηκότα
1122 1371 1414 1426 συνάπτειν
1440 1373 1534 1426 καὶ
1563 1390 1683 1427 συν-

85 1454 211 1505 δεῖν
241 1450 423 1515 εἴωθε,
457 1451 552 1504 καὶ
595 1452 722 1522 περὶ
755 1451 853 1522 τῆς
885 1451 1043 1518 ἀξίας
1073 1452 1174 1506 οὐκ
1214 1454 1676 1524 ἀκριϐολογεῖται.

87 1536 312 1605 ’Ὠσπερ
342 1529 435 1588 οῦν
463 1534 616 1586 αὐτοὶ
643 1532 1000 1602 συναλγοῦσιν
1020 1534 1177 1605 ήμῶν
1199 1539 1312 1600 τοῖς
1343 1537 1678 1608 ἁμαρτήμα-

89 1635 209 1682 σιν,
235 1614 408 1678 οῦτως
437 1615 598 1686 ἡμεῖς
642 1615 1012 1686 συγχαίρομεν
1048 1617 1227 1671 αὐτῶν
1269 1621 1380 1682 τοῖς
1412 1619 1680 1690 κατορθώ-

89 1716 284 1770 μασιν.
342 1697 498 1751 Οῦτω
547 1698 643 1752 καὶ
695 1697 906 1762 Παῦλος
953 1700 1208 1754 ἐκέλευσε
1253 1704 1428 1754 ποιεῖν
1467 1701 1674 1770 λέγων,

83 1782 324 1854 Χαίρειν
347 1780 486 1852 μετά
511 1779 832 1852 χαιρόντων,
850 1781 1174 1836 καὶ-κλαίειν
1199 1783 1337 1855 μετά
1357 1784 1672 1841 κλαιόντων.

94 1865 268 1919 Ἀλλά
294 1864 355 1917 τὸ
381 1865 481 1934 μὲν
508 1863 718 1934 κλαίειν
755 1865 894 1934 μετά
921 1865 1216 1921 κλαιόντων
1241 1865 1484 1932 εῦκολον,
1519 1868 1580 1922 τὸ
1617 1867 1676 1922 δὲ

81 1951 307 2021 χαίρειν
338 1946 478 2019 μετά
506 1948 808 2018 χαιρόντων
835 1949 895 2001 οὐ
930 1947 1136 2021 σφόδρα
1164 1950 1345 2022 ῥᾴδιον
1365 1967 1378 1982 ο
1411 1953 1540 2023 ῥᾷον
1565 1951 1674 2025 7&9

78 2037 206 2098 τοῖς
239 2035 300 2086 ἐν
329 2034 642 2103 συμφοραῖς
669 2027 788 2086 οὖσι
821 2032 1213 2106 συναλγοῦμεν,
1246 2035 1280 2106 ἦ
1317 2037 1431 2100 τοῖς
1469 2036 1675 2090 εὐδοκι-

81 2117 256 2188 μοῦσι
289 2113 647 2186 συνηδόμεθα.
691 2115 838 2169 Ἐκεῖ
865 2115 965 2186 μὲν
992 2117 1101 2188 γὰρ
1125 2117 1265 2188 αὐτὴ
1290 2118 1391 2190 τῆς
1417 2116 1447 2158 δ
1475 2137 1675 2191 συμφο-

80 2203 195 2274 ρᾶς
239 2201 274 2271 ἡ
317 2198 477 2269 φύσις
518 2200 612 2252 καὶ
636 2198 728 2252 τὸν
760 2199 908 2254 λίθον
958 2201 1120 2272 ἰκανὴ
1157 2200 1296 2272 πρὸς
1329 2203 1673 2273 συμπάθειαν

77 2282 403 2353 ἐπικάμψαι
423 2299 440 2313 ο
475 2279 706 2335 ἐνταῦθα
738 2281 794 2334 δὲ
829 2283 922 2335 ἐπὶ
955 2283 1057 2352 τῆς
1088 2283 1394 2355 εὐπραγίας
1415 2287 1444 2337 ό
1481 2284 1674 2354 φθόνος

75 2369 182 2422 καὶ⁸
248 2369 282 2434 ή
331 2363 600 2437 βασκανία
674 2364 766 2418 τὸν
829 2365 906 2436 μὴ
985 2365 1191 2438 σφόδρα
1261 2365 1411 2439 [612]
1461 2369 1674 2437 φιλοσο-

76 2450 296 2518 φοῦντα
340 2451 441 2504 οὐκ
483 2449 676 2519 ἀφίησι
707 2449 961 2517 γενέσθαι
1008 2450 1263 2503 κοινωνὸν
1303 2451 1403 2521 τῆς
1453 2453 1669 2522 ἡδονῆς.

74 2536 305 2605 Ὠσπερ
335 2535 444 2605 γάρ
475 2535 512 2604 ἡ
531 2533 719 2603 ἀγάπη
741 2532 810 2585 τὰ
836 2531 1143 2606 διῃρημένα
1171 2534 1394 2603 συνάγει
1420 2535 1515 2588 καὶ
1543 2552 1672 2591 συν-

69 2617 183 2680 δεῖ,
215 2615 392 2680 οὕτως
419 2623 451 2685 η
484 2615 754 2684 βασκανία
783 2614 853 2668 τά
877 2615 1133 2686 ἡνωμένα
1153 2616 1477 2686 διαιρεῖ.Διὸ
1497 2635 1674 2690 παρα-

67 2701 256 2764 καλῶ,
289 2699 672 2770 μελετήσωμεν
701 2699 1016 2770 συγχαίρειν
1036 2702 1148 2763 τοῖς
1173 2701 1567 2772 εὐδοκιμοῦσιν,
1585 2705 1672 2758 ἵνα

65 2783 178 2835 καὶ
217 2779 414 2849 φθόνου
442 2779 536 2831 καὶ
570 2777 872 2849 βασκανίας
899 2779 996 2850 τὴν
1031 2773 1208 2851 ψυχὴν
1238 2781 1666 2854 ἐκκαθάρωμενο

61 2865 236 2918 οὐδὲν
255 2863 365 2933 7&9
384 2860 556 2926 οὕτως
578 2861 874 2916 ἀπελαύνει
900 2861 961 2914 τὸ
988 2863 1202 2932 νόσημα
1233 2861 1392 2917 τοῦτο
1421 2864 1482 2917 τὸ
1509 2866 1670 2936 χαλε-

61 2948 183 3000 πὸν
229 2945 329 3000 καί⁵
360 2944 645 3009 δυσίατον,
685 2946 762 3008 ὡς
799 2945 862 2997 τὸ
895 2945 1218 3017 συνήδεσθαι
1257 2948 1370 3010 τοῖς
1401 2947 1461 2999 ἐν
1498 2949 1667 3022 ἀρετῇ

64 3029 319 3102 βιοῦσιν.
349 3029 618 3082 ’Ἄκουσον
645 3027 776 3098 γοῦν
815 3027 932 3092 πῶς
963 3030 993 3082 ό
1039 3029 1251 3093 Παῦλος
1282 3031 1340 3083 ἐν
1389 3031 1668 3103 ἑκατέροις

60 3113 297 3176 τούτοις
325 3113 472 3165 ἐστὶν
504 3111 673 3182 ἄκρος
697 3129 710 3143 ·
745 3112 860 3178 Τίς,
903 3111 1090 3181 φησὶν,
1120 3112 1384 3179 ἀσθενεῖ,
1423 3115 1522 3168 καὶ
1557 3117 1669 3170 οὐκ

58 3193 356 3258 dcam-('5;
387 3195 479 3260 τίς
511 3193 990 3257 σκανδαλίζεται,
1027 3193 1130 3248 καὶ
1152 3196 1264 3248 οὐκ
1293 3194 1409 3264 ἐγὼ
1447 3197 1670 3264 πυροῦ-

59 3293 223 3349 (cat;
265 3280 384 3332 Οὐκ
419 3273 562 3342 εἶπε,
609 3277 704 3331 καὶ
736 3277 838 3330 οὐκ
879 3275 989 3347 ἐγὼ
1033 3275 1332 3349 λυποῦμαι,
1373 3278 1510 3345 ἀλλ“,
1553 3283 1667 3334 οὐκ

55 3363 191 3433 ἐγὼ
225 3361 548 3430 πυροῦμαι,
586 3362 652 3432 τῇ
686 3359 1052 3431 προσηγορίᾳ,
1089 3359 1188 3430 τῆς
1231 3359 1532 3432 πυρώσεως
1568 3363 1668 3436 τὴν

55 3449 339 3500 ἐπίτασιν
371 3445 468 3514 τῆς
504 3444 698 3514 ὀδύνης
745 3445 878 3513 ἡμῖν
927 3443 1278 3514 παραστῆσαι
1321 3444 1664 3518 βουλόμενος.

55 3533 187 3586 Καὶ
224 3527 387 3582 πάλιν
416 3526 624 3599 ἑτέροις
651 3526 900 3597 γράφων,
943 3525 1130 3594 Χωρὶς
1156 3526 1328 3595 ἡμῶν
1357 3528 1669 3584 ἐϐασιλεύ-

54 3629 248 3678 σατε,
293 3611 486 3682 φησίν·
541 3610 640 3663 καὶ
698 3608 923 3678 ὄφελόν
963 3625 1031 3678 γε
1060 3609 1528 3676 ἐϐασιλεύσατε,
1569 3615 1668 3668 ἵνα

53 3697 168 3750 καὶ
225 3694 402 3763 ἡμεῖς
441 3692 586 3762 ὑμῖν
635 3691 1255 3760 συμϐασιλεύσωμενο
1313 3694 1407 3746 καὶ
1465 3696 1626 3751 πάλιν
1649 3713 1664 3728 .

51 3781 204 3834 Νῦν
237 3773 446 3846 ζῶμεν,
488 3776 604 3830 ἐὰν
648 3775 818 3845 ὑμεῖς
854 3772 1122 3842 στήκητε
1162 3776 1233 3828 έν
1274 3779 1487 3845 κυρίφο
1527 3781 1667 3851 Ὅρα

52 3863 192 3928 πῶς
229 3860 701 3930 περισπούδαστος
729 3853 798 3929 ἦν
838 3857 987 3929 αὐτῷ
1031 3857 1139 3911 τῶν
1170 3857 1414 3929 ἀδελφῶν
1455 3864 1488 3933 ή
1521 3863 1668 3916 εὐδο-

46 3948 332 4017 κίμησις,
377 3943 436 4006 ὃς
469 3940 595 3997 οὐτε
638 3941 737 4013 ζῇν
771 3940 1022 4012 ἐνόμιζεν
1048 3981 1064 4008 ,
1106 3941 1331 3996 ἐκείνων
1379 3945 1454 4016 μὴ
1499 3945 1666 4010 σωζο-

49 4031 283 4103 μένων.

135 4179 472 4250 Ἀνθρωπος
507 4178 587 4240 εἰς
627 4175 810 4246 τρίτον
863 4174 1134 4247 ἀρπαγεὶς
1173 4175 1424 4247 οὐρανὸν,
1461 4177 1554 4231 καὶ
1588 4178 1666 4241 είς

45 4264 411 4336 παράδεισον
449 4260 803 4331 ἀπενεχθεὶς,
845 4259 939 4312 καὶ
981 4259 1294 4329 μυστηρίων
1333 4261 1665 4331 κοινωνήσας

42 4347 432 4419 ἀπορρήτων,
468 4344 562 4398 καὶ
586 4340 856 4412 τοσαύτης
888 4340 1024 4412 πρὸς
1058 4340 1149 4393 τδν
1184 4341 1317 4394 Θεὸν
1352 4342 1665 4406 ἀπολαύσας

44 4428 422 4504 παρρησίας,
466 4428 527 4479 οὐ
578 4426 785 4494 σφόδρα
822 4423 1075 4493 αἴσθησιν
1125 4423 1350 4477 ἐκείνων
1393 4425 1664 4495 ἐλάμϐανε

37 4517 176 4570 τῶν
211 4512 464 4581 ἀγαθῶν,
493 4511 540 4563 εἰ
569 4511 644 4582 μὴ
681 4510 925 4570 καὶτοὺς
957 4508 1220 4576 ἀδελφοὺς
1253 4504 1360 4561 εἶδε
1393 4511 1489 4563 σὺν
1517 4509 1664 4580 αὐτῷ

36 4595 529 4666 διασωζομένους.
577 4587 700 4645 υἷδε
757 4591 886 4661 γάρ,
932 4587 1042 4643 οἶδε
1087 4592 1292 4661 σαφῶς,
1323 4593 1406 4645 ὅτι
1443 4593 1662 4666 ἀγάπης

32 4686 225 4742 οὐδὲν
251 4681 378 4736 οὐτε
414 4679 595 4751 μεῖζον
618 4678 740 4732 οὐτε
783 4679 897 4731 ίσον
930 4677 1098 4740 ἐστὶν,
1129 4677 1248 4730 ούδέ
1283 4677 1414 4731 αὐτὸ
1435 4678 1497 4730 τὸ
1523 4696 1662 4749 μαρ-

31 4771 284 4840 τύριον,
321 4767 351 4818 ὃ
395 4766 615 4818 πάντων
645 4763 762 4815 ἐστὶ
809 4760 1102 4829 κεφάλαιον
1135 4760 1243 4815 τῶν
1273 4762 1492 4830 ἀγαθῶν
1513 4779 1526 4793 ο
1568 4765 1662 4817 καί

31 4856 206 4917 πῶς,
239 4852 496 4906 ἄκουσον.
535 4847 748 4916 Ἀγάπη
783 4845 882 4915 μὲν
916 4845 1024 4914 7&9
1046 4845 1138 4897 καὶ
1167 4845 1336 4916 χωρὶς
1362 4848 1662 4917 μαρτυρίου

29 4939 213 4993 ποιεῖ
245 4931 498 5003 μαθητάς
519 4928 612 4983 τοῦ
637 4927 895 4999 Χριστοῦ,
923 4927 1219 4998 μαρτύριον
1243 4926 1300 4981 δὲ
1331 4929 1497 4999 χωρὶς
1521 4930 1662 4998 ἀγά..

29 5037 173 5089 πης
212 5017 322 5070 οὐκ
361 5016 427 5069 ἂν
462 5013 700 5084 ἰσχύσειε
733 5010 893 5064 τοῦτο
920 5011 1275 5081 ἐργάσασθαι.
1305 5012 1475 5066 Πόθεν
1507 5014 1664 5068 τοῦτο

21 5103 271 5172 δῆλονς
313 5097 434 5150 Ἀπ’
469 5095 648 5150 αὐτῶν
677 5093 786 5146 τῶν
807 5092 902 5146 τοῦ
933 5093 1172 5163 Χριστοῦ
1207 5094 1496 5165 ῥημάτων⁸
1527 5097 1662 5168 πρὸς

21 5185 169 5256 γὰρ
230 5181 360 5244 τοὺς
400 5178 647 5250 μαθητὰς
697 5176 914 5244 ἔλεγεν·
952 5176 1053 5230 Ἐν
1094 5177 1284 5241 τούτῳ
1330 5177 1662 5246 γνώσονται

13 5267 318 5331 πάντες,
345 5263 433 5318 ὅτι
455 5260 718 5332 μαθηταί
734 5261 850 5330 μού
870 5261 1030 5323 ἐστε,
1053 5258 1162 5312 ἐὰν
1190 5259 1457 5328 ἀγαπᾶτε
1478 5263 1660 5328 ἀλλή.

11 5357 240 5415 Jove.
283 5345 414 5400 Ἰδοὺ
450 5345 638 5416 ἀγάπη
668 5346 838 5414 χωρὶς
872 5342 1173 5414 μαρτυρίου
1213 5343 1459 5414 μαθητάς
1492 5349 1658 5401 ποιεῖ.

113 5537 146 5566 ³
172 5535 322 5586 Unus
355 5534 481 5596 Reg.
509 5547 600 5582 ms.
633 5533 694 5581 τὰ
735 5531 878 5581 λοιπὰ
922 5530 1058 5596 μέλη.
1101 5528 1214 5596 Mox
1247 5529 1657 5596 ngiltel'unus

4 5613 177 5652 mss.
221 5598 372 5660 Hegi:
395 5591 544 5660 τᾶύτῃ
583 5596 671 5658 γὰρ
711 5591 933 5656 μάλιστα,
959 5591 1371 5660 More|.-el_.aliu§
1395 5595 1515 5660 Reg.
1539 5597 1658 5644 ταῦ-

3 5679 104 5714 τα,
156 5659 276 5723 γάρ.
302 5652 722 5723 ῖιίογείξρίιιίισ
754 5663 869 5723 Ροςι
921 5659 1038 5703 ante
1083 5652 1168 5699 τοῦ
1207 5652 1376 5701 λοιποῦ
1417 5652 1569 5706 habet
1614 5659 1654 5706 εἰ

0 5720 321 5794 πέρυσι]
345 5720 492 5794 q‘eesl
522 5722 572 5794 in)
598 5720 809 5794 σείει-19.
839 5777 862 5794 _
933 5778 954 5794 ι
992 5774 1084 5794 Δ-
1290 5775 1355 5794 Ὗ,
1382 5793 1390 5794 7
1551 5780 1563 5794 ,

103 5774 154 5825 δ’
172 5774 320 5831 Unus
357 5781 478 5842 Reg.
516 5779 622 5828 οὖσι
645 5777 906 5842 συναλγεῖνῄ,
927 5778 959 5832 ἢ
988 5774 1085 5829 τοῖς
1107 5774 1411 5839 εὐδοκιμοῦσι
1451 5780 1653 5838 συνήεε-

0 5849 176 5904 σὺαι,
199 5845 250 5891 τί
284 5840 492 5901 δήποτε;
517 5844 589 5890 ὅτι
612 5842 706 5890 ἐκεῖ
727 5842 810 5902 μὲν
842 5840 962 5893 αὕτη
981 5842 1082 5895 τῆς.

379 5940 651 5998 Pyram.
701 5934 818 5995 Gn.
866 5934 933 5994 L.

1645 6010 1679 6024 pl
1697 6014 1756 6024 -οο

1785 796 2212 866 καυθήσωμαι,
2263 798 2506 868 ἀγάπην
2553 799 2622 852 δὲ
2667 801 2754 871 μὴ
2808 801 2947 872 ἔχω,
2989 804 3171 861 οὐδὲν
3211 805 3365 876 ὠφε-

1782 878 2023 948 λοῦμαι.

1857 962 1924 1032 β’.
1947 962 2048 1016 Διά
2065 961 2222 1016 τοῦτο
2245 963 2478 1033 μάλιστα
2502 964 2593 1017 τὸν
2618 964 2772 1034 ἅγιον
2787 967 2976 1022 τοῦτον
3002 968 3141 1037 φιλῶ
3156 970 3246 1023 τὸν
3264 973 3364 1042 σή-

1787 1062 1852 1116 με
1862 1063 1954 1116 ρον
1973 1049 2120 1118 ἡμᾶς
2143 1048 2539 1116 συναγαγόντα,
2555 1049 2647 1102 τὸν
2671 1051 2938 1122 μακάριον
2962 1052 3260 1124 Ῥωμαικὸν,
3279 1055 3361 1109 ὃτι

1785 1129 1926 1198 μετά
1959 1129 2053 1182 τοῦ
2084 1131 2384 1202 μαρτυρίου
2411 1131 2611 1202 πολλὴν
2637 1133 2735 1204 τὴν
2765 1134 2986 1204 ἀγάπην
3019 1137 3356 1203 ἐπεδείξατο,

1780 1212 1860 1265 διὸ
1887 1215 1980 1267 καὶ
2006 1214 2105 1284 τὴν
2138 1214 2386 1283 γλῶτταν
2418 1216 2741 1282 ἐξεκόπτετο
2765 1218 2863 1288 τήν
2895 1220 3080 1288 ἀγίαν.
3116 1222 3228 1274 Καὶ
3251 1224 3362 1293 γὰρ

1782 1297 2048 1352 καὶτοῦτο
2078 1296 2226 1363 ἀξιον
2255 1299 2596 1363 ἐξετάσαι,τί
2621 1301 2823 1372 δήποτε
2857 1305 2957 1356 οὐκ
2983 1305 3075 1358 ἐπὶ
3093 1305 3360 1375 βασάνους

1781 1384 1876 1436 καὶ
1896 1383 2144 1446 κολάσεις
2181 1384 2274 1436 καί
2310 1385 2580 1454 τιμωρίας
2606 1387 2813 1456 ’ήγαγεν
2846 1387 3008 1442 αὐτὸν
3047 1391 3358 1457 όδιάϐολος,

1780 1465 1918 1519 ἀλλά
1972 1467 2071 1538 τὴν
2116 1467 2364 1535 γλῶτταν
2423 1469 2722 1538 ἀπέτεμενο
2762 1469 2823 1521 οὐ
2880 1469 2990 1541 7&9
3029 1472 3152 1541 εἰκῆ
3204 1473 3361 1526 τοῦτο

1779 1549 2056 1619 ἐποίησεν,
2082 1549 2217 1602 ἀλλά
2248 1549 2384 1620 μετὰ
2432 1550 2637 1620 πολλῆς
2679 1551 2778 1623 τῆς
2807 1554 3093 1624 πονηρίας·
3125 1556 3218 1608 καὶ
3249 1555 3359 1628 γὰρ

1779 1633 2088 1704 κακουργόν
2111 1637 2226 1687 ἐστι
2248 1634 2310 1686 τὸ
2343 1633 2556 1705 θηρίον,
2595 1636 2690 1688 καὶ
2716 1637 2896 1690 πάντα
2924 1638 3062 1690 κατά
3089 1639 3187 1708 τῆς
3221 1641 3360 1710 ἡμε-

1776 1715 1943 1788 τέρας
1988 1718 2266 1789 σωτηρίας
2294 1721 2746 1790 πραγματεύεται
2778 1721 2872 1774 καὶ
2909 1725 3066 1776 κινεῖ.
3097 1723 3232 1794 Φέρε
3266 1719 3360 1778 οὖν

1779 1799 2155 1872 ἐξετάσωμεν,
2207 1799 2260 1854 τί
2293 1801 2494 1872 δήποτε
2531 1801 2623 1854 ἐπὶ
2659 1803 2759 1874 τὴν
2789 1804 3028 1876 ἐκκοπὴν
3049 1806 3149 1878 τῆς
3187 1805 3360 1875 γλῶτ-

1777 1899 1877 1954 της
1912 1883 2183 1956 ἐχώρησε,
2218 1884 2418 1957 μικρὸν
2445 1883 2577 1952 γοῦν
2606 1885 2866 1956 ἀνωτέρω
2903 1887 2995 1941 τὸν
3027 1887 3185 1957 λόγον
3219 1890 3358 1958 ἀγα·
3423 1898 3426 1899 ⁷

1775 1969 1984 2036 γόντες·
2009 1967 2152 2021 οὕτω
2177 1967 2288 2039 7&9
2318 1967 2581 2039 εἰσόμεθα
2609 1968 2704 2022 καὶ
2737 1969 2837 2039 τὴν
2867 1971 2964 2023 τοῦ
2998 1972 3131 2025 Θεοῦ
3164 1973 3356 2041 φιλαν-

1777 2051 2044 2122 θρωπίαν,
2078 2053 2174 2105 καὶ
2196 2051 2296 2122 τήν
2327 2050 2420 2104 τοῦ
2467 2053 2744 2124 μάρτυρος
2786 2054 3083 2125 ὑπομονὴν,
3117 2056 3212 2110 καὶ
3255 2057 3357 2129 τὴν

1772 2134 1868 2188 τοῦ
1901 2133 2150 2188 διαϐόλου
2170 2135 2528 2205 κακουργίαν·
2559 2134 2654 2188 καὶ
2675 2134 2774 2206 τὴν
2799 2137 2897 2206 μὲν
2931 2136 3026 2189 τοῦ
3061 2137 3198 2191 Θεοῦ
3233 2138 3358 2207 φιλ-

1773 2217 2098 2288 ανθρωπίαν
2141 2217 2405 2288 μαθόντες
2470 2219 2938 2288 εὐχαριστὴσομεν
2971 2219 3049 2290 τῷ
3085 2222 3354 2292 Δεσπότῃ,

1775 2303 1875 2373 τὴν
1907 2302 1964 2354 δέ
1994 2301 2088 2355 τοῦ
2131 2303 2408 2373 μάρτυρος
2445 2301 2722 2372 ὑπομονὴν
2757 2303 2976 2370 γνόντες
3005 2305 3357 2377 μιμησόμεθα

1770 2386 1865 2440 τὸν
1891 2385 2193 2450 σύνδουλον,
2227 2385 2325 2457 τὴν
2353 2387 2411 2439 δέ
2433 2385 2528 2438 τοῦ
2550 2385 2794 2438 διαϐόλου
2824 2389 3160 2459 κακουργίαν
3184 2406 3357 2442 κατα-

1775 2468 2061 2540 μαθόντες,
2111 2468 2654 2539 ἀποστραφησόμεθα
2716 2469 2809 2524 τὸν
2846 2469 3060 2541 ἐχθρόν.
3110 2470 3209 2524 Διά
3244 2471 3356 2542 γὰρ

1768 2551 1929 2606 τοῦτο
1947 2555 2082 2623 ἡμῖν
2116 2552 2316 2607 ἔδωκεν
2342 2555 2370 2606 ό
2399 2553 2533 2616 Θεὸς
2558 2552 2757 2606 εἰδέναι
2773 2552 2940 2606 αὐτοῦ
2957 2554 3054 2617 τὰς
3085 2556 3352 2626 μηχανὰς,

1771 2635 1858 2689 ἵνα
1892 2635 2154 2706 μειζόνως
2208 2634 2371 2688 αὐτὸν
2403 2637 2742 2708 μισήσαντες
2788 2635 2938 2708 [615]
2987 2636 3356 2710 εὐκολώτερον

1768 2719 1932 2774 αὐτοῦ
1959 2719 2396 2791 περιγενώμεθα.
2431 2721 2554 2774 Ὅτι
2582 2720 2690 2794 7&9
2717 2719 2936 2774 δυνατὸν
2966 2720 3162 2776 εἰδέναι
3188 2722 3354 2776 αὐτοῦ

1768 2803 1840 2857 τὰ
1858 2805 2127 2875 νοήματα,
2171 2803 2400 2856 ἄκουσον
2426 2804 2480 2856 τί
2513 2820 2676 2875 φησιν
2696 2806 2724 2858 ό
2751 2803 2962 2868 Παῦλος
2984 2805 3113 2877 περὶ
3137 2805 3232 2860 τοῦ
3259 2822 3356 2862 πε-

1770 2886 2150 2960 πορνευκότοςο
2194 2887 2507 2959 Κορινθίοις
2553 2887 2663 2960 γὰρ
2695 2889 3029 2944 ἐπιστέλλων
3066 2891 3209 2944 οὕτω
3235 2891 3353 2957 πώς

1769 2988 1921 3042 φησί’
1945 2971 2266 3040 κυρώσατε
2295 2973 2378 3037 εἰς
2403 2971 2590 3024 αὐτὸν
2609 2972 2870 3040 ἀγπάπην,
2904 2973 3100 3044 ἵναμὴ
3133 2978 3353 3029 πλεον-

1765 3054 2104 3123 εκτηθῶμεν
2128 3053 2244 3108 ὑπὸ
2267 3055 2374 3107 τοῦ
2399 3052 2653 3107 Σατανᾶ·
2672 3057 2744 3108 οὐ
2760 3055 2870 3123 γὰρ
2891 3057 3078 3110 αὐτοῦ
3110 3057 3182 3111 τὰ
3205 3059 3350 3127 νοήσ-

1761 3155 1923 3208 ,ιιατα
1953 3137 2307 3206 ἀγνοοῦμεν.
2339 3137 2436 3200 Τίς
2468 3133 2562 3191 οὖν
2595 3138 2628 3207 ή
2656 3137 2827 3200 αἰτία,
2857 3138 2923 3191 δι’
2954 3141 3020 3210 ήν
3050 3139 3150 3210 τήν
3171 3141 3350 3207 γλῶτ-

1765 3241 1863 3276 ταν
1889 3221 2147 3290 ἐξέκοψε
2179 3221 2388 3290 Μικρὸν
2429 3219 2637 3275 ἀνωθεν
2665 3220 2972 3290 ἀνάσχεσθέ
2996 3237 3098 3290 μου
3128 3221 3349 3292 διηγου-

1769 3306 1951 3376 μένου.
1977 3304 2220 3375 Πόλεμος
2253 3302 2612 3375 άνερριπίσθη
2640 3303 2769 3356 ποτὲ
2805 3303 2947 3356 κατά
2977 3304 3084 3358 τῶν
3119 3305 3350 3379 Ἐκκλη-

1768 3387 1900 3442 σιῶν
1951 3387 2208 3458 χαλεπὸς,
2260 3386 2382 3456 οὐχὶ
2439 3383 2728 3456 βαρϐάρων
2782 3387 3197 3458 ἐπιδραμόντων
3249 3390 3350 3456 τάς

1766 3473 1972 3537 πόλεις,
2003 3471 2125 3526 οὐδέ
2151 3469 2454 3538 ἀλλογενῶν
2468 3486 2652 3535 τινων,
2674 3469 2792 3523 ἀλλ’
2809 3472 2988 3526 αὐτῶν
3003 3471 3110 3527 τῶν
3129 3474 3350 3530 δοκούν-

1764 3575 1872 3611 των
1901 3557 2230 3628 προεστάναι
2253 3555 2352 3624 τῆς
2382 3552 2506 3606 καθ’
2528 3555 2680 3625 ἡμᾶς
2713 3556 3058 3626 οἰκουμένης,
3095 3559 3188 3610 καὶ
3212 3556 3350 3630 βαρ-

1767 3640 1971 3712 ϐάρων,
2007 3639 2101 3693 καὶ
2131 3637 2424 3708 πολεμίων,
2457 3637 2551 3690 καὶ
2602 3638 2882 3706 τυράννων
2917 3640 3174 3694 ἀπάντων
3205 3643 3349 3711 ἀπη-

1764 3725 2016 3795 νέστερον
2043 3723 2138 3776 καὶ
2157 3721 2434 3792 ὠμότερον
2450 3721 2809 3790 κεχρημένων
2832 3725 2945 3785 τοῖς
2974 3723 3254 3794 ὑπηκόοις.
3270 3722 3346 3776 οὐ

1763 3815 1872 3886 γὰρ
1910 3815 2052 3885 ὑπὲρ
2099 3813 2432 3882 ἐλευθερίας,
2465 3815 2558 3866 καὶ
2590 3813 2870 3883 πατρίδος,
2896 3815 2988 3866 καὶ
3020 3815 3344 3884 χρημάτων,

1765 3905 1858 3958 καί
1877 3904 1974 3974 τῆς
1999 3902 2280 3974 παρούσης
2306 3903 2452 3972 ζωῆς
2475 3903 2503 3953 ό
2529 3901 2774 3964 κίνδυνος
2793 3899 2860 3973 ἦν
2887 3903 3031 3970 τότε,
3062 3903 3176 3957 ἀλλ’
3205 3905 3346 3976 ὑπὲρ

1767 3997 2045 4068 βασιλείας
2081 3993 2349 4065 οὐρανῶν,
2404 3992 2633 4047 καὶτῶν
2689 3994 3070 4063 ἀποκειμένων
3102 3995 3342 4060 ἀγαθῶν,

1765 4089 1906 4159 ὑπὲρ
1934 4087 2201 4141 ἀθανάτου
2261 4084 2428 4155 ζωῆς,
2478 4084 2615 4154 ὐπέρ
2670 4084 2960 4154 ὁμολογίας
2991 4085 3089 4156 τῆς
3141 4086 3221 4148 εἰς
3252 4085 3344 4138 τὸν

1763 4180 2020 4252 Χριστόν.
2073 4177 2186 4232 Καὶ
2231 4176 2428 4238 καινός·
2476 4193 2560 4240 τις
2625 4175 3004 4246 αἰχμαλωσίας
3070 4178 3343 4229 ἐπενοεῖτο

1762 4275 1986 4346 τρόπος·
2019 4272 2079 4325 οὐ
2117 4269 2226 4342 7&9
2251 4270 2350 4340 τῆς
2380 4267 2613 4322 ἐνταῦθα
2639 4267 2847 4332 πόλεως
2873 4267 3178 4333 ἐξέϐαλλον,
3207 4269 3342 4323 ἀλλά

1761 4363 1858 4434 τῆς
1885 4364 1995 4418 ἀνω
2043 4358 2350 4430 Ἰερουσαλὴ
2360 4376 2398 4427 μ
2422 4359 2520 4427 τῆς
2541 4356 2834 4427 ἐλευθέρας
2863 4357 3181 4428 ἐπεχείρουν
3205 4359 3341 4411 ἀπο·

1765 4457 1994 4525 στερεῖν,
2047 4451 2143 4506 καὶ
2171 4450 2269 4521 τήν
2307 4449 2484 4518 ψυχὴν
2516 4448 2744 4502 ἕκαστον
2775 4447 3064 4502 καταθύειν
3094 4449 3340 4518 ἠνάγκα-

1762 4548 1854 4612 ζον
1905 4547 1997 4599 ἐπὶ
2033 4545 2144 4598 τῶν
2191 4545 2408 4614 βωμῶν,
2448 4545 2541 4598 καὶ
2595 4543 2684 4597 τὸν
2721 4543 2920 4595 οἰκεῖον
2955 4541 3229 4613 Δεσπότην
3254 4542 3338 4611 ἐξ·

1761 4639 2046 4711 όμνυσθαι,
2067 4637 2159 4690 καὶ
2174 4639 2239 4708 τῇ
2271 4635 2379 4688 τῶν
2393 4634 2662 4704 δαιμόνων
2683 4634 3014 4704 ὐποκύπτειν
3042 4633 3337 4704 τυραννίδι,

1763 4733 1855 4786 καὶ
1888 4732 2014 4794 τοὺς
2064 4728 2350 4800 λυμεῶνας
2394 4726 2487 4780 καὶ
2527 4725 2756 4797 ἐχθροὺς
2802 4725 2904 4795 τῆς
2939 4726 3212 4798 σωτηρίας
3235 4725 3337 4796 τῆς
3391 4733 3395 4783 ζ

1761 4823 2035 4894 ἡμετέρας
2052 4819 2374 4894 θεραπεύειν
2399 4818 2678 4889 δαίμονας·
2698 4818 2726 4871 ὃ
2752 4819 2960 4889 μυρίων
2985 4818 3229 4872 θανάτων
3245 4817 3337 4872 καὶ
3392 4815 3419 4893 ᾗ

1762 4917 1943 4988 πάσης
1977 4916 2201 4986 γεέννης
2251 4911 2632 4984 χαλεπώτερον
2684 4907 2752 4983 ἧν
2804 4912 2898 4966 καὶ
2937 4913 3337 4984 ἀφορητότερον

1759 5011 1880 5072 ταῖς
1929 5008 2292 5080 φιλοχρίστοις
2330 5006 2548 5077 ψυχαῖς.
2591 5005 2728 5059 Τότε
2763 5004 2828 5077 δὴ
2859 5004 3333 5078 πολλῶνιύποϐρυ-

1759 5101 1892 5172 χίων
1939 5099 2259 5171 γινομένων,
2294 5097 2388 5150 καὶ
2441 5097 2532 5151 τοῦ
2580 5097 2848 5169 χειμῶνος
2900 5098 3212 5168 αἰρομένου,
3240 5096 3334 5148 καὶ

1761 5191 1970 5246 πολλῶν
2007 5188 2410 5257 ναυαγούντων,
2467 5191 2496 5242 ὁ
2549 5191 2818 5260 μακάριος
2867 5181 3024 5252 οὗτος
3058 5184 3330 5257 Ῥωμανὸς

1759 5281 2046 5354 παρελθὼν
2084 5282 2162 5344 εἰς
2210 5281 2406 5350 μέσους
2449 5281 2549 5335 οὐκ
2593 5281 2897 5352 ἐσκόπησεν
2927 5277 3150 5342 εὐθέως,
3185 5278 3328 5339 ὃπως

1757 5373 1949 5428 ἐαυτὸν
2006 5371 2172 5443 ἐπιδῷ
2230 5375 2343 5436 τοῖς
2389 5373 2675 5437 κινδύνοις,
2715 5371 2851 5427 ἀλλά
2899 5373 3162 5443 πρότερον
3207 5371 3329 5434 τοὺς

1757 5465 2189 5538 πεφοϐημένους,
2217 5466 2341 5528 τοὺς
2369 5464 2849 5529 ἀναπεπτωκότας,
2867 5463 2992 5526 τούς
3015 5460 3112 5532 τὴν
3128 5459 3327 5515 οἰκείαν

1757 5559 2048 5632 προδόντας
2081 5557 2353 5628 σωτηρίαν
2394 5559 2614 5629 συνῆγε,
2653 5555 3087 5627 παρεθάρρυνεν,
3119 5553 3324 5622 ’ἀναμαο

1755 5648 2013 5721 χέσασθαι
2039 5647 2435 5720 παρεσκεύαζε,
2461 5648 2587 5712 τοὺς
2624 5647 2721 5718 μὲν
2743 5645 3152 5710 καταπεσόντας
3171 5644 3322 5715 ἀνορ-

1753 5743 1884 5806 θῶν,
1931 5741 2056 5805 τοὺς
2103 5740 2160 5793 δὲ
2206 5738 2448 5803 ἑστῶτας
2500 5738 2931 5810 ἀσφαλιζόμενος
2984 5739 3194 5810 εὐχαῖς,
3235 5735 3325 5789 καὶ

1759 5833 2134 5899 παραινέσεσι,
2185 5831 2276 5886 καί
2317 5830 2665 5900 συμϐουλαῖς,
2697 5831 2824 5898 περὶ
2868 5829 2976 5885 τῶν
3005 5830 3324 5895 μελλόντων,

2888 5928 2962 5988 13

2129 6015 2311 6024 ...ι-λη.-.
