3844 6280
502 354 608 412 609

499 469 626 537 περὶ
671 464 779 518 τῶν
838 459 1117 532 παρόντων
1153 455 1493 528 πραγμάτων
1526 454 1699 537 πολλὰ
1728 451 2069 537 φιλοσοφῶν,

498 536 710 610 δεικνὺς
744 544 803 599 τὸ
841 544 1174 614 πρόσκαιρον
1196 539 1426 603 τούτων,
1451 538 1513 590 τὸ
1535 536 1781 608 διηνεκὲς
1826 536 2070 602 ἐκείνων,

495 627 789 690 ἀντιτιθεὶς
819 637 846 666 α
876 627 987 687 τοῖς
1013 621 1275 685 πόνοιςτά
1290 619 1647 683 ἐπαθλα,ταῖς
1678 617 1930 688 βασάνοις
1947 617 2074 681 τοὺς

495 712 813 782 στεφάνους,
843 710 964 771 ταῖς
1014 705 1268 776 ἀλγηδόσι
1321 703 1388 757 τά
1447 702 1676 775 βραϐεῖα
1708 703 1760 767 δ,
1808 702 2073 756 διδάσκων

496 795 579 859 τίς
604 795 701 865 μὲν
729 794 761 862 ἡ
786 791 1037 862 παροῦσα
1076 789 1210 861 ζωὴ,
1251 787 1334 852 τίς
1362 787 1420 841 δέ
1457 789 1492 858 ή
1538 786 1825 858 μέλλουσα,
1855 786 1948 838 καὶ
1978 785 2076 838 πό-

502 894 592 930 σον
625 875 892 946 ἑκατέρας
926 873 988 926 τὸ
1038 872 1220 943 μέσον,
1269 871 1364 924 καὶ
1404 870 1487 923 ὅτι
1533 869 1752 932 πάντως
1788 868 2077 921 ἀποθανεῖν

499 961 732 1029 ἀνάγκη·
758 958 864 1012 κᾶν
909 955 1019 1027 γὰρ
1066 956 1140 1027 μὴ
1172 954 1347 1025 τούτῳ
1370 953 1450 1025 τῷ
1474 954 1660 1025 τρόπῳ
1685 950 2074 1023 καταλύσωμεν

496 1044 594 1114 τήν
628 1041 793 1114 ζωὴν,
824 1040 902 1111 τῷ
929 1039 1081 1110 νόμῳ
1119 1038 1218 1109 τῆς
1261 1037 1477 1107 φύσεως
1507 1036 1723 1099 πάντως
1770 1033 2074 1103 ἀναγκαζό-

505 1143 655 1198 μενοι
684 1124 880 1196 μικρὸν
906 1122 1036 1191 γοῦν
1079 1120 1307 1192 ὕστερον
1342 1119 1452 1173 τῶν
1481 1119 1748 1190 σωμάτων
1772 1117 2076 1189 ἀποστησά-

504 1209 647 1279 μεθα
676 1207 903 1262 τούτων.
922 1204 1108 1259 Ταῦτα
1133 1204 1199 1276 δὴ
1228 1205 1322 1257 καὶ
1336 1204 1409 1274 ,τά
1434 1201 1645 1264 τούτοις
1662 1201 1878 1256 ἐοικότα
1894 1212 1917 1239 ο
1937 1217 2077 1270 παρ-

495 1291 661 1348 αινῶν
706 1289 998 1361 ἀνώρθωσε
1047 1288 1146 1351 τὰς
1208 1286 1544 1358 παρειμένας
1581 1287 1792 1356 χεῖρας,
1823 1283 2077 1355 ἐστήριξε

496 1375 565 1428 τά
600 1371 1032 1445 παραλελυμένα
1060 1370 1287 1438 γόνατα,
1321 1369 1447 1430 τοὺς
1471 1367 1714 1436 φυγάδας
1738 1367 2074 1437 ἐπανήγαγε,

496 1458 596 1527 τὴν
625 1456 828 1509 δειλίαν
864 1453 1107 1520 ἐξέϐαλε,
1139 1453 1241 1525 τήν
1286 1450 1527 1519 ἀγωνίαν
1559 1449 1831 1520 ἀπήλασε,
1876 1448 2075 1518 θάρσος

498 1538 777 1608 ἐνέθηκεν,
794 1537 915 1590 ἀντὶ
941 1534 1135 1589 δειλῶν
1163 1532 1478 1604 προθύμους
1504 1530 1782 1602 ἐποίησεν,
1811 1532 1931 1585 ἀντὶ
1957 1530 2078 1601 δορ-

498 1621 679 1674 κάδων
735 1619 832 1671 καὶ
884 1617 1103 1686 ἐλάφων
1166 1616 1386 1678 λέοντας
1445 1613 1823 1684 ἀπειργάσατο
1876 1612 2078 1681 πολλῆς

500 1702 761 1764 πνέοντας
792 1700 895 1771 τῆς
944 1701 1149 1770 ἰσχύος,
1188 1697 1555 1769 συνεκρότησε
1602 1693 1697 1749 τοῦ
1733 1693 1968 1767 Χριστοῦ
2015 1694 2078 1746 τὸ

501 1784 882 1856 στρατόπεδον,
906 1784 1002 1854 τὴν
1033 1781 1299 1851 αἰσχύνην
1322 1780 1424 1849 τὴν
1439 1780 1567 1849 παρ’
1593 1779 1723 1848 ἡμῖν
1756 1778 1836 1840 είς
1857 1777 1952 1840 τὰς
1971 1776 2076 1830 τῶν

499 1866 776 1936 πολεμίων
810 1865 1115 1937 μετήνεγκε
1152 1862 1179 1901 ἀ
1219 1861 1482 1932 κεφαλάς.
1526 1859 1671 1913 Ἰδὼν
1699 1859 1876 1913 τοίνυν
1903 1862 1932 1913 6
1961 1859 2076 1913 διά-

499 1949 655 2012 ϐολος
671 1948 872 2018 ἁθρόαν
893 1945 1196 2017 μεταϐολὴν
1231 1944 1626 2015 γεγενημένην,
1667 1943 1760 1995 καὶ
1792 1944 1918 2004 τοὺς
1952 1941 2076 2012 χθὲς

498 2033 597 2085 καὶ
630 2029 821 2100 πρῴην
853 2029 1156 2092 δεδοικότας
1187 2027 1351 2081 αὐτὸν
1378 2027 1474 2079 καὶ
1511 2026 1836 2096 τρέμοντας,
1863 2024 1958 2078 νῦν
1976 2042 2077 2079 κα·

497 2114 837 2184 ταγε>.ῶντας
872 2110 1023 2185 [614]
1045 2110 1210 2164 αὐτοῦ
1237 2110 1333 2164 καὶ
1361 2108 1841 2178 κατατολμῶντας,
1873 2109 2079 2161 ἐπαπο-

501 2197 798 2268 δυομένους
816 2198 932 2258 τοῖς
957 2194 1242 2257 κινδύνοις,
1278 2191 1657 2262 ἐπιπηδῶντας
1677 2193 1791 2253 τοῖς
1814 2189 2078 2260 κολαστη-

501 2281 659 2350 ρίοις,
684 2280 777 2332 καὶ
800 2278 962 2347 γνοὺς
995 2277 1086 2330 τὸν
1113 2277 1306 2339 αἴτιον,
1342 2274 1553 2338 πάντας
1582 2273 1765 2341 ἀφεὶς,
1784 2274 1904 2327 κατ’
1934 2273 2079 2325 ἐκεί-

498 2382 592 2416 νου
624 2362 810 2415 λοιπὸν
844 2361 1102 2414 ἐπνευσεν
1128 2358 1269 2422 ὅλος,
1300 2358 1481 2412 πᾶσαν
1509 2357 1609 2428 τὴν
1648 2355 1879 2425 δύναμιν
1912 2355 2079 2408 αὐτοῦ

498 2446 595 2499 καὶ
622 2444 721 2515 τὴν
749 2442 943 2514 μανίαν
964 2443 1105 2495 κατά
1127 2440 1227 2509 τῆς
1257 2439 1534 2511 μακαρίας
1563 2437 1765 2507 ταύτης
1790 2436 1954 2491 κινῶν
1991 2454 2080 2490 κε-

502 2527 698 2596 φαλῆς.
731 2524 837 2578 Καὶ
871 2524 1116 2589 τίποιεῖ;
1144 2522 1407 2575 Σκοπεῖτε
1440 2521 1541 2591 τὴν
1565 2519 1922 2591 κακουργίαν.
1962 2520 2080 2572 Ούκ

498 2612 705 2682 ἢγαγεν
737 2608 899 2682 αὑτὸν
931 2609 1021 2661 ἐπὶ
1056 2605 1342 2676 βασάνους,
1372 2604 1471 2658 οὐκ
1498 2604 1769 2674 ἀπέτεμεν
1787 2604 1950 2659 αὐτοῦ
1980 2605 2080 2674 τὴν

500 2692 766 2762 κεφαλήν·
808 2687 1012 2753 ἐδίδαξε
1046 2688 1155 2760 γὰρ
1180 2687 1342 2742 αὑτὸν
1377 2689 1407 2741 6
1440 2686 1727 2758 παρελθὼν
1752 2687 1965 2758 χρόνος,
1997 2688 2079 2740 ὃτι

501 2774 681 2829 πάντα
710 2772 887 2827 ταῦτα
917 2774 1039 2843 εἰκῆ
1084 2773 1179 2825 καὶ
1204 2767 1386 2842 ’μάτην
1413 2770 1641 2839 ἐγίνετο.
1672 2768 1749 2824 Ού
1776 2771 1884 2841 γὰρ
1921 2771 2081 2840 μόνον

500 2860 600 2912 οὐκ
630 2855 855 2923 ἐνέκοψε
884 2854 991 2908 τῶν
1020 2853 1461 2907 πεπιστευκότων
1480 2852 1579 2924 τὴν
1601 2852 1925 2924 προθυμίαν,
1944 2853 2080 2909 ἀλλὰ

498 2942 595 2994 καὶ
634 2939 876 2994 ἐπέτεινε
913 2936 1095 3001 πλέον,
1119 2936 1215 2990 καὶ
1238 2936 1411 3006 μείζω
1439 2936 1531 2989 καὶ
1552 2934 1888 3007 θερμοτέραν
1912 2936 2082 3009 αὐτὴν

498 3024 778 3094 ἐποίησεν.
836 3020 1153 3090 ’Δνθρακας
1202 3018 1566 3090 ὑπεστόρεσα,
1613 3019 1796 3087 φησὶν,
1836 3021 1884 3073 οί
1919 3020 1976 3073 δὲ
2002 3020 2081 3085 ὡς

499 3108 594 3160 ἐπί
625 3106 755 3179 ῥόδα
787 3117 813 3145 ο
848 3104 1088 3176 ἔτρεχον·
1114 3101 1226 3173 πῦρ
1276 3102 1478 3172 ἀνῆψα,
1508 3103 1558 3154 οἱ
1579 3101 1636 3154 δέ
1668 3101 1743 3166 ὼς
1780 3104 1861 3165 είς
1898 3104 2081 3174 πηγάς

498 3191 706 3246 ὑδάτων
732 3188 957 3261 ψυχρῶν
973 3187 1198 3250 ἐαυτοὺς
1217 3185 1469 3257 ἔρριψαν·
1502 3183 1775 3250 κατέξανα
1793 3185 1891 3249 τάς
1912 3186 2079 3240 πλευ-

502 3273 625 3348 ράς,
667 3274 762 3326 καὶ
792 3271 1013 3342 βαθείας
1052 3270 1314 3340 ἀνέτεμυν
1351 3266 1614 3335 αὔλακας,
1648 3268 1744 3323 καὶ
1766 3270 2080 3341 κατήγαγον

503 3359 713 3429 ῥύακας
762 3355 1025 3427 αἱμάτων,
1054 3354 1104 3407 οἱ
1134 3353 1190 3405 δὲ
1229 3352 1306 3414 ὡς
1334 3353 1543 3423 χρυσίῳ
1586 3352 1850 3407 πάντοθεν
1888 3356 2081 3425 περιρ-

503 3442 771 3513 ρεόμενοι,
796 3438 968 3500 οὕτως
1000 3434 1451 3500 ἐκαλλωπίζοντο·
1485 3437 1598 3498 τοῖς
1641 3438 1907 3507 κρημνοῖς
1936 3436 2083 3509 €99:-

499 3525 603 3595 ψα,
637 3522 731 3576 καὶ
758 3521 837 3584 είς
897 3519 1132 3588 πέλαγος
1171 3518 1557 3582 κατεπόντισα,
1602 3517 1653 3569 οἱ
1689 3517 1746 3570 δέ
1776 3519 1876 3589 οὐχ
1904 3520 1978 3583 ὼς
2001 3524 2081 3585 είς

503 3607 664 3678 βυθὸν
693 3602 1133 3668 καταϐαίνοντες,
1157 3600 1271 3655 ἀλλ’
1289 3601 1363 3665 ὡς
1386 3602 1468 3666 εἰς
1490 3600 1655 3655 αὐτὸν
1701 3601 2082 3670 ἀναϐαίνοντες

501 3691 591 3744 τὸν
621 3685 868 3759 οὐρανὸν,
903 3685 1045 3739 οὕτω
1073 3683 1334 3738 διέκειντο
1357 3682 1704 3754 σκιρτῶντες,
1733 3685 1827 3738 καὶ
1857 3685 2082 3754 ἀγαλλό-

503 3789 676 3844 μενοι,
712 3770 805 3825 καὶ
824 3768 1015 3840 ὥσπερ
1059 3769 1118 3821 ἐν
1152 3768 1276 3839 ἱερᾷ
1306 3768 1500 3838 πομπῇ
1540 3765 1879 3838 χορεύοντες,
1906 3770 2001 3823 καὶ
2023 3771 2081 3823 ὲν

497 3855 725 3925 λειμῶνι
779 3852 1064 3915 παίζοντες
1092 3848 1319 3921 χλοερῷ,
1341 3848 1485 3902 οὓτω
1531 3849 1629 3913 τάς
1660 3849 1928 3921 τιμωρίας
1955 3851 2083 3906 ﬁxa-

501 3955 625 4002 στος
655 3934 925 4008 ἥρπαζον,
953 3933 1051 4004 οὐχ
1079 3933 1154 3997 ὡς
1186 3931 1479 4004 τιμωρίας,
1512 3931 1627 3985 ἀλλ’
1661 3932 1737 3997 ὡς
1768 3931 1902 4005 ἀνθη
1940 3933 2078 4005 λαμ-

500 4022 751 4082 ϐάνοντες
772 4016 983 4090 ἐαρινὰ,
1025 4016 1121 4069 καὶ
1153 4013 1607 4085 στεφανούμενοι,
1650 4014 1744 4067 καὶ
1770 4017 1836 4087 τῇ
1868 4015 1969 4086 τῆς
2006 4019 2093 4077 οἰτ

498 4103 651 4165 κείας
700 4099 1008 4172 προθυμίας
1059 4096 1332 4169 ὑπερϐολῇ
1389 4096 1490 4160 τάς
1550 4099 1691 4168 ἐμάς
1745 4098 2081 4169 προέφθανω

497 4185 785 4257 τιμωρίας.
823 4183 888 4236 Τί
915 4182 1094 4236 τοίνυν
1122 4181 1187 4235 ἂν
1215 4180 1300 4252 εἴη
1334 4179 1630 4251 πρακτέον,
1674 4181 1868 4251 φησίν;
1921 4183 2080 4236 Ἀπο-

497 4269 648 4338 τέμω
675 4267 866 4319 τούτου
886 4264 982 4335 τὴν
1010 4263 1287 4334 κεφαλήν;
1325 4261 1466 4315 Ἀλλ’
1494 4262 1632 4334 ὅπερ
1650 4261 1887 4333 εὔχεται,
1920 4263 2079 4318 τοῦτο

498 4352 727 4420 γίνεται,
753 4350 847 4403 καὶ¹
880 4347 1099 4419 μείζονα
1117 4344 1486 4416 λαμϐάνουσιν
1515 4346 1565 4397 οί
1609 4346 1848 4416 μαθηταὶ
1861 4346 1961 4418 τὴν
1989 4347 2109 4401 διὰ·

496 4434 606 4487 τῶν
640 4432 815 4503 ἐργων
849 4429 1188 4500 παραίνεσιν·
1218 4426 1438 4497 καὶγὰρ
1466 4427 1790 4498 παρῄνεσεν,
1822 4429 1902 4481 ὅτι
1943 4447 2079 4502 μαρ-

496 4516 676 4588 τύρων
702 4514 929 4575 θάνατος
968 4511 1069 4563 οὑκ
1106 4508 1223 4562 ἐστι
1264 4508 1529 4574 θάνατος,
1570 4508 1707 4563 ἀλλά
1751 4510 1864 4582 ζωὴ
1905 4511 2078 4583 πέρας

499 4601 599 4652 οὐκ
624 4598 842 4668 ἔχουσα,
862 4595 960 4649 καὶ⁵
987 4592 1221 4665 μάλιστά
1256 4607 1320 4659 γε
1338 4592 1480 4661 ὑπὲρ
1518 4591 1721 4662 ταύτης
1745 4594 1920 4648 πάντα
1949 4596 2080 4649 ὑπο-

504 4682 685 4750 μένειν
716 4680 841 4751 χρὴ,
894 4678 990 4732 καὶ
1022 4677 1104 4729 ὅτι
1150 4675 1232 4727 δεῖ
1274 4675 1633 4742 καταφρονεῖν
1671 4674 1943 4746 τελευτῆς.
1982 4679 2077 4732 Ἂν

498 4762 681 4815 τοίνυν
712 4762 969 4831 ἀποτέμω
1009 4758 1110 4828 τὴν
1161 4756 1428 4827 κεφαλὴν,
1456 4756 1552 4809 καὶ
1593 4757 1853 4823 γενναίως
1879 4758 2078 4834 ἐνέγκῃ

498 4844 564 4896 τὸ
594 4842 825 4913 συμϐὰν,
865 4841 953 4895 διὰ
1019 4841 1131 4894 τῶν
1164 4840 1346 4911 ἔργων
1374 4838 1572 4901 αὐτοὺς
1595 4837 1872 4892 παιδεύσει
1913 4842 2078 4910 σαφέ-

503 4942 718 4996 στερον,
744 4926 825 4978 ὅτι
846 4923 989 4977 οὓτω
1019 4923 1252 4978 θανάτου
1289 4922 1371 4975 δεῖ
1408 4924 1784 4993 καταφρονεῖν,
1811 4924 1905 4975 καὶ
1939 4925 2076 4994 μάλ-

499 5010 593 5063 λον
615 5007 790 5062 αὐτῶν
815 5005 1113 5079 ἀνορθώσει
1142 5006 1212 5059 τά
1227 5007 1571 5076 φρονήματα,
1598 5003 1691 5059 καὶ
1729 5004 1946 5060 πλείονα
1974 5009 2074 5061 αύ-

497 5097 612 5158 τοῖς
637 5090 929 5164 ἐμπνεύσει
953 5090 971 5130 ί
1007 5090 1341 5162 τελευτήσας
1371 5090 1471 5160 τὴν
1496 5089 1819 5161 προθυμίαν.
1835 5091 1931 5144 Διά
1954 5092 2074 5145 τοῦ-

498 5194 559 5233 το
589 5177 689 5248 τὴν
739 5175 989 5245 γλῶτταν
1031 5175 1326 5245 ἀπέτεμεν,
1359 5174 1446 5226 ἵνα
1473 5173 1934 5245 ἀποστερηθέντες
1972 5177 2073 5247 τῆς

499 5261 703 5333 φωνῆς,
731 5255 799 5332 ἦς
827 5260 1105 5331 ἀπήλαυον
1143 5260 1193 5311 οί
1226 5255 1321 5310 τοῦ
1355 5256 1630 5327 μάρτυρος
1672 5256 1930 5328 μαθηταὶ,
1978 5262 2074 5314 καὶ

499 5345 601 5415 τῆς
629 5342 937 5415 συμϐουλῆς
962 5341 1308 5406 ἐκπεσόντες,
1335 5338 1541 5407 καὶτῆς
1561 5339 1927 5409 παραινέσεως
1953 5344 2075 5414 ἐρη-

559 5476 576 5499 ⁸
603 5477 685 5528 Sic
716 5480 766 5528 in
790 5479 1023 5541 praesenti
1046 5476 1416 5541 rescribgndum
1444 5471 1554 5533 fuit,
1578 5480 1744 5524 conlra
1782 5474 1949 5525 Monlf.
1986 5480 2069 5538 qui

500 5539 756 5602 in‘agljisto
778 5538 1215 5602 [θεεὺαιάντιθείς.
1237 5538 1381 5587 Ευιτ-

556 5599 586 5638 ι)
613 5600 751 5663 Unus
774 5599 896 5663 Βεῖε.
920 5601 1023 5663 ταῖς
1040 5601 1255 5663 πληγαῖς.

563 5663 588 5725 (ξ
609 5662 705 5725 ᾼΙὶἱ
725 5660 909 5725 τούτοις
928 5662 1087 5725 ὅμοια.

563 5717 589 5757 ὃ
616 5719 752 5768 Unus
776 5722 907 5784 Διὶεε.
945 5717 1041 5784 τῶν
1080 5723 1298 5772 ἐναντίων
1345 5721 1615 5784 μετήνεγκε.
1654 5717 1774 5770 Ibid.
1823 5720 1969 5773 Savil.
1997 5723 2067 5784 Ain

1349 5780 1358 5783 ·
1524 5780 1533 5784 '
1997 5780 2009 5788 ·

567 5897 591 5940 ί
619 5898 756 5950 Unus
772 5897 895 5962 Rei.
916 5902 1074 5958 αὐτοῖς
1097 5897 1291 5961 (Mat;

1205 346 1261 400 S.
1295 340 1579 400 JOANNIS
1614 336 2100 397 CHRYSOSTOMI
2142 337 2460 395 ARCHIEP.
2504 334 3050 396 CONSTANTINOP.

3672 331 3769 393 διο

2184 454 2475 525 μωθέντες,
2506 453 2796 525 δειλότεροι
2830 453 3116 521 γένωνται,
3144 449 3237 505 καὶ
3259 449 3393 522 πρὸς
3419 450 3519 523 τὴν
3570 450 3770 523 προτέ·

2180 553 2280 606 ραν
2316 536 2551 605 ἀγωνίαν
2581 535 2971 599 ἐπανέλθωσιν,
3007 534 3109 588 οὐκ
3157 533 3373 604 ἔχοντες
3405 533 3500 586 τὸν
3533 531 3757 587 ἐπαλεί-

2178 616 2366 687 φοντα,
2396 619 2514 672 οὐδὲ
2538 618 2630 672 τὸν
2652 617 2982 688 διεγείροντα
2998 617 3093 671 καὶ
3123 616 3545 680 καθοπλίζοντα.

2248 708 2317 770 γ’.
2352 701 2457 755 Καὶ
2492 701 2684 755 σκόπει
2721 717 2811 771 μοι
2835 700 2935 770 τὴν
2974 700 3331 770 κακουργίαν.
3374 700 3639 772 Ἡρώδης
3668 703 3761 771 μὲν

2179 783 2420 855 ἀπέτεμε
2440 784 2537 854 τὴν
2562 784 2801 854 κεφαλὴν
2836 782 3107 837 Ἰωάννου·
3142 776 3296 845 οὗτος
3313 782 3369 834 δέ
3386 781 3513 852 οὐχὶ
3544 783 3660 854 τὴν
3689 799 3765 836 κε-

2179 865 2375 937 φαλὴν,
2424 865 2561 920 ἀλλά
2609 867 2708 938 τὴν
2751 864 2996 933 γλῶτταν
3048 865 3235 936 μόνην.
3284 864 3350 918 Τί
3385 864 3636 935 δήποτε;
3676 864 3769 917 Διά
3814 857 3821 869 ’

2180 948 2380 1019 πολλὴν
2413 948 2747 1020 κακουργίαν
2776 948 2870 1001 καὶ
2911 948 3227 1016 σκαιότητα.
3256 946 3354 999 Ἂν
3374 946 3549 1000 ἀποτέ
3556 965 3656 1017 μω
3676 947 3768 1015 τήν

2180 1032 2442 1104 κεφαλὴν,
2482 1033 2633 1102 φησὶ,
2660 1032 2754 1086 καὶ
2786 1031 3053 1104 ἀποθάνῃ,
3085 1029 3446 1084 ἀπελεύσεται
3483 1030 3595 1100 οὐχ
3632 1029 3769 1102 ὁρῶν

2179 1115 2278 1188 τὴν
2305 1114 2579 1170 ἀπώλειαν
2589 1117 2697 1169 τῶν
2720 1115 2913 1169 ἐαυτοῦ
2932 1113 3195 1184 ἀδελφῶν·
3224 1112 3335 1182 ἐγὼ
3356 1113 3414 1166 δὲ
3445 1113 3626 1167 αὑτὸν
3654 1110 3769 1183 βού-

2180 1197 2342 1269 λομαι
2382 1198 2577 1268 στῆσαι
2607 1198 2859 1269 μάρτυρα
2894 1199 3002 1251 τῶν
3024 1196 3334 1267 πτωμάτων
3353 1196 3450 1248 καὶ
3486 1194 3601 1266 τῆς
3640 1209 3768 1265 συμο

2182 1284 2354 1354 φορᾶς
2375 1281 2484 1336 τῶν
2516 1282 2730 1336 οἰκείων
2765 1281 3136 1351 στρατιωτῶν,
3166 1279 3256 1343 ἵν’,
3296 1280 3403 1333 ὑπὸ
3430 1279 3543 1349 τῆς
3575 1278 3769 1345 ὀδύνης

2182 1366 2416 1436 ἀγχηται
2435 1366 2871 1428 καταπίπτοντας
2891 1366 2988 1436 μὲν
3009 1363 3169 1436 ὀρῶν,
3187 1365 3344 1434 χεῖρα
3362 1360 3417 1416 δὲ
3440 1364 3678 1434 ὀρέγειν
3701 1364 3767 1432 μή

2180 1447 2496 1521 δυνάμενος,
2544 1449 2640 1503 καὶ
2692 1448 2754 1502 τὸ
2795 1446 3193 1518 συμϐουλεῦσαι
3248 1446 3423 1499 ταῦτα
3473 1445 3635 1515 ἀπερ
3686 1447 3768 1498 καί

2184 1533 2451 1604 πρότερον
2481 1532 2582 1586 ούκ
2620 1531 2781 1602 ἔχων,
2827 1530 2928 1603 τῆς
2978 1531 3162 1602 φωνῆς
3207 1529 3344 1602 μετά
3376 1529 3482 1600 τῆς
3514 1528 3769 1598 γλώττης

2183 1617 2528 1688 ἐκκοπείσης.

2268 1700 2449 1753 Ἀλλ’ὁ
2470 1702 2494 1740 ε
2522 1698 2882 1770 δρασσόμενος
2898 1698 3023 1763 τοὺς
3038 1698 3233 1767 σοφοὺς
3261 1696 3320 1752 ἐν
3347 1698 3414 1768 τῇ
3451 1694 3767 1765 πανουργία

2184 1783 2382 1846 αὐτῶν,
2409 1783 2470 1836 τὸ
2502 1783 2745 1852 σόφισμα
2765 1781 2921 1835 τοῦτο
2948 1783 3026 1844 είς
3064 1780 3161 1850 τὴν
3193 1779 3402 1832 ἐκείνου
3430 1778 3767 1848 περιέτρεψε

2184 1865 2445 1936 κεφαλήν,
2476 1865 2571 1918 καὶ
2597 1865 2657 1918 ού
2688 1865 2847 1934 μόνον
2888 1863 3194 1935 συμϐουλῆς
3227 1862 3325 1915 οὐκ
3358 1861 3766 1931 ἀπεστέρησεν.

2184 1949 2320 2003 ἀλλά
2345 1951 2439 2002 καὶ
2472 1948 2713 2011 πλείονος
2743 1948 2939 2008 αὐτοὺς
2969 1947 3224 2016 ἐποίησεν
3247 1943 3565 1999 ἀπολαῦσαι
3588 1960 3773 2013 παραισ

2184 2034 2404 2098 νέσεως,
2441 2033 2535 2086 καὶ
2572 2031 3094 2102 πνευματικωτέρας
3126 2027 3273 2100 [615]
3299 2028 3609 2098 μετασχεῖν
3630 2027 3772 2079 διδα-

2187 2116 2430 2179 σκαλίας.
2463 2115 2681 2186 Ἐπειδὴ
2694 2115 2801 2186 γὰρ
2818 2113 3281 2184 τοῦτοέκράτησε,
3306 2109 3556 2163 καλεῖται
3588 2108 3775 2162 λοιπὴν

2185 2201 2277 2254 ἐπὶ
2305 2199 2403 2270 τὴν
2426 2200 2640 2270 τομὴνό
2671 2199 2871 2269 ἰατρὸς,
2895 2197 3063 2268 καὶδή
3075 2213 3192 2266 μιος
3212 2195 3332 2249 ἀντὶ
3361 2192 3556 2263 ἰατροῦ
3591 2193 3772 2261 γίγνε-

2185 2300 2296 2346 ται,
2331 2282 2450 2352 οὐχὶ
2474 2283 2537 2336 τὸ
2572 2280 2859 2351 νενοσηκὸς
2896 2280 3278 2352 διορθούμενος
3313 2278 3500 2349 μέλος,
3536 2278 3685 2332 ἀλλά
3722 2278 3776 2329 τὸ

2186 2366 2426 2434 ὑγιαῖνον
2476 2364 2823 2435 διαφθείρων·
2860 2364 2952 2416 καὶ
2978 2361 3076 2433 τὴν
3103 2361 3351 2431 γλῶτταν
3401 2360 3640 2426 ἐξελὼν,
3682 2363 3777 2414 οὒκ

2186 2449 2404 2518 ἷσχυσεν
2437 2449 2574 2517 αὐτῇ
2620 2446 2921 2510 συνεξελεῖν
2953 2446 3046 2498 καὶ
3083 2445 3180 2515 τὴν
3216 2446 3419 2514 φωνήν·
3461 2443 3586 2497 ἀλλ’
3617 2445 3653 2512 ἡ
3684 2443 3777 2513 μὲν

2188 2533 2287 2600 τῆς
2311 2530 2511 2601 σαρκὸς
2540 2529 2863 2595 ἐξεκόπτετο
2880 2527 3113 2596 γλῶττα,
3144 2529 3178 2597 ή
3203 2526 3259 2578 δέ
3292 2527 3392 2596 τῆς
3420 2526 3664 2597 χάριτος
3690 2530 3773 2594 ἑφ-

2191 2614 2379 2666 ίπτατο
2409 2612 2486 2682 τῷ
2517 2614 2742 2682 στόματι
2768 2610 2862 2663 τοῦ
2896 2609 3185 2680 μακαρίου·
3217 2610 3310 2661 καὶ
3329 2612 3364 2680 ή
3383 2610 3485 2679 μὲν
3514 2609 3690 2677 φύσις
3723 2609 3773 2659 τό

2188 2698 2387 2750 οἰκεῖον
2405 2694 2553 2763 ἠφίει
2582 2693 2760 2763 μέλος,
2786 2692 2878 2746 τοῦ
2909 2692 3126 2763 σιδήρου
3143 2691 3300 2745 τοῦτο
3325 2692 3772 2759 καταναγκάζον-

2184 2797 2307 2843 τος,
2343 2780 2376 2848 ὴ
2420 2777 2477 2830 δὲ
2523 2778 2681 2847 χάρις
2730 2778 3079 2829 συνεκπεσεῖν
3116 2776 3253 2847 αὐτῇ
3301 2775 3399 2843 τὴν
3437 2775 3640 2845 φωνὴν
3684 2775 3773 2826 οὐκ

2186 2864 2393 2916 εἴασεν·
2433 2861 2553 2913 ὅθεν
2594 2858 2779 2911 λοιπὸν
2828 2858 3348 2929 πνευματικωτέρας
3390 2857 3695 2928 ἀπήλαυνον
3731 2857 3773 2908 οῖ

2191 2944 2432 3018 μαθηταὶ
2465 2941 2827 3006 διδασκαλίας,
2861 2943 2960 2995 οὐκ
2991 2943 3306 3014 ἀνθρωπίνῃ
3336 2945 3496 3013 φωνῇ
3517 2943 3772 3011 καθάπρ

2185 3029 2254 3082 τὰ
2295 3026 2533 3098 πρότερα
2558 3024 2867 3088 ἀκούοντες,
2890 3024 3025 3077 ἀλλὰ
3045 3025 3164 3096 θείᾳ
3180 3025 3308 3089 τινὶ,
3336 3027 3433 3079 καὶ
3470 3042 3771 3095 πνευματι-

2187 3112 2279 3181 κῇ,
2309 3112 2404 3163 καὶ
2436 3108 2641 3179 μείζονι
2666 3107 2763 3177 τῆς
2796 3107 3008 3177 φύσεως
3023 3109 3121 3179 τῆς
3139 3106 3437 3179 ἡμετέρας·
3460 3106 3563 3160 καὶ
3576 3107 3775 3171 πάντες

2189 3192 2527 3263 συνέτρεχον,
2559 3189 2763 3244 ἀνωθεν
2792 3190 3034 3259 ἄγγελοι,
3052 3189 3294 3244 κάτωθεν
3318 3189 3777 3260 ἀνθρωποε,ἓκαο

2189 3292 2311 3339 στος
2337 3275 2505 3346 χωρὶς
2541 3272 2790 3343 γλώττης
2835 3272 3011 3342 στόμα
3054 3272 3180 3327 ἰδεῖν
3221 3271 3665 3343 ἐπιθυμοῦντες,
3688 3275 3775 3327 καὶ

2186 3357 2415 3412 ἀκοῦσαι
2457 3354 2828 3426 φθεγγομένου
2880 3353 3072 3419 οὕτως.
3119 3355 3229 3409 Καὶ
3265 3354 3377 3425 γάρ
3419 3350 3496 3426 ἦν
3542 3356 3722 3419 ὅντως
3748 3354 3775 3395 ι

2188 3439 2497 3511 θαυμαστὸν
2521 3438 2616 3492 καὶ
2645 3437 2942 3510 παράδοξον
2981 3438 3157 3509 στόμα
3181 3437 3308 3493 ἄνευ
3329 3438 3596 3508 γλώττης
3616 3441 3777 3509 φθεγ-

2186 3524 2435 3594 γόμενον,
2473 3520 2673 3593 πολλὴν
2722 3522 2821 3593 μὲν
2870 3520 2949 3592 τῷ
2992 3520 3224 3592 διαϐόλῳ
3272 3521 3439 3592 φέρον
3479 3524 3776 3596 αἰσχύνην,

2188 3605 2388 3677 πολλὴν
2414 3605 2471 3659 δέ
2508 3605 2586 3677 τῷ
2605 3604 2843 3677 μάρτυρι
2866 3603 3045 3671 δόξαν,
3085 3604 3327 3676 μεγάλην
3352 3605 3412 3658 δέ
3437 3609 3562 3671 τοῖς
3596 3608 3777 3678 μαθη-

2185 3692 2307 3754 ταῖς
2338 3688 2688 3760 παράκλησιν
2716 3687 2811 3742 καὶ
2863 3687 3137 3758 ὑπομονῆς
3187 3687 3467 3743 ὑπόθεσιν.
3512 3690 3638 3743 Καὶ
3675 3691 3778 3763 γὰρ

2187 3775 2307 3837 ἔθος
2326 3773 2404 3844 τῷ
2429 3772 2548 3843 Θεῷ
2571 3771 2815 3825 τοιοῦτον
2843 3769 3048 3826 ἀνωθεν
3069 3771 3164 3824 καὶ
3204 3770 3264 3836 ἐξ
3295 3772 3499 3843 ἀρχῆς,
3542 3773 3698 3848 ᾇπερ
3717 3775 3777 3828 ἂν

2189 3855 2314 3911 καθ’
2340 3855 2499 3927 ἡμῶν
2526 3856 2554 3909 6
2586 3854 2834 3918 διάϐολος
2882 3853 3049 3926 βάψῃ,
3082 3852 3258 3908 ταῦτα
3297 3855 3379 3919 είς
3414 3855 3523 3925 τὴν
3559 3858 3775 3911 ἐκείνου

2185 3941 2407 4013 τρέπειν
2445 3940 2707 4009 κεφαλὴν,
2732 3938 2827 3994 καὶ
2855 3938 2994 4010 ὑπὲρ
3020 3937 3409 4010 τῆςήμετέρας
3428 3943 3775 3996 autumni-

2187 4025 2300 4090 ζειν
2333 4025 2623 4096 σωτηρίας.
2662 4023 2864 4077 Σκόπει
2889 4021 2967 4075 δέ·
3002 4021 3251 4088 ἐξέϐαλεν
3285 4024 3502 4087 ἐκεῖνος
3537 4024 3646 4079 τοῦ
3674 4043 3775 4079 πα-

2191 4109 2432 4180 ραδείσου
2459 4108 2549 4161 τὸν
2575 4107 2882 4179 ἄνθρωπον,
2911 4107 3003 4160 καὶ
3036 4105 3269 4175 ἀνέῳξεν
3295 4105 3448 4175 αὐτῷ
3480 4107 3582 4161 τὸν
3610 4111 3773 4180 οὐρα-

2186 4192 2273 4245 νδν
2302 4192 2330 4244 6
2367 4183 2516 4252 Θεός·
2541 4190 2818 4262 ἀπήλασεν
2849 4189 3009 4243 αὑτὸν
3038 4188 3240 4251 ἐκεῖνος
3259 4188 3359 4259 τῆς
3387 4189 3574 4260 ἀρχῆς
3594 4193 3702 4264 τῆς
3726 4196 3773 4243 ἑν

2185 4279 2250 4346 τῇ
2286 4277 2377 4345 γῇ,
2407 4275 2501 4328 καὶ
2527 4273 2723 4327 ἔδωκεν
2750 4272 2899 4345 αὐτῷ
2925 4272 3025 4342 τὴν
3070 4269 3348 4340 βασιλείαν
3387 4273 3505 4326 τῶν
3528 4274 3774 4346 οὐρανῶν

2184 4360 2212 4410 6
2240 4357 2392 4423 Θεὸς,
2418 4357 2512 4410 καλ⁵
2550 4358 2608 4409 ἐν
2653 4355 2731 4427 τῷ
2757 4355 2930 4427 θρόνῳ
2947 4353 3023 4424 τῷ
3055 4353 3316 4424 βασιλικῷ
3342 4355 3447 4425 τὴν
3480 4356 3659 4425 φύσιν
3697 4361 3775 4412 ἐν·

2189 4439 2371 4509 ίδρυσε
2421 4437 2522 4519 τῂν
2558 4438 2854 4510 ἡμετέραν.
2916 4435 3102 4500 Οῦτως
3153 4436 3239 4490 ἀεὶ
3284 4437 3517 4504 μείζονα
3556 4439 3775 4495 δίδωσιν

2184 4519 2385 4587 ἀγαθὰ,
2413 4515 2488 4572 ὧν
2511 4521 2540 4572 6
2576 4519 2820 4581 διάϐολος
2850 4519 3174 4589 ἀποστερεῖν
3199 4520 3491 4590 ἐπιχειρεῖ.
3524 4523 3693 4576 Ποιεῖ
3723 4523 3775 4576 δί

2185 4603 2367 4668 τοῦτο,
2420 4603 2626 4656 ἐκεῖνόν
2670 4620 2729 4657 τε
2766 4602 3123 4673 ὀκνηρότερον
3159 4603 3218 4655 ἐν
3271 4606 3395 4667 ταῖς
3447 4605 3585 4658 καθ’
3623 4607 3775 4679 ἡμῶν

2183 4685 2605 4748 κατασκευάζων
2632 4686 2649 4725 i
2688 4684 3018 4749 ἐπιϐουλαῖς,
3041 4686 3193 4755 ἡμᾶς
3215 4684 3273 4738 δὲ
3297 4686 3585 4741 παιδεύων
3618 4690 3773 4762 μηδέ-

2187 4784 2317 4820 ποτε
2337 4767 2500 4821 αὐτοῦ
2528 4767 2821 4820 δεδοικέναι
2836 4766 2904 4820 τὰ
2932 4768 3145 4838 μηχανή
3154 4784 3318 4836 ματα·
3337 4767 3368 4820 δ
3381 4767 3449 4839 δὴ
3461 4772 3568 4825 καὶ
3582 4772 3773 4827 ἐνταῦ-

2185 4850 2254 4904 θα
2281 4851 2501 4919 γέγονεν
2525 4850 2618 4903 ἐπὶ
2656 4850 2750 4903 τοῦ
2790 4850 3080 4922 μάρτυρος.
3112 4844 3217 4914 Ἧς
3245 4849 3353 4922 γάρ
3386 4855 3771 4927 προσεδόκησε

2182 4937 2366 5003 φωνῆς
2393 4934 2789 5006 ἀποστερήσειν
2819 4934 3002 4995 αὑτὸν,
3041 4933 3218 5003 πολλῷ
3264 4936 3499 5006 μείζονα
3534 4943 3642 4995 καὶ
3687 4959 3770 4994 σε·

2185 5016 2447 5086 μνοτέραν
2472 5016 2621 5086 αὐτῷ
2637 5016 2926 5086 ἐχαρίσατο
2939 5016 3127 5080 ὁΘεός.
3150 5017 3224 5069 Οὐ
3250 5017 3358 5088 γάρ
3386 5013 3458 5090 ἦν
3484 5019 3612 5075 ἴσον
3642 5023 3773 5094 μετὰ

2181 5098 2424 5170 γλώττης
2461 5098 2812 5177 φθέγγεσθαι,
2830 5100 2923 5153 καὶ
2961 5101 3129 5171 χωρὶς
3147 5100 3414 5172 γλώττης·
3448 5104 3521 5158 τὸ
3540 5108 3649 5177 μὲν
3672 5110 3773 5177 γᾶρ

2180 5166 2483 5235 ἀκόλουθον
2501 5176 2589 5252 ἦν,
2621 5182 2716 5234 καὶ
2755 5182 2934 5234 κοινὸν
2963 5166 3245 5247 άπασιξτὸ
3266 5182 3323 5236 δὲ
3345 5166 3496 5258 ύπὲρ
3526 5166 3636 5261 τὴν

2182 5282 2289 5331 σιν,
2321 5266 2417 5319 καὶ
2472 5264 2639 5318 αὐτοῦ
2678 5264 2810 5318 ἴδιον
2843 5264 3061 5333 ἐγένετο
3096 5264 3280 5335 μόνου.
3335 5268 3546 5324 Καίτοι
3585 5275 3686 5328 καὶ
3727 5277 3771 5327 εί

2178 5346 2391 5414 ἄφωνος
2424 5347 2553 5418 έστη
2590 5347 2726 5417 μετά
2760 5347 2858 5417 τὴν
2890 5348 2990 5417 τῆς
3018 5346 3263 5419 γλώττης
3290 5351 3545 5423 ἐκκοπὴν
3565 5357 3597 5408 ό
3634 5358 3772 5426 μάρο

2176 5446 2293 5492 τυς,
2333 5429 2429 5495 καὶΔ
2458 5429 2629 5493 οὕτως
2680 5429 2828 5500 αύτῷ
2866 5429 2937 5483 τὰ
2971 5429 3079 5483 τῶν
3124 5431 3344 5500 ἀγώνων
3396 5438 3767 5510 πεπλήρωτο,

2177 5512 2313 5563 καὶὸ
2341 5511 2602 5580 στέφανος
2624 5511 2945 5582 ἀπήρτιστο·
2976 5508 3114 5583 ἧττα
3135 5511 3244 5583 γὰρ
3269 5516 3511 5588 μεγίστη
3546 5508 3647 5575 κάξ
3673 5539 3765 5575 πα-

2179 5594 2284 5666 φὴς
2312 5594 2590 5662 ἀπόδειξις
2623 5589 2691 5666 ἦν
2714 5594 2774 5647 τὸ
2801 5593 2898 5666 τήν
2932 5593 3178 5662 γλῶτταν
3209 5598 3416 5667 τεμεῖν.
3448 5600 3522 5654 Εἰ
3546 5604 3664 5675 γὰρ
3692 5604 3766 5675 μή

2237 5729 2264 5801 ε
2285 5726 2419 5776 Idem
2443 5728 2568 5801 Reg.
2588 5733 2748 5801 φειῃῆε
2760 5727 2842 5801 καὶ
2858 5732 2944 5785 τῆς
2964 5728 3187 5790 γλώσσης
3211 5722 3559 5795 ἀποστερηθεὶς
3589 5737 3762 5798 ἀφῆσι

2175 5792 2333 5851 πᾶσαν
2357 5787 2586 5851 μηχανήν.
2599 5787 2606 5790 ”
2619 5787 2748 5851 Ἀλλ’
2774 5790 2819 5837 ό.

2185 5861 2192 5869 '
2233 5849 2365 5914 ξιξῇο
2388 5849 2589 5914 εξονὶι.
2613 5855 2667 5898 ει
2691 5850 2781 5898 int.
2805 5855 3098 5914 correctum.
3125 5851 3295 5907 Montf.
3319 5854 3491 5914 οὕτως.
3520 5856 3673 5910 Enn.

2234 5911 2252 5950 ί
2281 5910 2414 5960 Idem
2445 5911 2567 5974 Reg.
2592 5911 2984 6001 m1ava7xé§covj
