  <div class='ocr_page' id='page_1' title='image "/cluster/home/n/w/nwhite01/storage/ocr_20150623/50/mdp.39015066055818/206.png"; bbox 0 0 3844 6280; ppageno 0'>
   <div class='ocr_carea' id='block_1_1' title="bbox 108 373 210 433">
    <p class='ocr_par' dir='ltr' id='par_1_1' title="bbox 108 373 210 433">
     <span class='ocr_line' id='line_1_1' title="bbox 108 373 210 433; baseline -0.039 -1"><span class='ocrx_word' id='word_1_1' title='bbox 108 373 210 433; x_wconf 78' lang='grc'><strong>609</strong></span> 
     </span>
    </p>
   </div>
   <div class='ocr_carea' id='block_1_2' title="bbox 0 494 1687 567">
    <p class='ocr_par' dir='ltr' id='par_1_2' title="bbox 0 494 1687 567">
     <span class='ocr_line' id='line_1_2' title="bbox 0 494 1687 567; baseline 0.002 -18"><span class='ocrx_word' id='word_1_2' title='bbox 0 522 11 549; x_wconf 77' lang='grc' dir='ltr'>τ</span> <span class='ocrx_word' id='word_1_3' title='bbox 108 497 197 566; x_wconf 99' lang='lat' dir='ltr'><strong>qui</strong></span> <span class='ocrx_word' id='word_1_4' title='bbox 225 494 457 562; x_wconf 94' lang='lat' dir='ltr'><strong>stabant,</strong></span> <span class='ocrx_word' id='word_1_5' title='bbox 483 495 806 552; x_wconf 85' lang='lat' dir='ltr'><strong>confirmans</strong></span> <span class='ocrx_word' id='word_1_6' title='bbox 834 497 1099 567; x_wconf 93' lang='lat' dir='ltr'><strong>precibus,</strong></span> <span class='ocrx_word' id='word_1_7' title='bbox 1127 499 1603 565; x_wconf 74' lang='lat' dir='ltr'><strong>exhortationibus,</strong></span> <span class='ocrx_word' id='word_1_8' title='bbox 1632 508 1687 554; x_wconf 90' lang='lat' dir='ltr'><strong>et</strong></span> 
     </span>
    </p>
   </div>
   <div class='ocr_carea' id='block_1_3' title="bbox 0 587 1685 661">
    <p class='ocr_par' dir='ltr' id='par_1_3' title="bbox 0 587 1685 661">
     <span class='ocr_line' id='line_1_3' title="bbox 0 587 1685 661; baseline 0.002 -19"><span class='ocrx_word' id='word_1_9' title='bbox 0 600 11 633; x_wconf 82' lang='lat'><em>=</em></span> <span class='ocrx_word' id='word_1_10' title='bbox 107 587 378 653; x_wconf 83' lang='lat' dir='ltr'><strong>consiliis;</strong></span> <span class='ocrx_word' id='word_1_11' title='bbox 400 588 468 645; x_wconf 90' lang='lat' dir='ltr'><strong>de</strong></span> <span class='ocrx_word' id='word_1_12' title='bbox 495 588 706 656; x_wconf 90' lang='lat' dir='ltr'><strong>futuris,</strong></span> <span class='ocrx_word' id='word_1_13' title='bbox 729 590 875 647; x_wconf 87' lang='lat' dir='ltr'><strong>etde</strong></span> <span class='ocrx_word' id='word_1_14' title='bbox 905 591 1252 661; x_wconf 63' lang='lat' dir='ltr'><strong>praesentibus</strong></span> <span class='ocrx_word' id='word_1_15' title='bbox 1278 592 1438 647; x_wconf 85' lang='lat' dir='ltr'><strong>rebus</strong></span> <span class='ocrx_word' id='word_1_16' title='bbox 1464 592 1685 646; x_wconf 86' lang='lat' dir='ltr'><strong>multum</strong></span> 
     </span>
    </p>
   </div>
   <div class='ocr_carea' id='block_1_4' title="bbox 107 679 1686 752">
    <p class='ocr_par' dir='ltr' id='par_1_4' title="bbox 107 679 1686 752">
     <span class='ocr_line' id='line_1_4' title="bbox 107 679 1686 752; baseline 0.004 -20"><span class='ocrx_word' id='word_1_17' title='bbox 107 679 488 750; x_wconf 83' lang='lat' dir='ltr'><strong>philosophans</strong></span> <span class='ocrx_word' id='word_1_18' title='bbox 510 719 526 747; x_wconf 90' lang='lat'><strong>,</strong></span> <span class='ocrx_word' id='word_1_19' title='bbox 560 680 848 736; x_wconf 91' lang='lat' dir='ltr'><strong>ostendens</strong></span> <span class='ocrx_word' id='word_1_20' title='bbox 893 681 987 736; x_wconf 90' lang='lat' dir='ltr'><strong>has</strong></span> <span class='ocrx_word' id='word_1_21' title='bbox 1029 682 1095 737; x_wconf 89' lang='lat' dir='ltr'><strong>ad</strong></span> <span class='ocrx_word' id='word_1_22' title='bbox 1139 691 1348 752; x_wconf 87' lang='lat' dir='ltr'><strong>tempus</strong></span> <span class='ocrx_word' id='word_1_23' title='bbox 1380 697 1498 738; x_wconf 90' lang='lat' dir='ltr'><strong>esse</strong></span> <span class='ocrx_word' id='word_1_24' title='bbox 1521 722 1536 747; x_wconf 96' lang='lat'><strong>,</strong></span> <span class='ocrx_word' id='word_1_25' title='bbox 1570 683 1686 738; x_wconf 91' lang='lat' dir='ltr'><strong>illas</strong></span> 
     </span>
    </p>
   </div>
   <div class='ocr_carea' id='block_1_5' title="bbox 2 770 1688 842">
    <p class='ocr_par' dir='ltr' id='par_1_5' title="bbox 2 770 1688 842">
     <span class='ocr_line' id='line_1_5' title="bbox 2 770 1688 842; baseline 0.002 -19"><span class='ocrx_word' id='word_1_26' title='bbox 2 770 6 779; x_wconf 79' lang='grc'><em>’</em></span> <span class='ocrx_word' id='word_1_27' title='bbox 102 779 284 824; x_wconf 85' lang='lat' dir='ltr'><strong>autem</strong></span> <span class='ocrx_word' id='word_1_28' title='bbox 314 779 632 840; x_wconf 88' lang='lat' dir='ltr'><strong>perpetuas;</strong></span> <span class='ocrx_word' id='word_1_29' title='bbox 663 772 881 840; x_wconf 67' lang='lat' dir='ltr'><strong>praemia</strong></span> <span class='ocrx_word' id='word_1_30' title='bbox 912 772 1178 828; x_wconf 83' lang='lat' dir='ltr'><strong>laboribus</strong></span> <span class='ocrx_word' id='word_1_31' title='bbox 1205 787 1499 842; x_wconf 89' lang='lat' dir='ltr'><strong>opponens,</strong></span> <span class='ocrx_word' id='word_1_32' title='bbox 1531 788 1688 827; x_wconf 85' lang='lat' dir='ltr'><strong>coro-</strong></span> 
     </span>
    </p>
   </div>
   <div class='ocr_carea' id='block_1_6' title="bbox 0 852 1684 933">
    <p class='ocr_par' dir='ltr' id='par_1_6' title="bbox 0 852 1684 933">
     <span class='ocr_line' id='line_1_6' title="bbox 0 852 1684 933; baseline 0.001 -19"><span class='ocrx_word' id='word_1_33' title='bbox 0 852 7 862; x_wconf 88' lang='grc'><em>’</em></span> <span class='ocrx_word' id='word_1_34' title='bbox 102 876 199 915; x_wconf 90' lang='lat' dir='ltr'><strong>nas</strong></span> <span class='ocrx_word' id='word_1_35' title='bbox 238 861 552 927; x_wconf 87' lang='lat' dir='ltr'><strong>tormentis,</strong></span> <span class='ocrx_word' id='word_1_36' title='bbox 597 861 782 917; x_wconf 79' lang='lat' dir='ltr'><strong>brevia</strong></span> <span class='ocrx_word' id='word_1_37' title='bbox 824 862 1171 929; x_wconf 74' lang='lat' dir='ltr'><strong>doloribus‘;</strong></span> <span class='ocrx_word' id='word_1_38' title='bbox 1202 864 1401 919; x_wconf 86' lang='lat' dir='ltr'><strong>docens</strong></span> <span class='ocrx_word' id='word_1_39' title='bbox 1440 880 1684 933; x_wconf 81' lang='lat' dir='ltr'><strong>quamam</strong></span> 
     </span>
    </p>
   </div>
   <div class='ocr_carea' id='block_1_7' title="bbox 2 935 1684 1025">
    <p class='ocr_par' dir='ltr' id='par_1_7' title="bbox 2 935 1684 1025">
     <span class='ocr_line' id='line_1_7' title="bbox 2 935 1684 1025; baseline 0.002 -20"><span class='ocrx_word' id='word_1_40' title='bbox 2 935 5 963; x_wconf 66' lang='grc'><strong>⁷</strong></span> <span class='ocrx_word' id='word_1_41' title='bbox 86 953 173 1025; x_wconf 83' lang='lat' dir='ltr'><strong>sit</strong></span> <span class='ocrx_word' id='word_1_42' title='bbox 202 952 309 1007; x_wconf 88' lang='lat' dir='ltr'><strong>vita</strong></span> <span class='ocrx_word' id='word_1_43' title='bbox 338 968 572 1022; x_wconf 77' lang='lat' dir='ltr'><strong>praesens</strong></span> <span class='ocrx_word' id='word_1_44' title='bbox 594 992 610 1019; x_wconf 90' lang='lat'><strong>,</strong></span> <span class='ocrx_word' id='word_1_45' title='bbox 636 969 877 1025; x_wconf 62' lang='lat' dir='ltr'><strong>quasnam</strong></span> <span class='ocrx_word' id='word_1_46' title='bbox 908 954 1111 1022; x_wconf 89' lang='lat' dir='ltr'><strong>futura,</strong></span> <span class='ocrx_word' id='word_1_47' title='bbox 1142 965 1197 1011; x_wconf 90' lang='lat' dir='ltr'><strong>et</strong></span> <span class='ocrx_word' id='word_1_48' title='bbox 1234 957 1371 1011; x_wconf 90' lang='lat' dir='ltr'><strong>inter</strong></span> <span class='ocrx_word' id='word_1_49' title='bbox 1409 966 1684 1025; x_wconf 87' lang='lat' dir='ltr'><strong>utramque</strong></span> 
     </span>
    </p>
   </div>
   <div class='ocr_carea' id='block_1_8' title="bbox 0 1022 1679 1114">
    <p class='ocr_par' dir='ltr' id='par_1_8' title="bbox 0 1022 1679 1114">
     <span class='ocr_line' id='line_1_8' title="bbox 0 1022 1679 1114; baseline 0.005 -20"><span class='ocrx_word' id='word_1_50' title='bbox 0 1040 7 1049; x_wconf 85' lang='lat'>&#39;</span> <span class='ocrx_word' id='word_1_51' title='bbox 86 1022 358 1111; x_wconf 70' lang='lat' dir='ltr'><strong>quantum</strong></span> <span class='ocrx_word' id='word_1_52' title='bbox 385 1043 634 1110; x_wconf 92' lang='lat' dir='ltr'><strong>intersit,</strong></span> <span class='ocrx_word' id='word_1_53' title='bbox 654 1022 722 1098; x_wconf 27' lang='lat' dir='ltr'><strong>vet</strong></span> <span class='ocrx_word' id='word_1_54' title='bbox 746 1044 887 1114; x_wconf 91' lang='lat' dir='ltr'><strong>quod</strong></span> <span class='ocrx_word' id='word_1_55' title='bbox 918 1046 1054 1099; x_wconf 91' lang='lat' dir='ltr'><strong>mori</strong></span> <span class='ocrx_word' id='word_1_56' title='bbox 1081 1047 1299 1101; x_wconf 90' lang='lat' dir='ltr'><strong>omnino</strong></span> <span class='ocrx_word' id='word_1_57' title='bbox 1326 1048 1395 1101; x_wconf 93' lang='lat' dir='ltr'><strong>sit</strong></span> <span class='ocrx_word' id='word_1_58' title='bbox 1423 1062 1641 1103; x_wconf 88' lang='lat' dir='ltr'><strong>necesse</strong></span> <span class='ocrx_word' id='word_1_59' title='bbox 1665 1064 1679 1112; x_wconf 89' lang='lat'><strong>;</strong></span> 
     </span>
    </p>
   </div>
   <div class='ocr_carea' id='block_1_9' title="bbox 0 1133 1682 1203">
    <p class='ocr_par' dir='ltr' id='par_1_9' title="bbox 0 1133 1682 1203">
     <span class='ocr_line' id='line_1_9' title="bbox 0 1133 1682 1203; baseline 0.002 -16"><span class='ocrx_word' id='word_1_60' title='bbox 0 1185 7 1193; x_wconf 91' lang='lat'><strong>_</strong></span> <span class='ocrx_word' id='word_1_61' title='bbox 100 1142 153 1187; x_wconf 79' lang='lat' dir='ltr'><strong>et</strong></span> <span class='ocrx_word' id='word_1_62' title='bbox 180 1133 225 1187; x_wconf 87' lang='lat' dir='ltr'><strong>si</strong></span> <span class='ocrx_word' id='word_1_63' title='bbox 253 1147 359 1187; x_wconf 89' lang='lat' dir='ltr'><strong>non</strong></span> <span class='ocrx_word' id='word_1_64' title='bbox 387 1136 488 1189; x_wconf 90' lang='lat' dir='ltr'><strong>hoc</strong></span> <span class='ocrx_word' id='word_1_65' title='bbox 525 1134 686 1189; x_wconf 90' lang='lat' dir='ltr'><strong>modo</strong></span> <span class='ocrx_word' id='word_1_66' title='bbox 712 1135 873 1189; x_wconf 90' lang='lat' dir='ltr'><strong>vitam</strong></span> <span class='ocrx_word' id='word_1_67' title='bbox 912 1136 1202 1192; x_wconf 88' lang='lat' dir='ltr'><strong>finierimus</strong></span> <span class='ocrx_word' id='word_1_68' title='bbox 1225 1176 1242 1203; x_wconf 94' lang='lat'><strong>,</strong></span> <span class='ocrx_word' id='word_1_69' title='bbox 1273 1138 1490 1192; x_wconf 91' lang='lat' dir='ltr'><strong>omnino</strong></span> <span class='ocrx_word' id='word_1_70' title='bbox 1516 1138 1682 1192; x_wconf 88' lang='lat' dir='ltr'><strong>coacti</strong></span> 
     </span>
    </p>
   </div>
   <div class='ocr_carea' id='block_1_10' title="bbox 0 1210 1677 1300">
    <p class='ocr_par' dir='ltr' id='par_1_10' title="bbox 0 1210 1677 1300">
     <span class='ocr_line' id='line_1_10' title="bbox 0 1210 1677 1300; baseline 0.005 -25"><span class='ocrx_word' id='word_1_71' title='bbox 0 1210 7 1275; x_wconf 68' lang='grc' dir='ltr'>ξ</span> <span class='ocrx_word' id='word_1_72' title='bbox 96 1226 219 1295; x_wconf 85' lang='lat' dir='ltr'><strong>lege</strong></span> <span class='ocrx_word' id='word_1_73' title='bbox 244 1235 447 1280; x_wconf 87' lang='lat' dir='ltr'><strong>naturae</strong></span> <span class='ocrx_word' id='word_1_74' title='bbox 473 1228 629 1296; x_wconf 89' lang='lat' dir='ltr'><strong>paulo</strong></span> <span class='ocrx_word' id='word_1_75' title='bbox 654 1237 773 1297; x_wconf 86' lang='lat' dir='ltr'><strong>post</strong></span> <span class='ocrx_word' id='word_1_76' title='bbox 794 1229 861 1283; x_wconf 89' lang='lat' dir='ltr'><strong>ab</strong></span> <span class='ocrx_word' id='word_1_77' title='bbox 888 1229 969 1284; x_wconf 91' lang='lat' dir='ltr'><strong>his</strong></span> <span class='ocrx_word' id='word_1_78' title='bbox 992 1231 1305 1300; x_wconf 89' lang='lat' dir='ltr'><strong>corporibus</strong></span> <span class='ocrx_word' id='word_1_79' title='bbox 1325 1231 1677 1286; x_wconf 84' lang='lat' dir='ltr'><strong>discedemus.</strong></span> 
     </span>
    </p>
   </div>
   <div class='ocr_carea' id='block_1_11' title="bbox 100 1316 1681 1376">
    <p class='ocr_par' dir='ltr' id='par_1_11' title="bbox 100 1316 1681 1376">
     <span class='ocr_line' id='line_1_11' title="bbox 100 1316 1681 1376; baseline 0.004 -7"><span class='ocrx_word' id='word_1_80' title='bbox 100 1316 198 1370; x_wconf 88' lang='lat' dir='ltr'><strong>llis</strong></span> <span class='ocrx_word' id='word_1_81' title='bbox 233 1324 290 1371; x_wconf 88' lang='lat' dir='ltr'><strong>et</strong></span> <span class='ocrx_word' id='word_1_82' title='bbox 330 1317 590 1371; x_wconf 88' lang='lat' dir='ltr'><strong>similibus</strong></span> <span class='ocrx_word' id='word_1_83' title='bbox 634 1318 1093 1374; x_wconf 77' lang='lat' dir='ltr'><strong>exhortationibus</strong></span> <span class='ocrx_word' id='word_1_84' title='bbox 1133 1321 1318 1376; x_wconf 88' lang='lat' dir='ltr'><strong>beatus</strong></span> <span class='ocrx_word' id='word_1_85' title='bbox 1361 1322 1452 1376; x_wconf 92' lang='lat' dir='ltr'><strong>ille</strong></span> <span class='ocrx_word' id='word_1_86' title='bbox 1494 1336 1681 1375; x_wconf 91' lang='lat' dir='ltr'><strong>manus</strong></span> 
     </span>
    </p>
   </div>
   <div class='ocr_carea' id='block_1_12' title="bbox 2 1408 1680 1482">
    <p class='ocr_par' dir='ltr' id='par_1_12' title="bbox 2 1408 1680 1482">
     <span class='ocr_line' id='line_1_12' title="bbox 2 1408 1680 1482; baseline 0.004 -21"><span class='ocrx_word' id='word_1_87' title='bbox 2 1438 11 1443; x_wconf 84' lang='lat'><strong><em>-</em></strong></span> <span class='ocrx_word' id='word_1_88' title='bbox 92 1408 355 1463; x_wconf 88' lang='lat' dir='ltr'><strong>remissas</strong></span> <span class='ocrx_word' id='word_1_89' title='bbox 380 1409 583 1473; x_wconf 80' lang='lat' dir='ltr'><strong>erexit,</strong></span> <span class='ocrx_word' id='word_1_90' title='bbox 615 1418 668 1463; x_wconf 91' lang='lat' dir='ltr'><strong>et</strong></span> <span class='ocrx_word' id='word_1_91' title='bbox 694 1425 861 1480; x_wconf 86' lang='lat' dir='ltr'><strong>genua</strong></span> <span class='ocrx_word' id='word_1_92' title='bbox 891 1410 1147 1466; x_wconf 89' lang='lat' dir='ltr'><strong>dissoluta</strong></span> <span class='ocrx_word' id='word_1_93' title='bbox 1174 1412 1475 1479; x_wconf 82' lang='lat' dir='ltr'><strong>roboravit,</strong></span> <span class='ocrx_word' id='word_1_94' title='bbox 1503 1414 1680 1482; x_wconf 88' lang='lat' dir='ltr'><strong>fugiti-</strong></span> 
     </span>
    </p>
   </div>
   <div class='ocr_carea' id='block_1_13' title="bbox 1 1498 1677 1573">
    <p class='ocr_par' dir='ltr' id='par_1_13' title="bbox 1 1498 1677 1573">
     <span class='ocr_line' id='line_1_13' title="bbox 1 1498 1677 1573; baseline 0.005 -23"><span class='ocrx_word' id='word_1_95' title='bbox 1 1520 11 1550; x_wconf 81' lang='lat'>:</span> <span class='ocrx_word' id='word_1_96' title='bbox 90 1513 193 1553; x_wconf 88' lang='lat' dir='ltr'><strong>vos</strong></span> <span class='ocrx_word' id='word_1_97' title='bbox 219 1498 450 1564; x_wconf 84' lang='lat' dir='ltr'><strong>reduxit,</strong></span> <span class='ocrx_word' id='word_1_98' title='bbox 472 1508 670 1553; x_wconf 90' lang='lat' dir='ltr'><strong>metum</strong></span> <span class='ocrx_word' id='word_1_99' title='bbox 694 1501 916 1569; x_wconf 81' lang='lat' dir='ltr'><strong>expulit,</strong></span> <span class='ocrx_word' id='word_1_100' title='bbox 943 1516 1193 1572; x_wconf 86' lang='lat' dir='ltr'><strong>angorem</strong></span> <span class='ocrx_word' id='word_1_101' title='bbox 1223 1505 1416 1573; x_wconf 82' lang='lat' dir='ltr'><strong>exegit,</strong></span> <span class='ocrx_word' id='word_1_102' title='bbox 1445 1506 1677 1559; x_wconf 90' lang='lat' dir='ltr'><strong>animum</strong></span> 
     </span>
    </p>
   </div>
   <div class='ocr_carea' id='block_1_14' title="bbox 86 1589 1677 1658">
    <p class='ocr_par' dir='ltr' id='par_1_14' title="bbox 86 1589 1677 1658">
     <span class='ocr_line' id='line_1_14' title="bbox 86 1589 1677 1658; baseline 0.003 -13"><span class='ocrx_word' id='word_1_103' title='bbox 86 1591 175 1645; x_wconf 86' lang='lat' dir='ltr'><strong>eis</strong></span> <span class='ocrx_word' id='word_1_104' title='bbox 204 1589 448 1654; x_wconf 83' lang='lat' dir='ltr'><strong>addidit;</strong></span> <span class='ocrx_word' id='word_1_105' title='bbox 481 1604 578 1658; x_wconf 92' lang='lat' dir='ltr'><strong>pro</strong></span> <span class='ocrx_word' id='word_1_106' title='bbox 618 1590 815 1646; x_wconf 87' lang='lat' dir='ltr'><strong>timidis</strong></span> <span class='ocrx_word' id='word_1_107' title='bbox 853 1592 1079 1648; x_wconf 87' lang='lat' dir='ltr'><strong>audaces</strong></span> <span class='ocrx_word' id='word_1_108' title='bbox 1109 1602 1162 1648; x_wconf 92' lang='lat' dir='ltr'><strong>et</strong></span> <span class='ocrx_word' id='word_1_109' title='bbox 1192 1594 1516 1650; x_wconf 78' lang='lat' dir='ltr'><strong>confidentes</strong></span> <span class='ocrx_word' id='word_1_110' title='bbox 1548 1594 1677 1650; x_wconf 74' lang='lat' dir='ltr'><strong>effe-</strong></span> 
     </span>
    </p>
   </div>
   <div class='ocr_carea' id='block_1_15' title="bbox 88 1681 1675 1755">
    <p class='ocr_par' dir='ltr' id='par_1_15' title="bbox 88 1681 1675 1755">
     <span class='ocr_line' id='line_1_15' title="bbox 88 1681 1675 1755; baseline 0.004 -21"><span class='ocrx_word' id='word_1_111' title='bbox 88 1681 204 1745; x_wconf 90' lang='lat' dir='ltr'><strong>cit;</strong></span> <span class='ocrx_word' id='word_1_112' title='bbox 254 1695 352 1749; x_wconf 89' lang='lat' dir='ltr'><strong>pro</strong></span> <span class='ocrx_word' id='word_1_113' title='bbox 393 1681 599 1750; x_wconf 90' lang='lat' dir='ltr'><strong>capreis</strong></span> <span class='ocrx_word' id='word_1_114' title='bbox 636 1691 690 1735; x_wconf 90' lang='lat' dir='ltr'><strong>et</strong></span> <span class='ocrx_word' id='word_1_115' title='bbox 724 1682 898 1735; x_wconf 89' lang='lat' dir='ltr'><strong>cervis</strong></span> <span class='ocrx_word' id='word_1_116' title='bbox 938 1684 1121 1739; x_wconf 88' lang='lat' dir='ltr'><strong>leones</strong></span> <span class='ocrx_word' id='word_1_117' title='bbox 1161 1685 1389 1739; x_wconf 84' lang='lat' dir='ltr'><strong>reddidit</strong></span> <span class='ocrx_word' id='word_1_118' title='bbox 1432 1700 1675 1755; x_wconf 86' lang='lat' dir='ltr'><strong>magnam</strong></span> 
     </span>
    </p>
   </div>
   <div class='ocr_carea' id='block_1_16' title="bbox 85 1767 1677 1846">
    <p class='ocr_par' dir='ltr' id='par_1_16' title="bbox 85 1767 1677 1846">
     <span class='ocr_line' id='line_1_16' title="bbox 85 1767 1677 1846; baseline 0.006 -24"><span class='ocrx_word' id='word_1_119' title='bbox 85 1770 203 1823; x_wconf 85' lang='lat' dir='ltr'><strong>vim</strong></span> <span class='ocrx_word' id='word_1_120' title='bbox 238 1770 539 1839; x_wconf 81' lang='lat' dir='ltr'><strong>spirantes;</strong></span> <span class='ocrx_word' id='word_1_121' title='bbox 573 1767 769 1826; x_wconf 78' lang='lat' dir='ltr'><strong>Christi</strong></span> <span class='ocrx_word' id='word_1_122' title='bbox 806 1775 1098 1829; x_wconf 85' lang='lat' dir='ltr'><strong>exercitum</strong></span> <span class='ocrx_word' id='word_1_123' title='bbox 1135 1775 1421 1843; x_wconf 83' lang='lat' dir='ltr'><strong>instruxit;</strong></span> <span class='ocrx_word' id='word_1_124' title='bbox 1453 1778 1677 1846; x_wconf 88' lang='lat' dir='ltr'><strong>ignomi-</strong></span> 
     </span>
    </p>
   </div>
   <div class='ocr_carea' id='block_1_17' title="bbox 4 1858 1676 1938">
    <p class='ocr_par' dir='ltr' id='par_1_17' title="bbox 4 1858 1676 1938">
     <span class='ocr_line' id='line_1_17' title="bbox 4 1858 1676 1938; baseline 0.005 -24"><span class='ocrx_word' id='word_1_125' title='bbox 4 1858 11 1887; x_wconf 69' lang='grc'><strong>·”</strong></span> <span class='ocrx_word' id='word_1_126' title='bbox 85 1862 239 1915; x_wconf 89' lang='lat' dir='ltr'><strong>niam</strong></span> <span class='ocrx_word' id='word_1_127' title='bbox 268 1870 502 1917; x_wconf 87' lang='lat' dir='ltr'><strong>nostram</strong></span> <span class='ocrx_word' id='word_1_128' title='bbox 530 1864 581 1917; x_wconf 92' lang='lat' dir='ltr'><strong>in</strong></span> <span class='ocrx_word' id='word_1_129' title='bbox 605 1863 836 1919; x_wconf 87' lang='lat' dir='ltr'><strong>hostium</strong></span> <span class='ocrx_word' id='word_1_130' title='bbox 855 1864 1027 1934; x_wconf 80' lang='lat' dir='ltr'><strong>capita</strong></span> <span class='ocrx_word' id='word_1_131' title='bbox 1046 1867 1309 1921; x_wconf 85' lang='lat' dir='ltr'><strong>convertit</strong></span> <span class='ocrx_word' id='word_1_132' title='bbox 1328 1869 1369 1918; x_wconf 79' lang='grc'><strong>³.</strong></span> <span class='ocrx_word' id='word_1_133' title='bbox 1392 1868 1525 1923; x_wconf 89' lang='lat' dir='ltr'><strong>Cum</strong></span> <span class='ocrx_word' id='word_1_134' title='bbox 1549 1883 1676 1938; x_wconf 86' lang='lat' dir='ltr'><strong>ergo</strong></span> 
     </span>
    </p>
   </div>
   <div class='ocr_carea' id='block_1_18' title="bbox 2 1940 1674 2031">
    <p class='ocr_par' dir='ltr' id='par_1_18' title="bbox 2 1940 1674 2031">
     <span class='ocr_line' id='line_1_18' title="bbox 2 1940 1674 2031; baseline 0.004 -26"><span class='ocrx_word' id='word_1_135' title='bbox 84 1960 302 2006; x_wconf 84' lang='lat' dir='ltr'><strong>tantam</strong></span> <span class='ocrx_word' id='word_1_136' title='bbox 348 1961 567 2022; x_wconf 89' lang='lat' dir='ltr'><strong>repente</strong></span> <span class='ocrx_word' id='word_1_137' title='bbox 604 1953 799 2011; x_wconf 84' lang='lat' dir='ltr'><strong>factam</strong></span> <span class='ocrx_word' id='word_1_138' title='bbox 840 1953 1007 2011; x_wconf 78' lang='lat' dir='ltr'><strong>fuisse</strong></span> <span class='ocrx_word' id='word_1_139' title='bbox 1040 1953 1288 2011; x_wconf 86' lang='lat' dir='ltr'><strong>diabolus</strong></span> <span class='ocrx_word' id='word_1_140' title='bbox 1329 1958 1674 2013; x_wconf 86' lang='lat' dir='ltr'><strong>mutationem</strong></span> 
     </span>
    </p>
   </div>
   <div class='ocr_carea' id='block_1_19' title="bbox 80 2044 1672 2115">
    <p class='ocr_par' dir='ltr' id='par_1_19' title="bbox 80 2044 1672 2115">
     <span class='ocr_line' id='line_1_19' title="bbox 80 2044 1672 2115; baseline 0.006 -20"><span class='ocrx_word' id='word_1_141' title='bbox 80 2044 351 2109; x_wconf 78' lang='lat' dir='ltr'><strong>vidisset,</strong></span> <span class='ocrx_word' id='word_1_142' title='bbox 378 2052 431 2099; x_wconf 91' lang='lat' dir='ltr'><strong>et</strong></span> <span class='ocrx_word' id='word_1_143' title='bbox 467 2045 557 2115; x_wconf 91' lang='lat' dir='ltr'><strong>qui</strong></span> <span class='ocrx_word' id='word_1_144' title='bbox 599 2046 978 2102; x_wconf 89' lang='lat' dir='ltr'><strong>nudiustertius</strong></span> <span class='ocrx_word' id='word_1_145' title='bbox 1001 2064 1127 2107; x_wconf 92' lang='lat' dir='ltr'><strong>eum</strong></span> <span class='ocrx_word' id='word_1_146' title='bbox 1160 2049 1416 2105; x_wconf 80' lang='lat' dir='ltr'><strong>timebant</strong></span> <span class='ocrx_word' id='word_1_147' title='bbox 1451 2060 1507 2105; x_wconf 87' lang='lat' dir='ltr'><strong>et</strong></span> <span class='ocrx_word' id='word_1_148' title='bbox 1541 2065 1672 2105; x_wconf 74' lang='lat' dir='ltr'><strong>con~</strong></span> 
     </span>
    </p>
   </div>
   <div class='ocr_carea' id='block_1_20' title="bbox 82 2135 1674 2207">
    <p class='ocr_par' dir='ltr' id='par_1_20' title="bbox 82 2135 1674 2207">
     <span class='ocr_line' id='line_1_20' title="bbox 82 2135 1674 2207; baseline 0.005 -19"><span class='ocrx_word' id='word_1_149' title='bbox 82 2135 479 2190; x_wconf 89' lang='lat' dir='ltr'><strong>tremiscebant</strong></span> <span class='ocrx_word' id='word_1_150' title='bbox 500 2176 516 2200; x_wconf 91' lang='lat'><strong>,</strong></span> <span class='ocrx_word' id='word_1_151' title='bbox 547 2136 719 2207; x_wconf 91' lang='lat' dir='ltr'><strong>ipsum</strong></span> <span class='ocrx_word' id='word_1_152' title='bbox 760 2137 981 2193; x_wconf 89' lang='lat' dir='ltr'><strong>irridere</strong></span> <span class='ocrx_word' id='word_1_153' title='bbox 1015 2148 1071 2193; x_wconf 89' lang='lat' dir='ltr'><strong>et</strong></span> <span class='ocrx_word' id='word_1_154' title='bbox 1108 2138 1358 2194; x_wconf 87' lang='lat' dir='ltr'><strong>audacter</strong></span> <span class='ocrx_word' id='word_1_155' title='bbox 1382 2141 1436 2195; x_wconf 92' lang='lat' dir='ltr'><strong>in</strong></span> <span class='ocrx_word' id='word_1_156' title='bbox 1464 2155 1586 2195; x_wconf 91' lang='lat' dir='ltr'><strong>eum</strong></span> <span class='ocrx_word' id='word_1_157' title='bbox 1615 2154 1674 2196; x_wconf 92' lang='lat' dir='ltr'><strong>se</strong></span> 
     </span>
    </p>
   </div>
   <div class='ocr_carea' id='block_1_21' title="bbox 75 2225 1670 2302">
    <p class='ocr_par' dir='ltr' id='par_1_21' title="bbox 75 2225 1670 2302">
     <span class='ocr_line' id='line_1_21' title="bbox 75 2225 1670 2302; baseline 0.005 -24"><span class='ocrx_word' id='word_1_158' title='bbox 75 2241 283 2294; x_wconf 82' lang='lat' dir='ltr'><strong>gerere</strong></span> <span class='ocrx_word' id='word_1_159' title='bbox 305 2266 319 2291; x_wconf 93' lang='lat'><strong>,</strong></span> <span class='ocrx_word' id='word_1_160' title='bbox 348 2225 604 2282; x_wconf 89' lang='lat' dir='ltr'><strong>adeuntes</strong></span> <span class='ocrx_word' id='word_1_161' title='bbox 631 2228 863 2298; x_wconf 90' lang='lat' dir='ltr'><strong>pericula</strong></span> <span class='ocrx_word' id='word_1_162' title='bbox 883 2268 898 2292; x_wconf 91' lang='lat'><strong>,</strong></span> <span class='ocrx_word' id='word_1_163' title='bbox 926 2230 1266 2299; x_wconf 83' lang='lat' dir='ltr'><strong>prosilientes</strong></span> <span class='ocrx_word' id='word_1_164' title='bbox 1291 2231 1358 2286; x_wconf 90' lang='lat' dir='ltr'><strong>ad</strong></span> <span class='ocrx_word' id='word_1_165' title='bbox 1386 2232 1670 2302; x_wconf 89' lang='lat' dir='ltr'><strong>supplicia;</strong></span> 
     </span>
    </p>
   </div>
   <div class='ocr_carea' id='block_1_22' title="bbox 2 2321 1673 2391">
    <p class='ocr_par' dir='ltr' id='par_1_22' title="bbox 2 2321 1673 2391">
     <span class='ocr_line' id='line_1_22' title="bbox 2 2321 1673 2391; baseline 0.005 -21"><span class='ocrx_word' id='word_1_166' title='bbox 2 2388 3 2391; x_wconf 15' lang='grc' dir='ltr'><strong>η</strong></span> <span class='ocrx_word' id='word_1_167' title='bbox 74 2326 138 2370; x_wconf 91' lang='lat' dir='ltr'><strong>et</strong></span> <span class='ocrx_word' id='word_1_168' title='bbox 175 2332 305 2371; x_wconf 91' lang='lat' dir='ltr'><strong>cum</strong></span> <span class='ocrx_word' id='word_1_169' title='bbox 344 2327 615 2374; x_wconf 87' lang='lat' dir='ltr'><strong>auctorem</strong></span> <span class='ocrx_word' id='word_1_170' title='bbox 645 2321 1015 2389; x_wconf 89' lang='lat' dir='ltr'><strong>cognovisset,</strong></span> <span class='ocrx_word' id='word_1_171' title='bbox 1044 2321 1279 2378; x_wconf 90' lang='lat' dir='ltr'><strong>dimissis</strong></span> <span class='ocrx_word' id='word_1_172' title='bbox 1305 2323 1550 2378; x_wconf 90' lang='lat' dir='ltr'><strong>omnibus</strong></span> <span class='ocrx_word' id='word_1_173' title='bbox 1573 2365 1588 2389; x_wconf 93' lang='lat'><strong>,</strong></span> <span class='ocrx_word' id='word_1_174' title='bbox 1620 2324 1673 2379; x_wconf 89' lang='lat' dir='ltr'><strong>in</strong></span> 
     </span>
    </p>
   </div>
   <div class='ocr_carea' id='block_1_23' title="bbox 73 2409 1673 2485">
    <p class='ocr_par' dir='ltr' id='par_1_23' title="bbox 73 2409 1673 2485">
     <span class='ocr_line' id='line_1_23' title="bbox 73 2409 1673 2485; baseline 0.004 -23"><span class='ocrx_word' id='word_1_175' title='bbox 73 2409 241 2463; x_wconf 82' lang='lat' dir='ltr'><strong>illum</strong></span> <span class='ocrx_word' id='word_1_176' title='bbox 281 2410 535 2480; x_wconf 88' lang='lat' dir='ltr'><strong>deinceps</strong></span> <span class='ocrx_word' id='word_1_177' title='bbox 562 2420 702 2465; x_wconf 88' lang='lat' dir='ltr'><strong>totus</strong></span> <span class='ocrx_word' id='word_1_178' title='bbox 735 2413 1004 2476; x_wconf 87' lang='lat' dir='ltr'><strong>incubuit,</strong></span> <span class='ocrx_word' id='word_1_179' title='bbox 1035 2428 1355 2485; x_wconf 91' lang='lat' dir='ltr'><strong>omnemque</strong></span> <span class='ocrx_word' id='word_1_180' title='bbox 1387 2415 1493 2469; x_wconf 90' lang='lat' dir='ltr'><strong>vim</strong></span> <span class='ocrx_word' id='word_1_181' title='bbox 1523 2430 1673 2469; x_wconf 89' lang='lat' dir='ltr'><strong>suam</strong></span> 
     </span>
    </p>
   </div>
   <div class='ocr_carea' id='block_1_24' title="bbox 70 2500 1676 2575">
    <p class='ocr_par' dir='ltr' id='par_1_24' title="bbox 70 2500 1676 2575">
     <span class='ocr_line' id='line_1_24' title="bbox 70 2500 1676 2575; baseline 0.004 -21"><span class='ocrx_word' id='word_1_182' title='bbox 70 2510 136 2554; x_wconf 92' lang='lat' dir='ltr'><strong>et</strong></span> <span class='ocrx_word' id='word_1_183' title='bbox 178 2500 451 2555; x_wconf 89' lang='lat' dir='ltr'><strong>insaniam</strong></span> <span class='ocrx_word' id='word_1_184' title='bbox 492 2502 744 2558; x_wconf 90' lang='lat' dir='ltr'><strong>adversus</strong></span> <span class='ocrx_word' id='word_1_185' title='bbox 784 2503 993 2558; x_wconf 89' lang='lat' dir='ltr'><strong>beatum</strong></span> <span class='ocrx_word' id='word_1_186' title='bbox 1038 2504 1139 2560; x_wconf 90' lang='lat' dir='ltr'><strong>hoc</strong></span> <span class='ocrx_word' id='word_1_187' title='bbox 1174 2514 1336 2575; x_wconf 89' lang='lat' dir='ltr'><strong>caput</strong></span> <span class='ocrx_word' id='word_1_188' title='bbox 1374 2506 1573 2561; x_wconf 81' lang='lat' dir='ltr'><strong>effudit.</strong></span> <span class='ocrx_word' id='word_1_189' title='bbox 1608 2507 1676 2561; x_wconf 89' lang='lat' dir='ltr'><strong>Et</strong></span> 
     </span>
    </p>
   </div>
   <div class='ocr_carea' id='block_1_25' title="bbox 0 2591 1674 2661">
    <p class='ocr_par' dir='ltr' id='par_1_25' title="bbox 0 2591 1674 2661">
     <span class='ocr_line' id='line_1_25' title="bbox 0 2591 1674 2661; baseline 0.004 -17"><span class='ocrx_word' id='word_1_190' title='bbox 0 2612 5 2621; x_wconf 88' lang='lat'><strong><em>-</em></strong></span> <span class='ocrx_word' id='word_1_191' title='bbox 65 2591 219 2661; x_wconf 88' lang='lat' dir='ltr'><strong>quid</strong></span> <span class='ocrx_word' id='word_1_192' title='bbox 262 2591 422 2645; x_wconf 86' lang='lat' dir='ltr'><strong>facit?</strong></span> <span class='ocrx_word' id='word_1_193' title='bbox 446 2592 790 2648; x_wconf 89' lang='lat' dir='ltr'><strong>Considerate</strong></span> <span class='ocrx_word' id='word_1_194' title='bbox 827 2595 1100 2649; x_wconf 88' lang='lat' dir='ltr'><strong>malitiam.</strong></span> <span class='ocrx_word' id='word_1_195' title='bbox 1138 2596 1253 2651; x_wconf 89' lang='lat' dir='ltr'><strong>Non</strong></span> <span class='ocrx_word' id='word_1_196' title='bbox 1293 2612 1414 2651; x_wconf 90' lang='lat' dir='ltr'><strong>eum</strong></span> <span class='ocrx_word' id='word_1_197' title='bbox 1454 2597 1519 2651; x_wconf 89' lang='lat' dir='ltr'><strong>ad</strong></span> <span class='ocrx_word' id='word_1_198' title='bbox 1562 2607 1674 2653; x_wconf 89' lang='lat' dir='ltr'><strong>tor-</strong></span> 
     </span>
    </p>
   </div>
   <div class='ocr_carea' id='block_1_26' title="bbox 8 2680 1675 2754">
    <p class='ocr_par' dir='ltr' id='par_1_26' title="bbox 8 2680 1675 2754">
     <span class='ocr_line' id='line_1_26' title="bbox 8 2680 1675 2754; baseline 0.004 -19"><span class='ocrx_word' id='word_1_199' title='bbox 8 2698 11 2699; x_wconf 60' lang='lat'><strong><em>&#39;</em></strong></span> <span class='ocrx_word' id='word_1_200' title='bbox 64 2688 275 2736; x_wconf 80' lang='lat' dir='ltr'><strong>menta</strong></span> <span class='ocrx_word' id='word_1_201' title='bbox 302 2680 476 2749; x_wconf 88' lang='lat' dir='ltr'><strong>duxit,</strong></span> <span class='ocrx_word' id='word_1_202' title='bbox 501 2697 607 2738; x_wconf 92' lang='lat' dir='ltr'><strong>non</strong></span> <span class='ocrx_word' id='word_1_203' title='bbox 635 2682 751 2754; x_wconf 85' lang='lat' dir='ltr'><strong>ejus</strong></span> <span class='ocrx_word' id='word_1_204' title='bbox 778 2693 936 2753; x_wconf 88' lang='lat' dir='ltr'><strong>caput</strong></span> <span class='ocrx_word' id='word_1_205' title='bbox 961 2685 1185 2741; x_wconf 88' lang='lat' dir='ltr'><strong>abscidit</strong></span> <span class='ocrx_word' id='word_1_206' title='bbox 1212 2704 1226 2739; x_wconf 92' lang='lat'><strong>:</strong></span> <span class='ocrx_word' id='word_1_207' title='bbox 1252 2686 1368 2742; x_wconf 66' lang='lat' dir='ltr'><strong>haec</strong></span> <span class='ocrx_word' id='word_1_208' title='bbox 1393 2687 1533 2742; x_wconf 90' lang='lat' dir='ltr'><strong>enim</strong></span> <span class='ocrx_word' id='word_1_209' title='bbox 1562 2703 1675 2742; x_wconf 78' lang='lat' dir='ltr'><strong>om-</strong></span> 
     </span>
    </p>
   </div>
   <div class='ocr_carea' id='block_1_27' title="bbox 0 2772 1675 2848">
    <p class='ocr_par' dir='ltr' id='par_1_27' title="bbox 0 2772 1675 2848">
     <span class='ocr_line' id='line_1_27' title="bbox 0 2772 1675 2848; baseline 0.005 -23"><span class='ocrx_word' id='word_1_210' title='bbox 0 2782 1 2787; x_wconf 82' lang='lat'>‘</span> <span class='ocrx_word' id='word_1_211' title='bbox 59 2773 171 2826; x_wconf 85' lang='lat' dir='ltr'><strong>nia</strong></span> <span class='ocrx_word' id='word_1_212' title='bbox 205 2781 417 2827; x_wconf 87' lang='lat' dir='ltr'><strong>temere</strong></span> <span class='ocrx_word' id='word_1_213' title='bbox 450 2772 613 2828; x_wconf 90' lang='lat' dir='ltr'><strong>fuisse</strong></span> <span class='ocrx_word' id='word_1_214' title='bbox 639 2773 775 2830; x_wconf 90' lang='lat' dir='ltr'><strong>facta</strong></span> <span class='ocrx_word' id='word_1_215' title='bbox 815 2776 1141 2845; x_wconf 85' lang='lat' dir='ltr'><strong>praeteritum</strong></span> <span class='ocrx_word' id='word_1_216' title='bbox 1167 2793 1287 2833; x_wconf 90' lang='lat' dir='ltr'><strong>eum</strong></span> <span class='ocrx_word' id='word_1_217' title='bbox 1314 2788 1519 2848; x_wconf 89' lang='lat' dir='ltr'><strong>tempus</strong></span> <span class='ocrx_word' id='word_1_218' title='bbox 1543 2779 1675 2833; x_wconf 91' lang='lat' dir='ltr'><strong>edo-</strong></span> 
     </span>
    </p>
   </div>
   <div class='ocr_carea' id='block_1_28' title="bbox 59 2862 1675 2942">
    <p class='ocr_par' dir='ltr' id='par_1_28' title="bbox 59 2862 1675 2942">
     <span class='ocr_line' id='line_1_28' title="bbox 59 2862 1675 2942; baseline 0.006 -25"><span class='ocrx_word' id='word_1_219' title='bbox 59 2863 218 2917; x_wconf 88' lang='lat' dir='ltr'><strong>cuit.</strong></span> <span class='ocrx_word' id='word_1_220' title='bbox 259 2862 382 2917; x_wconf 82' lang='lat' dir='ltr'><strong>Non</strong></span> <span class='ocrx_word' id='word_1_221' title='bbox 424 2864 596 2919; x_wconf 90' lang='lat' dir='ltr'><strong>solum</strong></span> <span class='ocrx_word' id='word_1_222' title='bbox 632 2866 777 2921; x_wconf 89' lang='lat' dir='ltr'><strong>enim</strong></span> <span class='ocrx_word' id='word_1_223' title='bbox 816 2867 977 2922; x_wconf 90' lang='lat' dir='ltr'><strong>animi</strong></span> <span class='ocrx_word' id='word_1_224' title='bbox 1015 2869 1341 2925; x_wconf 88' lang='lat' dir='ltr'><strong>alacritatem</strong></span> <span class='ocrx_word' id='word_1_225' title='bbox 1374 2885 1559 2925; x_wconf 87' lang='lat' dir='ltr'><strong>eorum</strong></span> <span class='ocrx_word' id='word_1_226' title='bbox 1586 2872 1675 2942; x_wconf 86' lang='lat' dir='ltr'><strong>qui</strong></span> 
     </span>
    </p>
   </div>
   <div class='ocr_carea' id='block_1_29' title="bbox 54 2954 1671 3033">
    <p class='ocr_par' dir='ltr' id='par_1_29' title="bbox 54 2954 1671 3033">
     <span class='ocr_line' id='line_1_29' title="bbox 54 2954 1671 3033; baseline 0.007 -25"><span class='ocrx_word' id='word_1_227' title='bbox 54 2954 436 3010; x_wconf 81' lang='lat' dir='ltr'><strong>crediderant</strong></span> <span class='ocrx_word' id='word_1_228' title='bbox 479 2972 586 3011; x_wconf 90' lang='lat' dir='ltr'><strong>non</strong></span> <span class='ocrx_word' id='word_1_229' title='bbox 627 2958 902 3027; x_wconf 90' lang='lat' dir='ltr'><strong>cohibuit,</strong></span> <span class='ocrx_word' id='word_1_230' title='bbox 950 2961 1045 3016; x_wconf 90' lang='lat' dir='ltr'><strong>sed</strong></span> <span class='ocrx_word' id='word_1_231' title='bbox 1088 2962 1247 3017; x_wconf 90' lang='lat' dir='ltr'><strong>etiam</strong></span> <span class='ocrx_word' id='word_1_232' title='bbox 1288 2965 1457 3033; x_wconf 88' lang='lat' dir='ltr'><strong>magis</strong></span> <span class='ocrx_word' id='word_1_233' title='bbox 1495 2966 1671 3033; x_wconf 87' lang='lat' dir='ltr'><strong>auxit,</strong></span> 
     </span>
    </p>
   </div>
   <div class='ocr_carea' id='block_1_30' title="bbox 56 3049 1672 3121">
    <p class='ocr_par' dir='ltr' id='par_1_30' title="bbox 56 3049 1672 3121">
     <span class='ocr_line' id='line_1_30' title="bbox 56 3049 1672 3121; baseline 0.009 -21"><span class='ocrx_word' id='word_1_234' title='bbox 56 3062 326 3118; x_wconf 87' lang='lat' dir='ltr'><strong>eamque</strong></span> <span class='ocrx_word' id='word_1_235' title='bbox 347 3049 601 3117; x_wconf 88' lang='lat' dir='ltr'><strong>majorem</strong></span> <span class='ocrx_word' id='word_1_236' title='bbox 622 3066 685 3106; x_wconf 89' lang='lat' dir='ltr'><strong>ac</strong></span> <span class='ocrx_word' id='word_1_237' title='bbox 699 3051 1150 3112; x_wconf 82' lang='lat' dir='ltr'><strong>vehementiorem</strong></span> <span class='ocrx_word' id='word_1_238' title='bbox 1171 3056 1363 3112; x_wconf 74' lang='lat' dir='ltr'><strong>effecit.</strong></span> <span class='ocrx_word' id='word_1_239' title='bbox 1382 3057 1672 3121; x_wconf 90' lang='lat' dir='ltr'><strong>Carbones,</strong></span> 
     </span>
    </p>
   </div>
   <div class='ocr_carea' id='block_1_31' title="bbox 53 3142 1678 3219">
    <p class='ocr_par' dir='ltr' id='par_1_31' title="bbox 53 3142 1678 3219">
     <span class='ocr_line' id='line_1_31' title="bbox 53 3142 1678 3219; baseline 0.007 -25"><span class='ocrx_word' id='word_1_240' title='bbox 53 3142 303 3212; x_wconf 86' lang='lat' dir='ltr'><strong>inquit,</strong></span> <span class='ocrx_word' id='word_1_241' title='bbox 338 3142 737 3199; x_wconf 90' lang='lat' dir='ltr'><strong>substernebam</strong></span> <span class='ocrx_word' id='word_1_242' title='bbox 761 3185 777 3212; x_wconf 93' lang='lat'><strong>,</strong></span> <span class='ocrx_word' id='word_1_243' title='bbox 808 3146 881 3200; x_wconf 89' lang='lat' dir='ltr'><strong>illi</strong></span> <span class='ocrx_word' id='word_1_244' title='bbox 920 3154 1096 3202; x_wconf 87' lang='lat' dir='ltr'><strong>autem</strong></span> <span class='ocrx_word' id='word_1_245' title='bbox 1137 3158 1405 3219; x_wconf 89' lang='lat' dir='ltr'><strong>tamquam</strong></span> <span class='ocrx_word' id='word_1_246' title='bbox 1435 3151 1499 3205; x_wconf 89' lang='lat' dir='ltr'><strong>ad</strong></span> <span class='ocrx_word' id='word_1_247' title='bbox 1528 3163 1678 3205; x_wconf 87' lang='lat' dir='ltr'><strong>rosas</strong></span> 
     </span>
    </p>
   </div>
   <div class='ocr_carea' id='block_1_32' title="bbox 52 3228 1676 3311">
    <p class='ocr_par' dir='ltr' id='par_1_32' title="bbox 52 3228 1676 3311">
     <span class='ocr_line' id='line_1_32' title="bbox 52 3228 1676 3311; baseline 0.006 -25"><span class='ocrx_word' id='word_1_248' title='bbox 52 3231 389 3288; x_wconf 77' lang='lat' dir='ltr'><strong>currebant</strong></span> <span class='ocrx_word' id='word_1_249' title='bbox 416 3249 429 3285; x_wconf 90' lang='lat'><strong>:</strong></span> <span class='ocrx_word' id='word_1_250' title='bbox 458 3232 631 3303; x_wconf 85' lang='lat' dir='ltr'><strong>ignem</strong></span> <span class='ocrx_word' id='word_1_251' title='bbox 659 3237 1013 3292; x_wconf 86' lang='lat' dir='ltr'><strong>accendebam</strong></span> <span class='ocrx_word' id='word_1_252' title='bbox 1030 3280 1045 3304; x_wconf 95' lang='lat'><strong>,</strong></span> <span class='ocrx_word' id='word_1_253' title='bbox 1070 3238 1149 3293; x_wconf 89' lang='lat' dir='ltr'><strong>illi</strong></span> <span class='ocrx_word' id='word_1_254' title='bbox 1178 3254 1306 3295; x_wconf 89' lang='lat' dir='ltr'><strong>vero</strong></span> <span class='ocrx_word' id='word_1_255' title='bbox 1332 3228 1597 3311; x_wconf 88' lang='lat' dir='ltr'><strong>tamquam</strong></span> <span class='ocrx_word' id='word_1_256' title='bbox 1622 3242 1676 3296; x_wconf 90' lang='lat' dir='ltr'><strong>in</strong></span> 
     </span>
    </p>
   </div>
   <div class='ocr_carea' id='block_1_33' title="bbox 48 3323 1678 3402">
    <p class='ocr_par' dir='ltr' id='par_1_33' title="bbox 48 3323 1678 3402">
     <span class='ocr_line' id='line_1_33' title="bbox 48 3323 1678 3402; baseline 0.008 -25"><span class='ocrx_word' id='word_1_257' title='bbox 48 3323 272 3379; x_wconf 80' lang='lat' dir='ltr'><strong>fontes</strong></span> <span class='ocrx_word' id='word_1_258' title='bbox 311 3323 617 3394; x_wconf 90' lang='lat' dir='ltr'><strong>frigidarum</strong></span> <span class='ocrx_word' id='word_1_259' title='bbox 648 3343 903 3398; x_wconf 90' lang='lat' dir='ltr'><strong>aquarum</strong></span> <span class='ocrx_word' id='word_1_260' title='bbox 937 3331 1143 3400; x_wconf 90' lang='lat' dir='ltr'><strong>seipsos</strong></span> <span class='ocrx_word' id='word_1_261' title='bbox 1182 3333 1528 3402; x_wconf 89' lang='lat' dir='ltr'><strong>projiciebant</strong></span> <span class='ocrx_word' id='word_1_262' title='bbox 1557 3353 1569 3389; x_wconf 94' lang='lat'>:</span> <span class='ocrx_word' id='word_1_263' title='bbox 1596 3335 1678 3390; x_wconf 75' lang='lat' dir='ltr'><strong>la~</strong></span> 
     </span>
    </p>
   </div>
   <div class='ocr_carea' id='block_1_34' title="bbox 49 3414 1681 3491">
    <p class='ocr_par' dir='ltr' id='par_1_34' title="bbox 49 3414 1681 3491">
     <span class='ocr_line' id='line_1_34' title="bbox 49 3414 1681 3491; baseline 0.007 -23"><span class='ocrx_word' id='word_1_264' title='bbox 49 3423 203 3469; x_wconf 85' lang='lat' dir='ltr'><strong>tera</strong></span> <span class='ocrx_word' id='word_1_265' title='bbox 252 3414 560 3483; x_wconf 86' lang='lat' dir='ltr'><strong>eaedebam,</strong></span> <span class='ocrx_word' id='word_1_266' title='bbox 589 3418 879 3486; x_wconf 89' lang='lat' dir='ltr'><strong>profundos</strong></span> <span class='ocrx_word' id='word_1_267' title='bbox 908 3420 960 3474; x_wconf 95' lang='lat' dir='ltr'><strong>in</strong></span> <span class='ocrx_word' id='word_1_268' title='bbox 989 3422 1068 3476; x_wconf 90' lang='lat' dir='ltr'><strong>eis</strong></span> <span class='ocrx_word' id='word_1_269' title='bbox 1094 3422 1271 3478; x_wconf 87' lang='lat' dir='ltr'><strong>sulcos</strong></span> <span class='ocrx_word' id='word_1_270' title='bbox 1307 3422 1596 3491; x_wconf 77' lang='lat' dir='ltr'><strong>faciebam,</strong></span> <span class='ocrx_word' id='word_1_271' title='bbox 1625 3433 1681 3479; x_wconf 91' lang='lat' dir='ltr'><strong>et</strong></span> 
     </span>
    </p>
   </div>
   <div class='ocr_carea' id='block_1_35' title="bbox 49 3505 1680 3586">
    <p class='ocr_par' dir='ltr' id='par_1_35' title="bbox 49 3505 1680 3586">
     <span class='ocr_line' id='line_1_35' title="bbox 49 3505 1680 3586; baseline 0.007 -28"><span class='ocrx_word' id='word_1_272' title='bbox 49 3506 242 3559; x_wconf 84' lang='lat' dir='ltr'><strong>rivos</strong></span> <span class='ocrx_word' id='word_1_273' title='bbox 268 3505 545 3575; x_wconf 76' lang='lat' dir='ltr'><strong>sanguinis</strong></span> <span class='ocrx_word' id='word_1_274' title='bbox 563 3506 888 3564; x_wconf 87' lang='lat' dir='ltr'><strong>deducebam</strong></span> <span class='ocrx_word' id='word_1_275' title='bbox 912 3526 928 3576; x_wconf 91' lang='lat'><strong>;</strong></span> <span class='ocrx_word' id='word_1_276' title='bbox 959 3511 1032 3566; x_wconf 86' lang='lat' dir='ltr'><strong>illi</strong></span> <span class='ocrx_word' id='word_1_277' title='bbox 1057 3521 1234 3568; x_wconf 89' lang='lat' dir='ltr'><strong>autem</strong></span> <span class='ocrx_word' id='word_1_278' title='bbox 1259 3522 1525 3586; x_wconf 88' lang='lat' dir='ltr'><strong>tamquam</strong></span> <span class='ocrx_word' id='word_1_279' title='bbox 1550 3529 1680 3571; x_wconf 90' lang='lat' dir='ltr'><strong>auro</strong></span> 
     </span>
    </p>
   </div>
   <div class='ocr_carea' id='block_1_36' title="bbox 44 3595 1682 3678">
    <p class='ocr_par' dir='ltr' id='par_1_36' title="bbox 44 3595 1682 3678">
     <span class='ocr_line' id='line_1_36' title="bbox 44 3595 1682 3678; baseline 0.008 -28"><span class='ocrx_word' id='word_1_280' title='bbox 44 3595 245 3651; x_wconf 82' lang='lat' dir='ltr'><strong>omni</strong></span> <span class='ocrx_word' id='word_1_281' title='bbox 268 3611 339 3651; x_wconf 82' lang='lat' dir='ltr'><strong>ex</strong></span> <span class='ocrx_word' id='word_1_282' title='bbox 366 3605 516 3666; x_wconf 90' lang='lat' dir='ltr'><strong>parte</strong></span> <span class='ocrx_word' id='word_1_283' title='bbox 543 3598 971 3658; x_wconf 86' lang='lat' dir='ltr'><strong>circumﬂuentes</strong></span> <span class='ocrx_word' id='word_1_284' title='bbox 997 3604 1361 3674; x_wconf 78' lang='lat' dir='ltr'><strong>gloriabantur</strong></span> <span class='ocrx_word' id='word_1_285' title='bbox 1387 3624 1400 3661; x_wconf 93' lang='lat'><strong>:</strong></span> <span class='ocrx_word' id='word_1_286' title='bbox 1427 3622 1522 3678; x_wconf 91' lang='lat' dir='ltr'><strong>per</strong></span> <span class='ocrx_word' id='word_1_287' title='bbox 1546 3623 1682 3678; x_wconf 64' lang='lat' dir='ltr'><strong>prae-</strong></span> 
     </span>
    </p>
   </div>
   <div class='ocr_carea' id='block_1_37' title="bbox 44 3687 1681 3769">
    <p class='ocr_par' dir='ltr' id='par_1_37' title="bbox 44 3687 1681 3769">
     <span class='ocr_line' id='line_1_37' title="bbox 44 3687 1681 3769; baseline 0.007 -26"><span class='ocrx_word' id='word_1_288' title='bbox 44 3688 278 3758; x_wconf 83' lang='lat' dir='ltr'><strong>cipitia</strong></span> <span class='ocrx_word' id='word_1_289' title='bbox 321 3687 584 3756; x_wconf 88' lang='lat' dir='ltr'><strong>jaeiebam</strong></span> <span class='ocrx_word' id='word_1_290' title='bbox 626 3701 682 3747; x_wconf 91' lang='lat' dir='ltr'><strong>et</strong></span> <span class='ocrx_word' id='word_1_291' title='bbox 718 3694 771 3748; x_wconf 93' lang='lat' dir='ltr'><strong>in</strong></span> <span class='ocrx_word' id='word_1_292' title='bbox 810 3709 957 3751; x_wconf 88' lang='lat' dir='ltr'><strong>mare</strong></span> <span class='ocrx_word' id='word_1_293' title='bbox 991 3696 1399 3769; x_wconf 87' lang='lat' dir='ltr'><strong>demergebam,</strong></span> <span class='ocrx_word' id='word_1_294' title='bbox 1440 3700 1516 3755; x_wconf 91' lang='lat' dir='ltr'><strong>illi</strong></span> <span class='ocrx_word' id='word_1_295' title='bbox 1554 3715 1681 3756; x_wconf 89' lang='lat' dir='ltr'><strong>vero</strong></span> 
     </span>
    </p>
   </div>
   <div class='ocr_carea' id='block_1_38' title="bbox 39 3781 1682 3855">
    <p class='ocr_par' dir='ltr' id='par_1_38' title="bbox 39 3781 1682 3855">
     <span class='ocr_line' id='line_1_38' title="bbox 39 3781 1682 3855; baseline 0.008 -21"><span class='ocrx_word' id='word_1_296' title='bbox 39 3795 186 3835; x_wconf 84' lang='lat' dir='ltr'><strong>non</strong></span> <span class='ocrx_word' id='word_1_297' title='bbox 233 3789 508 3851; x_wconf 86' lang='lat' dir='ltr'><strong>tamquam</strong></span> <span class='ocrx_word' id='word_1_298' title='bbox 539 3781 592 3837; x_wconf 93' lang='lat' dir='ltr'><strong>in</strong></span> <span class='ocrx_word' id='word_1_299' title='bbox 629 3785 944 3853; x_wconf 89' lang='lat' dir='ltr'><strong>profundum</strong></span> <span class='ocrx_word' id='word_1_300' title='bbox 969 3788 1383 3855; x_wconf 89' lang='lat' dir='ltr'><strong>descendentes,</strong></span> <span class='ocrx_word' id='word_1_301' title='bbox 1409 3792 1503 3847; x_wconf 90' lang='lat' dir='ltr'><strong>sed</strong></span> <span class='ocrx_word' id='word_1_302' title='bbox 1542 3784 1682 3846; x_wconf 58' lang='lat' dir='ltr'><strong>tam-</strong></span> 
     </span>
    </p>
   </div>
   <div class='ocr_carea' id='block_1_39' title="bbox 38 3874 1677 3951">
    <p class='ocr_par' dir='ltr' id='par_1_39' title="bbox 38 3874 1677 3951">
     <span class='ocr_line' id='line_1_39' title="bbox 38 3874 1677 3951; baseline 0.007 -24"><span class='ocrx_word' id='word_1_303' title='bbox 38 3888 255 3943; x_wconf 85' lang='lat' dir='ltr'><strong>quam</strong></span> <span class='ocrx_word' id='word_1_304' title='bbox 282 3874 339 3927; x_wconf 90' lang='lat' dir='ltr'><strong>in</strong></span> <span class='ocrx_word' id='word_1_305' title='bbox 368 3874 535 3942; x_wconf 90' lang='lat' dir='ltr'><strong>ipsum</strong></span> <span class='ocrx_word' id='word_1_306' title='bbox 564 3876 753 3933; x_wconf 69' lang='lat' dir='ltr'><strong>caelum</strong></span> <span class='ocrx_word' id='word_1_307' title='bbox 780 3880 1162 3948; x_wconf 88' lang='lat' dir='ltr'><strong>ascendentes,</strong></span> <span class='ocrx_word' id='word_1_308' title='bbox 1196 3883 1269 3938; x_wconf 90' lang='lat' dir='ltr'><strong>ita</strong></span> <span class='ocrx_word' id='word_1_309' title='bbox 1293 3884 1466 3940; x_wconf 74' lang='lat' dir='ltr'><strong>affecti</strong></span> <span class='ocrx_word' id='word_1_310' title='bbox 1492 3892 1641 3941; x_wconf 88' lang='lat' dir='ltr'><strong>erant</strong></span> <span class='ocrx_word' id='word_1_311' title='bbox 1661 3922 1677 3951; x_wconf 84' lang='lat'><strong>,</strong></span> 
     </span>
    </p>
   </div>
   <div class='ocr_carea' id='block_1_40' title="bbox 30 3965 1682 4046">
    <p class='ocr_par' dir='ltr' id='par_1_40' title="bbox 30 3965 1682 4046">
     <span class='ocr_line' id='line_1_40' title="bbox 30 3965 1682 4046; baseline 0.006 -24"><span class='ocrx_word' id='word_1_312' title='bbox 30 3965 408 4022; x_wconf 78' lang='lat' dir='ltr'><strong>exsilientes</strong></span> <span class='ocrx_word' id='word_1_313' title='bbox 449 3974 505 4021; x_wconf 91' lang='lat' dir='ltr'><strong>et</strong></span> <span class='ocrx_word' id='word_1_314' title='bbox 541 3969 904 4037; x_wconf 81' lang='lat' dir='ltr'><strong>exsultantes,</strong></span> <span class='ocrx_word' id='word_1_315' title='bbox 933 3981 988 4027; x_wconf 92' lang='lat' dir='ltr'><strong>et</strong></span> <span class='ocrx_word' id='word_1_316' title='bbox 1026 3973 1172 4029; x_wconf 91' lang='lat' dir='ltr'><strong>velut</strong></span> <span class='ocrx_word' id='word_1_317' title='bbox 1208 3975 1261 4030; x_wconf 91' lang='lat' dir='ltr'><strong>in</strong></span> <span class='ocrx_word' id='word_1_318' title='bbox 1301 3990 1451 4031; x_wconf 90' lang='lat' dir='ltr'><strong>sacra</strong></span> <span class='ocrx_word' id='word_1_319' title='bbox 1489 3990 1682 4046; x_wconf 86' lang='lat' dir='ltr'><strong>pompa</strong></span> 
     </span>
    </p>
   </div>
   <div class='ocr_carea' id='block_1_41' title="bbox 29 4056 1681 4133">
    <p class='ocr_par' dir='ltr' id='par_1_41' title="bbox 29 4056 1681 4133">
     <span class='ocr_line' id='line_1_41' title="bbox 29 4056 1681 4133; baseline 0.005 -18"><span class='ocrx_word' id='word_1_320' title='bbox 29 4061 325 4115; x_wconf 77' lang='lat' dir='ltr'><strong>choreas</strong></span> <span class='ocrx_word' id='word_1_321' title='bbox 353 4056 630 4126; x_wconf 87' lang='lat' dir='ltr'><strong>ducentes,</strong></span> <span class='ocrx_word' id='word_1_322' title='bbox 658 4069 713 4116; x_wconf 95' lang='lat' dir='ltr'><strong>et</strong></span> <span class='ocrx_word' id='word_1_323' title='bbox 739 4061 793 4117; x_wconf 92' lang='lat' dir='ltr'><strong>in</strong></span> <span class='ocrx_word' id='word_1_324' title='bbox 819 4063 970 4118; x_wconf 87' lang='lat' dir='ltr'><strong>viridi</strong></span> <span class='ocrx_word' id='word_1_325' title='bbox 1001 4072 1155 4133; x_wconf 91' lang='lat' dir='ltr'><strong>prato</strong></span> <span class='ocrx_word' id='word_1_326' title='bbox 1184 4066 1427 4123; x_wconf 87' lang='lat' dir='ltr'><strong>ludentes</strong></span> <span class='ocrx_word' id='word_1_327' title='bbox 1452 4085 1466 4121; x_wconf 93' lang='lat'><strong>:</strong></span> <span class='ocrx_word' id='word_1_328' title='bbox 1496 4069 1568 4122; x_wconf 91' lang='lat' dir='ltr'><strong>ita</strong></span> <span class='ocrx_word' id='word_1_329' title='bbox 1593 4084 1681 4123; x_wconf 91' lang='lat' dir='ltr'><strong>ar-</strong></span> 
     </span>
    </p>
   </div>
   <div class='ocr_carea' id='block_1_42' title="bbox 22 4151 1684 4228">
    <p class='ocr_par' dir='ltr' id='par_1_42' title="bbox 22 4151 1684 4228">
     <span class='ocr_line' id='line_1_42' title="bbox 22 4151 1684 4228; baseline 0.004 -21"><span class='ocrx_word' id='word_1_330' title='bbox 22 4154 85 4208; x_wconf 83' lang='lat' dir='ltr'><strong>ri</strong></span> <span class='ocrx_word' id='word_1_331' title='bbox 96 4151 330 4223; x_wconf 83' lang='lat' dir='ltr'><strong>piebat</strong></span> <span class='ocrx_word' id='word_1_332' title='bbox 352 4151 712 4223; x_wconf 87' lang='lat' dir='ltr'><strong>unusquisque</strong></span> <span class='ocrx_word' id='word_1_333' title='bbox 740 4155 1025 4223; x_wconf 89' lang='lat' dir='ltr'><strong>cruciatus,</strong></span> <span class='ocrx_word' id='word_1_334' title='bbox 1050 4172 1157 4210; x_wconf 92' lang='lat' dir='ltr'><strong>non</strong></span> <span class='ocrx_word' id='word_1_335' title='bbox 1185 4164 1453 4228; x_wconf 87' lang='lat' dir='ltr'><strong>tamquam</strong></span> <span class='ocrx_word' id='word_1_336' title='bbox 1478 4160 1684 4214; x_wconf 56' lang='lat' dir='ltr'><strong>crucian</strong></span> 
     </span>
    </p>
   </div>
   <div class='ocr_carea' id='block_1_43' title="bbox 26 4239 1683 4319">
    <p class='ocr_par' dir='ltr' id='par_1_43' title="bbox 26 4239 1683 4319">
     <span class='ocr_line' id='line_1_43' title="bbox 26 4239 1683 4319; baseline 0.004 -21"><span class='ocrx_word' id='word_1_337' title='bbox 26 4254 150 4298; x_wconf 85' lang='lat' dir='ltr'><strong>tus</strong></span> <span class='ocrx_word' id='word_1_338' title='bbox 180 4283 205 4308; x_wconf 87' lang='lat'><strong>,</strong></span> <span class='ocrx_word' id='word_1_339' title='bbox 254 4239 359 4295; x_wconf 89' lang='lat' dir='ltr'><strong>sed</strong></span> <span class='ocrx_word' id='word_1_340' title='bbox 394 4248 660 4312; x_wconf 87' lang='lat' dir='ltr'><strong>tamquam</strong></span> <span class='ocrx_word' id='word_1_341' title='bbox 697 4259 890 4299; x_wconf 89' lang='lat' dir='ltr'><strong>vernos</strong></span> <span class='ocrx_word' id='word_1_342' title='bbox 928 4245 1088 4301; x_wconf 89' lang='lat' dir='ltr'><strong>flores</strong></span> <span class='ocrx_word' id='word_1_343' title='bbox 1111 4257 1390 4317; x_wconf 85' lang='lat' dir='ltr'><strong>carpentes</strong></span> <span class='ocrx_word' id='word_1_344' title='bbox 1412 4289 1426 4314; x_wconf 91' lang='lat'><strong>,</strong></span> <span class='ocrx_word' id='word_1_345' title='bbox 1458 4263 1683 4319; x_wconf 89' lang='lat' dir='ltr'><strong>seseque</strong></span> 
     </span>
    </p>
   </div>
   <div class='ocr_carea' id='block_1_44' title="bbox 18 4332 1682 4404">
    <p class='ocr_par' dir='ltr' id='par_1_44' title="bbox 18 4332 1682 4404">
     <span class='ocr_line' id='line_1_44' title="bbox 18 4332 1682 4404; baseline 0.004 -16"><span class='ocrx_word' id='word_1_346' title='bbox 18 4339 440 4396; x_wconf 81' lang='lat' dir='ltr'><strong>coronantes,</strong></span> <span class='ocrx_word' id='word_1_347' title='bbox 465 4332 654 4404; x_wconf 78' lang='lat' dir='ltr'><strong>insigni</strong></span> <span class='ocrx_word' id='word_1_348' title='bbox 674 4336 835 4390; x_wconf 89' lang='lat' dir='ltr'><strong>animi</strong></span> <span class='ocrx_word' id='word_1_349' title='bbox 857 4338 937 4391; x_wconf 87' lang='lat' dir='ltr'><strong>sui</strong></span> <span class='ocrx_word' id='word_1_350' title='bbox 957 4337 1229 4394; x_wconf 89' lang='lat' dir='ltr'><strong>alacritate</strong></span> <span class='ocrx_word' id='word_1_351' title='bbox 1248 4339 1514 4395; x_wconf 87' lang='lat' dir='ltr'><strong>cruciatus</strong></span> <span class='ocrx_word' id='word_1_352' title='bbox 1533 4354 1682 4395; x_wconf 92' lang='lat' dir='ltr'><strong>meos</strong></span> 
     </span>
    </p>
   </div>
   <div class='ocr_carea' id='block_1_45' title="bbox 19 4424 1683 4499">
    <p class='ocr_par' dir='ltr' id='par_1_45' title="bbox 19 4424 1683 4499">
     <span class='ocr_line' id='line_1_45' title="bbox 19 4424 1683 4499; baseline 0.002 -18"><span class='ocrx_word' id='word_1_353' title='bbox 19 4424 516 4498; x_wconf 65' lang='lat' dir='ltr'><strong>praeveniebant.</strong></span> <span class='ocrx_word' id='word_1_354' title='bbox 543 4426 679 4493; x_wconf 85' lang='lat' dir='ltr'><strong>Quid</strong></span> <span class='ocrx_word' id='word_1_355' title='bbox 709 4443 855 4497; x_wconf 88' lang='lat' dir='ltr'><strong>ergo,</strong></span> <span class='ocrx_word' id='word_1_356' title='bbox 889 4428 1078 4498; x_wconf 89' lang='lat' dir='ltr'><strong>inquit,</strong></span> <span class='ocrx_word' id='word_1_357' title='bbox 1106 4430 1365 4499; x_wconf 87' lang='lat' dir='ltr'><strong>agendum</strong></span> <span class='ocrx_word' id='word_1_358' title='bbox 1396 4446 1538 4485; x_wconf 90' lang='lat' dir='ltr'><strong>nunc</strong></span> <span class='ocrx_word' id='word_1_359' title='bbox 1565 4429 1683 4484; x_wconf 88' lang='lat' dir='ltr'><strong>fue-</strong></span> 
     </span>
    </p>
   </div>
   <div class='ocr_carea' id='block_1_46' title="bbox 16 4514 1685 4589">
    <p class='ocr_par' dir='ltr' id='par_1_46' title="bbox 16 4514 1685 4589">
     <span class='ocr_line' id='line_1_46' title="bbox 16 4514 1685 4589; baseline 0 -13"><span class='ocrx_word' id='word_1_360' title='bbox 16 4518 177 4576; x_wconf 83' lang='lat' dir='ltr'><strong>rit?</strong></span> <span class='ocrx_word' id='word_1_361' title='bbox 241 4514 645 4571; x_wconf 83' lang='lat' dir='ltr'><strong>Abscindamne</strong></span> <span class='ocrx_word' id='word_1_362' title='bbox 686 4528 844 4586; x_wconf 90' lang='lat' dir='ltr'><strong>caput</strong></span> <span class='ocrx_word' id='word_1_363' title='bbox 882 4519 1039 4589; x_wconf 81' lang='lat' dir='ltr'><strong>ejus?</strong></span> <span class='ocrx_word' id='word_1_364' title='bbox 1081 4520 1187 4575; x_wconf 86' lang='lat' dir='ltr'><strong>Sed</strong></span> <span class='ocrx_word' id='word_1_365' title='bbox 1230 4520 1282 4575; x_wconf 92' lang='lat' dir='ltr'><strong>id</strong></span> <span class='ocrx_word' id='word_1_366' title='bbox 1320 4520 1411 4576; x_wconf 91' lang='lat' dir='ltr'><strong>ille</strong></span> <span class='ocrx_word' id='word_1_367' title='bbox 1452 4521 1506 4575; x_wconf 93' lang='lat' dir='ltr'><strong>in</strong></span> <span class='ocrx_word' id='word_1_368' title='bbox 1547 4522 1685 4576; x_wconf 84' lang='lat' dir='ltr'><strong>votis</strong></span> 
     </span>
    </p>
   </div>
   <div class='ocr_carea' id='block_1_47' title="bbox 13 4611 1681 4681">
    <p class='ocr_par' dir='ltr' id='par_1_47' title="bbox 13 4611 1681 4681">
     <span class='ocr_line' id='line_1_47' title="bbox 13 4611 1681 4681; baseline -0.001 -11"><span class='ocrx_word' id='word_1_369' title='bbox 13 4614 281 4674; x_wconf 83' lang='lat' dir='ltr'><strong>habet,</strong></span> <span class='ocrx_word' id='word_1_370' title='bbox 310 4617 366 4662; x_wconf 88' lang='lat' dir='ltr'><strong>et</strong></span> <span class='ocrx_word' id='word_1_371' title='bbox 396 4624 490 4678; x_wconf 90' lang='lat' dir='ltr'><strong>per</strong></span> <span class='ocrx_word' id='word_1_372' title='bbox 516 4624 675 4679; x_wconf 86' lang='lat' dir='ltr'><strong>opera</strong></span> <span class='ocrx_word' id='word_1_373' title='bbox 708 4611 948 4681; x_wconf 90' lang='lat' dir='ltr'><strong>discipuli</strong></span> <span class='ocrx_word' id='word_1_374' title='bbox 975 4614 1228 4681; x_wconf 89' lang='lat' dir='ltr'><strong>majorem</strong></span> <span class='ocrx_word' id='word_1_375' title='bbox 1259 4612 1681 4669; x_wconf 89' lang='lat' dir='ltr'><strong>adhortationem</strong></span> 
     </span>
    </p>
   </div>
   <div class='ocr_carea' id='block_1_48' title="bbox 2 4703 1681 4777">
    <p class='ocr_par' dir='ltr' id='par_1_48' title="bbox 2 4703 1681 4777">
     <span class='ocr_line' id='line_1_48' title="bbox 2 4703 1681 4777; baseline -0.004 -11"><span class='ocrx_word' id='word_1_376' title='bbox 2 4704 370 4775; x_wconf 81' lang='lat' dir='ltr'><strong>accipiunt</strong></span> <span class='ocrx_word' id='word_1_377' title='bbox 399 4721 414 4758; x_wconf 85' lang='lat'><strong>:</strong></span> <span class='ocrx_word' id='word_1_378' title='bbox 446 4717 541 4757; x_wconf 89' lang='lat' dir='ltr'><strong>eos</strong></span> <span class='ocrx_word' id='word_1_379' title='bbox 569 4703 763 4773; x_wconf 88' lang='lat' dir='ltr'><strong>quippe</strong></span> <span class='ocrx_word' id='word_1_380' title='bbox 802 4703 1075 4758; x_wconf 91' lang='lat' dir='ltr'><strong>admonuit</strong></span> <span class='ocrx_word' id='word_1_381' title='bbox 1121 4715 1411 4777; x_wconf 83' lang='lat' dir='ltr'><strong>martyrum</strong></span> <span class='ocrx_word' id='word_1_382' title='bbox 1454 4714 1681 4761; x_wconf 90' lang='lat' dir='ltr'><strong>mortem</strong></span> 
     </span>
    </p>
   </div>
   <div class='ocr_carea' id='block_1_49' title="bbox 2 4794 1684 4864">
    <p class='ocr_par' dir='ltr' id='par_1_49' title="bbox 2 4794 1684 4864">
     <span class='ocr_line' id='line_1_49' title="bbox 2 4794 1684 4864; baseline -0.003 -10"><span class='ocrx_word' id='word_1_383' title='bbox 2 4816 166 4859; x_wconf 86' lang='lat' dir='ltr'><strong>non</strong></span> <span class='ocrx_word' id='word_1_384' title='bbox 234 4807 369 4849; x_wconf 87' lang='lat' dir='ltr'><strong>esse</strong></span> <span class='ocrx_word' id='word_1_385' title='bbox 411 4802 671 4857; x_wconf 88' lang='lat' dir='ltr'><strong>mortem,</strong></span> <span class='ocrx_word' id='word_1_386' title='bbox 712 4794 806 4849; x_wconf 88' lang='lat' dir='ltr'><strong>sed</strong></span> <span class='ocrx_word' id='word_1_387' title='bbox 839 4795 997 4848; x_wconf 90' lang='lat' dir='ltr'><strong>vitam</strong></span> <span class='ocrx_word' id='word_1_388' title='bbox 1045 4794 1149 4849; x_wconf 91' lang='lat' dir='ltr'><strong>fine</strong></span> <span class='ocrx_word' id='word_1_389' title='bbox 1184 4803 1456 4850; x_wconf 89' lang='lat' dir='ltr'><strong>carentem</strong></span> <span class='ocrx_word' id='word_1_390' title='bbox 1488 4805 1684 4864; x_wconf 87' lang='lat' dir='ltr'><strong>:atque</strong></span> 
     </span>
    </p>
   </div>
   <div class='ocr_carea' id='block_1_50' title="bbox 4 4883 1684 4961">
    <p class='ocr_par' dir='ltr' id='par_1_50' title="bbox 4 4883 1684 4961">
     <span class='ocr_line' id='line_1_50' title="bbox 4 4883 1684 4961; baseline -0.004 -18"><span class='ocrx_word' id='word_1_391' title='bbox 4 4892 251 4961; x_wconf 79' lang='lat' dir='ltr'><strong>hujus</strong></span> <span class='ocrx_word' id='word_1_392' title='bbox 288 4883 520 4939; x_wconf 88' lang='lat' dir='ltr'><strong>maxime</strong></span> <span class='ocrx_word' id='word_1_393' title='bbox 543 4899 701 4940; x_wconf 89' lang='lat' dir='ltr'><strong>causa</strong></span> <span class='ocrx_word' id='word_1_394' title='bbox 724 4887 899 4939; x_wconf 88' lang='lat' dir='ltr'><strong>omnia</strong></span> <span class='ocrx_word' id='word_1_395' title='bbox 926 4900 1045 4940; x_wconf 91' lang='lat' dir='ltr'><strong>esse</strong></span> <span class='ocrx_word' id='word_1_396' title='bbox 1074 4885 1365 4947; x_wconf 85' lang='lat' dir='ltr'><strong>toleranda.</strong></span> <span class='ocrx_word' id='word_1_397' title='bbox 1389 4885 1684 4955; x_wconf 85' lang='lat' dir='ltr'><strong>despicien-</strong></span> 
     </span>
    </p>
   </div>
   <div class='ocr_carea' id='block_1_51' title="bbox 1 4977 1686 5049">
    <p class='ocr_par' dir='ltr' id='par_1_51' title="bbox 1 4977 1686 5049">
     <span class='ocr_line' id='line_1_51' title="bbox 1 4977 1686 5049; baseline -0.002 -12"><span class='ocrx_word' id='word_1_398' title='bbox 1 4990 335 5049; x_wconf 77' lang='lat' dir='ltr'><strong>dumque</strong></span> <span class='ocrx_word' id='word_1_399' title='bbox 376 4992 496 5032; x_wconf 88' lang='lat' dir='ltr'><strong>esse</strong></span> <span class='ocrx_word' id='word_1_400' title='bbox 531 4977 827 5033; x_wconf 91' lang='lat' dir='ltr'><strong>decessum.</strong></span> <span class='ocrx_word' id='word_1_401' title='bbox 862 4979 917 5033; x_wconf 91' lang='lat' dir='ltr'><strong>Si</strong></span> <span class='ocrx_word' id='word_1_402' title='bbox 948 4993 1075 5048; x_wconf 86' lang='lat' dir='ltr'><strong>ergo</strong></span> <span class='ocrx_word' id='word_1_403' title='bbox 1100 4989 1258 5048; x_wconf 87' lang='lat' dir='ltr'><strong>caput</strong></span> <span class='ocrx_word' id='word_1_404' title='bbox 1285 4979 1562 5033; x_wconf 80' lang='lat' dir='ltr'><strong>abscidere</strong></span> <span class='ocrx_word' id='word_1_405' title='bbox 1586 5020 1601 5045; x_wconf 97' lang='lat'><strong>,</strong></span> <span class='ocrx_word' id='word_1_406' title='bbox 1632 4987 1686 5033; x_wconf 89' lang='lat' dir='ltr'><strong>et</strong></span> 
     </span>
    </p>
   </div>
   <div class='ocr_carea' id='block_1_52' title="bbox 8 5069 1687 5140">
    <p class='ocr_par' dir='ltr' id='par_1_52' title="bbox 8 5069 1687 5140">
     <span class='ocr_line' id='line_1_52' title="bbox 8 5069 1687 5140; baseline -0.008 -5"><span class='ocrx_word' id='word_1_407' title='bbox 8 5080 73 5135; x_wconf 72' lang='lat' dir='ltr'><strong>id</strong></span> <span class='ocrx_word' id='word_1_408' title='bbox 123 5075 269 5130; x_wconf 82' lang='lat' dir='ltr'><strong>ille</strong></span> <span class='ocrx_word' id='word_1_409' title='bbox 302 5069 512 5126; x_wconf 81' lang='lat' dir='ltr'><strong>fortiter</strong></span> <span class='ocrx_word' id='word_1_410' title='bbox 538 5070 736 5133; x_wconf 87' lang='lat' dir='ltr'><strong>tulerit,</strong></span> <span class='ocrx_word' id='word_1_411' title='bbox 766 5071 907 5140; x_wconf 83' lang='lat' dir='ltr'><strong>ipsos</strong></span> <span class='ocrx_word' id='word_1_412' title='bbox 935 5071 1169 5139; x_wconf 89' lang='lat' dir='ltr'><strong>apertius</strong></span> <span class='ocrx_word' id='word_1_413' title='bbox 1194 5086 1286 5140; x_wconf 90' lang='lat' dir='ltr'><strong>per</strong></span> <span class='ocrx_word' id='word_1_414' title='bbox 1312 5069 1449 5124; x_wconf 88' lang='lat' dir='ltr'><strong>facta</strong></span> <span class='ocrx_word' id='word_1_415' title='bbox 1476 5070 1687 5125; x_wconf 89' lang='lat' dir='ltr'><strong>docebit</strong></span> 
     </span>
    </p>
   </div>
   <div class='ocr_carea' id='block_1_53' title="bbox 2 5160 1686 5233">
    <p class='ocr_par' dir='ltr' id='par_1_53' title="bbox 2 5160 1686 5233">
     <span class='ocr_line' id='line_1_53' title="bbox 2 5160 1686 5233; baseline -0.01 -5"><span class='ocrx_word' id='word_1_416' title='bbox 2 5175 112 5229; x_wconf 76' lang='lat' dir='ltr'><strong>sic</strong></span> <span class='ocrx_word' id='word_1_417' title='bbox 161 5170 457 5233; x_wconf 88' lang='lat' dir='ltr'><strong>oportere</strong></span> <span class='ocrx_word' id='word_1_418' title='bbox 483 5170 706 5215; x_wconf 91' lang='lat' dir='ltr'><strong>mortem</strong></span> <span class='ocrx_word' id='word_1_419' title='bbox 730 5161 1020 5231; x_wconf 87' lang='lat' dir='ltr'><strong>despicere,</strong></span> <span class='ocrx_word' id='word_1_420' title='bbox 1045 5170 1099 5215; x_wconf 90' lang='lat' dir='ltr'><strong>et</strong></span> <span class='ocrx_word' id='word_1_421' title='bbox 1123 5176 1306 5215; x_wconf 91' lang='lat' dir='ltr'><strong>eorum</strong></span> <span class='ocrx_word' id='word_1_422' title='bbox 1337 5160 1551 5229; x_wconf 90' lang='lat' dir='ltr'><strong>spiritus</strong></span> <span class='ocrx_word' id='word_1_423' title='bbox 1575 5175 1686 5212; x_wconf 88' lang='lat' dir='ltr'><strong>ma-</strong></span> 
     </span>
    </p>
   </div>
   <div class='ocr_carea' id='block_1_54' title="bbox 2 5253 1681 5343">
    <p class='ocr_par' dir='ltr' id='par_1_54' title="bbox 2 5253 1681 5343">
     <span class='ocr_line' id='line_1_54' title="bbox 2 5253 1681 5343; baseline -0.011 -19"><span class='ocrx_word' id='word_1_424' title='bbox 2 5271 113 5343; x_wconf 66' lang='lat' dir='ltr'><strong>gis</strong></span> <span class='ocrx_word' id='word_1_425' title='bbox 160 5258 398 5327; x_wconf 81' lang='lat' dir='ltr'><strong>eriget,</strong></span> <span class='ocrx_word' id='word_1_426' title='bbox 422 5255 604 5326; x_wconf 86' lang='lat' dir='ltr'><strong>eisque</strong></span> <span class='ocrx_word' id='word_1_427' title='bbox 627 5264 867 5309; x_wconf 90' lang='lat' dir='ltr'><strong>mortuus</strong></span> <span class='ocrx_word' id='word_1_428' title='bbox 892 5256 1143 5325; x_wconf 88' lang='lat' dir='ltr'><strong>majorem</strong></span> <span class='ocrx_word' id='word_1_429' title='bbox 1168 5254 1327 5308; x_wconf 92' lang='lat' dir='ltr'><strong>animi</strong></span> <span class='ocrx_word' id='word_1_430' title='bbox 1356 5253 1681 5308; x_wconf 90' lang='lat' dir='ltr'><strong>alacritatem</strong></span> 
     </span>
    </p>
   </div>
   <div class='ocr_carea' id='block_1_55' title="bbox 14 5345 1683 5426">
    <p class='ocr_par' dir='ltr' id='par_1_55' title="bbox 14 5345 1683 5426">
     <span class='ocr_line' id='line_1_55' title="bbox 14 5345 1683 5426; baseline -0.008 -19"><span class='ocrx_word' id='word_1_431' title='bbox 14 5348 402 5426; x_wconf 70' lang='lat' dir='ltr'><strong>&quot;spirabit.</strong></span> <span class='ocrx_word' id='word_1_432' title='bbox 430 5346 713 5415; x_wconf 89' lang='lat' dir='ltr'><strong>Propterea</strong></span> <span class='ocrx_word' id='word_1_433' title='bbox 738 5345 967 5415; x_wconf 80' lang='lat' dir='ltr'><strong>linguam</strong></span> <span class='ocrx_word' id='word_1_434' title='bbox 993 5345 1299 5415; x_wconf 87' lang='lat' dir='ltr'><strong>amputavit,</strong></span> <span class='ocrx_word' id='word_1_435' title='bbox 1325 5351 1383 5398; x_wconf 93' lang='lat' dir='ltr'><strong>ut</strong></span> <span class='ocrx_word' id='word_1_436' title='bbox 1406 5356 1553 5407; x_wconf 90' lang='lat' dir='ltr'><strong>voce,</strong></span> <span class='ocrx_word' id='word_1_437' title='bbox 1582 5356 1683 5411; x_wconf 89' lang='lat' dir='ltr'><strong>qua</strong></span> 
     </span>
    </p>
   </div>
   <div class='ocr_carea' id='block_1_56' title="bbox 9 5433 1684 5510">
    <p class='ocr_par' dir='ltr' id='par_1_56' title="bbox 9 5433 1684 5510">
     <span class='ocr_line' id='line_1_56' title="bbox 9 5433 1684 5510; baseline -0.006 -11"><span class='ocrx_word' id='word_1_438' title='bbox 9 5445 438 5510; x_wconf 65' lang='lat' dir='ltr'><strong>‘ruebantur,</strong></span> <span class='ocrx_word' id='word_1_439' title='bbox 467 5439 657 5509; x_wconf 90' lang='lat' dir='ltr'><strong>privati</strong></span> <span class='ocrx_word' id='word_1_440' title='bbox 684 5437 930 5509; x_wconf 83' lang='lat' dir='ltr'><strong>martyris</strong></span> <span class='ocrx_word' id='word_1_441' title='bbox 961 5436 1225 5507; x_wconf 89' lang='lat' dir='ltr'><strong>discipuli,</strong></span> <span class='ocrx_word' id='word_1_442' title='bbox 1258 5443 1311 5490; x_wconf 91' lang='lat' dir='ltr'><strong>et</strong></span> <span class='ocrx_word' id='word_1_443' title='bbox 1338 5435 1559 5491; x_wconf 87' lang='lat' dir='ltr'><strong>consilio</strong></span> <span class='ocrx_word' id='word_1_444' title='bbox 1588 5433 1684 5489; x_wconf 89' lang='lat' dir='ltr'><strong>de-</strong></span> 
     </span>
    </p>
   </div>
   <div class='ocr_carea' id='block_1_57' title="bbox 18 5525 1684 5602">
    <p class='ocr_par' dir='ltr' id='par_1_57' title="bbox 18 5525 1684 5602">
     <span class='ocr_line' id='line_1_57' title="bbox 18 5525 1684 5602; baseline -0.009 -10"><span class='ocrx_word' id='word_1_445' title='bbox 18 5534 264 5602; x_wconf 77' lang='grc' dir='ltr'><strong>ιῖιυῑί</strong></span> <span class='ocrx_word' id='word_1_446' title='bbox 284 5573 302 5599; x_wconf 87' lang='grc'><em>,</em></span> <span class='ocrx_word' id='word_1_447' title='bbox 332 5540 492 5599; x_wconf 87' lang='lat' dir='ltr'><strong>atque</strong></span> <span class='ocrx_word' id='word_1_448' title='bbox 520 5528 878 5584; x_wconf 89' lang='lat' dir='ltr'><strong>admonitione</strong></span> <span class='ocrx_word' id='word_1_449' title='bbox 915 5528 1100 5597; x_wconf 84' lang='lat' dir='ltr'><strong>privati</strong></span> <span class='ocrx_word' id='word_1_450' title='bbox 1125 5568 1140 5591; x_wconf 94' lang='lat'><strong>,</strong></span> <span class='ocrx_word' id='word_1_451' title='bbox 1174 5526 1461 5581; x_wconf 90' lang='lat' dir='ltr'><strong>timidiores</strong></span> <span class='ocrx_word' id='word_1_452' title='bbox 1491 5525 1684 5581; x_wconf 86' lang='lat' dir='ltr'><strong>evade-</strong></span> 
     </span>
    </p>
   </div>
   <div class='ocr_carea' id='block_1_58' title="bbox 6 5615 1682 5695">
    <p class='ocr_par' dir='ltr' id='par_1_58' title="bbox 6 5615 1682 5695">
     <span class='ocr_line' id='line_1_58' title="bbox 6 5615 1682 5695; baseline -0.004 -19"><span class='ocrx_word' id='word_1_453' title='bbox 6 5641 176 5695; x_wconf 64' lang='lat' dir='ltr'><strong>.en;</strong></span> <span class='ocrx_word' id='word_1_454' title='bbox 216 5668 243 5691; x_wconf 86' lang='lat'><strong>,</strong></span> <span class='ocrx_word' id='word_1_455' title='bbox 307 5630 365 5677; x_wconf 90' lang='lat' dir='ltr'><strong>et</strong></span> <span class='ocrx_word' id='word_1_456' title='bbox 402 5621 469 5675; x_wconf 88' lang='lat' dir='ltr'><strong>ad</strong></span> <span class='ocrx_word' id='word_1_457' title='bbox 507 5621 739 5691; x_wconf 86' lang='lat' dir='ltr'><strong>priorem</strong></span> <span class='ocrx_word' id='word_1_458' title='bbox 768 5635 1019 5690; x_wconf 84' lang='lat' dir='ltr'><strong>angorem</strong></span> <span class='ocrx_word' id='word_1_459' title='bbox 1054 5627 1108 5673; x_wconf 90' lang='lat' dir='ltr'><strong>et</strong></span> <span class='ocrx_word' id='word_1_460' title='bbox 1134 5617 1517 5672; x_wconf 89' lang='lat' dir='ltr'><strong>dubitationem</strong></span> <span class='ocrx_word' id='word_1_461' title='bbox 1559 5615 1682 5671; x_wconf 89' lang='lat' dir='ltr'><strong>red-</strong></span> 
     </span>
    </p>
   </div>
   <div class='ocr_carea' id='block_1_59' title="bbox 58 5757 1432 5893">
    <p class='ocr_par' dir='ltr' id='par_1_59' title="bbox 58 5757 1432 5893">
     <span class='ocr_line' id='line_1_59' title="bbox 58 5757 1432 5893; baseline -0.012 -13"><span class='ocrx_word' id='word_1_462' title='bbox 58 5789 95 5880; x_wconf 65' lang='lat'>;</span> <span class='ocrx_word' id='word_1_463' title='bbox 371 5757 891 5885; x_wconf 78' lang='lat' dir='ltr'><strong>hostium</strong></span> <span class='ocrx_word' id='word_1_464' title='bbox 911 5815 1169 5883; x_wconf 76' lang='lat' dir='ltr'><strong>phalanges</strong></span> <span class='ocrx_word' id='word_1_465' title='bbox 1191 5811 1432 5865; x_wconf 79' lang='lat' dir='ltr'><strong>convertit.</strong></span> 
     </span>
    </p>
   </div>
   <div class='ocr_carea' id='block_1_60' title="bbox 715 5897 1709 5927">
    <p class='ocr_par' dir='ltr' id='par_1_60' title="bbox 715 5897 1709 5927">
     <span class='ocr_line' id='line_1_60' title="bbox 715 5897 1709 5927; baseline -0.009 -15"><span class='ocrx_word' id='word_1_466' title='bbox 1682 5899 1709 5927; x_wconf 43' lang='grc' dir='ltr'><strong>λ</strong></span> 
     </span>
    </p>
   </div>
   <div class='ocr_carea' id='block_1_61' title="bbox 1515 5930 1669 5951">
    <p class='ocr_par' dir='ltr' id='par_1_61' title="bbox 1515 5930 1669 5951">
     <span class='ocr_line' id='line_1_61' title="bbox 1515 5930 1669 5951; baseline 0 0"><span class='ocrx_word' id='word_1_467' title='bbox 1515 5930 1669 5951; x_wconf 47' lang='lat' dir='ltr'><strong>MM,</strong></span> 
     </span>
    </p>
   </div>
   <div class='ocr_carea' id='block_1_62' title="bbox 1207 380 2254 441">
    <p class='ocr_par' dir='ltr' id='par_1_62' title="bbox 1207 380 2254 441">
     <span class='ocr_line' id='line_1_62' title="bbox 1207 380 2254 441; baseline 0 -2"><span class='ocrx_word' id='word_1_468' title='bbox 1207 381 1272 439; x_wconf 79' lang='lat' dir='ltr'><strong>IN</strong></span> <span class='ocrx_word' id='word_1_469' title='bbox 1300 382 1356 441; x_wconf 86' lang='lat' dir='ltr'><strong>S.</strong></span> <span class='ocrx_word' id='word_1_470' title='bbox 1400 382 1731 440; x_wconf 80' lang='lat' dir='ltr'><strong>ROMANUM</strong></span> <span class='ocrx_word' id='word_1_471' title='bbox 1771 380 2170 441; x_wconf 78' lang='lat' dir='ltr'><strong>MARTYREM.</strong></span> <span class='ocrx_word' id='word_1_472' title='bbox 2211 385 2254 441; x_wconf 88' lang='lat' dir='ltr'><strong>l.</strong></span> 
     </span>
    </p>
   </div>
   <div class='ocr_carea' id='block_1_63' title="bbox 3266 391 3359 449">
    <p class='ocr_par' dir='ltr' id='par_1_63' title="bbox 3266 391 3359 449">
     <span class='ocr_line' id='line_1_63' title="bbox 3266 391 3359 449; baseline 0 -3"><span class='ocrx_word' id='word_1_473' title='bbox 3266 391 3359 449; x_wconf 82' lang='lat' dir='ltr'><strong>6l0</strong></span> 
     </span>
    </p>
   </div>
   <div class='ocr_carea' id='block_1_64' title="bbox 1790 498 3362 573">
    <p class='ocr_par' dir='ltr' id='par_1_64' title="bbox 1790 498 3362 573">
     <span class='ocr_line' id='line_1_64' title="bbox 1790 498 3362 573; baseline 0.004 -20"><span class='ocrx_word' id='word_1_474' title='bbox 1790 498 1949 568; x_wconf 89' lang='lat' dir='ltr'><strong>irent,</strong></span> <span class='ocrx_word' id='word_1_475' title='bbox 1967 514 2087 556; x_wconf 91' lang='lat' dir='ltr'><strong>cum</strong></span> <span class='ocrx_word' id='word_1_476' title='bbox 2125 514 2232 555; x_wconf 89' lang='lat' dir='ltr'><strong>non</strong></span> <span class='ocrx_word' id='word_1_477' title='bbox 2270 499 2558 566; x_wconf 86' lang='lat' dir='ltr'><strong>haberent,</strong></span> <span class='ocrx_word' id='word_1_478' title='bbox 2588 503 2676 572; x_wconf 89' lang='lat' dir='ltr'><strong>qui</strong></span> <span class='ocrx_word' id='word_1_479' title='bbox 2721 502 2798 558; x_wconf 91' lang='lat' dir='ltr'><strong>eis</strong></span> <span class='ocrx_word' id='word_1_480' title='bbox 2836 504 3069 559; x_wconf 91' lang='lat' dir='ltr'><strong>animum</strong></span> <span class='ocrx_word' id='word_1_481' title='bbox 3110 505 3362 573; x_wconf 81' lang='lat' dir='ltr'><strong>adderet,</strong></span> 
     </span>
    </p>
   </div>
   <div class='ocr_carea' id='block_1_65' title="bbox 1792 589 2706 660">
    <p class='ocr_par' dir='ltr' id='par_1_65' title="bbox 1792 589 2706 660">
     <span class='ocr_line' id='line_1_65' title="bbox 1792 589 2706 660; baseline 0.003 -16"><span class='ocrx_word' id='word_1_482' title='bbox 1792 605 1962 660; x_wconf 88' lang='lat' dir='ltr'><strong>neque</strong></span> <span class='ocrx_word' id='word_1_483' title='bbox 1985 589 2074 659; x_wconf 92' lang='lat' dir='ltr'><strong>qui</strong></span> <span class='ocrx_word' id='word_1_484' title='bbox 2102 593 2356 647; x_wconf 86' lang='lat' dir='ltr'><strong>excitaret</strong></span> <span class='ocrx_word' id='word_1_485' title='bbox 2380 601 2434 647; x_wconf 91' lang='lat' dir='ltr'><strong>et</strong></span> <span class='ocrx_word' id='word_1_486' title='bbox 2457 603 2706 648; x_wconf 88' lang='lat' dir='ltr'><strong>armaret.</strong></span> 
     </span>
    </p>
   </div>
   <div class='ocr_carea' id='block_1_66' title="bbox 1860 681 3366 745">
    <p class='ocr_par' dir='ltr' id='par_1_66' title="bbox 1860 681 3366 745">
     <span class='ocr_line' id='line_1_66' title="bbox 1860 681 3366 745; baseline 0.008 -12"><span class='ocrx_word' id='word_1_487' title='bbox 1860 681 1916 734; x_wconf 79' lang='grc'><strong>5.</strong></span> <span class='ocrx_word' id='word_1_488' title='bbox 1954 681 2240 736; x_wconf 87' lang='lat' dir='ltr'><strong>Considera</strong></span> <span class='ocrx_word' id='word_1_489' title='bbox 2278 696 2454 739; x_wconf 89' lang='lat' dir='ltr'><strong>autem</strong></span> <span class='ocrx_word' id='word_1_490' title='bbox 2485 683 2610 738; x_wconf 91' lang='lat' dir='ltr'><strong>mihi</strong></span> <span class='ocrx_word' id='word_1_491' title='bbox 2651 683 2847 740; x_wconf 90' lang='lat' dir='ltr'><strong>diaboli</strong></span> <span class='ocrx_word' id='word_1_492' title='bbox 2890 687 3163 742; x_wconf 90' lang='lat' dir='ltr'><strong>malitiam.</strong></span> <span class='ocrx_word' id='word_1_493' title='bbox 3194 688 3366 745; x_wconf 89' lang='lat' dir='ltr'><strong>llero-</strong></span> 
     </span>
    </p>
   </div>
   <div class='ocr_carea' id='block_1_67' title="bbox 1790 769 3364 843">
    <p class='ocr_par' dir='ltr' id='par_1_67' title="bbox 1790 769 3364 843">
     <span class='ocr_line' id='line_1_67' title="bbox 1790 769 3364 843; baseline 0.008 -20"><span class='ocrx_word' id='word_1_494' title='bbox 1790 769 1885 824; x_wconf 93' lang='lat' dir='ltr'><strong>des</strong></span> <span class='ocrx_word' id='word_1_495' title='bbox 1918 771 2128 841; x_wconf 86' lang='lat' dir='ltr'><strong>quidem</strong></span> <span class='ocrx_word' id='word_1_496' title='bbox 2168 772 2388 828; x_wconf 83' lang='lat' dir='ltr'><strong>Joannis</strong></span> <span class='ocrx_word' id='word_1_497' title='bbox 2420 782 2578 843; x_wconf 91' lang='lat' dir='ltr'><strong>caput</strong></span> <span class='ocrx_word' id='word_1_498' title='bbox 2618 774 2841 830; x_wconf 90' lang='lat' dir='ltr'><strong>abscidit</strong></span> <span class='ocrx_word' id='word_1_499' title='bbox 2872 792 2886 829; x_wconf 88' lang='lat'><strong><em>:</em></strong></span> <span class='ocrx_word' id='word_1_500' title='bbox 2917 778 3002 833; x_wconf 90' lang='lat' dir='ltr'><strong>hic</strong></span> <span class='ocrx_word' id='word_1_501' title='bbox 3041 790 3215 835; x_wconf 90' lang='lat' dir='ltr'><strong>autem</strong></span> <span class='ocrx_word' id='word_1_502' title='bbox 3258 798 3364 835; x_wconf 90' lang='lat' dir='ltr'><strong>non</strong></span> 
     </span>
    </p>
   </div>
   <div class='ocr_carea' id='block_1_68' title="bbox 1790 860 3367 932">
    <p class='ocr_par' dir='ltr' id='par_1_68' title="bbox 1790 860 3367 932">
     <span class='ocr_line' id='line_1_68' title="bbox 1790 860 3367 932; baseline 0.008 -20"><span class='ocrx_word' id='word_1_503' title='bbox 1790 869 1967 927; x_wconf 90' lang='lat' dir='ltr'><strong>caput,</strong></span> <span class='ocrx_word' id='word_1_504' title='bbox 1999 860 2094 915; x_wconf 89' lang='lat' dir='ltr'><strong>sed</strong></span> <span class='ocrx_word' id='word_1_505' title='bbox 2123 860 2351 931; x_wconf 85' lang='lat' dir='ltr'><strong>linguam</strong></span> <span class='ocrx_word' id='word_1_506' title='bbox 2374 863 2567 916; x_wconf 91' lang='lat' dir='ltr'><strong>solum.</strong></span> <span class='ocrx_word' id='word_1_507' title='bbox 2595 865 2806 932; x_wconf 85' lang='lat' dir='ltr'><strong>Quare?</strong></span> <span class='ocrx_word' id='word_1_508' title='bbox 2832 866 2948 920; x_wconf 76' lang='lat' dir='ltr'><strong>Pra:</strong></span> <span class='ocrx_word' id='word_1_509' title='bbox 2974 869 3135 923; x_wconf 92' lang='lat' dir='ltr'><strong>nimia</strong></span> <span class='ocrx_word' id='word_1_510' title='bbox 3164 871 3367 925; x_wconf 87' lang='lat' dir='ltr'><strong>scilicet</strong></span> 
     </span>
    </p>
   </div>
   <div class='ocr_carea' id='block_1_69' title="bbox 1790 950 3366 1028">
    <p class='ocr_par' dir='ltr' id='par_1_69' title="bbox 1790 950 3366 1028">
     <span class='ocr_line' id='line_1_69' title="bbox 1790 950 3366 1028; baseline 0.007 -26"><span class='ocrx_word' id='word_1_511' title='bbox 1790 950 1990 1004; x_wconf 90' lang='lat' dir='ltr'><strong>malitia</strong></span> <span class='ocrx_word' id='word_1_512' title='bbox 2016 960 2065 1005; x_wconf 90' lang='lat' dir='ltr'><strong>et</strong></span> <span class='ocrx_word' id='word_1_513' title='bbox 2096 952 2460 1019; x_wconf 83' lang='lat' dir='ltr'><strong>perversitate.</strong></span> <span class='ocrx_word' id='word_1_514' title='bbox 2487 952 2541 1008; x_wconf 91' lang='lat' dir='ltr'><strong>Si</strong></span> <span class='ocrx_word' id='word_1_515' title='bbox 2568 954 2845 1010; x_wconf 86' lang='lat' dir='ltr'><strong>abscidere</strong></span> <span class='ocrx_word' id='word_1_516' title='bbox 2884 966 3060 1026; x_wconf 90' lang='lat' dir='ltr'><strong>caput,</strong></span> <span class='ocrx_word' id='word_1_517' title='bbox 3094 959 3281 1028; x_wconf 87' lang='lat' dir='ltr'><strong>inquit,</strong></span> <span class='ocrx_word' id='word_1_518' title='bbox 3311 970 3366 1014; x_wconf 92' lang='lat' dir='ltr'><strong>et</strong></span> 
     </span>
    </p>
   </div>
   <div class='ocr_carea' id='block_1_70' title="bbox 1790 1041 3363 1109">
    <p class='ocr_par' dir='ltr' id='par_1_70' title="bbox 1790 1041 3363 1109">
     <span class='ocr_line' id='line_1_70' title="bbox 1790 1041 3363 1109; baseline 0.008 -16"><span class='ocrx_word' id='word_1_519' title='bbox 1790 1049 2028 1094; x_wconf 91' lang='lat' dir='ltr'><strong>mortuus</strong></span> <span class='ocrx_word' id='word_1_520' title='bbox 2068 1041 2246 1109; x_wconf 89' lang='lat' dir='ltr'><strong>fuerit,</strong></span> <span class='ocrx_word' id='word_1_521' title='bbox 2288 1042 2508 1097; x_wconf 82' lang='lat' dir='ltr'><strong>fratrum</strong></span> <span class='ocrx_word' id='word_1_522' title='bbox 2553 1045 2821 1099; x_wconf 91' lang='lat' dir='ltr'><strong>interitum</strong></span> <span class='ocrx_word' id='word_1_523' title='bbox 2865 1062 2972 1101; x_wconf 90' lang='lat' dir='ltr'><strong>non</strong></span> <span class='ocrx_word' id='word_1_524' title='bbox 3001 1049 3185 1104; x_wconf 91' lang='lat' dir='ltr'><strong>videns</strong></span> <span class='ocrx_word' id='word_1_525' title='bbox 3213 1066 3363 1105; x_wconf 84' lang='lat' dir='ltr'><strong>rece-</strong></span> 
     </span>
    </p>
   </div>
   <div class='ocr_carea' id='block_1_71' title="bbox 1788 1129 3360 1206">
    <p class='ocr_par' dir='ltr' id='par_1_71' title="bbox 1788 1129 3360 1206">
     <span class='ocr_line' id='line_1_71' title="bbox 1788 1129 3360 1206; baseline 0.007 -22"><span class='ocrx_word' id='word_1_526' title='bbox 1788 1129 1909 1195; x_wconf 89' lang='lat' dir='ltr'><strong>det;</strong></span> <span class='ocrx_word' id='word_1_527' title='bbox 1934 1139 1989 1184; x_wconf 91' lang='lat' dir='ltr'><strong>at</strong></span> <span class='ocrx_word' id='word_1_528' title='bbox 2015 1146 2115 1201; x_wconf 79' lang='lat' dir='ltr'><strong>ego</strong></span> <span class='ocrx_word' id='word_1_529' title='bbox 2139 1134 2284 1187; x_wconf 88' lang='lat' dir='ltr'><strong>illum</strong></span> <span class='ocrx_word' id='word_1_530' title='bbox 2316 1134 2539 1188; x_wconf 88' lang='lat' dir='ltr'><strong>militum</strong></span> <span class='ocrx_word' id='word_1_531' title='bbox 2571 1150 2785 1189; x_wconf 90' lang='lat' dir='ltr'><strong>suorum</strong></span> <span class='ocrx_word' id='word_1_532' title='bbox 2829 1138 3034 1206; x_wconf 87' lang='lat' dir='ltr'><strong>lapsum</strong></span> <span class='ocrx_word' id='word_1_533' title='bbox 3065 1148 3119 1194; x_wconf 91' lang='lat' dir='ltr'><strong>et</strong></span> <span class='ocrx_word' id='word_1_534' title='bbox 3147 1142 3360 1195; x_wconf 81' lang='lat' dir='ltr'><strong>calami-</strong></span> 
     </span>
    </p>
   </div>
   <div class='ocr_carea' id='block_1_72' title="bbox 1789 1224 3360 1295">
    <p class='ocr_par' dir='ltr' id='par_1_72' title="bbox 1789 1224 3360 1295">
     <span class='ocr_line' id='line_1_72' title="bbox 1789 1224 3360 1295; baseline 0.007 -20"><span class='ocrx_word' id='word_1_535' title='bbox 1789 1224 1911 1277; x_wconf 89' lang='lat' dir='ltr'><strong>tatis</strong></span> <span class='ocrx_word' id='word_1_536' title='bbox 1943 1232 2128 1278; x_wconf 90' lang='lat' dir='ltr'><strong>testem</strong></span> <span class='ocrx_word' id='word_1_537' title='bbox 2156 1239 2276 1280; x_wconf 89' lang='lat' dir='ltr'><strong>esse</strong></span> <span class='ocrx_word' id='word_1_538' title='bbox 2301 1226 2442 1291; x_wconf 91' lang='lat' dir='ltr'><strong>volo,</strong></span> <span class='ocrx_word' id='word_1_539' title='bbox 2484 1235 2542 1281; x_wconf 92' lang='lat' dir='ltr'><strong>ut</strong></span> <span class='ocrx_word' id='word_1_540' title='bbox 2584 1228 2766 1282; x_wconf 92' lang='lat' dir='ltr'><strong>dolore</strong></span> <span class='ocrx_word' id='word_1_541' title='bbox 2810 1240 3079 1295; x_wconf 89' lang='lat' dir='ltr'><strong>enecctur,</strong></span> <span class='ocrx_word' id='word_1_542' title='bbox 3110 1230 3238 1285; x_wconf 91' lang='lat' dir='ltr'><strong>dum</strong></span> <span class='ocrx_word' id='word_1_543' title='bbox 3283 1232 3360 1286; x_wconf 89' lang='lat' dir='ltr'><strong>la-</strong></span> 
     </span>
    </p>
   </div>
   <div class='ocr_carea' id='block_1_73' title="bbox 1784 1312 3359 1392">
    <p class='ocr_par' dir='ltr' id='par_1_73' title="bbox 1784 1312 3359 1392">
     <span class='ocr_line' id='line_1_73' title="bbox 1784 1312 3359 1392; baseline 0.007 -25"><span class='ocrx_word' id='word_1_544' title='bbox 1784 1312 1970 1369; x_wconf 89' lang='lat' dir='ltr'><strong>bentes</strong></span> <span class='ocrx_word' id='word_1_545' title='bbox 2003 1315 2213 1384; x_wconf 90' lang='lat' dir='ltr'><strong>quidem</strong></span> <span class='ocrx_word' id='word_1_546' title='bbox 2243 1317 2431 1382; x_wconf 90' lang='lat' dir='ltr'><strong>cernit,</strong></span> <span class='ocrx_word' id='word_1_547' title='bbox 2460 1317 2551 1371; x_wconf 91' lang='lat' dir='ltr'><strong>sed</strong></span> <span class='ocrx_word' id='word_1_548' title='bbox 2579 1318 2851 1387; x_wconf 87' lang='lat' dir='ltr'><strong>porrigere</strong></span> <span class='ocrx_word' id='word_1_549' title='bbox 2885 1335 3098 1375; x_wconf 89' lang='lat' dir='ltr'><strong>manum</strong></span> <span class='ocrx_word' id='word_1_550' title='bbox 3128 1338 3232 1377; x_wconf 92' lang='lat' dir='ltr'><strong>non</strong></span> <span class='ocrx_word' id='word_1_551' title='bbox 3260 1338 3359 1392; x_wconf 84' lang='lat' dir='ltr'><strong>po-</strong></span> 
     </span>
    </p>
   </div>
   <div class='ocr_carea' id='block_1_74' title="bbox 1787 1407 3357 1477">
    <p class='ocr_par' dir='ltr' id='par_1_74' title="bbox 1787 1407 3357 1477">
     <span class='ocr_line' id='line_1_74' title="bbox 1787 1407 3357 1477; baseline 0.008 -21"><span class='ocrx_word' id='word_1_552' title='bbox 1787 1412 1909 1469; x_wconf 90' lang='lat' dir='ltr'><strong>test,</strong></span> <span class='ocrx_word' id='word_1_553' title='bbox 1940 1419 2111 1474; x_wconf 87' lang='lat' dir='ltr'><strong>neque</strong></span> <span class='ocrx_word' id='word_1_554' title='bbox 2139 1421 2199 1459; x_wconf 88' lang='lat' dir='ltr'><strong>ea</strong></span> <span class='ocrx_word' id='word_1_555' title='bbox 2227 1421 2343 1475; x_wconf 63' lang='lat' dir='ltr'><strong>qua“:</strong></span> <span class='ocrx_word' id='word_1_556' title='bbox 2369 1407 2512 1476; x_wconf 91' lang='lat' dir='ltr'><strong>prius</strong></span> <span class='ocrx_word' id='word_1_557' title='bbox 2541 1416 2717 1476; x_wconf 90' lang='lat' dir='ltr'><strong>potest</strong></span> <span class='ocrx_word' id='word_1_558' title='bbox 2742 1409 3044 1477; x_wconf 87' lang='lat' dir='ltr'><strong>consulere,</strong></span> <span class='ocrx_word' id='word_1_559' title='bbox 3071 1422 3280 1468; x_wconf 82' lang='lat' dir='ltr'><strong>exsecta</strong></span> <span class='ocrx_word' id='word_1_560' title='bbox 3307 1415 3357 1469; x_wconf 91' lang='lat' dir='ltr'><strong>ei</strong></span> 
     </span>
    </p>
   </div>
   <div class='ocr_carea' id='block_1_75' title="bbox 1783 1494 2474 1567">
    <p class='ocr_par' dir='ltr' id='par_1_75' title="bbox 1783 1494 2474 1567">
     <span class='ocr_line' id='line_1_75' title="bbox 1783 1494 2474 1567; baseline 0.006 -19"><span class='ocrx_word' id='word_1_561' title='bbox 1783 1494 1941 1549; x_wconf 87' lang='lat' dir='ltr'><strong>simul</strong></span> <span class='ocrx_word' id='word_1_562' title='bbox 1969 1510 2099 1551; x_wconf 90' lang='lat' dir='ltr'><strong>voce</strong></span> <span class='ocrx_word' id='word_1_563' title='bbox 2125 1511 2247 1551; x_wconf 89' lang='lat' dir='ltr'><strong>cum</strong></span> <span class='ocrx_word' id='word_1_564' title='bbox 2276 1497 2474 1567; x_wconf 80' lang='lat' dir='ltr'><strong>lingua.</strong></span> 
     </span>
    </p>
   </div>
   <div class='ocr_carea' id='block_1_76' title="bbox 1854 1587 3358 1665">
    <p class='ocr_par' dir='ltr' id='par_1_76' title="bbox 1854 1587 3358 1665">
     <span class='ocr_line' id='line_1_76' title="bbox 1854 1587 3358 1665; baseline 0.007 -25"><span class='ocrx_word' id='word_1_565' title='bbox 1854 1587 2114 1643; x_wconf 82' lang='lat' dir='ltr'><strong>Romanus</strong></span> <span class='ocrx_word' id='word_1_566' title='bbox 2141 1599 2401 1660; x_wconf 83' lang='lat' dir='ltr'><strong>amputata</strong></span> <span class='ocrx_word' id='word_1_567' title='bbox 2422 1591 2596 1661; x_wconf 76' lang='lat' dir='ltr'><strong>lingua</strong></span> <span class='ocrx_word' id='word_1_568' title='bbox 2616 1593 2853 1661; x_wconf 80' lang='lat' dir='ltr'><strong>loquitur.</strong></span> <span class='ocrx_word' id='word_1_569' title='bbox 2870 1622 2943 1635; x_wconf 83' lang='lat'><strong>-</strong></span> <span class='ocrx_word' id='word_1_570' title='bbox 2962 1594 3065 1649; x_wconf 91' lang='lat' dir='ltr'><strong>Sed</strong></span> <span class='ocrx_word' id='word_1_571' title='bbox 3096 1596 3182 1665; x_wconf 88' lang='lat' dir='ltr'><strong>qui</strong></span> <span class='ocrx_word' id='word_1_572' title='bbox 3211 1611 3358 1650; x_wconf 86' lang='lat' dir='ltr'><strong>com-</strong></span> 
     </span>
    </p>
   </div>
   <div class='ocr_carea' id='block_1_77' title="bbox 1782 1678 3355 1756">
    <p class='ocr_par' dir='ltr' id='par_1_77' title="bbox 1782 1678 3355 1756">
     <span class='ocr_line' id='line_1_77' title="bbox 1782 1678 3355 1756; baseline 0.008 -26"><span class='ocrx_word' id='word_1_573' title='bbox 1782 1678 2062 1746; x_wconf 89' lang='lat' dir='ltr'><strong>prehendit</strong></span> <span class='ocrx_word' id='word_1_574' title='bbox 2088 1679 2354 1748; x_wconf 90' lang='lat' dir='ltr'><strong>sapientes</strong></span> <span class='ocrx_word' id='word_1_575' title='bbox 2388 1681 2441 1734; x_wconf 92' lang='lat' dir='ltr'><strong>in</strong></span> <span class='ocrx_word' id='word_1_576' title='bbox 2466 1683 2659 1737; x_wconf 88' lang='lat' dir='ltr'><strong>astutia</strong></span> <span class='ocrx_word' id='word_1_577' title='bbox 2682 1697 2868 1737; x_wconf 89' lang='lat' dir='ltr'><strong>eorum</strong></span> <span class='ocrx_word' id='word_1_578' title='bbox 2897 1683 2971 1756; x_wconf 87' lang='grc'><strong>(1.</strong></span> <span class='ocrx_word' id='word_1_579' title='bbox 3004 1684 3121 1740; x_wconf 88' lang='lat' dir='ltr'><strong>Cor.</strong></span> <span class='ocrx_word' id='word_1_580' title='bbox 3155 1688 3209 1741; x_wconf 85' lang='grc'><strong>5.</strong></span> <span class='ocrx_word' id='word_1_581' title='bbox 3243 1687 3355 1756; x_wconf 87' lang='lat' dir='ltr'><strong>l9),</strong></span> 
     </span>
    </p>
   </div>
   <div class='ocr_carea' id='block_1_78' title="bbox 1781 1767 3353 1845">
    <p class='ocr_par' dir='ltr' id='par_1_78' title="bbox 1781 1767 3353 1845">
     <span class='ocr_line' id='line_1_78' title="bbox 1781 1767 3353 1845; baseline 0.006 -25"><span class='ocrx_word' id='word_1_582' title='bbox 1781 1767 2058 1824; x_wconf 90' lang='lat' dir='ltr'><strong>inventum</strong></span> <span class='ocrx_word' id='word_1_583' title='bbox 2080 1769 2183 1825; x_wconf 89' lang='lat' dir='ltr'><strong>hoc</strong></span> <span class='ocrx_word' id='word_1_584' title='bbox 2224 1771 2277 1825; x_wconf 92' lang='lat' dir='ltr'><strong>in</strong></span> <span class='ocrx_word' id='word_1_585' title='bbox 2304 1772 2420 1840; x_wconf 88' lang='lat' dir='ltr'><strong>ejus</strong></span> <span class='ocrx_word' id='word_1_586' title='bbox 2453 1781 2611 1841; x_wconf 91' lang='lat' dir='ltr'><strong>caput</strong></span> <span class='ocrx_word' id='word_1_587' title='bbox 2642 1774 2905 1828; x_wconf 82' lang='lat' dir='ltr'><strong>convertit</strong></span> <span class='ocrx_word' id='word_1_588' title='bbox 2933 1792 2945 1827; x_wconf 90' lang='lat'><strong>:</strong></span> <span class='ocrx_word' id='word_1_589' title='bbox 2977 1790 3150 1845; x_wconf 87' lang='lat' dir='ltr'><strong>neque</strong></span> <span class='ocrx_word' id='word_1_590' title='bbox 3184 1778 3353 1830; x_wconf 88' lang='lat' dir='ltr'><strong>solum</strong></span> 
     </span>
    </p>
   </div>
   <div class='ocr_carea' id='block_1_79' title="bbox 1778 1860 3354 1936">
    <p class='ocr_par' dir='ltr' id='par_1_79' title="bbox 1778 1860 3354 1936">
     <span class='ocr_line' id='line_1_79' title="bbox 1778 1860 3354 1936; baseline 0.005 -22"><span class='ocrx_word' id='word_1_591' title='bbox 1778 1874 1872 1914; x_wconf 94' lang='lat' dir='ltr'><strong>eos</strong></span> <span class='ocrx_word' id='word_1_592' title='bbox 1898 1860 2120 1915; x_wconf 91' lang='lat' dir='ltr'><strong>consilio</strong></span> <span class='ocrx_word' id='word_1_593' title='bbox 2144 1876 2248 1916; x_wconf 91' lang='lat' dir='ltr'><strong>non</strong></span> <span class='ocrx_word' id='word_1_594' title='bbox 2279 1863 2524 1931; x_wconf 89' lang='lat' dir='ltr'><strong>privavit,</strong></span> <span class='ocrx_word' id='word_1_595' title='bbox 2553 1864 2650 1919; x_wconf 88' lang='lat' dir='ltr'><strong>sed</strong></span> <span class='ocrx_word' id='word_1_596' title='bbox 2679 1866 2838 1919; x_wconf 88' lang='lat' dir='ltr'><strong>etiam</strong></span> <span class='ocrx_word' id='word_1_597' title='bbox 2868 1875 2925 1920; x_wconf 91' lang='lat' dir='ltr'><strong>ut</strong></span> <span class='ocrx_word' id='word_1_598' title='bbox 2947 1868 3135 1936; x_wconf 90' lang='lat' dir='ltr'><strong>majori</strong></span> <span class='ocrx_word' id='word_1_599' title='bbox 3155 1867 3354 1922; x_wconf 89' lang='lat' dir='ltr'><strong>adhor-</strong></span> 
     </span>
    </p>
   </div>
   <div class='ocr_carea' id='block_1_80' title="bbox 1781 1952 3356 2027">
    <p class='ocr_par' dir='ltr' id='par_1_80' title="bbox 1781 1952 3356 2027">
     <span class='ocr_line' id='line_1_80' title="bbox 1781 1952 3356 2027; baseline 0.005 -20"><span class='ocrx_word' id='word_1_600' title='bbox 1781 1952 1979 2007; x_wconf 85' lang='lat' dir='ltr'><strong>tatione</strong></span> <span class='ocrx_word' id='word_1_601' title='bbox 2018 1952 2342 2021; x_wconf 86' lang='lat' dir='ltr'><strong>fruerentur,</strong></span> <span class='ocrx_word' id='word_1_602' title='bbox 2385 1954 2582 2022; x_wconf 79' lang='lat' dir='ltr'><strong>effecit,</strong></span> <span class='ocrx_word' id='word_1_603' title='bbox 2628 1956 2900 2026; x_wconf 85' lang='lat' dir='ltr'><strong>magisque</strong></span> <span class='ocrx_word' id='word_1_604' title='bbox 2941 1958 3226 2027; x_wconf 90' lang='lat' dir='ltr'><strong>spiritualis</strong></span> <span class='ocrx_word' id='word_1_605' title='bbox 3260 1960 3356 2015; x_wconf 85' lang='lat' dir='ltr'><strong>do-</strong></span> 
     </span>
    </p>
   </div>
   <div class='ocr_carea' id='block_1_81' title="bbox 1777 2046 3353 2115">
    <p class='ocr_par' dir='ltr' id='par_1_81' title="bbox 1777 2046 3353 2115">
     <span class='ocr_line' id='line_1_81' title="bbox 1777 2046 3353 2115; baseline 0.004 -18"><span class='ocrx_word' id='word_1_606' title='bbox 1777 2046 1963 2099; x_wconf 83' lang='lat' dir='ltr'><strong>ctrinae</strong></span> <span class='ocrx_word' id='word_1_607' title='bbox 1994 2046 2275 2115; x_wconf 89' lang='lat' dir='ltr'><strong>participes</strong></span> <span class='ocrx_word' id='word_1_608' title='bbox 2314 2054 2516 2101; x_wconf 91' lang='lat' dir='ltr'><strong>essent.</strong></span> <span class='ocrx_word' id='word_1_609' title='bbox 2549 2046 2683 2100; x_wconf 83' lang='lat' dir='ltr'><strong>Nam</strong></span> <span class='ocrx_word' id='word_1_610' title='bbox 2709 2062 2831 2101; x_wconf 90' lang='lat' dir='ltr'><strong>cum</strong></span> <span class='ocrx_word' id='word_1_611' title='bbox 2870 2047 2973 2101; x_wconf 87' lang='lat' dir='ltr'><strong>hoc</strong></span> <span class='ocrx_word' id='word_1_612' title='bbox 3016 2049 3353 2112; x_wconf 87' lang='lat' dir='ltr'><strong>obtinuisset,</strong></span> 
     </span>
    </p>
   </div>
   <div class='ocr_carea' id='block_1_82' title="bbox 1778 2133 3355 2209">
    <p class='ocr_par' dir='ltr' id='par_1_82' title="bbox 1778 2133 3355 2209">
     <span class='ocr_line' id='line_1_82' title="bbox 1778 2133 3355 2209; baseline 0.004 -24"><span class='ocrx_word' id='word_1_613' title='bbox 1778 2142 1997 2187; x_wconf 90' lang='lat' dir='ltr'><strong>vocatur</strong></span> <span class='ocrx_word' id='word_1_614' title='bbox 2023 2133 2091 2189; x_wconf 91' lang='lat' dir='ltr'><strong>de</strong></span> <span class='ocrx_word' id='word_1_615' title='bbox 2124 2143 2318 2189; x_wconf 66' lang='lat' dir='ltr'><strong>caetero</strong></span> <span class='ocrx_word' id='word_1_616' title='bbox 2347 2135 2584 2190; x_wconf 89' lang='lat' dir='ltr'><strong>medicus</strong></span> <span class='ocrx_word' id='word_1_617' title='bbox 2612 2136 2679 2189; x_wconf 91' lang='lat' dir='ltr'><strong>ad</strong></span> <span class='ocrx_word' id='word_1_618' title='bbox 2716 2137 3025 2204; x_wconf 89' lang='lat' dir='ltr'><strong>sectionem,</strong></span> <span class='ocrx_word' id='word_1_619' title='bbox 3076 2148 3131 2192; x_wconf 90' lang='lat' dir='ltr'><strong>et</strong></span> <span class='ocrx_word' id='word_1_620' title='bbox 3170 2138 3231 2193; x_wconf 87' lang='lat' dir='ltr'><strong>fit</strong></span> <span class='ocrx_word' id='word_1_621' title='bbox 3259 2155 3355 2209; x_wconf 92' lang='lat' dir='ltr'><strong>pro</strong></span> 
     </span>
    </p>
   </div>
   <div class='ocr_carea' id='block_1_83' title="bbox 1777 2226 3357 2299">
    <p class='ocr_par' dir='ltr' id='par_1_83' title="bbox 1777 2226 3357 2299">
     <span class='ocr_line' id='line_1_83' title="bbox 1777 2226 3357 2299; baseline 0.004 -20"><span class='ocrx_word' id='word_1_622' title='bbox 1777 2226 1984 2281; x_wconf 90' lang='lat' dir='ltr'><strong>medico</strong></span> <span class='ocrx_word' id='word_1_623' title='bbox 2013 2227 2277 2291; x_wconf 81' lang='lat' dir='ltr'><strong>carnifex;</strong></span> <span class='ocrx_word' id='word_1_624' title='bbox 2310 2242 2413 2282; x_wconf 92' lang='lat' dir='ltr'><strong>non</strong></span> <span class='ocrx_word' id='word_1_625' title='bbox 2456 2227 2509 2282; x_wconf 91' lang='lat' dir='ltr'><strong>id</strong></span> <span class='ocrx_word' id='word_1_626' title='bbox 2544 2228 2841 2299; x_wconf 89' lang='lat' dir='ltr'><strong>corrigens,</strong></span> <span class='ocrx_word' id='word_1_627' title='bbox 2873 2230 3014 2299; x_wconf 91' lang='lat' dir='ltr'><strong>quod</strong></span> <span class='ocrx_word' id='word_1_628' title='bbox 3058 2231 3245 2285; x_wconf 91' lang='lat' dir='ltr'><strong>morbo</strong></span> <span class='ocrx_word' id='word_1_629' title='bbox 3275 2232 3357 2285; x_wconf 85' lang='lat' dir='ltr'><strong>la-</strong></span> 
     </span>
    </p>
   </div>
   <div class='ocr_carea' id='block_1_84' title="bbox 1777 2316 3354 2391">
    <p class='ocr_par' dir='ltr' id='par_1_84' title="bbox 1777 2316 3354 2391">
     <span class='ocr_line' id='line_1_84' title="bbox 1777 2316 3354 2391; baseline 0.004 -20"><span class='ocrx_word' id='word_1_630' title='bbox 1777 2316 2018 2384; x_wconf 86' lang='lat' dir='ltr'><strong>borabat,</strong></span> <span class='ocrx_word' id='word_1_631' title='bbox 2059 2320 2378 2386; x_wconf 91' lang='lat' dir='ltr'><strong>membrum,</strong></span> <span class='ocrx_word' id='word_1_632' title='bbox 2416 2320 2510 2375; x_wconf 90' lang='lat' dir='ltr'><strong>sed</strong></span> <span class='ocrx_word' id='word_1_633' title='bbox 2550 2321 2693 2391; x_wconf 91' lang='lat' dir='ltr'><strong>quod</strong></span> <span class='ocrx_word' id='word_1_634' title='bbox 2728 2330 2844 2376; x_wconf 88' lang='lat' dir='ltr'><strong>erat</strong></span> <span class='ocrx_word' id='word_1_635' title='bbox 2880 2337 3067 2378; x_wconf 89' lang='lat' dir='ltr'><strong>sanum</strong></span> <span class='ocrx_word' id='word_1_636' title='bbox 3106 2338 3354 2378; x_wconf 81' lang='lat' dir='ltr'><strong>corrum-</strong></span> 
     </span>
    </p>
   </div>
   <div class='ocr_carea' id='block_1_85' title="bbox 1777 2412 3353 2481">
    <p class='ocr_par' dir='ltr' id='par_1_85' title="bbox 1777 2412 3353 2481">
     <span class='ocr_line' id='line_1_85' title="bbox 1777 2412 3353 2481; baseline 0.003 -17"><span class='ocrx_word' id='word_1_637' title='bbox 1777 2423 1936 2479; x_wconf 87' lang='lat' dir='ltr'><strong>pens;</strong></span> <span class='ocrx_word' id='word_1_638' title='bbox 1956 2418 2010 2464; x_wconf 91' lang='lat' dir='ltr'><strong>et</strong></span> <span class='ocrx_word' id='word_1_639' title='bbox 2031 2424 2152 2464; x_wconf 90' lang='lat' dir='ltr'><strong>cum</strong></span> <span class='ocrx_word' id='word_1_640' title='bbox 2174 2412 2402 2481; x_wconf 87' lang='lat' dir='ltr'><strong>linguam</strong></span> <span class='ocrx_word' id='word_1_641' title='bbox 2429 2414 2737 2480; x_wconf 84' lang='lat' dir='ltr'><strong>exemisset,</strong></span> <span class='ocrx_word' id='word_1_642' title='bbox 2764 2413 2919 2469; x_wconf 89' lang='lat' dir='ltr'><strong>simul</strong></span> <span class='ocrx_word' id='word_1_643' title='bbox 2936 2428 3054 2468; x_wconf 90' lang='lat' dir='ltr'><strong>cum</strong></span> <span class='ocrx_word' id='word_1_644' title='bbox 3084 2429 3145 2469; x_wconf 87' lang='lat' dir='ltr'><strong>ea</strong></span> <span class='ocrx_word' id='word_1_645' title='bbox 3165 2430 3353 2469; x_wconf 89' lang='lat' dir='ltr'><strong>vocem</strong></span> 
     </span>
    </p>
   </div>
   <div class='ocr_carea' id='block_1_86' title="bbox 1777 2499 3356 2575">
    <p class='ocr_par' dir='ltr' id='par_1_86' title="bbox 1777 2499 3356 2575">
     <span class='ocr_line' id='line_1_86' title="bbox 1777 2499 3356 2575; baseline 0.005 -23"><span class='ocrx_word' id='word_1_646' title='bbox 1777 2499 2011 2554; x_wconf 86' lang='lat' dir='ltr'><strong>eximere</strong></span> <span class='ocrx_word' id='word_1_647' title='bbox 2048 2500 2265 2555; x_wconf 90' lang='lat' dir='ltr'><strong>minime</strong></span> <span class='ocrx_word' id='word_1_648' title='bbox 2306 2501 2473 2569; x_wconf 88' lang='lat' dir='ltr'><strong>potuit</strong></span> <span class='ocrx_word' id='word_1_649' title='bbox 2502 2517 2515 2554; x_wconf 89' lang='lat'><strong>:</strong></span> <span class='ocrx_word' id='word_1_650' title='bbox 2544 2502 2640 2555; x_wconf 92' lang='lat' dir='ltr'><strong>sed</strong></span> <span class='ocrx_word' id='word_1_651' title='bbox 2688 2503 2864 2557; x_wconf 91' lang='lat' dir='ltr'><strong>carnis</strong></span> <span class='ocrx_word' id='word_1_652' title='bbox 2916 2504 3130 2573; x_wconf 89' lang='lat' dir='ltr'><strong>quidem</strong></span> <span class='ocrx_word' id='word_1_653' title='bbox 3179 2504 3356 2575; x_wconf 83' lang='lat' dir='ltr'><strong>lingua</strong></span> 
     </span>
    </p>
   </div>
   <div class='ocr_carea' id='block_1_87' title="bbox 1778 2589 3358 2664">
    <p class='ocr_par' dir='ltr' id='par_1_87' title="bbox 1778 2589 3358 2664">
     <span class='ocr_line' id='line_1_87' title="bbox 1778 2589 3358 2664; baseline 0.005 -21"><span class='ocrx_word' id='word_1_654' title='bbox 1778 2589 1875 2645; x_wconf 85' lang='lat' dir='ltr'><strong>fuit</strong></span> <span class='ocrx_word' id='word_1_655' title='bbox 1906 2592 2131 2657; x_wconf 88' lang='lat' dir='ltr'><strong>abscisa,</strong></span> <span class='ocrx_word' id='word_1_656' title='bbox 2162 2593 2336 2662; x_wconf 88' lang='lat' dir='ltr'><strong>lingua</strong></span> <span class='ocrx_word' id='word_1_657' title='bbox 2367 2604 2543 2648; x_wconf 87' lang='lat' dir='ltr'><strong>autem</strong></span> <span class='ocrx_word' id='word_1_658' title='bbox 2568 2594 2758 2650; x_wconf 72' lang='lat' dir='ltr'><strong>divina:</strong></span> <span class='ocrx_word' id='word_1_659' title='bbox 2787 2596 2972 2664; x_wconf 70' lang='lat' dir='ltr'><strong>gratiae</strong></span> <span class='ocrx_word' id='word_1_660' title='bbox 3002 2596 3066 2650; x_wconf 89' lang='lat' dir='ltr'><strong>ad</strong></span> <span class='ocrx_word' id='word_1_661' title='bbox 3090 2596 3229 2652; x_wconf 91' lang='lat' dir='ltr'><strong>beati</strong></span> <span class='ocrx_word' id='word_1_662' title='bbox 3251 2598 3358 2651; x_wconf 81' lang='lat' dir='ltr'><strong>Ro-</strong></span> 
     </span>
    </p>
   </div>
   <div class='ocr_carea' id='block_1_88' title="bbox 1778 2683 3353 2755">
    <p class='ocr_par' dir='ltr' id='par_1_88' title="bbox 1778 2683 3353 2755">
     <span class='ocr_line' id='line_1_88' title="bbox 1778 2683 3353 2755; baseline 0.004 -19"><span class='ocrx_word' id='word_1_663' title='bbox 1778 2684 1920 2737; x_wconf 87' lang='lat' dir='ltr'><strong>mani</strong></span> <span class='ocrx_word' id='word_1_664' title='bbox 1946 2697 2006 2737; x_wconf 92' lang='lat' dir='ltr'><strong>os</strong></span> <span class='ocrx_word' id='word_1_665' title='bbox 2036 2683 2336 2749; x_wconf 85' lang='lat' dir='ltr'><strong>advolavit;</strong></span> <span class='ocrx_word' id='word_1_666' title='bbox 2357 2694 2410 2739; x_wconf 90' lang='lat' dir='ltr'><strong>et</strong></span> <span class='ocrx_word' id='word_1_667' title='bbox 2436 2693 2617 2739; x_wconf 88' lang='lat' dir='ltr'><strong>natura</strong></span> <span class='ocrx_word' id='word_1_668' title='bbox 2637 2686 2847 2755; x_wconf 88' lang='lat' dir='ltr'><strong>quidem</strong></span> <span class='ocrx_word' id='word_1_669' title='bbox 2876 2687 3173 2741; x_wconf 86' lang='lat' dir='ltr'><strong>membrum</strong></span> <span class='ocrx_word' id='word_1_670' title='bbox 3200 2702 3353 2742; x_wconf 89' lang='lat' dir='ltr'><strong>suum</strong></span> 
     </span>
    </p>
   </div>
   <div class='ocr_carea' id='block_1_89' title="bbox 1779 2775 3357 2847">
    <p class='ocr_par' dir='ltr' id='par_1_89' title="bbox 1779 2775 3357 2847">
     <span class='ocr_line' id='line_1_89' title="bbox 1779 2775 3357 2847; baseline 0.003 -17"><span class='ocrx_word' id='word_1_671' title='bbox 1779 2775 1922 2831; x_wconf 84' lang='lat' dir='ltr'><strong>ferro</strong></span> <span class='ocrx_word' id='word_1_672' title='bbox 1949 2775 2003 2829; x_wconf 90' lang='lat' dir='ltr'><strong>id</strong></span> <span class='ocrx_word' id='word_1_673' title='bbox 2033 2785 2255 2845; x_wconf 88' lang='lat' dir='ltr'><strong>cogente</strong></span> <span class='ocrx_word' id='word_1_674' title='bbox 2283 2777 2477 2842; x_wconf 90' lang='lat' dir='ltr'><strong>amisit,</strong></span> <span class='ocrx_word' id='word_1_675' title='bbox 2508 2777 2601 2831; x_wconf 91' lang='lat' dir='ltr'><strong>Dei</strong></span> <span class='ocrx_word' id='word_1_676' title='bbox 2623 2787 2800 2832; x_wconf 88' lang='lat' dir='ltr'><strong>autem</strong></span> <span class='ocrx_word' id='word_1_677' title='bbox 2829 2778 2995 2847; x_wconf 87' lang='lat' dir='ltr'><strong>gratia</strong></span> <span class='ocrx_word' id='word_1_678' title='bbox 3022 2794 3141 2832; x_wconf 93' lang='lat' dir='ltr'><strong>cum</strong></span> <span class='ocrx_word' id='word_1_679' title='bbox 3168 2793 3230 2833; x_wconf 87' lang='lat' dir='ltr'><strong>ea</strong></span> <span class='ocrx_word' id='word_1_680' title='bbox 3264 2796 3357 2834; x_wconf 78' lang='lat' dir='ltr'><strong>ex-</strong></span> 
     </span>
    </p>
   </div>
   <div class='ocr_carea' id='block_1_90' title="bbox 1778 2866 3361 2925">
    <p class='ocr_par' dir='ltr' id='par_1_90' title="bbox 1778 2866 3361 2925">
     <span class='ocr_line' id='line_1_90' title="bbox 1778 2866 3361 2925; baseline 0.003 -5"><span class='ocrx_word' id='word_1_681' title='bbox 1778 2866 1956 2921; x_wconf 90' lang='lat' dir='ltr'><strong>cidere</strong></span> <span class='ocrx_word' id='word_1_682' title='bbox 1980 2881 2165 2921; x_wconf 88' lang='lat' dir='ltr'><strong>vocem</strong></span> <span class='ocrx_word' id='word_1_683' title='bbox 2196 2881 2301 2921; x_wconf 91' lang='lat' dir='ltr'><strong>non</strong></span> <span class='ocrx_word' id='word_1_684' title='bbox 2331 2867 2452 2920; x_wconf 88' lang='lat' dir='ltr'><strong>sivit</strong></span> <span class='ocrx_word' id='word_1_685' title='bbox 2482 2884 2494 2919; x_wconf 93' lang='lat'><strong>:</strong></span> <span class='ocrx_word' id='word_1_686' title='bbox 2526 2866 2667 2922; x_wconf 92' lang='lat' dir='ltr'><strong>unde</strong></span> <span class='ocrx_word' id='word_1_687' title='bbox 2696 2869 2855 2922; x_wconf 85' lang='lat' dir='ltr'><strong>etiam</strong></span> <span class='ocrx_word' id='word_1_688' title='bbox 2883 2868 2949 2923; x_wconf 91' lang='lat' dir='ltr'><strong>de</strong></span> <span class='ocrx_word' id='word_1_689' title='bbox 2973 2878 3168 2925; x_wconf 72' lang='lat' dir='ltr'><strong>caetero</strong></span> <span class='ocrx_word' id='word_1_690' title='bbox 3197 2871 3361 2925; x_wconf 84' lang='lat' dir='ltr'><strong>disci-</strong></span> 
     </span>
    </p>
   </div>
   <div class='ocr_carea' id='block_1_91' title="bbox 1779 2958 3356 3029">
    <p class='ocr_par' dir='ltr' id='par_1_91' title="bbox 1779 2958 3356 3029">
     <span class='ocr_line' id='line_1_91' title="bbox 1779 2958 3356 3029; baseline 0.003 -18"><span class='ocrx_word' id='word_1_691' title='bbox 1779 2958 1885 3027; x_wconf 93' lang='lat' dir='ltr'><strong>puli</strong></span> <span class='ocrx_word' id='word_1_692' title='bbox 1933 2958 2100 3028; x_wconf 88' lang='lat' dir='ltr'><strong>magis</strong></span> <span class='ocrx_word' id='word_1_693' title='bbox 2148 2959 2410 3028; x_wconf 88' lang='lat' dir='ltr'><strong>spirituali</strong></span> <span class='ocrx_word' id='word_1_694' title='bbox 2460 2958 2700 3014; x_wconf 85' lang='lat' dir='ltr'><strong>doctrina</strong></span> <span class='ocrx_word' id='word_1_695' title='bbox 2747 2958 3077 3029; x_wconf 86' lang='lat' dir='ltr'><strong>fruebantur,</strong></span> <span class='ocrx_word' id='word_1_696' title='bbox 3108 2977 3213 3017; x_wconf 89' lang='lat' dir='ltr'><strong>non</strong></span> <span class='ocrx_word' id='word_1_697' title='bbox 3253 2963 3356 3016; x_wconf 84' lang='lat' dir='ltr'><strong>hu-</strong></span> 
     </span>
    </p>
   </div>
   <div class='ocr_carea' id='block_1_92' title="bbox 1780 3052 3356 3122">
    <p class='ocr_par' dir='ltr' id='par_1_92' title="bbox 1780 3052 3356 3122">
     <span class='ocr_line' id='line_1_92' title="bbox 1780 3052 3356 3122; baseline 0.004 -17"><span class='ocrx_word' id='word_1_698' title='bbox 1780 3066 1935 3105; x_wconf 90' lang='lat' dir='ltr'><strong>mana</strong></span> <span class='ocrx_word' id='word_1_699' title='bbox 1972 3066 2123 3117; x_wconf 88' lang='lat' dir='ltr'><strong>voce,</strong></span> <span class='ocrx_word' id='word_1_700' title='bbox 2169 3052 2467 3121; x_wconf 88' lang='lat' dir='ltr'><strong>cujusmodi</strong></span> <span class='ocrx_word' id='word_1_701' title='bbox 2510 3053 2678 3122; x_wconf 92' lang='lat' dir='ltr'><strong>prius,</strong></span> <span class='ocrx_word' id='word_1_702' title='bbox 2707 3052 2867 3108; x_wconf 89' lang='lat' dir='ltr'><strong>verba</strong></span> <span class='ocrx_word' id='word_1_703' title='bbox 2920 3054 3216 3122; x_wconf 88' lang='lat' dir='ltr'><strong>audientes,</strong></span> <span class='ocrx_word' id='word_1_704' title='bbox 3261 3056 3356 3111; x_wconf 87' lang='lat' dir='ltr'><strong>sed</strong></span> 
     </span>
    </p>
   </div>
   <div class='ocr_carea' id='block_1_93' title="bbox 1780 3144 3354 3215">
    <p class='ocr_par' dir='ltr' id='par_1_93' title="bbox 1780 3144 3354 3215">
     <span class='ocr_line' id='line_1_93' title="bbox 1780 3144 3354 3215; baseline 0.001 -16"><span class='ocrx_word' id='word_1_705' title='bbox 1780 3144 1953 3199; x_wconf 84' lang='lat' dir='ltr'><strong>divina</strong></span> <span class='ocrx_word' id='word_1_706' title='bbox 1984 3144 2211 3215; x_wconf 87' lang='lat' dir='ltr'><strong>quadam</strong></span> <span class='ocrx_word' id='word_1_707' title='bbox 2238 3154 2293 3199; x_wconf 90' lang='lat' dir='ltr'><strong>et</strong></span> <span class='ocrx_word' id='word_1_708' title='bbox 2334 3144 2580 3214; x_wconf 89' lang='lat' dir='ltr'><strong>spiritali,</strong></span> <span class='ocrx_word' id='word_1_709' title='bbox 2626 3153 2679 3199; x_wconf 89' lang='lat' dir='ltr'><strong>et</strong></span> <span class='ocrx_word' id='word_1_710' title='bbox 2700 3160 2817 3215; x_wconf 83' lang='lat' dir='ltr'><strong>quae</strong></span> <span class='ocrx_word' id='word_1_711' title='bbox 2847 3156 3087 3201; x_wconf 90' lang='lat' dir='ltr'><strong>naturam</strong></span> <span class='ocrx_word' id='word_1_712' title='bbox 3119 3157 3354 3202; x_wconf 91' lang='lat' dir='ltr'><strong>nostram</strong></span> 
     </span>
    </p>
   </div>
   <div class='ocr_carea' id='block_1_94' title="bbox 1781 3234 3353 3307">
    <p class='ocr_par' dir='ltr' id='par_1_94' title="bbox 1781 3234 3353 3307">
     <span class='ocr_line' id='line_1_94' title="bbox 1781 3234 3353 3307; baseline 0.001 -18"><span class='ocrx_word' id='word_1_713' title='bbox 1781 3234 2068 3303; x_wconf 88' lang='lat' dir='ltr'><strong>superabat</strong></span> <span class='ocrx_word' id='word_1_714' title='bbox 2098 3250 2112 3288; x_wconf 88' lang='lat'><strong><em>:</em></strong></span> <span class='ocrx_word' id='word_1_715' title='bbox 2139 3243 2194 3289; x_wconf 88' lang='lat' dir='ltr'><strong>et</strong></span> <span class='ocrx_word' id='word_1_716' title='bbox 2227 3235 2616 3289; x_wconf 89' lang='lat' dir='ltr'><strong>concurrebant</strong></span> <span class='ocrx_word' id='word_1_717' title='bbox 2651 3250 2861 3302; x_wconf 89' lang='lat' dir='ltr'><strong>omnes,</strong></span> <span class='ocrx_word' id='word_1_718' title='bbox 2901 3251 3133 3306; x_wconf 87' lang='lat' dir='ltr'><strong>superne</strong></span> <span class='ocrx_word' id='word_1_719' title='bbox 3160 3238 3353 3307; x_wconf 87' lang='lat' dir='ltr'><strong>angeli,</strong></span> 
     </span>
    </p>
   </div>
   <div class='ocr_carea' id='block_1_95' title="bbox 1782 3324 3360 3399">
    <p class='ocr_par' dir='ltr' id='par_1_95' title="bbox 1782 3324 3360 3399">
     <span class='ocr_line' id='line_1_95' title="bbox 1782 3324 3360 3399; baseline 0.004 -20"><span class='ocrx_word' id='word_1_720' title='bbox 1782 3324 1986 3380; x_wconf 90' lang='lat' dir='ltr'><strong>inferne</strong></span> <span class='ocrx_word' id='word_1_721' title='bbox 2022 3325 2285 3390; x_wconf 90' lang='lat' dir='ltr'><strong>homines,</strong></span> <span class='ocrx_word' id='word_1_722' title='bbox 2334 3326 2695 3395; x_wconf 88' lang='lat' dir='ltr'><strong>unusquisque</strong></span> <span class='ocrx_word' id='word_1_723' title='bbox 2728 3341 2790 3381; x_wconf 92' lang='lat' dir='ltr'><strong>os</strong></span> <span class='ocrx_word' id='word_1_724' title='bbox 2816 3329 2932 3381; x_wconf 91' lang='lat' dir='ltr'><strong>sine</strong></span> <span class='ocrx_word' id='word_1_725' title='bbox 2974 3328 3151 3399; x_wconf 88' lang='lat' dir='ltr'><strong>lingua</strong></span> <span class='ocrx_word' id='word_1_726' title='bbox 3178 3329 3360 3385; x_wconf 88' lang='lat' dir='ltr'><strong>videre</strong></span> 
     </span>
    </p>
   </div>
   <div class='ocr_carea' id='block_1_96' title="bbox 1781 3416 3361 3487">
    <p class='ocr_par' dir='ltr' id='par_1_96' title="bbox 1781 3416 3361 3487">
     <span class='ocr_line' id='line_1_96' title="bbox 1781 3416 3361 3487; baseline 0.003 -15"><span class='ocrx_word' id='word_1_727' title='bbox 1781 3417 2076 3486; x_wconf 91' lang='lat' dir='ltr'><strong>cupientes,</strong></span> <span class='ocrx_word' id='word_1_728' title='bbox 2106 3425 2162 3472; x_wconf 87' lang='lat' dir='ltr'><strong>et</strong></span> <span class='ocrx_word' id='word_1_729' title='bbox 2184 3416 2369 3472; x_wconf 87' lang='lat' dir='ltr'><strong>audire</strong></span> <span class='ocrx_word' id='word_1_730' title='bbox 2396 3417 2475 3471; x_wconf 88' lang='lat' dir='ltr'><strong>sic</strong></span> <span class='ocrx_word' id='word_1_731' title='bbox 2512 3418 2836 3487; x_wconf 86' lang='lat' dir='ltr'><strong>loquentem.</strong></span> <span class='ocrx_word' id='word_1_732' title='bbox 2866 3420 2992 3473; x_wconf 88' lang='lat' dir='ltr'><strong>Erat</strong></span> <span class='ocrx_word' id='word_1_733' title='bbox 3013 3421 3155 3474; x_wconf 90' lang='lat' dir='ltr'><strong>enim</strong></span> <span class='ocrx_word' id='word_1_734' title='bbox 3177 3436 3361 3476; x_wconf 87' lang='lat' dir='ltr'><strong>revera</strong></span> 
     </span>
    </p>
   </div>
   <div class='ocr_carea' id='block_1_97' title="bbox 1786 3508 3356 3584">
    <p class='ocr_par' dir='ltr' id='par_1_97' title="bbox 1786 3508 3356 3584">
     <span class='ocr_line' id='line_1_97' title="bbox 1786 3508 3356 3584; baseline 0.004 -22"><span class='ocrx_word' id='word_1_735' title='bbox 1786 3508 2099 3564; x_wconf 87' lang='lat' dir='ltr'><strong>admirabile</strong></span> <span class='ocrx_word' id='word_1_736' title='bbox 2144 3517 2200 3565; x_wconf 93' lang='lat' dir='ltr'><strong>et</strong></span> <span class='ocrx_word' id='word_1_737' title='bbox 2236 3517 2430 3580; x_wconf 67' lang='lat' dir='ltr'><strong>praeter</strong></span> <span class='ocrx_word' id='word_1_738' title='bbox 2465 3509 2791 3579; x_wconf 89' lang='lat' dir='ltr'><strong>opinionem,</strong></span> <span class='ocrx_word' id='word_1_739' title='bbox 2836 3526 2898 3566; x_wconf 91' lang='lat' dir='ltr'><strong>os</strong></span> <span class='ocrx_word' id='word_1_740' title='bbox 2931 3511 3132 3582; x_wconf 90' lang='lat' dir='ltr'><strong>absque</strong></span> <span class='ocrx_word' id='word_1_741' title='bbox 3178 3513 3356 3584; x_wconf 87' lang='lat' dir='ltr'><strong>lingua</strong></span> 
     </span>
    </p>
   </div>
   <div class='ocr_carea' id='block_1_98' title="bbox 1781 3597 3364 3672">
    <p class='ocr_par' dir='ltr' id='par_1_98' title="bbox 1781 3597 3364 3672">
     <span class='ocr_line' id='line_1_98' title="bbox 1781 3597 3364 3672; baseline 0.004 -19"><span class='ocrx_word' id='word_1_742' title='bbox 1781 3598 1944 3653; x_wconf 89' lang='lat' dir='ltr'><strong>verba</strong></span> <span class='ocrx_word' id='word_1_743' title='bbox 1973 3597 2189 3665; x_wconf 88' lang='lat' dir='ltr'><strong>faciens,</strong></span> <span class='ocrx_word' id='word_1_744' title='bbox 2221 3598 2433 3654; x_wconf 88' lang='lat' dir='ltr'><strong>diabolo</strong></span> <span class='ocrx_word' id='word_1_745' title='bbox 2459 3599 2671 3670; x_wconf 89' lang='lat' dir='ltr'><strong>quidem</strong></span> <span class='ocrx_word' id='word_1_746' title='bbox 2699 3617 2947 3672; x_wconf 84' lang='lat' dir='ltr'><strong>magnum</strong></span> <span class='ocrx_word' id='word_1_747' title='bbox 2979 3602 3210 3658; x_wconf 91' lang='lat' dir='ltr'><strong>dedecus</strong></span> <span class='ocrx_word' id='word_1_748' title='bbox 3233 3604 3364 3659; x_wconf 72' lang='lat' dir='ltr'><strong>affe-</strong></span> 
     </span>
    </p>
   </div>
   <div class='ocr_carea' id='block_1_99' title="bbox 1785 3689 3364 3764">
    <p class='ocr_par' dir='ltr' id='par_1_99' title="bbox 1785 3689 3364 3764">
     <span class='ocr_line' id='line_1_99' title="bbox 1785 3689 3364 3764; baseline 0.003 -21"><span class='ocrx_word' id='word_1_749' title='bbox 1785 3703 1933 3756; x_wconf 89' lang='lat' dir='ltr'><strong>rens,</strong></span> <span class='ocrx_word' id='word_1_750' title='bbox 1986 3689 2208 3761; x_wconf 85' lang='lat' dir='ltr'><strong>martyri</strong></span> <span class='ocrx_word' id='word_1_751' title='bbox 2256 3697 2433 3744; x_wconf 89' lang='lat' dir='ltr'><strong>autem</strong></span> <span class='ocrx_word' id='word_1_752' title='bbox 2475 3690 2742 3760; x_wconf 88' lang='lat' dir='ltr'><strong>ingentem</strong></span> <span class='ocrx_word' id='word_1_753' title='bbox 2798 3693 3045 3762; x_wconf 85' lang='lat' dir='ltr'><strong>gloriam,</strong></span> <span class='ocrx_word' id='word_1_754' title='bbox 3089 3694 3364 3764; x_wconf 83' lang='lat' dir='ltr'><strong>discipulis</strong></span> 
     </span>
    </p>
   </div>
   <div class='ocr_carea' id='block_1_100' title="bbox 1785 3778 3361 3854">
    <p class='ocr_par' dir='ltr' id='par_1_100' title="bbox 1785 3778 3361 3854">
     <span class='ocr_line' id='line_1_100' title="bbox 1785 3778 3361 3854; baseline 0.004 -22"><span class='ocrx_word' id='word_1_755' title='bbox 1785 3794 1917 3834; x_wconf 90' lang='lat' dir='ltr'><strong>vero</strong></span> <span class='ocrx_word' id='word_1_756' title='bbox 1945 3778 2227 3849; x_wconf 88' lang='lat' dir='ltr'><strong>plurimam</strong></span> <span class='ocrx_word' id='word_1_757' title='bbox 2260 3781 2677 3837; x_wconf 90' lang='lat' dir='ltr'><strong>consolationem</strong></span> <span class='ocrx_word' id='word_1_758' title='bbox 2707 3790 2761 3836; x_wconf 91' lang='lat' dir='ltr'><strong>et</strong></span> <span class='ocrx_word' id='word_1_759' title='bbox 2783 3784 3049 3852; x_wconf 72' lang='lat' dir='ltr'><strong>patientiae</strong></span> <span class='ocrx_word' id='word_1_760' title='bbox 3076 3798 3361 3854; x_wconf 65' lang='lat' dir='ltr'><strong>argumem</strong></span> 
     </span>
    </p>
   </div>
   <div class='ocr_carea' id='block_1_101' title="bbox 1786 3870 3361 3943">
    <p class='ocr_par' dir='ltr' id='par_1_101' title="bbox 1786 3870 3361 3943">
     <span class='ocr_line' id='line_1_101' title="bbox 1786 3870 3361 3943; baseline 0.001 -17"><span class='ocrx_word' id='word_1_761' title='bbox 1786 3880 1916 3926; x_wconf 93' lang='lat' dir='ltr'><strong>tum.</strong></span> <span class='ocrx_word' id='word_1_762' title='bbox 1954 3870 2052 3926; x_wconf 84' lang='lat' dir='ltr'><strong>Hic</strong></span> <span class='ocrx_word' id='word_1_763' title='bbox 2088 3872 2233 3926; x_wconf 89' lang='lat' dir='ltr'><strong>enim</strong></span> <span class='ocrx_word' id='word_1_764' title='bbox 2275 3872 2385 3927; x_wconf 91' lang='lat' dir='ltr'><strong>Deo</strong></span> <span class='ocrx_word' id='word_1_765' title='bbox 2410 3886 2526 3927; x_wconf 89' lang='lat' dir='ltr'><strong>mos</strong></span> <span class='ocrx_word' id='word_1_766' title='bbox 2570 3881 2652 3927; x_wconf 90' lang='lat' dir='ltr'><strong>est</strong></span> <span class='ocrx_word' id='word_1_767' title='bbox 2689 3871 2893 3942; x_wconf 89' lang='lat' dir='ltr'><strong>jamdiu</strong></span> <span class='ocrx_word' id='word_1_768' title='bbox 2928 3882 2983 3928; x_wconf 92' lang='lat' dir='ltr'><strong>et</strong></span> <span class='ocrx_word' id='word_1_769' title='bbox 3023 3888 3053 3926; x_wconf 90' lang='lat' dir='ltr'><strong>a</strong></span> <span class='ocrx_word' id='word_1_770' title='bbox 3083 3875 3361 3943; x_wconf 89' lang='lat' dir='ltr'><strong>principio,</strong></span> 
     </span>
    </p>
   </div>
   <div class='ocr_carea' id='block_1_102' title="bbox 1786 3962 3363 4033">
    <p class='ocr_par' dir='ltr' id='par_1_102' title="bbox 1786 3962 3363 4033">
     <span class='ocr_line' id='line_1_102' title="bbox 1786 3962 3363 4033; baseline 0.002 -17"><span class='ocrx_word' id='word_1_771' title='bbox 1786 3976 2134 4033; x_wconf 84' lang='lat' dir='ltr'><strong>quaecumque</strong></span> <span class='ocrx_word' id='word_1_772' title='bbox 2174 3970 2357 4017; x_wconf 90' lang='lat' dir='ltr'><strong>contra</strong></span> <span class='ocrx_word' id='word_1_773' title='bbox 2384 3977 2482 4017; x_wconf 90' lang='lat' dir='ltr'><strong>nos</strong></span> <span class='ocrx_word' id='word_1_774' title='bbox 2507 3962 2749 4018; x_wconf 88' lang='lat' dir='ltr'><strong>diabolus</strong></span> <span class='ocrx_word' id='word_1_775' title='bbox 2782 3964 3185 4032; x_wconf 88' lang='lat' dir='ltr'><strong>consarcinarit,</strong></span> <span class='ocrx_word' id='word_1_776' title='bbox 3218 3980 3278 4020; x_wconf 91' lang='lat' dir='ltr'><strong>ea</strong></span> <span class='ocrx_word' id='word_1_777' title='bbox 3307 3965 3363 4019; x_wconf 93' lang='lat' dir='ltr'><strong>in</strong></span> 
     </span>
    </p>
   </div>
   <div class='ocr_carea' id='block_1_103' title="bbox 1785 4052 3366 4122">
    <p class='ocr_par' dir='ltr' id='par_1_103' title="bbox 1785 4052 3366 4122">
     <span class='ocr_line' id='line_1_103' title="bbox 1785 4052 3366 4122; baseline 0.003 -15"><span class='ocrx_word' id='word_1_778' title='bbox 1785 4062 1943 4122; x_wconf 90' lang='lat' dir='ltr'><strong>caput</strong></span> <span class='ocrx_word' id='word_1_779' title='bbox 1966 4052 2105 4108; x_wconf 90' lang='lat' dir='ltr'><strong>illius</strong></span> <span class='ocrx_word' id='word_1_780' title='bbox 2130 4063 2445 4107; x_wconf 86' lang='lat' dir='ltr'><strong>convertere</strong></span> <span class='ocrx_word' id='word_1_781' title='bbox 2470 4093 2485 4117; x_wconf 90' lang='lat'><strong>,</strong></span> <span class='ocrx_word' id='word_1_782' title='bbox 2526 4061 2583 4107; x_wconf 91' lang='lat' dir='ltr'><strong>et</strong></span> <span class='ocrx_word' id='word_1_783' title='bbox 2620 4053 2686 4107; x_wconf 88' lang='lat' dir='ltr'><strong>ad</strong></span> <span class='ocrx_word' id='word_1_784' title='bbox 2712 4053 2939 4109; x_wconf 89' lang='lat' dir='ltr'><strong>salutem</strong></span> <span class='ocrx_word' id='word_1_785' title='bbox 2975 4064 3211 4109; x_wconf 91' lang='lat' dir='ltr'><strong>nostram</strong></span> <span class='ocrx_word' id='word_1_786' title='bbox 3242 4057 3366 4111; x_wconf 86' lang='lat' dir='ltr'><strong>red-</strong></span> 
     </span>
    </p>
   </div>
   <div class='ocr_carea' id='block_1_104' title="bbox 1786 4141 3365 4217">
    <p class='ocr_par' dir='ltr' id='par_1_104' title="bbox 1786 4141 3365 4217">
     <span class='ocr_line' id='line_1_104' title="bbox 1786 4141 3365 4217; baseline 0.003 -21"><span class='ocrx_word' id='word_1_787' title='bbox 1786 4142 1951 4212; x_wconf 87' lang='lat' dir='ltr'><strong>igere.</strong></span> <span class='ocrx_word' id='word_1_788' title='bbox 1974 4142 2099 4196; x_wconf 87' lang='lat' dir='ltr'><strong>Mihi</strong></span> <span class='ocrx_word' id='word_1_789' title='bbox 2125 4150 2301 4197; x_wconf 89' lang='lat' dir='ltr'><strong>autem</strong></span> <span class='ocrx_word' id='word_1_790' title='bbox 2324 4141 2427 4197; x_wconf 92' lang='lat' dir='ltr'><strong>hoc</strong></span> <span class='ocrx_word' id='word_1_791' title='bbox 2456 4142 2734 4197; x_wconf 89' lang='lat' dir='ltr'><strong>considera</strong></span> <span class='ocrx_word' id='word_1_792' title='bbox 2762 4160 2775 4197; x_wconf 91' lang='lat'><strong>:</strong></span> <span class='ocrx_word' id='word_1_793' title='bbox 2801 4144 2889 4197; x_wconf 77' lang='lat' dir='ltr'><strong>ille</strong></span> <span class='ocrx_word' id='word_1_794' title='bbox 2911 4144 3178 4201; x_wconf 87' lang='lat' dir='ltr'><strong>hominem</strong></span> <span class='ocrx_word' id='word_1_795' title='bbox 3208 4162 3239 4202; x_wconf 93' lang='lat' dir='ltr'><strong>e</strong></span> <span class='ocrx_word' id='word_1_796' title='bbox 3269 4162 3365 4217; x_wconf 87' lang='lat' dir='ltr'><strong>pa-</strong></span> 
     </span>
    </p>
   </div>
   <div class='ocr_carea' id='block_1_105' title="bbox 1785 4232 3364 4306">
    <p class='ocr_par' dir='ltr' id='par_1_105' title="bbox 1785 4232 3364 4306">
     <span class='ocr_line' id='line_1_105' title="bbox 1785 4232 3364 4306; baseline 0.003 -18"><span class='ocrx_word' id='word_1_797' title='bbox 1785 4232 1964 4288; x_wconf 86' lang='lat' dir='ltr'><strong>radiso</strong></span> <span class='ocrx_word' id='word_1_798' title='bbox 1994 4232 2167 4302; x_wconf 82' lang='lat' dir='ltr'><strong>ejecit,</strong></span> <span class='ocrx_word' id='word_1_799' title='bbox 2195 4242 2250 4286; x_wconf 90' lang='lat' dir='ltr'><strong>et</strong></span> <span class='ocrx_word' id='word_1_800' title='bbox 2275 4232 2415 4287; x_wconf 90' lang='lat' dir='ltr'><strong>Deus</strong></span> <span class='ocrx_word' id='word_1_801' title='bbox 2444 4232 2519 4286; x_wconf 90' lang='lat' dir='ltr'><strong>illi</strong></span> <span class='ocrx_word' id='word_1_802' title='bbox 2546 4232 2735 4287; x_wconf 69' lang='lat' dir='ltr'><strong>cadum</strong></span> <span class='ocrx_word' id='word_1_803' title='bbox 2783 4236 2989 4304; x_wconf 88' lang='lat' dir='ltr'><strong>aperuit</strong></span> <span class='ocrx_word' id='word_1_804' title='bbox 3018 4254 3030 4289; x_wconf 90' lang='lat'>:</span> <span class='ocrx_word' id='word_1_805' title='bbox 3064 4237 3152 4291; x_wconf 89' lang='lat' dir='ltr'><strong>ille</strong></span> <span class='ocrx_word' id='word_1_806' title='bbox 3190 4238 3364 4306; x_wconf 91' lang='lat' dir='ltr'><strong>ipsum</strong></span> 
     </span>
    </p>
   </div>
   <div class='ocr_carea' id='block_1_106' title="bbox 1788 4323 3366 4398">
    <p class='ocr_par' dir='ltr' id='par_1_106' title="bbox 1788 4323 3366 4398">
     <span class='ocr_line' id='line_1_106' title="bbox 1788 4323 3366 4398; baseline 0.003 -20"><span class='ocrx_word' id='word_1_807' title='bbox 1788 4323 1989 4393; x_wconf 90' lang='lat' dir='ltr'><strong>expulit</strong></span> <span class='ocrx_word' id='word_1_808' title='bbox 2024 4339 2091 4377; x_wconf 87' lang='lat' dir='ltr'><strong>ex</strong></span> <span class='ocrx_word' id='word_1_809' title='bbox 2129 4323 2353 4393; x_wconf 90' lang='lat' dir='ltr'><strong>imperio</strong></span> <span class='ocrx_word' id='word_1_810' title='bbox 2394 4333 2629 4391; x_wconf 87' lang='lat' dir='ltr'><strong>terreno,</strong></span> <span class='ocrx_word' id='word_1_811' title='bbox 2662 4324 2801 4380; x_wconf 91' lang='lat' dir='ltr'><strong>Deus</strong></span> <span class='ocrx_word' id='word_1_812' title='bbox 2830 4337 3007 4381; x_wconf 91' lang='lat' dir='ltr'><strong>autem</strong></span> <span class='ocrx_word' id='word_1_813' title='bbox 3053 4342 3273 4398; x_wconf 84' lang='lat' dir='ltr'><strong>regnum</strong></span> <span class='ocrx_word' id='word_1_814' title='bbox 3316 4330 3366 4383; x_wconf 94' lang='lat' dir='ltr'><strong>ei</strong></span> 
     </span>
    </p>
   </div>
   <div class='ocr_carea' id='block_1_107' title="bbox 1787 4415 3362 4488">
    <p class='ocr_par' dir='ltr' id='par_1_107' title="bbox 1787 4415 3362 4488">
     <span class='ocr_line' id='line_1_107' title="bbox 1787 4415 3362 4488; baseline 0.003 -17"><span class='ocrx_word' id='word_1_815' title='bbox 1787 4417 2037 4471; x_wconf 87' lang='lat' dir='ltr'><strong>caelorum</strong></span> <span class='ocrx_word' id='word_1_816' title='bbox 2064 4415 2229 4481; x_wconf 90' lang='lat' dir='ltr'><strong>dedit,</strong></span> <span class='ocrx_word' id='word_1_817' title='bbox 2261 4426 2315 4471; x_wconf 92' lang='lat' dir='ltr'><strong>et</strong></span> <span class='ocrx_word' id='word_1_818' title='bbox 2352 4417 2404 4471; x_wconf 91' lang='lat' dir='ltr'><strong>in</strong></span> <span class='ocrx_word' id='word_1_819' title='bbox 2438 4416 2631 4472; x_wconf 85' lang='lat' dir='ltr'><strong>throno</strong></span> <span class='ocrx_word' id='word_1_820' title='bbox 2674 4418 2823 4488; x_wconf 88' lang='lat' dir='ltr'><strong>regio</strong></span> <span class='ocrx_word' id='word_1_821' title='bbox 2853 4427 3095 4474; x_wconf 89' lang='lat' dir='ltr'><strong>naturam</strong></span> <span class='ocrx_word' id='word_1_822' title='bbox 3122 4430 3362 4475; x_wconf 90' lang='lat' dir='ltr'><strong>nostram</strong></span> 
     </span>
    </p>
   </div>
   <div class='ocr_carea' id='block_1_108' title="bbox 1788 4508 3365 4579">
    <p class='ocr_par' dir='ltr' id='par_1_108' title="bbox 1788 4508 3365 4579">
     <span class='ocr_line' id='line_1_108' title="bbox 1788 4508 3365 4579; baseline -0.001 -15"><span class='ocrx_word' id='word_1_823' title='bbox 1788 4509 2085 4564; x_wconf 88' lang='lat' dir='ltr'><strong>collocavit.</strong></span> <span class='ocrx_word' id='word_1_824' title='bbox 2156 4510 2245 4564; x_wconf 90' lang='lat' dir='ltr'><strong>Sic</strong></span> <span class='ocrx_word' id='word_1_825' title='bbox 2289 4508 2429 4564; x_wconf 89' lang='lat' dir='ltr'><strong>dona</strong></span> <span class='ocrx_word' id='word_1_826' title='bbox 2472 4524 2686 4579; x_wconf 89' lang='lat' dir='ltr'><strong>semper</strong></span> <span class='ocrx_word' id='word_1_827' title='bbox 2723 4510 2928 4579; x_wconf 88' lang='lat' dir='ltr'><strong>majora</strong></span> <span class='ocrx_word' id='word_1_828' title='bbox 2966 4511 3106 4565; x_wconf 86' lang='lat' dir='ltr'><strong>Deus</strong></span> <span class='ocrx_word' id='word_1_829' title='bbox 3146 4512 3210 4566; x_wconf 90' lang='lat' dir='ltr'><strong>iis</strong></span> <span class='ocrx_word' id='word_1_830' title='bbox 3253 4515 3365 4577; x_wconf 89' lang='lat' dir='ltr'><strong>dat,</strong></span> 
     </span>
    </p>
   </div>
   <div class='ocr_carea' id='block_1_109' title="bbox 1788 4599 3361 4670">
    <p class='ocr_par' dir='ltr' id='par_1_109' title="bbox 1788 4599 3361 4670">
     <span class='ocr_line' id='line_1_109' title="bbox 1788 4599 3361 4670; baseline 0.003 -17"><span class='ocrx_word' id='word_1_831' title='bbox 1788 4599 1978 4669; x_wconf 90' lang='lat' dir='ltr'><strong>quibus</strong></span> <span class='ocrx_word' id='word_1_832' title='bbox 2003 4600 2247 4656; x_wconf 91' lang='lat' dir='ltr'><strong>diabolus</strong></span> <span class='ocrx_word' id='word_1_833' title='bbox 2271 4600 2514 4655; x_wconf 91' lang='lat' dir='ltr'><strong>homines</strong></span> <span class='ocrx_word' id='word_1_834' title='bbox 2537 4602 2743 4670; x_wconf 90' lang='lat' dir='ltr'><strong>privare</strong></span> <span class='ocrx_word' id='word_1_835' title='bbox 2771 4611 3015 4657; x_wconf 90' lang='lat' dir='ltr'><strong>conatur.</strong></span> <span class='ocrx_word' id='word_1_836' title='bbox 3044 4602 3156 4658; x_wconf 84' lang='lat' dir='ltr'><strong>Hoc</strong></span> <span class='ocrx_word' id='word_1_837' title='bbox 3182 4612 3361 4658; x_wconf 91' lang='lat' dir='ltr'><strong>autem</strong></span> 
     </span>
    </p>
   </div>
   <div class='ocr_carea' id='block_1_110' title="bbox 1788 4692 3368 4766">
    <p class='ocr_par' dir='ltr' id='par_1_110' title="bbox 1788 4692 3368 4766">
     <span class='ocr_line' id='line_1_110' title="bbox 1788 4692 3368 4766; baseline 0 -19"><span class='ocrx_word' id='word_1_838' title='bbox 1788 4692 1934 4759; x_wconf 82' lang='lat' dir='ltr'><strong>facit,</strong></span> <span class='ocrx_word' id='word_1_839' title='bbox 1967 4693 2115 4748; x_wconf 90' lang='lat' dir='ltr'><strong>illum</strong></span> <span class='ocrx_word' id='word_1_840' title='bbox 2146 4694 2359 4763; x_wconf 90' lang='lat' dir='ltr'><strong>quidem</strong></span> <span class='ocrx_word' id='word_1_841' title='bbox 2389 4693 2673 4748; x_wconf 89' lang='lat' dir='ltr'><strong>tardiorem</strong></span> <span class='ocrx_word' id='word_1_842' title='bbox 2714 4694 2778 4749; x_wconf 89' lang='lat' dir='ltr'><strong>ad</strong></span> <span class='ocrx_word' id='word_1_843' title='bbox 2805 4694 3069 4766; x_wconf 88' lang='lat' dir='ltr'><strong>parandas</strong></span> <span class='ocrx_word' id='word_1_844' title='bbox 3106 4694 3258 4749; x_wconf 90' lang='lat' dir='ltr'><strong>nobis</strong></span> <span class='ocrx_word' id='word_1_845' title='bbox 3284 4695 3368 4747; x_wconf 57' lang='lat' dir='ltr'><strong>in-</strong></span> 
     </span>
    </p>
   </div>
   <div class='ocr_carea' id='block_1_111' title="bbox 1788 4784 3371 4855">
    <p class='ocr_par' dir='ltr' id='par_1_111' title="bbox 1788 4784 3371 4855">
     <span class='ocr_line' id='line_1_111' title="bbox 1788 4784 3371 4855; baseline 0 -17"><span class='ocrx_word' id='word_1_846' title='bbox 1788 4784 1951 4839; x_wconf 91' lang='lat' dir='ltr'><strong>sidias</strong></span> <span class='ocrx_word' id='word_1_847' title='bbox 1981 4784 2228 4848; x_wconf 89' lang='lat' dir='ltr'><strong>reddens,</strong></span> <span class='ocrx_word' id='word_1_848' title='bbox 2281 4800 2382 4839; x_wconf 92' lang='lat' dir='ltr'><strong>nos</strong></span> <span class='ocrx_word' id='word_1_849' title='bbox 2421 4800 2547 4839; x_wconf 88' lang='lat' dir='ltr'><strong>vero</strong></span> <span class='ocrx_word' id='word_1_850' title='bbox 2572 4784 2771 4839; x_wconf 84' lang='lat' dir='ltr'><strong>docens</strong></span> <span class='ocrx_word' id='word_1_851' title='bbox 2801 4800 3086 4855; x_wconf 91' lang='lat' dir='ltr'><strong>numquam</strong></span> <span class='ocrx_word' id='word_1_852' title='bbox 3116 4784 3232 4854; x_wconf 88' lang='lat' dir='ltr'><strong>ejus</strong></span> <span class='ocrx_word' id='word_1_853' title='bbox 3258 4800 3371 4839; x_wconf 86' lang='lat' dir='ltr'><strong>ma-</strong></span> 
     </span>
    </p>
   </div>
   <div class='ocr_carea' id='block_1_112' title="bbox 1789 4874 3369 4944">
    <p class='ocr_par' dir='ltr' id='par_1_112' title="bbox 1789 4874 3369 4944">
     <span class='ocr_line' id='line_1_112' title="bbox 1789 4874 3369 4944; baseline 0.001 -16"><span class='ocrx_word' id='word_1_854' title='bbox 1789 4874 2122 4929; x_wconf 86' lang='lat' dir='ltr'><strong>chinationes</strong></span> <span class='ocrx_word' id='word_1_855' title='bbox 2152 4874 2409 4929; x_wconf 82' lang='lat' dir='ltr'><strong>timendas</strong></span> <span class='ocrx_word' id='word_1_856' title='bbox 2435 4890 2590 4929; x_wconf 85' lang='lat' dir='ltr'><strong>esse:</strong></span> <span class='ocrx_word' id='word_1_857' title='bbox 2623 4874 2765 4943; x_wconf 89' lang='lat' dir='ltr'><strong>quod</strong></span> <span class='ocrx_word' id='word_1_858' title='bbox 2807 4875 3019 4944; x_wconf 87' lang='lat' dir='ltr'><strong>quidem</strong></span> <span class='ocrx_word' id='word_1_859' title='bbox 3060 4875 3254 4930; x_wconf 82' lang='lat' dir='ltr'><strong>factum</strong></span> <span class='ocrx_word' id='word_1_860' title='bbox 3283 4885 3369 4931; x_wconf 88' lang='lat' dir='ltr'><strong>est</strong></span> 
     </span>
    </p>
   </div>
   <div class='ocr_carea' id='block_1_113' title="bbox 1789 4967 3368 5038">
    <p class='ocr_par' dir='ltr' id='par_1_113' title="bbox 1789 4967 3368 5038">
     <span class='ocr_line' id='line_1_113' title="bbox 1789 4967 3368 5038; baseline -0.002 -15"><span class='ocrx_word' id='word_1_861' title='bbox 1789 4968 1947 5023; x_wconf 89' lang='lat' dir='ltr'><strong>etiam</strong></span> <span class='ocrx_word' id='word_1_862' title='bbox 1979 4968 2030 5020; x_wconf 91' lang='lat' dir='ltr'><strong>in</strong></span> <span class='ocrx_word' id='word_1_863' title='bbox 2080 4976 2335 5038; x_wconf 87' lang='lat' dir='ltr'><strong>martyre.</strong></span> <span class='ocrx_word' id='word_1_864' title='bbox 2389 4967 2502 5034; x_wconf 83' lang='lat' dir='ltr'><strong>Qua</strong></span> <span class='ocrx_word' id='word_1_865' title='bbox 2546 4967 2687 5020; x_wconf 88' lang='lat' dir='ltr'><strong>enim</strong></span> <span class='ocrx_word' id='word_1_866' title='bbox 2725 4981 2782 5022; x_wconf 90' lang='lat' dir='ltr'><strong>se</strong></span> <span class='ocrx_word' id='word_1_867' title='bbox 2812 4982 2934 5021; x_wconf 90' lang='lat' dir='ltr'><strong>eum</strong></span> <span class='ocrx_word' id='word_1_868' title='bbox 2971 4982 3102 5023; x_wconf 89' lang='lat' dir='ltr'><strong>voce</strong></span> <span class='ocrx_word' id='word_1_869' title='bbox 3128 4968 3368 5037; x_wconf 82' lang='lat' dir='ltr'><strong>privatu-</strong></span> 
     </span>
    </p>
   </div>
   <div class='ocr_carea' id='block_1_114' title="bbox 1788 5058 3366 5129">
    <p class='ocr_par' dir='ltr' id='par_1_114' title="bbox 1788 5058 3366 5129">
     <span class='ocr_line' id='line_1_114' title="bbox 1788 5058 3366 5129; baseline -0.002 -15"><span class='ocrx_word' id='word_1_870' title='bbox 1788 5075 1904 5114; x_wconf 91' lang='lat' dir='ltr'><strong>rum</strong></span> <span class='ocrx_word' id='word_1_871' title='bbox 1935 5059 2177 5113; x_wconf 90' lang='lat' dir='ltr'><strong>diabolus</strong></span> <span class='ocrx_word' id='word_1_872' title='bbox 2200 5058 2539 5125; x_wconf 82' lang='lat' dir='ltr'><strong>existimavit,</strong></span> <span class='ocrx_word' id='word_1_873' title='bbox 2584 5059 2751 5114; x_wconf 91' lang='lat' dir='ltr'><strong>multo</strong></span> <span class='ocrx_word' id='word_1_874' title='bbox 2777 5058 3030 5129; x_wconf 86' lang='lat' dir='ltr'><strong>majorem</strong></span> <span class='ocrx_word' id='word_1_875' title='bbox 3061 5067 3115 5114; x_wconf 90' lang='lat' dir='ltr'><strong>et</strong></span> <span class='ocrx_word' id='word_1_876' title='bbox 3144 5058 3366 5126; x_wconf 76' lang='lat' dir='ltr'><strong>prmcla-</strong></span> 
     </span>
    </p>
   </div>
   <div class='ocr_carea' id='block_1_115' title="bbox 1790 5147 3367 5219">
    <p class='ocr_par' dir='ltr' id='par_1_115' title="bbox 1790 5147 3367 5219">
     <span class='ocr_line' id='line_1_115' title="bbox 1790 5147 3367 5219; baseline -0.004 -12"><span class='ocrx_word' id='word_1_877' title='bbox 1790 5154 1986 5207; x_wconf 91' lang='lat' dir='ltr'><strong>riorem</strong></span> <span class='ocrx_word' id='word_1_878' title='bbox 2025 5150 2076 5205; x_wconf 91' lang='lat' dir='ltr'><strong>ei</strong></span> <span class='ocrx_word' id='word_1_879' title='bbox 2108 5152 2247 5205; x_wconf 92' lang='lat' dir='ltr'><strong>Deus</strong></span> <span class='ocrx_word' id='word_1_880' title='bbox 2274 5149 2493 5219; x_wconf 89' lang='lat' dir='ltr'><strong>largitus</strong></span> <span class='ocrx_word' id='word_1_881' title='bbox 2530 5159 2632 5204; x_wconf 90' lang='lat' dir='ltr'><strong>est.</strong></span> <span class='ocrx_word' id='word_1_882' title='bbox 2660 5148 2775 5204; x_wconf 88' lang='lat' dir='ltr'><strong>Non</strong></span> <span class='ocrx_word' id='word_1_883' title='bbox 2803 5151 2946 5205; x_wconf 85' lang='lat' dir='ltr'><strong>enim</strong></span> <span class='ocrx_word' id='word_1_884' title='bbox 2985 5157 3102 5203; x_wconf 87' lang='lat' dir='ltr'><strong>erat</strong></span> <span class='ocrx_word' id='word_1_885' title='bbox 3129 5147 3367 5216; x_wconf 88' lang='lat' dir='ltr'><strong>ejusdem</strong></span> 
     </span>
    </p>
   </div>
   <div class='ocr_carea' id='block_1_116' title="bbox 1790 5243 3368 5314">
    <p class='ocr_par' dir='ltr' id='par_1_116' title="bbox 1790 5243 3368 5314">
     <span class='ocr_line' id='line_1_116' title="bbox 1790 5243 3368 5314; baseline -0.004 -13"><span class='ocrx_word' id='word_1_886' title='bbox 1790 5245 2069 5311; x_wconf 89' lang='lat' dir='ltr'><strong>momenti,</strong></span> <span class='ocrx_word' id='word_1_887' title='bbox 2111 5258 2233 5299; x_wconf 91' lang='lat' dir='ltr'><strong>cum</strong></span> <span class='ocrx_word' id='word_1_888' title='bbox 2278 5243 2455 5314; x_wconf 86' lang='lat' dir='ltr'><strong>lingua</strong></span> <span class='ocrx_word' id='word_1_889' title='bbox 2498 5243 2684 5314; x_wconf 90' lang='lat' dir='ltr'><strong>loqui,</strong></span> <span class='ocrx_word' id='word_1_890' title='bbox 2733 5251 2788 5297; x_wconf 90' lang='lat' dir='ltr'><strong>et</strong></span> <span class='ocrx_word' id='word_1_891' title='bbox 2830 5243 2947 5298; x_wconf 91' lang='lat' dir='ltr'><strong>sine</strong></span> <span class='ocrx_word' id='word_1_892' title='bbox 3003 5243 3178 5312; x_wconf 87' lang='lat' dir='ltr'><strong>lingua</strong></span> <span class='ocrx_word' id='word_1_893' title='bbox 3208 5259 3220 5294; x_wconf 91' lang='lat'><strong>:</strong></span> <span class='ocrx_word' id='word_1_894' title='bbox 3247 5256 3368 5294; x_wconf 84' lang='lat' dir='ltr'><strong>nam</strong></span> 
     </span>
    </p>
   </div>
   <div class='ocr_carea' id='block_1_117' title="bbox 1790 5330 3368 5406">
    <p class='ocr_par' dir='ltr' id='par_1_117' title="bbox 1790 5330 3368 5406">
     <span class='ocr_line' id='line_1_117' title="bbox 1790 5330 3368 5406; baseline -0.004 -14"><span class='ocrx_word' id='word_1_895' title='bbox 1790 5336 1918 5393; x_wconf 91' lang='lat' dir='ltr'><strong>illud</strong></span> <span class='ocrx_word' id='word_1_896' title='bbox 1944 5334 2155 5406; x_wconf 90' lang='lat' dir='ltr'><strong>quidem</strong></span> <span class='ocrx_word' id='word_1_897' title='bbox 2182 5347 2515 5402; x_wconf 85' lang='lat' dir='ltr'><strong>consequens</strong></span> <span class='ocrx_word' id='word_1_898' title='bbox 2552 5340 2606 5387; x_wconf 91' lang='lat' dir='ltr'><strong>et</strong></span> <span class='ocrx_word' id='word_1_899' title='bbox 2644 5347 2928 5387; x_wconf 91' lang='lat' dir='ltr'><strong>commune</strong></span> <span class='ocrx_word' id='word_1_900' title='bbox 2964 5332 3232 5395; x_wconf 91' lang='lat' dir='ltr'><strong>omnibus,</strong></span> <span class='ocrx_word' id='word_1_901' title='bbox 3262 5330 3368 5385; x_wconf 88' lang='lat' dir='ltr'><strong>hoc</strong></span> 
     </span>
    </p>
   </div>
   <div class='ocr_carea' id='block_1_118' title="bbox 1790 5422 3368 5497">
    <p class='ocr_par' dir='ltr' id='par_1_118' title="bbox 1790 5422 3368 5497">
     <span class='ocr_line' id='line_1_118' title="bbox 1790 5422 3368 5497; baseline -0.005 -13"><span class='ocrx_word' id='word_1_902' title='bbox 1790 5439 1965 5484; x_wconf 90' lang='lat' dir='ltr'><strong>autem</strong></span> <span class='ocrx_word' id='word_1_903' title='bbox 2001 5442 2161 5497; x_wconf 90' lang='lat' dir='ltr'><strong>supra</strong></span> <span class='ocrx_word' id='word_1_904' title='bbox 2191 5435 2432 5480; x_wconf 89' lang='lat' dir='ltr'><strong>naturam</strong></span> <span class='ocrx_word' id='word_1_905' title='bbox 2463 5433 2598 5490; x_wconf 89' lang='lat' dir='ltr'><strong>erat,</strong></span> <span class='ocrx_word' id='word_1_906' title='bbox 2635 5434 2689 5479; x_wconf 91' lang='lat' dir='ltr'><strong>et</strong></span> <span class='ocrx_word' id='word_1_907' title='bbox 2714 5425 2987 5494; x_wconf 86' lang='lat' dir='ltr'><strong>preprium</strong></span> <span class='ocrx_word' id='word_1_908' title='bbox 3024 5424 3139 5493; x_wconf 89' lang='lat' dir='ltr'><strong>ejus</strong></span> <span class='ocrx_word' id='word_1_909' title='bbox 3181 5422 3368 5478; x_wconf 87' lang='lat' dir='ltr'><strong>solius.</strong></span> 
     </span>
    </p>
   </div>
   <div class='ocr_carea' id='block_1_119' title="bbox 1791 5518 3372 5593">
    <p class='ocr_par' dir='ltr' id='par_1_119' title="bbox 1791 5518 3372 5593">
     <span class='ocr_line' id='line_1_119' title="bbox 1791 5518 3372 5593; baseline -0.008 -14"><span class='ocrx_word' id='word_1_910' title='bbox 1791 5524 2118 5593; x_wconf 86' lang='lat' dir='ltr'><strong>Quamquam</strong></span> <span class='ocrx_word' id='word_1_911' title='bbox 2162 5519 2372 5575; x_wconf 91' lang='lat' dir='ltr'><strong>etiamsi</strong></span> <span class='ocrx_word' id='word_1_912' title='bbox 2415 5528 2535 5589; x_wconf 90' lang='lat' dir='ltr'><strong>post</strong></span> <span class='ocrx_word' id='word_1_913' title='bbox 2572 5519 2763 5588; x_wconf 67' lang='lat' dir='ltr'><strong>lingua:</strong></span> <span class='ocrx_word' id='word_1_914' title='bbox 2798 5518 3151 5572; x_wconf 89' lang='lat' dir='ltr'><strong>abscisionem</strong></span> <span class='ocrx_word' id='word_1_915' title='bbox 3192 5526 3372 5570; x_wconf 86' lang='lat' dir='ltr'><strong>mutus</strong></span> 
     </span>
    </p>
   </div>
   <div class='ocr_carea' id='block_1_120' title="bbox 1790 5609 3367 5685">
    <p class='ocr_par' dir='ltr' id='par_1_120' title="bbox 1790 5609 3367 5685">
     <span class='ocr_line' id='line_1_120' title="bbox 1790 5609 3367 5685; baseline -0.01 -14"><span class='ocrx_word' id='word_1_916' title='bbox 1790 5622 1995 5685; x_wconf 82' lang='lat' dir='ltr'><strong>martyr</strong></span> <span class='ocrx_word' id='word_1_917' title='bbox 2031 5612 2238 5677; x_wconf 88' lang='lat' dir='ltr'><strong>fuisset,</strong></span> <span class='ocrx_word' id='word_1_918' title='bbox 2268 5610 2346 5665; x_wconf 92' lang='lat' dir='ltr'><strong>sic</strong></span> <span class='ocrx_word' id='word_1_919' title='bbox 2372 5625 2583 5680; x_wconf 92' lang='lat' dir='ltr'><strong>quoque</strong></span> <span class='ocrx_word' id='word_1_920' title='bbox 2609 5609 2882 5677; x_wconf 86' lang='lat' dir='ltr'><strong>impletum</strong></span> <span class='ocrx_word' id='word_1_921' title='bbox 2912 5609 2979 5662; x_wconf 90' lang='lat' dir='ltr'><strong>ab</strong></span> <span class='ocrx_word' id='word_1_922' title='bbox 3007 5623 3072 5661; x_wconf 92' lang='lat' dir='ltr'><strong>eo</strong></span> <span class='ocrx_word' id='word_1_923' title='bbox 3098 5616 3367 5661; x_wconf 86' lang='lat' dir='ltr'><strong>certamen</strong></span> 
     </span>
    </p>
   </div>
   <div class='ocr_carea' id='block_1_121' title="bbox 1791 5698 3369 5773">
    <p class='ocr_par' dir='ltr' id='par_1_121' title="bbox 1791 5698 3369 5773">
     <span class='ocr_line' id='line_1_121' title="bbox 1791 5698 3369 5773; baseline -0.008 -12"><span class='ocrx_word' id='word_1_924' title='bbox 1791 5705 1999 5771; x_wconf 86' lang='lat' dir='ltr'><strong>fuisset,</strong></span> <span class='ocrx_word' id='word_1_925' title='bbox 2028 5704 2185 5773; x_wconf 90' lang='lat' dir='ltr'><strong>eique</strong></span> <span class='ocrx_word' id='word_1_926' title='bbox 2206 5712 2387 5772; x_wconf 89' lang='lat' dir='ltr'><strong>parata</strong></span> <span class='ocrx_word' id='word_1_927' title='bbox 2420 5708 2562 5755; x_wconf 90' lang='lat' dir='ltr'><strong>esset</strong></span> <span class='ocrx_word' id='word_1_928' title='bbox 2605 5714 2801 5753; x_wconf 89' lang='lat' dir='ltr'><strong>corona</strong></span> <span class='ocrx_word' id='word_1_929' title='bbox 2834 5717 2847 5752; x_wconf 88' lang='lat'><strong>:</strong></span> <span class='ocrx_word' id='word_1_930' title='bbox 2878 5714 2998 5752; x_wconf 88' lang='lat' dir='ltr'><strong>nam</strong></span> <span class='ocrx_word' id='word_1_931' title='bbox 3031 5698 3168 5767; x_wconf 89' lang='lat' dir='ltr'><strong>quod</strong></span> <span class='ocrx_word' id='word_1_932' title='bbox 3200 5698 3369 5751; x_wconf 84' lang='lat' dir='ltr'><strong>victus</strong></span> 
     </span>
    </p>
   </div>
   <div class='ocr_carea' id='block_1_122' title="bbox 1794 5787 3364 5863">
    <p class='ocr_par' dir='ltr' id='par_1_122' title="bbox 1794 5787 3364 5863">
     <span class='ocr_line' id='line_1_122' title="bbox 1794 5787 3364 5863; baseline -0.008 -10"><span class='ocrx_word' id='word_1_933' title='bbox 1794 5806 1955 5863; x_wconf 89' lang='lat' dir='ltr'><strong>esset,</strong></span> <span class='ocrx_word' id='word_1_934' title='bbox 1985 5794 2270 5850; x_wconf 79' lang='lat' dir='ltr'><strong>maximum</strong></span> <span class='ocrx_word' id='word_1_935' title='bbox 2298 5800 2411 5847; x_wconf 91' lang='lat' dir='ltr'><strong>erat</strong></span> <span class='ocrx_word' id='word_1_936' title='bbox 2450 5802 2502 5847; x_wconf 90' lang='lat' dir='ltr'><strong>et</strong></span> <span class='ocrx_word' id='word_1_937' title='bbox 2528 5799 2768 5861; x_wconf 87' lang='lat' dir='ltr'><strong>apertum</strong></span> <span class='ocrx_word' id='word_1_938' title='bbox 2805 5796 3191 5859; x_wconf 83' lang='lat' dir='ltr'><strong>argumentum,</strong></span> <span class='ocrx_word' id='word_1_939' title='bbox 3224 5787 3364 5857; x_wconf 83' lang='lat' dir='ltr'><strong>quod</strong></span> 
     </span>
    </p>
   </div>
  </div>
