3844 6280
453 393 597 488 Voti

501 544 734 614 linguam
779 550 1123 613 amputasset.
1171 544 1227 600 Si
1265 545 1407 600 enim
1437 545 1668 615 linguam
1696 544 1942 616 martyris
1967 560 2074 600 non

508 634 755 699 timebas,
787 648 820 688 o
845 635 1103 690 scelerate
1141 644 1194 690 et
1227 637 1552 703 exsecrande
1578 637 1804 703 diabole,
1837 653 1933 693 cur
1955 653 2072 693 eam

502 725 814 781 abscidisti?
851 741 947 780 cur
975 726 1390 782 decertationum
1435 737 1803 798 argumentum
1847 745 1953 785 non
1981 729 2068 784 di-

503 818 712 882 misisti,
746 817 842 872 sed
866 817 1094 872 stadium
1120 819 1427 874 occlusisti?
1448 819 1905 886 Quemadmodum
1930 821 2074 875 enim

502 907 546 962 si
581 907 698 976 quis
725 909 869 962 omni
916 910 1264 964 certaminum
1304 925 1503 979 genere
1541 910 1854 978 luctaturus,
1881 909 2076 965 deinde

503 996 681 1064 plagas
713 998 1007 1066 accepisset
1046 997 1306 1068 ingentes,
1345 1007 1400 1054 et
1447 1014 1568 1054 cum
1609 999 1804 1055 deinde
1847 1000 2076 1070 amplius

504 1088 753 1143 resistere
779 1104 885 1144 non
910 1090 1132 1158 valeret,
1165 1106 1356 1146 manus
1390 1091 1630 1148 abscindi
1653 1092 1959 1147 adversario
1983 1092 2073 1162 ju-

502 1179 672 1247 beret,
707 1196 933 1250 eumque
970 1183 1049 1238 sic
1094 1191 1414 1252 percuteret,
1455 1198 1561 1239 non
1586 1184 1695 1253 jam
1734 1184 1837 1237 alia
1881 1183 2075 1252 proba-

503 1273 646 1327 tione
683 1288 817 1343 opus
857 1283 1000 1329 esset
1035 1275 1102 1329 ad
1135 1273 1522 1330 decernendam
1563 1275 1837 1329 victoriam
1881 1274 1952 1339 ei,
1988 1273 2074 1328 cui

500 1359 725 1417 fuissent
762 1380 952 1419 manus
979 1366 1236 1420 abscisa}:
1266 1366 1336 1420 ita
1375 1366 1532 1420 etiam
1557 1365 1614 1420 in
1655 1377 1888 1436 martyre
1914 1378 2073 1433 aper-

505 1453 773 1507 tissimum
829 1456 1065 1510 omnium
1122 1467 1490 1526 argumentum
1541 1456 1777 1510 victoriae
1821 1454 2076 1509 adversus

501 1543 768 1599 diabolum
791 1544 888 1600 fuit
913 1547 1102 1618 linguae
1126 1549 1289 1616 ipsius
1311 1547 1622 1617 amputatio.
1651 1547 1782 1602 Nam
1803 1547 1905 1602 etsi
1932 1561 2074 1600 mor-

503 1635 626 1688 talis
653 1645 766 1689 erat
807 1635 1002 1705 lingua,
1033 1638 1155 1706 quia
1189 1647 1363 1692 tamen
1405 1653 1466 1692 ea
1495 1637 1713 1690 vulnera
1753 1635 2071 1690 immortalia

503 1724 716 1780 diabolo
740 1727 948 1793 inﬂixit,
973 1736 1249 1797 propterea
1272 1729 1325 1782 in
1353 1727 1496 1781 illam
1518 1727 1657 1781 virus
1677 1742 1830 1782 suum
1849 1724 2070 1791 efﬂavit,

501 1815 600 1869 sibi
626 1816 834 1884 quidem
881 1818 1054 1884 majus
1083 1818 1315 1873 dedecus
1357 1819 1607 1884 afferens,
1638 1816 1856 1887 martyri
1893 1825 2070 1870 autem

498 1921 748 1962 coronam
791 1908 1205 1978 splendidiorem
1244 1909 1491 1963 reddens.
1529 1908 1597 1965 Ut
1639 1907 1783 1962 enim
1831 1907 2072 1961 mirabile

506 2008 589 2052 est
619 1999 882 2052 °arborem
933 1999 1050 2052 sine
1098 1998 1274 2052 radice
1317 1999 1532 2064 intueri,
1577 2013 1642 2053 ac
1690 1997 1906 2053 ﬂuvium
1954 1997 2070 2051 sine

488 2089 645 2146 [fonte
670 2091 785 2145 :tsic
806 2089 966 2145 etiam
995 2103 1177 2144 vocem
1207 2088 1323 2144 sine
1348 2089 1543 2158 lingua.

565 2185 621 2237 4.
660 2182 848 2237 Contra
887 2199 994 2250 eos,
1026 2184 1112 2252 qui
1153 2198 1420 2253 corporum
1455 2182 1801 2236 rerurrectioni
1837 2196 1938 2234 non
1961 2195 2071 2234 cre-

491 2274 641 2326 dunt.
663 2301 736 2312 -—
759 2272 859 2327 Ubi
896 2287 1036 2326 nunc
1065 2281 1208 2337 sunt,
1237 2272 1324 2341 qui
1365 2286 1648 2341 corporum
1690 2271 2066 2326 resurrectioni

496 2379 605 2418 non
640 2361 901 2416 credunt?
945 2362 1082 2418 Ecce
1124 2378 1224 2418 vox
1267 2370 1476 2417 mortua
1517 2369 1617 2426 est,
1667 2371 1720 2416 et
1757 2361 1946 2416 revixit
1975 2379 1988 2416 :
2013 2370 2068 2416 et

496 2467 606 2507 uno
651 2461 919 2506 momento
967 2452 1218 2521 temporis
1257 2460 1479 2521 utraque
1522 2449 1658 2505 facta
1701 2458 1842 2505 sunt.
1872 2450 2067 2518 Quam-

495 2558 655 2613 quam
685 2542 784 2599 hoc
811 2542 964 2612 longe
993 2544 1162 2613 majus
1201 2550 1304 2610 est,
1333 2557 1490 2613 quam
1515 2556 1801 2610 corporum
1825 2556 2065 2596 resurre-

499 2632 606 2686 ctio
637 2649 650 2684 :
677 2628 1158 2702 namillicquidem
1189 2642 1375 2687 natura
1392 2647 1677 2700 corporum
1702 2641 1784 2686 est
1805 2632 2064 2700 subjecta,

500 2724 814 2794 compositio
837 2734 1012 2778 autem
1047 2723 1218 2778 solum
1245 2732 1327 2778 est
1350 2722 1603 2776 dissoluta
1629 2739 1642 2775 :
1671 2722 1757 2776 hic
1794 2737 1922 2776 vero
1947 2723 2066 2777 sub-

494 2815 656 2870 latum
685 2815 782 2869 fuit
805 2815 948 2871 vocis
981 2815 1152 2884 ipsum
1184 2812 1579 2868 fundamentum
1600 2853 1616 2879 ,
1647 2811 1740 2867 sed
1775 2821 1949 2867 tamen
2001 2828 2064 2868 ea

492 2905 817 2974 splendidior
840 2919 1024 2960 rursus
1057 2912 1138 2960 est
1164 2903 1319 2958 facta.
1348 2902 1634 2958 Enimvero
1663 2903 1708 2958 si
1747 2917 1779 2957 a
1809 2903 1935 2958 tibia
1964 2904 2064 2958 lin-

487 2998 636 3068 gulas
662 2997 962 3061 abstuleris,
985 2994 1169 3050 inutile
1191 2995 1439 3063 deinceps
1457 2993 1600 3064 jacet
1621 2993 2058 3060 instrumentum;

485 3103 672 3142 verum
718 3103 822 3142 non
858 3087 936 3142 sic
977 3085 1102 3140 tibia
1140 3085 1446 3155 spiritualis,
1487 3084 1583 3140 sed
1625 3084 1834 3139 tametsi
1882 3084 2059 3154 lingua

411 3175 413 3180 “
486 3181 712 3247 privata,
744 3195 849 3234 non
878 3179 1051 3234 solum
1079 3185 1222 3232 muta
1251 3192 1358 3233 non
1379 3184 1520 3244 erat,
1568 3175 1662 3232 sed
1686 3177 1848 3232 etiam
1875 3175 2063 3232 modu-

486 3270 646 3325 latius
673 3278 726 3324 et
754 3271 920 3339 magis
951 3271 1231 3341 mysticum
1261 3284 1494 3336 carmen,
1513 3277 1582 3324 .et
1611 3269 1800 3338 majori
1820 3284 1941 3324 eum
1966 3269 2062 3326 ad-

484 3360 770 3414 miratione
789 3359 1080 3414 emittebat.
1113 3359 1315 3414 Rursus
1345 3360 1503 3414 etiam
1533 3359 1585 3412 in
1625 3359 1829 3414 cithara
1870 3359 1916 3413 si
1941 3359 2058 3429 quis

484 3449 750 3518 plectrum
772 3449 942 3502 solum
967 3449 1239 3517 eripuerit,
1262 3450 1465 3504 otiosus
1487 3449 1709 3515 artifex,
1726 3464 1814 3503 ars
1834 3451 2056 3516 inutilis,

487 3547 546 3593 et
565 3538 723 3596 inane
769 3537 1218 3604 instrumentum;
1254 3537 1341 3592 hic
1380 3546 1558 3592 autem
1600 3538 2055 3608 nihilejusmodi,

484 3629 581 3685 sed
599 3631 925 3693 contrarium
948 3630 1186 3685 omnino.
1214 3629 1288 3685 Os
1316 3631 1458 3685 enim
1485 3639 1602 3685 erat
1627 3631 1849 3700 cithara,
1881 3633 2055 3702 lingua

482 3721 768 3792 plectrum,
803 3719 992 3776 artifex
1013 3721 1210 3789 anima,
1248 3735 1336 3776 ars
1368 3737 1495 3776 vero
1522 3722 1787 3780 confessio
1817 3743 1829 3776 :
1853 3724 2055 3794 plectro

483 3821 661 3867 tamen
687 3811 886 3876 ablato,
933 3812 1109 3882 lingua
1155 3813 1390 3883 inquam,
1435 3829 1608 3884 neque
1645 3817 1854 3882 artifex,
1881 3832 2054 3887 neque

479 3916 590 3968 ars,
640 3916 812 3972 neque
852 3902 1262 3958 instrumentum
1299 3903 1485 3959 inutile
1513 3907 1704 3974 evasit,
1741 3907 1835 3962 sed
1874 3909 2053 3964 omnia

473 3993 728 4048 virtutem
759 4009 908 4050 suam
933 3995 1297 4051 ostenderunt.
1328 3996 1458 4064 Quis
1486 3997 1601 4053 haec
1627 3997 1785 4054 fecit?
1814 4002 1932 4070 quis
1959 4003 2053 4056 ad-

475 4082 738 4138 mirabilia
767 4084 882 4140 harc
905 4085 1134 4141 ostendit
1158 4100 1381 4156 quaeque
1413 4100 1623 4142 omnem
1649 4099 1900 4158 superant
1929 4091 2049 4160 epi-

475 4173 724 4228 nionem?
755 4175 894 4230 Deus
917 4176 1006 4245 qui
1032 4176 1180 4231 solus
1219 4175 1483 4232 mirabilia
1525 4175 1674 4242 facit,
1703 4177 1772 4233 de
1793 4192 1898 4247 quo
1924 4180 2051 4235 dicit

479 4264 680 4318 David:
712 4263 928 4318 Domino
950 4264 1192 4320 Dominus
1231 4275 1423 4334 noster,
1455 4284 1611 4337 quam
1642 4268 1937 4325 admirabile
1975 4280 2049 4324 est

473 4373 654 4410 nomen
683 4367 826 4409 tuum
851 4358 903 4409 in
927 4357 1157 4411 universa
1182 4359 1348 4412 terra!
1373 4361 1608 4428 quoniam
1628 4362 1815 4414 elevata
1843 4372 1914 4417 est
1940 4379 2048 4416 ma-

473 4445 766 4517 gniﬁcentia
789 4454 878 4500 tua
900 4460 1054 4516 super
1076 4445 1227 4501 calas
1252 4463 1270 4501 :
1295 4464 1359 4503 ea:
1387 4464 1472 4503 ore
1497 4449 1764 4520 infantium
1785 4461 1831 4506 et
1857 4453 2048 4507 lacten-

472 4540 598 4591 tiunt
640 4538 888 4608 perfecisti
935 4537 1136 4592 laudem
1169 4536 1341 4610 (Psal.
1388 4539 1445 4595 8.
1494 4540 1549 4594 2.
1588 4540 1664 4612 5).
1708 4544 1881 4613 Atque
1921 4553 2045 4600 tunc

468 4625 684 4696 quidem
700 4640 775 4681 .ex
804 4641 899 4683 ore
931 4627 1209 4683 infantium
1247 4636 1303 4684 et
1340 4629 1668 4700 lactentium,
1700 4648 1840 4688 nunc
1865 4643 2042 4690 autem

1169 427 1228 483 S.
1267 424 1542 484 JOANNIS
1573 424 2036 483 CHRYSOSTOMI
2079 423 2387 483 ARCHIEP.
2426 424 2953 483 CONSTANTINOP.

3624 414 3723 474 612

2179 559 2248 600 ex
2291 560 2386 600 ore
2425 545 2714 616 elinguium
2737 563 2752 599 :
2776 555 2900 600 tunc
2941 552 3129 598 natura
3172 542 3474 610 immatura,
3505 558 3628 600 nunc
3663 557 3732 598 os

2181 635 2357 705 lingua
2383 650 2644 690 vacuum:
2676 645 2802 690 tunc
2826 635 3014 690 eratin
3051 633 3230 703 pueris
3262 633 3438 688 mollis
3457 632 3602 690 radix.
3635 637 3728 690 sed

2179 726 2383 780 fructus
2425 725 2727 796 perfectus;
2763 725 2852 780 hic
2903 733 3080 778 autem
3123 731 3179 778 et
3219 723 3332 792 ipsa
3378 721 3516 775 radix
3560 719 3724 774 ablata

2180 827 2323 883 erat,
2373 827 2425 873 et
2476 817 2675 873 fructus
2716 816 2996 888 generatio
3049 831 3154 870 non
3199 812 3562 885 prohibebatur
3599 828 3613 864 :
3645 822 3727 864 est

2179 910 2320 965 enim
2371 924 2475 964 vox
2527 911 2720 980 lingua:
2760 908 2984 963 fructus.
3035 907 3171 962 Sunt
3215 919 3402 960 revera
3453 902 3729 972 posteriora

2179 1000 2444 1071 prioribus
2471 1000 2813 1055 mirabiliora.
2855 998 3087 1063 Etenim,
3117 1011 3184 1052 ne
3221 994 3306 1050 his
3343 993 3494 1048 fidem
3517 1006 3614 1044 non
3635 989 3729 1041 ad-

2180 1089 2428 1157 hibeatis,
2459 1091 2544 1146 illa
2573 1099 2854 1161 propterea
2891 1096 3297 1159 praecesserunt,
3339 1095 3396 1140 ut
3431 1085 3481 1140 in
3506 1083 3584 1137 his
3624 1095 3733 1135 non

2176 1183 2574 1248 conturbemur,
2616 1198 2737 1238 cum
2781 1182 2838 1238 in
2880 1182 2987 1236 illis
3026 1179 3186 1235 fuerit
3217 1179 3423 1232 animus
3457 1185 3686 1230 assuetus
3712 1189 3730 1224 :

2179 1271 2299 1327 ideo
2341 1273 2455 1327 haec
2483 1281 2800 1337 evenerunt,
2833 1282 2894 1328 ut
2941 1272 3031 1326 illa
3056 1285 3176 1340 quas
3213 1271 3380 1324 latent
3419 1276 3471 1322 et
3501 1276 3617 1319 sunt
3642 1277 3731 1318 ve-

2180 1371 2312 1429 tera,
2343 1378 2408 1417 ex
2448 1362 2742 1418 manifestis
2779 1375 2834 1417 et
2861 1364 2925 1416 iis
2959 1378 3077 1431 quae
3105 1368 3230 1416 sunt
3261 1374 3447 1414 recens
3471 1358 3593 1412 facta
3618 1371 3732 1412 ere-

2177 1451 2389 1507 dantur.
2423 1453 2512 1508 Sic
2543 1453 2828 1523 aliquando
2855 1455 3082 1507 Aaronis
3124 1466 3333 1522 quoque
3372 1451 3512 1519 virga
3538 1448 3730 1514 ﬂoruit,

2177 1544 2313 1597 sicut
2351 1559 2492 1599 nunc
2533 1559 2593 1598 os
2623 1544 2874 1614 martyris
2922 1543 3257 1613 germinavit.
3297 1540 3402 1596 Sed
3427 1553 3640 1609 quanam
3667 1539 3733 1593 de

2177 1649 2334 1688 causa
2367 1635 2523 1706 virga
2575 1645 2698 1690 tunc
2749 1636 2977 1702 Aaronis
3031 1633 3345 1703 germinavit
3391 1629 3570 1701 (Num.
3621 1629 3732 1700 l7)!

2177 1724 2437 1790 Quoniam
2467 1725 2718 1780 sacerdos
2761 1723 3098 1779 contumeliis
3125 1721 3470 1776 afficiebatur.
3503 1719 3737 1787 Quanam

2174 1825 2350 1870 autem
2374 1817 2441 1871 de
2484 1831 2640 1872 causa
2669 1830 2812 1871 nunc
2849 1829 2912 1868 os
2940 1815 3188 1885 martyris
3224 1811 3568 1882 germinavit?
3597 1809 3738 1877 Quo-

2175 1907 2315 1960 niam
2355 1907 2682 1977 blasphemia
2723 1913 2776 1960 et
2803 1905 3098 1960 maledictis
3126 1902 3486 1959 incessebatur
3511 1915 3734 1969 magnus

2173 1997 2415 2051 Pontifex
2432 1997 2585 2052 Jesus
2603 1996 2866 2051 Christus.
2894 1993 3028 2050 Vide
3049 2009 3176 2064 ergo
3195 2001 3387 2062 quanta
3408 1991 3476 2046 sit
3500 1990 3738 2044 miraculi

2172 2086 2418 2157 cognatio
2458 2095 2513 2141 et
2549 2086 2882 2142 excellentia.
2924 2083 3378 2153 Quemadmodum
3419 2081 3559 2136 enim
3596 2081 3744 2150 virga

2172 2179 2263 2233 illa
2294 2193 2399 2233 non
2424 2180 2569 2233 unita
2605 2178 2791 2243 radici,
2819 2191 2918 2232 nec
2947 2192 3013 2231 ex
3044 2185 3183 2230 terra
3206 2174 3418 2229 trahens
3441 2172 3742 2233 humorem,

2165 2271 2266 2327 sed
2310 2272 2452 2326 illius
2500 2285 2661 2326 succo
2710 2271 2921 2340 penitus
2961 2268 3198 2338 privata,
3239 2280 3303 2320 ac
3347 2263 3550 2334 perdita
3596 2263 3746 2316 vitali

2171 2361 2531 2432 frugiferaque
2571 2363 2786 2428 virtute,
2833 2369 3052 2430 repente
3096 2358 3326 2412 fructu
3369 2354 3643 2410 ostendit:
3673 2354 3746 2408 ita

2169 2454 2419 2508 nimirum
2450 2453 2536 2507 hic
2552 2467 2766 2523 quoque
2793 2467 2899 2506 vox
2928 2450 3107 2506 radice
3131 2449 3336 2518 privata
3364 2453 3419 2501 et
3444 2445 3553 2500 vim
3579 2459 3646 2499 ex
3667 2445 3745 2497 in-

2169 2555 2470 2602 strumento
2483 2561 2587 2601 non
2627 2545 2850 2609 habens,
2881 2545 2936 2601 in
2958 2544 3100 2598 sicco
3121 2551 3176 2596 et
3200 2539 3367 2595 sterili
3399 2552 3492 2593 ore
3521 2544 3747 2606 repente

2168 2639 2503 2706 germinavit.
2546 2637 2608 2692 l-n
2654 2637 2755 2691 hoc
2793 2632 3302 2704 quidem-cognatio,
3335 2631 3386 2684 in
3415 2628 3520 2682 alio
3567 2637 3747 2681 autem

2169 2738 2252 2783 est
2277 2728 2592 2783 excellentia
2622 2727 2802 2781 :.-inter
2835 2734 3116 2794 utrumque
3142 2723 3282 2777 enim
3328 2720 3561 2774 fructum
3609 2719 3749 2772 mul-

2169 2828 2278 2874 tum
2307 2819 2544 2873 interest.
2573 2817 2703 2872 Nam
2750 2816 2841 2871 ille
2875 2816 3089 2886 quidem
3123 2813 3333 2869 sensilis
3360 2819 3493 2875 erat,
3541 2810 3632 2865 hic
3659 2824 3749 2863 au-

2168 2919 2274 2966 tem
2303 2909 2611 2980 spiritualis,
2643 2917 2697 2964 et
2724 2909 2867 2978 ipsos
2903 2908 3063 2963 ctelos
3108 2904 3355 2975 aperiens
3379 2904 3451 2967 ei,
3481 2901 3578 2971 qui
3627 2911 3750 2955 tune

2165 3013 2283 3054 eam
2312 3013 2499 3055 vocem
2538 2999 2796 3054 ediderat.
2830 2998 2934 3052 Pro
2971 2996 3056 3050 his
3093 2993 3339 3049 omnibus
3367 2991 3600 3061 martyri
3626 3007 3743 3061 gra-

2165 3089 2416 3157 tulemur,
2450 3091 2613 3145 Deum
2638 3089 3014 3160 gloriﬁcemus,
3043 3087 3138 3156 qui
3168 3083 3436 3140 haecfacit
3462 3083 3747 3145 miracula,

2163 3183 2435 3239 imitentur
2473 3183 2715 3238 conservi
2763 3182 3090 3251 patientiam,
3132 3179 3330 3248 gratias
3371 3192 3603 3246 agamus
3649 3177 3754 3229 Do-

2164 3273 2310 3328 mino
2346 3289 2441 3342 pro
2465 3275 2632 3344 gratia
2661 3291 2673 3327 :
2701 3288 2766 3328 ex
2797 3272 2862 3327 iis
2891 3287 3009 3341 qua:
3037 3271 3176 3326 dicta
3217 3278 3359 3334 sunt,
3385 3266 3753 3345 sufﬁcientem

2161 3366 2216 3420 in
2249 3366 2632 3421 tentationibus
2675 3363 3092 3420 consolationem
3133 3361 3479 3429 accipiamus,
3529 3367 3593 3414 et
3640 3360 3749 3424 Dei,

2160 3459 2374 3528 quinos
2397 3457 2541 3525 fecit,
2573 3458 2860 3527 potentiam
2880 3465 2936 3509 et
2958 3468 3140 3520 curam
3165 3451 3494 3506 admirantes
3523 3466 3597 3505 ac
3626 3466 3754 3522 pro-

2159 3549 2468 3616 videntiam,
2512 3549 2689 3604 omnia
2716 3562 2835 3617 quae
2879 3560 2944 3600 ex
2978 3544 3131 3598 nobis
3175 3549 3298 3597 sunt
3337 3539 3666 3609 offeramus,
3707 3551 3761 3596 et

2157 3655 2276 3711 quae
2301 3656 2367 3696 ex
2407 3655 2473 3696 eo
2517 3647 2660 3706 sunt,
2709 3637 2925 3693 omnino
2953 3643 3365 3704 consequentur.
3389 3630 3526 3686 Sive
3581 3633 3760 3687 bona-

2157 3747 2274 3798 nes,
2305 3733 2421 3786 sive
2457 3731 2746 3796 daemones,
2775 3729 2886 3784 sive
2914 3727 3029 3797 ipse
3055 3724 3294 3780 diabolus
3323 3722 3633 3778 adversum
3661 3736 3760 3777 nos

2157 3822 2460 3893 depugnet,
2499 3821 2632 3876 nihil
2675 3819 2950 3891 proﬁcient
2997 3817 3072 3884 ii,
3118 3815 3206 3885 qui
3254 3827 3355 3868 nos
3385 3821 3757 3882 Oppugnant:

2155 3913 2316 3969 modo
2339 3922 2638 3984 promptum
2665 3917 2905 3965 nostrum
2920 3906 3086 3962 animi
3109 3904 3340 3960 studium
3365 3902 3756 3965 ostendamus,

2153 4013 2210 4060 et
2232 4020 2350 4074 qua:
2387 4019 2418 4057 a
2452 4003 2606 4058 nobis
2631 4002 2806 4056 afferri
2836 4006 3064 4071 oportet,
3104 3997 3281 4052 omnia
3306 3993 3638 4050 afl’eramus.
3671 3992 3759 4048 Sic

2149 4097 2297 4152 enim
2324 4104 2379 4152 ct
2403 4095 2491 4150 hic
2517 4096 2610 4150 Dei
2643 4093 2895 4148 auxilium
2929 4089 3281 4155 attrahemus,
3328 4097 3384 4142 et
3421 4089 3478 4141 in
3523 4087 3648 4142 vita
3675 4084 3757 4139 fu-

2141 4194 2268 4241 .tura
2297 4201 2485 4256 magna
2509 4184 2676 4256 gloria
2699 4192 2754 4239 et
2774 4183 2943 4238 salute
2965 4179 3300 4252 perfruamur
3330 4195 3342 4229 :
3371 4191 3550 4246 quam
3595 4176 3759 4231 nobis

2151 4275 2398 4334 omnibus
2417 4277 2666 4346 consequi
2693 4275 2865 4340 detur,
2893 4274 3063 4348 gratia
3090 4281 3142 4325 et
3161 4269 3513 4338 benignitate
3537 4266 3762 4323 Domini

2151 4370 2317 4426 nostri
2342 4371 2466 4424 Jesu
2493 4367 2710 4434 Christi,
2741 4383 2861 4422 cum
2887 4378 2991 4435 quo
3025 4362 3168 4419 Patri
3192 4362 3353 4416 simul
3382 4376 3517 4415 cum
3548 4360 3764 4432 Spiritu

2149 4469 2333 4516 saneto
2359 4462 2544 4531 gloria,
2575 4460 2744 4516 honor
2770 4466 2824 4514 et
2849 4459 3150 4528 imperium,
3188 4455 3242 4510 in
3271 4453 3483 4508 sascula
3524 4453 3767 4508 saeculo-

2145 4568 2288 4608 rum.
2315 4555 2507 4609 Amen.

466 4761 3746 4788 .__._______________—___________________________________________.

821 4836 1035 4942 DE
1113 4839 1542 4948 ΒΑΝΟ
1549 4843 1750 4950 ΤΟ
1808 4843 2059 4950 ΜΛ

2175 4849 2277 4951 Τ
2291 4845 2591 4960 ΥΒΕ
2662 4839 3364 4959 ROMANO.

1926 5050 2328 5084 ’ψ-

1054 5181 1244 5222 ORATIO
1283 5182 1317 5224 u
1346 5167 1442 5237 (a).

529 5256 586 5310 l.
628 5251 912 5324 Martyrum
960 5260 1443 5312 commemorationi:
1489 5258 1706 5313 utilitas.
1748 5258 2033 5328 Descriptio

448 5347 851 5416 rersequutionis
877 5349 1204 5405 similitudine
1227 5367 1259 5404 a
1281 5353 1408 5406 mari
1427 5364 1646 5424 sumpta.
1673 5384 1743 5393 —
1767 5353 2033 5409 Palaestrae

456 5435 670 5504 quidem
699 5441 1010 5508 corporibus
1039 5443 1202 5498 robur
1241 5458 1304 5499 ac
1323 5447 1584 5515 ‘peritiam
1613 5446 1876 5502 athletice:
1902 5448 2033 5503 artis

455 5531 753 5599 acquirunt,
793 5543 1080 5606 martyrum
1110 5551 1238 5592 vero
1275 5541 1804 5596 commemorationes
1829 5542 2032 5596 animas

459 5619 712 5678 adversus
741 5624 1039 5681 dmmonum
1075 5637 1219 5684 artes
1245 5637 1473 5698 armant,
1515 5640 1570 5687 et
1606 5641 1789 5686 contra
1819 5629 1939 5688 illos
1963 5633 2030 5688 ad

462 5709 654 5762 fueram
679 5711 973 5770 instituunt.
1005 5717 1138 5771 Dum
1184 5719 1324 5772 enim
1358 5721 1497 5777 vires
1524 5721 1798 5778 athleticas
1825 5732 1876 5777 ct
1900 5739 2028 5780 cou-

524 5797 597 5861 (tt)
629 5801 801 5851 Collata
823 5817 930 5851 cum
955 5813 1032 5856 Ms.
1060 5810 1204 5873 Regio
1222 5810 1362 5861 23H.

2147 5168 2344 5222 tinuam
2373 5182 2491 5221 cum
2515 5166 2693 5237 ﬂagris
2729 5167 2920 5221 luctam
2952 5167 3161 5236 publice
3187 5165 3445 5236 produnt,
3481 5168 3774 5237 pietatem

2143 5257 2361 5312 audacia
2403 5259 2773 5324 corroborant,
2801 5265 2855 5312 et
2888 5259 2940 5311 in
2969 5257 3294 5311 cruciatuum
3326 5258 3776 5311 narrationibus

2142 5359 2406 5419 tamquam
2435 5351 2487 5404 in
2516 5349 2698 5404 stadiis
2722 5347 3035 5420 quibusdam
3057 5357 3278 5401 stratum
3308 5363 3338 5400 a
3367 5347 3594 5418 quovis
3627 5361 3776 5401 mar-

2141 5450 2256 5510 tyre
2300 5441 2620 5496 curriculum
2649 5449 2971 5511 proponunt.
3005 5440 3144 5493 Talis
3173 5447 3254 5493 est
3298 5441 3590 5512 martyris
3625 5442 3773 5510 ejus.

2138 5530 2230 5600 qui
2253 5529 2412 5585 hodie
2453 5541 2736 5586 coronatus
2762 5542 2867 5598 est,
2898 5530 3360 5585 commemoratio.
3408 5532 3570 5598 Quis
3617 5535 3772 5586 enim

2138 5621 2192 5676 in
2220 5621 2388 5676 stadia
2428 5621 2683 5678 adversus
2725 5621 2992 5676 diabolum
3037 5621 3290 5675 audacter
3316 5635 3428 5673 non
3457 5623 3768 5690 prosith

2137 5731 2259 5771 cum
2286 5717 2515 5771 animam
2541 5731 2690 5771 suam
2715 5716 2964 5785 martyris
2996 5711 3380 5768 certaminibus
3407 5707 3767 5766 instituerit.

2146 5823 2302 5880 quem
2328 5815 2404 5864 tot
2428 5807 2782 5879 periculorum
2811 5803 3091 5865 multitudo
3114 5818 3220 5862 non
3249 5803 3592 5860 concussit?
3623 5802 3762 5859 Tum
