3844 6280
100 380 190 434 ﬁll

104 489 281 561 ἐφοὸοὖ
304 484 399 558 τὴν
427 486 693 554 γλῶτταν,
742 482 788 541 ὦ
833 488 995 560 μιαρέ
1026 488 1120 543 καὶ
1163 489 1477 559 παμμίαρε,
1509 487 1653 549 τίνος

98 578 268 630 ἕνεκεν
299 569 469 642 αὐτὴν
498 571 800 643 ἀπέτεμες;
828 572 971 636 τίνος
995 574 1183 634 ἕνεκεν
1196 574 1299 627 οὐκ
1314 574 1531 643 ἀφῆκας
1546 572 1654 626 τῶν

24 672 40 729 3
96 655 475 723 παλαισμάτων
505 652 606 724 τὴν
626 654 905 719 ὑπόθεσιν,
946 656 1070 710 ἀλλ”
1090 657 1421 720 άπέκλεισας
1447 655 1508 708 τὸ
1529 657 1657 710 στά-

94 742 224 804 διον;
261 737 470 809 Ὠσπερ
510 735 577 790 ἂν
606 738 661 790 εί
687 754 772 801 τις
802 739 1234 810 παγκρατιάζειν
1275 739 1504 811 μέλλων,
1536 734 1655 792 εἶτα

94 820 297 892 πληγὰς
316 818 555 888 ἀφάτους
571 819 773 885 λαϐὼν,
799 822 896 875 καὶ
928 823 1002 894 μὴ
1031 823 1329 892 δυνάμενος
1342 820 1655 890 ἀντιστῆναι

93 904 282 968 λοιπὸν,
322 901 628 957 κελεύσειεν
665 906 967 976 ἐκκοπῆναι
994 905 1089 959 τοῦ
1119 904 1522 974 άνταγωνιστοῦ
1556 904 1655 969 τὰς

91 990 289 1058 χεῖρας,
322 986 419 1039 καὶ
457 985 630 1048 οὕτως
655 986 820 1040 αὑτὸν
842 987 1015 1053 παίοι,
1052 990 1112 1043 οὐ
1143 989 1304 1060 χρεία
1330 987 1513 1041 λοιπὸν
1547 986 1657 1040 ἐτέ-

95 1086 188 1141 ρας
218 1068 543 1135 άποδείξεως
566 1068 703 1140 πρὸς
729 1068 790 1121 τὸ
813 1070 913 1140 τὴν
940 1069 1103 1142 νίκην
1124 1071 1201 1141 τῷ
1221 1070 1320 1133 τὰς
1352 1073 1541 1141 χεῖρας
1566 1070 1656 1123 ὲκ-

88 1149 301 1205 κοπέντι
325 1149 685 1221 ψηφίσασθαν
710 1151 853 1205 οὕτω
885 1152 947 1223 δὴ
983 1152 1129 1227 [616]
1161 1154 1255 1208 καὶ
1285 1155 1378 1207 ἐπὶ
1397 1152 1491 1207 τοῦ
1518 1153 1655 1224 μάρ-

85 1252 239 1307 τυρος
287 1236 596 1306 σαφεστέρα
654 1236 872 1290 πάντων
916 1237 1187 1303 ἀπόδειξις
1212 1238 1249 1309 ή
1289 1239 1387 1308 τῆς
1410 1237 1655 1308 γλώττης

86 1319 286 1389 ἐκκοπὴ
325 1319 518 1386 γέγονε
542 1317 643 1386 τῆς
668 1318 809 1371 κατά
841 1319 934 1372 τοῦ
966 1320 1211 1374 διαϐόλου
1246 1319 1421 1390 νίκης.
1453 1318 1517 1372 Εί
1546 1319 1654 1389 γὰρ

82 1401 172 1456 καὶ
193 1400 361 1472 θνητὴ
400 1397 469 1471 ἦν
493 1401 527 1471 ὴ
552 1400 788 1467 γλῶττα,
832 1402 949 1454 ἀλλ’
995 1403 1181 1474 ἐπειδὴ
1220 1402 1463 1457 ἀθάνατα
1488 1403 1656 1475 τραύ-

85 1502 225 1553 ματα
268 1483 468 1538 δέδωκε
520 1483 600 1553 τῷ
636 1483 887 1553 διαϐόλῳ,
930 1486 1019 1539 διὰ
1064 1484 1223 1540 τοῦτο
1276 1486 1398 1539 κατ’
1437 1486 1653 1554 ἐκείνης

80 1568 338 1620 ἕπνευσεν
365 1565 504 1630 ὅλος,
532 1565 729 1619 ἑαυτὸν
767 1566 866 1636 μὲν
905 1569 985 1631 είς
1018 1566 1241 1638 μείζονα
1269 1567 1540 1620 καθιστῶν
1562 1569 1651 1621 αίο

78 1650 300 1720 σχύνην,
323 1648 402 1718 τῷ
433 1648 490 1702 δὲ
526 1649 766 1719 μάρτυρι
799 1650 1180 1721 λαμπρότερον
1218 1649 1387 1703 ποιῶν
1419 1648 1510 1705 τὸν
1535 1648 1653 1702 στέ-

79 1749 263 1801 φανον.
307 1732 516 1803 Ὥσπερ
544 1731 654 1804 γὰρ
708 1732 1019 1802 θαυμαστὸν
1050 1734 1219 1804 χωρἰς
1254 1730 1409 1805 ῥίζης
1437 1732 1652 1803 δένδρον

81 1819 224 1909 ἰδεῖν,
272 1816 372 1877 καὶ
418 1815 588 1909 χωρὶς
628 1815 811 1886 πηγῆς
861 1815 1126 1909 ποταμόν’
1160 1814 1304 1869 οὕτω
1343 1815 1436 1870 καλ⁸
1484 1815 1653 1886 χωρὶς

77 1900 322 1971 γλώττης
350 1900 555 1970 φωνήν.

142 1982 182 2036 δ’
193 2024 207 2038 .
236 1981 353 2037 Ποῦ
370 1982 464 2035 νῦν
481 1983 617 2035 εἰσιν
633 1983 681 2036 οἱ
704 1983 771 2053 τῇ
806 1981 913 2037 τῶν
931 1982 1198 2053 σωμάτων
1224 1982 1515 2036 ἀναστάσει
1541 1982 1655 2036 δια-

76 2068 428 2131 πιστοῦντες;
481 2065 613 2119 Ἰδοὺ
640 2068 673 2136 ἡ
718 2066 870 2136 φωνὴ
902 2068 996 2119 καὶ
1028 2065 1265 2121 ἀπέθανε
1302 2067 1396 2119 καὶ
1432 2066 1653 2137 ἀνέστη,

73 2150 164 2204 καὶ
186 2150 245 2202 ἐν
266 2149 370 2220 μιᾷ
393 2145 590 2219 καιροῦ
624 2149 763 2218 ῥοπῇ
794 2147 967 2202 ταῦτα
986 2148 1270 2218 ἀμφότερα
1303 2147 1657 2216 γέγονε.Καί-

71 2249 150 2284 τοι
182 2231 348 2285 τοῦτο
374 2231 476 2301 τῆς
502 2230 612 2284 τῶν
649 2231 920 2300 σωμάτων
951 2230 1300 2294 ἀναστάσεως
1328 2230 1506 2302 πολλῷ
1542 2234 1657 2297 μεί-

72 2315 163 2379 ζόν
195 2317 368 2369 ἐστιν’
398 2316 521 2373 ἐκεῖ
553 2315 651 2386 μὲν
687 2314 798 2385 γὰρ
830 2315 864 2384 ἡ
900 2313 1062 2382 φύσις
1085 2313 1195 2368 τῶν
1238 2314 1505 2383 σωμάτων
1524 2314 1656 2368 61:6-

71 2416 271 2461 κειται,
307 2400 342 2470 ή
378 2398 628 2462 σύνθεσις
669 2397 727 2450 δὲ
763 2396 1069 2450 διαλέλυται
1118 2397 1300 2470 μόνον’.
1344 2398 1574 2454 ἐνταῦθα
1598 2399 1656 2453 δὲ

68 2483 207 2553 αὐτὴ
239 2483 273 2552 ἠ
299 2468 560 2544 ὑπόθεσις
580 2480 681 2551 τῆς
711 2480 898 2549 φωνῆς
931 2468 1188 2551 ἀνῄρητο,
1214 2468 1327 2533 ἀλλ’
1343 2480 1493 2550 ὅμως
1526 2480 1658 2551 λαμ-

66 2564 321 2634 προτέρα
351 2564 514 2617 πάλιν
549 2563 817 2632 ἐγίγνετο.
849 2561 1042 2615 Καίτοι
1080 2579 1143 2630 γε
1175 2561 1338 2616 αὐλοῦ
1364 2562 1461 2625 τὰς
1486 2562 1658 2631 γλωτ-

64 2651 218 2713 τίδας
242 2649 315 2703 ἂν
338 2648 564 2721 ἀφέλῃς,
610 2648 881 2718 ἄχρηστον
906 2646 1091 2715 λοιπὸν
1120 2650 1295 2701 κεῖται
1314 2648 1374 2699 τὸ
1405 2646 1654 2719 ὄργανονο

59 2733 181 2788 ἀλλ’
203 2732 311 2803 ούχ
346 2731 523 2795 οὕτως
548 2733 577 2785 ό
598 2731 759 2795 αὐλὸς
798 2732 827 2783 ὁ
858 2732 1247 2802 πνευματικὸς,
1281 2731 1417 2785 ἀλλά
1446 2731 1540 2785 καὶ
1562 2730 1658 2802 τὴν

60 2816 319 2885 γλῶτταν
354 2813 671 2884 ἀφαιρεθεὶς
703 2813 764 2866 οὐ
812 2813 968 2885 μόνον
1022 2813 1123 2866 οὐκ
1169 2809 1236 2885 ἦν
1264 2812 1498 2882 ἄφωνος,
1524 2811 1660 2866 ἀλλά

61 2900 158 2953 καὶ
187 2896 603 2973 ἐμμελέστερον
632 2896 728 2949 καὶ
766 2895 1169 2967 μυστικώτερον
1187 2895 1336 2966 ἠφίει
1369 2894 1546 2973 μέλος,
1564 2895 1659 2949 καὶ

60 2982 207 3053 μετὰ
239 2981 495 3043 πλείονος
523 2981 622 3049 τῆς
675 2977 1006 3050 ἐκπλήξεως.
1049 2980 1158 3032 Καὶ
1192 2980 1285 3032 ἐπὶ
1330 2972 1560 3050 κιθάρας
1603 2978 1662 3032 δὲ

60 3068 254 3127 πάλιν,
290 3065 364 3119 ἂν
399 3064 462 3118 τὸ
494 3062 770 3134 πλῆκτρόν
800 3079 884 3125 τις
914 3063 1198 3135 ἐξαρπάσῃ
1231 3062 1410 3132 μόνον,
1439 3062 1608 3134 ἀργὸς
1633 3063 1662 3114 6

55 3151 352 3221 τεχνίτης,
394 3150 666 3219 ἄχρηστος
691 3148 724 3218 ἡ
752 3147 934 3217 τέχνη,
965 3146 1191 3216 μάταιον
1218 3145 1279 3199 τὸ
1305 3146 1534 3216 ὄργανον
1576 3146 1664 3215 γί-

57 3249 282 3301 γνεται*
318 3232 557 3286 ἐνταῦθα
605 3231 663 3284 δὲ
703 3229 858 3285 οὐδὲν
899 3230 1159 3295 τοιοῦτον,
1187 3228 1324 3283 ἀλλὰ
1355 3229 1662 3282 τούναντίον

54 3318 230 3373 ἅπαν.
284 3316 405 3370 Καὶ
427 3315 535 3386 γάρ
581 3311 648 3386 ἦν
677 3313 875 3385 κιθάρα
899 3314 961 3367 τὸ
991 3313 1184 3384 στόμα,
1212 3310 1277 3382 ἦν
1300 3313 1572 3383 πλῆκτρον
1624 3315 1659 3384 ἡ

53 3402 312 3469 γλῶττα,
345 3397 596 3467 τεχνίτης
629 3396 689 3449 δὲ
723 3398 756 3466 ἡ
785 3396 953 3466 ψυχὴ,
994 3397 1086 3450 καὶ
1123 3395 1289 3465 τέχνη
1321 3397 1355 3465 ἡ
1382 3395 1658 3465 ὁμολογία·

54 3485 175 3538 ἀλλ’
201 3485 374 3555 ὅμως
399 3480 794 3552 ἀφαιρεθέντος
833 3480 928 3533 τοῦ
960 3478 1260 3548 πλήκτρου,
1289 3478 1391 3549 τῆς
1412 3477 1665 3551 γλώσσης

51 3568 227 3635 λέγω,
264 3565 404 3620 οὔτε
434 3567 462 3617 ὁ
482 3563 752 3633 τεχνίτης.
775 3561 898 3619 οὔτε
928 3563 960 3632 ἡ
984 3561 1170 3632 τέχνη,
1191 3560 1315 3615 οὔτε
1342 3561 1404 3614 τὸ
1432 3561 1662 3630 ὄργανον

52 3650 352 3720 ἄχρηστον
386 3646 628 3715 γέγονεν,
653 3644 792 3698 ἀλλά
837 3645 1015 3698 πάντα
1043 3644 1144 3715 τὴν
1181 3643 1395 3698 οίκείαν
1432 3643 1664 3715 δύναμιν

49 3734 452 3787 ἐπεδείκνυτο.
495 3729 589 3791 Τίς
621 3727 793 3781 ταῦτα
824 3729 1083 3798 ἐποίησες
1118 3726 1203 3788 τίς
1226 3726 1396 3780 ταῦτα
1423 3726 1663 3792 ἐπέδειξε

48 3817 121 3869 τά
146 3812 469 3885 θαυμαστά
501 3812 594 3866 καὶ
617 3809 923 3883 παράδοξα;
969 3811 1025 3863 ὐ
1050 3810 1180 3872 Θεὸς
1206 3809 1235 3861 6
1263 3807 1437 3862 ποιῶν
1452 3807 1666 3879 θαυμά-

48 3916 145 3953 σια
189 3898 398 3969 μόνος,
425 3896 551 3967 περὶ
572 3887 633 3947 οῦ
667 3911 828 3964 φησιν
868 3895 899 3946 6
944 3892 1126 3956 Δαυῒδ,
1171 3893 1348 3960 Κύριε
1379 3895 1412 3946 ό
1448 3892 1664 3959 Κύριος

1150 372 1216 431 IN
1255 376 1313 432 8.
1354 371 1700 431 ΚΟΜᾹΝΠΜ
1739 369 2155 428 ΠΑΒΤῨΒΕΜ,
2182 369 2247 425 Il.

3214 377 3317 433 619

1756 487 2020 570 τωψτότε
2048 488 2206 558 φύσις
2240 486 2558 570 ἅωριςτνῦν
2584 486 2641 570 δὲ
2669 488 2843 556 στόμα
2875 483 3099 560 ἔρημον·
3139 492 3320 570 ἁπαλὴ

1755 568 1927 640 τότεὴ
1954 570 2079 642 ῥίζα
2113 573 2204 624 ἐπὶ
2226 571 2335 624 τῶν
2353 568 2555 622 παίδων
2587 565 2675 641 ἦν,
2705 571 2818 625 ἀλλ’
2847 576 2877 626 6
2902 575 3113 646 καρπὸς
3138 565 3321 651 ἀπηρξ

1756 650 2026 721 τισμίνοςο
2057 653 2291 708 ἐνταῦθα
2313 652 2371 705 δὲ
2398 652 2492 704 καὶ
2520 652 2657 724 αὐτὴ
2696 654 2730 725 ἡ
2765 654 2890 726 ῥίξα
2933 654 3190 730 ἀνῄρητο,
3229 650 3327 718 καὶ

1757 734 1904 818 ἡτοῦ
1935 735 2148 806 καρποῦ
2203 737 2418 804 γένεσις
2469 735 2571 789 οὑκ
2620 737 2905 792 ἐκωλύετο·
2954 745 3168 813 καρπὸς
3213 746 3327 818 γὰρ

1754 817 2002 889 γλώττης
2024 821 2200 892 φωνή.
2232 820 2659 892 Θαυμαστότερα
2672 820 2741 874 τὰ
2762 821 2965 896 ὕστερα
2992 825 3100 880 τῶν
3128 817 3325 900 προτέ-

1759 919 1889 972 ρων.
1948 904 2058 957 Καὶ
2095 903 2204 977 γὰρ
2233 904 2320 958 ἵνα
2350 904 2525 958 ταῦτα
2577 905 2650 976 μὴ
2680 905 2999 978 ἀπιστῆται,
3041 909 3129 963 διὰ
3165 911 3327 967 τοῦτο

1756 985 1940 1038 ἐκεῖνα
1989 987 2352 1058 προέδραμεν,
2400 987 2487 1041 ἵνα
2510 988 2570 1041 ἐν
2601 987 2809 1052 τούτοις
2838 991 2912 1061 μὴ
2945 991 3335 1065 θορυϐώμεθαφ

1754 1066 1855 1136 τῆς
1899 1067 2138 1133 διανοίας
2172 1069 2332 1140 ἡμῶν
2368 1069 2430 1123 ὲν
2480 1070 2709 1131 ἐκείνοις
2754 1073 3167 1143 προεθισθείσης
3222 1075 3326 1137 Διά

1754 1149 1935 1213 τοῦτο,
1952 1150 2125 1205 ταῦτα
2152 1153 2486 1223 ἀπήντησεν,
2516 1153 2603 1207 ἵνα
2624 1154 2807 1208 ἐκεῖνα
2834 1155 2902 1213 τὰ
2923 1157 3100 1230 ἀφανῆ
3131 1158 3225 1213 καὶ
3255 1160 3326 1215 τά

1756 1232 1962 1286 παλαιὰ
1981 1233 2089 1286 ἀπὸ
2114 1234 2223 1289 τῶν
2264 1233 2510 1305 φανερῶν
2553 1236 2648 1289 καὶ
2678 1239 2871 1292 νεωστὶ
2903 1242 3204 1312 γενομένων
3235 1260 3326 1297 πι-

1758 1315 2034 1385 στεύηται.
2062 1315 2223 1372 Θῦτω
2246 1317 2377 1370 ποτὲ
2406 1317 2501 1370 καὶ
2523 1320 2557 1388 ἡ
2586 1318 2779 1386 ῥάϐδος
2828 1321 3037 1390 Ἀαρὼν
3064 1325 3326 1398 ἐϐλάστη-

1757 1414 1867 1461 σεν,
1891 1398 2080 1472 ὥσπερ
2117 1400 2418 1469 ἐϐλάστησε
2449 1400 2511 1453 τὸ
2549 1401 2724 1471 στόμα
2756 1402 2850 1457 τοῦ
2892 1402 3163 1475 μάρτυρος
3206 1409 3321 1466 νῦν.

1768 1481 1927 1535 Ἀλλὰ
1951 1482 2098 1545 τίνος
2119 1482 2306 1537 ἕνεκεν
2336 1482 2669 1554 ἐϐλάστησεν
2690 1486 2722 1553 ὴ
2742 1486 2936 1555 ῥάϐδος
2964 1486 3325 1562 Ἀαρὼντότες

1767 1564 1989 1636 Ἐπειδὴ
2038 1567 2067 1618 6
2098 1566 2277 1638 ίερεῦς
2321 1567 2636 1637 ὴτιμὰςετο.
2673 1569 2830 1633 Τίνος
2853 1569 2909 1623 δὲ
2942 1571 3124 1628 ἕνεκεν
3171 1574 3330 1628 ἐϐλά-

1756 1663 1920 1719 στησε
1953 1648 2050 1702 νῦν
2080 1648 2144 1701 τὸ
2175 1647 2348 1719 στόμα
2379 1648 2475 1702 τοῦ
2508 1650 2815 1722 μάρτυρος;
2865 1652 3083 1724 Ἐπειδὴ
3111 1656 3329 1727 ὁμέγας

1754 1732 2044 1815 ἀρχιερεὺς
2097 1732 2499 1804 ὲϐλασφημεῖτο
2560 1733 2768 1804 Ἰησοῦς
2811 1736 2841 1789 6
2888 1737 3143 1809 Χριστός.
3187 1742 3329 1815 Ὅρα

1755 1814 1903 1898 πόση
1952 1815 2045 1869 τοῦ
2092 1815 2371 1898 θαύματος
2422 1817 2520 1871 καὶ
2574 1819 2861 1887 συγγένεια
2913 1822 3008 1876 καὶ
3060 1824 3325 1898 ὑπεροχή.

1754 1896 2019 1980 Καθάπερ
2052 1896 2161 1969 γὰρ
2189 1898 2372 1968 ἐκείνη
2397 1900 2430 1970 ἡ
2468 1899 2660 1970 ῥάϐδος
2675 1901 2773 1971 οὐχ
2796 1903 3048 1976 ἡνωμένη
3067 1904 3212 1980 ῥίζῃ,
3236 1896 3331 1963 οὗ·

1753 1978 1812 2032 δὲ
1831 1979 2065 2034 ἕλκουσα
2081 1981 2198 2061 τὰς
2222 1981 2332 2036 ἀπὸ
2350 1983 2450 2053 τῆς
2478 1983 2583 2053 γῆς
2609 1985 2841 2050 νοτίδας,
2862 1986 2979 2041 ἀλλ’
3009 1978 3213 2061 ἔρημος
3229 1993 3330 2061 τῆς

1753 2064 2017 2135 χορηγίας
2044 2059 2178 2129 οὖσα
2200 2065 2301 2136 τῆς
2325 2065 2556 2130 ἐκεῖθεν,
2582 2067 2676 2120 καὶ
2701 2068 2797 2139 τὴν
2826 2059 3165 2141 καρπογόνον
3188 2059 3329 2129 ἁπο-

1755 2145 1956 2201 λέσασα
1986 2159 2013 2188 ει
2034 2147 2279 2218 δύναμιν.
2314 2147 2575 2219 ἐξαίφνης
2602 2151 2812 2221 καρπὸν
2839 2151 3056 2218 έδειξεν·
3100 2156 3243 2211 οὕτω
3264 2158 3328 2229 δὴ

1756 2231 1852 2282 καὶ
1889 2229 2122 2284 ἐνταῦθα
2146 2230 2297 2302 [617]
2327 2233 2361 2302 ἡ
2392 2232 2544 2303 φωνὴ
2572 2232 2671 2303 τῆς
2686 2232 2842 2306 ῥίζης
2871 2237 3330 2308 ἀποστερηθετσα,

1757 2313 1852 2365 καὶ
1882 2313 1981 2384 τὴν
2010 2313 2076 2365 ἐκ
2112 2313 2206 2366 τοῦ
2235 2314 2470 2384 ὀργάνου
2514 2314 2744 2385 δύναμιν
2779 2318 2880 2370 οὐκ
2911 2317 3130 2389 ἔχουσα,
3160 2322 3220 2375 ὲν
3243 2323 3332 2393 ξη-

1759 2394 1838 2466 ρῷ
1866 2396 1957 2448 καὶ
1979 2396 2158 2467 άγόνῳ
2187 2396 2412 2467 στόματι
2429 2396 2686 2468 ἐξαίφνης
2707 2398 3058 2472 ἐϐλάστησεν.
3108 2405 3193 2458 Ἐν
3213 2407 3336 2460 τού-

1756 2495 1833 2548 τῳ
1862 2478 1960 2549 μὲν
1991 2480 2024 2549 ἠ
2060 2479 2371 2548 συγγένεια,
2406 2481 2463 2532 ἐν
2512 2480 2683 2551 ἑτέρῳ
2722 2481 2779 2535 δὲ
2817 2485 2849 2554 ἡ
2899 2485 3162 2557 ὑπεροχή*
3196 2488 3330 2544 πολὺ

1756 2562 1866 2632 γὰρ
1886 2560 2148 2633 ἐκατέρου
2178 2560 2274 2615 τοῦ
2295 2561 2507 2632 καρποῦ
2549 2562 2608 2616 τὸ
2655 2564 2836 2634 μέσον.
2880 2566 2937 2618 '0
2968 2569 3066 2637 μὲν
3103 2570 3211 2640 γὰρ
3243 2572 3332 2625 αις

1760 2644 1957 2717 σθητδς
2001 2640 2090 2716 ἦν,
2129 2647 2159 2698 ὁ
2219 2645 2274 2698 δέ
2322 2646 2711 2716 πνευματικὸς,
2774 2649 2866 2702 καὶ
2914 2651 3041 2715 τοὺς
3072 2653 3333 2724 οὐρανοὺς

1760 2727 1986 2795 ἀνοίγων
2009 2728 2205 2791 αὐτοὺς
2222 2727 2302 2799 τῷ
2317 2728 2415 2799 τὴν
2441 2728 2622 2802 φωνὴν
2634 2730 2836 2803 ταύτην
2855 2733 3173 2789 άποτεκόντι
3187 2736 3330 2791 τότε.

1770 2809 1942 2880 ’Υπὲρ
1970 2808 2034 2881 δὴ
2057 2808 2263 2864 τούτων
2295 2811 2552 2866 ἁπάντων
2575 2813 2961 2885 συγχαίρωμεν
2975 2815 3055 2885 τῷ
3073 2817 3335 2889 μάρτυρι,

1758 2890 2080 2962 δοξάζωμεν
2108 2893 2199 2946 τὸν
2224 2892 2400 2948 ταῦτα
2427 2893 2944 2966 θαυματουργοῦντα
2974 2896 3128 2965 Θεὸν,
3165 2916 3338 2970 μιμη.

1767 2973 1989 3045 σώμεθα
2012 2974 2109 3047 τὴν
2130 2975 2408 3048 ὑπομονὴν
2438 2977 2534 3031 τοῦ
2583 2979 2885 3046 συνδούλου,
2923 2981 3329 3055 εὐχαριστήσω-

1768 3072 1867 3126 μεν
1900 3057 2041 3128 ὑπὲρ
2090 3058 2190 3128 τῆς
2214 3058 2436 3129 χάριτος
2459 3058 2537 3130 τῷ
2561 3061 2823 3130 Δεσπότῃ,
2857 3062 3109 3134 λάϐωμεν
3136 3066 3200 3118 ἐκ
3224 3061 3336 3118 τῶν

1763 3141 2069 3212 είρημένων
2124 3141 2315 3211 ἱκανὴν
2375 3142 2435 3205 ἐν
2470 3144 2583 3204 τοῖς
2616 3148 2939 3214 πειρασμοῖς
2967 3146 3333 3217 παράκλησιν,

1764 3224 1861 3279 καὶ
1884 3222 1983 3294 τὴν
2008 3222 2238 3294 δύναμιν
2262 3224 2355 3277 τοῦ
2387 3228 2749 3296 πεποιηκότος
2774 3229 2923 3299 ἡμᾶς
2950 3228 3091 3283 Θεοῦ
3125 3233 3221 3285 καὶ
3235 3227 3340 3300 τὴν

1764 3305 2092 3376 κηδεμονίαν
2131 3306 2596 3375 καταπλαγέντες,
2654 3309 2723 3363 τὰ
2751 3312 2881 3381 παρ’
2922 3312 3132 3367 ἑαυτῶν
3159 3308 3340 3366 πάντα

1763 3390 2129 3460 είσφέρωμεν,
2159 3392 2256 3444 καὶ
2280 3391 2350 3443 τὰ
2380 3391 2511 3462 παρ’
2547 3392 2714 3446 αὑτοῦ
2743 3394 2958 3461 πάντως
2984 3394 3192 3465 ἕψεται.
3217 3397 3341 3452 Κᾶν

1764 3472 2062 3543 ἄνθρωποι,
2091 3472 2193 3526 κᾶν
2221 3473 2495 3544 δαίμονες,
2541 3475 2644 3530 κᾶν
2674 3478 2837 3541 αὐτὸς
2862 3478 2892 3531 6
2922 3477 3168 3543 διάϐολος
3202 3483 3337 3551 ἡμῖν

1766 3554 2036 3626 πυκτεύῃ,
2086 3554 2248 3608 πλέον
2279 3555 2429 3610 οὐδὲν
2472 3556 2627 3612 ἔσται
2653 3562 2768 3623 τοῖς
2806 3559 3130 3630 πολεμοῦσιν
3183 3563 3335 3633 ἡμῖν’

1767 3638 1927 3710 μόνον
1961 3638 2027 3693 ἂν
2063 3639 2164 3710 τὴν
2207 3639 2411 3695 οἰκείαν
2437 3640 2833 3713 ἐπιδειξώμεθα
2874 3642 3205 3714 προθυμίαν,
3245 3648 3337 3700 καὶ

1764 3724 1867 3777 ὅσα
1883 3724 2010 3795 παρ’
2035 3722 2192 3793 ἡμῶν
2209 3725 2579 3796 εἰσενεχθῆναι
2594 3726 2699 3797 χρὴ
2721 3726 2896 3780 πάντα
2915 3728 3333 3798 είσενέγκωμεν.

1767 3804 1922 3860 Οῦτω
1954 3806 2063 3877 γὰρ
2108 3807 2207 3877 τὴν
2235 3807 2388 3877 παρά
2432 3808 2524 3861 τοῦ
2564 3808 2698 3862 Θεοῦ
2732 3809 2904 3881 ῥοπὴν
2923 3811 3336 3882 ἐπισπασόμεθα

1766 3888 2017 3953 ἐνταῦθα,
2050 3889 2146 3942 καὶ
2172 3889 2312 3942 κατὰ
2343 3888 2440 3960 τὴν
2472 3889 2769 3960 μέλλουσαν
2798 3891 2943 3962 ζωὴν
2987 3892 3186 3962 πολλῆς
3209 3894 3340 3948 ἁπο-

1765 3971 2035 4041 λαύσομεν
2098 3972 2256 4042 δόξης
2288 3972 2381 4026 καὶ
2421 3974 2714 4044 σωτηρίας
2765 3968 2832 4045 ἧς
2872 3975 3081 4044 γένοιτο
3127 3978 3336 4041 πάντας

1766 4055 1913 4125 ἡμᾶς
1943 4056 2239 4124 ἐπιτυχεῖν,
2274 4054 2454 4124 χάριτι
2487 4056 2581 4107 καὶ
2607 4054 2982 4127 φιλανθρωπίᾳ
3000 4056 3097 4111 τοῦ
3131 4058 3334 4128 Κυρίου

1765 4135 1924 4205 ἡμῶν
1968 4135 2142 4207 Ἰησοῦ
2174 4135 2434 4207 Χριστοῦ,
2468 4136 2587 4205 μεθ’
2637 4132 2697 4192 οὗ
2731 4137 2810 4207 τῷ
2864 4138 3060 4209 Πατρὶ,
3101 4140 3215 4211 ἄμα
3257 4141 3338 4212 τῷ

1770 4220 1908 4289 ἁγίῳ
1930 4219 2228 4289 Πνεύματι,
2257 4219 2404 4285 δόξα,
2432 4219 2569 4292 τιμὴ
2594 4221 2687 4275 καὶι
2709 4222 2928 4291 κράτος,
2948 4224 3027 4286 είς
3053 4225 3178 4287 τοὺς
3206 4224 3341 4279 αἰῶ-

1766 4321 1860 4367 νας
1888 4303 1995 4355 τιῦν
2022 4300 2254 4356 αἰώνων.
2304 4303 2494 4374 Ἀμήν.

45 3980 261 4050 ἡμῶν,
320 3978 411 4043 ὡς
458 3977 805 4047 θαυμαστὸν
830 3976 899 4029 τὸ
937 3976 1127 4044 ὄνομά
1151 3990 1275 4045 σουλ
1296 3974 1366 4027 ἐν
1394 3972 1562 4042 πάσῃ
1589 3973 1665 4043 τῇ

49 4063 153 4134 γῇ·
195 4063 299 4117 ὅτι
335 4059 573 4127 ἐπήρθη
620 4061 659 4128 ’ἡ
701 4055 1179 4128 μεγαλοπρέπειά
1228 4072 1343 4109 σου
1391 4055 1665 4124 ὑπεράνω

40 4147 174 4200 τῶν
197 4141 518 4212 στεφανῶν·
556 4142 625 4196 ἐκ
663 4143 962 4210 στόματος
996 4139 1229 4206 νηπίων
1260 4137 1358 4191 καί
1390 4135 1666 4203 θηλαζόν-

41 4246 172 4281 των
200 4225 571 4293 κατηρτίσω
623 4221 823 4278 αἶνον.
842 4223 975 4283 Τότε
1030 4221 1127 4291 μὲν
1177 4215 1271 4274 οὖν
1300 4220 1365 4272 ἐκ
1393 4216 1662 4287 πόματος

40 4310 278 4381 νηπίων
311 4307 428 4369 καί
452 4306 813 4377 θηλαζόντων,
840 4306 933 4360 νῦν
960 4304 1017 4359 δὲ
1046 4307 1111 4357 ἐκ
1146 4303 1413 4373 στόματος
1447 4301 1659 4370 ἀγλώτ-

730 4844 902 4939 ΕῙΣ
937 4845 1164 4930 ΤΟΝ
1202 4841 1541 4928 ΑΓΙΟΝ
1589 4842 2097 4941 ΜΑΡΤΥΡΑ
2136 4841 2717 4939 ΡΩΜΑΝΟΝ.

1691 5057 1773 5069 -.-

735 5231 925 5300 Λόγος
950 5229 1041 5297 β’,
1775 5223 1988 5297 θάρσος
2006 5225 2106 5298 τὴν
2139 5228 2443 5295 εὐσέϐειαν,
2473 5231 2666 5303 ὥσπερ
2685 5230 2746 5285 ἐν
2771 5229 3056 5301 σκάμμασι
3083 5228 3202 5298 ταῖς
3232 5227 3340 5281 τῶν

97 5315 694 5390 α’.Παλαῖστραιμέν
708 5313 954 5385 σώμασιν
967 5307 1668 5382 ἀνδρείανχαρίζονται,καϊ
1774 5305 1962 5361 παθῶν
1990 5306 2313 5381 ’διηγήσεσιν
2358 5313 2461 5367 ὑπὸ
2510 5305 2789 5386 μάρτυρος
2826 5311 3025 5375 παντὸς
3046 5310 3342 5379 τεταμένον

23 5409 252 5479 τέχνης
317 5386 642 5469 ἀθλητικῆς
672 5392 1001 5479 ἐπιστήμας·
1035 5392 1333 5479 μαρτύρων
1366 5392 1422 5445 δὲ
1460 5392 1667 5479 μνῆμαι
1769 5390 2314 5479 προθεῖσαιξδίαυλον.
2349 5397 2587 5466 Τοιαύτη
2617 5398 2650 5466 ἡ
2675 5395 2769 5448 τοῦ
2794 5396 3041 5479 σήμερον⁸
3064 5409 3342 5479 στεφανωῖ
3380 5386 3384 5396 ’

23 5472 155 5556 ταῖς
196 5472 341 5542 τῶν
378 5481 656 5550 δαιμόνων
685 5479 784 5543 τὰς
807 5478 982 5549 ψυχὰς
1023 5473 1400 5538 ἁνθοπλίξουσι
1427 5475 1666 5545 τέχναις,
1772 5472 1959 5537 θέντος
1988 5474 2219 5548 ἀθλητοῦ
2268 5481 2474 5551 μνήμη.
2501 5480 2600 5544 Τίς
2627 5478 2736 5550 γὰρ
2764 5477 2865 5531 οὐκ
2890 5477 2960 5531 ἂν
2987 5474 3057 5529 τὰ
3088 5474 3229 5529 κατά
3247 5474 3342 5528 τοῦ

23 5578 125 5631 καὶ
180 5570 358 5643 πρὸς
432 5564 529 5628 τὰς
580 5563 702 5618 κατ’
752 5562 979 5616 ἐκείνων
1029 5556 1434 5643 παιδοτριϐοῦσι
1470 5557 1662 5643 λαϐάς.
1768 5556 2018 5643 διαϐόλου
2050 5559 2343 5631 θαρῥήσειε
2362 5564 2664 5633 σκάμματα
2693 5564 2804 5627 τοῖς
2824 5560 2918 5615 τοῦ
2948 5561 3222 5632 μάρτυρος
3243 5558 3344 5629 τὴν

23 5659 134 5714 Τὸν
205 5640 350 5725 fa?
423 5646 712 5717 ἀθλητικὸν
756 5643 1176 5716 δημοσιεύουσαι
1231 5640 1384 5725 τόνον
1428 5640 1524 5694 καὶ
1569 5641 1669 5712 τὴν
1775 5640 1950 5712 ψυχὴν
1982 5643 2405 5716 παιδοτριϐήσας
2426 5647 2820 5717 παλαίσμασιν,
2846 5644 2905 5699 ὃν
2936 5644 3342 5713 τοσούτωωκινο

23 5723 355 5797 “ivga—109
389 5728 537 5800 πρός
574 5728 673 5793 τὰς
704 5728 973 5799 μάστιγας
1008 5725 1203 5796 πάλην,
1250 5723 1550 5795 ἐγείρουσιν
1588 5728 1668 5789 εἰς
1774 5725 2016 5781 δύνωνού
2036 5728 2318 5783 κατέσεισε
2346 5729 2547 5801 πλῆθος
2561 5747 2581 5797 ;ν
2602 5728 2779 5784 Πολλὴ
2808 5728 2916 5802 γάρ
2941 5745 3024 5794 τις
3054 5726 3133 5799 τῷ
3156 5725 3345 5798 κόσμῳ
