3860 6286
523 542 624 609 τῆς
655 538 912 602 ἀσεϐείας
934 542 1052 594 τότε
1079 544 1332 615 τυραννὶς
1363 547 1672 617 ἐνωρχεῖτο,
1705 547 1799 601 καὶ
1822 546 2099 600 θάλασσαν

524 628 591 678 ἐκ
619 622 796 695 βυθῶν
826 623 1076 694 ἐμιμεῖτο
1092 627 1376 699 σειομένην
1396 631 1424 681 ό
1455 629 1589 699 βίος,
1612 629 1808 684 καὶτοῦ
1831 630 2100 697 πελάγους

521 710 604 772 είς
634 708 731 778 τὴν
763 708 869 778 γῆν
921 707 978 760 αί
1014 710 1300 780 τρικυμίαι
1339 712 1696 783 μετέστησαν,
1752 714 1845 766 καὶ
1873 711 2099 782 σφοδρὸν

518 792 580 845 τὸ
609 791 709 861 τῆς
740 789 1023 854 εὐσεϐείας
1063 792 1271 862 σκάφος
1297 793 1616 858 δυσσεϐείας
1635 796 1945 866 περιήντλει
1972 796 2100 848 κλυ-

517 874 727 939 δώνιον,
749 875 809 927 ἐν
838 867 885 942 ᾧ
904 873 1090 928 πολλοὶ
1104 876 1205 945 μὲν
1226 876 1413 947 νεκροὶ
1443 878 1722 948 πανταχοῦ
1747 877 2095 949 κυϐερνῆται,

518 956 730 1012 ναυτῶν
757 957 815 1011 δὲ
849 958 950 1011 οὐκ
979 957 1161 1027 ὀλίγος
1181 958 1414 1031 ἀριθμὸς
1448 962 1801 1033 ὑποϐρύχιος·
1836 948 2013 1015 πάντα
2040 960 2097 1013 δὲ

513 1038 584 1112 ἦν
611 1041 792 1110 φόϐων
821 1041 1036 1113 πικρῶν
1072 1042 1167 1095 καὶ
1210 1043 1486 1111 ναυαγίων
1519 1046 1821 1115 ἀνάμεστα.
1867 1045 2097 1098 Ἔπνεον

518 1124 760 1195 βασιλεῖς
787 1123 1102 1193 καταιγίδος
1144 1124 1526 1196 σφοδρότερον,
1566 1127 1804 1198 φοϐερὰς
1840 1126 2097 1198 τύραννοι

512 1208 809 1279 τρικυμίας
857 1209 1086 1280 ἐπῆγον,
1137 1209 1415 1279 ἀρχόντων
1458 1212 1849 1283 συγκεκίνηντο
1894 1209 2093 1281 θρόνοι,

434 1322 451 1331 -
511 1290 765 1346 δικασταὶ
795 1291 894 1360 τὴν
928 1293 1006 1354 εἰς
1037 1292 1270 1362 Χριστὸν
1298 1294 1593 1364 ἐκήρυττον
1609 1295 1864 1365 ἄρνησιν,
1893 1292 2097 1363 πικράς

512 1374 805 1445 νομοθέται
821 1373 1095 1444 τιμωρίας
1114 1373 1396 1442 ἠπείλουν,
1430 1375 1567 1446 πρὸς
1588 1376 1686 1439 τὰς
1704 1377 1810 1432 τῶν
1829 1376 2097 1446 δαιμόνων

511 1458 707 1528 ἄνδρες
736 1457 927 1520 θυσίας
982 1457 1314 1526 ἡρπάζοντο,
1353 1459 1491 1530 πρὸς
1527 1459 1625 1530 τήν
1661 1459 1770 1513 τῶν
1806 1459 1956 1531 [618]
1988 1458 2095 1528 βω-

517 1539 634 1611 μῶν
655 1540 898 1593 εἶλκοντο
915 1537 1199 1609 βδελυρίαν
1219 1544 1495 1607 γυναῖκες·
1524 1542 1785 1612 ἐσύροντο
1809 1542 1945 1614 πρὸς
1965 1541 2096 1596 ταύ-

510 1640 614 1696 την
639 1625 735 1677 καὶ
766 1623 1020 1696 παρθένοι
1044 1626 1145 1697 τὴν
1172 1625 1395 1691 λύσσαν,
1421 1628 1621 1695 φυγαῖς
1648 1627 1810 1697 ἱερεῖς
1839 1627 1934 1681 καὶ
1959 1643 2095 1696 σφα-

510 1711 638 1777 γαῖς
664 1708 1029 1779 παρεδίδοντο,
1056 1709 1166 1763 τῶν
1193 1708 1352 1781 ἱερῶν
1385 1708 1679 1779 ἠλαύνοντο
1700 1712 1750 1764 οί
1785 1711 1966 1763 πιστοὶ
1997 1727 2095 1763 πε-

514 1790 761 1863 ριϐόλων.
782 1791 927 1863 Πρὸς
957 1791 1293 1863 τηλικαύτην
1322 1792 1352 1845 6
1392 1794 1603 1863 μάρτυς
1628 1792 1956 1858 ἐξωπλίζετο
1985 1791 2093 1862 μά-

506 1892 632 1944 χην,
663 1874 758 1928 καὶ
783 1873 1058 1939 τοσούτοις
1084 1876 1184 1946 τὴν
1209 1874 1435 1948 γνώμην
1459 1873 1726 1939 κινδύνοις
1757 1873 2091 1946 ἀνθίστησιν,

507 1958 698 2028 ὥσπερ
744 1958 868 2013 τινὰ
903 1950 1245 2029 σκιάμαχίαν
1288 1957 1465 2026 γελῶν
1500 1957 1602 2029 τὴν
1634 1956 1957 2028 παράταξιν,
2002 1958 2094 2012 καὶ

504 2042 757 2115 καθάπερ
789 2043 847 2095 ἐν
885 2042 1209 2113 σκάμμασιν
1245 2041 1367 2096 ἀντὶ
1395 2041 1601 2107 κόνεως
1630 2044 1697 2114 τῇ
1729 2042 1915 2097 πίστει
1964 2042 2094 2107 τοὺς

501 2126 763 2190 δικαστὰς
791 2126 1190 2193 καταπάσσων,
1209 2124 1354 2180 οὕτω
1384 2124 1485 2197 τὴν
1512 2124 1609 2180 τοῦ
1638 2126 1759 2180 τότε
1781 2125 2093 2191 δικάζοντος

499 2208 819 2282 ἀνερρίπιζε
857 2222 885 2251 ι
913 2207 1162 2280 γνώμην,
1203 2208 1403 2281 δρόμον
1450 2207 1600 2278 αὐτῷ
1642 2208 1785 2263 κατὰ
1824 2210 1924 2281 τῆς
1965 2210 2090 2263 Ἐκ-

500 2293 734 2365 κλησίας
790 2291 1167 2364 μελετώμενον
1219 2292 1444 2362 στήσας.
1473 2290 1566 2344 Διὸ
1600 2291 1664 2363 δὴ
1697 2290 1835 2362 πρὸς
1870 2290 2091 2346 κόλασιν

499 2377 667 2442 ὀξέως
695 2377 724 2429 6
753 2376 1001 2444 γενναῖος
1038 2374 1381 2446 ἀνήρπαστο,
1415 2372 1512 2427 καὶ
1535 2371 1728 2427 πολλαὶ
1768 2373 1869 2445 μὲν
1917 2390 2089 2445 προσ-

500 2461 700 2529 ήγοντο
728 2457 1009 2528 τιμωριῶν
1042 2455 1330 2510 ποικιλίαι·
1367 2458 1397 2509 6
1453 2454 1662 2526 μάρτυς
1693 2455 1750 2509 δὲ
1786 2455 2090 2527 προσεῴκει

502 2540 728 2612 κιθάρᾳ,
757 2539 841 2610 τῷ
864 2539 972 2593 τῶν
1003 2538 1256 2611 βασάνων
1283 2539 1544 2610 πλήκτρῳ
1579 2538 1716 2609 πρὸς
1733 2537 1968 2607 φθόγγον
2001 2556 2089 2592 κι-

499 2623 785 2696 νούμενος·
819 2622 1136 2694 συνέτριϐον
1164 2621 1228 2675 τὸ
1259 2620 1421 2692 σῶμα
1453 2622 1480 2661 b
1522 2620 1879 2692 περιστάντες
1911 2623 1962 2674 οἱ
1991 2620 2087 2692 δή-

504 2727 640 2782 μιοι,
671 2709 802 2774 ὁδέ,
842 2708 919 2771 ὡς
947 2706 1147 2779 χαλκός
1197 2723 1302 2769 τις,
1346 2706 1447 2775 τῆς
1497 2705 1778 2769 εὐσεϐείας
1815 2705 1877 2759 τὸ
1929 2707 2087 2776 μέλος

501 2793 703 2864 ὑπήχει
728 2791 1081 2864 κρουόμενος·
1113 2788 1431 2861 κρεμῶντες
1453 2790 1545 2842 ἐπὶ
1567 2788 1723 2853 ξύλου
1749 2788 2086 2855 κατέξαινον,

499 2878 530 2929 6
559 2876 616 2929 δὲ
641 2875 718 2939 ὼς
743 2875 961 2946 δένδρον
987 2874 1134 2944 ζωῆς
1161 2872 1224 2926 τὸ
1252 2871 1405 2937 ξύλον
1419 2869 1713 2943 ἠσπάζετο·
1743 2871 1819 2936 ὡς
1847 2872 2088 2942 πλευράς

498 2959 595 3012 τοῦ
623 2958 831 3013 δικαίου
857 2956 955 3021 τὰς
984 2954 1218 3030 παρειὰς
1239 2955 1652 3027 διεσπάραττον,
1688 2954 1787 3010 όδέ
1811 2955 1886 3020 ὡς
1908 2955 2089 3009 πλείο-

499 3060 567 3096 να
597 3042 840 3112 στόματα
858 3040 1152 3110 λαμϐάνων
1201 3039 1583 3111 ἐρῤητόρευεν,
1619 3038 1715 3091 καὶ
1752 3037 1924 3109 καινῷ
1956 3055 2088 3092 κατ-

497 3126 701 3197 ῄσχυνε
732 3125 824 3180 τὸν
845 3125 1139 3180 ἀντίπαλον
1170 3123 1447 3194 πτώματι.

581 3210 669 3272 Ὧς
692 3208 800 3280 γάρ
833 3203 941 3262 εἶδε
968 3208 1060 3261 τὸν
1083 3207 1346 3278 δικαστὴν
1376 3207 1514 3280 πρὸς
1534 3206 1634 3279 τὴν
1668 3207 1779 3262 τῶν
1812 3208 2085 3277 δαιμόνων

500 3291 736 3362 σπουδὴν
759 3290 921 3345 αὑτὸν
942 3289 1173 3344 ἐκκαλού
1184 3307 1362 3361 μενον,
1397 3291 1539 3343 αἰτεῖ
1568 3289 1767 3361 βρέφος
1793 3289 1853 3355 ἐξ
1878 3292 2085 3364 ἀγορᾶς

497 3374 759 3445 ἀχθῆναι,
785 3374 861 3437 ὼς
893 3375 1070 3426 ἐκεῖνο
1096 3372 1204 3425 τῶν
1241 3371 1594 3444 ζητουμένων
1626 3373 1778 3445 παρά
1800 3371 1893 3427 τοῦ
1927 3373 2085 3426 δικα-

500 3456 631 3510 στοῦ
666 3455 861 3527 κριτὴν
882 3454 1261 3526 ποιησόμενος·
1285 3455 1379 3508 καὶ
1401 3454 1761 3526 προσαχθέντι
1788 3454 1866 3525 τῷ
1894 3454 2083 3527 βρέφει

497 3538 597 3610 τὴν
624 3539 752 3610 περὶ
800 3537 911 3590 τῶν
962 3537 1336 3608 προκειμένων
1363 3537 1637 3608 προσῆγεν
1665 3536 1950 3609 ἐρώτησιν.
1979 3539 2084 3591 Τέο

498 3640 646 3688 κνον,
678 3621 833 3691 φησι,
866 3620 1073 3674 δίκαιόν
1104 3623 1219 3674 ἐστι
1250 3619 1341 3673 τὸν
1364 3619 1497 3674 Θεὸν
1529 3621 1924 3692 προσκυνεῖν,ῆ
1958 3622 2083 3685 τοὺς

497 3707 656 3770 θεοὺς
686 3705 810 3770 τοὺς
864 3703 1191 3775 λεγομένους
1235 3703 1340 3756 ὑπὸ
1367 3702 1607 3771 τούτων;
1650 3705 1822 3775 Πολλὴ
1854 3705 1957 3774 τῆς
1987 3705 2082 3758 τοῦ

499 3791 779 3861 μάρτυρος
813 3788 1056 3858 σοφίαςή
1087 3787 1393 3858 περιουσία·
1424 3786 1517 3840 τοῦ
1538 3787 1794 3841 δικαστοῦ
1824 3787 2083 3858 δικαστὴν

494 3874 559 3926 τὸ
588 3872 803 3926 παιδίον
825 3870 1058 3936 καθίζει·
1093 3871 1156 3923 τὸ
1206 3870 1263 3923 δὲ
1297 3870 1438 3942 ὑπὲρ
1482 3870 1577 3924 τοῦ
1608 3870 1846 3942 Χριστοῦ
1871 3872 2083 3942 ταχέως

497 3958 817 4027 ἀπεφήνατο
843 3955 1045 4025 ψῆφον,
1077 3954 1164 4007 ἵνα
1200 3953 1384 4026 δειχθῇ
1409 3955 1505 4008 καὶ
1538 3954 1730 4009 παιδία
1747 3953 2081 4007 -δυσσεϐούν-

494 4058 603 4094 των
650 4038 921 4093 δικαστῶν
952 4037 1313 4108 συνετώτερα,
1365 4038 1567 4109 μᾶλλον
1608 4037 1667 4091 δέ
1709 4037 1797 4091 ἴνα
1828 4041 1969 4109 φανῇ
2005 4037 2079 4110 μὴ

499 4125 660 4195 μόνον
691 4123 903 4196 μάρτυς
955 4124 984 4176 6
1020 4123 1250 4193 μάρτυς,
1293 4120 1432 4175 ἀλλὰ
1474 4122 1567 4175 καὶ
1606 4121 1900 4194 μαρτύρων
1932 4122 2079 4176 ἀλεί-

496 4224 659 4276 πτης.
691 4205 826 4259 Οὑδέ
847 4204 1006 4260 τοῦτο
1033 4204 1089 4258 δὲ
1111 4205 1261 4274 ὅμως
1282 4204 1383 4276 τὴν
1408 4203 1730 4276 δικαστικὴν
1755 4203 2078 4258 ὑπεσκέλισε

494 4289 719 4353 λύσσαν,
771 4287 884 4341 ἀλλ’
915 4287 1076 4350 εὐθὺς
1101 4288 1210 4358 ζέπὶ
1239 4286 1400 4353 ξύλου
1455 4286 1595 4358 μετά
1645 4287 1741 4341 τοῦ
1787 4285 2021 4358 βρέφους
2051 4287 2080 4338 ό

499 4374 710 4444 μάρτυς
745 4369 1044 4442 ήρπάζετο,
1075 4370 1171 4424 καὶ
1196 4370 1298 4441 τὴν
1333 4368 1429 4424 τοῦ
1457 4369 1613 4434 ξύλου
1635 4369 1858 4423 κόλασιν
1887 4369 2079 4440 εἱρκτὴ

493 4456 789 4528 διεδέχετο,
825 4454 1087 4523 κάκείνην
1139 4452 1319 4524 ψῆφος
1376 4453 1628 4517 ποικίλας
1666 4456 1779 4517 τοῖς
1818 4453 2079 4525 ἀθληταῖς

493 4540 595 4604 τάς
616 4537 886 4609 τιμωρίας
917 4535 1235 4609 μερίζουσα·
1254 4534 1316 4589 τὸ
1343 4535 1440 4606 μὲν
1460 4535 1570 4607 γάρ
1602 4534 1799 4607 βρέφος
1842 4534 2076 4607 θανάτῳ,

492 4623 586 4676 τὸν
609 4620 667 4674 δὲ
711 4621 965 4691 μάρτυρα
991 4621 1058 4690 τῇ
1086 4619 1184 4689 τῆς
1211 4617 1459 4688 γλώττης
1487 4619 1694 4689 ἐκτομῇ
1729 4618 2076 4674 κατεδίκασε.

494 4705 592 4767 Τίς
612 4703 811 4774 τρόπον
851 4700 1084 4773 κρίσεως
1109 4699 1351 4755 τοιοῦτον
1390 4700 1629 4771 ἀκήκοε;
1658 4700 1978 4772 μαστίζουσι
2001 4700 2079 4754 δι-

494 4784 699 4839 κασταὶ
730 4784 1077 4852 καταδίκους,
1126 4782 1164 4838 ἀ
1216 4782 1497 4837 συνίσασιν
1531 4783 1765 4847 ἑαυτοῖς,
1795 4781 2078 4853 ὁμολογεῖν

495 4866 915 4938 ἀναγκάζοντες,
946 4867 1198 4940 ἐκτέμνει
1244 4867 1303 4922 δὲ
1348 4866 1448 4939 τὴν
1489 4865 1741 4935 γλῶσσαν
1767 4865 1797 4918 6
1820 4866 1918 4938 τῆς
1943 4867 2076 4920 ἀσε-

495 4956 649 5019 ϐειας
671 4952 887 5026 κριτὴς,
910 4951 947 5007 ἀ
978 4951 1215 5007 σύνοιδεν
1251 4949 1427 5022 ἐαυτῷ
1461 4951 1618 5021 σιγᾷν
1650 4947 1988 5021 βιαζόμενος.
2011 4951 2077 5003 Ὢ

491 5035 669 5091 δεινοῦ
698 5036 1055 5107 κακοτεχνίας
1088 5036 1418 5108 εὑρήματος.
1446 5033 1773 5105 Φρονοῦσαν,
1810 5034 1964 5105 φησι,
2006 5034 2076 5087 τά

490 5121 585 5178 τοῦ
615 5120 970 5194 Χριστοῦπὴν
991 5119 1170 5191 ψυχὴν
1194 5119 1296 5173 οὑκ
1326 5117 1614 5190 ἐξέστησα,
1645 5117 1749 5172 κᾶν
1771 5115 1870 5189 τὴν
1889 5116 2075 5171 λαλοῦ-

492 5225 591 5262 σαν
625 5193 769 5279 ὐπέρ
802 5202 1043 5279 Χριστοῦ
1096 5203 1339 5273 διακόψω
1385 5202 1649 5271 γλῶτταν.
1682 5200 1975 5270 Ἐκκοψον,
2026 5193 2072 5255 ὦ

490 5291 745 5364 τύραννε,
770 5289 1043 5358 γλῶσσαν,
1070 5287 1171 5341 ἵνα
1189 5287 1367 5361 μάθῃς
1384 5286 1485 5358 τὴν
1502 5284 1661 5355 φύσιν
1681 5284 1774 5340 καὶ
1789 5284 2071 5354 ἄγλωσσον

489 5375 631 5446 ὑπὲρ
657 5372 894 5447 Χριστοῦ
925 5371 1344 5445 ῥητορεύουσαν·
1366 5368 1667 5439 ἐκκόλαψον
1692 5366 1790 5438 τὴν
1817 5366 2070 5436 γλῶσσαν

487 5458 582 5511 τοῦ
610 5456 895 5528 στόματος,
921 5457 1010 5510 ’ίνα
1032 5454 1210 5527 μάθῃς
1235 5452 1412 5525 ἀληθῆ
1436 5453 1527 5508 τὸν
1542 5451 1613 5506 τὰ
1624 5451 1939 5523 χαρίσματα
1959 5447 2069 5503 τῶν

487 5539 748 5608 γλωσσῶν
782 5541 1170 5612 ὑποσχόμενον.
1195 5538 1269 5595 Τὸ
1304 5538 1404 5609 μὲν
1437 5536 1546 5608 γὰρ
1567 5537 1667 5608 τῆς
1695 5534 1950 5606 γλώσσης
1976 5533 2067 5599 ἐξ-

489 5623 972 5694 έκοψενοϐργανον,
1022 5626 1052 5677 6
1087 5622 1246 5692 λόγος
1296 5621 1356 5675 δὲ
1405 5619 1631 5691 ἐξώρμα
1687 5617 2064 5690 σφοδρότερον,

554 5822 581 5850 ³
601 5820 734 5869 Idem
766 5821 893 5872 Reg.
919 5822 1219 5872 ἀπελάσασα.

554 5836 581 5850 ¹¹
601 5836 734 5869 mem
769 5836 841 5871 ne
883 5858 893 5869 .
919 5836 1219 5872 ἀπελάσασα.

549 5880 753 5955 ζδενὶὶ.
772 5889 824 5934 et
843 5836 973 5942 ﬁes.
990 5882 1451 5968 ξρορξιὸμεξνὲρξςιο,
1465 5881 1521 5969 τὲ
1540 5880 1704 5961 ῗδέιξαε

1768 6028 1791 6034 α·
1808 6024 1941 6041 νέοι-ἠ’
1968 6026 2076 6043 "nev

1235 428 1292 484 S.
1332 427 1619 484 JOANNIS
1650 426 2139 485 CHRYSOSTOMI
2178 426 2497 485 ARCHIEP.
2538 426 3091 485 CONSTANTINOP.

3683 431 3776 485 6N

2201 545 2389 617 ὥσπερ
2419 547 2679 617 ἐμποδίου
2714 546 2860 609 τινὸς
2908 546 3325 618 ἀπηλλαγμένος
3369 550 3467 619 τῆς
3514 548 3778 619 γλώττης

2198 635 2376 708 θέαμα
2392 637 2541 709 [619]
2567 638 2755 692 καινὸν
2780 639 2873 691 καὶ
2890 638 3213 709 παράδοξον·
3234 639 3492 710 σάρκινος
3509 640 3780 710 σαρκίνοις

2199 730 2456 801 ἀσάρκως
2485 728 2874 800 φθεγγόμενος.
2908 730 3126 800 Πρέπον
3153 730 3263 800 ἄρα
3291 729 3372 800 τῷ
3420 731 3668 801 μάρτυρι
3695 731 3781 782 τοῦ

2200 823 2478 893 προφήτου
2531 821 2593 874 τὸ
2644 806 2824 890 μέλος·
2895 820 3205 888 Ἐπλήσθη
3245 819 3437 888 χαρᾶς
3494 819 3561 874 τὸ
3593 823 3780 888 στόμα

2197 911 2388 981 ἡμῶν,
2414 912 2515 965 καὶ
2534 913 2574 980 ἡ
2591 910 2846 982 γλῶσσα
2870 911 3040 982 ἡμῶν
3059 897 3498 980 ἃγαλλιάσεως-
3519 912 3681 982 ⁵ιτς)ιῇ
3692 913 3778 982 aer,

2197 1006 2258 1059 τὺ
2293 1005 2466 1075 στόμα
2494 1006 2688 1075 χαρᾶς,
2722 1005 2908 1059 καινὸν
2939 1004 3086 1075 θῦμα
3119 1004 3195 1076 τῷ
3216 1005 3437 1077 Χριστῷ
3478 1005 3778 1076 προσκομί·

2199 1113 2298 1149 σαν
2326 1095 2423 1167 τὴν
2439 1095 2710 1162 γλῶσσαν·
2740 1095 2897 1166 ἔσχεν
2915 1098 2949 1167 ἡ
2972 1096 3191 1165 γλῶσσα
3208 1096 3408 1168 πολλὴν
3432 1097 3776 1165 ἀγαλλίασιν,

2197 1187 2502 1259 πρόδρομος
2533 1187 2744 1258 μάρτυς
2776 1186 3003 1254 ὀφθεῖσα
3046 1184 3141 1238 τοῦ
3175 1187 3474 1259 μάρτυρος.
3502 1188 3567 1239 Ὢ
3607 1187 3779 1255 γλώσο

2198 1292 2297 1346 σης
2329 1277 2464 1346 πρὸς
2489 1277 2616 1338 τοὺς
2644 1274 2754 1328 τῶν
2779 1274 3072 1347 μαρτύρων
3095 1275 3301 1347 δήμους
3317 1276 3414 1347 τὴν
3435 1276 3625 1346 ψυχὴν
3659 1293 3778 1349 προ-

2195 1365 2487 1437 λαϐούσης·
2545 1364 2591 1418 ὣ
2652 1365 2919 1436 στόματος
2977 1366 3355 1437 κρυπτόμενον
3416 1368 3779 1437 γεννήσαντος

2200 1457 2474 1529 μάρτυρα·
2509 1457 2556 1510 ὣ
2601 1455 2855 1527 γλώσσης
2904 1457 3290 1529 θυσιαστήριον
3339 1457 3707 1529 κτησαμένης
3729 1459 3780 1509 τὸ

2199 1548 2390 1623 στόμα·
2421 1546 2747 1619 ὣστόματος
2771 1550 2966 1619 ἱερεῖον
2996 1547 3340 1619 κτησαμένου
3378 1549 3478 1616 τὴν
3502 1548 3778 1616 γλῶσσαν·

2196 1638 2321 1693 ναὸν
2345 1638 2483 1710 ἔχων
2512 1639 2809 1711 ἐλελήθεις,
2839 1634 2885 1693 ὦ
2909 1641 3147 1708 γενναῖε,
3182 1640 3243 1692 τὸ
3271 1640 3472 1710 στόμα,
3496 1640 3635 1692 ναὸν
3661 1641 3721 1691 ἐν
3744 1634 3782 1706 ᾧ

2194 1729 2293 1800 τὴν
2315 1729 2469 1784 σύναι
2476 1747 2574 1801 μον
2593 1730 2844 1799 γλῶσσαν
2864 1740 2887 1769 α
2907 1724 3208 1801 πὰράδοξον
3221 1730 3432 1801 ἀμνάδα
3448 1729 3781 1794 κατέθυσας.

2267 1841 2436 1912 β⁹.Τίς
2448 1841 2555 1913 ἄρα
2574 1858 2666 1894 σου
2681 1841 2779 1905 τὰς
2794 1840 2995 1913 ἀρετάς
3006 1840 3170 1907 ἀξίως
3189 1841 3549 1912 στεφανώσειε
3567 1845 3781 1914 ρἡωρς

2198 1932 2430 1997 Ἐλαϐες
2466 1931 2620 2004 παρά
2668 1932 2768 2003 τῆς
2808 1928 3024 2002 φύσεως
3077 1931 3351 2001 γλῶσσαν,
3392 1934 3456 1987 σὺ
3509 1933 3569 1986 δέ
3608 1935 3782 2005 αὐτὴν

2194 2023 2491 2095 ἐξέθρεψας
2515 2022 2995 2095 μάρτυρα·ἐλαϐες
3020 2023 3195 2094 στόμα
3218 2023 3590 2095 φυλακτήριον
3609 2023 3786 2092 γλώσ.

2195 2131 2315 2186 σης.
2353 2114 2418 2167 σὺ
2451 2113 2510 2167 δέ
2540 2116 2608 2185 τῇ
2635 2111 2855 2184 γλώσσῃ
2893 2113 2954 2166 τὸ
2985 2112 3159 2185 στόμα
3200 2112 3384 2183 βωμὸν
3430 2113 3785 2167 κατεσκεύα-

2194 2223 2313 2272 σας·
2344 2205 2537 2270 ἐλαϐες
2564 2207 2644 2270 είς
2676 2205 2739 2259 τὸ
2767 2204 3101 2275 φθέγγεσθαι
3131 2204 3428 2276 πλῆκτρον,
3462 2206 3529 2259 σὺ
3557 2205 3627 2258 δὲ
3658 2205 3787 2260 αὐτὸ

2190 2297 2519 2368 τεμνόμενον
2552 2295 2790 2366 ἀσταχυν
2819 2295 3119 2360 ἀνέδειξας·
3156 2294 3349 2359 ἔλαϐες
3385 2294 3655 2364 γλῶσσαν
3694 2299 3789 2369 91;-

2195 2390 2378 2462 μάτων
2416 2388 2682 2453 διάκονον,
2734 2387 2799 2441 σὺ
2849 2388 2908 2441 δέ
2952 2387 3121 2459 αὐτὴν
3161 2387 3390 2459 ἄμωμον
3434 2387 3516 2459 τῷ
3556 2388 3788 2460 Χριστῷ

2190 2481 2495 2544 κατέθυσας
2523 2478 2815 2553 πρόϐατον.
2846 2478 2965 2532 Τίνι
2992 2495 3088 2532 σου
3104 2478 3202 2551 τὴν
3222 2478 3475 2547 γλῶσσαν
3487 2480 3791 2551 πρεπούσῃ

2190 2571 2537 2645 προσηγορίᾳ
2567 2573 2823 2643 τιμήσω;
2859 2571 3000 2642 ποίῳ
3044 2588 3140 2624 σου
3172 2571 3437 2642 κοσμήσω
3470 2572 3576 2641 τὴν
3603 2572 3787 2641 γλῶσ-

2192 2682 2292 2719 σαν
2334 2664 2592 2736 όνόματι;
2630 2664 2917 2735 Προσῆγον
2940 2663 3115 2736 ταύτῃ
3162 2663 3254 2717 τὸν
3303 2663 3526 2735 σίδηρον
3567 2664 3789 2735 δήμιοι,

2190 2759 2223 2829 ή
2250 2757 2308 2811 δὲ
2338 2757 2480 2811 κατά
2500 2757 2590 2810 τὸν
2607 2755 2891 2826 δεδεμένον
2931 2757 3120 2811 Ἰσαὰκ
3146 2757 3246 2809 οὑκ
3274 2757 3525 2827 ἐσκίρτα,
3547 2756 3677 2809 ἀλλ’
3715 2758 3787 2820 ὡς
3844 2820 3845 2827 η

2188 2845 2248 2897 ἐν
2274 2841 2441 2914 βωμῷ
2472 2844 2697 2915 κειμένη
2725 2841 2804 2914 τῷ
2850 2844 3079 2915 στόματι
3106 2843 3204 2916 την
3234 2843 3446 2916 πληγὴν
3478 2846 3580 2898 σὺν
3617 2847 3785 2917 ἡδονῇ
3844 2842 3845 2847 “

2190 2934 2567 3006 προσεδέχετο,
2614 2935 2940 2990 διδάσκουσα
2980 2934 3088 2990 τῶν
3123 2935 3425 3009 ἀνθρώπων
3460 2937 3568 2999 τὰς
3602 2938 3786 3006 γλώσ-

2191 3042 2309 3093 σας,
2342 3027 2418 3090 ὡς
2444 3027 2505 3081 οὐ
2546 3025 2880 3097 φθέγγεσθαι
2917 3026 3076 3097 μόνον
3114 3026 3202 3080 διὰ
3223 3026 3483 3099 Χριστὸν,
3511 3027 3661 3082 ἀλλά
3699 3028 3790 3081 καὶ

2189 3118 2520 3188 σφάττεσθαι
2541 3118 2640 3171 δεῖ.
2664 3119 2777 3189 Τῆς
2797 3117 2892 3171 τοῦ
2921 3119 3259 3192 πατριάρχου
3280 3118 3471 3183 θυσίας
3495 3120 3788 3191 ἥρπασας,

2186 3212 2424 3279 γενναῖε,
2453 3209 2515 3263 τὸ
2545 3209 2848 3281 φιλότιμον,
2887 3211 3177 3281 μονογενὲς
3207 3210 3498 3282 βλάστημα
3527 3212 3791 3282 γλώττης

2187 3303 2310 3357 ἀντὶ
2336 3303 2528 3356 τέκνου
2561 3301 2883 3373 μονογενοῦς
2912 3303 3309 3374 προσκομίσας.
3329 3303 3532 3367 Καλῶς
3560 3304 3683 3375 ἄρα
3711 3323 3793 3357 σοι

2185 3392 2445 3463 δευτέραν
2469 3394 2498 3446 6
2526 3393 2760 3463 Χριστὸς
2798 3391 3159 3461 ἀντεφύτευσε
3182 3391 3434 3462 γλῶσσαν
3457 3407 3474 3422 ·
3512 3388 3650 3464 εὗρε
3679 3394 3789 3465 γάρ

2185 3482 2391 3552 ἀγαθόν
2436 3499 2495 3536 σε
2553 3484 2653 3553 τῆς
2707 3483 2981 3555 προτέρας
3026 3482 3301 3555 γεωργόν·
3332 3484 3515 3548 καλῶς
3549 3503 3644 3539 σοι
3694 3488 3796 3557 τὴν

2184 3576 2426 3648 ἄσαρκον
2482 3576 2775 3648 ἐχαρίσατο
2830 3575 3090 3645 γλῶσσαν
3118 3592 3132 3607 ·
3179 3574 3455 3648 ἀγγελικῷ
3506 3580 3627 3650 γὰρ
3691 3583 3797 3633 οὐκ

2183 3666 2391 3738 ἔπρεπε
2413 3668 2723 3739 φρονήματι
2750 3667 3007 3739 σάρκινος
3023 3683 3036 3697 ·
3061 3666 3243 3731 καλῶς
3264 3684 3346 3720 σοι
3366 3667 3466 3738 τήν
3485 3669 3590 3739 τῆς
3614 3669 3801 3738 γλώσ-

2186 3776 2286 3830 σης
2308 3759 2653 3830 ἀντιμισθίαν
2676 3759 2976 3813 ἀπέδωκεν.
3004 3758 3283 3830 Ἔχρησάς
3312 3776 3404 3812 σου
3427 3759 3507 3830 τῷ
3529 3762 3797 3834 Δεσπότῃ

2183 3851 2320 3923 πρὸς
2353 3851 2544 3906 θυσίαν
2573 3852 2672 3923 τὴν
2701 3851 2976 3922 γλῶσσαν,
3003 3854 3032 3905 6
3059 3852 3116 3905 δὲ
3146 3851 3284 3923 αὐτῇ
3313 3852 3449 3923 πρὸς
3482 3855 3794 3926 ῥητορείαν

2185 3943 2368 4014 φωνὴν
2396 3942 2738 3995 ἀντεδάνεισε
2757 3959 2770 3972 ·
2798 3942 2894 3996 καὶ
2925 3942 3117 4012 γέγονε
3145 3944 3244 4014 τῆς
3270 3942 3529 4015 γλώσσης
3558 3949 3663 4000 καὶ
3694 3948 3795 4001 τοῦ

2182 4032 2420 4105 Χριστοῦ
2455 4034 2591 4105 πρὸς
2624 4032 2885 4105 ἀλλήλους
2919 4032 3293 4104 συνάλλαγμα,
3328 4036 3430 4106 τῆς
3460 4037 3565 4106 μὲν
3601 4039 3796 4107 γλώσ-

2185 4142 2285 4197 σης
2314 4126 2453 4198 ὑπὲρ
2480 4125 2719 4197 Χριστοῦ
2748 4127 3109 4198 τεμνομένης,
3138 4126 3232 4180 τοῦ
3260 4129 3504 4183 Χριστοῦ
3535 4130 3596 4184 δὲ
3638 4134 3794 4205 ὑπὲρ

2181 4218 2283 4288 τῆς
2311 4217 2561 4288 γλώσσης
2604 4217 2925 4280 λαλοῦντος.

2200 4366 2201 4369 η
2251 4331 2361 4387 Ποῦ
2394 4331 2488 4386 νῦν
2520 4334 2652 4404 ἡμῖν
2673 4331 3029 4396 Μακεδόνιος,
3061 4333 3089 4386 ό
3113 4330 3192 4402 τῷ
3218 4330 3477 4384 δεδωκότι
3516 4332 3580 4385 τὸ
3618 4335 3800 4406 χάρι.

2182 4442 2295 4496 σμα
2325 4423 2435 4478 τῶν
2465 4423 2725 4493 γλωσσῶν
2767 4423 3112 4495 Παρακλήτῳ
3171 4423 3517 4494 μαχόμενος;
3552 4425 3690 4480 Ὀτι
3738 4428 3800 4482 δὲ

2179 4515 2241 4569 οὑ
2283 4514 2550 4585 ψεύδομαι
2594 4515 2662 4585 τῇ
2699 4511 2794 4566 τοῦ
2838 4513 3198 4584 Παρακλήτου
3251 4514 3467 4585 θεότητι
3513 4515 3615 4580 τάς
3680 4520 3801 4572 τῶν

2180 4584 2534 4679 χαρισμάτων
2564 4603 2775 4675 δωρεάς
2808 4604 3151 4676 περιάπτων,
3189 4584 3569 4676 μάρτυςήμῖν
3610 4611 3643 4661 6
3684 4628 3801 4680 μα·

2180 4693 2370 4766 κάριος
2415 4692 2627 4757 Παῦλος
2652 4695 2681 4746 6
2717 4691 2813 4746 νῦν
2844 4693 2980 4765 πρὸς
3024 4694 3125 4765 τὴν
3169 4695 3442 4766 ὑμετέραν
3478 4696 3800 4768 φιληκοῖαν

2180 4784 2319 4856 βοῶν
2339 4800 2352 4814 ·
2380 4782 2586 4837 Πάντα
2612 4783 2802 4839 ταῦτα
2821 4784 3051 4854 ἐνεργεῖ
3079 4783 3150 4838 ἓν
3180 4785 3279 4838 καί
3317 4784 3385 4838 τὸ
3406 4788 3561 4843 αὐτό
3590 4793 3799 4847 "ref-

2172 4894 2278 4946 μα,
2325 4875 2594 4945 διαιροῦν
2621 4875 2743 4944 ὶδιᾳ
2783 4874 3039 4941 ἑκάστῳ,
3077 4875 3270 4943 καθὼς
3295 4877 3623 4941 βούλεται.
3670 4886 3799 4937 Καρ

2177 4964 2286 5030 θὼς
2311 4964 2580 5035 βούλεται,
2605 4952 2791 5036 φησὶν,
2814 4965 2874 5018 ού
2901 4963 3085 5029 καθὼς
3106 4966 3477 5021 ἐπιτάττεται.
3518 4969 3679 5024 Ἀλλ’
3708 4975 3802 5028 ἵνα

2178 5058 2254 5129 μή
2288 5073 2439 5120 τινας
2472 5055 2610 5127 πρὸς
2635 5055 2847 5119 τούτοις
2876 5054 3157 5119 ἐπιθέντες
3188 5055 3511 5127 προσθήκας
3534 5060 3622 5131 τῷ
3650 5063 3805 5134 πλή-

2175 5149 2256 5204 θει
2308 5148 2409 5219 τὴν
2446 5146 2721 5219 ὑμετέραν
2778 5145 3190 5217 καταχώσωμεν
3244 5149 3465 5219 μνήμην
3485 5189 3503 5213 ,
3561 5154 3805 5226 ταύτην

2172 5236 2338 5294 οὖσαν
2397 5236 2627 5311 ἰσχυρὰν
2672 5237 2772 5309 τὴν
2822 5239 3005 5309 φωνὴν
3056 5239 3197 5310 ὑπὲρ
3247 5238 3342 5292 τοῦ
3394 5241 3807 5316 Παρακλὴτου

2176 5329 2515 5402 μεμνημένοι
2553 5327 2727 5393 οὕτως
2765 5327 3017 5383 ἐντεῦθεν
3057 5329 3384 5401 ἐξέλθωμεν,
3417 5333 3653 5401 μεγάλα
3699 5337 3813 5406 μὲν

2171 5422 2289 5477 κατ’
2337 5423 2561 5477 ἐκείνων
2597 5421 2951 5497 φρονοῦντες,
3002 5422 3471 5492 συγγινώσκοντες
3522 5425 3583 5478 δὲ
3647 5422 3845 5493 ’τέωςί

2229 5820 2253 5850 ⁶
2278 5817 2453 5869 Morel.
2478 5822 2531 5868 et
2552 5819 2702 5868 Savil.
2730 5819 2781 5867 in
2802 5830 2958 5880 marg.
2983 5818 3068 5880 τήν
3088 5815 3317 5880 σύναψον
3334 5817 3597 5880 γλῶσσαν-
3618 5821 3803 5875 Satn.

2170 5880 2398 5953 ἱῐὶῇιβξιᾷιξ
2407 5881 2492 5939 τήν
2524 5882 2613 5940 σήν
2634 5881 2746 5944 ἡμῖν
2766 5879 3009 5953 γλῶσσαν.
3024 5879 3145 5943 Reg.
3169 5880 3254 5936 τήν
3274 5879 3359 5927 σὺν
3378 5879 3499 5942 ἡμῖν
3515 5884 3802 5944 γλᾶιισσπτ,
3844 5888 3845 5891 “

2160 5963 2177 5988 ν
