3844 6280
114 431 214 492 613
1235 426 1301 484 IN
1336 425 1396 485 3.
1439 422 1778 483 ROMANUM

113 550 243 604 enim
280 543 465 615 ingens
496 541 741 614 quadam
772 541 969 598 mundo
1011 540 1298 612 impietatis
1336 542 1575 615 tyrannis
1603 541 1683 596 in-

116 637 357 704 sultabat,
382 633 452 689 ab
481 633 591 688 imo
611 643 934 688 commotum
965 647 1114 688 mare
1140 634 1243 688 vita
1266 632 1538 688 hominum
1564 631 1686 686 imi-

116 729 335 793 labatur,
383 724 668 780 decumani
714 724 889 795 pelagi
935 723 1127 780 ﬂuctus
1177 725 1228 778 in
1269 731 1467 780 terram
1504 724 1689 779 volve-

115 819 312 884 bantur,
341 816 739 888 vehemensque
783 817 1070 887 impietatis
1097 816 1327 887 procella
1367 816 1542 871 navim
1575 816 1688 886 pie-

114 910 229 965 tatis
274 907 576 964 obruebat:
606 907 756 963 multi
801 908 1018 979 quidem
1069 905 1265 979 ubique
1303 906 1691 978 gubernatores

112 1000 480 1066 moriebantur,
509 1016 616 1056 non
651 1001 876 1072 exiguus
911 1011 1090 1057 autem
1118 1010 1398 1056 nautarum
1432 1015 1689 1056 numerus

111 1092 559 1162 submergebatur,
588 1095 768 1149 omnia
808 1092 942 1148 diris
981 1093 1276 1149 terroribus
1313 1107 1377 1149 ac
1401 1093 1689 1164 naufragiis

114 1182 489 1238 redundabant.
523 1183 694 1255 Reges
724 1184 956 1255 procella
982 1182 1352 1240 vehementius
1392 1184 1685 1255 spirabant,

109 1273 365 1329 terribiles
391 1272 587 1331 ﬂuctus
614 1275 972 1330 immittebant
996 1277 1225 1346 tyranni,
1255 1275 1537 1332 tribunalia
1571 1292 1687 1330 ma-

105 1366 412 1434 gistratuum
460 1365 969 1431 commovebantur,
1037 1365 1234 1421 Christi
1280 1368 1688 1438 abnegatiouem

102 1454 297 1524 iudices
340 1456 787 1528 promulgabant;
830 1457 1021 1513 acerba
1061 1459 1320 1529 supplicia
1357 1459 1690 1529 legislatures

107 1547 453 1612 minabantur,
483 1546 553 1603 ad
580 1548 882 1604 daemonum
906 1550 1165 1605 sacriﬁcia
1192 1551 1291 1605 viri
1319 1552 1681 1622 rapiebantur,

107 1636 168 1691 ad
189 1637 432 1694 altarium
458 1639 913 1696 abominationem
940 1641 1192 1697 mulieres
1215 1642 1592 1709 trahebantur;
1620 1640 1693 1698 ad'

108 1726 235 1785 hanc
257 1746 470 1802 quoque
501 1731 764 1787 insaniam
792 1732 1024 1804 virgines
1062 1733 1541 1805 compellebantur,
1581 1749 1680 1790 ex-

106 1821 227 1877 siliis
262 1823 570 1880 sacerdotes
613 1838 678 1880 ac
721 1824 956 1881 etedibus
999 1824 1399 1893 addicebantur,
1445 1842 1477 1882 e
1518 1828 1686 1883 sacris

105 1917 260 1986 septis
283 1914 472 1973 ﬁdeles
508 1917 879 1987 ejiciebantur.
923 1917 1150 1973 Tantam
1180 1918 1247 1974 ad
1277 1933 1506 1990 pugnant
1539 1935 1682 1975 mar-

107 2016 183 2076 tyr
208 2008 534 2076 armabatur,
568 2008 835 2080 tantisque
872 2008 1128 2080 periculis
1164 2010 1402 2064 animum
1444 2022 1685 2080 oppone-

107 2096 216 2165 bat;
259 2097 573 2155 conflictum
618 2099 769 2155 illum
809 2108 1083 2170 tamquam
1119 2109 1388 2156 certamen
1418 2099 1685 2170 quoddam

109 2190 383 2247 umbratile
429 2190 728 2258 deridebat,
775 2200 832 2248 et
860 2191 1084 2263 perinde
1127 2193 1279 2264 quasi
1308 2193 1361 2248 in
1395 2204 1685 2250 scammate

104 2281 330 2350 pulveris
376 2280 497 2338 loco
530 2282 802 2353 principes
840 2280 947 2338 ﬁde
982 2281 1244 2345 calcaret,
1286 2281 1366 2337 sic
1411 2283 1528 2352 ejus
1569 2284 1685 2338 ani-

105 2387 258 2438 mum,
280 2374 377 2445 qui
402 2382 517 2428 tum
536 2374 795 2444 judicium
840 2375 1147 2441 exercebat,
1176 2374 1480 2445 exagitavit,
1523 2386 1693 2447 atque

103 2461 348 2518 adversus
375 2462 669 2519 Ecclesiam
711 2464 1073 2520 incursionem
1102 2463 1276 2520 facere
1296 2473 1688 2534 parantemre-

106 2554 344 2611 frenavit.
373 2556 733 2625 Quamobrem
765 2553 831 2612 ad
861 2555 1180 2627 supplicium
1211 2556 1389 2611 subito
1411 2556 1495 2611 vir
1517 2571 1683 2628 gene—

101 2659 248 2701 rosus
272 2645 529 2717 abreptus
552 2656 655 2716 est,
688 2646 940 2718 variaque
965 2661 1244 2718 poenarum
1271 2662 1471 2718 genera
1498 2648 1687 2703 admo-

100 2736 392 2805 vebantur;
423 2747 627 2810 martyr
653 2747 836 2795 autem
855 2734 1073 2794 cithara:
1102 2739 1290 2795 similis
1305 2748 1440 2808 erat,
1462 2739 1589 2795 dum
1615 2740 1684 2796 ad

100 2842 280 2883 sonum
305 2827 577 2903 edendum
602 2829 933 2885 cruciatuum
957 2830 1162 2900 plectro
1190 2838 1495 2886 moveretur
1525 2846 1683 2886 :eor-

101 2917 222 2985 pus‘
262 2918 673 2975 circumstantes
724 2918 1004 2974 carniﬁces
1047 2919 1218 2991 plagis
1244 2920 1679 2989 .eontundebant,

100 3010 207 3078 ipse
232 3025 361 3066 vero
388 3019 656 3082 tamquam
697 3026 905 3068 aereum
929 3012 1195 3082 quoddam
1226 3023 1537 3085 tympanum
1566 3014 1685 3084 pie.

101 3101 214 3156 tatis
253 3116 477 3157 carmen
529 3103 770 3172 pulsatus
816 3103 1127 3159 succinebat
1158 3122 1171 3158 :
1199 3105 1591 3175 suspendentes
1630 3107 1684 3161 in

101 3193 320 3262 equuleo
348 3194 676 3263 lacerabant,
710 3195 800 3251 ille
834 3211 962 3251 vero
988 3207 1256 3268 tamquam
1283 3198 1407 3253 vita:
1434 3198 1684 3256 arborem

100 3287 379 3356 equuleum
434 3287 836 3357 amplexabatur
881 3307 895 3343 :
940 3288 1076 3344 sicut
1114 3290 1294 3345 latera
1337 3290 1468 3360 justi
1518 3307 1683 3362 genas

99 3380 442 3451 dilaniabattt,
474 3383 564 3438 ille
589 3383 909 3454 vero,_quasi
929 3383 1083 3454 plura
1110 3393 1220 3439 tum
1251 3398 1345 3438 ora
1370 3385 1687 3455 recepisset,

99 3475 390 3530 orationem
439 3474 688 3542 habebat,
720 3489 964 3545 novoque
1002 3474 1155 3545 lapsu
1183 3474 1444 3545 pudorem
1486 3475 1679 3532 adver-

98 3565 230 3619 sario
258 3566 590 3635 imponebat.

164 3654 404 3710 Mirabile
428 3671 729 3727 responsum
747 3656 957 3726 infantis
976 3672 1008 3709 a
1033 3654 1262 3727 Μαι-τιμε
1288 3657 1686 3728 interrogati.—

98 3742 218 3799 Cum
245 3748 392 3801 enim
423 3762 483 3801 se
510 3761 540 3799 a
560 3745 739 3816 judice
761 3745 826 3800 ad
853 3745 1159 3801 dtemonum
1181 3747 1380 3801 cultum
1407 3749 1683 3817 provocari

101 3836 329 3904 videret,
362 3835 621 3892 infantem
663 3853 694 3891 c
738 3835 857 3892 foro
885 3837 1007 3892 duci
1041 3839 1308 3908 postulat,
1342 3847 1399 3893 ut
1428 3855 1548 3895 eum
1570 3882 1585 3908 ,
1617 3841 1685 3897 de

97 3929 280 3997 quibus
308 3930 474 3985 rebus
498 3944 529 3983 a
549 3928 731 4000 judice
762 3929 1207 4000 interrogabatur,
1230 3930 1464 4001 judicem
1494 3932 1680 4001 faciat;

98 4028 148 4071 et
168 4018 402 4075 adducto
428 4018 615 4074 infanti
646 4018 717 4075 de
755 4020 851 4084 iis,
881 4035 1002 4090 quae
1040 4020 1398 4090 agitabantur,
1430 4024 1685 4092 quaestio-

97 4127 214 4166 nem
244 4113 525 4185 proponit.
571 4112 709 4180 Fili,
752 4113 971 4184 inquit,
1001 4112 1274 4182 justumne
1302 4121 1418 4182 est,
1465 4125 1523 4169 ut
1546 4116 1686 4172 Deus

100 4203 385 4269 adoretur;
409 4218 477 4258 an
501 4211 558 4259 ut
585 4203 644 4269 ii,
669 4203 756 4274 qui
778 4203 846 4259 ab
873 4203 988 4257 istis
1009 4202 1079 4257 dii
1105 4204 1477 4274 appellantur?
1500 4205 1685 4276 Magna

102 4293 251 4361 plane
278 4293 563 4365 sapientiae
587 4297 838 4366 martyris
875 4293 1190 4349 excellentia
1211 4311 1225 4348 :
1239 4294 1434 4364 judicis
1450 4295 1684 4367 judieem

99 4383 348 4442 infantem
380 4388 659 4443 constituit
686 4404 699 4441 :
730 4395 785 4442 at
809 4387 899 4442 ille
926 4386 1182 4442 continuo
1207 4387 1501 4443 secundum
1525 4387 1684 4444 Chri-

98 4485 233 4533 stum
262 4478 416 4534 litem
446 4478 613 4547 dedit,
642 4488 700 4534 ut
723 4478 885 4549 impie
908 4492 966 4534 se
988 4478 1296 4549 gerentibus
1310 4478 1578 4551 judicibus
1598 4481 1684 4537 vel

99 4565 321 4627 infantes
350 4571 707 4641 sapientiores
732 4571 1185 4638 ostenderentur;
1207 4572 1316 4627 imo
1343 4586 1472 4628 vero
1497 4582 1554 4629 ut
1575 4589 1684 4630 non

97 4659 253 4716 modo
279 4671 487 4734 martyr
512 4670 795 4733 appareret
818 4672 1039 4734 martyr,
1071 4661 1177 4718 sed
1195 4662 1357 4717 etiam
1388 4674 1683 4736 martyrum

96 4752 327 4808 monitor
371 4769 436 4810 ac
476 4754 750 4825 magister.
794 4752 1179 4809 Verumtamen
1213 4770 1285 4810 ne
1323 4754 1426 4811 hoc
1466 4756 1684 4827 quidem

93 4842 289 4912 judicis
331 4848 542 4904 rabiem
583 4847 952 4913 labefactavit;
984 4846 1079 4902 sed
1108 4847 1159 4902 in
1188 4849 1472 4919 equuleum
1502 4850 1682 4905 statim

97 4949 213 4990 cum
242 4936 453 4993 infante
478 4946 685 5008 martyr
714 4937 1095 5007 abripiebatur,
1131 4938 1450 5009 equuleique
1486 4939 1685 5010 suppli-

98 5026 178 5081 cio
202 5042 396 5086 carcer
440 5030 791 5099 succedebat,
833 5038 889 5085 et
928 5030 1001 5085 illi
1048 5031 1336 5099 sententia,
1365 5047 1484 5102 quae
1511 5034 1686 5090 varias

93 5118 309 5175 athletis
336 5135 526 5191 pmnas
546 5120 854 5177 dividebat:
878 5136 1000 5176 nam
1028 5120 1280 5177 infantem
1304 5121 1516 5191 quidem
1542 5139 1687 5179 mor-

97 5220 161 5271 te,
190 5221 490 5285 martyrem
519 5222 695 5268 autem
727 5212 917 5284 linguae
944 5213 1212 5269 excisione
1239 5213 1532 5269 damnavit.
1556 5216 1685 5284 Quis

96 5301 248 5357 talem
278 5304 470 5375 judieii
498 5306 710 5361 modum
738 5306 973 5361 audivit?
1001 5321 1119 5361 reos
1141 5305 1348 5376 iudices
1379 5308 1553 5377 ﬂagris
1582 5323 1687 5363 ca:-

93 5390 244 5461 dunt,
273 5404 335 5449 ut
366 5409 453 5460 ea,
481 5411 705 5466 quorum
737 5397 837 5451 sibi
866 5405 988 5452 sunt
1015 5397 1251 5462 conscii,
1280 5396 1431 5452 fateri
1456 5411 1681 5469 cogant:

91 5492 143 5534 at
170 5483 469 5555 impietatis
506 5486 671 5556 judex
712 5487 946 5558 linguam
985 5487 1213 5554 excidit,
1246 5498 1303 5543 ut
1331 5503 1392 5544 ea
1413 5531 1436 5556 ,.
1458 5506 1683 5561 quorum

91 5573 188 5628 sibi
219 5576 476 5632 conscius
504 5587 618 5646 est,
646 5587 825 5634 tacere
854 5579 1162 5649 compellat.
1189 5577 1233 5634 Ο
1261 5580 1491 5636 immane
1527 5581 1682 5636 mali-

88 5681 205 5737 gnae
232 5668 371 5723 artis
401 5668 706 5727 inventum!
741 5670 1008 5735 Animam,
1042 5669 1230 5740 inquit,
1259 5686 1318 5726 ea
1346 5687 1463 5743 qua:
1483 5670 1682 5728 Christi

89 5767 213 5814 sunt
250 5758 553 5828 sapientem
596 5761 664 5818 de
701 5770 841 5819 statu
885 5777 991 5819 non
1036 5761 1244 5832 dejeci;
1284 5771 1336 5819 at
1380 5763 1682 5835 loquentem

150 5870 168 5904 ³
199 5868 350 5922 util.
382 5843 584 5940 cttteg.,
608 5886 676 5926 os.

1843 420 2249 481 MARTYEEM.
2283 423 2348 481 ll.
3286 424 3345 476 iii
3364 423 3393 476 4

1800 540 1986 594 saltem
2010 556 2106 611 pro
2126 540 2341 597 Christo
2363 538 2595 610 linguam
2624 541 2886 599 excidam.
2910 541 3108 602 Excide
3129 543 3381 614 linguam,

1796 644 1830 683 ο
1863 639 2089 701 tyranne
2112 670 2129 698 ,
2157 639 2214 685 ut
2241 637 2483 684 naturam
2515 631 2676 685 etiam
2722 633 2985 702 elinguem
3035 649 3131 704 pro
3173 634 3388 690 Christo

1797 720 2136 790 eloquentem
2169 737 2288 778 esse
2316 735 2608 793 cognoscas
2633 740 2646 775 :
2677 724 2853 780 evelle
2896 724 3130 796 linguam
3159 742 3225 782 ex
3255 742 3348 783 ore
3361 732 3381 793 ',

1795 818 1852 863 ut
1875 825 1996 865 eum
2020 853 2035 878 ,
2066 813 2158 882 qui
2183 813 2324 868 dona
2353 821 2652 886 linguarum
2682 821 2763 869 est
2803 814 3068 884 pollicitus
3093 858 3108 883 ,
3143 832 3386 874 veracem

1793 911 1913 956 esse
1938 915 2250 973 cognoscas.
2275 903 2485 961 Etenim
2507 902 2700 974 iingute
2726 904 2940 975 quidem
2972 906 3383 964 instrumentum

1797 989 2034 1059 excidit,
2085 1004 2140 1047 at
2194 1008 2373 1050 sermo
2421 992 2795 1051 vehementius
2846 990 3389 1070 erumpebat'lingua

1796 1089 2066 1151 tamquam
2111 1084 2493 1154 impedimento
2545 1085 2777 1157 quodam
2824 1086 3081 1143 liberatus
3130 1107 3144 1144 :
3191 1104 3387 1144 novum

1793 1184 1923 1227 sane
1951 1175 2314 1243 spectaculum
2344 1192 2407 1233 ac
2430 1177 2771 1248 stupendum,
2802 1178 2966 1233 homo
2985 1194 3051 1234 ex
3075 1194 3237 1237 carne
3253 1196 3388 1236 con-

1792 1272 1941 1317 stans
1970 1279 2034 1319 ex
2066 1281 2227 1322 carne
2256 1271 2627 1325 constantibus
2654 1274 2770 1327 sine
2789 1287 2950 1329 carne
2972 1273 3132 1329 verba
3157 1273 3376 1331 faciens.

1792 1354 2051 1410 Cenvenit
2078 1357 2258 1427 itaque
2286 1360 2509 1430 martyri
2535 1361 2812 1431 prophetae
2839 1378 3077 1433 carmen,
3107 1362 3377 1436 Repletum

1791 1456 1863 1500 est
1904 1449 2091 1517 gaudio
2138 1466 2196 1504 os
2238 1461 2500 1516 nostrum,
2542 1464 2588 1507 et
2626 1454 2802 1525 lingua
2842 1466 3014 1510 nostra
3055 1457 3387 1515 exsultatione

1795 1537 1966 1610 (Psal.
1995 1541 2120 1597 125.
2147 1541 2206 1616 2)
2237 1560 2250 1597 :
2286 1544 2549 1613 repletum
2575 1557 2658 1600 est
2681 1547 2875 1616 gaudio
2901 1561 2982 1613 os,
3006 1549 3147 1619 quod
3167 1548 3383 1608 Christo

1791 1631 2022 1704 linguam
2065 1649 2258 1690 novam
2294 1637 2570 1692 victimam
2598 1638 2896 1695 offerebat:
2927 1655 3119 1712 magna
3151 1651 3265 1698 tum
3292 1658 3384 1700 ex-

1790 1724 2078 1782 sultatione
2106 1737 2357 1798 correpta
2379 1739 2496 1785 erat
2527 1730 2880 1802 littgua,‘qua:
2917 1734 3108 1803 prtevia
3139 1737 3385 1808 martyris

1790 1826 1996 1888 martyr
2015 1827 2098 1874 est
2126 1821 2255 1875 visa.
2285 1819 2330 1875 Ο
2350 1821 2605 1892 linguam,
2635 1839 2753 1894 qua:
2774 1823 2841 1879 ad
2869 1834 3164 1899 martyrum
3188 1835 3386 1885 turmas

1788 1906 2019 1963 animam
2067 1909 2236 1980 ipsam
2267 1913 2557 1982 praevenit!
2591 1928 2625 1970 ο
2652 1930 2735 1983 os,
2763 1915 2906 1987 quod
2932 1919 3199 1975 occultum
3244 1936 3389 1977 mar-
3423 1952 3427 1957 -

1790 2003 1959 2067 tyrem
1988 1999 2204 2069 genuit!
2236 2014 2270 2056 ο
2293 2000 2551 2073 linguam,
2579 2004 2664 2059 cui
2690 2020 2790 2075 pro
2816 2006 2972 2063 altari
2992 2022 3053 2064 os
3082 2008 3215 2065 fuit!
3245 2025 3278 2066 ο
3298 2027 3382 2081 os,

1791 2086 1883 2141 cui
1902 2102 1999 2158 pro
2021 2089 2233 2145 victima
2263 2091 2440 2164 lingua
2466 2093 2594 2150 fuit!
2620 2096 3006 2166 nesciebamus,
3036 2115 3070 2157 ο
3092 2116 3381 2173 generose,

1788 2181 2047 2251 templum
2069 2181 2270 2240 habere
2291 2193 2341 2240 te
2360 2201 2422 2242 os
2451 2194 2597 2242 tuum
2618 2205 2633 2255 ;
2662 2191 2938 2261 templum,
2958 2194 3011 2248 in
3032 2209 3139 2265 quo
3157 2210 3384 2252 consan-

1786 2271 2035 2340 guineam
2067 2272 2298 2345 linguam
2322 2277 2619 2334 mirabilem
2650 2295 2840 2350 agnam
2872 2288 3137 2341 mactasti.

1856 2360 1912 2416 2.
1964 2363 2096 2432 Quis
2139 2365 2303 2436 igitur
2346 2369 2571 2426 virtutes
2619 2381 2738 2428 tuas
2782 2383 2964 2431 orator
3003 2392 3099 2447 pro
3127 2377 3383 2450 dignitate

1788 2448 2034 2508 laudibus
2065 2459 2457 2527 prosequatur?
2481 2459 2738 2532 Linguam
2764 2465 3016 2536 accepisti
3041 2482 3071 2523 a
3097 2448 3306 2536 natura,
3327 2482 3384 2528 at

1788 2547 1845 2593 ttt
1875 2553 1995 2596 eam
2021 2555 2313 2621 martyrem
2342 2545 2580 2604 educasti
2607 2567 2619 2605 :
2645 2553 2895 2623 accepisti
2937 2570 3030 2621 os,
3077 2559 3381 2617 munimen-

1789 2639 1899 2685 tum
1934 2632 2126 2704 lingttte
2146 2676 2161 2704 ,
2197 2645 2250 2691 tu
2280 2647 2457 2693 autem
2488 2654 2551 2696 os
2580 2641 2771 2713 lingua:
2801 2646 2969 2702 altare
2994 2646 3215 2705 effecisti
3247 2669 3260 2705 :
3291 2667 3381 2709 ac-

1787 2725 1972 2794 cepisti
2022 2728 2284 2797 plectrum
2330 2731 2396 2786 ad
2444 2732 2800 2804 loquendum,
2855 2747 2911 2794 at
2955 2741 3197 2798 excisum
3253 2743 3381 2800 illud

1787 2817 1988 2887 spicam
2035 2820 2256 2877 effecisti
2291 2840 2305 2877 :
2333 2824 2565 2895 linguam
2596 2829 2878 2886 verborum
2907 2832 3272 2892 administrant
3300 2853 3386 2893 ac-

1786 2908 2008 2977 cepisti,
2055 2919 2109 2965 at
2153 2920 2206 2966 tu
2252 2913 2395 2968 illam
2426 2915 2639 2974 Christo
2682 2922 2940 2989 pecudem
2989 2924 3378 2985 immaculatatn

1787 2997 2092 3054 immolasti.
2139 3001 2258 3070 Qua
2306 3005 2524 3061 tandem
2570 3008 2803 3080 linguam
2848 3021 2989 3068 tuam
3041 3019 3379 3076 convenienti

1786 3090 2142 3159 appellatione
2184 3092 2493 3151 decorabo‘?
2540 3113 2647 3169 quo
2694 3102 2908 3157 nomine
2953 3104 3183 3176 linguam
3233 3118 3380 3166 tuam

1787 3186 2096 3240 exornabo?
2126 3187 2500 3247 Admovebant
2535 3194 2584 3248 ei
2613 3193 2813 3251 ferrum
2843 3200 3123 3258 carniﬁces
3144 3234 3162 3271 ,~
3196 3215 3251 3260 at
3294 3209 3378 3264 illa

1785 3277 1947 3334 vineti
1975 3278 2122 3336 lsaae
2150 3281 2202 3336 in
2235 3297 2439 3339 morem
2469 3300 2575 3341 non
2604 3288 2893 3358 resiliebat,
2926 3294 3019 3348 sed
3046 3296 3094 3349 iu
3123 3311 3215 3353 ore
3240 3307 3379 3354 tam-

1788 3385 1945 3440 quam
1978 3372 2030 3426 in
2059 3373 2213 3429 altari
2253 3375 2441 3445 jacens
2476 3393 2599 3434 eum
2642 3381 2914 3451 voluptate
2953 3386 3146 3442 vulnus
3186 3404 3378 3462 exspe-

1787 3462 1996 3532 ctabat,
2046 3480 2110 3521 ac
2159 3466 2366 3537 linguas
2404 3468 2679 3526 hominum
2725 3488 2831 3530 non
2862 3491 2958 3546 pro
2986 3478 3200 3538 Christo
3237 3484 3380 3555 loqui

1791 3562 1994 3610 tantum
2022 3567 2291 3627 oportere,
2317 3559 2411 3616 sed
2432 3561 2564 3617 caedi
2587 3564 2747 3618 etiam
2782 3565 3023 3623 docebat.
3054 3570 3379 3630 Patriarchte

1788 3646 2030 3703 sacriﬁcii
2075 3650 2505 3723 aemulationem,
2557 3670 2590 3710 ο
2632 3672 2922 3728 generose,
2963 3665 3204 3732 rapuisti,
3252 3666 3377 3723 dum

1787 3740 2117 3810 unigenitum
2158 3741 2350 3813 linguae
2385 3759 2602 3815 germen
2633 3761 2733 3817 pro
2764 3749 3034 3820 unigenito
3063 3753 3199 3810 Filio
3214 3758 3370 3813 obtu-

1789 3827 1894 3883 listi
1925 3827 2074 3901 (Gen.
2103 3828 2230 3901 22).
2259 3832 2424 3888 Recte
2453 3834 2632 3905 itaque
2663 3837 2757 3892 tibi
2788 3838 3010 3895 alteram
3040 3841 3273 3914 linguam
3300 3850 3378 3902 vi-

1789 3919 1968 3974 cissim
2007 3918 2255 3976 Christus
2286 3922 2511 3991 iusevit;
2549 3926 2748 3981 bonum
2786 3930 2983 4000 quippe
3014 3941 3068 3987 te
3089 3936 3377 4004 agricolam

1789 4011 1982 4081 prioris
2010 4010 2250 4067 invenit:
2278 4023 2426 4070 recte
2455 4015 2686 4086 linguam
2733 4033 2838 4074 non
2880 4035 3127 4080 earneatn
3153 4037 3236 4085 est
3269 4031 3377 4087 lar-

1789 4103 1928 4172 gitus
1943 4119 1967 4168 ;
1986 4103 2282 4174 angelicum
2303 4105 2444 4160 enim
2471 4107 2632 4161 animi
2660 4108 2906 4166 affectum
2932 4128 3126 4173 carnea
3150 4134 3257 4176 non
3281 4123 3379 4181 de-

1790 4193 1987 4250 cebat:
2019 4195 2395 4266 rectelingua:
2444 4197 2537 4252 tibi
2580 4203 3067 4261 remunerationem
3106 4214 3372 4280 rependit.

1790 4285 2227 4343 Ad‘sacriﬁbium
2263 4288 2496 4359 linguam
2529 4289 2755 4347 Domino
2789 4298 3171 4370 commodasti,
3201 4315 3256 4359 at
3290 4306 3376 4362 ille

1791 4378 2022 4435 vicissim
2046 4393 2232 4434 vocem
2252 4377 2319 4434 ad
2340 4379 2696 4451 eloquentiam
2722 4381 3002 4443 fceneravit
3028 4406 3042 4442 :
3069 4390 3269 4450 factum
3295 4409 3379 4454 est

1790 4470 2056 4543 quoddam
2088 4471 2284 4543 lingua:
2307 4482 2468 4544 atque
2487 4472 2686 4530 Christi
2718 4476 2858 4534 inter
2885 4494 2946 4536 se
2972 4490 3373 4561 commercium,

1790 4563 1915 4619 dum
1956 4563 2289 4658 proCbristo
2314 4566 2528 4636 quidem
2556 4567 2732 4640 lingua
2762 4573 3044 4647 exciditur,
3069 4593 3169 4649 pro
3195 4582 3378 4658 lingua

1792 4671 1921 4713 vero
1944 4655 2190 4713 Christus
2216 4658 2479 4729 loquitur.

1861 4748 1929 4803 In
1956 4748 2312 4805 Macedoniam
2339 4750 2607 4818 invehitur,
2629 4754 2716 4824 qui
2734 4753 2958 4826 Spiritus
2982 4759 3043 4816 S.
3066 4764 3395 4827 divinitatem.

1790 4841 2022 4915 negabat.
2050 4841 2253 4913 Confert
2277 4842 2371 4897 liae
2396 4842 2695 4898 miraculum
2721 4862 2835 4901 cum
2862 4850 3009 4909 rubo.
3031 4883 3089 4894 -
3118 4855 3214 4914 Ubi
3237 4877 3381 4920 nunc

1790 4944 1873 4992 est
1890 4934 2044 4991 nobis
2069 4933 2431 5000 Macedonius,
2461 4934 2552 5005 qui
2582 4934 2874 5004 Paracleto,
2902 4955 2931 4995 a
2953 4957 3059 5012 quo
3079 4945 3374 5019 linguarum

1790 5028 1989 5084 denum
2018 5025 2267 5083 collatum
2289 5036 2391 5092 est,
2423 5025 2625 5081 bellum
2648 5026 2847 5084 infert?
2870 5029 3052 5102 Neque
3077 5051 3203 5093 vero
3225 5055 3373 5098 tuen-

1795 5122 1880 5177 tiri
1924 5136 2041 5188 me,
2071 5120 2196 5175 dum
2236 5118 2617 5175 charismatum
2646 5119 2784 5176 dona
2820 5121 3377 5192 Paracleti'divinitati

1791 5215 2043 5279 attribuo,
2079 5213 2228 5269 testis
2253 5213 2408 5269 nobis
2436 5214 2729 5298 estobeatus
2754 5215 2980 5286 Paulus,
3018 5221 3108 5289 qui
3138 5234 3371 5283 vestrum

1792 5306 2039 5363 audiendi
2085 5304 2319 5360 studium
2365 5319 2510 5359 nunc
2553 5304 2637 5360 his
2684 5307 2902 5362 vocibus
2946 5324 3214 5382 occupat:
3246 5317 3372 5375 Ifa'e

1793 5398 1964 5453 omnia
1989 5405 2229 5466 operatur
2252 5412 2383 5450 unus
2411 5404 2559 5466 atque
2585 5396 2719 5449 idem
2744 5396 2988 5468 Spiritus,
3019 5400 3243 5461 dividens
3267 5412 3375 5465 sin-

1793 5493 1927 5564 gulis
1955 5499 2104 5562 prout
2126 5492 2232 5544 vult
2259 5489 2337 5560 (l.
2368 5488 2487 5544 Cor.
2511 5488 2598 5544 12.
2629 5490 2717 5560 ll)
2742 5508 2756 5543 :
2784 5490 2950 5545 Prout
2979 5492 3119 5561 vult,
3161 5498 3333 5572 inquit
3358 5546 3374 5570 ,

1794 5601 1925 5653 non,
1952 5582 2373 5654 Proutjubetur.
2405 5583 2598 5638 Verum
2625 5597 2694 5639 ne
2719 5582 2764 5637 si
2794 5582 2928 5638 forte
2952 5587 3195 5655 quaedam
3221 5594 3374 5651 addi-

1797 5685 2029 5733 lamenta
2071 5675 2156 5731 his
2194 5674 2509 5742 fecerimus,
2539 5674 2700 5728 nimia
2730 5674 2881 5746 copia
2913 5685 3149 5734 vestram
3178 5697 3377 5740 memo-

1793 5771 1927 5826 riam
1971 5767 2289 5835 obruamus,
2330 5765 2490 5836 hujus
2528 5766 2662 5821 certi
2700 5763 2945 5838 ﬁrmique
2983 5784 3080 5841 pro
3103 5770 3378 5831 Paraeleto
3412 5763 3418 5841 ξ

1973 5811 2289 5835 ν-.η.....υ.-,
2330 5811 2489 5836 μη..-
2531 5811 2662 5821 η--.
2700 5811 2945 5838 -..ηηινν
2983 5811 3078 5841 ,ην
3103 5811 3378 5831 "gmw,

1801 5862 1899 5922 ioci
1926 5877 2190 5920 memores
2217 5857 2340 5917 hinc
2368 5859 2693 5917 excedamus
2711 5899 2726 5928 ,
2754 5867 2808 5918 et
2829 5873 3051 5933 magnos
3078 5852 3298 5936 spiritus
3324 5872 3374 5927 in
3412 5811 3450 5990 Μ
