3844 6280
468 356 573 413 615

461 488 557 529 eos
581 482 881 537 sumentes;
910 471 1002 526 sed
1043 471 1150 525 illis
1180 470 1480 524 errantibus
1508 467 1718 523 interim
1755 469 2041 539 ignoscen-

471 574 573 633 tes,
598 564 859 621 Paracleti
884 562 1224 619 divinitatem
1250 560 1555 615 adoremus.
1580 561 1657 614 Ac
1681 559 1806 613 tuba
1830 558 2045 629 quidem

471 658 783 732 prophetica
813 656 977 710 totius
1004 653 1151 709 orbis
1177 654 1230 708 in
1251 651 1521 708 Christum
1546 667 1864 708 consensum
1904 668 2047 722 pra:-

461 752 714 807 ttuntians
730 748 960 814 dicebat,
992 747 1125 813 Quia
1148 746 1426 819 intelligent
1445 763 1544 809 me,
1563 764 1594 800 a
1609 763 1763 816 parvo
1784 762 1976 810 eorum,
1998 753 2044 799 et

463 859 616 913 usque
640 841 709 894 ad
730 856 965 911 magnum
985 855 1155 894 eorum
1183 837 1318 913 (Jer.
1348 840 1437 894 51.
1461 839 1578 907 54),
1604 838 1670 901 Et
1690 838 1851 895 omnia
1872 839 2046 909 lingua

460 932 780 1002 conﬁtebitur
807 930 915 985 Deo
942 946 1055 985 vero
1086 930 1260 1003 (Rom.
1293 931 1380 985 14.
1408 931 1521 999 Η).
1547 931 1615 985 Et
1642 931 1898 1000 propheta
1922 930 2043 1000 qui-

458 1026 609 1087 dem,
656 1031 715 1078 ut
742 1022 881 1089 dixi,
922 1022 1155 1093 linguam
1203 1037 1415 1077 omnem
1461 1022 1780 1093 cognitionis
1821 1022 1913 1077 Dei
1943 1022 2044 1078 reti

457 1114 760 1179 concludit,
788 1128 887 1168 nos
913 1128 1040 1169 vero
1065 1113 1323 1167 hodierno
1346 1112 1434 1167 die
1456 1112 1617 1167 etiam
1643 1112 1905 1182 elinguem
1931 1126 2043 1166 ora-

463 1209 663 1263 tionem
695 1207 876 1276 pictati
908 1207 1331 1278 patrocinantem
1358 1206 1637 1262 audiemus
1674 1226 1689 1263 :
1728 1208 1872 1263 velut
1900 1210 2042 1263 enim

457 1299 662 1354 cithara
693 1299 938 1371 quaedam
980 1298 1186 1367 plectro
1213 1298 1467 1353 destituta
1493 1300 1803 1355 Creatorem
1837 1300 2042 1354 collau-

455 1390 568 1445 dat.
591 1389 742 1445 Dica-t
773 1390 933 1459 igitur
961 1397 1016 1443 et
1044 1390 1230 1444 beatus
1254 1388 1527 1444 Romanus
1552 1409 1564 1443 :
1591 1389 1792 1461 Lingua
1818 1408 1929 1446 mea
1950 1408 2041 1445 ca-

455 1480 623 1541 lamus
640 1478 817 1534 scribta
834 1478 1066 1533 uelociter
1084 1479 1344 1532 scribentis
1367 1478 1537 1549 (Psal.
1556 1479 1645 1534 44.
1675 1478 1732 1551 1)
1756 1498 1768 1532 :
1796 1496 2040 1551 quamam

457 1572 673 1643 lingua?
692 1571 807 1625 Non
851 1585 913 1625 ea
943 1585 1100 1641 quam
1142 1570 1341 1626 ferrum
1369 1572 1584 1642 eripuit,
1614 1572 1707 1627 sed
1736 1588 1892 1642 quam
1922 1572 2041 1642 Spi-

456 1664 592 1718 ritus
619 1662 789 1733 gratia
819 1660 1075 1716 fabricata
1101 1671 1185 1716 est
1209 1677 1224 1727 ;
1257 1662 1431 1732 lingua
1464 1664 1659 1733 quippe
1685 1664 1866 1719 avulsa
1884 1706 1898 1730 ,
1921 1665 2041 1734 Spi-

458 1758 593 1810 ritus
626 1754 794 1825 gratia
836 1755 889 1809 in
933 1755 1049 1823 ejus
1092 1753 1267 1809 locum
1296 1763 1379 1809 est
1415 1754 1654 1811 suffecta.
1687 1757 1961 1813 Habebunt
1986 1769 2040 1815 et

458 1846 667 1917 linguas
696 1846 955 1915 aposwli,
988 1845 1080 1901 sed
1116 1856 1172 1900 ut
1198 1848 1467 1917 operantis
1493 1848 1664 1903 virtus
1690 1849 2036 1918 indicaretur,

452 1936 619 1991 lutttm
661 1936 948 2000 otiabatur,
984 1946 1039 1991 et
1065 1936 1203 2007 ignis
1224 1936 1454 1992 caelestis
1491 1938 1827 2009 loquebatur.
1860 1941 2036 1998 ﬂabe-

448 2029 537 2084 bat
568 2037 622 2084 et
650 2028 875 2084 Mosaica
906 2028 1174 2102 Scriptura
1200 2030 1277 2085 rei
1296 2030 1577 2100 imaginem
1600 2048 1718 2103 quae
1739 2033 2035 2090 orationem

446 2120 659 2176 excedit
686 2138 701 2175 :
729 2120 893 2176 rubus
919 2122 1060 2175 enim
1103 2121 1240 2190 apud
1273 2122 1419 2176 illum
1448 2130 1503 2177 et
1530 2124 1665 2193 ignis
1699 2124 1794 2179 fuit
1828 2123 2032 2198 (Exod.

446 2212 503 2268 5.
534 2212 695 2283 init.).
736 2213 1074 2282 Apostolicus
1116 2214 1251 2284 ignis
1286 2215 1677 2286 praedicationis
1715 2220 2035 2290 evangelica:

447 2316 612 2357 voces
642 2303 693 2356 in
720 2303 854 2357 rubo
880 2303 1255 2376 praefigurabat
1274 2347 1288 2370 ,
1321 2320 1385 2361 ac
1407 2321 1594 2361 vocem
1624 2308 1701 2362 rei
1732 2309 2035 2366 inanimatae

448 2391 799 2461 impertit,’ut
830 2393 911 2459 ei,
942 2408 1063 2449 cum
1097 2395 1326 2464 tetigerit
1363 2397 1595 2451 animata
1640 2399 1989 2456 instrumenta
2015 2442 2033 2470 ,

446 2483 743 2538 credatur:
776 2485 822 2539 si
866 2487 1009 2541 enim
1050 2502 1164 2542 rem
1208 2488 1552 2544 inanimatam
1596 2500 1872 2548 contactus
1898 2494 2035 2565 ignis

444 2576 686 2631 vocalem
712 2576 977 2645 reddidit,
1010 2594 1186 2634 nonne
1214 2579 1421 2647 debuit,
1453 2596 1575 2636 cum
1605 2583 1809 2640 ratione
1836 2586 2033 2655 przedi-

444 2673 529 2721 tas
556 2667 761 2720 animas
786 2668 1097 2741 replevisset
1115 2710 1132 2736 ,
1160 2684 1226 2725 ex
1257 2680 1502 2725 contactu
1548 2687 1764 2729 carmen
1811 2679 2033 2732 concin-

446 2774 580 2814 num
607 2758 895 2814 admodum
926 2761 1255 2829 personare?
1277 2762 1388 2818 liae
1416 2764 1574 2818 etiam
1602 2768 1771 2836 gratia
1808 2769 2034 2825 celebris

444 2849 534 2905 hic
560 2849 837 2905 Romanus
862 2850 1088 2908 donatus
1113 2862 1229 2907 erat
1250 2895 1265 2921 ,
1292 2855 1381 2925 qui
1427 2866 1643 2910 exsecta
1673 2856 1851 2928 lingua
1872 2899 1885 2922 ,
1920 2860 2033 2914 cla-

442 2942 573 2999 riori
604 2958 736 2999 voce
767 2953 1049 3016 tyrannum
1077 2946 1351 3016 arguebat.
1386 2946 1574 3019 Neque
1604 2965 1734 3005 vero
1776 2961 2033 3023 tyrannus

443 3034 555 3090 ullo
584 3041 740 3104 pacto
770 3035 1003 3106 linguam
1032 3036 1280 3093 excidere
1312 3049 1685 3107 properasset,
1713 3042 1814 3097 nisi
1847 3060 2032 3115 repre-

442 3125 761 3183 hensionum
790 3127 990 3184 fluenta
1020 3129 1422 3187 reformidasset
1442 3174 1459 3199 ,
1488 3133 1591 3189 nisi
1618 3149 1741 3189 eum
1772 3137 2031 3205 prtedica-

440 3220 599 3276 tionis
630 3220 896 3290 Evangelii
929 3229 1138 3277 torrens
1166 3224 1645 3294 perterrefecisset,
1672 3228 1773 3283 nisi
1802 3244 2031 3301 evange-

437 3310 556 3367 lica:
586 3311 777 3367 fluctus
819 3313 1138 3381 eloquentiae
1188 3329 1247 3370 se
1290 3313 1582 3372 fracturam
1629 3328 1882 3388 putasset.
1925 3321 2029 3376 Sed

438 3403 581 3457 unde
610 3404 900 3458 necessitas
930 3410 1155 3474 tyranno
1186 3405 1343 3462 fuerit
1371 3406 1574 3463 facinus
1614 3410 1753 3464 istud
1775 3411 2030 3479 audendi,

438 3493 737 3549 videamus.

511 3584 564 3638 5.
598 3581 731 3637 Cum
762 3582 1093 3640 dmmonibus
1123 3586 1319 3656 impius
1339 3588 1625 3655 aliquando
1651 3593 2025 3662 sacrificasset,

438 3685 493 3733 et
523 3676 667 3731 fumo
694 3676 984 3748 nidorcque
1011 3678 1245 3750 repletus
1270 3688 1440 3747 esset,
1468 3690 1522 3736 et
1550 3682 1835 3753 impietatis
1858 3689 2024 3756 guttis

437 3769 765 3840 inquinatus,
796 3770 1063 3825 curriculo
1088 3770 1156 3825 ad
1185 3771 1462 3827 ecclesiam
1494 3775 1783 3845 pergebat,
1814 3793 1878 3833 ac
1906 3780 2025 3832 stil-

436 3861 636 3916 lantem
667 3862 921 3936 sanguine
948 3876 1058 3930 pra:
1085 3877 1144 3916 se
1170 3861 1346 3918 ferens
1382 3866 1607 3919 securim
1629 3905 1645 3932 ,
1690 3866 2023 3925 incruentum

434 3954 602 4009 altare
641 3954 707 4008 ad
755 3953 1014 4009 nefarium
1055 3956 1370 4010 sacrificium
1416 3958 1774 4027 perquirebat.
1806 3964 1878 4016 At
1916 3978 2023 4018 non

434 4043 588 4099 latuit
624 4052 911 4116 martyrem
960 4045 1173 4116 tyranni
1218 4047 1413 4102 rabies.
1457 4046 1640 4118 Itaque
1679 4065 1799 4104 cum
1846 4052 2023 4109 subito

434 4136 686 4190 exsiliens
711 4135 993 4205 prodiisset
1021 4134 1073 4191 in
1104 4136 1445 4204 vestibulum,
1466 4137 1575 4208 jam
1602 4141 1895 4197 irruentem
1924 4144 2025 4197 im-

433 4226 644 4298 pietatis
696 4226 1091 4282 inundationem
1142 4237 1356 4283 coercet
1403 4244 1417 4282 :
1470 4237 1525 4284 et
1570 4231 2019 4301 quemadmodum

432 4315 603 4370 solers
648 4315 968 4386 gubernator
1006 4316 1132 4370 dum
1178 4318 1232 4371 in
1278 4333 1489 4386 proram
1534 4321 1789 4391 impetum
1819 4323 2021 4381 faciens

435 4422 582 4462 mare
610 4407 891 4477 conspicit,
919 4407 1071 4462 otiari
1103 4410 1303 4479 nequit,
1334 4409 1429 4464 sed
1459 4412 1635 4468 navim
1666 4422 1828 4469 totatn
1854 4418 2017 4473 celeri

434 4499 571 4571 pede
597 4499 876 4568 percurrit,
902 4506 956 4552 et
980 4499 1336 4568 gubernaculo
1361 4503 1575 4570 puppim
1598 4506 1804 4575 erigens
1827 4507 2019 4564 obver-

435 4604 550 4642 sam
580 4589 827 4643 fluctibus
858 4589 1048 4658 navigii
1081 4589 1266 4643 faciem
1297 4592 1536 4659 opponit,
1567 4594 1764 4665 illoque
1790 4599 1931 4668 quod
1963 4601 2015 4655 in

434 4681 673 4750 periculo
699 4681 1012 4737 versabatur
1037 4679 1090 4734 in
1129 4680 1357 4737 sublime
1386 4682 1595 4741 sublato
1618 4728 1633 4753 ,
1665 4689 1896 4745 medium
1922 4692 2018 4748 de-

429 4787 713 4828 cumanum
760 4771 978 4826 fluctum
1020 4770 1249 4825 diffindit
1268 4814 1284 4838 ,
1312 4782 1366 4827 et
1394 4783 1509 4829 arte
1535 4776 1759 4845 quadam
1789 4782 2015 4837 tumefa-

427 4873 572 4919 Ctum
618 4862 831 4933 pelagus
875 4861 1081 4916 sulcat:
1111 4861 1214 4918 hoc
1255 4873 1309 4918 et
1344 4864 1530 4919 beatus
1557 4866 1830 4923 Romanus
1870 4871 2012 4928 fecit.

427 4955 746 5011 idololatria:
773 4953 907 5009 mari
932 4953 1288 5024 blasphemias
1314 4956 1582 5027 mugiente
1605 4999 1620 5023 ,
1647 4969 1807 5032 atque
1826 4963 2014 5020 adver-

423 5064 517 5104 sus
542 5047 960 5104 ecclesiasticam
987 5046 1162 5101 navim
1190 5047 1400 5105 furente
1417 5090 1431 5116 ,
1460 5067 1781 5123 spumasque
1800 5058 2013 5125 sangui-

424 5141 509 5195 nis
528 5140 580 5194 in
599 5153 718 5194 aras
740 5146 1038 5204 eructantc,
1059 5140 1203 5194 solus
1217 5139 1472 5197 adversus
1498 5142 1770 5200 insaniens
1790 5148 2010 5220 pelagus

425 5242 691 5299 armatur,
725 5231 1038 5301 penitusque
1081 5232 1316 5287 subverti
1361 5234 1603 5305 cymbam
1644 5236 1849 5308 videns,
1880 5241 2008 5296 dor-

424 5324 672 5379 mientem
706 5323 757 5377 in
785 5323 905 5377 navi
936 5322 1219 5378 Dominum
1247 5327 1634 5395 expergefacit,
1666 5343 1857 5384 somno
1892 5332 2010 5386 lon-

419 5414 746 5484 ganimitatis
785 5414 1015 5484 scpitum
1044 5415 1259 5489 excitat.
1284 5414 1574 5471 Contrariis
1605 5428 1881 5475 ventorum
1911 5421 2009 5475 fla-

1188 353 1243 407 S.
1283 351 1558 407 JOANNIS
1594 349 2064 407 CHRYSOSTOMI
2102 350 2417 407 ARCHIEP.
2461 350 2994 407 CONSTANTINOP.

3626 351 3725 403 6Ιὺ

2156 468 2441 523 thalamum
2480 477 2627 521 tuum
2675 468 3010 537 perfodiunt,
3044 468 3325 526 adulterini
3354 474 3557 529 susurri
3588 485 3723 529 tuam

2148 573 2398 630 sponsam
2428 559 2841 624 circumsonant,
2872 560 3064 615 iterum
3090 562 3319 631 paradisi
3351 565 3603 633 parietem
3625 583 3727 620 ser-

2147 668 2282 726 pens
2307 652 2570 723 effringit;
2617 652 2872 708 Ecclesia:
2907 653 3308 710 fundamentum
3349 667 3495 726 petra
3534 672 3725 711 Concu-

2149 747 2279 801 titur
2307 760 2321 797 :
2351 760 2414 799 ac
2442 751 2495 798 tu
2521 744 2589 798 de
2616 738 2750 798 caa'lo
2778 744 3140 815 evangelicam
3172 747 3458 801 ancltoratn
3494 749 3683 818 prnjicc
3708 792 3721 808 ,

2146 854 2210 894 ac
2251 848 2454 909 petram
2498 838 2748 907 agitatam
2790 836 3013 892 obfirma
3043 856 3057 892 :
3088 836 3400 909 Prwcepmr,
3445 842 3601 904 salua,
3640 859 3723 912 pt-

2146 931 2327 985 rimus.

2218 1023 2443 1079 Romani
2478 1024 2547 1077 ad
2590 1031 2861 1093 tyrannum
2892 1022 3075 1075 oratio.
3095 1019 3485 1076 —Commune
3525 1023 3726 1091 pericu-

2146 1118 2253 1172 lum
2277 1116 2526 1186 martyris
2554 1116 2789 1168 animum
2816 1113 3040 1179 dividit,
3085 1123 3138 1167 et
3176 1112 3241 1167 ad
3285 1112 3567 1171 Dominum
3606 1128 3725 1166 cum

2142 1208 2335 1265 ﬁducia
2362 1208 2524 1264 verba
2570 1206 2726 1270 facit,
2756 1214 2918 1276 atque
2953 1205 3207 1259 adversus
3238 1212 3517 1276 tyrannum
3564 1204 3726 1257 liuen-

2144 1310 2250 1355 tem
2293 1301 2523 1369 linguam
2568 1298 2782 1351 emittit.
2812 1280 3001 1360 ‘Siste,
3049 1295 3246 1365 inquit,
3286 1293 3543 1348 furiosum
3589 1293 3724 1347 hunc

2142 1406 2379 1457 cursum,
2428 1404 2462 1444 ο
2513 1396 2739 1460 tyranne
2784 1403 2798 1438 :
2846 1385 3220 1441 imbecillitatis
3268 1394 3370 1438 tua:
3426 1398 3723 1438 mensuram

2140 1497 2397 1554 agnosce,
2437 1480 2673 1536 cruciﬁxi
2716 1478 2970 1534 terminos
3016 1491 3294 1542 reverere,
3346 1477 3561 1531 termini
3602 1492 3727 1530 vero

2140 1572 2401 1640 crucifixi,
2427 1588 2535 1627 non
2577 1570 2816 1625 ecclesiae
2860 1568 3121 1639 parietes,
3160 1568 3254 1623 sed
3288 1568 3433 1622 orbis
3468 1578 3725 1621 terrarum

2138 1676 2265 1719 sunt
2293 1663 2425 1718 fines
2454 1680 2467 1716 :
2498 1662 2691 1716 furoris
2719 1660 2997 1730 caliginem
3034 1668 3258 1727 excute,
3290 1660 3500 1728 respice
3536 1660 3587 1714 in
3616 1670 3725 1713 ter-

2139 1771 2275 1820 ram,
2303 1763 2358 1809 et
2379 1763 2583 1809 natura:
2603 1762 2705 1807 tua:
2728 1752 3141 1807 imbecillitatem
3170 1750 3451 1805 considera
3479 1768 3494 1808 :
3516 1752 3729 1819 suspice

2139 1850 2192 1903 in
2215 1848 2427 1913 cazlum,
2455 1862 2518 1902 ac
2544 1845 2957 1915 magnitudinem
2984 1844 3106 1899 belli
3128 1843 3430 1914 perpende;
3458 1843 3727 1897 infirmum

2137 1937 2441 1992 dmmonum
2481 1936 2733 1992 auxilium
2774 1947 3095 1999 contemne;
3135 1935 3500 1989 animadverte
3528 1934 3735 1988 demo-

2138 2046 2235 2085 nes
2263 2045 2422 2086 cruce
2448 2043 2728 2099 percussos
2760 2038 2811 2083 te
2840 2042 3057 2083 suorum
3091 2020 3337 2081 altarium
3369 2034 3731 2096 prepugnato-

2136 2105 2250 2177 i'em
2290 2121 2603 2177 obtendere.
2630 2118 2739 2175 Cur
2781 2135 2844 2175 ea
2882 2135 3001 2191 quae
3032 2127 3305 2188 nequeunt
3346 2116 3733 2186 comprehendi

2136 2213 2519 2283 persequeris?
2560 2227 2655 2267 cur
2697 2212 2749 2265 in
2790 2226 2968 2265 aerem
2993 2209 3285 2280 jacularis?
3312 2224 3438 2263 num
3464 2210 3609 2264 enim
3640 2225 3735 2278 pa-

2138 2302 2361 2359 rietibus
2402 2303 2541 2358 Deus
2576 2301 3071 2358 circumscribitur?
3101 2300 3619 2369 iucircumscriptum
3648 2308 3736 2354 est

2135 2410 2332 2449 numen
2366 2412 2379 2448 :
2412 2410 2540 2448 num
2571 2394 2713 2449 enim
2742 2393 2913 2449 oculis
2943 2393 3201 2447 Dominus
3240 2402 3425 2446 noster
3458 2392 3719 2460 conspici-

2137 2488 2259 2542 tur?
2290 2487 2568 2543 invisibilis
2594 2488 2736 2543 enim
2762 2496 2846 2542 est
2874 2490 3105 2542 essentia
3150 2495 3205 2541 et
3245 2484 3490 2539 informis
3521 2502 3536 2538 :
3570 2500 3737 2555 porro

2135 2580 2429 2636 secundum
2475 2579 2860 2634 humanitatem
2892 2586 2945 2634 et
2971 2578 3221 2648 pingitur,
3252 2586 3307 2631 et
3335 2577 3567 2631 videtur.
3593 2576 3733 2631 Num

2134 2672 2275 2726 enim
2323 2671 2552 2741 lapidem
2595 2680 2650 2727 et
2693 2671 2892 2741 lignum
2936 2669 3239 2723 inhabitans
3265 2668 3399 2723 bove
3429 2683 3493 2721 ac
3525 2669 3738 2737 pecude

2134 2762 2525 2833 providentiam
2554 2762 2772 2817 vendit?
2802 2776 2927 2815 num
2954 2761 3096 2815 enim
3136 2760 3302 2814 altare
3331 2759 3382 2813 in
3411 2759 3532 2827 ejus
3562 2759 3736 2828 pactis

2133 2856 2278 2912 velut
2321 2856 2653 2910 interventor
2681 2852 3013 2925 requiritur?
3040 2853 3115 2906 Ea
3150 2860 3361 2906 tuorum
3401 2861 3487 2904 est
3522 2850 3734 2905 daemo-

2133 2962 2260 3002 num
2286 2945 2471 3018 gulosa
2505 2946 2830 3002 mendicatio
2855 2963 2869 2999 :
2892 2946 3153 3000 Dominus
3181 2958 3351 3007 meus,
3380 2944 3466 2997 vel
3486 2943 3732 2996 universi

2132 3040 2308 3109 potius
2334 3038 2620 3103 Dominus,
2645 3038 2888 3093 Christus
2916 3036 3101 3092 incolit
3125 3035 3309 3090 caelum
3332 3076 3347 3099 ,
3374 3050 3439 3089 ac
3466 3034 3734 3089 mundum

2132 3129 2415 3201 gubernat,
2439 3138 2496 3185 et
2516 3130 2834 3185 sacrificium
2861 3138 2944 3185 est
2968 3128 3043 3183 illi
3070 3128 3267 3194 anima,
3300 3143 3420 3199 qua:
3449 3126 3518 3181 ad
3555 3128 3734 3197 ipsum

2133 3222 2318 3276 oculos
2342 3235 2553 3275 sursum
2586 3219 2815 3276 reﬂectit
2844 3239 2857 3275 :
2889 3236 3028 3275 unus
3054 3219 3131 3274 illi
3157 3221 3307 3275 cibus
3330 3228 3415 3274 est
3437 3220 3595 3275 salus
3618 3236 3738 3275 ere-

2132 3310 2393 3367 dentium.
2428 3312 2621 3367 Desine
2650 3328 2797 3367 arma
2828 3312 3086 3367 adversus
3122 3311 3418 3366 Ecclesiam
3460 3327 3735 3367 movere:

2131 3404 2183 3458 in
2213 3405 2368 3459 terris
2397 3412 2478 3459 est
2504 3420 2671 3474 grex,
2716 3412 2772 3458 et
2813 3413 2997 3473 pastor
3038 3404 3092 3457 in
3134 3404 3320 3458 caelis:
3347 3404 3398 3457 in
3433 3412 3582 3457 terra
3610 3412 3738 3458 sunt

2130 3494 2398 3562 palmites,
2433 3504 2488 3549 et
2515 3496 2637 3550 vitis
2662 3496 2714 3549 in
2742 3495 2876 3550 caelo
2905 3512 2919 3548 :
2948 3495 2993 3549 si
3022 3495 3269 3564 palmites
3297 3494 3539 3559 excidas,
3567 3496 3738 3549 vitem

2128 3585 2468 3655 multiplicas.
2507 3584 2709 3642 Cruore
2757 3600 2946 3641 manus
2995 3595 3099 3640 tua:
3142 3585 3475 3650 redundant,
3518 3587 3739 3655 gladius

2131 3688 2253 3733 tuus
2282 3678 2553 3733 brutarnm
2584 3678 2877 3733 hostiarum
2903 3679 3158 3748 sanguine
3186 3678 3383 3732 tinctus
3408 3687 3494 3731 est
3519 3695 3533 3730 :
3571 3693 3740 3746 parce

2128 3770 2421 3841 pecudibus
2464 3770 2873 3836 innocentibus,
2909 3780 2965 3825 et
3001 3771 3053 3824 in
3081 3786 3180 3826 nos
3201 3812 3213 3835 ,
3246 3772 3333 3839 qui
3364 3770 3736 3839 reprehendi-

2127 3877 2248 3917 mus
2270 3902 2284 3927 ,
2329 3862 2527 3917 ferrum
2572 3873 2823 3917 converte
2851 3880 2865 3916 :
2899 3878 3059 3931 parce
3101 3862 3395 3917 tacentibus
3426 3862 3653 3929 bestiis,
3682 3871 3737 3915 et

2126 3970 2225 4010 nos
2253 3955 2341 4026 qui
2385 3970 2731 4021 accusamus,
2779 3956 3040 4009 interfice.
3069 3955 3183 4009 Non
3214 3956 3355 4009 enim
3397 3953 3470 4007 ita
3518 3954 3738 4009 ferrum

2126 4046 2531 4113 homicidarum,
2561 4056 2615 4101 ut
2642 4047 2869 4102 securim
2896 4048 3276 4102 inservientem
3303 4047 3573 4101 altaribus
3604 4063 3738 4115 per-

2124 4138 2386 4192 timesco:
2419 4137 2802 4191 homicidarum
2836 4138 3033 4193 ferrum
3064 4154 3256 4207 corpus
3284 4139 3485 4202 laniat,
3513 4138 3738 4193 securis

2122 4229 2371 4283 altarium
2425 4228 2655 4283 animam
2698 4228 2887 4282 occidit
2922 4246 2935 4282 :
2970 4227 3352 4283 homicidarum
3403 4227 3626 4283 ferrum
3683 4228 3739 4281 id

2121 4319 2262 4391 quod
2291 4318 2621 4374 sacrificatur
2649 4329 2873 4385 mactat,
2918 4329 2973 4373 at
3020 4321 3225 4374 seeuris
3272 4320 3523 4373 altarium
3579 4330 3640 4374 et
3683 4320 3738 4373 id

2055 4423 2077 4436 ’
2119 4411 2261 4483 quod
2290 4412 2634 4476 sacrificatur,
2661 4420 2714 4465 et
2741 4426 2861 4465 eum
2882 4412 2972 4481 qui
3004 4412 3287 4477 sacrificat,
3312 4412 3475 4465 simul
3503 4413 3695 4479 perdit
3723 4428 3739 4463 :

2121 4508 2382 4562 cervicem
2412 4515 2617 4572 trunca,
2650 4521 2750 4561 nec
2777 4520 2922 4559 aram
2955 4506 3283 4559 commacula
3320 4524 3334 4559 :
3364 4505 3539 4559 habes
3570 4504 3739 4559 victi-

2120 4614 2261 4652 mam
2289 4599 2638 4653 voluntariam
2660 4638 2674 4661 ,
2704 4612 2800 4653 cur
2827 4598 3093 4665 captivum
3125 4608 3333 4652 taurum
3369 4598 3614 4667 colligas
3644 4614 3738 4651 re-

2117 4689 2441 4745 luctantem?
2457 4690 2510 4743 Si
2535 4698 2769 4743 mactare
2789 4689 3081 4752 desideras,
3108 4690 3158 4742 in
3181 4688 3427 4743 ecclesim
3451 4692 3741 4745 vestibulo

2118 4784 2327 4838 ratione
2355 4783 2628 4853 praeditam
2660 4783 2885 4837 hostiam
2914 4793 3105 4835 macta.

2186 4873 2386 4945 Lingua
2415 4875 2663 4929 exciditur
2689 4874 3029 4929 Romano.-
3050 4873 3165 4928 Non
3208 4874 3329 4927 tulit
3367 4873 3744 4929 immodicam

2116 4964 2327 5019 dicendi
2365 4966 2663 5021 libertatem
2694 4966 2944 5036 martyris
2974 4974 3263 5036 tyrannus,
3301 4964 3398 5018 sed
3427 4980 3460 5018 e
3489 4967 3744 5035 vestigio

2113 5070 2145 5110 a
2168 5056 2344 5126 lingua
2374 5056 2690 5111 sacrificium
2714 5056 2999 5110 inchoavit.
3022 5054 3279 5124 Linguam
3304 5054 3469 5124 igitur
3491 5058 3741 5118 excidit,

2115 5164 2220 5203 non
2260 5148 2399 5219 quod
2427 5164 2544 5204 eam
2572 5150 2728 5204 vellet
2754 5148 3023 5211 avulsam,
3058 5147 3150 5202 sed
3184 5158 3239 5200 ut
3265 5148 3556 5218 Evangelii
3594 5165 3746 5218 pra:-

2112 5239 2429 5295 dicationem
2458 5250 2825 5311 oppugnaret:
2857 5255 2960 5294 non
2990 5248 3097 5293 tam
3143 5238 3283 5309 quod
3315 5242 3563 5309 przecmti
3600 5243 3750 5296 invi-

2109 5330 2282 5398 deret,
2316 5347 2474 5403 quam
2507 5330 2646 5401 quod
2679 5331 2871 5385 invidia
2904 5331 2958 5384 in
2984 5346 3138 5395 eum,
3171 5331 3259 5399 qui
3291 5331 3744 5398 prmdicabatnr,

2108 5421 2340 5477 arderet.
2381 5422 2487 5476 Sed
2537 5422 2636 5490 Qui
2689 5422 3067 5493 comprehcndit
3113 5423 3364 5490 sapientes
3414 5423 3470 5475 in
3531 5426 3747 5477 asnuia

2107 5530 2280 5568 eorum
2311 5514 2403 5584 (l.
2436 5511 2554 5567 Cor.
2585 5514 2637 5568 5.
2671 5511 2775 5584 l9)
2806 5553 2821 5576 ,
2846 5512 3083 5566 excisum
3114 5512 3256 5567 vocis
3286 5512 3747 5569 instrumentum

2107 5623 2137 5662 e
2163 5607 2295 5662 caelo
2326 5606 2577 5672 restituit,
2612 5606 2861 5660 invisibili
2891 5606 3276 5660 claudicantcm
3306 5621 3501 5661 sonum
3546 5609 3750 5677 lingua

2103 5699 2355 5766 sull'ulcit,
2380 5714 2564 5752 vocem
2587 5697 2778 5767 elingui
2797 5698 3037 5768 largitur,
3061 5699 3460 5753 etcrcationem
3482 5698 3751 5753 hominis

2111 5792 2283 5859 I‘cipsa
2315 5800 2540 5859 tyranno
2568 5789 2917 5845 demonstrat.
2949 5787 3015 5843 Et
3042 5789 3496 5860 quemadmodum
3528 5799 3744 5864 puteo-

418 5506 560 5561 tibus
605 5505 957 5577 procellisque
1004 5505 1269 5561 turbatum
1318 5520 1466 5561 mare
1510 5510 1807 5581 conspicit,
1850 5520 1905 5566 et
1952 5514 2002 5568 in

418 5596 656 5665 periculo
706 5595 1035 5651 versantium
1089 5596 1252 5651 verba
1303 5595 1678 5667 discipulorum
1738 5614 1954 5672 usurpat
1984 5645 2000 5667 ,

422 5685 738 5755 Praeceptor,
762 5688 924 5751 salua,
958 5688 1180 5757 perimus
1207 5686 1358 5757 (Luc.
1391 5689 1445 5744 8.
1472 5689 1564 5762 24)
1593 5710 1605 5745 :
1640 5693 1822 5762 pirata:
1848 5712 1998 5767 cym-

421 5784 539 5833 bam
570 5778 965 5847 circumsident,
998 5778 1106 5847 lupi
1137 5780 1273 5833 ovile
1300 5781 1728 5851 circumvallant,
1762 5786 1995 5845 latrones
