3844 6280
229 401 338 459 615

228 521 420 581 αὐτοῖς
450 516 844 588 πλανωμένοις,
874 517 965 573 καὶ
991 517 1090 589 τήν
1108 518 1202 573 τοῦ
1236 520 1594 592 Παρακλήτου
1628 534 1797 591 προσ-

226 600 525 664 κυνοῦντες
547 600 795 670 θεότητα.
847 601 913 654 Ἠ
956 600 1056 672 μὲν
1088 599 1183 655 οὖν
1212 604 1523 675 προφητικὴ
1565 599 1799 670 σάλπιγξ

224 689 334 759 τήν
369 682 752 756 οίκουμενικὴν
793 685 873 747 είς
908 684 1141 755 Χριστὸν
1173 686 1620 757 προσημαίνουσα
1660 700 1800 754 συμ-

226 771 440 842 φωνίαν
465 767 670 838 ἔλεγεν,
705 768 836 822 Ὅτι
867 767 1186 834 είδήσουσί
1207 787 1303 841 με,
1339 771 1523 841 φησιν,
1552 769 1670 823 ἀπὸ
1705 784 1801 836 μι-

230 854 382 925 κροῦ
408 854 607 907 αὐτῶν
644 851 743 904 καὶ
770 851 882 917 ἕως
915 855 1182 922 μεγάλου
1221 853 1441 915 αὐτῶν,
1482 850 1591 906 Καὶ
1632 849 1800 904 πᾶσα

228 936 486 1007 γλῶσσα
532 932 1037 1003 ἐξομολογήσεται
1076 935 1156 999 τῷ
1191 934 1313 1001 Θεῷ
1341 934 1495 1007 [620]
1532 932 1615 999 τῷ
1650 933 1800 1000 ἀλη-

230 1020 396 1087 θινιῖ).
421 1019 531 1074 Καὶ
563 1021 593 1072 6
620 1018 718 1089 μὲν
744 1018 1047 1090 προφήτης,
1080 1019 1156 1083 ώς
1191 1020 1347 1091 ἔφην,
1376 1019 1590 1073 ἃπασαν
1624 1016 1801 1086 γλῶσ-

232 1122 334 1161 σαν
364 1103 444 1174 τῷ
465 1104 563 1173 τῆς
609 1102 938 1170 θεογνωσίας
969 1096 1268 1174 περικλείει
1294 1102 1515 1172 δικτύῳ·
1551 1101 1713 1170 ἡμεῖς
1740 1098 1799 1151 δὲ

232 1189 471 1259 σήμερον
492 1185 597 1238 ’καὶ
645 1182 921 1252 ἀγλώττου
962 1186 1187 1255 ῥήτορος
1215 1185 1557 1255 ἀκουσόμεθα
1598 1184 1665 1254 τῇ
1707 1182 1799 1234 εὐ-

230 1270 422 1341 σεϐείᾳ
472 1267 921 1340 συνηγοροῦντος·
953 1268 1116 1321 οἱονεὶ
1152 1267 1262 1339 γάρ
1306 1284 1390 1331 τις
1424 1266 1626 1336 κιθάρα
1658 1264 1799 1334 πλῆ..

229 1372 399 1426 κτρον
421 1354 521 1407 οὐκ
552 1351 747 1422 ἔχουσα
777 1348 868 1403 τὸν
906 1350 1235 1422 δημιουργὸν
1278 1350 1533 1421 εὐφημεῖ.
1577 1347 1799 1416 Λεγέτω

225 1439 413 1493 τοίνυν
449 1435 544 1490 καὶ
587 1437 617 1489 6
655 1434 923 1508 μακάριος
958 1432 1235 1505 Ῥωμανός
1254 1448 1270 1465 ·
1311 1431 1382 1489 Ἦ
1406 1429 1660 1501 γλῶσσά
1677 1446 1798 1497 μου

228 1521 503 1590 κάλαμος
538 1518 917 1588 γραμματέως
963 1513 1323 1585 ὀξυγιοάφου.
1364 1514 1502 1569 Ποία
1540 1512 1797 1582 γλῶσσα;

227 1617 347 1686 οὐχ
373 1615 441 1687 ἢν
467 1616 496 1668 6
529 1613 748 1684 σίδηρος
780 1612 1019 1682 ἀφεῖλεν,
1042 1610 1157 1664 ἀλλ’
1197 1611 1264 1683 ἥν
1295 1611 1329 1681 ἡ
1360 1608 1455 1664 τοῦ
1485 1607 1799 1679 Πνεύματος

226 1699 394 1771 χάρις
442 1695 772 1767 ἐχάλκευσε·
811 1695 912 1764 τῆς
947 1692 1198 1764 γλώσσης
1238 1692 1346 1764 γάρ
1401 1690 1724 1761 συληθείσης
1763 1691 1798 1761 ἡ

223 1782 326 1836 τοῦ
348 1780 665 1851 Πνεύματος
692 1779 850 1851 χάρις
877 1776 1224 1849 ἀντεισήχθη.
1256 1771 1417 1846 Εἶχον
1454 1775 1548 1829 καὶ⁹
1578 1774 1628 1828 οί
1661 1774 1799 1829 ἀπό-

229 1864 409 1919 στολοι
440 1861 713 1930 γλώσσας,
752 1860 867 1914 ἀλλ’
914 1854 1001 1914 ἵνα
1031 1858 1214 1930 δειχθῇ
1254 1858 1349 1911 τοῦ
1384 1856 1731 1928 ἐνεργοῦντος
1760 1858 1795 1928 ἡ

222 1948 480 2018 δύναμις,
508 1945 541 1998 6
589 1944 758 2015 πηλὸς
800 1944 992 2015 ήργει,
1033 1943 1129 1997 καὶ
1182 1942 1244 1997 τὸ
1288 1940 1400 2013 πῦρ
1444 1941 1505 1997 τὺ
1550 1940 1798 2012 οὐράνιον

226 2032 546 2101 ἐφθέγγετο.
598 2024 730 2098 Εἶχε
761 2027 857 2081 καὶ
906 2029 940 2097 ἠ
988 2026 1256 2097 Μωσαῖκὴ
1291 2024 1482 2099 Γραφὴ
1518 2024 1611 2078 τοῦ
1657 2025 1799 2096 ὑπὲρ

222 2113 386 2183 λόγον
414 2112 737 2185 πράγματος
758 2109 857 2180 τὴν
882 2109 1063 2163 εἰκόνα
1080 2122 1095 2138 ·
1126 2108 1284 2180 βάτος
1315 2108 1424 2180 γὰρ
1453 2109 1579 2179 παρ’
1606 2106 1798 2178 ἐκείνῳ

222 2193 481 2268 καὶπῦρ.
509 2193 620 2249 Καὶ
648 2192 710 2247 τὺ
737 2191 1094 2247 ἀποστολικδν
1120 2192 1233 2262 πῦρ
1259 2190 1360 2255 τὰς
1388 2190 1801 2262 τοῦρκηρύγμα-

222 2295 323 2344 τος
349 2276 532 2349 φωνὰς
561 2276 653 2331 ἐπί⁵
680 2275 782 2347 τῆς
813 2275 974 2345 βάτου
1019 2273 1349 2346 προετύπου,
1381 2274 1476 2327 καὶ
1510 2272 1690 2344 φωνὴν
1722 2271 1799 2344 τῷ

223 2363 422 2433 ἀψύχῳ
463 2356 778 2431 χαρίζεται,
821 2357 910 2410 ἴνα
940 2355 1049 2412 τῶν
1087 2355 1346 2427 ἐμψύχων
1382 2352 1628 2427 ὀργάνων
1662 2354 1802 2424 ἀψά.

226 2462 392 2517 μενον
422 2443 706 2514 πιστευθῇ.
740 2442 804 2495 Et
827 2440 936 2513 γάρ
970 2439 1033 2493 τὸ
1059 2440 1262 2511 ἄψυχον
1290 2441 1323 2510 ή
1357 2438 1471 2511 ἁφὴ
1502 2438 1597 2491 τοῦ
1628 2437 1799 2508 πυρὸς

217 2529 480 2601 ἐμφωνον
506 2525 901 2597 ἀπειργάσατο,
930 2522 1047 2588 πῶς
1087 2523 1190 2577 οὐκ
1231 2521 1456 2593 ἔμελλεν
1490 2520 1798 2593 ἀναπλῆσαι

221 2629 335 2665 που
353 2608 530 2681 ψυχάς
548 2608 770 2675 λογικὰς
789 2606 855 2660 δι’
881 2606 1023 2676 ἀφῆς
1044 2605 1104 2658 τὸ
1125 2604 1491 2676 παναρμόνιον
1509 2603 1803 2674 ἀνακρούε-

224 2694 357 2748 σθαι
382 2693 575 2764 μέλος;
611 2687 825 2761 Ταύτης
847 2690 1073 2760 μετέσχε
1092 2688 1193 2759 τῆς
1208 2690 1434 2761 χάριτος
1461 2689 1555 2743 καὶ
1586 2689 1801 2760 Ῥωμα-

221 2776 320 2839 νδς
344 2778 373 2829 6
413 2775 679 2844 ἀοίδιμος,
708 2772 803 2827 καὶ
835 2771 933 2843 τὴν
956 2770 1201 2841 γλῶτταν
1243 2771 1578 2842 ἀποτμηθεὶς
1603 2787 1799 2841 τρανο-

218 2859 374 2930 τέρῳ
403 2856 623 2926 φθόγγῳ
647 2854 739 2908 τὸν
766 2853 1024 2926 τύραννον
1057 2852 1303 2924 ήλεγχεν.
1335 2853 1449 2908 Οὐκ
1479 2852 1544 2909 ἂν
1575 2853 1634 2908 δὲ
1663 2852 1801 2917 ὅλως

221 2942 254 2994 6
281 2939 542 3010 τύραννος
593 2937 686 2990 ἐπὶ
724 2936 823 3007 τὴν
868 2935 967 3006 τῆς
993 2934 1239 3006 γλώττης
1267 2933 1502 3007 ἔδραμεν
1538 2935 1797 3005 ἐκτομὴν,

222 3023 279 3077 εί
309 3021 385 3092 μὴ
415 3019 524 3073 τῶν
564 3019 801 3089 ἐλέγχων
828 3018 1068 3090 ἐφοϐήθη
1101 3017 1171 3073 τά
1206 3017 1475 3088 ῥεύματα,
1504 3019 1555 3072 εί
1602 3017 1677 3090 μὴ
1709 3017 1801 3072 τὸν

221 3103 566 3176 χειμάρρουν
614 3102 710 3155 τοῦ
760 3101 1116 3172 κηρύγματος
1154 3099 1496 3172 κατεπλάγη,
1522 3101 1575 3154 εί
1611 3100 1685 3171 μὴ
1731 3098 1801 3154 τὰ

222 3183 454 3257 κύματα
479 3185 576 3254 τῆς
597 3183 958 3255 εὐαΠελικῆς
996 3183 1283 3254 ῥητορείας
1319 3183 1570 3255 στορέσαι
1598 3183 1803 3237 ὑπέλα-

224 3268 345 3322 ϐεν.
370 3267 509 3320 Ἀλλ’
536 3266 756 3335 ἴδωμεν,
777 3264 899 3320 ὃθεν
925 3267 955 3318 6
982 3265 1244 3336 τύραννος
1272 3266 1351 3329 είς
1373 3265 1620 3337 ἀνάγκην
1645 3266 1802 3338 ἔρχε-

222 3368 323 3406 ται
347 3350 448 3422 τῆς
473 3348 736 3420 ταιαύτης
759 3347 984 3420 τόλμης.
1088 3398 1095 3405 ς

298 3474 373 3537 γ’.
399 3467 627 3538 Δαίμοσί
649 3483 781 3520 ποτε
805 3463 1314 3534 θύσαςόδυσσεϐὴς,
1347 3463 1441 3517 καὶ
1467 3464 1674 3519 καπνοῦ
1704 3466 1802 3519 καὶ

221 3551 457 3620 κνίσσης
504 3549 789 3613 ἀνάπλεως
828 3546 1085 3618 γεγονὼς,
1122 3547 1217 3599 καὶ
1260 3548 1382 3608 ταῖς
1433 3547 1656 3616 σταγόσι
1699 3549 1800 3624 τῆς

222 3634 487 3696 ἀσεϐείας
528 3630 954 3703 μεμολυσμένος,
992 3630 1268 3701 δρομαίως
1313 3630 1406 3682 ἐπὶ
1445 3630 1545 3701 τὴν
1597 3629 1800 3703 ἐκκλη-

224 3715 355 3770 σίαν
391 3715 606 3786 ἐχώρει,
652 3714 749 3768 καὶ
775 3712 867 3767 τὸν
907 3711 1226 3784 ᾑμαγμένον
1275 3711 1666 3782 ἐπιφερόμενος
1704 3712 1803 3765 πέρ·

222 3799 413 3862 λεκυν,
444 3799 508 3851 τὸ
537 3796 872 3866 ἀναίμακτον
904 3793 1287 3865 θυσιαστήριον
1316 3794 1454 3863 πρὸς
1489 3794 1800 3865 ἱερουργίαν

222 3881 487 3951 ἀθέμιτον
514 3879 788 3950 ἐπεζήτει.
826 3876 964 3930 Ἀλλ’
990 3877 1090 3930 οὐκ
1128 3875 1316 3930 ἔλαθεν
1349 3878 1383 3946 ὴ
1416 3876 1512 3930 τοῦ
1536 3878 1799 3948 τυράννου

220 3964 396 4017 λύττα
420 3963 510 4018 τὸν
543 3962 816 4033 μάρτυρα.
852 3959 1070 4021 Εὐθέως
1097 3958 1227 4026 γοῦν
1270 3958 1586 4029 ἐκπηδήσας
1618 3962 1696 4023 είς
1730 3958 1800 4012 τὰ

223 4045 561 4118 προπύλαια,
611 4041 920 4114 φερομένην
982 4040 1083 4111 ήδη
1120 4040 1222 4111 τῆς
1269 4039 1523 4104 ἀσεϐείας
1549 4041 1648 4112 τὴν
1677 4042 1800 4096 ἐπί-

218 4130 418 4184 κλυσιν
453 4127 795 4182 ἀναστέλλει·
831 4126 925 4179 καὶ
952 4124 1201 4193 καθάπερ
1232 4140 1316 4187 τις
1356 4125 1660 4196 εὐμήχανος
1704 4145 1800 4180 κυο

223 4212 495 4283 ϐερνήτης
532 4209 632 4282 τὴν
682 4208 951 4263 θάλατταν
997 4206 1207 4277 βλέπων
1253 4206 1395 4260 κατά
1428 4208 1528 4278 τῆς
1573 4207 1800 4281 πρώρας

224 4293 655 4364 ἐπιφερομένην,
684 4292 911 4364 ἠρεμεῖν
943 4289 1044 4344 οὐκ
1080 4289 1362 4360 ἀνέχεται,
1393 4288 1528 4345 ἀλλά
1557 4291 1621 4345 τὸ
1666 4293 1800 4347 σκά-

216 4394 331 4447 ,φος
366 4377 486 4430 ὅλον
513 4375 702 4446 κούφῳ
730 4373 851 4428 ποδὶ
872 4373 1164 4445 διατρέχει,
1195 4373 1288 4427 καὶ
1309 4372 1400 4426 διὰ
1418 4373 1513 4428 τοῦ
1539 4375 1798 4445 πηδαλίου

219 4461 331 4532 τὴν
353 4459 608 4531 πρύμναν
646 4458 887 4529 ἐγείρας,
911 4456 1091 4526 ἵστησι
1122 4455 1185 4509 τὸ
1210 4455 1395 4509 πλοῖον
1418 4458 1531 4522 τοῖς
1558 4457 1801 4529 κύμασιν

217 4542 664 4613 ἀντιπρόσωπον,
688 4542 783 4595 καὶ
810 4539 1148 4612 μετεωρίσας
1170 4538 1231 4593 τὸ
1262 4538 1592 4607 κινδυνεῦον,
1627 4543 1802 4615 μέσην

214 4625 498 4697 διασχίζει
524 4627 627 4696 τὴν
650 4624 969 4696 τρικυμίαν,
994 4623 1090 4678 καὶ
1111 4622 1275 4696 τέχνῃ
1304 4623 1410 4677 τινὶ
1438 4622 1500 4677 τὸ
1523 4625 1800 4696 κυρτωθέν

214 4709 467 4777 πέλαγος
500 4708 785 4773 αὐλακίζει
807 4724 823 4740 ·
859 4705 1018 4761 τοῦτο
1037 4705 1133 4761 καλ⁵
1161 4707 1191 4758 6
1225 4705 1494 4777 μακάριος
1524 4706 1801 4780 Ῥωμανὸς

1244 404 1312 460 ΙΝ
1353 404 1410 461 S.
1442 399 1784 459 ROMANI”!
1821 399 2240 460 MARTYBEM.
2276 402 2340 458 ιι.

3358 414 3462 471 616

1898 517 2022 586 δφις
2047 520 2374 590 τοιχωρυχεῖ
2406 519 2502 573 τὸν
2539 520 2864 591 παράδεισον
2884 539 2898 554 ·
2935 525 2966 578 6
3000 525 3100 597 τῆς
3139 527 3463 601 Ἐκκλησίας

1894 608 2145 680 θεμέλιος
2165 614 2199 682 ἡ
2235 611 2411 683 πέτρα
2436 612 2719 667 σαλεύεται
2737 631 2753 645 ·
2776 615 2894 669 ἀλλ’
2913 617 2974 681 ἐξ
2993 618 3224 689 οὐρανοῦ
3248 622 3346 692 τὴν
3375 626 3465 679 εὑ.

1898 700 2194 773 αγγελικήν
2240 703 2486 775 ἄγκυραν
2521 703 2694 774 ῥῖψον,
2721 706 2818 759 καὶ
2843 707 2944 776 τὴν
2976 709 3180 780 πέτραν
3214 714 3465 785 στήριξον

1898 793 2185 865 σειομένην
2201 811 2215 825 ·
2248 794 2582 862 Ἐπιστάτα,
2604 794 2830 860 σῶσον.
2852 799 3255 872 ἀπολλύμεθα.
3274 803 3331 859 ’0
3347 824 3466 861 κοι-

1898 883 1987 946 νὸς
2018 883 2260 947 κίνδυνος
2291 884 2502 956 μερίζει
2533 887 2625 941 τὸν
2653 889 2925 961 μάρτυρα,
2952 892 3047 944 καὶ
3084 894 3222 965 πρὸς
3249 895 3338 950 τὸν
3363 896 3465 952 Δε-

1901 973 2105 1044 σπότην
2135 976 2603 1047 παρρησιάζεται·
2629 979 2894 1053 ἐπαφίησι
2936 982 3162 1054 ῥέουσαν
3199 987 3342 1043 κατὰ
3365 990 3465 1043 τοῦ

1898 1064 2163 1152 τυράννου
2200 1065 2299 1136 τὴν
2326 1067 2592 1135 γλῶτταν,
2631 1070 2849 1142 στῆσον,
2887 1071 3081 1142 λέγων,
3124 1076 3215 1130 τὸν
3244 1080 3463 1152 ἐμμανῆ

1898 1151 2089 1210 τοῦτον
2103 1157 2322 1228 δρόμον,
2335 1152 2380 1212 ὦ
2400 1159 2651 1228 τύραννε·
2670 1161 2930 1230 ἐπίγνωθι
2946 1165 3046 1235 τῆς
3062 1166 3162 1238 σῆς
3181 1151 3465 1236 ἀσθενείας

1900 1245 1967 1299 τὰ
1983 1247 2176 1320 μέτρα,
2191 1248 2470 1321 αἰδέσθητι
2482 1250 2577 1304 τοῦ
2593 1251 2996 1325 σταυρωθέντος
3006 1256 3133 1320 τοὺς
3152 1257 3329 1328 ὄρους·
3348 1260 3464 1329 ὅροι

1897 1337 1954 1391 δὲ
1973 1339 2066 1392 τοῦ
2092 1339 2494 1412 σταυρωθέντος
2519 1340 2579 1393 οὐ
2599 1341 2700 1412 τῆς
2732 1343 3026 1415 ἐκκλησίας
3056 1347 3105 1399 οί
3125 1350 3313 1419 τοῖχοι,
3329 1351 3465 1407 ἀλλά

1897 1430 1996 1502 τῆς
2035 1430 2357 1503 οίκουμένης
2395 1430 2464 1485 τὰ
2498 1431 2738 1503 πέρατα·
2789 1434 3109 1500 ἀποτίναξαι
3151 1438 3251 1510 τὴν
3297 1440 3467 1513 ἀχλύν

1898 1518 1996 1588 τῆς
2021 1519 2236 1590 μανίας·
2263 1519 2455 1589 βλέψον
2486 1521 2566 1583 εις
2597 1521 2720 1592 γῆν»
2770 1522 2866 1575 καὶ
2893 1522 2954 1575 τδ
2987 1524 3087 1595 τῆς
3123 1525 3339 1594 φύσεως
3363 1531 3487 1601 τῆς

1901 1612 2000 1683 σῆς
2030 1610 2253 1673 ἀσθενὲς
2282 1610 2640 1682 ἐνθυμήθητι·
2668 1612 2968 1683 ἀνάϐλεψον
2994 1616 3074 1678 είς
3096 1616 3187 1671 τὸν
3215 1618 3461 1690 οὐρανὸν,

1898 1707 1992 1762 καὶ
2018 1703 2117 1759 τοῦ
2150 1703 2390 1775 πολέμου
2417 1703 2480 1757 τὸ
2515 1705 2745 1776 μέγεθος
2791 1706 3026 1776 λόγισαι·
3057 1709 3167 1764 τῶν
3195 1710 3467 1783 δαιμόνων

1897 1797 1995 1868 τὴν
2028 1796 2230 1867 ἀσθενῆ
2256 1795 2548 1849 διάπτυσον
2590 1798 2922 1869 συμμαχίαν·
2956 1798 3248 1871 σκόπησον,
3279 1802 3465 1876 ὅτιτῷ

1900 1887 2119 1960 σταυρῷ
2164 1887 2510 1961 πεπληγότες
2548 1891 2597 1943 οί
2634 1889 2886 1960 δαίμονές
2917 1907 2976 1943 σε
3012 1893 3324 1965 προστάτην
3354 1896 3463 1949 τῶν

1900 1980 2102 2053 βωμῶν
2129 1979 2237 2034 τῶν
2257 1979 2476 2034 οίκείων
2507 1978 2919 2051 προϐάλλονται.
2938 1980 3002 2033 Τί
3023 1981 3238 2048 διώκεις
3258 1985 3466 2040 ἀκατά-

1895 2075 2110 2148 ληπτα;
2131 2074 2186 2128 τί
2217 2073 2458 2140 τοξεύεις
2480 2074 2800 2145 ἀπέραντος
2831 2074 2906 2144 μὴ
2941 2074 3050 2144 γάρ
3071 2075 3272 2146 τοίχοις
3289 2078 3466 2145 ὁΘεδς

1894 2166 2298 2240 περιγράφεται
2317 2181 2333 2233 ;
2355 2165 2767 2239 ἀπερίγραπτον
2780 2164 2841 2218 τὸ
2857 2164 3018 2219 θεῖον·
3041 2164 3118 2237 μὴ
3140 2166 3248 2239 γὰρ
3267 2167 3465 2238 ὀφθαλ.

1898 2260 2020 2329 μοῖς
2059 2259 2088 2310 ὁ
2116 2256 2383 2329 ἡμέτερος
2419 2256 2696 2327 Δεσπότης
2743 2256 2970 2327 ὁρᾶταις
3004 2256 3317 2331 ἀθεώρητος
3355 2263 3464 2334 γάρ

1897 2351 2015 2404 ἐστι
2046 2350 2141 2404 καὶ
2165 2348 2404 2414 ἀνείδεος
2431 2351 2498 2420 τῇ
2537 2349 2695 2421 οὐσίᾳ
2714 2389 2730 2414 ,
2776 2348 2919 2403 κατὰ
2945 2349 3001 2402 δὲ
3038 2349 3099 2403 τὸ
3125 2350 3465 2422 ἀνθρώπινον

1895 2440 2167 2511 γράφεται
2200 2439 2295 2493 καὶ
2322 2440 2534 2509 ὁρᾶται.
2570 2438 2662 2508 Μὴ
2701 2438 2811 2510 γὰρ
2832 2437 2978 2493 λίθον
3003 2441 3098 2493 καὶ
3120 2440 3278 2507 ξύλον
3306 2444 3464 2510 οίκεΐ,

1895 2532 2225 2604 πιπράσκων
2247 2532 2370 2587 ἀντὶ
2392 2530 2512 2601 βοὸς
2535 2530 2631 2589 καὶ
2655 2531 2925 2600 προϐάτου
2946 2532 3047 2602 τὴν
3072 2533 3359 2604 πρόνοιανί
3389 2536 3467 2608 μὴ

1895 2624 2008 2696 γὰρ
2061 2623 2244 2695 βωμὸς
2296 2625 2409 2686 τοῖς
2448 2621 2888 2693 συναλλάγμασιν
2944 2623 3111 2676 αὐτοῦ
3156 2626 3467 2695 μεσιτεύει;

1895 2717 2044 2787 Δῦτη
2080 2714 2187 2770 τῶν
2236 2715 2344 2770 σῶν
2380 2715 2647 2785 δαιμόνων
2690 2716 2725 2786 ή
2777 2714 2956 2786 λίχνος
3003 2717 3395 2789 προσαίτησις·
3437 2721 3468 2772 6

1897 2802 2028 2874 ἐμὸς
2051 2802 2346 2873 Δεσπότης,
2378 2801 2579 2873 μᾶλλον
2610 2801 2667 2855 δὲ
2684 2805 2711 2855 6
2729 2802 2838 2856 τῶν
2858 2803 2994 2857 ὅλων
3017 2806 3313 2878 Δεσπότης,
3335 2809 3470 2880 Χρι-

1899 2894 2026 2957 στὸς
2059 2894 2289 2966 οὐρανὸν
2313 2896 2474 2958 οίκεϊ,
2526 2895 2622 2946 καὶ
2669 2895 2872 2965 κόσμον
2915 2898 3139 2967 ἡνιοχεῖ,
3184 2900 3277 2952 καὶ
3308 2898 3469 2955 θυσία

1897 2982 2070 3056 τούτῳ
2091 2982 2238 3054 ψυχὴ
2256 2982 2390 3054 πρὸς
2409 2983 2571 3037 αὐτὸν
2592 2984 2939 3051 άνανεύουσα,
2960 2986 3057 3054 μία
3074 2988 3247 3059 τούτῳ
3271 2989 3467 3061 τροφὴ,

1897 3075 2006 3132 τῶν
2031 3075 2392 3130 πιστευόντων
2414 3074 2675 3146 σωτηρία.
2703 3074 2917 3130 Παῦσαι
2944 3076 3085 3130 κατὰ
3106 3079 3205 3149 τῆς
3241 3080 3469 3151 Ἐκκλη-

1899 3166 2021 3227 σίας
2063 3164 2132 3217 τά
2175 3162 2315 3217 ὅπλα
2360 3163 2562 3216 κινῶν·
2615 3163 2710 3216 ἐπὶ
2753 3163 2859 3233 γῆς
2911 3164 2973 3216 τὸ
2993 3165 3280 3235 ποίμνιον,
3309 3170 3404 3222 καὶ
3440 3170 3470 3221 6

1897 3256 2203 3327 ποιμαίνων
2236 3256 2296 3308 ἐν
2324 3253 2559 3326 οὐρανῷ·
2595 3255 2689 3308 ἐπὶ
2716 3255 2818 3326 γῆς
2839 3255 2897 3308 αί
2916 3255 3265 3326 κληματίδες,
3295 3260 3389 3312 καὶ
3409 3262 3469 3314 ἐν

1898 3344 2113 3416 οὐρανῷ
2141 3346 2176 3415 ὴ
2209 3344 2472 3414 ἄμπελος·
2512 3342 2579 3397 ἀν
2607 3343 2665 3397 δέ
2699 3344 2936 3417 ἐκτέμῃς
2960 3345 3058 3410 τάς
3094 3346 3469 3418 κληματίδας,

1900 3435 2358 3499 πολυπλασιάζεις
2405 3433 2501 3506 τὴν
2548 3433 2813 3504 ἄμπελον.
2854 3434 3069 3507 Λύθρου
3110 3438 3375 3509 γέμουσιν
3410 3443 3471 3495 αἱ

1900 3527 2080 3600 χεῖρές
2103 3545 2219 3594 σου,
2243 3527 2306 3581 τὸ
2340 3527 2492 3597 ξίφος
2515 3526 2578 3580 τὸ
2614 3526 2706 3581 σὸν
2743 3526 2851 3580 ἀπὸ
2882 3526 3140 3598 θυμάτων
3169 3530 3317 3586 ἐστὶν
3346 3532 3472 3586 ἀλόο

1899 3637 2034 3691 γων·
2067 3622 2252 3692 φεῖσαι
2279 3620 2388 3675 τῶν
2411 3620 2671 3674 ἀναιτίων
2700 3619 3052 3692 θρεμμάτων,
3081 3624 3175 3676 καὶ
3202 3625 3332 3695 ἡμῖν
3359 3630 3471 3691 τοῖς

1897 3711 2214 3782 ἐλέγχουσιν
2238 3709 2450 3780 ἔπαφες
2475 3709 2568 3763 τὸν
2595 3709 2832 3780 σίδηρον·
2870 3712 3050 3779 φεῖσαι
3080 3710 3190 3764 τῶν
3220 3714 3471 3766 σιωπών-

1897 3819 2005 3857 των
2021 3802 2252 3870 ἀλόγων,
2267 3800 2362 3853 καὶ
2380 3800 2527 3870 ἡμᾶς
2538 3799 2663 3863 τοὺς
2678 3799 3117 3870 κατηγοροῦντας
3134 3801 3466 3870 ἀπόσφαττε.

1899 3895 1976 3949 Οὐ
2020 3895 2129 3966 γὰρ
2158 3892 2301 3948 οὕτω
2353 3890 2626 3962 φοϐοῦμαι
2654 3892 2746 3947 τὸν
2772 3891 3099 3963 ἀνδροφόνον
3129 3891 3363 3965 σίδηρον,
3396 3896 3468 3961 ὡς

1898 3987 1990 4041 τὸν
2037 3982 2340 4055 ἐπιϐώμιον
2385 3981 2648 4036 πέλεκυν·
2706 3981 2736 4032 6
2774 3981 3096 4053 ἀνδροφόνος
3143 3984 3361 4055 σίδηρος
3409 3987 3474 4038 τὸ

1898 4079 2064 4150 σῶμα
2091 4075 2504 4146 διασπαράττει,
2532 4074 2562 4125 6
2585 4072 2885 4144 ἐπιϐώμιος
2914 4073 3145 4138 πέλεκυς
3169 4074 3268 4145 τὴν
3294 4075 3448 4147 ψυχὴ

1900 4171 2135 4240 ἀναιρεῖ·
2155 4169 2186 4220 6
2205 4164 2529 4240 ἀνδροφόνος
2545 4163 2661 4235 σίδη
2670 4181 2759 4236 ρος
2779 4163 2841 4217 τὸ
2868 4164 3127 4235 θυόμενον
3155 4169 3445 4236 κατασφάτ

1900 4277 2006 4325 τει,
2036 4260 2065 4311 6
2086 4257 2143 4311 δὲ
2173 4255 2478 4326 ἐπιϐώμιος
2515 4255 2752 4318 πέλεκυς
2770 4255 2864 4308 καὶ
2890 4254 2951 4307 τὸ
2966 4253 3231 4326 θυόμενον
3257 4256 3351 4310 καὶ
3379 4257 3468 4312 τὸν

1900 4348 2100 4403 θύοντα
2132 4344 2511 4401 συναπόλλυσι.
2535 4343 2683 4414 Τέμε
2710 4342 2801 4395 τὸν
2833 4341 3033 4413 αὐχένα
3067 4342 3158 4397 τὸν
3187 4343 3319 4413 ἐμὸν
3337 4384 3351 4406 ,
3378 4345 3475 4400 καὶ

1906 4441 1985 4514 μὴ
2010 4438 2243 4511 μολύνῃς
2285 4436 2687 4507 θυσιαστήριον·
2741 4433 2886 4505 ἔχεις
2933 4431 3352 4488 αὐτοκέλευστον
3398 4436 3475 4491 ἱε-

1908 4535 2071 4605 ρεῖον,
2109 4531 2165 4585 τί
2210 4529 2303 4584 τὸν
2344 4527 2631 4600 δεσμώτην
2670 4527 2868 4598 ταῦρον
2902 4523 3227 4581 ἀνανεύοντα
3265 4543 3474 4599 συμπο-

1898 4605 2203 4691 δίζειςςἘί
2224 4619 2372 4676 θύειν
2400 4617 2725 4689 ἐπιθυμεῖς,
2770 4618 2831 4669 ἐν
2876 4617 2988 4680 τοῖς
3026 4613 3126 4685 τῆς
3175 4613 3474 4687 ἐκκλησίας

1902 4711 2199 4785 προθύροις
2226 4710 2324 4766 θύε
2355 4708 2572 4778 λογικὸν
2596 4708 2820 4778 ἱερεῖον.

216 4792 477 4864 ἐποίησε.
496 4790 609 4861 Τῆς
630 4789 913 4860 είδωλικῆς
934 4788 1203 4859 θαλάττης
1225 4787 1520 4860 βλάσφημα
1543 4792 1801 4863 μυκωμέ-
1891 4832 1896 4843 .

222 4892 350 4946 νης.
388 4876 483 4928 καὶ
526 4873 669 4928 κατά
698 4873 792 4927 τοῦ
837 4870 1291 4942 ἐκκλησιαστικοῦ
1326 4873 1569 4943 σκάφους
1597 4874 1801 4930 λυττώ-

224 4975 355 5029 σης,
373 4959 468 5012 καὶ
481 4957 655 5028 ἀφρὸν
674 4959 730 5013 αί
738 4955 923 5027 μάτων
940 4953 1083 5009 κατὰ
1099 4953 1210 5009 τῶν
1226 4954 1632 5029 θυσιαστηρίων
1647 4959 1803 5032 ἐρευο

218 5040 487 5111 γομένης,
514 5040 673 5112 μόνος
702 5039 1085 5104 ἀνθοπλίζεται
1110 5041 1176 5109 τῇ
1211 5039 1510 5113 μαινομένῃ
1539 5040 1796 5117 θαλάττῃ,

214 5124 327 5178 οιαὶ
355 5126 436 5189 είς
468 5125 636 5195 ἀκρον
665 5122 805 5195 ὁρῶν
832 5123 896 5177 τὸ
917 5122 1122 5191 σκάφος
1143 5121 1535 5193 σφαλλόμενον,
1565 5126 1800 5195 ἀφυπνί-

220 5207 312 5273 ζει
337 5207 430 5261 τὸν
472 5210 534 5262 έν
567 5207 647 5278 τῷ
679 5206 850 5277 πλοίῳ
897 5206 1197 5277 Δεσπότην,
1224 5206 1519 5275 ἀφυπνίζει
1553 5208 1610 5262 δὲ
1638 5211 1798 5265 αὐτὸν

220 5293 321 5347 τὸν
358 5291 458 5362 τῆς
500 5288 883 5363 μακροθυμίας
921 5288 1088 5342 ὐπνον
1126 5286 1474 5344 καθεύδοντα.
1508 5290 1705 5347 Βλέπει
1737 5293 1799 5347 τὸ

215 5373 465 5442 πέλαγος
490 5376 610 5439 ταῖς
647 5372 983 5436 ἀντιπνοίαις
1011 5370 1429 5442 χειμαζόμενον,
1462 5373 1555 5426 καὶ
1586 5375 1656 5428 τὰ
1689 5374 1799 5429 τῶν

219 5456 642 5511 κινδυνευόντων
691 5455 950 5528 μαθητῶν
995 5454 1289 5525 φθέγγεται
1336 5455 1557 5526 ῥήματα
1576 5471 1590 5486 ·
1642 5457 1797 5511 Ἐπι-

219 5539 440 5602 στάτα,
481 5538 723 5604 σῶσον,
760 5537 1178 5606 ἀπολλύμεθα·
1216 5537 1472 5608 πειραταὶ
1504 5538 1565 5591 τὸ
1594 5540 1800 5609 σκάφος

226 5623 757 5693 περιστοιχίζονται,
807 5621 961 5675 λύκοι
1008 5616 1355 5694 πολιορκοῦσι
1411 5620 1473 5675 τὸ
1514 5622 1796 5692 ποίμνιον,

136 5720 141 5721 ν
222 5706 423 5777 λῃσταὶ
464 5707 563 5779 τὴν
602 5704 854 5762 παστάδα
893 5707 992 5775 τὴν
1027 5704 1126 5776 σὴν
1157 5703 1526 5776 διορύττουσι,
1577 5706 1801 5778 μοιχικά

212 5787 380 5862 1621]
405 5790 713 5863 συρίγματα
736 5789 835 5861 τὴν
855 5786 951 5861 σήν
977 5787 1196 5861 νύμφην
1224 5791 1566 5861 περικτυπεῖ,
1585 5790 1744 5846 πάλιν
1768 5794 1796 5846 6

1965 4872 2048 4926 θύ
2073 4870 2230 4945 φέρει
2264 4870 2366 4940 τὴν
2390 4869 2627 4938 ἄμετρον
2665 4870 2697 4921 6
2724 4868 2990 4940 τύραννος
3018 4874 3333 4944 παρρησίαν
3376 4873 3472 4927 τοῦ

1905 4963 2202 5036 μάρτυρος,
2235 4959 2349 5015 ἀλλ’
2372 4957 2534 5021 εὐθὺς
2573 4957 2683 5012 ἀπὸ
2712 4958 2814 5028 τῆς
2840 4958 3088 5033 γλώττης
3108 4963 3204 5016 τοῦ
3233 4963 3472 5036 θύματος

1902 5057 2147 5127 ἄρχεται.
2191 5049 2475 5121 Ἑκτέμνει
2506 5047 2686 5103 τοίνυν
2705 5049 2803 5122 τὴν
2834 5050 3103 5121 γλῶτταν,
3136 5055 3235 5107 οὐκ
3266 5054 3474 5108 ἀνελεῖν

1898 5146 2245 5219 βουλόμενος,
2267 5141 2403 5196 ἀλλὰ
2423 5139 2501 5213 τῷ
2520 5140 2835 5213 κηρύγματι
2854 5143 3125 5214 πολεμῶν·
3145 5146 3207 5198 οὐ
3222 5144 3472 5200 τοσοῦτον

1903 5239 1982 5311 τῷ
2013 5240 2215 5309 κήρυκι
2241 5235 2472 5306 φθονῶν,
2489 5235 2611 5289 ὅσον
2635 5233 2713 5304 τῷ
2732 5232 3123 5305 κηρυττομένῳ
3138 5233 3473 5303 βασκαίνων,

1905 5329 2048 5384 Ἀλλ’
2075 5330 2139 5382 '0
2160 5326 2576 5398 δρασσόμενος
2602 5324 2742 5390 τοὺς
2763 5323 2997 5392 σοφοὺς
3021 5324 3091 5377 ἐν
3112 5322 3187 5392 τῇ
3217 5339 3477 5393 πανουρ-

1903 5422 2003 5493 γίᾳ
2034 5418 2251 5485 αὐτῶν,
2287 5418 2348 5472 τὸ
2396 5414 2670 5489 ἐκτμηθὲν
2704 5414 2937 5487 ὄργανον
2964 5413 3065 5484 τῆς
3092 5413 3275 5484 φωνῆς
3303 5412 3363 5479 ἐξ
3380 5416 3447 5471 ρὺ
3478 5438 3498 5487 ρ

1906 5511 2070 5586 ρανοῦ
2102 5511 2418 5575 ἀποδίδωσι,
2442 5509 2537 5565 καὶ
2563 5509 2781 5579 ἀοράτῳ
2803 5506 3016 5578 γλώττῃ
3044 5507 3137 5563 τὸν
3166 5506 3475 5577 χωλεύοντα

1906 5602 2140 5673 φθόγγον
2169 5597 2541 5669 ύποστηρίζει,
2569 5597 2664 5650 καὶ
2696 5593 2979 5667 χαρίζεται
3000 5592 3077 5665 τῷ
3102 5591 3362 5667 ἀγλώττῳ
3377 5595 3480 5667 τὴν

1906 5692 2110 5761 φωνὴν,
2135 5688 2279 5760 ἔργῳ
2298 5687 2397 5760 τὴν
2427 5682 2772 5757 ἀνθρωπίνην
2811 5681 3173 5755 δημιουργίαν
3203 5680 3481 5739 ἐνδεικνύι.

1912 5796 2072 5851 μενος
2100 5777 2177 5851 τῷ
2219 5777 2486 5851 τυράννῳ.
2519 5773 2629 5831 Καὶ
2667 5770 2917 5845 καθάπερ
2956 5770 3008 5827 οἱ
3040 5770 3350 5848 φρεωρύχοι
3376 5770 3478 5836 τὰς
