3860 6286
422 395 567 451 ,οι-ι

460 507 665 579 φλέϐας
693 504 1138 567 διασκαλεύοντες
1173 515 1198 544 ι
1240 501 1389 574 [622]
1418 500 1717 573 εὐρυτέραν
1747 499 1827 569 τῷ
1868 498 2024 552 ὕδατι

459 594 560 662 τὴν
591 589 787 660 ὲκροὴν
823 586 1257 657 ἀπεργάζονται,
1292 585 1433 637 οὕτω
1460 585 1555 637 καὶ
1596 586 1625 637 6
1654 583 1914 653 τύραννος
1943 597 2024 634 σι-

462 674 611 744 δήρῳ
638 672 736 741 τῆς
760 669 1003 739 γλώττης
1024 667 1316 739 διορύττων
1336 666 1436 736 τὴν
1457 666 1632 737 ῥίζαν,
1653 665 2024 737 σφοδροτέροις

464 753 789 817 ὲπεκλύζετο
818 755 930 815 τοῖς
972 750 1080 805 τῶν
1124 750 1360 820 ἐλέγχων
1388 753 1657 821 κρουνοῖς.
1696 749 2024 821 Ἐϐουλόμην

461 837 589 907 ἄχρι
618 835 804 898 τέλους
842 834 1165 905 ἐγχορεῦσαι
1205 835 1273 903 τῇ
1311 832 1405 886 τοῦ
1438 834 1712 905 μάρτυρος
1747 831 2020 897 ὑποθέσει,

462 918 729 988 arma;
756 917 1096 988 συμμετρίας
1123 917 1321 988 ἐπέστη
1338 916 1547 988 καιρὸς,
1575 917 1669 970 καί
1697 934 1784 987 μοι
1816 919 2025 988 σιωπᾷν

524 1019 553 1048 ⁸
571 1018 724 1088 βανὶι.
752 1021 804 1068 in
824 1024 964 1088 textu
992 1026 1045 1088 et
1065 1021 1200 1088 ‘Reg.
1225 1020 1624 1081 διασκυλεύοντες,
1658 1019 1830 1070 Morel.
1852 1025 1905 1070 el
1937 1020 2033 1071 Sa-

461 1080 545 1129 vil.
568 1080 619 1128 in
651 1092 803 1143 marg.
828 1080 1228 1137 διασκαλεύοντῖες.

1132 389 1189 444 S.
1230 385 1512 445 JOANNIS
1548 381 2040 442 CHRYSOSTOMI
2077 380 2398 439 ARCHIEP.
2438 377 2986 437 CONSTANTINOP.

3584 388 3701 442 028

2129 495 2497 564 ὲγκελεύεται·
2520 497 2646 565 ὑμῖν
2670 510 2728 547 τε
2761 493 2870 564 γὰρ
2899 492 3034 563 πρὸς
3049 491 3312 559 ὠφέλειαν
3333 494 3494 548 ἱκανά
3515 494 3591 546 τὰ
3612 498 3693 564 ρτῑ
3714 524 3721 531 -

2128 578 2308 641 θέντα,
2325 579 2418 632 καὶ
2433 580 2703 646 ἀναγκαῖα
2718 576 2811 630 τοῦ
2830 575 3035 647 πατρὸς
3053 575 3123 628 τὰ
3136 576 3442 648 διδάγματα
3455 579 3599 649 πρὸς
3619 578 3721 632 τὸν

2125 661 2233 714 τῶν
2253 661 2526 733 ῥηθέντων
2552 660 2919 733 ἀπαρτισμόνο
2941 658 3076 712 ἀλλὰ
3109 659 3202 714 καὶ
3226 659 3299 712 τὰ
3321 661 3565 731 ῥηθέντα
3594 665 3719 724 τοῖς

2127 745 2226 814 τῆς
2245 746 2462 814 μνήμης
2478 744 2701 807 κόλποις
2713 739 3190 813 περιπτυξώμεθα,
3208 743 3430 807 καὶτοῖς
3446 743 3717 812 λέγεσθαι

2133 826 2386 897 μέλλουσι
2409 828 2537 889 τοὺς
2566 827 2667 896 τῆς
2699 826 2879 895 ψυχῆς
2904 823 3148 889 αῦλακας
3168 825 3595 895 ἀναπτύξωμεν,
3612 830 3715 881 καὶ

2131 909 2222 962 ἐπὶ
2238 910 2370 961 πᾶσι
2397 910 2488 962 τὸν
2516 909 2913 979 θαυματοποιὸν
2941 908 3176 980 Χριστὸν
3203 913 3713 981 προσκυνήσωμεν,

2133 992 2214 1044 ὅτι
2232 990 2380 1060 αὐτῷ
2397 993 2429 1060 ἡ
2445 991 2569 1057 δόξα
2584 992 2679 1045 σὺν
2695 991 2772 1062 τῷ
2783 993 2896 1045 Πατ
2905 992 2956 1062 pl.
2971 992 3063 1044 καὶ
3072 992 3149 1062 τῷ
3162 992 3408 1063 παναγίῳ
3419 994 3567 1047 Πνεύ
3575 1012 3716 1063 ματι

2135 1072 2232 1127 νῦν
2262 1074 2357 1127 καὶ
2382 1075 2490 1139 ἀεὶ,
2520 1075 2615 1128 καὶ
2640 1077 2719 1140 είς
2742 1076 2867 1139 τοὺς
2887 1074 3088 1139 αἰῶνας
3103 1074 3211 1130 τῶν
3243 1075 3474 1132 αἰώνων.
3503 1078 3712 1150 Ἀμήν.

1132 1709 1232 1770 AD
1280 1709 1639 1771 HOMILIAS
1688 1711 1885 1772 TRES
1931 1712 2011 1773 IN
2060 1711 2165 1773 SS.
2207 1713 2503 1775 SEPTEM
2550 1714 3003 1778 MACCABIEOS

523 1941 621 2000 Ha
656 1942 945 2000 conciones
980 1943 1281 2001 Antiochiae
1325 1943 1524 2001 habitae
1571 1952 1702 2001 sunt
1736 1944 2055 2016 nullamque
2103 1942 2405 2017 praeferunt
2445 1945 2577 2000 anni
2614 1954 2821 2001 notam.
2871 1945 3029 2001 Prior
3082 1954 3314 2002 matrem
3357 1947 3678 2017 praesertim

452 2057 886 2118 Maccabzeorum
918 2079 948 2118 a
981 2061 1287 2119 constantia
1318 2046 1599 2132 animique
1644 2061 1845 2117 robore
1882 2061 2177 2131 plurimum
2211 2061 2575 2117 commendat.
2608 2058 2855 2117 Secunda
2888 2061 3179 2133 septimum
3202 2062 3595 2134 junioremque
3619 2081 3693 2123 ex

455 2171 773 2233 Maccabmis
804 2176 1059 2233 laudibus
1083 2187 1331 2245 exornat,
1356 2185 1532 2232 matre
1555 2191 1775 2248 quoque
1794 2167 2089 2231 identidem
2116 2176 2173 2230 in
2206 2174 2429 2231 laudum
2458 2184 2667 2246 partem
2688 2184 2898 2233 vocata.
2936 2176 3089 2234 Hanc
3111 2178 3413 2235 breviorem
3439 2180 3696 2251 Chryso-

459 2295 671 2343 stomus
699 2287 755 2341 in
805 2285 1135 2343 Maccabaeos
1180 2288 1463 2343 llomiliam
1511 2289 1916 2359 pronuntiavit;
1968 2303 2079 2358 quo
2112 2288 2383 2360 pluribus,
2430 2288 2631 2374 inquit,
2678 2290 2755 2345 illi
2805 2291 3059 2348 laudibus
3087 2295 3429 2350 acommuni
3457 2295 3692 2351 doctore

452 2403 883 2471 cumularentur,
918 2418 1111 2473 nempe
1142 2419 1174 2459 a
1208 2404 1470 2461 Flaviano
1498 2406 1789 2475 Episcopo,
1824 2407 1918 2476 qui
1952 2414 2078 2477 post
2105 2406 2564 2478 Cbrysostomum
2595 2409 3024 2465 concionatu‘rus
3057 2419 3194 2466 erat.
3221 2410 3403 2466 Tertia
3430 2411 3690 2465 omnium

424 2588 429 2591 ι
454 2516 778 2573 brevissima
799 2517 855 2574 in
891 2518 1224 2578 Maccabeos
1248 2520 1475 2578 homilia
1498 2537 1528 2577 a
1551 2521 1830 2579 nonnullis
1852 2522 1907 2578 in
1932 2521 2142 2588 νοθείας
2170 2524 2540 2593 suspicionem
2568 2534 2807 2592 vocatur,
2835 2540 2935 2581 nec
2961 2525 3200 2596 injuria:
3229 2540 3359 2581 nam
3384 2525 3495 2582 olet
3519 2535 3680 2583 certe

438 2882 3647 2913 mm

1155 3051 1329 3137 ΕΙΣ
1384 3048 1678 3173 ΤοΥΣ
1722 3041 2127 3135 mor:
2179 3041 2973 3136 ΜΑΚΚΑΒΑΙΟΥΣ

1560 3235 1667 3289 Kal
1698 3237 1785 3300 εις
1820 3233 1936 3303 τὴν
1954 3231 2181 3304 μητέρα
2216 3231 2433 3289 αὐτῶν.

1056 3520 1289 3578 Ὀαιλία
1316 3523 1386 3575 a'.

500 3608 572 3659 a'.
586 3614 614 3645 ι
645 3601 736 3665 Ὠς
752 3599 954 3671 φαιδρὰ
970 3602 1064 3655 καὶ
1401 3603 1576 3672 ήμϊνή
1600 3600 1773 3666 πόλις,
1790 3600 1884 3654 καὶ
1904 3600 1998 3653 τοῦ

433 3682 631 3743 παντὸς
658 3677 906 3732 ἐνιαυτοῦ
937 3679 1289 3751 λαμπροτέρα
1331 3683 1363 3748 ἡ
1421 3682 1657 3751 σήμερον
1705 3679 1907 3749 ἡμέρα,
1936 3678 1997 3730 ού

431 3764 521 3814 το)
543 3760 694 3831 ἡλίου
718 3759 1102 3830 φανερωτέραν
1131 3760 1323 3812 ἀκτῖνα
1343 3757 1443 3825 τῆς
1473 3757 1722 3821 εἰωθυίας
1744 3757 1877 3827 πρὸς
1901 3757 1999 3824 τὴν

425 3841 533 3910 γῆν
567 3839 818 3908 ἀφιέντος
848 3838 1119 3908 σήμερον,
1165 3837 1299 3889 ἀλλὰ
1347 3836 1440 3889 τοῦ
1490 3835 1664 3903 φωτὸς
1691 3835 1800 3889 τῶν
1831 3834 1999 3901 ἁγίων

432 3920 726 3990 μαρτύρων
768 3914 908 3985 ὑπὲρ
960 3916 1246 3987 ἀστραπὴν
1288 3915 1507 3968 ἃπασαν
1540 3915 1641 3990 τὴν
1689 3914 1845 3966 πόλιν
1868 3915 1999 3982 ἡμῖν

427 3989 895 4063 καταυγάσαντος’
939 3995 1148 4066 μυρίων
1191 3993 1301 4065 γὰρ
1328 3993 1493 4065 ⁴ἡλίων
1519 3989 1664 4048 οὗτοι
1692 3993 2000 4064 λαμπρότε-

432 4092 537 4147 ροι,
564 4073 658 4126 καὶ
697 4071 804 4126 τῶν
844 4072 1096 4143 μεγάλων
1142 4075 1446 4144 φωστὴρων
1478 4073 1776 4142 ’φανότεροι
1821 4071 1869 4124 ι’.
1902 4070 2000 4125 Διὰ

426 4151 651 4215 τούτους
674 4151 976 4221 σεμνοτέρα
1021 4151 1113 4203 τοῦ
1165 4149 1395 4221 ούρανοῦ
1434 4151 1734 4220 σήμερονή
1775 4149 1867 4217 γῆ.
1907 4149 1999 4219 Μὴ

426 4232 537 4302 γάρ
568 4228 778 4301 μοι’τὴν
806 4229 954 4284 κόνιν
981 4230 1164 4303 εἴπῃς,
1204 4231 1340 4301 μηδὲ
1372 4230 1470 4301 τὴν
1515 4229 1722 4301 τέφραν
1752 4226 1996 4296 λογίζου,

430 4309 567 4381 μηδὲ
601 4308 673 4362 τὰ
700 4308 877 4380 χρόνῳ
929 4309 1306 4381 δαπανηθέντα
1334 4310 1487 4372 ὀστᾶ,
1520 4308 1633 4361 ἀλλ’
1663 4305 1872 4372 ἄνοιξον
1899 4306 2000 4376 τῆς

427 4391 664 4453 πίστεως
693 4389 819 4452 τοὺς
852 4388 1183 4458 ὀφθαλμοὺς,
1210 4389 1302 4441 καὶ⁸
1334 4387 1496 4457 βλέπε
1531 4386 2000 4457 παρακαθημένην

425 4468 609 4531 αὐτοῖς
633 4464 729 4520 τοῦ
762 4464 898 4519 Θεοῦ
922 4467 1020 4535 τὴν
1045 4463 1293 4535 δύναμιν,
1318 4464 1787 4535 περιϐεϐλημένην
1817 4464 2001 4525 αὐτοῖς

424 4546 521 4600 τοῦ
535 4544 674 4599 Πνεύ
684 4559 852 4615 ματος
861 4541 961 4612 τὴν
974 4540 1155 4612 χάριν,
1170 4541 1522 4610 περιστέλλου
1530 4558 1624 4594 σαν
1640 4542 1834 4605 αὐτοὺς
1850 4539 1998 4612 [625]

425 4625 521 4680 τοῦ
553 4622 806 4694 οὐρανίου
830 4619 1007 4690 φωτὸς
1036 4620 1135 4689 τὴν
1157 4618 1335 4683 δόξαν.
1369 4620 1443 4671 υύ
1473 4618 1718 4672 τοιαῦται
1844 4620 1996 4690 ἡλια-

426 4702 527 4759 κοῦ
549 4692 750 4755 κύκλου
784 4701 921 4770 πρὸς
950 4698 1048 4768 τὴν
1072 4697 1174 4767 γῆν
1195 4697 1414 4760 ἀκτῖνες
1438 4697 1708 4765 ἀφίενται,
1729 4692 1838 4750 οἷαι
1869 4714 2000 4768 μαρ-

430 4782 673 4854 μαρυγαὶ
701 4780 795 4834 καὶ
820 4776 1163 4847 λαμπηδόνες
1192 4776 1257 4829 ὲκ
1291 4774 1397 4854 τῶν
1419 4779 1683 4854 σωμάτων
1706 4774 1998 4854 Ῠὲξαλλόμε-

425 4852 525 4915 ναί
552 4859 758 4914 τούτων
806 4856 978 4918 αὑτὰς
1033 4852 1401 4923 ἀποτυφλοῦσι
1451 4852 1546 4907 τοῦ
1597 4853 1842 4906 διαϐόλου
1896 4854 1997 4919 τὰς

424 4940 599 5009 ὄψεις.
624 4935 893 5006 Καθάπερ
914 4933 1021 5005 γὰρ
1042 4932 1339 5005 λῄσταρχοι
1364 4933 1458 4988 καὶ
1476 4932 1824 5004 τυμϐωρύχοι
1850 4935 1998 4987 ἐπει-

424 5017 525 5073 δάν
554 5016 737 5071 ῐδωσιν
769 5013 909 5067 ὅπλα
944 5029 1047 5066 που
1076 5011 1306 5081 κείμενα
1339 5012 1613 5082 βασιλικά,
1635 5010 1880 5083 θώρακα,
1901 5011 1997 5066 καὶ

424 5093 650 5158 ἀσπίδα,
686 5093 781 5147 καὶ
822 5092 1043 5163 κράνος,
1071 5089 1259 5161 χρυσῴ
1291 5092 1470 5145 πάντα
1494 5091 1992 5162 καταλαμπόμενα,

426 5170 778 5243 ἀποπηδῶσιν
805 5169 1028 5233 εὐθέως,
1066 5169 1163 5222 καὶ
1194 5169 1318 5222 οὐδὲ
1341 5170 1679 5241 προσελθεῖν,
1712 5169 1831 5222 οὐδὲ
1857 5169 1995 5238 ἄψα-

310 5266 313 5267 '
425 5251 550 5305 σθαι
569 5249 808 5320 τολμῶσι
837 5249 1010 5320 μέγαν
1036 5245 1377 5319 ὑφορώμενοι
1399 5248 1658 5314 κίνδυνον,
1677 5247 1732 5301 εἴ
1748 5265 1799 5301 τι
1820 5247 1995 5301 τοιοῦ-

484 5456 512 5485 ⁸
534 5453 731 5503 Initium
755 5449 826 5515 sig
844 5448 992 5515 ell‘ert
1014 5448 1163 5515 Savil.
1189 5448 1415 5515 in‘marg.
1434 5461 1446 5495 :
1468 5445 1548 5515 ᾮς
1570 5446 1741 5515 φαιδρὰ
1759 5445 1838 5515 καὶ
1857 5462 1991 5515 περις

484 5460 512 5485 ⁸
538 5460 731 5503 Initium
755 5462 825 5499 sm
844 5460 992 5498 enen
1014 5460 1163 5498 53v”.
1189 5462 1238 5498 In
1261 5460 1415 5557 mari.
1434 5461 1446 5495 :
1469 5460 1548 5517 ‘1};
1570 5460 1741 5554 φαισέα
1759 5460 1838 5521 καί
1857 5462 1988 5515 περιε

419 5517 606 5577 λαμτι-ἠς
621 5517 655 5577 ἡ
678 5510 900 5577 παροῦσα
930 5511 1100 5577 ἡμέρα·
1147 5511 1323 5577 μᾶλλον
1349 5511 1375 5557 δ
1398 5570 1412 5577 _
1439 5524 1538 5577 TOU.
1566 5524 1686 5577 παντ
1716 5524 1737 5562 ς
1753 5523 1988 5577 “maereo

420 5567 735 5649 ξαίέιπέέῖέρα-
752 5567 1436 5649 ’ἓέγονεηδὲίλφμπβετέρεε
1456 5567 1564 5649 3°51;
1589 5567 1724 5649 ἓξνὲ
1753 5567 1873 5649 ἓξὲξ·
1900 5568 1989 5649 ‘13:

421 5641 511 5684 Del
532 5627 847 5696 ε’Ὢς’φαιδρᾶ
871 5632 953 5679 καὶ
987 5627 1440 5696 περίφανής.Ῥδυ10
1463 5636 1572 5691 post
1591 5629 1719 5677 idem
1755 5627 1878 5700 Reg.
1903 5634 1987 5686 τῆς

419 5695 632 5749 εἰωθυίας
648 5696 842 5756 ἀφέντος
865 5693 1088 5756 σήμερον.
1123 5692 1275 5742 Paulo
1306 5697 1418 5753 post
1443 5692 1575 5741 idem
1597 5690 1732 5737 πόλιν
1752 5691 1907 5750 ἡμων,
1933 5695 1986 5737 ct

416 5768 527 5817 mox
544 5753 856 5817 λαμπβὸῖεροι
875 5754 953 5817 διὰ
971 5753 1083 5817 19v-

480 5815 508 5856 b
530 5809 618 5866 Siti
637 5809 820 5864 τετύυέ
839 5826 869 5863 e
889 5810 1070 5865 Savilio
1093 5812 1352 5877 φανότεροι.
1370 5812 1536 5864 Monii.
1550 5811 1881 5877 φανερώτεροι.
1895 5809 1986 5859 En.

2101 3538 2193 3576 τον
2225 3525 2574 3598 τολμήσαιενυ
2599 3527 2738 3581 οὕτω
2764 3523 2827 3596 δὴ
2858 3524 2952 3577 καὶ
2992 3524 3041 3577 οί
3073 3524 3325 3594 δαίμονες
3350 3526 3401 3579 οἱ
3428 3525 3678 3597 ἀληθινοὶ

2100 3600 2427 3672 λῄσταρχοι,
2469 3606 2712 3676 ὅπουπερ
2768 3605 2834 3658 ἂν
2883 3603 3034 3655 ίδωσι
3097 3601 3389 3675 μαρτύρων
3441 3603 3675 3676 σώματα

2101 3677 2346 3748 κείμενα,
2367 3681 2777 3751 δραπετεύουσι,
2820 3680 2917 3733 καὶ
2960 3679 3312 3752 ἀποπηδῶσιν
3341 3682 3569 3748 εὐθέως.
3596 3686 3673 3737 Οὐ

2101 3755 2210 3825 γὰρ
2236 3758 2371 3827 πρὸς
2385 3760 2485 3830 τὴν
2502 3762 2663 3829 φύσιν
2685 3758 2863 3812 αὐτῶν
2885 3756 3139 3828 βλέπουσι
3164 3757 3261 3829 τὴν
3282 3759 3424 3824 τέως
3450 3760 3673 3832 θνητὴν.

2102 3834 2238 3887 ἀλλὰ
2265 3836 2401 3905 πρὸς
2420 3838 2519 3903 τὴν
2540 3838 2848 3909 ἀπόρρητον
2870 3835 3025 3900 ἀξίαν
3049 3836 3142 3888 τοῦ
3169 3838 3510 3907 φορήσαντος
3536 3839 3676 3893 αὐτά

2100 3914 2564 3984 Χριστοῦ.Ταῦτα
2597 3917 2707 3984 γὰρ
2736 3915 2805 3969 τὰ
2851 3913 2989 3968 ὅπλα
3027 3914 3126 3968 οὐκ
3160 3914 3414 3983 ἄγγελος,
3442 3917 3545 3970 οὑκ
3571 3918 3673 3989 ἀρ-

2101 3992 2386 4062 χάγγελος,
2418 3995 2517 4047 οὐκ
2550 3993 2683 4066 άλλη
2731 4011 2815 4057 τις
2856 3991 3050 4063 κτιστὴ
3090 3993 3380 4048 ἐνεδύσατο
3403 3996 3672 4066 δύναμις,

2101 4070 2215 4123 ἀλλ’
2240 4072 2404 4143 αὐτὸς
2427 4072 2455 4122 6
2479 4071 2589 4124 τῶν
2623 4072 2867 4141 ἀγγέλων
2895 4071 3190 4140 Δεσπότης.
3218 4073 3329 4125 Καὶ
3363 4073 3621 4145 καθάπερ
3646 4079 3674 4130 6

2100 4150 2311 4213 Παῦλος
2335 4149 2465 4204 ἐϐόα
2490 4149 2681 4218 λέγων·
2703 4153 2774 4205 El
2796 4148 3055 4218 δοκιμὴν
3075 4148 3294 4214 ζητεῖτε
3322 4151 3432 4204 τοῦ
3454 4153 3525 4205 ἐν
3544 4153 3675 4221 ἐμοὶ

2098 4228 2434 4295 λαλοῦντος
2463 4228 2756 4296 Χριστοῦ;
2788 4227 2930 4282 οὕτω
2967 4227 3062 4280 καὶ
3095 4222 3237 4281 οὗτοι
3262 4227 3516 4283 δύνανται
3547 4229 3675 4301 βοᾷν

2100 4307 2196 4359 καὶ
2217 4305 2416 4373 λέγειν·
2450 4310 2498 4359 εί
2528 4306 2756 4377 δοκιμὴν
2787 4306 2998 4377 ζητεῖτε
3018 4306 3110 4358 τοῦ
3131 4307 3347 4377 έν.ήμῖν
3372 4308 3676 4375 ἀγνωνισα·

2105 4385 2267 4456 μένου
2292 4385 2560 4455 Χριστοῦ;
2585 4386 2751 4456 Τίμια
2779 4385 2889 4454 γὰρ
2938 4382 3006 4436 τὰ
3038 4382 3284 4453 σώματα,
3316 4384 3507 4456 ἐπειδὴ
3540 4387 3675 4459 πλη-

2099 4465 2202 4532 γὰς
2233 4464 2481 4529 ἐδέξαντο
2518 4464 2659 4535 ὑπὲρ
2702 4463 2797 4517 τοῦ
2851 4462 2981 4516 ἰδίου
3010 4462 3301 4525 Δεσπότου,
3337 4463 3530 4534 ἐπειδὴ
3555 4466 3673 4519 στί-

2099 4560 2285 4614 γματα
2338 4541 2662 4613 βαστάζουσι
2703 4541 2790 4596 διὰ
2831 4541 2922 4595 τὸν
2973 4540 3227 4611 Χριστόν.
3260 4540 3370 4595 Καὶ
3419 4543 3674 4616 καθάπερ

2102 4624 2363 4691 στέφανος
2385 4621 2660 4692 βασιλικὸς
2686 4619 2854 4683 λίθοις
2884 4618 3148 4683 ποικίλοις
3169 4619 3433 4673 πάντοθεν
3464 4622 3677 4677 καλλωο

2103 4700 2392 4771 πιζόμενος
2432 4698 2800 4772 μαρμαρυγὰς
2828 4697 3119 4769 διαφόρους
3156 4696 3405 4769 ἀφίησιν,
3439 4698 3586 4752 οὕτω
3611 4698 3673 4770 δὴ

2098 4783 2191 4837 καὶ
2221 4780 2290 4834 τὰ
2312 4780 2539 4851 σώματα
2566 4779 2676 4831 τῶν
2704 4778 2872 4846 ἁγίων
2921 4775 3248 4847 μαρτύρων,
3290 4775 3483 4848 ὥσπερ
3510 4777 3676 4842 λίθοις

2096 4861 2299 4933 τιμίοις
2317 4862 2428 4923 τοῖς
2449 4858 2589 4930 ὑπὲρ
2609 4856 2704 4911 τοῦ
2734 4855 2971 4927 Χριστοῦ
2999 4853 3278 4933 τραύμασι
3307 4856 3673 4925 κατεστιγμέ-

2097 4931 2185 5005 via,
2221 4940 2419 5004 παντὸς
2450 4939 2775 5009 διαδήματος
2809 4934 3089 5005 βασιλικοῦ
3125 4931 3428 5005 τιμιώτερα
3453 4937 3553 4988 καὶ
3588 4953 3676 4989 σε·

2101 5020 2334 5092 μνότερα
2353 5018 2622 5087 φαίνεται.
2641 5018 2704 5070 Οἱ
2731 5015 2828 5086 μὲν
2844 5009 2936 5067 οὖν
2959 5011 3157 5092 ἔξωθεν
3175 5012 3515 5092 ἀγωνοθέται
3531 5014 3677 5083 ἀγῶ-

2095 5087 2193 5162 νας
2220 5087 2459 5160 τιθέντες
2493 5095 2755 5167 μεγίστην
2801 5091 3108 5163 φιλοτιμίαν
3147 5087 3287 5145 εἶναι
3323 5091 3671 5161 νομίζουσιν,

2095 5177 2224 5230 ὅταν
2246 5176 2398 5238 νέους
2427 5175 2665 5245 ἀθλητὰς
2690 5172 2784 5227 καὶ
2814 5171 3160 5244 σφριγῶντας
3179 5173 3260 5234 είς
3278 5171 3346 5223 τὰ
3370 5170 3675 5242 σκάμματα

2096 5256 2192 5310 καὶ
2221 5257 2346 5318 τοὺς
2394 5254 2612 5323 ἀγῶνας
2646 5251 2961 5319 είσάγωσιν,
2997 5249 3139 5304 ὥστε
3179 5249 3286 5321 πρὸ
3333 5251 3433 5317 τῆς
3475 5252 3535 5301 ἐν
3565 5252 3676 5311 τοῖς

2100 5332 2473 5403 παλαίσμασιν
2501 5329 2835 5395 ἐπιδείξεως,
2859 5329 2966 5382 ἀπὸ
2993 5328 3092 5398 τῆς
3116 5328 3224 5380 τῶν
3253 5326 3431 5397 μελῶν
3460 5327 3673 5392 εὐεξίας

2101 5410 2283 5481 θαῦμα
2311 5412 2613 5481 παρασχεῖν
2632 5412 2744 5473 τοῖς
2767 5408 3002 5472 θεαταῖς·
3021 5406 3257 5461 ἐνταῦθα
3276 5405 3332 5458 δὲ
3355 5405 3457 5476 οὐχ
3476 5404 3668 5471 οὕτως,

2097 5491 2232 5544 ἀλλά
2263 5492 2369 5544 πᾶν
2397 5487 2723 5543 τούναντίον.
2771 5488 2983 5556 Ἀγῶνα
3035 5487 3143 5561 γὰρ
3180 5484 3352 5548 τιθεὶς
3380 5486 3408 5537 6
3432 5485 3671 5561 Xpwzll;

2094 5570 2156 5621 οὐ
2195 5568 2432 5622 τοιοῦτον
2454 5562 2567 5621 οἷον
2591 5569 2808 5627 ἐκεῖνοι,
2834 5564 2970 5618 ἀλλὰ
2993 5559 3221 5636 φρικτὸν
3256 5561 3351 5615 καὶ
3375 5560 3545 5629 φόϐου
3579 5559 3667 5628 γέ-

2098 5664 2288 5719 μοντα’
2324 5648 2385 5701 οὐ
2419 5645 2527 5718 γὰρ
2573 5644 2876 5717 ἀνθρώπων
2908 5643 3044 5716 πρὸς
3077 5640 3398 5714 ἀνθρώπους
3426 5640 3461 5710 ἡ
3490 5638 3666 5710 πάλη,

2094 5724 2206 5777 ἀλλ’
2241 5721 2543 5794 ἀνθρώπων
2566 5723 2701 5792 πρὸς
2725 5721 2983 5791 δαίμονας
3009 5722 3041 5790 ἡ
3086 5718 3258 5790 μάχη·
3296 5715 3543 5770 τοιοῦτον
3563 5716 3667 5768 τοί-

2092 5819 2188 5857 νυν
2216 5800 2403 5870 ἁγῶνα
2423 5800 2594 5865 τιθεὶς
2622 5802 2775 5872 ἡμῖν,
2810 5801 2869 5853 ού
2904 5799 3059 5864 νέους
3098 5795 3339 5872 ἀθλητὰς
3373 5794 3470 5850 καὶ
3513 5807 3668 5865 σφριο
