3860 6286
174 418 281 478 6H
1430 405 1517 462 DE
1557 403 1698 458 MAG

1933 400 1982 454 S.
2023 397 2060 451 1.
3355 394 3457 447 618

184 555 304 596 rum
336 538 574 594 fossores
602 533 727 589 dum
756 530 1005 588 fodiendo
1031 542 1192 585 venas
1212 524 1487 595 aperiunt,
1520 520 1776 587 elliciunt,
1882 514 2047 585 patris
2074 508 2147 581 (α)
2176 508 2486 564 documenta
2507 550 2521 574 ,
2570 517 2627 562 ut
2655 508 2791 564 dicta
2834 510 2920 563 illa
2960 509 3317 579 perficiantur.
3357 515 3462 568 Nos

186 643 246 686 ut
276 631 467 688 laxiori
490 638 666 685 meatu
694 629 931 682 ferantur
951 641 1101 697 aqua:
1126 643 1138 678 :
1168 624 1243 678 sic
1264 631 1318 677 et
1348 632 1622 692 tyrannus,
1650 620 1777 673 dum
1880 621 2008 660 vero
2037 614 2090 659 cl
2118 619 2203 670 ea,
2233 618 2351 672 qua:
2379 602 2515 657 dicta
2568 611 2723 667 sunt,
2757 603 3027 657 memoriae
3068 603 3187 658 sinu
3227 605 3453 672 comple-

186 726 384 795 linguae
408 722 643 778 radicem
674 721 814 775 ferro
845 718 1109 790 perfodit,
1154 713 1645 771 vehementioribus
1690 731 1710 768 ι

1940 714 2086 752 amur
2109 739 2123 761 ,
2150 706 2204 751 et
2230 698 2292 751 iis
2325 712 2443 766 quae
2471 695 2693 749 dicenda
2722 704 2846 747 sunt
2884 695 3073 748 anima:
3099 697 3274 751 sulcos
3299 701 3464 767 expli-

188 785 609 887 prehensionum
638 785 897 869 scatebris
930 811 1271 867 obruebatur.
1305 808 1602 863 Voluissem
1627 809 1779 877 equi-
1883 804 2084 854 cemus’
2107 803 2174 887 ξιο
2199 803 2360 856 super
2384 787 2558 887 οιιιηῖεξ
2585 785 2964 887 ῐηῖνξιοιξιοΐξιηξ
2992 785 3294 887 εποοιοτὲηι
3313 790 3468 843 Chri-

186 908 311 961 tlem
343 907 394 960 in
424 906 584 973 hujus
624 904 875 976 martyris
916 910 1228 974 argumento
1266 901 1620 956 exsultantem
1656 916 1779 956 ora-
1884 878 2648 976 smmﬁdemefluoniam
2688 877 2788 946 ipsi
2832 877 3001 946 Βιοΐίίι
3042 892 3165 976 (inm
3212 878 3367 933 Patre
3405 896 3470 934 ac

189 1000 390 1053 tionem
423 997 489 1052 ad
520 998 678 1059 linem
709 969 874 1066 usque
895 969 1157 1051 deducere
1191 1014 1204 1050 :
1236 1005 1289 1049 at
1309 995 1437 1065 justi
1466 994 1618 1063 spatii
1649 1004 1713 1051 tet

1948 970 2221 1031 notissimo
2249 970 2466 1037 Spiritu,
2498 985 2637 1024 nunc
2659 978 2715 1025 et
2743 984 2974 1038 semper,
2994 969 3118 1024 etin
3143 972 3337 1028 saecula
3366 990 3468 1028 sa:-

187 1105 288 1158 pus
320 1088 573 1157 advenit,
607 1097 661 1143 et
704 1098 762 1143 ut
797 1088 1048 1143 sileamus
1077 1088 1322 1142 hortatur
1351 1108 1365 1141 :
1397 1103 1521 1141 nam
1551 1095 1604 1141 et
1632 1086 1784 1141 vobis
1887 1061 2150 1117 θυῙθτυίηο
2180 1061 2371 1116 Amen-
3061 1083 3065 1087 ·

186 1180 255 1234 ad
286 1180 570 1236 utilitatem
597 1179 712 1235 htec
747 1179 888 1235 dicta
914 1178 1184 1235 sufliciunt
1207 1220 1221 1248 ,
1254 1187 1307 1236 et
1332 1167 1632 1236 necessaria
1658 1188 1786 1235 sunt
1957 1194 2029 1258 (α)
2065 1200 2135 1244 De
2156 1192 2620 1258 Flavianoloquimr.

222 1398 3460 1445 ψ

1649 1725 2026 1787 MONITUM.

214 1973 609 2046 peregrinum:
644 1970 769 2043 styli
800 1985 970 2041 genus
1014 1968 1317 2038 strigosum
1351 1974 1453 2032 est,
1478 1963 1663 2019 omnia
1697 1976 1798 2017 ceu
1832 1960 1887 2015 in
1914 1969 2231 2015 transcursu
2272 1956 2569 2020 dicuntur;
2610 1968 2786 2024 neque
2819 1961 2999 2008 tamen
3039 1967 3156 2007 eam
3184 1952 3304 2006 loco
3342 1965 3460 2004 mo-

202 2090 438 2147 vendam
476 2102 599 2144 esse
645 2085 871 2157 putavi:
909 2083 1046 2140 satis
1074 2081 1223 2138 enim
1261 2079 1368 2137 erit
1406 2077 1725 2148 scrupulum
1774 2073 2070 2137 indicasse,
2103 2086 2172 2127 ne
2209 2071 2330 2141 quis
2380 2085 2504 2125 eam
2555 2078 2616 2124 ut
2667 2078 2878 2124 certum
2914 2068 2972 2124 S.
3005 2068 3245 2123 doctoris
3286 2069 3455 2124 fetum

202 2210 425 2266 habeat.
473 2206 615 2262 Huic
641 2204 965 2276 subjicimus
1008 2200 1371 2273 fragmentum
1403 2196 1681 2269 quoddam
1720 2193 1781 2251 S.
1815 2191 2044 2247 Joannis
2075 2189 2455 2261 Chrysostomi
2499 2187 2554 2242 in
2604 2186 2936 2243 Maccabaeos
2962 2203 2995 2246 a
3025 2186 3234 2243 Joanne
3265 2187 3462 2243 Dama-

208 2336 377 2380 sceno
399 2321 623 2376 allatum
647 2318 742 2372 lib.
770 2332 829 2372 ιιι
856 2316 925 2371 de
952 2313 1305 2383 Imaginibus,
1330 2309 1477 2382 quod
1512 2309 1568 2363 in
1590 2307 1741 2363 nulla
1774 2307 1937 2360 trium
1969 2303 2323 2359 homiliarum
2352 2302 2613 2357 occurrit.

276 2431 475 2487 Prima:
523 2431 579 2485 in
624 2427 959 2483 Maccabaeos
1001 2423 1240 2479 ltomilize
1285 2420 1794 2490 lnterpretationem
1848 2416 2098 2473 Latinam
2147 2414 2339 2470 incerti
2392 2414 2683 2485 cujusdam
2737 2413 2880 2481 viri,
2932 2423 3119 2484 utpote
3166 2432 3459 2487 παραφρα-

207 2543 410 2607 στικῶς
431 2543 779 2607 adornatam,
804 2537 1114 2610 rejecimus,
1134 2547 1440 2604 novamque
1471 2530 1807 2604 paravimus.
1841 2528 2105 2587 Secundae
2130 2535 2184 2584 et
2214 2526 2387 2583 tertiae
2414 2527 2792 2599 lnterpretatio
2820 2536 2905 2585 est
2931 2526 3221 2583 Frontonis
3254 2525 3454 2585 Ducei.

1760 2970 1785 2987 δ

1110 3098 1224 3171 IN
1274 3091 1741 3170 SANCTOS
1793 3092 2496 3187 MACCABEOS,

1484 3265 1567 3308 ET
1609 3262 1675 3307 IN
1718 3262 1993 3309 HATERI!
2035 3264 2281 3314 EORUH.

1793 2968 3381 3000 ____________________________

1649 3393 2072 3438 -κθ-οωεε-κ-

774 3550 992 3591 ιιοιιιιιιιι
1030 3547 1046 3586 ι
1080 3530 1179 3602 (α).
1898 3529 2053 3584 liunt.
2091 3528 2210 3585 Non
2239 3545 2298 3585 en

1961 3538 2053 3584 int.
2091 3528 2210 3585 Non
2239 3532 2380 3586 enim
2422 3532 2476 3588 in
2515 3535 2791 3589 mortalem
2825 3543 3065 3591 naturam
3094 3553 3277 3593 eorum
3317 3540 3485 3610 respi-

278 3639 331 3693 1.
379 3634 664 3705 Martyrum
704 3644 820 3682 ossa
863 3623 1171 3680 dwmonibus
1218 3619 1476 3674 terribilia.
1522 3647 1592 3659 -——
1625 3618 1793 3685 Quam
1902 3623 2090 3689 ciunt,
2138 3624 2233 3679 sed
2278 3624 2332 3679 in
2376 3639 2624 3681 arcanam
2668 3626 2900 3694 Christi,
2955 3630 3043 3699 qui
3090 3631 3177 3684 illa
3223 3634 3487 3703 gestavit,

204 3731 451 3800 speciosa
480 3723 635 3780 nobis
657 3731 710 3778 et
734 3722 853 3775 laeta
883 3717 1066 3772 civitas
1091 3716 1104 3768 !
1134 3728 1291 3784 quam
1313 3719 1427 3768 toto
1456 3725 1596 3766 anno
1621 3711 1798 3781 splcn-
1904 3712 2235 3783 dignitatem.
2268 3716 2396 3772 Haec
2424 3718 2621 3789 quippe
2644 3735 2790 3774 arma
2820 3736 2925 3775 non
2955 3721 3172 3791 angelus
3196 3764 3211 3790 ,
3253 3739 3359 3778 non
3402 3740 3489 3779 ar-

208 3821 388 3874 didior
425 3819 539 3870 btec
575 3813 723 3868 dies!
770 3825 873 3864 non
914 3808 1025 3861 sole
1053 3807 1070 3837 ¹
1111 3804 1367 3858 clariores
1391 3843 1406 3868 ,
1451 3815 1611 3870 quam
1650 3814 1799 3853 more
1904 3804 2193 3874 changelus
2219 3848 2233 3873 ,
2281 3822 2389 3862 non
2427 3810 2530 3864 alia
2559 3812 2820 3882 qumpiam
2856 3822 3038 3868 creata
3078 3815 3245 3869 virtus
3284 3817 3489 3881 induit,

207 3910 369 3964 solito
394 3948 409 3973 ,
440 3905 621 3960 radios
650 3903 702 3956 in
741 3911 935 3955 terram
974 3893 1317 3965 elfundcnrte,
1359 3889 1453 3945 sed
1493 3897 1798 3944 sanctorum
1908 3895 2006 3949 sed
2057 3896 2171 3966 ipse
2225 3899 2535 3968 angelorum
2590 3901 2865 3957 Dominus.
2921 3906 2999 3958 Ac
3047 3905 3492 3975 quemadmodum

210 4009 508 4070 martyrum
538 3996 653 4049 luce
682 3993 800 4061 plus
824 4031 839 4057 ,
872 4004 1029 4060 quam
1058 3985 1263 4054 fulgur,
1295 3991 1459 4036 totam
1483 3980 1637 4035 nobis
1666 3980 1734 4033 cit

1969 3988 2106 4042 tulus
2128 3988 2394 4044 clamabat
2420 3990 2604 4047 dicens
2637 4010 2650 4046 :
2682 3993 2763 4046 Αη
2792 3996 3184 4064 experimentum
3220 3998 3330 4066 ejus
3354 4014 3493 4067 quae-

216 4102 382 4147 tatem
410 4086 694 4144 irradiante
724 4102 737 4137 :
780 4080 1045 4137 sexcentis
1077 4079 1217 4132 enim
1246 4074 1448 4130 solibus
1475 4071 1804 4143 splendidio-
1909 4079 2020 4133 ritis
2043 4120 2057 4142 ,
2086 4081 2172 4150 qui
2198 4081 2250 4133 in
2280 4097 2360 4134 me
2385 4082 2637 4153 loquitur,
2668 4083 2857 4138 Christi
2887 4084 2963 4157 (2.
2992 4086 3108 4140 Cor.
3142 4088 3228 4143 15.
3256 4089 3292 4144 5
3312 4087 3331 4160 )
3351 4088 3378 4142 τ
3421 4090 3495 4145 sic

209 4200 304 4242 res
328 4184 385 4238 hi
414 4188 580 4247 sunt,
620 4192 684 4232 ac
726 4173 930 4246 magnis
969 4168 1317 4226 luminaribus
1360 4166 1631 4221 clariorCS-
1667 4163 1803 4219 PI'O-
1912 4179 1967 4224 et
1994 4171 2081 4224 isti
2109 4180 2331 4241 possunt
2356 4171 2590 4229 clamare
2616 4189 2680 4229 ac
2706 4174 2886 4230 dicere
2909 4217 2923 4243 ,
2966 4177 3048 4231 An
3077 4179 3496 4247 experimentum

213 4289 337 4349 pter
364 4276 487 4330 illos
517 4270 676 4326 hodie
701 4279 842 4323 terra
866 4264 1103 4321 ornatior
1129 4268 1249 4326 est,
1287 4274 1445 4328 quam
1484 4258 1656 4327 ipsum
1699 4271 1737 4311 α

1974 4261 2146 4316 tmritis
2169 4261 2287 4332 ejus
2309 4304 2324 4329 ,
2347 4263 2435 4333 qui
2462 4263 2515 4318 in
2537 4264 2691 4320 nobis
2711 4268 2933 4322 certavit
2957 4309 2972 4334 ,
2994 4267 3190 4322 Christi
3212 4269 3235 4323 ?
3261 4270 3498 4328 Pretiosa

212 4347 346 4425 ium.
382 4366 462 4423 Ne
490 4364 619 4419 mihi
646 4362 917 4433 pulverem
943 4357 1090 4412 dicas
1114 4395 1129 4420 ,
1158 4368 1227 4408 ne
1253 4351 1383 4407 mihi
1405 4350 1636 4405 cinerem
1666 4347 1809 4418 cogi-
1914 4354 2057 4406 enim
2084 4363 2207 4408 sunt
2229 4369 2452 4424 corpora
2473 4396 2488 4422 ,
2510 4358 2630 4426 quia
2652 4358 2833 4428 plagas
2857 4374 2953 4429 pro
2981 4360 3206 4416 Domino
3229 4375 3326 4416 suo
3350 4376 3500 4418 acce-

160 4524 163 4525 ν
220 4472 302 4515 tes
328 4500 342 4525 ,
368 4456 456 4512 vel
483 4468 605 4509 ossa
632 4461 871 4521 tempore
903 4451 1218 4514 consumpta
1262 4457 1277 4495 :
1328 4438 1422 4495 sed
1466 4438 1588 4493 fidei
1627 4437 1810 4492 oculos
1914 4453 2150 4514 perunt,
2179 4446 2302 4516 quia
2329 4447 2576 4517 stigmata
2607 4458 2824 4519 propter
2847 4450 3117 4507 Christum
3154 4462 3379 4522 gestant.
3426 4455 3502 4510 Ac

164 4532 181 4569 ³
221 4550 416 4621 aperi,
447 4557 502 4603 et
528 4545 649 4600 vide
691 4540 1015 4598 assidentem
1055 4536 1186 4606 ipsis
1229 4532 1325 4589 Dei
1361 4532 1612 4586 virtutem
1636 4570 1651 4596 ,
1699 4542 1813 4621 ειη-
1917 4534 2056 4590 sicut
2080 4550 2276 4592 corona
2307 4538 2648 4609 imperatoria
2675 4542 2838 4597 variis
2863 4542 3057 4611 lapillis
3085 4544 3319 4615 undique
3343 4544 3503 4600 deco-

219 4619 460 4699 hietttem
492 4640 638 4708 ipsos
674 4632 907 4705 δρίτὶιιιε
946 4626 1171 4699 gratiam
1196 4666 1212 4692 ν
1252 4621 1625 4680 Circumfusa!!!
1653 4619 1812 4675 03318-
1918 4635 2033 4680 rata
2060 4625 2297 4698 fulgores
2321 4630 2498 4687 varios
2526 4632 2759 4699 emittit,
2788 4634 2859 4687 ita
2887 4642 2942 4688 et
2969 4643 3271 4691 sanctorum
3300 4644 3503 4708 marty-

223 4735 327 4790 stis
354 4730 569 4789 luminis
591 4726 836 4799 gloriam.
862 4720 979 4777 Non
1006 4718 1140 4773 tales
1168 4732 1235 4772 ex
1261 4714 1424 4771 solari
1450 4712 1578 4768 orbe
1612 4711 1667 4767 in
1705 4720 1814 4765 ter-
1919 4731 2038 4771 rum
2064 4731 2290 4789 corpora
2316 4760 2332 4787 ,
2361 4721 2513 4791 quasi
2544 4721 2738 4792 lapillis
2762 4723 3009 4792 pretiosis
3030 4765 3047 4789 ,
3078 4725 3387 4780 vulneribus
3408 4741 3506 4797 pro

222 4840 344 4881 ram
372 4823 684 4877 emittuntur
720 4814 854 4871 radii
881 4854 897 4880 ,
939 4809 1121 4881 quales
1161 4822 1228 4863 ex
1263 4806 1464 4862 sanctis
1504 4801 1817 4875 corporibus
1920 4804 2133 4862 Christo
2167 4809 2430 4880 susceptis
2460 4809 2708 4867 distincta
2736 4852 2751 4878 ,
2779 4813 2923 4867 omni
2952 4812 3295 4884 imperatorio
3319 4814 3505 4870 diade-

224 4914 568 4988 prosilicntes
593 4907 829 4979 fulgores
864 4902 1060 4958 diaboli
1087 4899 1270 4955 oculos
1299 4901 1596 4988 exotecant.
1615 4894 1748 4961 Quet

1980 4906 2065 4955 ate
2108 4900 2424 4970 pretiosiora
2470 4910 2523 4958 et
2568 4904 2955 4961 venerabiliora
3002 4906 3269 4963 videntur.
3326 4908 3504 4964 Exteri

225 5003 516 5063 admodum
542 5000 684 5057 enim
726 4994 1036 5069 praedonum
1071 4991 1276 5057 duces,
1318 4997 1411 5043 aut
1452 4987 1817 5058 sepulcrorum
1923 4988 2138 5059 quidem
2192 4991 2526 5062 agonothetae
2568 4995 2865 5050 certamina
2914 5002 3338 5065 constituentes,
3391 5013 3507 5054 rem

226 5098 517 5154 elfossores
541 5135 558 5161 ,
608 5090 699 5146 ubi
751 5086 933 5142 vident
977 5081 1318 5153 imperatoria
1361 5093 1508 5133 arma
1548 5077 1775 5147 jacentia
1799 5115 1816 5141 ,
1925 5079 2211 5134 admodum
2240 5082 2584 5152 spectabilem
2613 5100 2736 5141 esse
2764 5095 2989 5156 putant,
3017 5103 3137 5142 cum
3172 5089 3394 5159 juvenes
3418 5104 3508 5144 ι-ο.

228 5190 451 5246 loricam
478 5226 493 5254 ,
548 5184 794 5255 clypeum
819 5220 835 5247 ,
884 5177 1085 5248 galeam
1111 5216 1126 5241 ,
1172 5187 1304 5228 auro
1358 5178 1468 5225 tota
1519 5168 1772 5240 fulgentia
1797 5207 1816 5237 ,
1924 5168 2212 5240 bustosque
2251 5172 2479 5229 athletas
2512 5175 2567 5230 in
2601 5186 2890 5232 seammata
2933 5187 2989 5233 et
3024 5180 3313 5234 certamina
3356 5180 3517 5235 indu-

226 5280 412 5335 statim
438 5275 716 5338 resiliunt,
751 5281 1107 5340 magnumque
1134 5263 1467 5333 suspicantes
1495 5261 1750 5330 periculur

1985 5269 2053 5316 tnt
2079 5301 2094 5327 ,
2133 5261 2206 5316 ita
2234 5271 2292 5317 ut
2316 5265 2401 5319 vel
2429 5273 2710 5336 antequam
2737 5268 3027 5324 certamina
3066 5269 3414 5338 incipiantur,
3444 5284 3509 5325 et.

229 5384 409 5440 neque
435 5363 691 5422 accedere
718 5374 894 5431 neque
923 5373 986 5413 ea
1024 5356 1332 5425 contingere
1373 5351 1570 5407 audent
1596 5369 1610 5405 ε
1652 5351 1729 5405 Sic
1769 5359 1824 5405 et
1926 5354 2063 5409 bona
2086 5356 2447 5411 membrorum
2474 5357 2783 5414 habitudine
2803 5360 2856 5414 in
2879 5360 3281 5415 admirationem
3306 5370 3483 5429 specta
3500 5398 3527 5412 -

228 5463 509 5517 tliemones
537 5469 662 5511 vere
700 5452 1009 5524 prmdonum
1041 5448 1204 5503 duces
1228 5488 1241 5509 ,
1283 5445 1602 5514 ubicumque
1643 5442 1825 5497 vident
1929 5456 2074 5503 tores
2100 5457 2384 5503 moveant:
2416 5449 2504 5506 hic
2530 5466 2657 5505 vero
2680 5467 2787 5506 non
2827 5453 2897 5506 ita
2933 5468 2992 5509 se
3023 5470 3111 5509 res
3135 5454 3329 5515 habet,
3361 5452 3454 5506 sed
3499 5476 3526 5511 ρ

230 5563 528 5623 martyrum
557 5559 779 5616 corpora
803 5540 1069 5613 jacentia,
1114 5537 1291 5593 statim
1334 5535 1540 5605 fugiunt
1585 5548 1648 5587 ac
1691 5533 1825 5588 resi-
1929 5538 2196 5593 εοηιηπίο
2238 5540 2437 5594 omnia.
2465 5542 2704 5611 Agonem
2744 5542 2888 5596 enim
2929 5557 3234 5613 proponens
3270 5541 3396 5596 (Ἀπί
3424 5553 3508 5600 ﬂ"

298 5667 315 5697 ι
345 5655 547 5712 ἰιιὶϋιιιιι
569 5660 641 5709 sic
658 5654 805 5707 effert
824 5652 966 5714 Savil.
990 5652 1041 5702 in
1057 5663 1233 5714 marg.,
1253 5657 1403 5707 Quam
1425 5645 1639 5714 speciosa
1661 5643 1822 5714 _e_t_t_:ir-

1989 5645 2036 5684 m
2063 5628 2221 5684 talem
2253 5629 2463 5701 qualem
2494 5630 2567 5685 illi
2590 5669 2607 5697 ,
2634 5628 2728 5684 sed
2769 5629 3093 5686 horrendum
3129 5640 3184 5687 et
3224 5627 3416 5684 formid
3449 5646 3513 5684 an

232 5707 544 5794 ειιηνῗιῖῖξῖεῖί
563 5707 798 5771 ἧδδίενηα
821 5713 960 5766 di“!
991 5714 1088 5765 ίητο
1121 5707 1298 5762 είεοιο
1332 5707 1459 5759 “Md
1502 5707 1823 5773 δρίεηάίάίον·
1930 5720 2056 5776 dum
2089 5738 2101 5775 :
2143 5721 2337 5794 quippe
2380 5735 2487 5776 non
2528 5720 2807 5776 hominum
2848 5721 3104 5777 adversus
3145 5720 3388 5775 homines
3430 5739 3462 5779 e
3497 5739 3542 5777 s'.

233 5782 547 5850 sltle’i'd‘dio'
562 5788 739 5850 θηλεων
765 5776 1148 5850 ηοηὲοιεζθωῖμ
1173 5833 1294 5850 ,τι-υμ-
1327 5840 1364 5850 _.
1390 5834 1443 5850 αι
1464 5833 1511 5850 n-
1932 5817 2068 5850 ιιιιιισι
2135 5814 2227 5850 ωτι
2252 5814 2522 5850 ιιηηιὶηιιηιι
2548 5811 3087 5850 oduarcncrlmmnrma
3106 5819 3373 5850 tvm-tamen
3391 5822 3468 5850 ραι

302 5811 1152 5911 2‘53“é“oii’hit'iitﬁé"cu"$‘ii§;’atgits
1173 5833 1296 5886 2315
1321 5840 1370 5885 ct
1390 5833 1533 5885 2H7.
1932 5817 2070 5872 lucta
2095 5854 2111 5885 ,
2134 5814 2229 5874 sed
2251 5814 2524 5874 hominum
2547 5812 2802 5873 adversus
2818 5811 3088 5911 dwmopcs
3106 5819 3374 5869 certamen
3391 5822 3475 5870 est

1874 5955 1917 5993 ί,
