3844 6280
405 389 506 443 619
1144 369 1201 424 S.
1240 361 1513 423 JOANNIS
1547 345 2017 413 CHRYSOSTOMI

410 679 509 736 sed
533 668 951 732 adolescentulos
973 705 988 729 ,
1016 677 1079 718 ac
1105 676 1225 715 cum
1269 657 1372 711 illis
1401 667 1580 708 senem
1629 649 1936 703 Eleazarum
1959 681 1975 707 ,

413 766 645 837 itemque
684 760 956 819 mulierem
986 753 1212 807 vetulam
1236 790 1253 814 ,
1281 742 1693 801 adolescentium
1732 745 1976 836 matrem.

412 859 547 927 Quid
561 826 675 909 .hoe
705 851 858 922 igitur
879 847 1001 903 est?
1028 843 1335 897 inutilemne
1364 845 1569 891 aetatem
1600 832 1665 885 ad
1694 826 1978 927 certamina

414 918 467 1004 et
494 918 776 1001 scammata
809 937 999 997 ducis?
1024 933 1141 1004 quis
1176 929 1375 985 audivit
1416 938 1664 993 umquam
1701 918 1979 973 mulierem

413 1042 463 1092 in
494 1044 637 1091 tanta
676 1037 946 1087 senectute
976 1018 1354 1080 concertasse?
1397 1016 1563 1071 Nemo
1605 1011 1803 1066 audivit
1834 1026 1847 1063 :
1887 1004 1981 1061 sed

407 1145 547 1201 ego,
595 1126 807 1195 inquit,
858 1121 1002 1177 illam
1044 1131 1158 1172 rem
1208 1109 1609 1169 incredibilem,
1656 1116 1892 1201 novam-,-
1929 1106 1984 1152 et

412 1192 695 1287 numquam
725 1210 947 1269 antehac
965 1207 1219 1271 auditam,
1263 1203 1392 1271 ipsis
1411 1198 1659 1268 operibus
1679 1192 1983 1249 credibilem

411 1285 621 1364 faciam.
649 1303 765 1359 Non
796 1302 939 1357 enim
966 1300 1009 1353 is
1029 1294 1342 1365 agonotheta
1368 1306 1481 1345 sum
1510 1304 1608 1357 ego
1631 1329 1649 1354 ,
1669 1285 1757 1357 qui
1778 1293 1987 1338 certan-

410 1400 542 1454 tium
582 1394 761 1450 virtuti
797 1390 973 1445 omnia
1014 1386 1382 1446 committam;
1424 1379 1519 1434 sed
1557 1377 1787 1441 adsum,
1827 1386 1983 1442 opem

412 1492 525 1546 fero
551 1498 871 1553 manumque
897 1479 1108 1534 athletis
1135 1477 1268 1530 meis
1298 1473 1509 1543 porrigo
1532 1511 1546 1534 ,
1578 1479 1631 1522 et
1664 1467 1744 1520 rei
1776 1466 1842 1518 ab
1883 1463 1985 1517 illis

411 1582 621 1636 fortiter
646 1584 808 1646 gesta:
834 1586 954 1642 pars
981 1568 1208 1624 maxima
1247 1581 1316 1619 ex
1354 1560 1644 1633 patrocinio
1680 1572 1799 1612 meo
1830 1554 1988 1625 proﬁ-

413 1672 648 1727 ciscitur.

488 1762 665 1817 Gratia
697 1758 948 1827 Martyres
972 1754 1125 1823 fortes
1154 1745 1562 1820 efﬁcit.-—-Cum
1593 1744 1769 1811 itaque
1794 1736 1989 1792 videris

416 1853 691 1909 mulierem
722 1856 1037 1902 trementem
1064 1884 1078 1910 ,
1112 1840 1364 1901 vetulam,
1392 1835 1581 1891 baculo
1621 1839 1865 1902 egentem
1893 1869 1907 1892 ,
1937 1829 1987 1882 in

413 1954 682 2002 certamen
731 1942 1022 2009 ingressam
1047 1977 1063 2003 ,
1101 1932 1307 2006 tyranni
1349 1930 1581 1983 furorem
1616 1933 1987 1996 prosternere,

415 2039 753 2104 incorporeas
784 2031 1010 2084 virtutes
1038 2039 1290 2097 superare
1318 2064 1332 2089 ,
1376 2020 1643 2075 diabolum
1688 2017 1839 2071 facile
1874 2015 1992 2067 vin-

416 2142 579 2189 cere,
625 2125 845 2194 cjusque
895 2119 1057 2175 robur
1107 2126 1322 2171 strenue
1373 2109 1657 2165 admodum
1710 2107 1990 2175 frangere,

417 2217 748 2289 agonotheta:
799 2213 1020 2284 gratiam
1083 2208 1393 2272 admirare,
1454 2201 1647 2256 Christi
1709 2204 1993 2265 conspecta

419 2287 616 2364 virtute
656 2307 988 2374 obstupesce.
1053 2300 1168 2354 Non
1212 2295 1502 2351 secundum
1540 2305 1751 2347 carnem
1791 2287 1999 2345 robusti

421 2407 545 2455 sunt
568 2395 781 2452 athletae
806 2436 820 2461 ,
848 2392 939 2448 sed
968 2388 1256 2449 secundum
1285 2385 1442 2440 ﬁdem
1474 2402 1486 2436 :
1521 2382 1724 2437 inﬁrma
1750 2388 1825 2435 est
1856 2380 2000 2447 ipso-

420 2505 537 2547 rum
567 2495 753 2541 natura
778 2526 792 2552 ,
820 2484 913 2540 sed
944 2491 1130 2551 potens
1155 2488 1271 2543 est,
1302 2492 1419 2547 qua:
1444 2475 1590 2543 ungit
1620 2487 1712 2527 eos
1739 2515 1752 2536 ,
1782 2470 1945 2542 gratia
1980 2486 1993 2522 :

422 2581 595 2635 soluta
625 2585 747 2630 sunt
772 2581 1043 2629 senectute
1066 2583 1285 2638 corpora
1310 2607 1326 2634 ,
1353 2565 1443 2620 sed
1469 2562 1699 2619 roborali
1727 2569 1849 2616 sunt
1878 2560 1997 2614 ani-

425 2670 498 2724 mi
522 2667 728 2737 pietatis
748 2678 951 2719 amore.
980 2663 1092 2716 Non
1120 2671 1201 2715 est
1220 2658 1486 2713 sensibilis
1508 2670 1676 2725 pugna
1707 2671 1719 2706 :
1754 2668 1820 2707 ne
1843 2652 2000 2720 igitur

426 2758 653 2813 athletas
678 2756 1006 2810 extrinsecus
1030 2751 1334 2805 consideres
1357 2789 1372 2813 ,
1396 2746 1488 2802 sed
1516 2744 1791 2800 ratiocinio
1813 2757 1998 2797 eorum

427 2848 591 2903 animi
618 2846 780 2901 robur
806 2846 946 2900 intus
973 2842 1239 2912 perpende
1263 2858 1277 2906 ;
1308 2839 1584 2895 considera
1617 2837 1851 2906 ipsorum
1879 2834 1999 2889 ﬁdei

426 2937 787 2993 fortitudinem
814 2977 827 2999 ,
858 2945 915 2990 ut
943 2934 1146 2990 ediscas
1189 2947 1309 2987 eum
1334 2973 1349 2994 ,
1388 2930 1477 3000 qui
1517 2944 1636 2983 cum
1674 2926 2001 2981 daemonibus

425 3037 622 3099 pugnet
643 3069 659 3095 ,
688 3042 792 3081 non
814 3027 1028 3081 robusto
1048 3023 1287 3093 corporis
1305 3021 1486 3076 habitu
1507 3029 1561 3074 et
1579 3021 1721 3075 mole
1740 3018 1998 3089 indigere,

426 3134 603 3190 neque
632 3126 788 3173 aetate
811 3115 995 3171 ﬂorida
1022 3132 1037 3181 ;
1067 3114 1157 3169 sed
1187 3114 1285 3169 etsi
1324 3111 1607 3167 admodum
1643 3111 1853 3181 juvenis
1892 3110 2001 3177 sit,

426 3211 521 3264 etsi
544 3210 761 3263 decursa
782 3208 888 3276 jam
911 3213 1065 3260 aetate
1089 3248 1102 3271 ,
1131 3206 1175 3260 si
1199 3206 1376 3258 animo
1396 3219 1657 3275 generoso
1675 3203 2000 3273 robustoque

427 3298 679 3369 prmditus
734 3298 840 3363 sit,
889 3296 1018 3350 nihil
1072 3295 1249 3350 damni
1296 3295 1363 3350 ab
1407 3304 1561 3349 aetate
1610 3296 1663 3349 in
1711 3293 2003 3350 certamine

427 3393 689 3460 accipere.

496 3483 552 3537 2.
592 3480 794 3551 Ecquid
836 3481 954 3534 dico
996 3494 1174 3533 senem
1217 3488 1272 3533 et
1308 3479 1556 3549 juvenem
1585 3519 1601 3546 ,
1644 3478 1856 3547 quando
1883 3493 2003 3532 mu-

428 3574 591 3630 lieres
643 3571 771 3641 ipsa:
818 3573 930 3625 hzec
968 3573 1255 3624 certamina
1301 3571 1568 3634 inierunt,
1611 3569 2005 3639 splendidisque

426 3661 640 3718 coronis
668 3659 925 3715 redimitae
953 3659 1116 3712 sunt?
1159 3658 1291 3713 Nam
1337 3668 1551 3713 externa
1591 3658 1801 3729 quidem
1837 3668 2006 3714 certa-

429 3754 569 3808 mina
622 3760 829 3805 :etatem
856 3790 871 3813 ,
912 3758 1153 3803 naturam
1197 3758 1248 3804 et
1277 3748 1583 3819 dignitatem
1633 3750 1962 3820 exquirentia
1990 3793 2005 3817 ,

422 3844 597 3901 servis
623 3885 639 3910 ,
670 3841 978 3897 mulieribus
1002 3882 1017 3905 ,
1057 3839 1274 3895 senibus
1296 3882 1311 3907 ,
1359 3840 1768 3894 adolescentulis
1806 3840 2003 3893 aditum

432 3936 789 3991 intercludunt
812 3952 825 3999 ;
859 3933 945 3987 hic
970 3949 1098 3987 vero
1123 3933 1337 3987 cuilibet
1365 3932 1652 3987 conditioni
1678 3975 1692 3998 ,
1720 3933 1860 3987 aetati
1890 3933 2004 3986 cui-

430 4027 595 4090 libet,
624 4026 831 4096 utrique
867 4023 1016 4078 sexui
1055 4023 1316 4077 theatrum
1364 4038 1554 4093 magna
1597 4023 1718 4077 data
1762 4023 2006 4078 libertate

431 4116 665 4186 aperitur
685 4157 700 4181 ,
732 4125 790 4169 ut
816 4122 869 4169 et
898 4114 1265 4169 liberalitatem
1307 4122 1361 4168 et
1397 4113 1804 4168 inenarrabilem
1837 4114 2007 4168 virtu-

431 4216 537 4261 tem
568 4205 682 4275 ejus
705 4246 721 4271 ,
752 4206 839 4275 qui
866 4217 1135 4259 certamen
1164 4205 1425 4270 instituit,
1446 4205 1652 4260 ediscas
1671 4246 1685 4269 ,
1710 4214 1762 4260 et
1790 4214 2006 4276 aposto-

436 4298 594 4352 licum
640 4296 767 4351 illud
818 4296 1013 4351 dictum
1069 4297 1317 4365 operibus
1363 4296 1732 4350 conﬁrmatum
1778 4296 2004 4351 videas:

438 4388 571 4454 Quia
590 4389 742 4442 virtus
762 4389 871 4456 ejus
891 4389 942 4439 in
962 4386 1254 4454 infirmitate
1280 4386 1537 4456 perﬁcitur
1561 4386 1635 4458 (2.
1658 4386 1774 4441 Cor.
1802 4387 1888 4441 l2.
1910 4385 2005 4459 9

434 4478 654 4545 Quando
690 4478 831 4534 enim
864 4477 1009 4546 pueri
1037 4484 1089 4530 et
1126 4490 1281 4531 senes
1320 4491 1477 4546 supra
1516 4485 1756 4531 naturam
1803 4477 2009 4533 fortiter

434 4578 635 4639 agunt,
667 4569 759 4623 Dei
791 4567 840 4621 in
870 4566 996 4636 ipsis
1021 4565 1290 4636 operantis
1310 4566 1477 4636 gratia
1498 4567 1770 4637 splendide
1792 4583 2008 4637 prorsus

435 4659 848 4713 demonstratur.

504 4747 690 4802 Hatria
738 4746 1141 4802 Maccabworum
1181 4748 1356 4802 uirtus.
1386 4776 1456 4789 ·-
1480 4748 1551 4806 Ut
1592 4759 1767 4806 autem
1805 4752 2011 4811 ediscas

436 4837 582 4894 illam
612 4841 929 4894 exteriorem
958 4839 1277 4895 athletarum
1301 4840 1664 4897 inﬁrmitatem
1691 4843 1834 4915 ipsos
1858 4859 2013 4900 coro-

436 4946 559 4986 nam
597 4938 926 5002 reportantes
958 4931 1344 5001 splendidiores
1392 4934 1617 4991 reddere
1640 4978 1655 5005 ,
1707 4951 1805 5008 age
1829 4979 1843 5006 ,
1882 4952 2011 4995 sene

433 5023 717 5094 puerisque
743 5022 976 5077 dimissis
1001 5066 1016 5091 ,
1048 5023 1391 5080 inﬁrmiorem
1424 5025 1527 5082 illis
1556 5028 1830 5084 mulierem
1858 5037 2011 5084 vctu,

435 5118 541 5170 lam
569 5157 585 5182 ,
613 5123 814 5185 septem
844 5114 1071 5170 ﬁliorum
1101 5123 1326 5172 matrem
1355 5159 1370 5183 ,
1413 5119 1464 5173 in
1502 5120 1736 5177 medium
1778 5121 2013 5179 adduca-

436 5219 554 5259 mus
580 5223 595 5261 :
623 5220 745 5259 nam
779 5216 960 5275 partus
988 5207 1199 5264 labores
1224 5225 1327 5265 non
1354 5211 1471 5268 leve
1496 5212 1927 5283 impedimentum
1959 5217 2013 5272 in

437 5296 520 5350 his
542 5297 917 5354 certaminibus
942 5298 1187 5356 afferunt.
1231 5302 1364 5369 Quid
1400 5320 1526 5375 ergo
1564 5308 1710 5376 prius
1744 5308 1795 5362 in
1825 5323 1887 5362 ea
1915 5309 2014 5364 ad-

436 5388 731 5445 miremur?
753 5391 1181 5449 inﬁrmitatemue
1203 5406 1404 5451 naturae
1431 5438 1445 5463 ,
1470 5414 1534 5459 an
1559 5410 1862 5469 provectam
1888 5414 2015 5457 :eta-

436 5486 541 5533 tem
567 5520 584 5546 ,
611 5494 677 5534 an
703 5494 958 5539 materna:
982 5487 1461 5543 commiserationis
1485 5504 1701 5545 sensum
1734 5492 2015 5563 fragilem?

438 5567 457 5642 1'
485 5571 652 5627 Mater
689 5578 828 5631 enim
858 5588 972 5632 erat
999 5596 1013 5632 :
1045 5579 1186 5635 unde
1214 5578 1367 5636 facile
1391 5597 1508 5636 eam
1540 5586 1797 5653 potuisset
1824 5586 1873 5639 in
1903 5596 2014 5641 tor-

438 5664 629 5717 mentis
675 5666 937 5723 viscerum
988 5684 1204 5725 suorum
1248 5673 1461 5728 vincere
1516 5687 1755 5731 materna
1805 5678 2013 5747 pietas,

440 5752 541 5808 nisi
568 5752 757 5808 divina:
779 5759 988 5827 pietatis
1012 5762 1168 5816 altior
1188 5763 1351 5819 virtus
1370 5765 1503 5820 virili
1535 5764 1635 5820 ﬁde
1665 5768 1802 5824 anile
1831 5780 2013 5838 pectus

367 5874 439 5925 ..εἰτ’
454 5871 485 5917 Ξ·

2052 343 2367 400 ARClliEP.
2409 335 2937 397 CONSTANTINOP‘.
3575 327 3688 379 (ἴὲο

2088 464 2318 508 armaret
2343 456 2416 526 (a)
2440 451 2480 524 ].
2513 451 2693 520 Magna
2721 448 2977 517 siquidem
3004 444 3117 498 lucc
3147 452 3269 496 sunt
3290 441 3686 510 impedimenta

2087 548 2151 601 ad
2188 556 2344 601 tanta:
2374 543 2639 615 patientitc
2666 555 2900 596 cursum.
2928 536 3042 606 Ego
3072 549 3197 591 vero
3223 533 3362 587 aliud
3397 530 3694 603 proferen—

2087 638 2211 692 dum
2240 637 2409 690 habeo
2436 632 2517 687 his
2539 632 2709 703 majus
2733 671 2747 695 ,
2787 644 2894 700 quo
2932 637 2986 682 et
3027 626 3265 681 mulieris
3304 623 3684 679 fortitudinem

2087 727 2357 783 et-diaboli
2384 724 2645 778 vafritiem
2680 730 2845 775 totam
2875 719 3165 773 videamus.
3190 716 3468 783 Quodnam
3502 714 3637 769 illud
3659 714 3703 766 ?

2086 817 2465 873 Animadverte
2490 813 2715 883 improbi
2743 810 2999 865 dtcmonis
3027 809 3314 879 nequitiam
3348 826 3360 860 :
3392 822 3500 861 non
3534 807 3695 875 prio-

2088 924 2199 964 rem
2233 910 2372 963 illam
2401 908 2560 961 traxit
2588 906 2639 960 in
2670 912 2955 959 scammata
2982 944 2998 969 ,
3026 902 3121 957 sed
3155 911 3275 971 post
3303 902 3437 954 ﬁlios
3462 900 3533 953 ad
3565 916 3695 954 cer-

2089 999 2285 1052 tamina
2315 997 2483 1051 duxit.
2516 994 2732 1061 Quare?
2772 993 2841 1049 Ut
2879 1000 3169 1062 postquam
3198 1000 3401 1060 septem
3441 990 3699 1042 ﬁliorum

2088 1089 2409 1144 cruciatibus
2454 1088 2567 1157 ejus
2613 1087 2845 1140 animum
2899 1085 3045 1155 prius
3090 1083 3406 1152 dejecisset,
3450 1083 3699 1151 ejusque

2091 1182 2284 1237 mentis
2312 1181 2613 1235 ﬁrmitatem
2644 1178 2991 1234 emollivisset
3016 1220 3032 1243 ,
3076 1191 3255 1232 rerum
3296 1176 3507 1230 illarum
3556 1189 3697 1242 spe-

2089 1274 2296 1327 ctaculo
2326 1274 2473 1341 prius
2500 1271 2779 1340 absumpta
2808 1269 3119 1324 fortitudine
3149 1270 3201 1322 in
3232 1268 3507 1337 suppliciis
3539 1266 3701 1319 ﬁlio-

2091 1380 2207 1420 rum
2230 1405 2244 1428 ,
2270 1363 2526 1417 inﬁrmior
2545 1365 2757 1417 demum
2780 1361 2913 1413 facta
2934 1359 3140 1414 facilius
3160 1358 3447 1427 expugnari
3472 1366 3695 1426 posset.

2089 1456 2167 1512 Ne
2204 1455 2511 1510 consideres
2555 1454 2672 1507 illos
2718 1453 2994 1522 excepisse
3041 1462 3303 1505 tormenta
3330 1491 3347 1515 ,
3374 1450 3467 1503 sed
3497 1459 3705 1503 tecum

2092 1555 2276 1616 reputa
2309 1546 2453 1599 illam
2479 1545 2543 1599 ad
2573 1544 2809 1615 singulos
2838 1543 3110 1613 graviores
3139 1542 3322 1596 tulisse
3348 1540 3570 1596 dolores
3596 1580 3613 1607 ,
3640 1550 3704 1594 et

2093 1639 2145 1692 in
2176 1639 2395 1707 singulis
2425 1652 2609 1691 eorum
2640 1636 2940 1690 confessam
2966 1649 3106 1689 esse.
3151 1633 3409 1702 Quodque
3451 1632 3713 1685 dicimus

2095 1730 2263 1798 probe
2309 1736 2503 1781 norunt
2540 1736 2799 1796 quotquot
2837 1726 3090 1780 mulieres
3117 1734 3299 1793 partus
3338 1723 3556 1777 dolores
3598 1738 3711 1777 ex-

2095 1828 2260 1889 perta:
2285 1828 2409 1873 sunt
2433 1859 2448 1883 ,
2479 1828 2535 1870 et
2559 1826 2756 1871 matres
2786 1825 3090 1871 evaserunt.
3133 1817 3286 1884 Stepe
3312 1831 3547 1885 namque
3576 1830 3703 1867 ma-

2097 1922 2180 1966 ter
2206 1910 2336 1964 febri
2368 1920 2683 1965 mstuantem
2716 1910 2881 1963 lilitun
2909 1908 3095 1964 videns
3119 1950 3134 1975 ,
3164 1908 3296 1965 nihil
3339 1923 3443 1963 non
3482 1908 3711 1962 doloris

2096 2005 2445 2072 amplectatur
2469 2044 2484 2068 ,
2517 2013 2572 2056 ut
2600 2018 2664 2057 ex
2692 2002 2782 2056 illo
2807 2017 3033 2073 corpore
3063 2001 3390 2072 aegritudinis
3422 2002 3607 2071 ignem
3640 2001 3703 2054 in

2098 2111 2157 2151 se
2183 2095 2471 2150 transferat
2512 2113 2525 2148 :
2567 2095 2635 2148 ita
2683 2108 2875 2163 nempe
2908 2104 3105 2148 matres
3151 2094 3380 2147 ﬁliorum
3425 2108 3721 2146 aerumnas

2101 2189 2332 2257 propriis
2354 2188 2506 2241 malis
2531 2187 2974 2241 iutolerabiliores
2993 2187 3319 2240 existimant.
3342 2186 3493 2253 Quod
3516 2189 3566 2239 si
3599 2185 3715 2241 hoc

2100 2296 2282 2335 verum
2308 2288 2393 2335 est
2415 2321 2431 2344 ,
2476 2289 2534 2333 nt
2562 2288 2644 2333 est
2670 2278 2905 2349 profecto
2926 2294 3110 2333 verum
3136 2322 3150 2344 ,
3181 2278 3233 2332 in
3260 2278 3535 2348 suppliciis
3568 2278 3715 2333 ﬁlio-

2101 2387 2218 2427 rum
2251 2371 2466 2442 gravius
2493 2386 2651 2440 quam
2696 2370 2795 2439 ipsi
2837 2371 2937 2423 ﬁlii
2969 2370 3304 2425 cruciabatur
3346 2381 3515 2425 mater
3542 2412 3559 2435 ,
3594 2386 3715 2425 ma-

2096 2464 2289 2533 jusque
2319 2463 2371 2517 in
2402 2472 2570 2516 matre
2598 2463 2908 2534 martyrium
2934 2470 3046 2516 erat
3072 2504 3085 2525 ,
3117 2478 3276 2531 quam
3305 2461 3354 2515 in
3387 2461 3532 2514 ﬁliis.
3569 2461 3710 2515 Nam

2102 2556 2146 2609 si
2182 2555 2264 2608 vel
2303 2552 2467 2608 unius
2497 2554 2587 2607 ﬁlii
2636 2553 2853 2607 morbus
2893 2554 3169 2606 nuntiatus
3206 2564 3445 2606 materna
3492 2554 3719 2607 viscera

2101 2647 2279 2701 turbat
2304 2688 2316 2711 ,
2345 2663 2449 2700 non
2474 2661 2579 2699 uno
2606 2646 2776 2698 solum
2803 2645 2910 2698 ﬁlio
2934 2684 2950 2709 ,
2980 2644 3072 2698 sed
3101 2653 3247 2697 tanto
3274 2644 3504 2697 ﬁliorum
3533 2645 3715 2699 inter-

2104 2735 2243 2790 fecto
2269 2737 2435 2791 choro
2462 2779 2477 2803 ,
2501 2752 2621 2791 cum
2648 2750 2753 2789 non
2775 2736 2959 2790 auditu
2987 2736 3103 2787 solo
3127 2777 3141 2801 ,
3171 2735 3263 2789 sed
3288 2736 3403 2789 visu
3428 2735 3714 2789 cruciatus

2106 2829 2408 2898 perciperet
2435 2868 2452 2893 ,
2481 2826 2607 2896 quid
2638 2841 2741 2880 non
2779 2841 2934 2896 passa
2976 2825 3177 2879 fuerit?
3207 2826 3476 2895 quomodo
3506 2827 3717 2882 mentis

2105 2932 2325 2983 compos
2349 2932 2468 2972 esse
2496 2917 2763 2985 potuerit,
2805 2932 2925 2971 cum
2963 2917 3199 2986 singulos
3236 2917 3442 2971 videret
3476 2918 3715 2972 diversis

2105 3018 2160 3063 et
2201 3009 2483 3064 horrendis
2528 3009 2800 3080 suppliciis
2846 3010 3097 3079 paulatim
3143 3009 3393 3063 occisos?
3432 3011 3715 3078 quomodo

2107 3118 2213 3157 non
2242 3103 2417 3172 erupit
2444 3118 2475 3157 e
2499 3117 2723 3171 corpore
2746 3101 2967 3155 anima?
2989 3101 3257 3172 quomodo
3289 3117 3393 3155 non
3423 3117 3498 3155 ex
3530 3104 3723 3171 primo-

2107 3207 2323 3266 aspectu
2351 3197 2402 3250 in
2430 3211 2617 3265 rogum
2650 3195 2835 3249 insiliit
2859 3236 2873 3259 ,
2905 3202 2964 3248 ut
3002 3209 3061 3249 se
3106 3209 3134 3246 a
3165 3194 3370 3264 reliquo
3399 3196 3717 3264 spectaculo

2109 3288 2403 3343 liberaret?
2430 3286 2547 3340 Etsi
2567 3286 2707 3340 enim
2738 3285 3213 3355 philosophabatur
3236 3327 3251 3349 ,
3281 3295 3337 3339 at
3359 3296 3534 3341 mater
3556 3297 3713 3353 crat;

2107 3380 2208 3435 etsi
2240 3378 2485 3449 religiosa
2520 3384 2634 3431 erat
2657 3417 2673 3444 ,
2702 3385 2757 3430 at
2777 3392 2938 3432 carne
2965 3377 3324 3438 induebatur;
3366 3378 3468 3432 etsi
3515 3378 3717 3434 alacris

2108 3478 2244 3535 erat,
2304 3478 2360 3522 at
2400 3468 2678 3523 muliebris
2725 3478 2845 3521 erat
2889 3483 3091 3533 sexus;
3124 3469 3223 3522 etsi
3271 3468 3449 3522 studio
3496 3471 3718 3539 pietatis

2115 3559 2392 3625 fervebat,
2440 3559 2533 3613 sed
2574 3568 2820 3629 partuum
2854 3558 3063 3613 vinculo
3102 3557 3457 3615 detinebatur.
3491 3561 3630 3616 Nam
3670 3565 3718 3616 si

2112 3666 2209 3706 nos
2232 3693 2247 3718 ,
2278 3650 2374 3705 viri
2405 3665 2524 3703 cum
2552 3651 2719 3704 simus
2744 3689 2759 3717 ,
2789 3665 2939 3704 reum
2968 3650 3211 3704 videntes
3236 3666 3332 3720 per
3370 3651 3547 3706 forum
3581 3654 3670 3723 agi
3698 3695 3713 3719 ,

2111 3744 2288 3798 funem
2335 3744 2387 3797 in
2432 3758 2526 3798 ore
2576 3741 2905 3805 habentem,
2957 3741 3009 3794 in
3059 3741 3482 3813 barathrumque
3531 3745 3714 3807 trahi,

2112 3835 2319 3889 etiamsi
2360 3834 2503 3887 nulla
2537 3848 2655 3888 eum
2684 3848 2747 3888 eo
2773 3833 3004 3895 amicitia
3030 3832 3200 3902 juncti
3227 3876 3240 3897 ,
3273 3833 3375 3888 hoc
3400 3838 3717 3903 spectaculo

2110 3926 2402 3996 frangimur
2424 3966 2440 3992 ,
2470 3926 2571 3982 etsi
2600 3925 2849 3981 idoneum
2876 3926 2942 3980 ad
2975 3926 3275 3982 leniendam
3304 3928 3711 3984 miserationem

2112 4019 2358 4073 solatium
2426 4019 2756 4085 habeamus,
2818 4019 3055 4074 damnati
3115 4035 3309 4089 nempe
3367 4022 3711 4091 nequitiam:

2111 4119 2366 4181 quantum
2412 4110 2498 4164 illa
2527 4125 2680 4179 passa
2711 4110 2871 4164 fuerit
2897 4153 2912 4177 ,
2945 4127 3064 4179 qum
3091 4126 3199 4166 non
3234 4127 3383 4166 reum
3414 4128 3582 4166 unum
3615 4113 3716 4168 ab-

2114 4200 2235 4253 duci
2266 4199 2509 4264 videret,
2561 4200 2653 4255 sed
2694 4201 2853 4257 simul
2888 4217 3101 4271 unaque
3140 4200 3227 4257 die
3272 4211 3479 4272 septem
3524 4202 3670 4257 ﬁlios
3701 4246 3714 4267 ,

2114 4308 2222 4348 non
2255 4292 2419 4347 celeri
2451 4302 2622 4348 morte
2648 4334 2663 4358 ,
2703 4292 2798 4347 sed
2828 4294 2987 4347 variis
3027 4293 3300 4363 suppliciis
3338 4295 3554 4348 cresos?
3600 4294 3717 4350 Etsi

2112 4384 2253 4438 enim
2284 4382 2490 4452 lapidea
2522 4383 2708 4438 fuisset
2734 4425 2757 4451 ,ν
2779 4384 2881 4439 etsi
2911 4384 3115 4439 viscera
3146 4383 3422 4439 habuisset
3451 4385 3715 4440 adaman-
3753 4376 3759 4452 ,γ

2116 4474 2222 4528 tina
2249 4515 2264 4540 ,
2297 4489 2473 4529 annon
2504 4474 2712 4529 turbata
2758 4473 2987 4542 fuisset,
3016 4491 3195 4530 annon
3222 4476 3493 4546 quidpiam
3524 4492 3719 4533 eorum
3753 4474 3758 4495 ⁵

2116 4583 2273 4641 passa
2300 4578 2444 4624 esset
2472 4610 2485 4633 ,
2518 4569 2699 4638 qualia»
2724 4578 2775 4624 et
2800 4570 3079 4626 mulierem
3110 4578 3166 4625 et
3205 4580 3430 4627 matrem
3462 4572 3577 4639 pati
3624 4586 3719 4641 par

2114 4660 2272 4717 erat?
2301 4659 2485 4730 Cogita
2520 4658 2649 4714 mihi
2694 4667 2950 4730 quantum
2989 4659 3316 4716 admiremur
3352 4662 3719 4734 patriarcbam

2117 4751 2388 4813 Abraham
2418 4793 2433 4818 ,
2465 4752 2556 4823 qui
2591 4751 2756 4813 ﬁlium
2806 4767 2961 4809 suum
2990 4794 3006 4819 ,
3051 4762 3111 4807 ut
3152 4752 3366 4817 offerret
3390 4794 3405 4819 ,
3445 4754 3625 4819 vinxit
3665 4766 3721 4810 et

2117 4844 2274 4898 altari
2322 4844 2573 4914 imposuit
2620 4861 2633 4897 :
2681 4852 2737 4898 et
2781 4851 2906 4909 tunc
2956 4843 3121 4915 probe
3168 4844 3467 4915 comperies
3517 4856 3720 4916 quanta

2118 4936 2279 4995 fuerit
2313 4937 2554 4992 mulieris
2587 4935 2864 4992 fortitudo.
2906 4936 2953 4991 Ο
2989 4936 3394 4993 acerbissimum
3421 4978 3438 5006 ,
3467 4939 3723 5010 idemque

2118 5031 2494 5093 suavissimum
2523 5033 2889 5104 spectaculum
2916 5034 2929 5088 !
2959 5033 3361 5089 acerbissimum
3388 5035 3614 5105 quidem
3657 5037 3723 5090 ob

2119 5140 2339 5194 rerum,
2394 5143 2512 5196 qua:
2576 5129 2901 5197 agebantur,
2974 5137 3265 5196 naturam;
3334 5129 3721 5184 suavissimum

2118 5234 2247 5276 vero
2285 5220 2353 5275 ob
2387 5220 2632 5278 affectum
2675 5220 2924 5277 videntis.
2973 5220 3092 5277 Non
3135 5222 3280 5276 enim
3321 5222 3411 5277 illa
3462 5222 3719 5278 fluentem

2118 5317 2429 5386 sanguinem
2462 5316 2820 5385 respiciebat,
2850 5316 2945 5375 sed
2978 5331 3209 5372 coronas
3245 5316 3469 5387 iustitia:
3494 5327 3720 5372 contex-

2121 5411 2241 5470 tas;
2271 5418 2376 5458 non
2404 5403 2709 5459 intuebatur
2737 5402 2983 5459 confossa
3012 5403 3179 5457 latera
3203 5442 3219 5469 ,
3266 5402 3361 5458 sed
3404 5412 3609 5458 mterna
3643 5413 3721 5455 ta-

2122 5494 2406 5555 bernacula
2456 5504 2799 5561 constructa;
2862 5510 2969 5563 non
3033 5493 3247 5550 videbat
3307 5493 3721 5549 circumstantes

2187 5655 2258 5719 (a)
2292 5664 2403 5715 Quae
2419 5657 2607 5705 uncinis
2629 5655 2933 5710 clauduntur.
2954 5655 3004 5719 in
3028 5653 3164 5704 nullo
3187 5659 3369 5719 Gnaeo,
3394 5650 3531 5715 quod
3554 5651 3715 5719 videre

2122 5711 2274 5827 Licuit,
2303 5711 2570 5831 citentplari
2595 5720 2860 5778 habentur,
2880 5715 2969 5769 sed
3014 5729 3078 5768 ex
3116 5711 3275 5768 veteri
3313 5711 3717 5777 interpretatioue

2159 5792 2329 5843 csumjr
2354 5795 2378 5829 a
2404 5791 2533 5832 sunt.
3264 5787 3269 5792 ’
