3860 6286
214 366 321 426 619

213 486 429 554 γῶντας
453 481 590 554 πρὶς
622 481 690 535 τά
714 482 1069 555 παλαίσματα
1093 483 1321 555 ἢγαγεν,
1359 485 1492 539 ἀλλά
1527 488 1792 557 μειράκια

215 565 437 634 ιομιδῇ,
459 566 554 617 καὶ
580 567 698 634 μετ’
717 564 939 616 ἐκείνων
955 564 1206 636 γέροντα,
1227 564 1318 616 τὸν
1343 563 1792 636 Ἐλεάζαρον,καὶ

216 644 350 714 πρὸς
375 641 585 704 τούτοις
621 643 850 708 γυναῖκα
892 645 1286 712 γεγηρακυῖαν,
1319 643 1420 712 τὴν
1448 643 1658 713 μητέρα
1683 641 1792 696 τῶν

215 721 542 792 μειρακίων.
575 719 640 772 Τί
673 737 802 772 ποτε
853 719 1013 772 τοῦτο
1051 720 1159 789 ἄρα
1205 721 1339 783 ἐστὶ,
1374 721 1656 787 Δέσποτας
1693 721 1792 792 τὴν

211 799 486 868 ἄχρηστον
511 799 725 868 ἡλικίαν
755 799 890 868 πρὸς
912 799 982 850 τὰ
1024 799 1380 868 ἀγωνίσματα
1409 803 1490 862 εἰς
1509 800 1577 852 τά
1611 801 1792 870 σκάμ-

218 884 368 944 ματα
394 877 574 944 ἆγειςς
603 876 686 938 τίς
722 877 919 946 ἤκουσε
949 879 1182 944 γυναῖκα
1229 877 1636 948 ἀγωνιζομένην
1661 877 1792 930 ποτέ

215 955 275 1008 ἐν
297 957 443 1024 γήρᾳ
465 952 704 1023 τοσούτῳ
724 969 738 1017 ;
765 953 950 1015 Οὐδεὶς
975 954 1227 1023 ἡκουσεν·
1261 953 1375 1006 ἀλλ’
1393 953 1504 1022 ἐγὼ
1525 956 1586 1007 τὸ
1611 955 1792 1024 παρά-

215 1033 369 1098 δοξον
401 1031 578 1095 τοῦτο,
637 1033 790 1102 φησὶ,
829 1031 922 1084 καὶ⁵
957 1032 1140 1085 καινὸν
1179 1034 1274 1085 καὶ
1322 1032 1445 1086 οὔτε
1491 1034 1629 1104 ἀκοῇ
1664 1050 1794 1087 ποτε

213 1111 558 1182 παραδεχθέν
591 1110 681 1164 διὰ
711 1111 818 1164 τῶν
866 1111 1043 1182 ἔργων
1092 1111 1273 1165 αὐτῶν
1319 1114 1684 1184 πιστὼσομαι.
1717 1114 1792 1166 Οὐ

215 1189 329 1260 γάρ
350 1190 589 1252 τοιοῦτος
619 1189 962 1260 ἀγωνοθέτης
988 1189 1118 1258 ἐγὼ,
1137 1190 1212 1254 ὡς
1231 1193 1296 1260 τῇ
1327 1191 1436 1243 τῶν
1463 1190 1793 1261 ἀγωνιζομέ-

215 1283 325 1320 νων
358 1267 585 1338 δυνάμει
613 1267 675 1319 τό
705 1269 813 1320 πᾶν
858 1269 1195 1339 ἐπιτρέπειν·
1240 1270 1376 1322 άλλά
1427 1271 1791 1340 παρίσταμαι,

216 1345 316 1398 καὶ
344 1345 543 1415 βοηθῶ,
573 1347 666 1400 καὶ
704 1348 860 1416 χεῖρα
887 1347 1064 1417 όρέγω
1088 1351 1198 1410 τοῖς
1225 1350 1376 1418 ἐμοῖς
1408 1348 1685 1419 ἀθληταῖς,
1703 1349 1796 1401 καὶ

214 1424 330 1476 τῶν
358 1425 804 1494 κατορθουμένων
829 1425 890 1478 τὸ
922 1426 1082 1481 πλέον
1111 1427 1292 1490 αὐτοῖς
1323 1429 1387 1480 ἐκ
1412 1427 1511 1497 τῆς
1543 1427 1680 1497 ἐμῆς
1707 1427 1794 1494 γί-

216 1519 370 1554 νεται
398 1503 756 1572 προστασίας.

290 1605 462 1660 Ὅταν
490 1603 582 1658 οῦν
607 1604 721 1676 ίδῃς
753 1604 988 1672 γυναῖκα
1021 1604 1345 1676 ὑπότρομον,
1389 1607 1794 1676 γεγηρακυῖαν,

222 1683 527 1754 βακτηρίας
547 1683 826 1754 δεομένην,
855 1685 934 1745 εἰς
961 1683 1147 1750 ἀγῶνα
1177 1683 1472 1748 εἰσιοῦσαν,
1514 1686 1607 1738 καὶ¹
1630 1703 1798 1739 κατα-

215 1763 454 1816 λύουσαν
475 1761 737 1832 τυράννου
774 1761 993 1831 μανίαν,
1037 1763 1461 1831 περιγινομένην
1490 1763 1797 1833 ἀσωμάτων

210 1840 375 1913 [εει]
420 1841 735 1910 δυνάμεων,
787 1837 1092 1909 κρατοῦσαν
1137 1839 1232 1892 τοῦ
1280 1839 1524 1893 διαϐόλου
1569 1841 1795 1912 ῥᾳδίως,

223 1918 634 1985 συγκόπτουσαν
673 1915 837 1968 αὐτοῦ
870 1914 969 1986 τὴν
1001 1914 1114 1978 ἕξιν
1156 1927 1182 1956 α
1240 1917 1356 1986 μετ’
1389 1917 1636 1981 ἐξουσίας
1669 1920 1798 1972 πολ-

219 1995 345 2062 λῆς,
379 1994 658 2064 θαύμασον
688 1994 780 2048 τοῦ
808 1993 1145 2062 ἀγωνοθέτου
1165 1993 1262 2065 τὴν
1290 1994 1470 2064 χάριν,
1493 1994 1799 2067 ἐκπλάγηθι

215 2068 318 2125 τοῦ
347 2071 584 2143 Χριστοῦ
636 2074 734 2143 τὴν
782 2071 1029 2142 δύναμιν.
1079 2072 1154 2126 Οὐ
1206 2074 1476 2145 σφριγῶσι
1529 2075 1669 2128 κατὰ
1701 2075 1799 2146 τὴν

223 2152 407 2222 σάρκα
439 2153 488 2204 οί
521 2149 771 2222 ἀθληταὶ,
819 2151 955 2204 ἀλλά
1003 2151 1272 2222 σφριγῶσι
1306 2153 1448 2206 κατά
1476 2153 1574 2222 τὴν
1596 2154 1794 2206 πίστιν·

221 2229 458 2300 ἀσθενὴς
504 2228 683 2282 αὐτῶν
724 2230 756 2300 ἡ
800 2228 980 2297 φύσις,
1021 2229 1154 2282 ἀλλά
1208 2229 1407 2301 δυνατὴ
1446 2231 1479 2300 ή
1535 2231 1801 2301 ἀλείψασα

217 2308 424 2370 αὐτοὺς
445 2307 625 2377 χάρις·
647 2307 1012 2378 παραλέλυται
1041 2308 1109 2360 τά
1135 2307 1361 2378 σώματα
1384 2307 1462 2379 τῷ
1483 2311 1646 2380 γήρᾳ,
1666 2310 1801 2363 ἀλλά

227 2385 663 2455 συγκεκρότηται
687 2384 754 2437 τά
771 2388 1094 2455 φρονήματα
1112 2384 1190 2454 τῷ
1209 2385 1358 2456 πόθῳ
1378 2387 1476 2455 τῆς
1495 2387 1798 2449 εὐσεϐείας.

213 2467 344 2520 Οὐκ
377 2465 524 2520 ἔστιν
560 2466 816 2537 αἰσθητὸς
848 2469 876 2519 ό
906 2465 1074 2533 ἀγών·
1115 2467 1188 2538 μὴ
1214 2468 1390 2521 τοίνυν
1411 2466 1608 2532 ἔξωθεν
1629 2487 1801 2522 κατα-

229 2544 411 2615 μάθῃς
432 2545 560 2606 τοὺς
591 2543 848 2614 ἀθλητὰς,
879 2545 994 2598 ἀλλ’
1037 2545 1244 2598 εἴσελθε
1281 2544 1358 2615 τῷ
1389 2545 1634 2617 λογισμῷ
1667 2548 1804 2618 πρὸς

219 2627 329 2695 τὴν
354 2626 454 2696 τῆς
482 2625 658 2696 ψυχῆς
683 2627 860 2679 αὐτῶν
880 2626 1113 2691 εὐεξίαν·
1145 2627 1430 2697 κατάμαθε
1449 2629 1548 2697 τῆς
1568 2630 1805 2692 πίστεως

225 2707 409 2760 αὐτῶν
440 2707 538 2778 τὴν
567 2708 740 2777 ίσχὺν,
760 2708 846 2761 ἵνα
878 2708 1054 2780 μάθῃς
1075 2709 1157 2762 δτι
1176 2711 1204 2762 δ
1229 2709 1445 2780 δαίμοσι
1469 2710 1754 2764 πυκτεύων
1775 2711 1804 2750 ι’

223 2790 292 2842 οὐ
333 2789 584 2859 σώματος
619 2791 845 2860 ἰσχυρᾶς
874 2791 1044 2842 δεῖται
1093 2792 1406 2861 περιϐολῆς,
1432 2791 1554 2844 οὑδέ
1591 2793 1807 2862 ἡλικίας

226 2871 606 2942 ἀκμαζούσης,
637 2872 774 2927 ἀλλά
812 2873 916 2926 κᾶν
943 2873 1138 2944 κομιδῇ
1171 2876 1288 2937 νέος
1317 2871 1373 2946 ᾖ,
1411 2875 1513 2928 κᾶν
1544 2878 1623 2939 εἰς
1649 2876 1808 2945 ἐσχα-

229 2969 325 3006 τον
369 2953 549 3024 γῆρας
601 2954 914 3025 ἐληλακὼς,
951 2955 1128 3026 ψυχὴν
1179 2956 1236 3009 δὲ
1283 2957 1382 3027 ἔχῃ
1416 2958 1667 3024 γενναίαν
1715 2960 1808 3010 καὶ

230 3037 572 3107 ἐρρωμένην,
603 3039 753 3092 οὐδὲν
773 3039 880 3092 ἀπὸ
905 3038 1005 3108 τῆς
1033 3041 1247 3110 ἡλικίας
1269 3043 1348 3103 είς
1369 3041 1436 3094 τά
1454 3041 1809 3112 ἀγωνίσματα

229 3120 703 3191 παραϐλάπτεται.

307 3222 372 3293 βί.
393 3223 504 3277 Καὶ
541 3223 594 3275 τί
631 3223 773 3291 λέγω
799 3223 1027 3294 γέροντα
1054 3224 1147 3277 καὶ
1171 3223 1309 3290 νέον,
1331 3226 1465 3278 ὅπου
1498 3241 1562 3295 γε
1590 3227 1682 3279 καὶ
1711 3243 1810 3294 γυ-

231 3310 420 3370 ναῖκες
452 3307 588 3377 πρὸς
613 3307 786 3360 ταῦτα
815 3307 1152 3360 ἀπεδύσαντο
1191 3307 1260 3360 τά
1305 3309 1682 3376 παλαίσματα,
1717 3311 1811 3361 καὶ

231 3391 521 3462 λαμπροὺς
566 3391 895 3461 ἀνεδήσαντο
942 3392 1068 3454 τοὺς
1114 3391 1440 3460 στεφάνους;
1476 3394 1537 3446 Οί
1572 3392 1670 3462 μὲν
1704 3392 1812 3463 γὰρ

231 3473 436 3538 ἔξωθεν
487 3473 700 3540 ἀγῶνες
745 3474 840 3526 καὶ
887 3473 1124 3544 ἠλικίαν,
1161 3475 1256 3528 καὶ
1293 3475 1475 3544 φύσιν,
1511 3475 1604 3528 καὶ
1656 3472 1813 3538 ἀξίαν

234 3557 605 3621 ἐξετάζοντες,
647 3556 743 3608 καὶ
786 3556 1012 3621 δούλοις,
1057 3558 1154 3611 καὶ
1181 3557 1415 3626 γυναιξὶ,
1450 3558 1544 3611 καὶ
1577 3560 1814 3629 πρεσϐυ-

232 3638 438 3707 τέροις,
472 3636 566 3688 κοιλ⁸
589 3637 896 3705 μειρακίοις
927 3636 1025 3708 τὴν
1069 3636 1206 3708 πρὸς
1231 3636 1426 3700 αὐτοὺς
1451 3635 1654 3690 εἴσοδον
1682 3639 1816 3690 ἀπο-

235 3714 530 3775 κλείουσιν,
556 3712 787 3766 ἐνταῦθα
814 3715 870 3767 δὲ
912 3716 1064 3788 πάσῃ
1111 3715 1206 3785 μὲν
1245 3714 1402 3786 ἀξίᾳ,
1431 3717 1584 3788 πάσῃ
1616 3715 1672 3768 δέ
1702 3715 1817 3786 ἠλι-

237 3799 357 3869 κίᾳ,
389 3796 624 3868 ἑκατέρα
673 3796 729 3848 δὲ
772 3798 838 3866 τῇ
879 3795 1038 3865 φύσει
1080 3798 1141 3849 τὸ
1183 3796 1410 3868 θέατρον
1461 3800 1598 3868 μετά
1635 3799 1816 3869 πάσης

239 3879 428 3942 ἀδείας
483 3878 789 3948 ὴνέῳκται,
841 3878 930 3932 ἴνα
973 3881 1068 3932 καὶ
1107 3877 1206 3949 τὴν
1263 3879 1526 3948 ἀφθονίαν
1573 3881 1668 3933 καὶ
1718 3879 1816 3950 τὴν

239 3962 448 4030 ἄφατον
477 3960 706 4030 δύναμιν
729 3959 824 4014 τοῦ
856 3959 946 4014 τὸν
992 3960 1181 4028 ἀγῶνα
1204 3962 1448 4024 τιθέντος
1466 3961 1815 4034 καταμάθῃς,

239 4046 338 4098 καὶ
365 4045 426 4098 τὸ
447 4043 802 4099 ἀποστολικδν
836 4045 1014 4098 ἐκεῖνο
1035 4043 1124 4097 διά
1151 4044 1260 4097 τῶν
1293 4044 1470 4115 ἔργων
1496 4044 1820 4116 βεϐαιουμεο

240 4145 334 4184 νον
357 4127 493 4198 ἴδῃς,
521 4128 652 4181 Ὀτι
707 4129 746 4196 ἠ
780 4127 1033 4196 δύναμις
1073 4127 1261 4182 αὐτοῦ
1291 4126 1362 4179 ἐν
1411 4128 1696 4194 ἀσθενείᾳ
1724 4145 1820 4182 τε-

239 4211 529 4268 ⁸ιειοῦτιῑι.
566 4211 735 4265 Ὅταν
776 4211 883 4282 γὰρ
922 4210 1112 4265 παιδία
1157 4211 1251 4263 καὶ
1281 4211 1535 4281 γέροντες
1579 4211 1646 4265 τά
1679 4213 1820 4285 ὑπὲρ

238 4297 344 4366 τὴν
381 4295 542 4364 φύσιν
573 4295 794 4365 ίσχύωσι
813 4333 828 4357 ,
869 4294 960 4348 διά
988 4295 1207 4347 πάντων
1249 4294 1518 4366 λαμπρῶς
1560 4296 1594 4364 ἡ
1625 4295 1720 4348 τοῦ
1752 4295 1820 4350 δι’

241 4377 428 4432 αὐτῶν
452 4375 802 4447 ἐνεργοῦντος
827 4375 962 4428 Θεοῦ
993 4375 1332 4445 διαφαίνεται
1359 4378 1538 4447 χάρις.

317 4480 428 4533 Καὶ
457 4479 544 4532 ἵνα
586 4478 764 4552 μάθῃς
790 4480 872 4532 ὅτι
907 4481 940 4550 ἡ
965 4479 1222 4533 ἀσθένεια
1244 4479 1353 4532 τῶν
1389 4479 1657 4551 ἀθλητῶν,
1680 4476 1821 4551 αὕτη

237 4565 279 4632 ἠ
304 4562 522 4629 ἔξωθεν,
576 4561 992 4634 λαμπροτέρους
1025 4564 1167 4615 ποιεί
1194 4562 1448 4631 γενέσθαι
1475 4563 1604 4624 τοὺς
1625 4578 1824 4630 στεφα-

243 4650 420 4708 νίτας,
437 4647 567 4715 φέρε
592 4645 780 4715 δὴ,τὺν
803 4645 1033 4716 γέροντα
1057 4645 1152 4698 καὶ
1171 4644 1238 4698 τὰ
1263 4645 1449 4698 παιδία
1470 4645 1699 4715 ἀφέντες
1722 4644 1822 4716 τὴν

241 4726 641 4799 ἀσθενεστέραν
670 4727 851 4780 αὐτῶν
908 4728 1317 4797 παραγάγωμεν
1373 4729 1453 4792 εἰς
1503 4728 1688 4799 μέσον,
1724 4727 1823 4798 τὴν

243 4813 503 4881 γυναῖκα,
529 4811 628 4880 τὴν
651 4812 1044 4880 γεγηρακυῖαν,
1063 4811 1160 4876 τὴν
1185 4809 1325 4863 ἐπτά
1351 4811 1557 4864 παίδων
1589 4811 1818 4881 μητέρα·

245 4895 348 4948 καὶ
375 4893 482 4964 γάρ
513 4895 569 4947 αἰ
598 4894 786 4956 ὠδῖνες
823 4893 882 4945 οὐ
911 4892 1106 4963 μικρὸν
1130 4891 1358 4962 κώλυμα
1387 4893 1494 4945 τῶν
1517 4893 1825 4962 παλαισμά-

245 4994 360 5030 των
395 4977 597 5030 τούτων
626 4977 752 5032 είσί.
802 4975 866 5029 Τί
895 4971 988 5030 οῦν
1027 4977 1198 5047 αὐτῆς
1235 4977 1500 5047 πρότερον
1545 4976 1824 5048 θαυμάσαι

246 5060 436 5128 άξιον;
482 5061 544 5114 τὸ
593 5061 694 5131 τῆς
741 5059 961 5129 φύσεως
1006 5059 1261 5123 ἀσθενὲς,
1309 5059 1437 5131 ῆτδ
1475 5059 1576 5128 τῆς
1611 5059 1825 5131 ἡλικίας

248 5143 480 5214 ὥριμον,
521 5141 554 5213 ἢ
585 5153 608 5180 ο
639 5141 701 5196 τὸ
739 5141 838 5213 τῆς
876 5142 1218 5214 συμπαθείας
1243 5142 1677 5214 εὺεπηρέαστον;
1710 5144 1826 5196 Με-

248 5225 395 5295 γάλα
427 5224 526 5295 μὲν
543 5222 652 5296 γάρ
677 5223 958 5279 καὶταῦτα
976 5224 1277 5296 κωλύματα
1293 5225 1428 5295 πρὸς
1451 5224 1541 5276 τὸν
1561 5224 1826 5296 τοσαύτης

255 5308 552 5381 καρτερίας
583 5307 836 5378 δεόμενον
859 5307 1076 5380 δρόμον.
1117 5307 1260 5378 Ἐγὼ
1289 5307 1346 5363 δὲ
1383 5309 1476 5361 καὶ
1511 5307 1695 5379 ἕτερον
1721 5308 1827 5378 ἔχω

249 5391 460 5447 τούτων
499 5389 683 5461 μεῖζον
715 5389 920 5458 εἰπεῖν,
969 5391 1037 5444 δι’
1077 5385 1138 5446 οὖ
1177 5391 1269 5445 καὶ
1301 5389 1401 5460 τὴν
1449 5389 1693 5462 ἀνδρείαν
1727 5392 1828 5462 τῆς

321 5665 350 5695 ⁸
388 5663 470 5713 Slc
495 5677 622 5711 unus
641 5662 826 5723 Regius
849 5666 1010 5720 recte;
1035 5663 1117 5710 alii
1141 5663 1225 5718 τήν
1247 5661 1370 5722 ὄψιν.

318 5724 353 5766 δ
377 5726 515 5775 Unus
537 5723 662 5787 ﬂag.
687 5728 714 5772 δ
737 5725 946 5787 δαίμωσι
965 5724 1194 5771 παλαίων.

324 5789 350 5817 ⁸
379 5787 513 5836 Idem
534 5784 640 5844 Rei
678 5791 761 5844 τῆς
779 5785 962 5842 ἡλικίας
988 5786 1160 5847 ἄωρον,
1187 5784 1248 5841 ἦ.

1517 372 1604 426 DE
1639 373 2083 433 MACCABA'IIS.
2123 377 2162 430 I.

3364 386 3468 440 (520

1899 491 2159 557 γυναικὸς
2186 491 2278 544 καὶ⁸
2310 488 2406 560 τὴν
2451 489 2544 544 τοῦ
2593 490 2838 544 διαϐόλου
2870 491 3200 564 κακουργίαν
3252 494 3472 551 ἃπασαν
3529 516 3537 542 :

1900 579 2268 650 κατοψόμεθα.
2301 581 2367 632 Τί
2399 579 2456 634 δὲ
2480 579 2638 633 τοῦτό
2667 582 2812 646 tota;
2838 582 3034 634 Σκόπει
3061 582 3258 654 μιαροῦ
3283 584 3474 656 δαίμο-

1900 684 1989 730 νος
2013 669 2294 739 πονηρίαν·
2315 672 2376 722 οὐ
2402 671 2626 740 πρώτην
2653 669 2822 740 αὐτὴν
2847 670 3096 723 εἵλκυσεν
3111 674 3188 735 εἰς
3211 672 3278 726 τά
3297 676 3474 746 σκάμ-

1905 771 2073 823 ματα,
2109 755 2246 808 ἀλλά
2281 755 2418 826 μετὰ
2465 757 2592 819 τοὺς
2625 757 2820 820 παῖδας
2867 757 3040 826 ἦγαγε
3075 758 3212 830 πρὸς
3247 760 3315 812 τά
3364 777 3472 814 πα-

1902 842 2194 912 λαίσματα.
2249 843 2315 894 Τί
2361 843 2596 912 δήποτες
2635 844 2750 897 Ἵνα
2795 845 2914 906 ταῖς
2943 844 3051 897 τῶν
3097 845 3234 898 ἐπτά
3267 848 3472 902 παίδων

1905 928 2158 997 βασάνοις
2190 927 2621 1000 προκαταϐαλὼν
2665 930 2835 1000 αὐτῆς
2881 931 2943 982 τὸ
2976 931 3250 1002 φρόνημα,
3293 933 3472 987 καὶτὸ

1905 1016 2131 1087 στερρὸν
2164 1016 2263 1087 τῆς
2292 1016 2528 1079 διανοίας
2571 1016 2833 1086 μαλάξας,
2865 1017 2954 1070 διά
2983 1017 3081 1086 τῆς
3113 1017 3221 1070 τῶν
3249 1019 3474 1089 γινομέ-

1902 1119 2009 1156 νων
2042 1103 2168 1166 θέας
2195 1103 2699 1175 προδαπανηθείσης
2730 1104 2864 1174 αὐτῇ
2898 1104 2997 1174 τῆς
3037 1103 3216 1172 ἰσχύος
3263 1107 3321 1158 ἐν
3354 1107 3475 1169 ταῖς

1902 1191 2010 1243 τῶν
2034 1190 2268 1257 ἐγγόνων
2293 1190 2597 1253 κολάσεσιν,
2615 1189 2976 1261 ἀσθενεστέρα
3003 1189 3188 1243 λοιπὸν
3209 1192 3476 1264 γενομένῃ

1906 1277 2104 1348 ῥαδίως
2137 1277 2411 1346 ἐπιθῆται.
2444 1276 2536 1346 Μὴ
2569 1277 2676 1346 γάρ
2704 1277 2770 1346 δὴ
2795 1277 2954 1329 τοῦτο
2987 1277 3121 1348 ίδῃς,
3163 1279 3244 1331 ὅτι
3278 1280 3475 1331 ἐκεῖνοι

1903 1365 2003 1427 τάς
2025 1365 2288 1433 βασάνους
2312 1365 2576 1432 ἐδέχοντο,
2611 1363 2724 1417 ἀλλ’
2758 1367 2934 1417 ἐκεῖνο
2967 1365 3178 1427 σκόπει,
3208 1367 3290 1418 ὅτι
3335 1366 3475 1436 αὐτὴ

1905 1453 2025 1506 καθ’
2043 1453 2266 1506 ἕκαστον
2290 1452 2467 1506 αὐτῶν
2483 1452 2869 1522 χαλεπωτέρας
2892 1452 3128 1521 ὑπέμενε
3143 1453 3242 1515 τὰς
3262 1453 3476 1517 ὀδύνας,
3539 1477 3542 1480 ’

1905 1539 2000 1593 καὶ
2035 1540 2157 1592 καθ’
2183 1541 2408 1592 ἕκαστον
2442 1538 2622 1590 αὐτῶν
2663 1539 3058 1607 ἀπεσφάττετο.
3096 1537 3247 1609 [625}
3282 1539 3393 1592 Καὶ
3416 1540 3478 1591 τὸ

1905 1627 2192 1697 λεγόμενον
2230 1625 2390 1680 τοῦτο
2447 1625 2592 1678 ίσασι
2631 1625 2832 1688 καλῶς,
2873 1625 2995 1678 ὅσαι
3040 1628 3235 1695 πεῖραν
3274 1625 3479 1677 ὠδίνων

1906 1713 2095 1768 ἔλαϐον
2136 1717 2412 1782 γυναῖκες,
2468 1714 2562 1767 καὶ
2609 1714 2841 1784 μητέρες
2894 1713 3163 1780 ἐγένοντο.
3210 1711 3480 1774 Πολλάκις

1905 1801 2036 1874 γοῦν
2051 1801 2232 1871 ὁρῶσα
2255 1802 2437 1871 μήτηρ
2457 1800 2666 1852 παιδίον
2689 1818 2760 1850 πυ
2770 1797 2908 1870 ρετῷ
2926 1797 3282 1867 φλεγόμενον,
3302 1797 3482 1848 πάντα

1907 1888 1976 1942 ἀν
2016 1887 2191 1940 ἐλοιτο
2233 1886 2458 1944 παθεῖν.
2503 1885 2644 1938 ὥστε
2683 1885 2791 1938 ἀπὸ
2835 1883 2929 1936 τοῦ
2981 1881 3231 1953 σώματος
3271 1881 3478 1935 ἐκείνου

1908 1975 2042 2046 πρὸς
2062 1957 2258 2044 ἑαυτὴν
2283 1974 2610 2043 μεταγαγεῖν
2637 1971 2698 2024 τὸ
2726 1969 2837 2042 πῦρ
2872 1970 2966 2023 τοῦ
2997 1970 3318 2041 νοσήματος·
3338 1967 3483 2020 οὕτω

1905 2064 2015 2117 τῶν
2035 2063 2249 2116 οἰκείων
2272 2060 2456 2114 κακῶν
2480 2059 2578 2122 τάς
2606 2057 2712 2112 τῶν
2741 2058 2946 2112 παίδων
2969 2074 3033 2109 συ
3042 2056 3255 2128 μφοράς
3277 2058 3482 2126 ἀφορη-

1907 2149 2128 2218 τοτέρας
2179 2149 2235 2201 αί
2273 2145 2502 2216 μητέρες
2547 2140 2681 2199 εἶναι
2744 2144 3071 2215 νομίζουσιν.
3117 2143 3180 2196 Et
3231 2142 3288 2196 δὲ
3325 2141 3484 2194 τοῦτο

1910 2236 2127 2308 ἀληθὲς,
2149 2234 2336 2304 ῶσπερ
2359 2231 2451 2287 οὖν
2473 2232 2688 2302 ἀληθὲς,
2708 2231 3084 2302 χαλεπώτερον
3121 2229 3230 2282 τῶν
3253 2229 3480 2281 παιδίων

1909 2324 1968 2377 ἐν
2009 2325 2127 2385 ταῖς
2164 2320 2271 2374 τῶν
2305 2319 2530 2373 παιδίων
2580 2319 2834 2389 βασάνοις
2873 2317 3164 2380 ἐκολάζετο
3201 2317 3236 2386 ὴ
3276 2316 3480 2386 μήτηρ,

1910 2412 2004 2465 καὶ
2024 2410 2205 2480 μεῖζον
2225 2410 2286 2461 τὸ
2305 2407 2604 2480 μαρτύριον
2628 2410 2684 2460 ἐν
2705 2407 2772 2476 τῇ
2801 2404 3017 2477 μητρὶῆ
3041 2405 3098 2456 ἐν
3115 2404 3226 2466 τοῖς
3250 2401 3481 2464 παιδίοις

1911 2499 2139 2567 ἐγίνετο.
2172 2499 2234 2550 Εἰ
2266 2498 2373 2570 γὰρ
2407 2496 2523 2558 ἐνὸς
2558 2495 2770 2548 παιδίου
2798 2495 2950 2556 νόσος
2983 2490 3290 2561 ἀκουομένη
3322 2488 3484 2559 μόνον

1911 2585 2254 2657 διαταράττει
2300 2585 2370 2636 τὰ
2414 2583 2696 2652 σπλάγχνα
2743 2580 2842 2651 τῆς
2887 2579 3184 2650 τεκούσης,
3223 2577 3322 2646 οὐχ
3365 2573 3483 2638 ἐνὸς

1915 2673 2144 2736 παιδίου,
2179 2670 2312 2724 ἀλλά
2343 2670 2594 2722 τοσούτου
2635 2668 2795 2740 χοροῦ
2833 2668 3038 2723 παίδων
3067 2663 3482 2736 ἀναιρουμένου,

1913 2762 2012 2813 οὐκ
2040 2763 2173 2830 ἀκοῇ
2199 2757 2462 2828 δεχομένη
2511 2757 2578 2810 τὰ
2609 2755 2944 2826 παθήματα,
2986 2752 3100 2807 ἀλλ’
3143 2752 3265 2822 δψει
3304 2767 3485 2819 παρα-

1913 2849 2260 2918 λαμϐάνουσα
2286 2847 2354 2900 τά
2382 2845 2661 2916 γινόμενα,
2693 2845 2745 2896 τί
2775 2843 2875 2896 οὐκ
2910 2843 2976 2896 ἂν
3013 2839 3215 2904 ἔπαθες
3247 2837 3365 2900 πῶς
3385 2838 3486 2890 οὐκ

1917 2939 2106 3007 ἐξέστη
2136 2940 2201 3008 τῇ
2233 2935 2440 3006 διανοίᾳ
2467 2935 2494 2974 ἀ
2531 2936 2760 2987 ἕκαστον
2789 2931 2968 2985 αὐτῶν
2993 2929 3176 3002 ὁρῶσα
3209 2921 3485 2996 δίαφόροις

1915 3029 2028 3079 τισὶ
2051 3025 2144 3077 καὶ
2175 3024 2426 3093 φρικταῖς
2454 3021 2744 3090 τιμωρίαις
2764 3018 2906 3071 κατά
2937 3016 3130 3087 μικρὸν
3159 3012 3488 3084 ἀναιρούμε-

1916 3131 2040 3178 νον;
2077 3113 2192 3176 πῶς
2213 3113 2314 3164 οὐκ
2336 3110 2625 3180 ἀπερῤάγη
2669 3107 2762 3160 τοῦ
2799 3105 3050 3176 σώματος
3090 3105 3125 3174 ἡ
3157 3103 3338 3174 ψυχης
3370 3100 3489 3162 πῶς

1917 3203 2017 3254 οὐκ
2038 3201 2145 3253 ἀπὸ
2168 3200 2264 3270 τῆς
2298 3197 2517 3268 πρώτης
2542 3195 2714 3263 ὅψεως
2739 3193 2831 3244 ἐπὶ
2863 3193 2963 3261 τὴν
2997 3190 3175 3262 πυρὰν
3213 3187 3489 3257 ἐπεπήδη-

1919 3302 2012 3342 σεν
2033 3285 2446 3341 άπαλλάττουσα
2475 3283 2671 3351 ἐαυτὴν
2688 3279 2784 3348 τῆς
2800 3277 2991 3349 λοιπῆς
3012 3274 3241 3346 θεωρίας
3262 3292 3276 3341 ;
3300 3275 3363 3326 Εἰ
3380 3272 3492 3342 γὰρ

1920 3378 2014 3431 καὶ
2047 3375 2329 3445 φιλόσοφος
2351 3368 2440 3443 ἦν,
2463 3371 2598 3424 ἀλλά
2635 3370 2830 3439 μήτηρ·
2865 3367 2912 3420 εί
2941 3362 3035 3419 καὶ
3063 3362 3334 3434 θεοφιλὴς,
3353 3360 3490 3415 ἀλλά

1921 3465 2014 3518 καὶ
2057 3463 2238 3533 σάρκα
2277 3460 2614 3532 περιέκειτο·
2663 3457 2713 3508 εἰ
2758 3455 2852 3509 καὶ
2893 3453 3174 3525 πρόθυμος
3214 3446 3304 3521 ἦν,
3355 3449 3491 3503 ἀλλά

1923 3553 2016 3606 καὶ
2053 3548 2370 3620 γυναικείας
2402 3547 2616 3616 μετεῖχε
2647 3543 2880 3612 φύσεως·
2913 3541 2964 3594 εἰ
2989 3541 3082 3594 καὶ
3107 3538 3186 3609 τῷ
3218 3536 3364 3608 ζήλῳ
3391 3535 3490 3606 τῆς

1922 3638 2202 3699 εὐσεϐείας
2249 3635 2432 3698 έζεεν,
2477 3630 2615 3686 ἀλλά
2658 3629 2751 3684 καὶ
2798 3627 2876 3698 τῷ
2921 3625 3104 3698 δεσμῷ
3135 3625 3243 3679 τῶν
3287 3623 3491 3676 ὠδίνων

1922 3728 2222 3796 κατείχετο.
2247 3724 2308 3777 El
2331 3722 2440 3794 γάρ
2477 3722 2636 3792 ἡμεῖς
2663 3717 2852 3787 ἄνδρες
2879 3717 3027 3778 ὄντες
3047 3713 3336 3766 κατάδικον
3364 3711 3494 3764 πολ-

1923 3815 2079 3876 λάκις
2109 3813 2340 3883 ὁρῶντες
2365 3809 2454 3862 διά
2479 3808 2580 3876 τῆς
2613 3806 2818 3874 ἀγορᾶς
2851 3803 3116 3872 ἀγόμενον
3138 3799 3200 3852 τὸ
3231 3797 3492 3869 σπιρτίον

1925 3903 2018 3956 ἐπὶ
2036 3899 2130 3953 τοῦ
2158 3898 2422 3967 στόματος
2457 3895 2666 3964 ἔχοντα,
2685 3891 2778 3943 ἐπὶ
2803 3890 2863 3942 τὸ
2887 3887 3156 3960 βάραθρον
3178 3885 3492 3956 ἑλκόμενον,

1925 3989 2076 4042 οὐδὲν
2108 3986 2380 4054 δικαίωμα
2411 3982 2592 4051 φιλίας
2622 3979 2758 4050 πρὸς
2797 3978 2957 4030 αὑτὸν
2994 3975 3228 4044 ἔχοντες,
3257 3972 3364 4026 ἀπὸ
3394 3973 3492 4042 τῆς

1927 4075 2052 4137 θέας
2077 4073 2240 4143 μόνης
2255 4065 2668 4137 κατακλώμεθα,
2687 4065 2860 4117 καίτοι
2880 4061 3065 4133 ἱκανὴν
3085 4062 3297 4133 ἔχοντες
3313 4074 3494 4130 παρα-

1930 4162 2126 4234 μυθίαν
2156 4159 2290 4230 πρὸς
2314 4156 2374 4210 τὸ
2413 4153 2580 4225 μηδὲν
2608 4152 2846 4205 τοιοῦτον
2883 4150 3097 4213 παθεῖν,
3139 4149 3233 4202 τοῦ
3269 4147 3494 4200 καταδε-

1926 4247 2249 4319 δικασμένου
2275 4243 2372 4314 τὴν
2395 4240 2677 4311 πονηρίαν·
2695 4239 2747 4292 τί
2769 4238 2960 4291 παθεῖν
2981 4236 3187 4308 ταύτην
3209 4236 3353 4298 εἰκὸς
3373 4234 3495 4305 οὐχὶ

1927 4336 2216 4390 κατάδικον
2247 4332 2342 4384 ’ένα
2364 4329 2576 4401 ὁρῶσαν
2602 4327 2969 4396 ἀπαγόμενον,
2995 4325 3108 4378 ἀλλ’
3142 4326 3281 4377 ἐπτά
3308 4321 3494 4375 παιδία

1927 4424 2123 4496 ἀθρόον
2159 4424 2219 4477 ὲν
2269 4419 2455 4490 ἡμέρᾳ
2481 4418 2581 4488 μιᾷ
2621 4416 2742 4486 οὐχὶ
2771 4414 3018 4485 συντόμῳ
3059 4411 3314 4483 τελευτῇ,
3359 4409 3496 4463 ἀλλά

1929 4512 2200 4574 ποικίλαις
2217 4505 2666 4574 κατακοπτόμενα
2699 4504 2928 4573 σφαγαῖς
2952 4517 2967 4567 ;
2992 4503 3055 4554 Et
3083 4500 3191 4572 γὰρ
3209 4499 3382 4571 λιθίνη
3411 4515 3495 4560 τις

1927 4598 2018 4674 ἦν,
2059 4601 2108 4652 εί
2137 4596 2246 4669 γάρ
2268 4596 2326 4661 ἐξ
2363 4593 2668 4663 ἀδάμαντος
2701 4592 2838 4660 αὐτῇ
2867 4589 2933 4642 τά
2967 4588 3255 4658 σπλάγχνα
3287 4588 3494 4674 ἐπεπὴ-

1930 4669 2036 4760 γει,
2056 4688 2155 4740 οὐκ
2175 4685 2242 4738 ἀν
2264 4679 2610 4752 διεταράχθη,
2627 4679 2726 4732 οὐκ
2747 4678 2812 4732 ἂν
2834 4677 3000 4730 ἔπαθέ
3028 4693 3080 4729 τι
3101 4676 3363 4738 τοιοῦτον,
3385 4669 3497 4728 οἷον

1932 4757 2026 4831 καὶ
2057 4777 2289 4844 γυναῖκα
2317 4771 2410 4825 καὶ
2439 4769 2649 4839 μητέρα
2677 4765 2868 4818 παθεῖν
2894 4764 3040 4828 είκδς
3070 4757 3174 4836 ῆν;
3216 4763 3498 4833 Ἐννόησον

1934 4865 2050 4928 πῶς
2079 4859 2428 4934 θαυμάζομεν
2456 4858 2547 4911 τὸν
2593 4854 2941 4926 πατριάρχην
2981 4853 3256 4925 Ἀϐραὰμ,
3297 4853 3378 4905 ὅτι
3406 4852 3496 4904 τὸν

1933 4953 2047 5007 υἱὸν
2067 4949 2231 5004 αὑτοῦ
2256 4943 2560 5014 ἀνενεγκὼν
2584 4941 2891 4996 συνεπόδισε
2912 4942 3008 4995 καὶ
3029 4941 3124 4994 ἐπὶ
3139 4942 3198 4994 τὸ
3213 4940 3488 5008 θυσιαστη-

1936 5058 2050 5113 ριον
2073 5036 2381 5098 ἀνεϐίϐασε,
2401 5033 2494 5087 καὶ
2517 5031 2639 5084 τότε
2660 5030 2780 5099 ὕψει
2797 5029 2976 5092 καλῶς
3004 5029 3103 5099 ὃση
3124 5029 3222 5098 τῆς
3245 5025 3494 5096 γυναικὸς

1934 5132 1968 5200 ἡ
1998 5126 2234 5197 ἀνδρεία.
2269 5123 2335 5174 Ὢ
2364 5119 2697 5191 πικροτάτης
2725 5117 2850 5180 θέας
2877 5116 2972 5170 καὶ
2999 5116 3219 5185 ἡδίστης
3258 5113 3494 5200 ἐκείνης.

1934 5199 2268 5285 πικροτάτης
2297 5210 2392 5279 μὲν
2407 5207 2494 5260 διὰ
2513 5207 2610 5277 τὴν
2637 5204 2797 5274 φύσιν
2814 5204 2920 5257 τῶν
2940 5202 3261 5272 γινομένων,
3275 5199 3495 5269 ἡδίστης

1932 5302 1990 5355 δὲ
2029 5298 2118 5352 διά
2165 5297 2265 5366 τὴν
2293 5293 2530 5348 διάθεσιν
2575 5292 2678 5362 τῆς
2724 5292 2956 5363 ὁρώσης.
2993 5289 3068 5343 Οὐ
3111 5290 3230 5357 γὰρ·
3263 5286 3410 5357 ἐώρα
3437 5286 3496 5338 τδ

1935 5387 2239 5460 καταρρέον
2279 5379 2417 5454 αἷμα
2438 5421 2452 5447 ,
2491 5381 2606 5435 ἀλλ’
2639 5379 2786 5450 ἐώρα
2813 5380 2937 5442 τοὺς
2977 5377 3272 5446 στεφάνους
3295 5376 3391 5446 τῆς
3420 5374 3486 5428 δι-

1937 5475 2227 5546 καιοσύνης
2259 5471 2652 5541 πλεκομένους·
2701 5467 2802 5519 οὐκ
2844 5465 3037 5518 έϐλεπε
3079 5463 3492 5532 διορυττομένας

1943 5562 2174 5634 πλευρὰς
2193 5600 2209 5626 ,
2247 5559 2358 5614 ἀλλ’
2390 5557 2614 5611 ἔϐλεπεν
2650 5551 3101 5625 οἰκοδομουμένας
3133 5550 3335 5621 σκηνὰς
3365 5552 3492 5603 αἰωο

2007 5781 2034 5821 δ
2056 5780 2190 5831 Idem
2215 5779 2344 5854 Reg.‘
2362 5781 2444 5833 τῆς
2465 5775 2686 5830 διανοίας.
