3860 6286
419 270 516 326 621

409 391 590 451 νίους·
653 385 751 458 οὐχ
796 386 941 457 ἐώρα
993 388 1359 463 περιεστῶτας
1396 389 1648 461 δημίους⁶,
1681 391 1795 444 ἀλλ’
1827 391 1974 463 ἐώρα

409 463 743 528 κυκλοῦντας
772 464 1054 532 ἀγγέλους·
1081 462 1371 518 ἐπελάθετο
1416 465 1524 519 τῶν
1582 467 1810 533 ὠδίνων,
1845 462 1978 523 κατι

410 544 679 614 εφρόνησε
706 541 804 609 τῆς
836 539 1047 609 φύσεως
1074 549 1121 604 ι,
1160 541 1405 611 ὑπερεῖδε
1436 542 1536 613 τῆς
1572 544 1804 614 ἡλικίας·
1849 562 1979 600 κατ.

410 623 676 695 εφρὸνησε
705 619 936 689 φύσεως,
956 618 1277 690 πράγματος
1308 621 1650 692 τυραννικοῦ,
1678 622 1908 692 φύσεως,
1940 624 1976 695 ﬁ

412 706 512 758 καὶ
531 701 639 753 τῶν
664 698 865 769 θηρίων
895 699 1117 765 κρατεῖν
1140 697 1320 753 εῖωθε.
1343 699 1522 754 Πολλὰ
1540 701 1673 769 γοῦν
1707 702 1816 756 τῶν
1859 702 1978 755 δυσ-

411 778 633 833 αλὼτων
674 774 875 846 θηρίων
897 773 1070 837 οὕτως
1116 776 1427 843 ἁλίσκεται,
1465 778 1555 831 διὰ
1601 779 1700 850 τὴν
1750 779 1884 851 πρὸς
1909 779 1981 833 τά

412 857 598 910 παιδία
638 853 977 924 συμπάθειαν
1004 853 1102 924 τῆς
1123 853 1330 917 οἰκείας
1350 854 1649 923 ἀλογοῦντα
1683 857 1976 927 σωτηρίας,

410 934 509 986 καὶ
538 931 862 1001 ἀφυλάκτως
907 931 988 994 εἰς
1033 930 1135 995 τὰς
1177 929 1289 985 τῶν
1338 930 1589 1006 θηρατῶν
1638 933 1979 1005 ἐμπίπτοντα

411 1014 620 1081 χεῖρας·
651 1009 747 1063 καὶ
795 1007 950 1061 ούδέν
988 1006 1104 1062 ἐστι
1138 1008 1277 1073 ζῶον
1327 1008 1497 1074 οὕτως
1543 1011 1797 1078 ἀσθενὲς,
1844 1012 1874 1065 δ
1904 1011 1980 1085 μὴ

411 1086 774 1158 ὕπερασπίζοι
803 1085 911 1137 τῶν
932 1086 1191 1153 ἐγγόνων·
1218 1086 1370 1141 οὐδὲν
1398 1087 1571 1152 οὕτως
1600 1089 1707 1159 ήμε
1718 1106 1828 1159 ρον,
1848 1089 1877 1142 ὃ
1905 1091 1978 1161 μὴ

410 1166 520 1218 τῶν
558 1163 785 1218 παιδίων
810 1162 1231 1233 ἀφαιρουμένων
1261 1164 1649 1235 παροξύνηται.
1683 1167 1821 1219 Ἀλλ’
1840 1166 1976 1238 αῦτη

411 1244 507 1297 καὶ
528 1244 626 1314 τὴν
650 1242 740 1296 διά
764 1242 870 1296 τῶν
897 1242 1132 1309 λογικῶν
1162 1239 1311 1312 [626]
1332 1241 1632 1311 ἀνθρώπων
1652 1245 1747 1297 καὶ
1772 1246 1873 1316 τὴν
1893 1245 1981 1299 διά

402 1322 523 1375 -τῶν
544 1322 756 1389 ἀλόγων
786 1320 939 1385 ζώων
975 1320 1284 1391 τεταμένην
1316 1322 1414 1392 τῆς
1448 1322 1663 1390 φύσεως
1691 1324 1981 1394 τυραννίδα

413 1399 704 1453 κατέλυσε⁸
733 1400 826 1452 καὶ
876 1399 935 1451 ού
974 1398 1131 1467 μόνον
1165 1399 1266 1451 οὐκ
1315 1399 1621 1470 ἐπεπήδησε
1664 1403 1729 1471 τῇ
1768 1403 2009 1474 κεφαλῇ-

412 1477 508 1530 τοῦ
546 1476 847 1545 τυράννου,
890 1475 1013 1528 οὐδὲ
1053 1474 1415 1545 διεσπάραξεν
1465 1477 1629 1530 αὐτοῦ
1682 1480 1781 1550 τὴν
1823 1480 1980 1550 ὄψιν,

414 1555 598 1624 ὁρῶσα
613 1555 738 1617 τοὺς
756 1552 1025 1623 σκύμνους
1043 1553 1315 1625 διασπαρα
1323 1571 1416 1608 σσο
1423 1555 1634 1624 μένους,
1654 1556 1788 1609 ἀλλά
1802 1559 1986 1613 τοσαύο

415 1649 517 1701 την
537 1631 851 1697 ἐπεδείξατο
868 1630 1185 1699 φιλοσοφίας
1208 1632 1530 1704 ὑπερϐολὴν,
1559 1634 1635 1697 ὡς
1661 1637 1755 1688 καὶ
1777 1653 1986 1708 προπα-

420 1708 783 1780 ρασκευάζειν
811 1709 961 1779 αὐτῷ
1003 1710 1101 1780 τὴν
1133 1710 1498 1782 ἀπάνθρωπον
1527 1711 1728 1781 θοίνην,
1758 1716 1851 1768 καί
1876 1717 1983 1769 τῶν

419 1794 700 1867 προτέρων
717 1788 795 1842 ἔτι
814 1789 1206 1867 κολαζομένων,
1225 1791 1351 1867 τοὺς
1370 1790 1826 1863 ὑπολειπομένους
1849 1795 1984 1867 πρὸς

418 1869 517 1939 τὴν
546 1866 653 1920 τῶν
681 1866 860 1921 αὐτῶν
899 1870 1093 1937 πεῖραν
1121 1866 1359 1936 ἀλείφειν
1390 1868 1598 1924 δεινῶν.

486 1958 556 2018 γ’.
575 1951 944 2004 Ἀκουέτωσαν
962 1950 1195 2021 μητέρες
1210 1950 1380 2005 ταῦτα
1392 1993 1403 2014 ,
1419 1950 1760 2023 ζηλούτωσαν
1778 1954 1875 2025 τὴν
1890 1957 1985 2009 ἀν-

417 2029 601 2100 δρείαν
624 2028 725 2098 τῆς
760 2028 1046 2096 γυναικὸς,
1078 2027 1176 2099 τὴν
1210 2028 1337 2101 περί
1366 2028 1436 2082 τά
1470 2029 1669 2099 ἔγγονα
1700 2032 1985 2102 φιλοστορ-

417 2109 543 2177 γίαν
561 2124 575 2138 ·
607 2107 747 2162 οὓτω
770 2107 1121 2178 τρεφέτωσαν
1150 2108 1219 2161 τά
1241 2108 1427 2162 παιδία
1448 2126 1462 2140 ·
1489 2111 1551 2163 οὐ
1582 2110 1689 2182 7&9
1717 2112 1779 2164 τὸ
1804 2114 1985 2166 τεκεῖν

421 2187 646 2258 μητρὸς,
686 2186 842 2239 τοῦτο
865 2186 972 2256 7&9
998 2187 1097 2257 τῆς
1123 2185 1358 2255 φύσεως,
1390 2187 1525 2242 ἀλλά
1548 2187 1610 2241 τὸ
1643 2189 1838 2260 θρέψαι
1882 2207 1988 2261 μη-

417 2264 577 2333 τρὸς,
604 2262 760 2315 τοῦτο
799 2263 907 2334 7&9
936 2262 1036 2332 τῆς
1068 2263 1465 2334 προαιρέσεως.
1499 2266 1609 2319 Καὶ
1647 2267 1734 2320 ἵνα
1771 2267 1947 2339 μάθῃς
1967 2306 1983 2332 ,

418 2341 500 2393 ὅτι
523 2341 584 2392 οὐ
609 2340 669 2393 τὸ
687 2343 866 2393 τεκεῖν
888 2342 1033 2393 ποιεῖ
1060 2338 1290 2410 μητέρα,
1312 2340 1447 2394 ἀλλά
1475 2342 1536 2395 τὸ
1557 2342 1755 2414 θρέψαι
1785 2345 1983 2411 καλῶς,

418 2419 650 2472 ἀκουσον
680 2417 773 2471 τοῦ
804 2417 1017 2470 Παύλου
1052 2418 1441 2486 στεφανοῦντος
1472 2420 1571 2490 τὴν
1604 2422 1778 2491 χήραν
1809 2423 1869 2475 ού
1900 2424 1988 2477 διά

418 2495 511 2549 τὸν
538 2496 715 2562 τόκον,
745 2494 882 2550 ἀλλὰ
907 2494 995 2547 διὰ
1029 2493 1126 2565 τὴν
1158 2496 1363 2566 τροφὴν
1387 2497 1495 2550 τῶν
1527 2498 1775 2552 παιδίων.
1806 2502 1987 2554 Εἰπὼν

419 2572 558 2646 γὰρ,
596 2573 761 2642 Χήρα
801 2572 1216 2642 καταλεγέσθω
1246 2573 1333 2643 μὴ
1371 2574 1625 2629 ἔλαττον
1662 2576 1815 2631 ἐτῶν
1851 2578 1989 2648 ἐξή-

420 2669 606 2708 κοντα
633 2650 929 2721 γεγυνυῖα,
957 2650 1027 2703 ἐν
1055 2650 1249 2720 ἔργοις
1278 2652 1486 2718 καλοῖς
1511 2655 1987 2726 μαρτυρουμένη,

418 2730 483 2783 τὸ
516 2731 809 2800 κεφάλαιον
845 2729 953 2783 τῶν
996 2728 1217 2797 ἀγαθῶν
1255 2728 1432 2801 ἔργων
1473 2732 1776 2802 ἐπήγαγεν.
1821 2734 1887 2787 Τί
1931 2735 1989 2788 δὲ

421 2808 578 2863 τοῦτό
608 2810 791 2873 ἐστιν;
829 2810 899 2861 El
933 2806 1425 2875 ἐτεκνοτρόφησε,
1462 2810 1660 2879 φησίν·
1686 2813 1787 2865 οὐκ
1812 2809 1985 2878 εἰπεν,

421 2889 470 2939 εἰ
496 2886 931 2957 ἐτεκνοποίησεν,
961 2883 1097 2950 ἀλλ’,
1121 2885 1189 2937 Εἰ
1216 2885 1750 2957 ἐτεκνοτρόφησεν.
1768 2890 1989 2962 Ἐννοή-

422 2982 609 3035 σωμεν
641 2965 821 3019 τοίνυν
853 2964 905 3017 τί
939 2962 1168 3032 πάσχειν
1214 2963 1361 3026 εἰκὸς
1389 2963 1487 3035 τὴν
1535 2970 1789 3035 γυναῖκα,
1830 2970 1885 3022 εί
1924 2986 1989 3037 γε

421 3047 657 3111 γυναῖκα
684 3043 766 3097 δεῖ
800 3041 969 3114 αὐτὴν
1008 3040 1225 3108 καλεῖν,
1259 3040 1472 3113 ὁρῶσαν
1500 3042 1797 3111 δακτύλους
1829 3048 1991 3102 σπαί-

423 3138 618 3192 ροντας
669 3123 761 3175 ἐπὶ
801 3120 911 3174 τῶν
951 3118 1258 3190 ἀνθράκων,
1320 3120 1560 3193 κεφαλὴν
1604 3122 1988 3196 ἐξαλλομένην,

425 3201 649 3274 σιδηρᾶν
675 3203 835 3272 χεῖρα
850 3197 1281 3269 ἐπιϐαλλομένην
1304 3198 1493 3270 ἐτέρου
1518 3202 1732 3256 παιδίου
1754 3205 1989 3275 κεφαλῇ,

422 3283 520 3334 καὶ
542 3281 640 3353 τὴν
665 3279 827 3351 δορὰν
852 3275 1252 3348 ἀποσύρουσαν,
1276 3276 1370 3331 καὶ
1396 3278 1489 3331 τὸν
1514 3280 1687 3336 ταῦτα
1714 3282 1992 3354 πάσχοντα

426 3360 635 3413 ἑστῶτα
657 3360 738 3412 ἔτι
760 3359 853 3412 καὶ
877 3355 1275 3426 διαλεγόμενον.
1302 3355 1425 3418 Πῶς
1452 3356 1607 3430 διῆρε
1636 3360 1843 3430 στόμα;
1875 3362 1995 3426 πῶς

425 3437 645 3507 ἐκίνησε
677 3434 960 3511 γλῶτταν;
986 3432 1128 3511 πῶς
1170 3433 1270 3511 οὐκ
1314 3432 1533 3511 ἀπέπτη
1575 3435 1675 3506 τῆς
1714 3439 1919 3510 σαρκὸς
1958 3442 1992 3511 ὴ

424 3517 606 3586 ψυχή;
641 3513 797 3578 Πῶς,
833 3508 947 3579 ἐγὼ
986 3509 1149 3577 λέγω.
1190 3510 1302 3579 Ούχ
1349 3509 1496 3581 ἐώρα
1542 3511 1677 3582 πρὸς
1719 3508 1818 3587 τὴν
1865 3508 1991 3588 γῆν,

428 3596 565 3649 ἀλλά
605 3593 742 3664 πρὸς
784 3590 853 3644 τά
893 3588 1156 3660 μέλλοντα
1196 3588 1640 3659 παρεσκευάζετο
1686 3593 1901 3648 πάντα·
1936 3595 1996 3649 ἐν

427 3673 684 3729 ἐδεδοίκει
718 3670 911 3742 μόνον,
952 3667 1026 3738 μὴ
1058 3666 1311 3745 φείσηται
1346 3668 1440 3721 καὶ
1470 3670 1856 3745 προκαταλύσῃ
1904 3675 1996 3730 τὸν

426 3753 615 3822 ἀγῶνα
640 3752 670 3804 ό
694 3750 984 3821 τύραννος,
1028 3745 1104 3817 μὴ
1128 3744 1381 3819 διασχίσῃ
1414 3746 1504 3800 τὸν
1536 3748 1695 3819 χορὸν
1722 3751 1830 3805 τῶν
1868 3770 1996 3807 παι-

426 3834 578 3894 δίων,
612 3830 687 3903 μὴ
732 3825 957 3900 μείνωσί
986 3840 1129 3887 τινες
1154 3824 1546 3893 ἀστεφάνωτοι.
1590 3827 1700 3880 Καὶ
1728 3828 1810 3882 ὅτι
1838 3830 1996 3884 τοῦτο

427 3909 703 3977 ἐδεδοίκει,
731 3909 823 3963 τὸν
852 3907 1079 3976 ἔσχατον
1102 3907 1382 3975 μονονουχὶ
1405 3908 1525 3969 ταῖς
1553 3909 1709 3979 χερσὶ
1732 3908 1991 3977 λαϐοῦσα,

428 3990 598 4053 οὕτως
630 3992 710 4053 εἰς
754 3987 843 4041 τὸν
881 3984 1084 4055 λέϐητα
1127 3982 1350 4053 ἐνῆκεν,
1386 3983 1506 4038 ἀντί¹
1551 3985 1749 4056 χειρῶν
1778 3991 1842 4059 τῇ
1888 3989 1997 4046 τῶν

428 4069 603 4137 λόγων
637 4066 773 4138 πρὸς
804 4064 966 4119 αὑτὸν
1002 4063 1323 4134 χρησαμένη
1354 4063 1695 4135 παρακλήσει
1729 4066 1824 4120 καὶ
1857 4084 1997 4139 συμ-

431 4148 617 4219 ϐουλῇ.
657 4146 847 4216 Ἡμεῖς
879 4143 980 4196 οὐκ
1005 4140 1276 4211 ἀκούομεν
1302 4143 1470 4215 χωρὶς
1495 4142 1787 4213 ἀλγηδόνος
1806 4147 1874 4201 τὰ
1900 4147 1998 4200 ἀλ..

427 4227 618 4298 λότρια
646 4224 794 4278 κακά
816 4265 831 4290 ,
876 4221 1101 4291 κάκείνη
1153 4220 1345 4298 ἐϐλεπε
1370 4222 1563 4298 ,χωρὶς
1608 4223 1899 4294 ἀλγηδόνος
1928 4227 1997 4281 τά

427 4296 622 4358 οἰκεῖα.
669 4301 853 4355 Ταῦτα
900 4298 974 4369 μὴ
1019 4297 1207 4359 ἁπλῶς
1248 4296 1553 4368 ἀκούωμεν,
1606 4300 1721 4355 ἀλλ’
1768 4303 1999 4370 ἕκαστος

427 4381 535 4436 τῶν
573 4380 858 4454 ἀκροατῶν
899 4378 993 4454 ἐπὶ
1017 4375 1125 4427 τῶν
1152 4376 1374 4454 οἰκείων
1399 4377 1829 4447 ἀναλαμϐανέτω
1868 4400 1997 4439 παι-

425 4462 554 4515 δίων
600 4453 819 4514 ἃπασαν
866 4453 1069 4523 ταύτην
1109 4453 1209 4523 τὴν
1256 4453 1563 4523 τραγῳδίαν
1592 4472 1607 4485 ·
1642 4458 1999 4517 ύποτυπούτω

427 4540 527 4612 τὴν
551 4539 673 4608 ὄψιν
699 4539 797 4608 τὴν
819 4535 986 4612 magn
994 4532 1180 4612 μένην,
1199 4530 1293 4583 καὶ
1322 4532 1388 4583 τὰ
1402 4532 1639 4612 φίλτατα
1663 4536 1998 4609 ὑπογράφων

430 4617 610 4687 ἐαυτῷ
632 4658 647 4681 ,
695 4618 780 4669 ἐπ’
810 4611 990 4668 αὐτῶν
1026 4611 1489 4692 ἀναζωγραφείτω
1527 4614 1700 4668 ταῦτα
1732 4617 1799 4669 τὰ
1826 4619 1993 4692 πάθη,

429 4697 526 4750 καί
562 4697 681 4748 τότε
706 4695 912 4747 εἴσεται
944 4688 1125 4751 καλῶς
1150 4688 1259 4740 τῶν
1290 4687 1596 4767 λεγομένων
1618 4693 1717 4763 τὴν
1747 4687 1992 4766 δύναμιν·

432 4774 632 4847 μᾶλλον
658 4771 713 4826 δέ
748 4772 868 4824 ούδέ
894 4769 1097 4832 οὓτως·
1127 4768 1195 4821 τά
1234 4767 1342 4839 7&9
1371 4769 1467 4838 τῆς
1494 4768 1705 4838 φύσεως
1740 4774 1884 4846 πάθη
1912 4776 1999 4831 λό-

428 4846 525 4923 γος
553 4853 650 4923 μὲν
689 4849 863 4911 οὐδεὶς
912 4847 1255 4918 παραστῆσαι
1287 4846 1595 4918 δυνήσεται,
1630 4854 1794 4921 πεῖρα
1834 4853 1890 4906 δὲ
1921 4857 1999 4909 δι-

426 4933 616 4987 δάσκει
665 4928 823 4999 μόνη.
854 4926 1123 5006 Εὔκαιρον
1154 4926 1289 5006 πρὸς
1326 4926 1541 4999 ἐκείνην
1569 4931 1742 4985 εἰπεῖν
1778 4932 1840 4985 τὸ
1866 4951 1999 5006 προ-

428 5008 658 5081 φητικὸν
692 5009 868 5059 ἐκεῖνο
893 5004 1030 5074 μετὰ
1054 5004 1143 5057 τὸν
1180 5004 1441 5072 στέφανον
1470 5006 1576 5060 τῶν
1607 5009 1746 5063 ἐπτά
1771 5004 1996 5068 παίδων·

427 5089 513 5143 Σὺ
550 5087 619 5140 δὲ
662 5086 804 5140 ὡσεὶ
838 5085 1014 5138 ἐλαία
1049 5083 1431 5152 κατάκαρπος
1475 5088 1546 5141 ἐν
1590 5087 1670 5154 τῷ
1714 5092 1856 5159 οἴκῳ
1892 5096 1999 5150 τοῦ

430 5167 598 5222 Θεοῦ.
637 5167 760 5245 Ἐπὶ
792 5165 893 5236 μὲν
932 5161 1027 5245 οὖν
1058 5164 1175 5245 τῶν
1222 5164 1607 5236 Ὀλυμπιακῶν
1633 5169 1877 5239 ἀγώνων,
1913 5193 1999 5245 χι-

427 5246 558 5299 λίων
592 5244 855 5308 πολλάκις
899 5242 1249 5324 εἰσελθόντων
1283 5245 1553 5315 ἀθλητῶν,
1594 5252 1674 5312 εἰς
1716 5250 1811 5305 ἕνα
1852 5242 2001 5324 περιο

429 5324 639 5379 ίσταται
696 5324 858 5394 μόνον
905 5326 933 5377 ὁ
988 5322 1279 5391 στέφανος·
1332 5324 1567 5379 ἐνταῦθα
1608 5328 1666 5381 δέ
1707 5330 1817 5383 ἀπὸ
1859 5322 2000 5386 ἑπτὰ

426 5403 675 5474 ἀθλητῶν
710 5402 850 5457 έπτά
882 5405 1197 5481 στεφανίται
1233 5404 1508 5472 γεγόνασι.
1544 5405 1709 5460 Ποίαν
1734 5407 1876 5478 ἔχεις
1909 5428 1999 5481 μοι

425 5481 596 5547 δείξαι
627 5483 810 5554 χώραν
836 5480 1009 5545 οὔτως
1047 5480 1306 5553 εῦφορον;
1338 5485 1495 5537 ποίαν
1522 5485 1685 5555 νηδὺν
1712 5487 1883 5553 οὓτως
1909 5480 2000 5543 εῦ-

390 5595 396 5601 -
426 5578 623 5626 τοκον;
656 5563 818 5625 ποίας
856 5560 1112 5623 τοιαύτας
1154 5561 1382 5630 ὼδῖνας;
1427 5564 1491 5616 Ἦ
1522 5566 1704 5636 μήτηρ
1728 5566 1837 5619 τῶν
1870 5568 2001 5623 υἱῶν

430 5636 717 5713 Ζεϐεδαίου
758 5638 1071 5692 ἀποστόλων
1109 5639 1325 5703 ἐγένετο
1361 5641 1569 5713 μήτηρ,
1603 5643 1738 5697 ἀλλά
1764 5643 1858 5698 δύο
1905 5642 2003 5711 μό-

493 5723 515 5744 ·
538 5710 677 5761 Idem
702 5716 825 5782 Reg.
846 5724 930 5777 τῆς
950 5724 1183 5781 κυήσεως.

1101 271 1158 329 S.
1201 273 1485 333 JOANNIS
1519 266 1998 333 CHRYSOSTOMI
2036 275 2354 333 ARCHIEP.
2394 268 2940 335 CONSTANTINOP:

3559 278 3681 336 62‘!

2080 409 2189 450 νων
2209 413 2222 427 ο
2253 393 2395 450 ἐπτά
2430 393 2489 449 δὲ
2518 395 2805 466 μάρτυρας
2833 393 2934 447 οὒκ
2957 387 3075 448 οἰδα
3105 393 3235 465 μίαν
3261 392 3684 463 ἐξενεγκοῦσαν

2078 477 2344 550 γαστέρα,
2379 477 2471 534 καὶ
2497 478 2668 549 αὐτὴν
2700 476 2862 532 πάλιν
2894 477 3286 548 προστεθεῖσαν
3314 479 3528 543 αὐτοῖς,
3564 479 3679 531 οὑκ

2076 561 2136 615 ἐν
2183 561 2472 634 προσθήκῃ
2519 563 2649 633 μιᾶς
2684 560 2960 631 μάρτυρος
3002 560 3185 631 μόνον,
3216 561 3331 615 ἀλλ’
3372 563 3435 615 ἐν
3473 559 3681 630 πολλῷ

2081 646 2363 701 πλειόνων.
2404 647 2469 702 Of.
2518 646 2620 715 μὲν
2658 644 2810 718 [6‘27]
2839 646 2949 717 7&9
2981 645 3171 709 παῖδες
3199 646 3342 700 ἐπτά
3376 646 3680 718 μάρτυρες

2076 724 2219 801 ἦσαν
2255 729 2445 799 μόνον·
2478 728 2539 781 τὸ
2570 728 2628 782 δέ
2655 728 2815 800 σῶμα
2844 730 2945 799 τῆς
2976 727 3181 800 μητρὸς
3221 728 3404 782 αὐτῶν
3429 745 3681 799 προστε-

2081 811 2174 864 θὲν
2216 811 2374 882 σῶμα
2405 811 2504 882 μὲν
2531 806 2598 881 ἦν
2641 810 2722 876 ἓν,
2776 811 3069 882 μαρτύρων
3108 811 3167 864 δέ
3194 810 3276 876 δὶς
3302 810 3444 865 ἐπτά
3469 810 3679 883 χώραν

2081 895 2343 966 ἐπλήρου,
2367 896 2450 947 ὅτι
2472 910 2532 948 τε
2561 893 2684 948 καθ’
2709 894 2939 948 ἐκαστον
2961 892 3140 947 αὐτῶν
3168 892 3553 965 ἐμαρτύρησε,
3575 894 3681 947 καὶ

2079 978 2164 1032 ὅτι
2195 978 2482 1042 κάκείνους
2507 977 2783 1042 τοιούτους
2815 978 3142 1048 εἰργάσατο,
3181 977 3515 1049 Ἐκκλησίαν
3545 976 3679 1030 616-

2082 1060 2283 1133 κληρον
2317 1061 2613 1133 μαρτύρων
2658 1063 2792 1132 ἡμῖν
2833 1062 3217 1132 ἀποκυήσασα.
3254 1060 3426 1113 Ἐπτά
3461 1058 3679 1124 παῖδας

2078 1145 2260 1208 ὥδινε,
2291 1145 2387 1198 καὶ
2414 1144 2605 1199 οὐδένα
2627 1143 2783 1198 ῶδινε
2814 1146 2881 1215 τῇ
2913 1146 3007 1216 γῇ,
3043 1143 3179 1198 ἀλλά
3213 1144 3422 1207 πάντας
3453 1142 3541 1215 τῷ
3583 1143 3682 1196 οὐ*

2086 1226 2232 1297 ρανῷ
2252 1266 2268 1291 ,
2307 1226 2507 1296 μᾶλλον
2531 1226 2590 1280 δὲ
2628 1226 2707 1297 τῷ
2744 1227 2954 1291 βασιλεῖ
2983 1225 3091 1280 τῶν
3129 1226 3395 1296 οὐρανῶν,
3438 1227 3531 1288 εἰς
3572 1225 3680 1295 τὴν

2086 1307 2387 1378 μέλλουσαν
2431 1309 2629 1374 αὐτοὺς
2674 1307 2921 1372 ἅπαντας
2961 1307 3321 1379 ἀποκυήσασα
3367 1306 3548 1378 ζωήν.
3620 1305 3680 1360 Ὀ

2086 1390 2183 1460 μὲν
2212 1386 2306 1444 οὖν
2328 1390 2573 1454 διάϐολος
2596 1392 2830 1461 ἐσχάτην
2862 1391 3033 1463 αὐτὴν
3061 1386 3164 1462 ἦγε
3194 1390 3329 1463 πρὸς
3362 1391 3433 1444 τά
3465 1388 3682 1443 παλαί-

2086 1489 2268 1543 σματα
2293 1473 2381 1527 διὰ
2414 1474 2512 1544 τὴν
2548 1473 2749 1537 αἰτίαν,
2789 1474 2856 1543 ἢν
2886 1473 3054 1544 ἔφθην
3092 1472 3284 1538 εἰπὼν,
3320 1473 3407 1526 ἵνα
3439 1472 3551 1544 τῆς
3584 1471 3681 1524 δυ-

2083 1557 2304 1627 νάμεως
2330 1558 2466 1628 αὐτῇ
2497 1557 2975 1628 προαναλωθείσης
3008 1559 3066 1611 ἐν
3094 1560 3162 1628 τῇ
3196 1557 3399 1629 θεωρία
3430 1557 3551 1610 τῶν
3587 1555 3681 1626 βαι

2086 1640 2285 1704 σάνων,
2316 1641 2640 1712 εὐχείρωτος
2668 1640 2892 1713 γένηται
2926 1641 3131 1712 ἐσχάτη
3156 1640 3419 1711 δεχομένη
3447 1640 3548 1693 τὸν
3578 1640 3679 1692 ἀνο

2082 1724 2327 1779 τίπαλον.
2361 1725 2425 1778 Εἰ
2462 1725 2571 1796 7&9
2613 1719 2753 1795 αἷμα
2793 1724 3052 1788 πολλάκις
3091 1724 3326 1796 ὁρῶντες
3354 1722 3678 1794 καταρρέον

2083 1804 2361 1877 ἄνθρωποι
2403 1807 2704 1861 κατέπεσον
2755 1806 3269 1878 ὀλιγοψυχήσαντες,
3319 1806 3415 1860 καὶ
3463 1803 3681 1875 πολλῆς

2084 1889 2382 1961 ἐδεήθησαν
2412 1889 2817 1960 πραγματείας,
2841 1890 2981 1944 ὥστε
3006 1892 3108 1964 τὴν
3131 1889 3277 1961 ζωὴν
3299 1888 3678 1943 ἐκλείπουσαν

2084 1972 2267 2036 αὐτοῖς
2317 1972 2411 2026 καὶ
2453 1972 2547 2026 τοῦ
2598 1972 2851 2044 σώματος
2901 1974 3287 2045 ἀφιπταμένην
3332 1974 3432 2043 τὴν
3485 1972 3678 2042 ψυχὴν

2085 2058 2481 2127 ἐπαναγαγεῖν·
2540 2055 2823 2120 τοσούτους
2870 2057 3054 2128 ἐκείνη
3102 2057 3334 2127 αἵματος
3387 2055 3678 2125 βλέπουσα

2088 2140 2299 2211 ῥύακας
2335 2141 2435 2195 οὐκ
2463 2140 2523 2206 ἐξ
2562 2140 2847 2212 ἀλλοτρίας
2868 2179 2883 2204 ,
2914 2140 3029 2193 ἀλλ’
3060 2143 3125 2194 ἐκ
3152 2141 3252 2210 τῆς
3288 2139 3399 2192 τῶν
3429 2138 3676 2192 παιδίων

2088 2222 2288 2294 σαρκὸς
2332 2223 2756 2295 καταρῤέοντας,
2784 2222 2837 2276 τί
2881 2220 2982 2276 οὐκ
3027 2222 3094 2277 ἀν
3128 2222 3458 2292 ὑπέμεινεν;
3498 2220 3676 2274 πόσον

2086 2306 2187 2360 οὐκ
2213 2304 2279 2359 ἂν
2302 2305 2523 2371 ἐδέξατο
2551 2306 2779 2377 θόρυϐον
2810 2310 2876 2378 τῇ
2910 2305 3090 2378 ψυχῇ;
3130 2306 3188 2360 '0
3225 2306 3324 2377 μὲν
3356 2300 3450 2358 οῦν
3483 2302 3678 2357 διάϐο-

2087 2386 2196 2452 λος,
2225 2389 2362 2461 ὅπερ
2395 2388 2566 2460 ἔφθην
2602 2388 2793 2452 εἰπὼν,
2824 2388 2913 2442 διὰ
2940 2388 3100 2441 τοῦτο
3133 2387 3270 2459 μετά
3310 2388 3439 2451 τοὺς
3466 2385 3679 2448 παῖδας

2088 2470 2258 2540 αὐτὴν
2288 2471 2381 2524 ἐπὶ
2407 2473 2534 2534 τοὺς
2552 2470 2770 2540 ἀγῶνας
2795 2471 3068 2538 εἵλκυσεν,
3099 2469 3238 2524 ὥστε
3263 2466 3675 2539 ἀσθενεστέραν

2087 2552 2423 2624 ἐργάσασθαι
2442 2570 2457 2585 ·
2487 2554 2703 2621 ἐγένετο
2723 2554 2780 2608 δὲ
2809 2554 3115 2608 τούναντίον
3135 2571 3150 2585 ·
3183 2553 3382 2624 μᾶλλον
3401 2552 3515 2624 7&9
3537 2553 3678 2621 θαρ-

2090 2637 2259 2706 ροῦσα
2289 2638 2423 2709 πρὸς
2457 2639 2584 2702 τοὺς
2615 2638 2832 2705 ἀγῶνας
2870 2639 3089 2709 ἤρχετο.
3123 2639 3279 2701 Τίνος
3320 2637 3536 2700 ἕνεκεν,
3577 2635 3676 2688 καὶ

2088 2719 2180 2773 διά
2209 2720 2294 2788 τίς
2334 2722 2457 2775 Ὅτι
2498 2723 2598 2775 ούκ
2635 2722 2893 2776 ἐδεδοίκει
2929 2722 3135 2786 λοιπὸν,
3175 2722 3297 2775 οὐδέ
3345 2719 3676 2792 ἐφρόντιζεν

2091 2803 2234 2876 ὑπέρ
2262 2821 2423 2859 τινων
2464 2804 2697 2859 ἐνταῦθα
2739 2805 3299 2877 καταλιμπανομένων
3345 2806 3483 2875 αὐτῇ
3540 2820 3673 2858 παι-

2088 2886 2215 2941 δίων
2238 2927 2253 2951 ,
2309 2890 2383 2959 μή
2431 2905 2561 2941 ποτε
2613 2888 3186 2959 καταμαλακισθέντες
3243 2886 3674 2959 ἀποστερηθῶσι

2090 2970 2197 3024 τῶν
2229 2971 2506 3039 στεφάνων
2526 2987 2541 3004 ο
2572 2971 2709 3025 ἀλλά
2739 2973 2948 3035 πάντας
2972 2972 3169 3035 αὐτοὺς
3201 2970 3389 3040 ῶσπερ
3424 2971 3508 3034 εἰς
3535 2970 3677 3024 ἀσυ-

2090 3051 2182 3107 λον
2223 3052 2532 3125 ἀποθεμένη
2563 3056 2789 3124 ταμεῖον
2815 3052 2906 3107 τὸν
2943 3054 3193 3126 οὐρανὸν,
3229 3054 3324 3109 καὶ
3363 3053 3504 3125 πρὸς
3540 3053 3674 3116 τοὺς

2091 3135 2204 3189 ἀνω
2249 3136 2513 3206 πέμψασα
2561 3136 2855 3205 στεφάνους
2903 3137 2998 3191 καὶ
3038 3136 3109 3190 τά
3164 3137 3399 3206 ἀκίνητα
3445 3135 3635 3205 ἀγαθά
3654 3175 3671 3200 ,

2095 3216 2372 3290 θαρροῦσα
2406 3218 2742 3273 ἐπαπεδύετο
2773 3217 2911 3290 μετά
2940 3218 3144 3290 πολλῆς
3169 3221 3270 3290 τῆς
3298 3219 3494 3290 ἡδονῆς
3515 3235 3531 3251 ·
3576 3220 3673 3275 καὶ

2095 3301 2346 3374 καθάπερ
2366 3303 2613 3375 στεφάνῳ
2633 3303 2741 3356 τινὶ
2763 3303 2855 3358 τὸν
2876 3302 3313 3373 τιμαλφέστατον
3335 3301 3507 3369 λίθον,
3525 3301 3671 3371 αῦτη

2094 3384 2194 3456 τὴν
2225 3384 2400 3457 σάρκα
2435 3385 2532 3455 τὴν
2564 3385 2765 3456 ἐαυτῆς
2796 3384 2875 3457 τῷ
2906 3385 3052 3457 χορῷ
3078 3384 3189 3439 τῶν
3231 3385 3460 3440 παιδίων
3506 3387 3675 3457 ἐναρ-

2099 3465 2315 3536 μόσασα
2365 3466 2501 3539 πρὸς
2552 3466 2642 3520 τὸν
2685 3466 3021 3538 ποθούμενον
3064 3468 3272 3538 Ἰησοῦν
3318 3468 3673 3540 ἀπεδήμησε,

2099 3549 2361 3621 μεγίστην
2405 3552 2539 3622 ἡμῖν
2577 3549 2952 3604 καταλιποῦσα
2995 3552 3340 3623 παράκλησιν
3381 3551 3481 3606 καὶ
3533 3568 3675 3622 συμ-

2097 3631 2316 3704 ϐουλὴν,
2345 3633 2443 3704 τὴν
2466 3633 2556 3687 διά
2586 3633 2695 3687 τῶν
2736 3632 2913 3705 ἔργων
2953 3636 3297 3707 παραίνεσιν,
3323 3635 3467 3689 ὥστε
3497 3635 3675 3706 ερρω-

2100 3714 2233 3788 μένῃ
2268 3718 2413 3787 ψυχῇ
2442 3717 2536 3771 καὶ
2566 3715 2757 3788 ὑψηλῷ
2783 3716 2860 3788 τῷ
2892 3720 3200 3790 φρονήματι
3242 3720 3461 3774 πάντων
3494 3735 3672 3773 κατα·

2095 3800 2299 3869 τολμᾷν
2328 3799 2435 3852 τῶν
2471 3799 2682 3854 δεινῶν.
2715 3800 2813 3865 Τίς
2848 3800 2959 3872 γὰρ
2994 3802 3135 3874 ἀνὴρ
3155 3844 3171 3869 ,
3204 3804 3327 3857 ποία
3375 3804 3516 3874 γυνὴ
3537 3847 3554 3869 ,
3590 3802 3673 3865 τίς

2098 3883 2409 3953 πρεσϐύτης
2428 3924 2443 3947 ,
2481 3887 2631 3948 ποῖος
2656 3884 2773 3949 νέος
2814 3886 3144 3958 συγγνώμης
3180 3889 3428 3956 τεύξεται
3459 3888 3671 3951 λοιπὸν,

2097 3961 2132 4033 ἢ
2161 3961 2454 4031 ἀπολογίαν
2484 3963 2595 4028 ἔξει
2628 3962 2879 4029 δεδοικὼς
2906 3964 2995 4018 διὰ
3025 3965 3115 4019 τὸν
3135 3968 3372 4036 Χριστὸν
3393 3967 3675 4037 ἐπαγομέ-

2097 4064 2222 4113 νους
2249 4049 2398 4119 αύτῷ
2426 4049 2703 4114 κινδύνους
2721 4091 2736 4115 ,
2780 4051 2908 4105 ὅταν
2937 4051 3073 4123 γυνὴ
3096 4093 3112 4118 ,
3160 4054 3251 4109 καὶ
3292 4055 3672 4125 γεγηρακυῐα.

2099 4131 2194 4184 καὶ
2235 4132 2504 4186 τοσούτων
2547 4133 2751 4187 παίδων
2786 4134 2988 4205 μήτηρ,
3034 4136 3127 4189 καὶ
3171 4136 3279 4206 πρὸ
3310 4136 3410 4207 τῆς
3449 4137 3675 4207 χάριτος

2098 4219 2517 4290 ἀγωνισαμένη,
2570 4219 2970 4290 κεκλεισμένων
3011 4220 3092 4275 ἔτι
3136 4223 3245 4277 τῶν
3292 4222 3388 4277 τοῦ
3438 4222 3673 4278 θανάτου

2102 4302 2307 4368 πυλῶν,
2330 4300 2491 4357 ὀὔπω
2512 4303 2610 4374 τῆς
2634 4303 2905 4374 ἁμαρτίας
2938 4304 3277 4378 σϐεσθείσης,
3297 4306 3419 4359 ούδέ
3445 4306 3544 4359 τοῦ
3577 4306 3674 4359 θα·

2100 4386 2259 4439 νάτου
2280 4386 2792 4455 καταγωνισθέντος,
2823 4388 2962 4457 μετά
2984 4389 3255 4460 τοσαύτης
3282 4389 3593 4460 προθυμίας
3615 4405 3674 4442 τε

2102 4470 2197 4522 καὶ
2237 4471 2485 4542 ἀνδρείας
2517 4469 2781 4533 τοσαύτας
2810 4472 3067 4541 φαίνηται
3100 4473 3189 4527 διά
3232 4474 3323 4527 τὸν
3360 4473 3497 4526 Θεὸν
3535 4474 3672 4527 ὑπο-

2104 4551 2341 4620 μένουσα
2378 4552 2680 4623 τιμωρίας;
2733 4551 2920 4606 Ταῦτα
2966 4554 3023 4607 δέ
3072 4554 3251 4609 πάντα
3302 4555 3670 4625 λογισάμενοι,

2103 4632 2196 4683 καὶ
2225 4635 2479 4699 γυναῖκες
2516 4632 2609 4684 καὶ
2637 4632 2849 4703 ἄνδρες,
2875 4634 2969 4686 καὶ
2997 4633 3107 4687 νέοι
3129 4635 3224 4688 καὶ
3248 4634 3528 4705 γέροντες,
3550 4636 3674 4698 τοὺς

2102 4709 2317 4777 ἀγῶνας
2346 4712 2436 4763 καὶ
2461 4709 2529 4762 τὰ
2563 4711 2914 4783 παλαίσματα
2938 4710 3127 4784 ὥσπερ
3155 4715 3248 4767 ἐπὶ
3274 4714 3500 4777 πίνακός
3532 4729 3674 4783 τινος

2100 4795 2197 4864 τῆς
2221 4794 2443 4865 καρδίας
2469 4794 2625 4865 ἡμῶν
2655 4794 3097 4868 ἀπογράψαντες,
3115 4796 3341 4867 διηνεκῆ
3364 4784 3673 4868 συμϐουλὴν

2102 4879 2236 4950 πρὸς
2267 4880 2366 4950 τήν
2404 4878 2511 4932 τῶν
2543 4878 2730 4932 δεινῶν
2769 4878 3070 4949 ὑπεροψίαν
3098 4881 3196 4950 τὴν
3230 4881 3445 4950 ἐκείνης
3477 4896 3675 4950 καρτε-

2106 4963 2226 5034 ρίαν
2258 4962 2471 5033 ἐχωμεν
2500 4964 2931 5035 ἐναποκειμένην
2959 4962 3115 5035 ήμῶν
3140 4968 3207 5036 τῇ
3242 4963 3391 5036 ψυχῇ
3412 5006 3431 5033 ,
3461 4966 3552 5018 ῖνα
3591 4966 3671 5017 ἐν·

2100 5047 2275 5102 ταῦθα
2316 5049 2685 5119 μιμησάμενοι
2714 5047 2813 5118 τὴν
2837 5049 3040 5121 ἀρετὴν
3071 5048 3180 5102 τῶν
3223 5049 3395 5117 ἀγίων
3439 5048 3668 5112 τούτων,

2100 5133 2263 5185 κάκεῖ
2290 5133 2397 5185 τῶν
2440 5131 2718 5200 στεφάνων
2748 5130 3066 5203 δυνηθῶμεν
3102 5134 3287 5196 αὐτοῖς
3322 5132 3670 5202 κοινωνῆσαι.

2099 5219 2231 5287 ὅσην
2256 5216 2314 5268 ἐν
2340 5218 2454 5278 τοῖς
2480 5213 2744 5279 κινδύνοις
2772 5215 3091 5286 φιλοσοφίαν
3129 5216 3496 5283 ἐπεδείξαντο,
3549 5231 3671 5268 τοσ-

2100 5302 2271 5372 αύτην
2299 5301 2356 5354 ἐν
2389 5302 2501 5364 τοῖς
2539 5299 2754 5368 ἀλόγοις
2780 5299 3011 5354 πάθεσιν
3039 5301 3202 5372 ⁴ἡμεῖς
3228 5299 3526 5371 καρτερίαν
3554 5301 3672 5353 ἐπι-

2099 5385 2461 5455 δεικνύμενοι,
2498 5382 2677 5453 θυμῷ,
2704 5383 2800 5437 καὶ
2828 5383 3095 5456 ἐπιθυμίᾳ
3122 5384 3445 5456 χρημάτων,
3483 5383 3670 5454 σωμά-

2099 5488 2229 5534 των,
2278 5468 2439 5539 δόξης
2484 5468 2647 5538 κενῆς
2666 5507 2682 5533 ,
2736 5468 2831 5523 καὶ
2879 5467 2988 5522 τῶν
3035 5468 3212 5522 ἄλλων
3254 5468 3365 5521 τῶν
3416 5465 3670 5521 τοιούτων

2101 5557 2376 5611 ἁπάντων.
2417 5555 2482 5610 Εἰ
2511 5553 2621 5627 γὰρ
2647 5554 2751 5625 τῆς
2785 5554 2992 5610 τούτων
3021 5554 3451 5628 περιγενοίμεθα
3477 5553 3669 5624 φλογὸς

2102 5640 2353 5712 καθάπερ
2410 5640 2608 5694 ἐκεῖνοι
2678 5638 2770 5693 τοῦ
2829 5638 3038 5711 πυρὸς,
3094 5637 3438 5712 δυνησόμεθα
3480 5637 3667 5709 στῆναι

3286 5777 3396 5785 ~..——
3415 5776 3435 5783 ο
