3860 6286
185 339 286 397 621

181 447 471 507 carniﬁces
495 491 509 519 ,
540 449 636 508 sed
660 450 1068 525 circumpositos
1088 451 1306 526 angelos
1335 471 1349 509 :
1375 453 1538 511 oblita
1563 466 1646 511 est
1673 456 1774 513 do-

183 545 331 598 lores
379 551 605 614 partus,
645 545 967 616 contempsit
1009 554 1254 600 naturam
1282 547 1323 612 ¹,
1372 547 1615 617 despexit
1650 560 1779 604 reta-

183 640 294 686 tem
325 648 340 686 :
370 632 614 703 deSpexit
640 673 656 696 ,
679 634 893 703 inquam
920 675 936 701 ,
967 642 1209 690 naturam
1233 676 1250 704 ,
1279 650 1396 692 rem
1419 639 1773 709 tyrannicam;

182 733 432 778 naturam
454 763 468 789 ,
499 739 619 794 quae
647 725 734 778 vel
769 724 908 780 feras
953 726 1097 794 ipsas
1136 726 1349 783 vincere
1394 727 1550 783 solet.
1601 729 1777 785 Multa‘:

183 828 422 883 namque
447 822 605 883 captu
631 814 960 871 difficiliores
988 815 1115 871 ferae
1147 817 1228 872 sic
1261 832 1445 874 amore
1469 827 1526 874 et
1551 821 1777 876 commi-

183 905 458 959 seratione
487 921 615 976 erga
643 907 845 977 prolem
872 909 1158 979 capiuntur
1176 951 1192 977 ,
1219 925 1368 966 suam
1398 928 1506 968 non
1529 925 1776 974 curantes

185 995 416 1050 salutem
443 1037 458 1061 ,
493 996 589 1052 sed
629 998 841 1054 incaute
877 999 930 1053 in
965 1008 1275 1056 venatorum
1312 1018 1502 1060 manus
1539 1005 1778 1062 inciden-

185 1098 270 1144 tes
303 1106 317 1142 :
350 1090 663 1160 nullumque
691 1099 773 1146 est
796 1091 993 1146 animal
1035 1093 1109 1148 ita
1146 1093 1416 1150 inﬁrmum
1441 1136 1458 1163 ,
1488 1106 1544 1152 ut
1569 1100 1775 1168 prolem

185 1195 294 1235 non
323 1180 610 1248 defendat;
661 1182 864 1237 nullum
908 1183 983 1238 ita
1028 1194 1402 1253 mansuetum,
1428 1197 1488 1242 ut
1525 1190 1632 1244 fetu
1679 1206 1776 1247 suo

185 1272 437 1327 orbatum
483 1288 589 1326 non
640 1273 894 1328 irritetur.
924 1274 1120 1330 Verum
1167 1277 1255 1331 illa
1288 1280 1620 1349 tyrannidem
1664 1290 1774 1338 tum

184 1379 285 1433 per
325 1363 672 1419 rationabiles
721 1365 964 1422 homines
988 1408 1005 1435 ,
1045 1375 1158 1422 tum
1203 1385 1299 1440 per
1336 1371 1487 1426 bruta
1526 1374 1775 1431 animalia

184 1456 453 1510 intensam
479 1455 722 1510 dissolvit
768 1473 784 1508 :
816 1473 987 1529 neque
1016 1461 1189 1516 solum
1219 1478 1325 1518 non
1356 1464 1575 1521 insilivit
1600 1467 1654 1522 in
1683 1483 1774 1522 ca-

189 1557 283 1614 put
311 1549 554 1620 tyranni,
601 1565 774 1620 neque
803 1552 962 1609 modo
988 1553 1178 1609 faciem
1207 1555 1324 1626 ejus
1352 1573 1456 1612 non
1486 1558 1734 1615 laceravit
1757 1603 1772 1627 ,

186 1640 491 1711 diseerptos
533 1642 718 1698 videns
767 1647 1007 1714 catulos,
1046 1647 1141 1702 sed
1181 1657 1378 1704 tantam
1426 1652 1775 1723 philosophiae

186 1732 604 1802 magnitudinem
635 1733 912 1798 exhibuit,
944 1744 1002 1789 ut
1032 1737 1291 1794 immanes
1319 1739 1420 1809 ipsi
1445 1741 1612 1814 dapes
1640 1759 1776 1814 pne-

189 1833 401 1892 pararet
425 1842 438 1878 :
461 1840 525 1879 ac
545 1825 668 1880 dum
689 1827 897 1896 priores
915 1827 1089 1883 adhuc
1108 1830 1476 1888 cruciarentur
1496 1875 1512 1899 ,
1543 1835 1776 1906 reliquos

187 1916 252 1968 ad
283 1916 666 1986 suppliciorum
693 1919 1118 1988 experimentum
1146 1923 1452 1993 inuugeret.

257 2007 312 2060 5.
344 2007 572 2061 Audiant
591 2016 809 2076 matres,
834 2009 1075 2065 mulieris
1096 2012 1368 2068 imitentur
1389 2015 1771 2087 fortitudinem,

187 2097 459 2168 prolisque
479 2113 716 2154 amorem
742 2117 757 2154 :
785 2101 863 2155 sic
892 2099 1032 2156 ﬁlios
1057 2104 1314 2159 nutriant.
1343 2105 1459 2161 Non
1487 2110 1626 2162 enim
1654 2127 1774 2164 mu-

188 2188 337 2244 lieris
365 2198 446 2243 est
476 2205 695 2259 parere,
727 2190 779 2244 id
823 2206 1015 2262 nempe
1041 2201 1122 2248 est
1160 2204 1392 2262 naturaa;
1423 2198 1516 2252 sed
1546 2199 1776 2256 educare

187 2282 375 2336 matris
403 2291 506 2348 est,
547 2281 600 2337 id
633 2298 860 2353 namque
889 2295 972 2339 est
1002 2285 1306 2340 voluntatis.
1338 2286 1406 2342 Ut
1434 2303 1564 2344 vero
1603 2291 1776 2346 discas

186 2389 295 2429 non
319 2390 383 2429 ex
414 2383 568 2444 partu
601 2387 822 2430 matrem
859 2377 998 2442 ﬁeri,
1041 2378 1137 2433 sed
1165 2395 1230 2433 cx
1270 2380 1586 2439 educatione
1612 2384 1771 2453 bona,

184 2467 309 2522 audi
337 2469 582 2537 Paulum,
611 2469 818 2523 viduam
865 2481 1212 2527 coronantem
1237 2515 1250 2539 ,
1285 2489 1390 2528 non
1433 2476 1502 2530 ob
1530 2488 1734 2546 partum
1757 2520 1771 2545 ,

186 2559 283 2614 sed
313 2561 383 2614 ob
429 2558 799 2615 educationem
837 2561 1126 2618 liberorum
1159 2580 1172 2614 :
1201 2579 1320 2618 eum
1348 2565 1491 2620 enim
1517 2568 1771 2635 dixisset,

195 2650 365 2703 Vidua
395 2651 612 2722 eligatur
658 2670 758 2706 non
807 2655 973 2707 minus
1014 2671 1263 2708 annorum
1302 2659 1587 2728 sexaginta,
1633 2663 1774 2715 testi-

189 2743 421 2796 monium
450 2742 635 2796 habens
664 2743 716 2796 in
755 2743 986 2812 operibus
1019 2744 1160 2798 bonis
1191 2746 1266 2817 (1.
1308 2746 1444 2800 Tim.
1472 2751 1526 2802 5.
1557 2749 1610 2804 9.
1646 2752 1736 2822 10)
1757 2794 1770 2813 .

187 2834 452 2888 bonorum
481 2833 718 2888 omnium
750 2844 906 2904 caput
933 2834 1137 2889 addidit
1168 2853 1182 2889 :
1208 2837 1473 2905 quodnam
1511 2839 1683 2895 illud?
1713 2841 1775 2897 Si

184 2923 324 2991 ﬁlios
351 2924 596 2992 educavit,
619 2923 820 2994 inquit;
850 2941 954 2978 non
983 2924 1134 2991 dixit,
1159 2924 1214 2979 Si
1236 2926 1375 2980 ﬁlios
1395 2931 1632 2998 peperit;
1655 2932 1769 2998 sed,

186 3013 249 3066 Si
276 3013 411 3082 ﬁlios
436 3015 682 3068 educavit.
714 3014 1019 3086 Cogitemus
1053 3031 1195 3085 ergo,
1227 3017 1352 3086 quid
1389 3020 1673 3076 verisimile
1699 3022 1770 3076 sit

186 3121 396 3175 passam
417 3106 578 3162 fuisse
595 3109 890 3174 mulierem,
909 3108 952 3163 si
976 3117 1150 3163 tamen
1165 3109 1440 3165 mulierem
1460 3111 1581 3167 licet
1596 3114 1773 3183 appel-

184 3199 328 3265 lare,
384 3214 504 3253 cum
549 3199 752 3254 videret
794 3199 988 3270 digitos
1047 3215 1208 3270 super
1262 3203 1443 3270 prunis
1499 3206 1765 3274 palpitan-

189 3300 293 3354 tes,
324 3301 482 3360 caput
509 3292 782 3356 exsiliens,
815 3292 1041 3347 ferream
1070 3308 1286 3348 manum
1317 3294 1584 3364 injectam,
1613 3297 1770 3366 capiti

184 3384 406 3438 alterius
433 3401 464 3439 e
506 3385 629 3440 ﬁliis
660 3385 854 3455 pellem
885 3383 1197 3451 detractam,
1235 3394 1292 3440 et
1331 3400 1450 3441 eum
1472 3428 1488 3452 ,
1519 3389 1608 3457 qui
1647 3389 1770 3444 talia

185 3489 378 3544 passus
401 3484 580 3543 esset,
607 3475 780 3532 adhuc
808 3485 1036 3532 stantem
1059 3486 1112 3532 et
1137 3477 1463 3546 loquentem.
1492 3478 1771 3546 Quomodo

185 3581 248 3622 os
270 3568 513 3637 aperuit?
541 3569 810 3639 quomodo
847 3570 1081 3639 linguam
1119 3571 1326 3625 movit?
1357 3571 1624 3641 quomodo
1661 3587 1770 3628 non

185 3658 364 3713 anima
399 3675 430 3715 e
455 3674 681 3730 corpore
709 3660 974 3716 evolavit?
1017 3659 1073 3714 ld
1118 3661 1387 3732 quomodo
1433 3661 1630 3718 factum
1676 3665 1767 3730 sit,

184 3765 288 3820 ego
314 3750 509 3806 dicam.
541 3750 656 3805 Non
682 3751 1000 3821 respiciebat
1030 3755 1082 3806 ln
1112 3763 1304 3808 terram
1326 3795 1342 3821 ,
1371 3753 1465 3810 sed
1496 3754 1564 3810 ad
1594 3754 1768 3811 futura

182 3842 362 3897 omnia
389 3843 786 3913 prmparabatur
813 3860 828 3896 :
859 3858 1023 3898 unum
1065 3844 1434 3901 tantummodo
1463 3847 1764 3914 metuebat,

183 3950 253 3990 ne
285 3945 528 4005 parceret
569 3945 625 3990 et
652 3935 798 4005 prius
844 3949 1068 4006 agonem
1109 3936 1342 3993 solveret
1380 3946 1668 4010 tyrannus,
1700 3955 1770 3996 ne

182 4025 410 4080 chorum
456 4025 684 4081 ﬁliorum
727 4026 1089 4098 disjungeret,
1135 4043 1240 4084 neu
1273 4029 1488 4099 quidam
1518 4030 1636 4087 sine
1673 4047 1770 4086 eo-

181 4118 335 4171 ronis
373 4126 672 4173 manerent.
713 4117 972 4188 Quodque
1012 4118 1142 4174 illud
1174 4120 1386 4175 timeret
1422 4119 1548 4176 hinc
1594 4122 1768 4191 palam

181 4216 289 4270 est,
322 4205 464 4275 quod
507 4216 836 4276 postremum
865 4207 1017 4278 quasi
1069 4209 1313 4264 manibus
1350 4219 1654 4281 correptum
1688 4213 1770 4267 in-

174 4297 371 4363 jecerit
413 4297 464 4350 in
499 4297 751 4363 lebetem,
793 4314 888 4367 pro
933 4298 1178 4354 manibus
1210 4299 1494 4355 verborum
1536 4317 1632 4357 usa
1669 4301 1767 4357 ad-

180 4387 490 4443 hortatione
518 4397 674 4457 atque
701 4389 945 4444 consilio.
988 4388 1098 4444 Nos
1126 4389 1300 4445 aliena
1333 4390 1473 4445 mala
1516 4405 1622 4445 non
1651 4391 1768 4448 sine

180 4482 370 4536 dolore
405 4481 691 4537 audimus:
723 4482 816 4538 illa
843 4498 970 4537 vero
1011 4483 1222 4552 prepria
1263 4483 1402 4537 mala
1431 4483 1548 4539 sine
1582 4482 1768 4538 dolore

179 4574 419 4629 videbat.
451 4574 574 4629 llaec
603 4590 672 4629 ne
699 4576 892 4629 frustra
931 4575 1240 4640 audiamus,
1271 4575 1366 4631 sed
1405 4577 1598 4646 singuli
1617 4576 1767 4631 audi-

178 4675 357 4722 torum
390 4674 552 4721 totam
582 4666 722 4722 hanc
752 4667 1062 4738 tragtcdiam
1092 4666 1160 4722 de
1185 4667 1309 4722 ﬁliis
1334 4668 1444 4722 suis
1471 4669 1764 4737 accipiant;

177 4763 468 4819 amabilem
514 4763 616 4818 sibi
661 4763 866 4817 vultum
910 4761 1196 4834 efﬁngant,
1241 4770 1296 4817 et
1337 4763 1435 4818 sibi
1476 4763 1767 4818 liberorum

177 4854 494 4909 carissimos
543 4862 1022 4923 reprtcsentanlcs,
1079 4855 1131 4908 in
1182 4853 1289 4908 illis
1350 4853 1449 4908 hos
1504 4853 1768 4908 cruciatus

179 4949 363 5002 inesse
398 4947 498 5001 sibi
533 4946 822 5018 depingant
843 4988 858 5011 ,
891 4956 946 5002 et
970 4956 1096 5001 tunc
1123 4946 1343 5018 pulchre
1369 4946 1632 5002 dictorum
1661 4948 1767 5002 vim

180 5039 468 5106 noverint;
498 5038 604 5093 imo
630 5055 758 5094 vero
788 5055 856 5094 ne
889 5039 961 5094 ita
987 5039 1200 5109 quidem
1232 5039 1496 5103 noverint,
1526 5040 1646 5108 quia
1675 5055 1770 5094 na-

181 5130 384 5185 turales
409 5145 675 5184 mrumnas
704 5130 880 5184 nullus
903 5145 1080 5185 sermo
1107 5131 1378 5185 declarare
1411 5132 1603 5200 poterit
1631 5148 1643 5184 :
1677 5147 1770 5186 ex-

179 5222 440 5292 perientia
461 5224 571 5278 sola
609 5221 784 5278 docet.
809 5223 1115 5292 Opportune
1140 5223 1213 5276 illi
1237 5222 1464 5287 dicatur,
1489 5231 1766 5292 postquam

178 5323 389 5381 septem
419 5313 534 5382 ejus
565 5313 658 5366 filii
699 5327 950 5367 coronam
994 5313 1171 5381 adepti
1209 5323 1353 5378 sunt,
1403 5313 1766 5380 propheticum

183 5403 360 5456 illud:
406 5401 485 5456 Tu
531 5413 698 5456 autem
741 5404 868 5456 sicut
907 5403 1039 5456 oliva
1082 5403 1344 5474 fructifera
1388 5403 1440 5456 in
1485 5402 1633 5455 domo
1673 5401 1769 5456 Dei

178 5495 354 5564 (Ριαι.
388 5493 478 5550 5|.
503 5495 616 5566 10).
643 5495 774 5550 Nam
808 5496 860 5550 in
887 5495 1175 5566 Olympicis
1216 5496 1428 5566 quidem
1465 5495 1770 5550 certamini-

179 5588 302 5653 bus,
337 5597 617 5659 postquam
664 5588 806 5644 mille
834 5589 1058 5658 ingressi
1105 5597 1228 5643 sunt
1271 5589 1506 5656 athleta),
1542 5589 1630 5641 nui
1657 5597 1769 5641 tan-

178 5689 294 5736 tum
323 5697 522 5736 corona
571 5682 862 5736 tribuitur:
912 5682 999 5738 hic
1043 5696 1170 5739 vero
1209 5697 1274 5737 ex
1314 5691 1516 5753 septem
1556 5681 1768 5736 athletis

245 5797 264 5828 ⁸
303 5796 435 5847 Idem
457 5803 594 5858 nem,
617 5796 1004 5861 pregnationem.

1501 343 1589 400 DE
1628 340 2056 403 MACCABAEIS.
2097 345 2136 400 Ι.

3366 346 3474 404 622

1883 467 2090 529 septem
2110 457 2352 513 coronati
2374 456 2707 529 prodierunt.
2733 457 2904 528 Quem
2930 459 3061 514 mihi
3082 473 3267 530 agrum
3287 469 3469 517 osten-
3499 474 3532 506 ν

1880 548 1978 604 das
2007 550 2080 604 ita
2119 547 2390 604 feracem?
2419 566 2577 620 quem
2617 560 2825 606 uterum
2874 551 2944 605 ita
2990 550 3307 606 fecundum?
3332 567 3464 622 quos
3498 537 3508 550 ”

1881 650 2068 712 partus
2092 641 2336 696 similes?
2361 643 2531 698 Mater
2559 643 2788 698 filiorum
2829 641 3074 698 Zebedaei
3104 642 3466 711 apostolorum

1880 730 2194 798 materfuit,
2226 731 2322 786 sed
2349 733 2573 788 duorum
2605 744 2810 788 tantum
2837 751 2851 787 :
2883 741 3087 804 septem
3116 740 3294 787 autem
3325 747 3467 788 mar-

1881 830 2028 894 tyres
2071 831 2282 880 uterum
2329 840 2492 879 unum
2541 825 2726 881 tulisse
2754 840 2859 880 non
2902 825 3058 891 novi,
3089 839 3313 895 quorum
3345 825 3460 895 ipsa

1881 924 2053 970 mater
2081 915 2149 970 iis
2175 917 2413 988 martyrii
2459 917 2604 972 socia
2632 917 2815 982 fuerit,
2861 932 3034 986 neque
3083 926 3332 988 tanquam
3360 932 3464 971 una

1880 1004 2056 1059 solum
2083 1015 2288 1077 martyr
2314 1006 2494 1062 addita
2530 1008 2704 1074 fuerit,
2739 1008 2834 1063 sed
2860 1009 2978 1063 vice
3002 1007 3312 1062 multorum.
3343 1007 3464 1062 Filii

1881 1111 2112 1166 namque
2136 1107 2344 1166 septem
2373 1105 2579 1152 tantum
2619 1109 2883 1169 martyres
2914 1107 3087 1162 erant,
3118 1112 3311 1167 corpus
3335 1111 3464 1150 νειο

1879 1187 2068 1240 matris
2092 1186 2222 1256 ipsis
2249 1186 2518 1257 adjectum
2551 1203 2713 1242 unum
2743 1197 2946 1242 tantum
2973 1202 3169 1257 corpus
3197 1192 3332 1252 erat,
3366 1185 3462 1240 scd

1879 1276 1964 1331 bis
1989 1285 2196 1347 septem
2240 1287 2536 1348 martyrum
2587 1280 2762 1334 locum
2808 1279 3083 1349 implebat,
3108 1279 3232 1349 quia
3269 1279 3321 1332 in
3349 1277 3461 1331 sin-

1879 1369 2018 1438 gulis
2044 1384 2229 1424 eorum
2257 1371 2572 1442 martyrium
2601 1371 2782 1433 subiit,
2811 1380 2864 1425 et
2884 1373 3008 1441 quia
3033 1371 3156 1425 illos
3178 1370 3310 1425 tales
3337 1369 3460 1424 red-

1879 1459 2034 1514 didit.
2066 1460 2363 1515 Ecclesiam
2411 1461 2566 1516 nobis
2600 1471 2892 1533 martyrum
2939 1462 3193 1532 integram
3229 1461 3459 1530 peperit.

1878 1551 2092 1621 Septem
2117 1555 2323 1623 peperit
2350 1554 2522 1621 ﬁlios,
2555 1555 2651 1610 sed
2683 1556 2883 1610 nullum
2911 1565 3084 1622 terrae,
3114 1555 3458 1629 omnesczelo

1880 1646 2109 1714 peperit,
2140 1647 2249 1700 imo
2274 1648 2452 1716 potius
2478 1649 2590 1717 regi
2617 1648 2871 1703 cmlorum
2890 1691 2904 1714 ,
2936 1650 3054 1703 illos
3081 1663 3271 1703 omnes
3297 1648 3347 1701 in
3373 1646 3456 1701 fu-

1881 1745 2055 1790 turam
2096 1738 2252 1792 enixa
2283 1739 2466 1793 vitam.
2503 1739 2752 1795 Diabolus
2779 1756 2906 1810 ergo
2943 1741 3089 1794 illam
3135 1749 3460 1808 postremam

1880 1827 1932 1882 in
1964 1829 2257 1883 certamina
2285 1829 2436 1884 duxit
2469 1830 2538 1884 ob
2561 1845 2776 1885 causam
2806 1846 2962 1900 supra
2989 1840 3336 1886 memoratam
3359 1871 3372 1892 ,
3402 1838 3461 1883 ut

1879 1917 2073 1972 virtute
2098 1921 2214 1988 ejus
2243 1920 2295 1974 in
2319 1920 2646 1975 cruciatuum
2677 1922 2981 1990 spectaculo
3006 1931 3340 1991 consumpta.
3367 1937 3459 1975 ex-

1880 2015 2112 2078 pugnatu
2139 2007 2310 2064 facilis
2351 2019 2497 2064 esset
2525 2025 2645 2065 cum
2685 2010 2867 2064 ultima
2908 2011 3269 2066 adversarium
3312 2011 3459 2066 exci-

1881 2107 2049 2166 peret.
2095 2098 2229 2153 Nam
2266 2101 2310 2153 si
2342 2100 2655 2171 plerumque
2697 2102 2942 2158 homines
2981 2105 3290 2173 sanguinem
3331 2118 3458 2172 pro-

1879 2187 2134 2245 fluentem
2161 2191 2402 2246 videntes
2440 2193 2604 2247 animi
2633 2193 2921 2264 deliquium
2955 2195 3094 2264 passi
3119 2203 3275 2259 sunt,
3318 2195 3461 2248 mul-

1881 2290 2037 2352 taque
2063 2284 2337 2340 curatione
2363 2301 2498 2354 opus
2519 2287 2834 2352 habuerunt,
2861 2296 2918 2342 ut
2936 2288 3040 2342 vita
3066 2288 3174 2357 jam
3206 2287 3461 2342 deﬁciens

1880 2382 1936 2428 et
1959 2375 2136 2431 anima
2168 2393 2290 2431 mox
2329 2379 2602 2433 avolatnra
2644 2389 2985 2434 revocaretur
3015 2398 3027 2433 :
3061 2390 3138 2435 tot
3168 2381 3250 2434 illa
3273 2381 3462 2435 videns

1879 2467 2152 2537 sanguinis
2181 2469 2346 2536 rivos,
2375 2486 2479 2524 non
2507 2486 2570 2524 ex
2602 2471 2794 2534 aliena,
2827 2471 2920 2526 sed
2947 2489 3016 2526 ex
3048 2473 3273 2527 ﬁliorum
3300 2487 3462 2526 carne

1879 2567 2158 2613 manantes
2178 2599 2191 2622 ,
2223 2560 2349 2629 quid
2377 2576 2480 2614 non
2512 2561 2796 2614 sustinuit?
2823 2578 2978 2632 quam
3009 2563 3461 2634 perturbationem
3505 2588 3509 2590 ν

1882 2664 1988 2702 [ιοη
2015 2651 2194 2703 animo
2227 2653 2498 2720 suscepit?
2546 2653 2795 2707 Diabolus
2841 2653 3037 2724 itaque,
3081 2663 3138 2708 ut
3180 2655 3310 2718 dixi,
3341 2654 3462 2709 ideo

1880 2738 2024 2792 illam
2053 2749 2174 2809 post
2208 2741 2343 2796 ﬁlios
2367 2742 2418 2795 in
2459 2743 2750 2798 certamina
2799 2745 2989 2811 traxit,
3019 2754 3077 2799 ut
3113 2745 3459 2800 infirmiorem

1880 2830 2160 2897 redderet;
2195 2833 2288 2888 sed
2335 2843 2520 2888 contra
2563 2835 2755 2890 accidit
2786 2853 2799 2889 :
2831 2835 3018 2904 majori
3058 2837 3199 2891 enim
3245 2852 3362 2890 cum
3393 2837 3458 2889 fi-

1877 2921 2032 2976 ducia
2059 2924 2349 2978 certamina
2370 2925 2518 2980 adiit.
2548 2924 2654 2980 Cur
2679 2935 2734 2980 ct
2751 2941 2852 2996 qua
2887 2927 2952 2982 de
2977 2942 3135 2982 causa
3151 2929 3176 2981 ?
3197 2927 3330 2995 Quia
3351 2943 3457 2983 non

1880 3013 2100 3068 timebat
2126 3014 2282 3078 ultra,
2312 3030 2411 3070 nec
2439 3015 2662 3070 sollicita
2687 3024 2804 3071 erat
2821 3017 2887 3071 de
2915 3017 3038 3071 ﬁliis
3063 3018 3374 3088 quibusdam
3403 3020 3458 3072 in

1878 3103 1980 3159 hac
2009 3105 2113 3160 vita
2135 3106 2353 3171 relictis,
2382 3123 2448 3162 ne
2469 3108 2692 3162 emolliti
2718 3108 2930 3162 coronis
2966 3110 3330 3179 privarentur;
3361 3111 3456 3166 scd

1878 3196 1998 3252 illos
2043 3212 2249 3265 omnes,
2281 3213 2377 3254 ceu
2419 3199 2470 3253 in
2508 3207 2675 3254 tutum
2722 3199 2985 3270 quoddam
3025 3202 3453 3270 receptaculum,

1877 3287 1930 3341 in
1962 3288 2149 3343 caelum
2189 3288 2498 3358 deportatos
2538 3289 2741 3344 habens
2762 3330 2778 3355 ,
2806 3299 2858 3344 et
2887 3289 2953 3343 ad
2979 3304 3237 3360 supernas
3262 3291 3458 3345 missos

1875 3393 2106 3434 coronas
2130 3379 2374 3450 bonaque
2415 3380 2793 3447 immutabilia,
2825 3381 2990 3435 multa
3027 3396 3149 3436 cum
3186 3381 3374 3436 fiducia
3401 3391 3456 3435 ct

1874 3472 2146 3543 voluptate
2172 3481 2443 3528 certamen
2471 3473 2621 3539 adiit,
2649 3481 2705 3528 et
2740 3488 2838 3527 ceu
2877 3473 3104 3542 lapidem
3132 3472 3455 3542 pretiosissi-

1875 3581 2022 3622 mum
2047 3581 2260 3621 coronae
2288 3565 2519 3636 cuipiam
2541 3607 2554 3629 ,
2583 3581 2798 3620 carnem
2833 3579 2984 3620 suam
3020 3564 3186 3620 choro
3226 3563 3456 3619 ﬁliorum

1873 3657 2159 3728 adaptans,
2191 3657 2259 3712 ad
2284 3657 2646 3712 desideratum
2691 3655 2872 3711 Jesum
2914 3654 3148 3724 profecta
3190 3663 3294 3720 est,
3338 3669 3452 3708 ma-

1874 3767 2034 3824 gnum
2063 3751 2218 3806 nobis
2241 3749 2546 3820 relinquens
2571 3749 2817 3804 solatium
2844 3757 2899 3802 et
2922 3747 3233 3812 consilium,
3261 3761 3454 3816 nempe

1873 3844 2299 3900 adhortationem
2345 3843 2595 3914 operibus
2634 3841 2860 3905 factam,
2905 3849 2965 3894 ut
3012 3838 3134 3894 forti
3175 3839 3354 3893 animo
3397 3846 3452 3894 et

1874 3936 2088 3992 sublimi
2137 3950 2297 3990 sensu
2351 3947 2617 3989 aerumnas
2669 3947 2856 3988 omnes
2904 3931 3132 3986 ﬁdenter
3177 3930 3449 3985 adeamus.

1873 4028 2003 4096 Quis
2027 4029 2170 4084 enim
2193 4027 2276 4081 vir
2293 4067 2310 4092 ,
2336 4041 2457 4096 quae
2484 4024 2693 4090 mulier,
2724 4025 2842 4093 quis
2879 4037 3071 4086 senex,
3097 4021 3215 4091 quis
3237 4020 3452 4091 juvenis

1873 4120 2082 4174 veniam
2121 4125 2512 4187 consequetur,
2540 4125 2633 4170 aut
2655 4114 2898 4169 excusari
2938 4113 3165 4182 poterit,
3191 4113 3237 4167 si
3273 4112 3450 4167 oblata

1874 4212 1974 4267 sibi
2001 4226 2096 4280 pro
2119 4209 2335 4264 Christo
2375 4207 2608 4278 pericula
2647 4205 2994 4272 reformidet,
3022 4205 3234 4274 quando
3260 4204 3452 4258 mulier

1873 4307 2071 4370 vetula,
2095 4313 2152 4359 et
2175 4313 2252 4358 tot
2277 4303 2503 4356 ﬁliorum
2529 4309 2720 4366 mater,
2752 4307 2876 4353 ante
2902 4298 3122 4368 gratiam
3145 4297 3446 4361 decertans,

1873 4398 2066 4453 clausis
2091 4397 2265 4451 adhuc
2304 4394 2490 4448 mortis
2524 4392 2731 4463 januis,
2760 4391 2998 4446 nondum
3030 4390 3292 4445 exstincto
3319 4403 3448 4458 pec-

1873 4498 2023 4556 cato,
2055 4503 2227 4558 neque
2251 4486 2512 4541 debellata
2541 4492 2733 4550 morte,
2763 4498 2883 4537 cum
2915 4492 3056 4537 tanta
3093 4480 3364 4535 alacritate
3396 4487 3450 4534 et
3516 4519 3523 4526 .

1874 4581 2180 4637 fortitudine
2221 4587 2300 4634 tot
2343 4589 2560 4649 propter
2606 4577 2773 4630 Deum
2827 4573 3081 4644 supplicia
3135 4570 3452 4627 sustinuisse

1874 4675 2146 4732 cernitur?
2178 4674 2304 4728 Hace
2343 4687 2505 4743 porro
2543 4668 2720 4725 omnia
2747 4670 3040 4738 cogitantes
3061 4708 3076 4734 ,
3108 4675 3162 4721 et
3199 4665 3452 4722 mulieres

1874 4779 1927 4824 et
1951 4768 2070 4836 viri,
2101 4777 2154 4822 et
2189 4767 2412 4836 juvenes
2442 4773 2496 4818 et
2537 4776 2724 4828 senes,
2753 4775 2949 4830 agones
2991 4767 3044 4814 et
3084 4759 3374 4814 certamina
3398 4757 3450 4810 in

1873 4863 2034 4918 corde
2078 4868 2280 4925 nostro,
2310 4873 2408 4914 ceu
2448 4857 2500 4910 in
2537 4855 2710 4910 tabula
2753 4852 3002 4924 quadam,
3052 4851 3450 4914 describentes,

1878 4970 2113 5025 perenne
2139 4952 2420 5007 consilium
2447 4948 2511 5002 ad
2540 4949 2798 5002 malorum
2825 4954 3188 5012 contemptum
3215 4943 3330 5012 ejus
3358 4956 3452 5010 pa-

1875 5047 2114 5102 tientiam
2156 5045 2208 5098 in
2254 5044 2432 5096 anima
2473 5050 2654 5094 nostra
2690 5039 2979 5107 repositam
3028 5036 3355 5090 habeamus:
3398 5043 3453 5085 ut

1876 5137 1964 5192 hic
1987 5145 2288 5190 sanctorum
2334 5133 2523 5186 horum
2553 5131 2799 5184 virtutem
2840 5127 3049 5188 imitati,
3097 5126 3204 5179 illic
3231 5137 3452 5177 corona-

1876 5247 1992 5286 rum
2029 5237 2305 5283 consortes
2336 5226 2464 5294 ipsis
2492 5239 2611 5279 esse
2636 5223 2935 5283 valeamus;
2967 5228 3214 5286 quantam
3252 5216 3322 5268 illi
3355 5231 3453 5284 pe-

1876 5321 2056 5378 riculis
2099 5316 2486 5387 philosophiam
2518 5315 2902 5371 exliibnerunt.
2929 5317 3122 5363 tantam
3165 5315 3217 5360 et
3262 5321 3359 5360 nos
3398 5307 3451 5359 in

1875 5413 2120 5470 absurdis
2163 5411 2439 5465 affectibus
2485 5408 2789 5478 patientiam
2829 5401 3314 5468 continentiamque
3352 5397 3452 5452 de-

1877 5514 2257 5569 monstrantes,
2289 5504 2340 5557 in
2389 5502 2489 5565 ira,
2519 5502 2570 5554 in
2603 5494 3029 5565 concupiscentia
3068 5491 3450 5561 pecuniarum,

1876 5611 2158 5667 corporum
2177 5636 2192 5662 ,
2221 5609 2371 5648 vana:
2410 5592 2592 5662 glorize
2611 5631 2626 5653 ,
2670 5588 2998 5652 aliorumque
3027 5581 3260 5635 omnium
3307 5579 3452 5633 simi-

1877 5690 2025 5745 lium.
2068 5687 2198 5742 Nam
2243 5685 2286 5739 si
2333 5683 2523 5737 horum
2551 5680 2856 5744 ﬂammam,
2882 5670 3325 5746 quemadmodum
3377 5667 3448 5722 illi

1881 5785 2088 5855 ignem,
2137 5792 2480 5851 superemus,
2537 5787 2702 5844 prope
2750 5771 2893 5844 ipsos
2939 5778 3080 5824 stare
3125 5766 3447 5839 poterimus,
