3860 6286
382 335 490 391 6ὶῦ

374 470 672 528 eorumque
717 454 924 512 ﬁducitc
976 455 1263 527 participes
1317 469 1482 510 esse:
1532 470 1693 525 quam
1748 457 1962 527 assequi

380 549 537 605 nobis
581 548 832 606 omnibus
859 550 1161 617 contingat,
1202 547 1372 617 gratia
1402 555 1459 602 et
1490 547 1815 618 benignitate
1858 548 1965 603 Do-

383 640 512 695 mini
542 641 709 695 nostri
734 641 856 695 Jesu
885 638 1109 703 Christi,
1147 651 1241 707 per
1270 653 1427 707 quem
1449 647 1646 692 etcum
1679 654 1785 707 quo
1818 634 1963 692 Patri

1123 340 1179 396 S.
1220 339 1497 397 JOANNIS
1535 340 2002 398 CIIRYSOSTOMI
2042 342 2362 400 ARCIUEP.
2401 344 2936 402 CONSTANTINOP.

3554 348 3658 402 εει

2067 456 2233 528 gloria
2262 473 2365 514 una
2394 474 2515 514 cum
2543 469 2729 516 sancto
2754 459 2974 530 Spiritu,
3007 472 3149 514 nunc
3170 465 3227 514 ct
3254 471 3494 529 semper,
3521 466 3582 515 et
3608 459 3662 515 in

2073 552 2268 607 saecula
2287 552 2626 609 smculorum.
2649 552 2844 607 Amen.

1353 860 1467 934 IN
1513 859 1974 934 SANCTOS
2012 858 2693 935 MACCAB/EOS.

1051 1153 1270 1197 ιιοκωλ
1309 1154 1363 1193 ΙΙ.

469 1320 523 1377 Ι.
551 1319 743 1375 Gratus
769 1326 845 1373 est
874 1315 1188 1387 Hartyribus
1228 1323 1437 1370 conatus
1478 1322 1665 1369 noster.
1690 1344 1763 1356 -
1785 1314 1984 1370 Omnes

399 1410 616 1482 quidem
650 1419 712 1465 ut
735 1418 950 1465 sanctos
992 1416 1257 1479 martyres
1300 1421 1403 1461 una
1453 1405 1629 1476 lingua
1674 1406 1982 1473 laudemus,

406 1504 518 1559 tieri
557 1502 779 1571 nequit;
810 1500 907 1556 sed
954 1500 1116 1554 etiam
1160 1498 1204 1552 si
1232 1507 1485 1554 sexcenta
1525 1498 1679 1553 nobis
1720 1514 1813 1554 ora
1863 1502 1987 1554 toti-

402 1598 635 1665 demque
664 1596 859 1666 lingua:
894 1600 1273 1664 suppeterent,
1302 1608 1483 1662 parem
1528 1602 1704 1649 tamen
1747 1593 1988 1649 laudibus

402 1689 706 1745 orationem
752 1704 857 1742 non
898 1686 1257 1742 afi‘erremus:
1303 1687 1551 1756 idemque
1591 1686 1720 1741 mihi
1763 1686 1985 1751 accidit,

403 1794 527 1835 eum
558 1788 761 1847 septem
784 1786 1080 1848 martyrum
1102 1778 1355 1847 prmelara
1383 1776 1519 1833 facta
1540 1788 1818 1843 contueor,
1848 1779 1989 1848 quod

405 1884 572 1924 avaro
595 1869 825 1939 cuipiam
866 1868 1105 1934 homini,
1133 1869 1223 1938 qui
1261 1868 1395 1923 fonti
1432 1869 1666 1924 assideat
1701 1883 1833 1923 auro
1871 1882 1988 1922 ma-

406 1960 576 2027 nanti,
605 1960 657 2015 in
682 1976 790 2029 quo
826 1971 1030 2030 septem
1078 1961 1187 2015 sint
1212 1959 1357 2027 tubi,
1393 1975 1456 2015 ac
1497 1969 1666 2015 totum
1708 1960 1991 2016 exhaurire

405 2061 662 2118 conetur,
718 2052 813 2108 sed
866 2052 1038 2107 multo
1093 2052 1459 2123 immensoque
1512 2053 1694 2108 labore
1748 2055 1992 2124 impenso

409 2144 596 2214 majori
642 2154 790 2214 parte
814 2145 1070 2199 derelicta
1112 2145 1349 2200 recedat.
1378 2143 1602 2199 Foutem
1641 2144 1783 2198 enim
1818 2158 1991 2214 quan-

410 2236 603 2289 tumvis
648 2235 995 2301 exhauseris,
1045 2251 1169 2305 pars
1223 2236 1393 2303 major
1433 2245 1609 2289 tamen
1653 2236 1991 2304 relinquitur.

409 2326 548 2392 Quid
578 2326 775 2395 igitur?
800 2341 868 2380 an
896 2327 1017 2396 quia
1049 2342 1145 2395 pro
1171 2326 1426 2396 dignitate
1452 2326 1633 2396 largiri
1666 2340 1772 2380 non
1799 2341 1994 2397 possu-

412 2431 552 2483 mus,
596 2419 1058 2473 conticescemus?
1098 2417 1314 2472 Minime
1352 2433 1521 2472 vero:
1550 2427 1814 2487 martyres
1851 2418 1996 2472 enim

410 2518 570 2576 sunt,
598 2512 688 2581 qui
711 2511 849 2567 dona
876 2512 1171 2582 suscipiunt
1190 2552 1206 2578 ,
1235 2520 1289 2566 et
1310 2510 1362 2564 in
1399 2510 1600 2580 judicio
1636 2510 1705 2565 de
1733 2510 1995 2580 ejusmodi

417 2601 698 2673 largitione
748 2603 968 2658 ferendo
1011 2620 1166 2659 suum
1207 2603 1490 2658 Dominum
1530 2604 1827 2657 imitantur.
1861 2603 1999 2671 Quid

416 2694 576 2763 igitur
618 2693 708 2748 ille
763 2693 924 2750 facit?
970 2694 1105 2750 Cum
1152 2695 1293 2750 dona
1337 2694 1601 2765 quispiam
1656 2695 1846 2761 offert,
1891 2710 1998 2750 non

417 2784 611 2840 oblatae
637 2784 716 2840 rei
746 2785 1189 2855 magnitudinem,
1218 2785 1312 2841 sed
1336 2787 1665 2842 alacritatem
1695 2787 1858 2841 animi
1884 2786 1999 2857 ejus

417 2875 505 2940 qui
535 2875 791 2930 obtulerit
809 2877 1089 2931 attendens
1120 2877 1396 2947 praemium
1423 2878 1728 2932 admetitur.
1757 2878 1845 2933 Sic
1873 2893 2000 2947 erga

417 2965 630 3020 viduam
660 2967 801 3021 illam
831 2981 891 3022 se
914 2967 1080 3037 gessit
1114 2986 1127 3021 :
1157 2968 1293 3023 duos
1320 2968 1508 3023 obolos
1555 2968 1770 3024 demisit
1810 2969 2003 3024 mulier

420 3056 567 3128 (Luc.
596 3058 686 3114 2!.
716 3060 903 3131 2-4),
933 3069 987 3115 et
1025 3060 1157 3128 illis,
1198 3061 1285 3131 qui
1331 3061 1495 3115 multa
1520 3060 1866 3127 demiserant,
1906 3076 2005 3115 an-

420 3152 576 3206 telata
603 3162 723 3208 est:
754 3167 859 3207 non
888 3155 1029 3208 enim
1058 3154 1295 3224 pecunia:
1322 3154 1661 3223 paucitatem,
1703 3153 1797 3209 sed
1838 3152 2004 3207 animi

422 3244 871 3314 magnificentiam
932 3246 1167 3315 respexit
1213 3246 1396 3301 Deus:
1442 3245 1583 3301 oboli
1622 3245 1729 3301 duo
1782 3245 2004 3316 pecunia

423 3330 635 3411 (Ibid.),
663 3336 755 3391 sed
785 3337 997 3391 talentis
1022 3337 1139 3391 auri
1176 3337 1448 3392 sexcentis
1488 3338 1773 3406 pretiosior
1795 3337 2006 3391 animus

420 3440 556 3487 erat.
586 3429 853 3485 Audacter
888 3429 1048 3498 igitur
1075 3430 1142 3483 ad
1168 3428 1486 3483 laudandum
1516 3427 1921 3499 aggrediamur,
1952 3437 2008 3483 et

428 3522 572 3592 quod
603 3522 717 3575 heri
744 3520 971 3590 egimus,
999 3520 1052 3575 id
1096 3534 1238 3575 nunc
1261 3520 1442 3585 etiam,
1470 3520 1515 3573 si
1544 3520 1735 3589 placet,
1766 3534 2004 3590 agamus.

426 3614 551 3671 lteri
579 3612 845 3682 siquidem
875 3613 927 3666 in
955 3612 1124 3666 solius
1152 3611 1336 3666 matris
1365 3611 1552 3666 laudes
1586 3625 1891 3667 sermonem
1922 3621 2005 3667 to-

424 3716 537 3760 tum
564 3704 940 3774 impendimus,
966 3703 1106 3773 quod
1134 3717 1163 3755 a
1196 3702 1353 3757 nobis
1379 3701 1574 3756 factum
1600 3712 1701 3766 est,
1730 3717 1834 3757 non
1865 3702 2007 3773 quod

426 3812 543 3851 eam
572 3812 602 3851 a
651 3796 879 3849 filiorum
926 3797 1092 3850 choro
1136 3795 1367 3871 avellere
1406 3793 1761 3860 studeremus,
1807 3795 1905 3850 sed
1952 3803 2011 3849 ut

427 3890 647 3945 tutiores
672 3889 826 3944 nobis
850 3889 1061 3943 divitias
1084 3888 1429 3943 redderemus
1454 3904 1468 3941 :
1493 3887 1636 3958 quod
1661 3888 1843 3958 utique
1868 3902 2011 3943 nunc

428 3997 639 4053 quoque
680 3992 1035 4053 prmetemus:
1092 3996 1199 4036 uno
1242 3979 1470 4036 filiorum
1517 3980 1782 4047 abducto,
1829 3970 1900 4035 de
1944 3994 2011 4036 eo

429 4088 593 4143 pauca
621 4072 861 4127 dicamus
890 4091 904 4128 :
934 4072 1225 4127 verendum
1254 4080 1336 4126 est
1365 4072 1508 4127 enim
1540 4085 1607 4126 ne
1635 4079 1839 4141 septem
1864 4085 2010 4124 mar-

427 4176 601 4239 tyrum
617 4167 796 4221 laudes
816 4182 912 4221 ceu
931 4174 1134 4235 septem
1158 4164 1371 4219 flumina
1388 4164 1669 4219 confertim
1689 4162 2010 4219 continentia

427 4277 735 4317 sermonem
776 4260 932 4315 nobis
970 4261 1309 4314 inundeutet
1335 4258 1586 4314 obruant.
1632 4257 1809 4313 Unum
1852 4257 2013 4327 igitur

429 4370 493 4409 cx
518 4354 808 4424 juvenibus
834 4368 1167 4409 assumamus
1187 4394 1201 4419 ,
1232 4368 1336 4407 non
1365 4360 1541 4407 tamen
1570 4360 1629 4406 ut
1665 4352 1806 4405 hunc
1837 4352 2011 4421 ipsum

430 4463 459 4500 a
488 4448 656 4503 choro
696 4448 918 4500 fratrum
952 4444 1357 4510 abstrahamus,
1385 4444 1479 4497 sed
1518 4452 1581 4497 ut
1618 4442 1869 4497 leviorem
1900 4458 2016 4496 sar-

431 4539 608 4594 cinam
643 4545 881 4593 nostram
929 4535 1217 4590 reddamus
1264 4553 1277 4587 :
1327 4534 1588 4604 siquidem
1644 4549 1753 4588 uno
1800 4532 2016 4587 laudato

431 4630 731 4684 communis
758 4638 813 4683 et
830 4628 957 4681 aliis
981 4627 1087 4682 erit
1110 4640 1328 4690 corona,
1351 4625 1777 4695 quandoquidem
1804 4640 2018 4679 eorum—

433 4720 556 4775 dem
602 4728 878 4774 consortes
914 4718 1266 4774 certaminum
1312 4717 1526 4772 fuerunt
1550 4731 1756 4771 omnes.
1803 4716 1907 4771 Sed
1938 4717 2019 4771 in-

434 4818 587 4880 geret
611 4824 669 4864 se
696 4809 848 4863 nobis
882 4810 1041 4879 plane
1071 4809 1230 4864 hodie
1261 4824 1472 4879 quoque
1501 4815 1691 4873 mater,
1721 4808 1845 4862 licet
1872 4809 2015 4862 illam

436 4918 543 4957 non
575 4901 935 4971 attingamus:
966 4900 1185 4955 omnino
1220 4900 1361 4954 enim
1391 4901 1532 4954 illam
1561 4900 1728 4954 series
1755 4901 2018 4955 sermonis

436 4992 688 5059 attrahet,
719 5006 819 5047 nec
862 4992 1111 5047 deserere
1147 5006 1343 5062 pueros
1386 4991 1621 5057 poterit:
1650 5006 1773 5045 nam
1820 5006 1938 5060 quae
1966 4991 2019 5046 in

437 5088 822 5143 certaminibus
848 5101 877 5140 a
907 5085 1093 5141 liberis
1118 5086 1230 5141 suis
1262 5100 1367 5139 non
1390 5084 1666 5151 discessit,
1694 5098 1793 5139 nec
1822 5084 1876 5139 in
1906 5084 2021 5139 lau-

438 5181 592 5237 dibus
615 5196 674 5236 se
694 5180 763 5236 ab
791 5180 871 5235 eis
894 5178 1155 5249 sejunget.

509 5273 763 5328 Postremi
800 5288 866 5326 es
913 5271 1151 5342 fratribus
1175 5269 1423 5324 laudatio.
1452 5298 1525 5309 —
1550 5267 1845 5334 Quemnam
1894 5281 2022 5338 ergo

435 5383 502 5421 ex
532 5375 734 5438 septem
770 5366 988 5420 athletis
1017 5364 1177 5419 vultis
1198 5361 1574 5419 assumamus?
1600 5377 1725 5416 num
1756 5362 2017 5431 primum,

437 5458 520 5513 vel
550 5457 866 5523 secundum,
894 5457 978 5511 vel
1000 5457 1235 5522 tertium,
1263 5454 1344 5510 vel
1368 5452 1733 5525 postremum?
1756 5452 1867 5508 lino
1897 5468 2024 5508 vero

442 5549 622 5605 nullus
658 5550 799 5605 inter
838 5564 933 5603 eos
960 5557 1045 5604 est
1089 5557 1393 5618 postremus
1426 5563 1440 5600 :
1485 5547 1682 5601 chorus
1724 5546 1866 5601 enim
1918 5554 2020 5609 est,

440 5640 596 5696 chori
617 5657 744 5697 vero
768 5658 940 5712 neque
969 5642 1287 5713 principium
1313 5654 1487 5711 neque
1512 5639 1630 5693 finis
1654 5647 1905 5708 apparet;
1932 5637 2025 5692 sed

442 5746 502 5792 ut
521 5736 710 5790 melius
730 5736 1095 5805 designemns,
1119 5750 1277 5806 quem
1298 5732 1598 5801 laudamus,
1623 5730 1851 5786 dicimus
1868 5738 2026 5784 aetate

2090 1149 2460 1210 postremum:
2508 1147 2634 1193 sunt
2678 1137 2819 1192 enim
2860 1151 3112 1207 germana
3158 1135 3460 1206 similiaque
3498 1146 3649 1190 certa

2087 1235 2253 1298 mina,
2283 1240 2338 1286 et
2366 1242 2592 1300 cognata
2624 1231 2762 1285 inter
2797 1244 2856 1284 se
2897 1238 3043 1283 recte
3072 1228 3206 1282 facta
3232 1244 3247 1280 :
3276 1228 3363 1282 ubi
3404 1242 3539 1282 vero
3583 1243 3678 1282 eo-

2086 1325 2268 1392 gnatio
2293 1332 2438 1377 recte
2465 1321 2724 1375 factorum
2760 1328 2875 1383 est,
2910 1334 3016 1374 non
3044 1320 3112 1373 ibi
3140 1319 3341 1388 primus
3369 1327 3451 1373 est
3470 1327 3566 1373 aut
3593 1333 3680 1373 se-

2089 1414 2316 1468 cundus.
2380 1415 2728 1468 Assumamus
2787 1412 2946 1483 igitur
3005 1422 3165 1467 aetate
3231 1422 3568 1482 postremum
3627 1423 3683 1468 et

2091 1505 2458 1575 magnitudine
2505 1505 2669 1558 animi
2713 1518 2976 1569 com-vum,
3023 1519 3123 1558 nec
3170 1504 3422 1559 fratribus
3470 1513 3681 1559 tantum

2093 1613 2364 1663 coasvum,
2397 1597 2489 1653 sed
2519 1598 2617 1666 ipsi
2648 1597 2809 1651 etiam
2840 1597 2976 1651 seni.
3009 1597 3167 1651 Solus
3193 1612 3261 1651 ex
3290 1596 3549 1650 fratribus
3596 1596 3683 1650 hic

2092 1691 2299 1745 solutus
2318 1690 2385 1746 ad
2419 1698 2683 1745 tormenta
2704 1688 2998 1744 ducebatur
3022 1704 3036 1742 :
3064 1704 3169 1743 non
3192 1691 3333 1743 enim
3361 1689 3685 1742 carnificum

2093 1798 2285 1838 manus
2332 1782 2695 1852 exspectavit,
2740 1780 2834 1835 sed
2878 1780 3090 1834 illorum
3145 1779 3511 1834 crudelitatem
3560 1777 3687 1832 aia-

2094 1876 2284 1929 critate
2330 1874 2494 1928 animi
2541 1873 2830 1944 praevenit,
2881 1881 2936 1926 et
2982 1873 3188 1926 solutus
3236 1871 3547 1925 ducebatur.
3606 1870 3690 1924 Ae

2094 1967 2319 2023 fratrum
2351 1966 2566 2037 quidem
2596 1966 2799 2020 nullum
2846 1964 3032 2019 habuit
3066 1972 3416 2034 spectatorem
3448 1978 3464 2016 :
3491 1975 3690 2016 omnes

2097 2059 2240 2114 enim
2260 2057 2471 2113 fuerant
2494 2057 2603 2128 jam
2629 2065 2802 2112 morte
2822 2056 3049 2121 sublati;
3075 2054 3168 2110 sed
3198 2053 3501 2124 prmclarius
3525 2053 3692 2107 thea-

2096 2158 2260 2217 trum,
2312 2164 2470 2220 quam
2514 2148 2732 2213 fratres,
2779 2146 2966 2202 habuit
3008 2145 3195 2201 oculos
3240 2145 3444 2200 matris.
3491 2143 3694 2199 Nonne

2099 2241 2341 2297 dicebam
2368 2240 2542 2307 vobis,
2576 2240 2716 2310 quod
2747 2240 2869 2293 licet
2888 2254 2994 2292 non
3023 2237 3361 2292 studentibus
3378 2235 3529 2290 nobis
3555 2250 3691 2289 om-

2100 2334 2229 2388 nino
2275 2348 2397 2388 sese
2437 2332 2596 2387 etiam
2644 2341 2816 2386 mater
2855 2331 3097 2400 ingeret?
3142 2328 3285 2382 Ecce
3330 2328 3470 2381 illam
3513 2326 3695 2381 series

2100 2426 2367 2480 sermonis
2411 2424 2723 2479 introduxit.
2769 2423 2880 2477 lloe
2920 2436 3049 2476 vero
3078 2421 3342 2476 theatrum
3370 2418 3504 2474 adeo
3540 2433 3695 2487 prm-

2100 2518 2303 2572 clarum
2331 2524 2449 2573 erat
2469 2527 2522 2572 et
2544 2531 2816 2585 magnum,
2848 2522 2907 2568 ut
2934 2514 3107 2583 ipsum
3127 2512 3435 2581 angelorum
3456 2517 3691 2574 emtum,

2103 2611 2214 2665 imo
2257 2625 2386 2665 vero
2440 2608 2630 2663 fratres
2674 2615 3006 2674 spectatores
3052 2604 3305 2667 haberet,
3354 2617 3458 2656 non
3495 2601 3611 2670 jam
3664 2615 3698 2654 e

2104 2712 2267 2767 terra,
2290 2700 2383 2755 sed
2404 2715 2435 2755 e
2451 2700 2613 2754 crelis.
2634 2697 2886 2753 Coronati
2904 2696 3067 2762 enim,
3091 2705 3148 2749 ut
3172 2695 3223 2748 in
3255 2693 3542 2766 Olympicis
3568 2707 3701 2747 eer-

2104 2790 2391 2848 taminibus
2428 2789 2658 2859 judices,
2685 2787 3068 2850 considebant,
3096 2799 3203 2839 non
3231 2793 3289 2840 ut
3329 2784 3698 2838 certaminum

2099 2885 2302 2956 judicio
2329 2891 2640 2953 praeessent,
2663 2894 2847 2935 verum
2870 2887 2929 2933 ut
2951 2879 3205 2933 victorem
3234 2875 3299 2930 ad
3325 2872 3700 2943 accipiendam

2105 2992 2359 3034 coronam
2406 2976 2710 3030 incitarent.
2741 2972 2928 3027 Stabat
2967 2971 3127 3041 igitur
3164 2970 3399 3031 solutus,
3430 2978 3483 3020 et
3510 2965 3700 3035 philo-

2108 3070 2311 3140 sopltize
2338 3068 2493 3137 plena
2538 3066 2813 3135 proferens
2856 3064 3061 3121 verba;
3094 3059 3355 3129 siquidem
3404 3068 3700 3127 tyrannum

2107 3164 2354 3219 Studebat
2381 3161 2449 3217 ad
2489 3161 2742 3231 pietatem
2779 3172 2928 3211 suam
2970 3153 3281 3216 traducere;
3309 3165 3429 3206 cum
3471 3163 3601 3203 vero
3647 3148 3700 3202 id

2108 3257 2329 3314 minime
2342 3254 2621 3325 potuisset,
2649 3250 2789 3322 quod
2811 3262 3026 3304 suarum
3048 3247 3273 3316 partium
3301 3252 3419 3298 erat
3437 3241 3703 3310 deinceps

2110 3348 2377 3420 prazstitit,
2406 3345 2665 3415 supplicio
2692 3343 2923 3412 seipsum
2953 3338 3217 3408 exposuit.
3248 3337 3420 3404 Atque
3459 3332 3551 3386 ille
3576 3331 3705 3400 qui-

2110 3442 2233 3497 dem
2254 3455 2373 3495 cum
2396 3438 2568 3495 mtatis
2587 3436 2755 3507 gratia
2779 3431 3155 3495 miserabatur,
3178 3428 3262 3482 hic
3276 3440 3404 3482 vero
3422 3425 3572 3479 illum
3590 3424 3703 3476 im-

2110 3534 2326 3606 pietatis
2350 3546 2510 3587 causa
2536 3528 2805 3589 deflebat;
2835 3540 2943 3580 non
2974 3522 3116 3579 enim
3144 3521 3330 3575 eadem
3360 3518 3578 3587 respicit
3614 3526 3704 3587 ty-

2111 3640 2313 3682 rannus
2361 3631 2418 3678 et
2454 3630 2696 3692 martyr:
2740 3633 2861 3672 nam
2907 3616 3120 3685 utrique
3157 3622 3281 3667 sunt
3314 3609 3475 3665 iidem
3520 3608 3699 3673 oculi,

2114 3733 2299 3773 verum
2339 3715 2548 3780 carnis,
2579 3712 2699 3767 fidei
2737 3725 2867 3767 vero
2914 3708 3057 3763 oculi
3096 3722 3201 3761 non
3247 3704 3437 3767 iidem;
3468 3701 3564 3755 sed
3608 3700 3704 3754 ille

2113 3809 2332 3880 quidem
2372 3814 2692 3877 praesentem
2741 3804 2903 3857 vitam
2945 3798 3293 3869 respiciebat,
3325 3795 3411 3849 hic
3438 3808 3567 3848 vero
3611 3807 3704 3847 re-

2114 3900 2372 3970 spiciebat
2400 3897 2655 3961 futuram,
2690 3895 2757 3949 ad
2783 3910 2942 3965 quam
2978 3900 3095 3946 erat
3130 3890 3436 3944 evolaturus
3461 3902 3477 3940 :
3507 3895 3702 3955 tyran-

2116 4007 2216 4047 nus
2247 3991 2462 4061 quidem
2489 3988 2789 4058 sartagines
2815 3984 3050 4048 videbat,
3081 3990 3137 4035 at
3162 3981 3464 4051 gehennam
3494 3985 3706 4047 martyr

2117 4083 2354 4149 videbat,
2390 4083 2441 4135 in
2472 4096 2631 4150 quam
2661 4093 2719 4132 se
2746 4078 3037 4144 injecturus
3062 4082 3179 4127 erat
3206 4080 3483 4142 tyrannus.

2186 4176 2393 4247 Confert
2423 4173 2822 4227 Maccabworum
2860 4185 3014 4222 unum
3041 4182 3153 4221 cum
3182 4164 3352 4217 Isaac.
3380 4193 3451 4203 —
3470 4159 3623 4229 Quod
3659 4160 3706 4213 si

2119 4269 2263 4324 Isaac
2287 4267 2582 4329 laudamus,
2612 4262 2751 4333 quod
2794 4276 2825 4314 a
2863 4270 3013 4330 patre
3051 4256 3258 4309 vinetus
3287 4262 3343 4307 et
3370 4250 3707 4320 compeditns

2117 4362 2184 4416 ab
2210 4359 2360 4414 altari
2406 4373 2510 4411 non
2550 4353 2831 4410 recesserit
2879 4349 3080 4421 (Cenes.
3125 4344 3240 4418 Ἡ),
3284 4358 3381 4397 nec
3427 4342 3705 4395 admotum

2119 4468 2343 4508 cernens
2360 4450 2588 4520 gladium
2612 4444 2876 4508 resilierit,
2896 4442 3062 4495 multo
3078 4439 3162 4492 liie
3182 4436 3384 4506 sequius
3409 4432 3709 4487 laudandus

2120 4556 2221 4609 est,
2251 4560 2355 4615 quo
2384 4545 2591 4597 vinctus
2619 4554 2721 4593 non
2752 4539 2839 4601 sit,
2878 4548 3053 4603 neque
3092 4529 3421 4584 vinculorum
3468 4524 3708 4579 necessi-

2122 4648 2228 4692 tate
2253 4635 2554 4706 indignerit,
2596 4645 2767 4699 neque
2794 4627 3100 4682 carnificum
3133 4634 3320 4675 manus
3360 4614 3709 4686 exspectarit,

2122 4728 2216 4783 sed
2253 4729 2363 4796 ipse
2388 4724 2487 4779 sibi
2512 4734 2567 4778 et
2592 4722 2839 4782 victimae,
2871 4725 2925 4771 et
2950 4712 3258 4775 sacerdotis,
3297 4717 3353 4763 et
3380 4707 3568 4761 altaris
3593 4706 3713 4760 loco

2124 4820 2302 4875 fuerit.
2330 4819 2459 4874 Cum
2508 4816 2649 4871 enim
2695 4812 3046 4879 undequaque
3085 4799 3573 4870 circumspexisset,
3616 4810 3715 4849 nec

2124 4914 2289 4967 ullum
2318 4926 2384 4966 ex
2415 4908 2664 4964 fratribus
2706 4903 2893 4959 adesse
2934 4898 3173 4960 vidisset,
3206 4892 3553 4949 conturbatus
3580 4896 3665 4942 est
3697 4904 3710 4938 :

2127 5018 2184 5065 ut
2210 5014 2517 5078 properaret
2538 5004 2783 5060 incitatus
2807 5005 2908 5061 est,
2937 5003 2990 5049 et
3007 5000 3399 5078 assequeretur,
3432 5000 3499 5039 ne
3519 5000 3548 5037 ιι
3580 4998 3717 5052 prae-

2127 5077 2271 5158 claro
2298 5101 2388 5154 illo
2420 5097 2584 5152 choro
2623 5097 2977 5162 separarctur.
3020 5084 3143 5139 Ideo
3181 5077 3493 5135 carnificum
3526 5088 3717 5129 manus

2128 5212 2234 5251 non
2256 5189 2578 5263 exspectavit
2608 5205 2620 5240 :
2650 5183 2906 5255 siquidem
2934 5175 3142 5249 tyranni
3169 5169 3509 5229 clementiam
3541 5166 3715 5221 refor-

2130 5260 2383 5351 midabat,
2438 5299 2505 5339 ne
2552 5282 2686 5336 forte
2726 5277 2889 5346 ipsius
2935 5271 3183 5326 misertus
3235 5278 3357 5319 eum
3399 5276 3429 5315 a
3461 5260 3720 5314 societate

2130 5380 2349 5435 fratrum
2400 5376 2653 5430 avelleret
2706 5387 2721 5423 :
2771 5374 3047 5437 propterea
3102 5355 3434 5429 pmeniens
3481 5352 3717 5420 seipsum

2132 5470 2349 5528 immani
2398 5468 2536 5521 illius
2586 5458 2896 5517 humanitati
2944 5450 3233 5525 prmripuit.
3294 5444 3507 5501 Etenim
3552 5439 3717 5495 multa

2133 5574 2315 5625 erant,
2356 5574 2476 5629 qua!
2532 5567 2811 5628 tyrannum
2856 5557 3074 5617 possent
3124 5540 3397 5629 inflectere
3426 5530 3719 5629 {juvenilis

2134 5666 2283 5719 tetas,
2318 5627 2394 5707 tot
2419 5650 2639 5704 fratrum
2671 5642 3011 5713 supplicium.
3037 5634 3178 5709 quod
3207 5631 3293 5686 vel
3335 5628 3403 5683 ad
3434 5627 3598 5680 feram
3629 5638 3722 5676 cx-

2138 5745 2431 5803 satiandam
2466 5748 2642 5812 posset
2668 5734 2933 5798 sufficere,
2959 5726 3168 5784 tametsi
3208 5722 3299 5780 ille
3327 5729 3598 5776 saturatus
3618 5727 3715 5769 nat
