3844 6280
114 388 224 444 623

113 497 333 572 πλησίον
359 497 565 575 αῦτῶν,
593 500 688 553 καὶ
717 500 816 570 τῆς
842 501 1012 573 αὖτῆς
1045 504 1337 572 μετασχεῖν
1364 500 1521 575 [628]
1548 504 1689 574 παῤ-

117 579 336 651 ρησίας·
381 572 450 648 ἧς
493 578 707 647 γένοιτο
746 572 1133 650 πάνταςήμᾶς
1173 572 1474 650 ἐπιτυχεῖν,
1504 572 1689 652 γάριτι

116 658 212 714 καὶ
242 656 618 730 φιλανθρωπίᾳ
646 655 740 709 τοῦ
769 657 974 730 Κυρίου
1000 663 1036 730 ή
1045 659 1163 729 μῶν
1196 658 1372 729 Ἰησοῦ
1411 658 1649 731 Χριστοῦ
1671 698 1686 722 ,

1400 385 1486 439 DE
1526 383 1755 440 ΜΔΕοΑ
1767 381 1966 438 ΒΑΞΙΒ.
2007 380 2070 437 ΙΙ.

3265 380 3370 436 62%

1795 501 1864 554 δι’
1911 494 1972 556 οῦ
2017 501 2113 555 καὶ
2157 499 2281 572 μεθ’
2316 491 2376 554 οὗ
2423 499 2502 571 τῷ
2548 500 2724 570 Πατρὶ
2762 497 2920 563 δόξα,
2965 498 3080 570 ἅμα
3119 496 3194 570 τῷ
3236 499 3373 568 ἀγίῳ

1798 579 2097 651 Πνεῦματι,
2145 579 2239 631 νῦν
2283 578 2379 631 καὶ
2424 579 2549 644 ἀεὶ,
2597 579 2690 633 καὶ
2737 580 2816 644 εἰς
2857 579 2982 641 τοὺς
3021 577 3221 642 αίῶνας
3268 577 3379 637 τῶν

1799 660 2030 712 αἰώνων.
2068 660 2124 711 Ἀ
2134 659 2262 728 μήν.

1157 905 2330 916 ————~—————-——-—u——————

838 1138 1010 1224 ΕΙΣ
1045 1137 1337 1242 ΤΟΥΣ
1380 1136 1788 1224 ΑΓΙΟΥΣ
1828 1140 2661 1264 ΜΑΚΚΑΒΑΙΟΥΣ.

1699 1399 1771 1413 ο.

724 1617 961 1686 Ὀμιλιά
990 1617 1053 1682 ,β’
1062 1659 1076 1673 .

191 1712 261 1761 αν.
284 1706 559 1766 Ἂπαντας
590 1700 690 1771 μὲν
715 1697 807 1755 οὖν
830 1701 1173 1772 ἐγκωμιάσαι
1197 1701 1322 1763 τοὺς
1344 1700 1531 1768 ἁγίους
1560 1700 1694 1772 μάρ-

118 1807 290 1864 τυρας
328 1789 389 1842 οὐ
415 1785 638 1841 δυνατὸν
666 1785 770 1856 ,μιᾷ
793 1783 1029 1856 γλώττῃ,
1062 1785 1197 1838 ἀλλά
1225 1785 1329 1838 κᾶν
1370 1785 1539 1856 μυρία
1574 1786 1697 1838 στό-

120 1892 272 1944 ματα
302 1873 512 1943 ἔχωμεν
530 1870 629 1923 καὶ
657 1868 904 1936 γλώττας
943 1868 1231 1932 τοσαύτας,
1260 1868 1564 1938 λειπόμεθα
1594 1869 1703 1922 τῶν

121 1957 412 2026 ἐγκωμίων
432 1971 446 1985 ο
471 1954 565 2007 καὶ
597 1950 793 2005 ταύτὸν
820 1953 1017 2022 πάσχω
1041 1952 1176 2023 πρὸς
1208 1951 1278 2005 τὰ
1302 1952 1705 2024 κατορθώματα

124 2041 237 2091 τῶν
271 2037 406 2091 ἐτττά
446 2036 738 2108 μαρτύρων
774 2035 939 2106 ὀρῶν,
967 2028 1079 2087 οἷον
1107 2035 1180 2092 ,ἂν
1210 2036 1256 2087 εἰ
1299 2034 1706 2105 φιλοχρήματος

122 2123 440 2191 ἄνθρωπος,
478 2119 706 2182 ἐπιστάς
742 2120 890 2188 πηγῇ
931 2118 1130 2188 ῥεούσῃ
1166 2118 1366 2189 χρυσὸν
1410 2119 1549 2171 ἐπτά
1586 2121 1708 2172 στό-

127 2222 279 2277 ματα
306 2203 537 2275 ἐχούσῃ,
575 2203 756 2255 πᾶσαν
803 2202 904 2271 μὲν
945 2201 1115 2271 αὐτὴν
1141 2200 1466 2272 ἐξαντλῆσαι
1500 2203 1709 2271 ἐπιχει-

130 2289 254 2359 ροίη
273 2331 288 2355 ,
324 2289 464 2359 μετὰ
496 2285 554 2340 δὲ
582 2285 674 2338 τὸν
701 2285 866 2338 πολὺν
901 2285 994 2338 καὶ
1021 2284 1226 2353 ἄφατον
1259 2284 1419 2338 πόνον
1460 2283 1521 2338 τὸ
1549 2284 1710 2337 πλέον

130 2375 288 2440 ἀφεὶς
331 2369 576 2424 ἀπέλθοι.
610 2368 804 2438 Πηγῆς
833 2366 942 2439 γὰρ
979 2368 1104 2421 ὅσον
1149 2367 1214 2421 ἂν
1249 2367 1585 2441 ἐξαντλήσῃς
1609 2411 1622 2432 ,
1651 2367 1713 2420 τὸ

129 2455 294 2509 πλέον
337 2453 711 2507 ἀπολείπεται.
767 2451 829 2504 Τί
871 2448 995 2520 οὖν;
1037 2451 1338 2524 ἐπειδὴ,τά
1385 2453 1504 2505 κατ’
1558 2451 1713 2515 ἀξίαν

125 2540 460 2607 εἶσενεγκεῖν
521 2537 582 2590 06
643 2534 960 2606 δυνάμεθα,
1032 2538 1365 2607 σιγήσομεν;
1421 2535 1710 2606 Οὐδαμῶς.

129 2621 426 2692 Μάρτυρες
458 2621 566 2690 γάρ
596 2621 732 2673 εἰσιν
762 2621 809 2672 οἶ
844 2620 910 2671 τὰ
965 2619 1114 2692 δῶρα
1152 2619 1453 2690 δεχόμενοι,
1490 2622 1586 2674 καὶ
1622 2620 1714 2673 τὸν

130 2705 341 2758 ἐαυτῶν
369 2704 646 2775 Δεσπότην
672 2701 971 2773 μιμοῦνται
998 2703 1054 2754 ἐν
1078 2705 1146 2774 τῇ
1178 2703 1357 2774 κρίσει
1403 2703 1504 2773 τῆς
1531 2701 1715 2756 τοιαῦ-

130 2807 236 2860 της
280 2787 613 2857 φιλοτιμίας.
664 2786 788 2847 Πῶς
831 2785 887 2839 δέ
931 2787 1138 2848 ἐκεῖνος
1187 2787 1358 2849 ποιεῖς
1407 2786 1576 2840 Ὅταν
1632 2802 1717 2849 τις

137 2870 482 2944 προσενέγκῃ
516 2869 696 2942 δῶρα,
733 2869 794 2922 o6
820 2867 897 2940 τῷ
928 2869 1151 2940 μεγέθει
1193 2868 1287 2922 τοῦ
1327 2869 1718 2941 προσενεχθέν-

133 2971 264 3019 τος,
296 2952 431 3006 ἀλλά
475 2954 542 3023 τῇ
584 2951 862 3024 προθυμίᾳ
901 2952 993 3005 τοῦ
1031 2953 1498 3023 προσενέγκαντος
1545 2971 1717 3024 προσ-

136 3037 280 3108 ἐχων
329 3037 520 3106 μετρεῖ
547 3034 646 3105 τὴν
674 3035 965 3090 ἀντίδοσιν.
997 3035 1184 3099 Οὕτως
1219 3036 1472 3107 ἐποίησεν
1503 3038 1597 3090 ἐπὶ
1621 3037 1719 3107 τῆς

137 3123 313 3191 χήρας
341 3120 592 3190 ἐκείνης·
636 3118 729 3174 δῦο
757 3117 1057 3172 κατέϐαλεν
1093 3118 1314 3184 ὀϐολοὺς
1348 3123 1380 3191 ἢ
1425 3120 1560 3191 γυνὴ
1581 3160 1595 3182 ,
1627 3121 1722 3174 καὶ

136 3203 480 3276 προετιμήθη
512 3201 621 3255 τῶν
645 3201 814 3255 πολλά
846 3202 1367 3272 καταϐεϐληκότων’
1399 3203 1460 3255 06
1485 3206 1593 3274 γάρ
1623 3203 1722 3272 τήν

136 3288 434 3359 ὀλιγότητα
465 3287 573 3340 τῶν
608 3287 929 3358 χρημάτων,
961 3285 1097 3341 ἀλλά
1121 3286 1220 3357 τὴν
1249 3285 1596 3340 πολυτέλειαν
1625 3286 1722 3358 τῆς

135 3369 367 3444 γνώμης
397 3367 536 3424 εἶδεν
573 3371 600 3422 ό
639 3370 768 3433 Θεός
791 3387 804 3400 ·
837 3369 930 3422 δύο
960 3369 1138 3422 ὀϐολοὶ
1165 3368 1233 3422 τά
1263 3370 1367 3441 χρή
1379 3388 1544 3440 ματα,
1588 3371 1725 3424 ἀλλά

143 3456 358 3526 μυρίων
383 3455 586 3525 χρυσοῦ
616 3454 894 3508 ταλάντων
923 3455 1226 3526 τιμιωτέρα
1254 3457 1287 3524 ἡ
1313 3454 1529 3526 γνώμη.
1548 3454 1724 3523 Ἀψώ-

141 3538 290 3606 μεθα
315 3537 379 3608 δὴ
410 3537 520 3590 τῶν
559 3537 852 3608 ἐγκωμίων
894 3537 1255 3610 θαρροῦντες,
1303 3539 1398 3592 καὶ
1432 3540 1568 3610 ὅπερ
1602 3539 1726 3610 χθὲς

137 3622 506 3690 ἐποιήσαμεν,
525 3620 684 3673 τοῦτο
706 3621 755 3673 εί
775 3620 926 3673 δοκεῖ
956 3620 1196 3689 γενέσθω
1218 3621 1313 3674 καὶ
1339 3620 1434 3676 νῦν
1451 3638 1467 3652 “
1498 3622 1590 3675 καὶ
1618 3621 1727 3693 γὰρ

138 3703 277 3773 χθές
308 3703 405 3774 τὴν
449 3703 663 3773 μητέρα
713 3703 1081 3768 ἀπολαϐόντες
1113 3707 1280 3775 μόνην
1310 3706 1392 3768 είς
1428 3705 1598 3776 αὐτὴν
1637 3707 1729 3760 τὸν

137 3785 306 3852 λόγον
331 3783 721 3856 ἀνηλώσαμενο
755 3785 1049 3858 ἐποιοῦμεν
1077 3787 1131 3840 δέ
1176 3788 1336 3842 τοῦτο
1369 3791 1469 3842 οὐκ
1494 3791 1726 3861 ἀποσχί-

143 3886 244 3922 σαι
278 3867 591 3938 βουλόμενοι
639 3869 735 3922 τοῦ
766 3870 932 3940 χοροῦ
981 3871 1087 3924 τῶν
1133 3872 1338 3926 παίδων
1380 3874 1571 3946 αὐτὴν,
1613 3875 1729 3929 ἀλλ’

143 3950 553 4022 ἀσφαλέστερον
576 3953 708 4022 ἡμῖν
729 3955 1140 4007 κατασκευάσαι
1165 3955 1256 4008 τὸν
1286 3955 1546 4010 πλοῦτον
1575 3957 1733 4012 τοῦτο

138 4035 213 4103 δὴ
244 4036 340 4087 καὶ
373 4033 475 4088 νῦν
507 4037 852 4106 ποιήσωμεν·
877 4035 975 4090 ’ένα
1009 4036 1118 4089 τῶν
1145 4037 1352 4091 παίδων
1376 4039 1734 4094 ἀποσπάσαν-

141 4138 263 4186 τες,
322 4121 402 4184 εἰς
441 4119 604 4173 αὑτὸν
647 4121 803 4189 ὀλίγα
848 4122 1130 4191 εἴπωμεν·
1178 4121 1297 4185 δέος
1339 4123 1448 4194 γὰρ
1487 4125 1562 4194 μή
1605 4142 1734 4178 ποτε

143 4203 407 4276 καθάπερ
455 4203 598 4256 ὲπτά
655 4206 927 4283 ποταμοὶ,
979 4207 1028 4258 οἰ
1071 4205 1182 4259 τῶν
1245 4207 1385 4260 ἐπτά
1439 4208 1736 4280 μαρτύρων

142 4291 370 4342 ἔπαινοι
411 4287 757 4351 συνελθόντες
780 4287 980 4359 ἀθρόον
1018 4289 1108 4343 τὸν
1145 4287 1306 4356 λόγον
1342 4291 1477 4360 ἡμῖν
1511 4291 1736 4344 ἐπικλύ-

148 4388 345 4424 σωσιν.
371 4368 581 4423 Οὐκοῦν
606 4368 701 4423 ἐνα
728 4369 836 4422 τῶν
865 4371 1165 4423 νεανίσκων
1193 4370 1582 4442 ἀπολάϐωμεν,
1619 4374 1740 4426 οὐδὲ

144 4456 347 4508 τοῦτον
380 4453 769 4524 ἀποσχίζοντες
801 4454 896 4508 τοῦ
940 4452 1104 4526 χοροῦ
1150 4453 1258 4508 τῶν
1287 4455 1564 4524 ἀδελφῶν,
1604 4455 1742 4509 ἀλλά

145 4538 363 4608 κοῦφον
408 4540 538 4609 ήμῖν
587 4537 866 4601 ποιοῦντες
916 4540 976 4592 τὸ
1016 4539 1268 4610 φορτίον*
1317 4539 1413 4594 καὶ
1466 4539 1575 4610 γάρ
1622 4541 1742 4602 ἐνὸς

144 4622 585 4693 ἐπαινουμένου,
635 4623 808 4686 κοινὸς
875 4623 970 4676 καὶ
1020 4624 1128 4677 τῶν
1178 4623 1353 4678 ἄλλων
1395 4625 1428 4677 ό
1482 4626 1742 4694 στέφανος

144 4710 313 4762 ἔσται
337 4748 350 4767 ,
387 4707 507 4759 ἐπεὶ
541 4709 634 4760 καὶ
677 4707 784 4760 τῶν
815 4706 993 4760 ἄθλων
1023 4707 1130 4760 τῶν
1164 4708 1345 4763 αὐτῶν
1378 4707 1744 4780 ἐκοινώνησαν

147 4794 424 4854 ἅπαντες.
465 4791 689 4855 Πάντως
731 4790 786 4843 δὲ
826 4790 1268 4844 ἐπεισελεὺσεται
1313 4793 1444 4862 ήμῖν
1482 4793 1514 4861 ή
1562 4792 1744 4862 μήτηρ

145 4876 252 4928 καὶ
288 4875 565 4943 σήμερον,
597 4871 699 4924 κάν
737 4871 810 4942 μή
841 4873 1008 4943 αὐτῆς
1041 4871 1374 4942 ἀπτώμεθα’
1411 4874 1444 4942 ἡ
1473 4872 1583 4942 γάρ
1612 4875 1743 4926 ἀκο-

145 4957 353 5011 λουθία
401 4956 569 5026 αὐτὴν
607 4954 714 5007 τῶν
742 4955 916 5022 λόγων
956 4955 1320 5009 ἐπισπάσεται
1360 4955 1612 5018 πάντως,
1650 4956 1746 5008 καὶ

146 5043 264 5096 οῦκ
297 5039 548 5104 ἀνέξεται
574 5040 790 5108 ἀφεῖναι
824 5038 892 5092 τά
925 5039 1146 5092 παιδίαο
1171 5040 1220 5091 εί
1245 5038 1355 5108 γάρ
1383 5041 1439 5092 ἐν
1465 5040 1578 5101 τοῖς
1605 5038 1747 5106 ἀγῶ-

151 5142 249 5180 σιν
273 5124 378 5176 οὐκ
400 5121 613 5190 ἀπέστη
641 5121 752 5174 τῶν
783 5121 1044 5188 ἐκγόνων,
1071 5120 1191 5173 οὐδὲ
1221 5122 1278 5172 ἐν
1308 5121 1420 5183 τοῖς
1448 5120 1746 5191 ἐγκωμίοις

145 5205 354 5262 αὐτῶν
377 5203 658 5272 ἀφέξεται.

236 5289 382 5343 Τίνα
399 5283 494 5340 οὖν
513 5278 764 5357 βούλεσθε
784 5286 890 5339 τῶν
912 5285 1054 5340 ἐπτά
1083 5284 1446 5354 ἀπολάϐωμεν
1468 5283 1746 5355 ἀθλητῶν;

150 5375 326 5447 Ἀρα
351 5372 445 5425 τὸν
473 5370 709 5442 πρῶτον,
751 5371 783 5440 ἢ
818 5370 909 5423 τὸν
943 5369 1215 5438 δεύτερον,
1265 5368 1298 5437 ἢ
1345 5368 1437 5420 τὸν
1472 5367 1674 5438 τρίτον,
1715 5367 1748 5438 ἢ

146 5459 260 5513 τὸν
298 5455 530 5525 ἔσχατον
555 5469 570 5517 ;
606 5450 755 5524 [629]
787 5451 1001 5505 Μᾶλλον
1030 5450 1087 5504 δέ
1105 5449 1282 5512 οὐδεὶς
1304 5451 1362 5502 ἐν
1387 5448 1571 5512 αὐτοῖς
1598 5448 1754 5519 ἐσχα·

148 5556 287 5604 τος·
325 5537 486 5609 χορὸς
507 5537 617 5606 γάρ
649 5536 786 5597 ἐστι,
818 5533 979 5604 χοροῦ
1011 5533 1069 5586 δέ
1093 5530 1217 5586 οὔτε
1252 5530 1416 5602 ἀρχὴ,
1447 5529 1571 5584 οὔτε
1601 5531 1754 5594 τέλος

149 5624 463 5696 φαίνεται·
523 5617 640 5670 ἀλλ’
689 5618 776 5671 ἵνα
827 5615 1248 5688 γνωριμώτερον
1292 5617 1606 5696 ποιήσωμεν
1650 5614 1755 5696 ,τὸν

149 5694 279 5757 ἐπα
289 5701 406 5756 ινού
414 5717 591 5771 μενον,
608 5699 699 5752 τὸν
721 5698 944 5767 ἐσχατον
965 5701 1030 5770 τῇ
1050 5697 1234 5769 ἡλικίᾳ
1257 5696 1508 5765 λέγομεν.
1529 5694 1756 5764 Ἀδελφά

156 5787 291 5855 γὰρ
322 5784 394 5838 τά
422 5781 791 5853 παλαίσματα,
824 5782 918 5834 καὶ
957 5780 1192 5852 συγγενῆ
1230 5781 1298 5834 τά
1325 5777 1747 5850 κατορθώματαο

465 5883 738 5941 Ρλτιιυι.
786 5879 903 5938 Gn.
947 5877 1014 5937 L.

1782 1617 1929 1672 {ven
1959 1619 2014 1674 δὲ
2042 1621 2075 1693 ή
2108 1623 2398 1693 συγγένεια
2419 1623 2882 1696 κατορθωμάτων,
2901 1624 3000 1678 οῦκ
3029 1621 3145 1677 ἔστι
3169 1621 3386 1696 πρῶτος

1801 1703 1899 1756 καὶ
1929 1703 2202 1778 δεύτερος.
2244 1707 2635 1777 Ἀπολάϐωμεν
2667 1703 2760 1760 οὖν
2793 1706 2882 1760 τὸν
2916 1706 3142 1777 ἔσχατον
3171 1711 3235 1779 τῇ
3269 1709 3386 1780 ηλι-

1802 1785 1898 1857 κίᾳ
1920 1786 2012 1840 καὶ
2034 1790 2272 1860 ὁμήλικα
2297 1788 2375 1860 τῷ
2403 1792 2734 1860 φρονήματι,
2752 1791 2813 1843 οὗ
2838 1792 2949 1854 τοῖς
2975 1790 3227 1860 ἀδελφοῖς
3249 1792 3388 1862 ὁμή-

1803 1867 1931 1922 λικα
1954 1869 2134 1940 μόνον,
2160 1871 2298 1925 ἀλλά
2332 1873 2427 1926 καὶ
2455 1872 2604 1942 αὐτῷ
2636 1872 2712 1942 τῷ
2743 1873 2983 1943 γέροντι.
3021 1869 3189 1938 Οὗτος
3229 1875 3388 1944 μόνος

1804 1951 1913 2004 τῶν
1935 1953 2180 2022 ἀδελφῶν
2213 1955 2502 2026 λελυμένος
2528 1956 2694 2026 ἠγετο
2714 1956 2850 2026 πρὸς
2873 1954 2940 2008 τά
2970 1954 3385 2028 βασανιστήριω

1802 2037 1867 2090 06
1894 2037 2002 2107 γὰρ
2025 2039 2276 2109 ἀνέμεινε
2302 2039 2400 2102 τάς
2428 2039 2537 2092 τῶν
2571 2039 2781 2110 δημίων
2810 2041 3003 2110 χεῖρας
3024 2056 3039 2070 '
3077 2039 3216 2093 άλλά
3251 2057 3388 2112 προσ

1806 2119 1966 2174 έλαϐε
1986 2123 2053 2192 τῇ
2083 2121 2261 2194 οἰκείᾳ
2291 2121 2568 2194 προθυμίᾳ
2601 2123 2701 2193 τὴν
2731 2123 2972 2175 ἐκείνων·
2989 2122 3272 2194 ὠμότητα,
3296 2123 3390 2176 καὶ

1807 2204 2101 2275 λελυμένος
2141 2205 2324 2274 ἣγετο.
2356 2207 2465 2259 Καὶ
2493 2205 2601 2258 τῶν
2644 2205 2741 2276 μὲν
2774 2205 3018 2275 ἀδελφῶν
3051 2207 3244 2260 οὐδένα
3277 2202 3393 2277 εἶχε

1810 2287 2043 2358 θεατήν*
2102 2288 2301 2352 πάντες
2349 2288 2458 2360 γὰρ
2516 2285 2656 2360 ἦσαν
2708 2288 3123 2352 τελειωθέντες·
3171 2285 3284 2359 εἶχε
3333 2289 3392 2342 δέ

1813 2371 2136 2442 σεμνότερον
2165 2371 2273 2424 τῶν
2305 2371 2550 2441 ἀδελφῶν
2596 2371 2843 2440 θέατρον,
2881 2371 3007 2434 τοὺς
3045 2372 3146 2442 τῆς
3187 2369 3394 2442 μητρὸς

1805 2452 2143 2524 ὀφθαλμούς.
2184 2452 2301 2508 Οὐκ
2328 2453 2515 2522 ἔλεγον
2547 2455 2699 2525 ὑμῖν,
2724 2455 2806 2506 ὄτι
2837 2453 2932 2507 καὶ
2964 2453 3038 2524 μὴ
3071 2451 3396 2516 σπουδαζόν-

1813 2553 1920 2589 των
1950 2535 2105 2607 ἡμῶν
2131 2536 2573 2591 ἐπεισελεύσεται
2604 2536 2753 2607 καὶὴ
2781 2537 2966 2608 μήτηρ
2997 2533 3394 2599 πάντως;’ῐδοὺ

1812 2618 1992 2672 τοίνυν
2016 2620 2312 2690 εἰσήγαγεν
2341 2620 2562 2690 αὐτὴνή
2587 2620 2880 2673 ἀκολουθία
2906 2617 3000 2672 τοῦ
3031 2617 3209 2686 λόγου.
3227 2616 3397 2670 Τοῦτο

1811 2703 1869 2756 δέ
1901 2703 1962 2755 τὸ
1997 2702 2224 2775 θέατρον
2255 2703 2406 2757 οὕτω
2443 2703 2640 2773 σεμνὸν
2667 2699 2734 2774 ἦν
2767 2703 2866 2756 καὶ
2909 2701 3055 2773 μέγα
3075 2743 3088 2766 ,
3123 2701 3264 2754 ὥστε
3302 2701 3396 2753 καὶ

1817 2785 1983 2840 αὑτὸν
2024 2786 2133 2839 τῶν
2170 2786 2418 2855 ἀγγέλων
2448 2786 2538 2840 τὸν
2574 2786 2765 2856 δῆμον,
2801 2785 2999 2856 μᾶλλον
3041 2785 3098 2838 δέ
3139 2786 3235 2838 καὶ
3270 2784 3398 2848 τοὺς

1820 2867 2082 2938 ἀδελφοὺς
2106 2865 2251 2939 εἶχεν
2265 2869 2432 2922 αὑτὸν
2453 2869 2782 2938 θεωμένους,
2801 2869 2900 2920 οὐκ
2922 2867 3000 2920 έτι
3022 2867 3129 2920 ἀπὸ
3150 2867 3250 2935 τῆς
3270 2867 3395 2936 γῆς,

1819 2952 1935 3005 ἀλλ’
1957 2954 2021 3005 ἐκ
2043 2953 2151 3005 τῶν
2179 2953 2444 3023 οὐρανῶν.
2474 2953 2941 3023 Ἐστεφανωμένοι
2970 2952 3076 3023 γάρ
3109 2951 3396 3023 ἐκάθηντο,

1821 3034 2074 3106 καθάπερ
2106 3037 2163 3088 ἐν
2199 3037 2312 3098 τοῖς
2353 3036 2749 3105 Ὀλυμπιακοῖς
2779 3035 2986 3102 ἀγῶσιν
3029 3037 3077 3086 οἱ
3122 3034 3398 3094 δικασταὶ,

1816 3117 1941 3188 οὐχὶ
1989 3117 2268 3188 κρίνοντες
2293 3119 2407 3178 τοῖς
2435 3116 2832 3188 παλαίσμασιν,
2864 3116 3001 3170 ἀλλά
3030 3117 3121 3169 τὸν
3147 3115 3403 3186 στεφανί-

1822 3217 1922 3270 την
1953 3200 2297 3269 ἐπειγόμενοι
2330 3199 2535 3252 λαϐεἰν.
2571 3198 2830 3270 Εἱστήκει
2870 3199 3050 3253 τοίνυν
3087 3199 3399 3270 λελυμένος,

1823 3284 1918 3337 καὶ
1943 3283 2315 3352 φθεγγόμενος
2351 3284 2574 3353 ῥήματα
2606 3281 2923 3351 φιλοσοφίας
2953 3283 3192 3353 γέμοντα
3211 3299 3224 3311 ⁸
3249 3281 3404 3336 ἐϐού-

1824 3367 1946 3420 λετο
1985 3365 2082 3436 μὲν
2114 3365 2222 3438 γάρ
2255 3365 2592 3436 μεταστῆσαι
2619 3365 2726 3432 τὸν,
2741 3365 3004 3436 τύραννον
3030 3366 3164 3437 πρὸς
3198 3366 3296 3438 τὴν
3325 3369 3404 3421 ol-

1825 3449 1978 3502 κείαν
2001 3448 2312 3501 εὐσέϐειαν
2336 3447 2411 3511 ὡς
2443 3447 2500 3500 δέ
2526 3449 2626 3501 οὐκ
2657 3447 2866 3518 ἴσχυσε,
2896 3449 2956 3502 τὸ
2989 3449 3184 3503 ἐαυτοῦ
3219 3450 3405 3503 λοιπὸν

1823 3531 2100 3602 ἐποίησεν,
2158 3531 2421 3597 ἐξέδωκεν
2467 3531 2660 3585 ἐαυτὸν
2718 3535 2783 3602 τῇ
2830 3532 3093 3604 τιμωρίᾳ.
3138 3534 3405 3596 Κάκεῖνος

1827 3615 1931 3686 μὲν
1956 3612 2216 3684 ᾤκτειρεν
2243 3614 2406 3666 αὑτὸν
2442 3613 2543 3682 τῆς
2571 3613 2804 3685 ἡλικίας,
2837 3610 2994 3678 οὗτος
3022 3616 3076 3668 δὲ
3106 3615 3406 3687 ἐδάκρυσεν

1829 3697 1990 3750 αὐτὸν
2014 3697 2113 3767 τῆς
2133 3697 2386 3761 ἀσεϐείας
2407 3713 2420 3727 ·
2453 3697 2512 3749 οὐ
2536 3697 2645 3768 γάρ
2672 3697 2742 3751 τά
2764 3697 2902 3750 αὐτά
2932 3697 3120 3768 βλέπει
3149 3700 3178 3750 6
3206 3698 3408 3769 τύραν-

1828 3798 1920 3842 νος
1963 3781 2059 3834 καὶ
2103 3783 2137 3832 ὁ
2193 3780 2430 3852 μάρτυς·
2474 3781 2805 3852 ἀμφοτέροις
2859 3781 2955 3851 μὲν
3003 3781 3112 3850 γάρ
3153 3781 3203 3832 οἱ
3253 3780 3408 3832 αὐτοὶ

1829 3861 2118 3933 ὀφθαλμοὶ,
2134 3862 2272 3915 ἀλλά
2297 3864 2400 3932 τῆς
2429 3863 2630 3932 σαρκός
2645 3880 2661 3896 ο
2683 3864 2730 3916 οί
2752 3863 2808 3916 δὲ
2833 3864 2931 3934 τῆς
2952 3864 3184 3924 πίστεως
3211 3863 3310 3915 οὐκ
3327 3861 3409 3915 ἐτι

1825 3949 1884 3999 0t
1901 3947 2053 3999 αὐτοί
2072 3962 2084 3975 ·
2105 3945 2222 3998 ἀλλ’
2245 3948 2452 4006 ἐκεῖνος
2471 3946 2570 4013 μὲν
2595 3945 2789 3998 έϐλεπε
2811 3945 2908 4016 τὴν
2938 3945 3219 4018 παροῦσαν
3240 3944 3407 4018 ζωήν,

1830 4023 1985 4090 οὗτος
2008 4028 2066 4080 δὲ
2096 4026 2288 4079 έϐλεπε
2311 4026 2407 4098 τήν
2432 4029 2750 4099 μέλλουσαν,
2777 4027 2912 4098 πρὸς
2941 4029 3006 4098 ἢν
3029 4027 3252 4098 ἔμελλεν
3286 4029 3411 4082 ἀνα-

1837 4111 2138 4184 πτήσεσθαι
2159 4129 2171 4140 ·
2214 4111 2312 4164 καὶ
2345 4113 2373 4164 ό
2404 4113 2502 4182 μέν
2547 4110 2810 4182 τύραννος
2841 4109 2988 4182 ἐώρα
3020 4113 3255 4182 τήγανα.
3283 4114 3312 4165 6
3351 4112 3409 4165 δὲ

1843 4195 2050 4263 μάρτυς
2095 4192 2242 4262 ἐώρα
2281 4193 2379 4262 τὴν
2415 4194 2660 4261 γέενναν,
2706 4195 2786 4256 εἰς
2831 4193 2898 4264 ἢν
2948 4193 3172 4265 ἔμελλεν
3220 4195 3411 4249 ἐαυτὸν

1839 4274 2092 4346 ἐμϐαλεῖν
2118 4277 2148 4328 6
2182 4274 2463 4346 τύραννος.

1911 4359 1974 4410 Et
2004 4358 2062 4410 δέ
2085 4357 2178 4412 τὸν
2213 4358 2397 4412 Ἰσαάκ
2430 4356 2811 4431 θαυμάζομεν,
2845 4360 2927 4414 δτι
2959 4360 3133 4426 δεθεὶς
3176 4360 3282 4415 ὑπὸ
3318 4361 3411 4415 τοῦ

1842 4441 2048 4512 πατρὸς
2073 4441 2167 4493 καὶ
2209 4441 2628 4510 συμποδισθεὶς,
2657 4443 2760 4497 οὐκ
2794 4443 3024 4516 ἐξήλατο
3064 4443 3158 4498 τοῦ
3203 4443 3414 4515 βωμοῦ,

1841 4525 1963 4576 οὐδὲ
1989 4524 2313 4596 ἐσκίρτησεν
2342 4525 2487 4596 ὀρῶν
2516 4525 2792 4598 μάχαιραν
2819 4527 3198 4600 ἐπαγομένηνο
3236 4527 3416 4596 πολλῶ

1849 4608 2048 4680 μᾶλλον
2087 4607 2276 4660 τοῦτον
2302 4607 2606 4679 θαυμάζειν
2641 4611 2788 4682 χρὴ,
2825 4611 2907 4664 ὅτι
2950 4612 3049 4664 οὐκ
3084 4603 3264 4683 ἐδέθη,
3296 4609 3416 4665 οὐδὲ

1845 4691 1944 4758 τῆς
1981 4686 2248 4742 ἀπὸ¹τῶν
2295 4688 2511 4760 δεσμῶν
2548 4691 2792 4762 ἀνάγκης
2838 4693 3026 4764 χρείαν
3070 4694 3247 4766 ἔσχεν,
3295 4693 3415 4747 οὐδὲ

1846 4772 2094 4842 ἀνέμεινε
2120 4771 2220 4836 τάς
2249 4775 2438 4843 χεῖρας
2465 4773 2574 4826 τῶν
2618 4773 2828 4844 δημίων
2849 4817 2862 4836 ,
2900 4775 3016 4829 ἀλλ’
3049 4778 3210 4841 αὐτὸς
3240 4776 3420 4846 ἐαυτῷ

1851 4857 1943 4908 καὶ
1971 4855 2119 4924 θῦμα
2149 4855 2241 4908 καὶ
2275 4856 2452 4924 ἱερεὺς
2478 4856 2572 4908 καὶ
2605 4855 2988 4928 θυσιαστήριον
3009 4859 3216 4928 γέγονε.
3253 4861 3418 4930 Περι-

1853 4941 2132 5010 σκοπήσας
2169 4938 2277 5008 γάρ
2302 4938 2506 5010 κύκλῳ,
2539 4939 2632 4992 καὶ
2674 4939 2797 4994 ίδὼν
2824 4942 3013 4998 οὐδένα
3039 4943 3146 4996 τῶν
3174 4943 3418 5011 ἀδελφῶν

1854 5022 2098 5092 παρόντα
2133 5020 2472 5090 ἐθορυϐήθη,
2510 5023 2745 5093 ἠπείχθη
2783 5024 3015 5079 σπεῦσαι
3060 5027 3152 5079 καὶ
3183 5025 3429 5078 καταλα-

1854 5107 1988 5169 ϐεῖν,
2021 5103 2160 5156 ὥστε
2206 5103 2280 5172 μὴ
2323 5103 2721 5176 ἀποσχισθῆναι
2754 5106 2845 5159 τοῦ
2893 5107 3058 5160 καλοῦ
3107 5107 3298 5160 τούτου
3332 5123 3419 5176 χο-

1855 5191 1972 5262 ροῦ.
1999 5187 2096 5241 Διά
2126 5185 2280 5239 τοῦτο
2298 5187 2398 5239 οὑκ
2426 5187 2678 5259 ἀνέμεινε
2704 5188 2804 5252 τάς
2823 5187 2931 5241 τῶν
2959 5191 3172 5260 δημίων
3198 5192 3416 5259 χεῖρας’

1855 5271 2101 5341 ἐφοϐεῖτο
2122 5269 2230 5339 γάρ
2258 5268 2354 5338 τὴν
2382 5269 2548 5338 φειδῶ
2571 5270 2666 5324 τοῦ
2694 5271 2980 5339 τυράννου,
3013 5273 3086 5342 μή
3110 5287 3237 5322 ποτε
3260 5269 3420 5323 αὑτὸν

1856 5355 2190 5423 κατελεήσας
2228 5349 2511 5424 ἐξαρπάσῃ
2551 5354 2648 5424 τῆς
2680 5352 2966 5417 κοινωνίας
3005 5353 3113 5406 τῶν
3141 5351 3420 5420 ἀδελφῶνο

1857 5440 1946 5493 διά
1972 5436 2126 5490 τοῦτο
2150 5434 2433 5506 προλαϐὼν
2474 5435 2666 5489 ἑαυτὸν
2690 5435 2964 5507 ἐξήρπασε
2990 5436 3090 5507 τῆς
3115 5434 3424 5506 φιλανθρωο

1862 5522 1992 5584 πίας
2028 5519 2128 5588 τῆς
2168 5516 2466 5587 ἀνημέρου.
2504 5519 2616 5572 Καὶ
2647 5517 2754 5588 γάρ
2786 5517 2956 5572 πολλά
2993 5515 3061 5589 ἦν
3104 5517 3266 5572 ἱκανά
3311 5519 3426 5571 ἐπι-

1862 5602 2075 5673 κάμψαι
2121 5598 2217 5655 .τὸν
2267 5598 2555 5669 τύραννον,
2603 5599 2701 5670 τῆς
2748 5599 2967 5669 ἡλικίας
3012 5599 3075 5654 τδ
3121 5599 3274 5661 νέον.
3317 5599 3428 5653 »τῶν

1864 5683 2107 5753 ἀδελφῶν
2151 5681 2259 5734 τῶν
2307 5682 2576 5736 τοσούτων
2624 5685 2656 5754 ὴ
2706 5683 2965 5756 τιμωρία,
3018 5686 3052 5756 ή
3101 5684 3196 5739 καὶ
3240 5683 3428 5759 θηρίον

1865 5770 2024 5837 ἱκανὴ
2055 5767 2274 5844 κορέσαι
2301 5765 2434 5834 (ἀλλ’
2465 5769 2668 5826 ἐκεῖνος
2701 5766 2801 5822 οὐκ
2826 5768 3186 5843 ἐκορέννυτο),
3210 5769 3243 5834 ἡ
3269 5766 3431 5822 πολιὰ

3000 5852 3074 5916 ib
