3844 6280
505 431 608 483 (³ὲὸ

503 544 602 613 τῆς
635 539 859 611 μητρὸς,
890 537 949 592 τὸ
983 539 1146 610 μηδὲν
1179 540 1326 609 αὐτῷ
1357 540 1609 610 γενέσθαι
1640 540 1800 593 πλέον
1837 540 1944 593 ἀπὸ
1977 541 2075 611 τῆς

505 625 781 685 κολάσεως
811 621 917 674 τῶν
951 621 1350 691 προλαϐόντων.

579 707 730 780 [650]
759 707 823 776 β’.
844 707 1029 759 Ταῦτα
1064 706 1240 760 πάντα
1257 708 1514 776 ἐννοήσας
1534 708 1561 760 6
1587 706 1801 769 νεανίας
1821 705 2074 759 ἐνέϐαλεν

505 793 696 845 ἑαυτὸν
724 793 802 853 είς
831 790 1119 860 τιμωρίαν,
1157 790 1248 859 ἀφ’
1278 787 1344 861 ἦς
1375 790 1655 860 διαφυγεῖν
1687 791 1785 842 ούκ
1815 791 1959 856 ἐνῆν,
1983 789 2076 840 καὶ¹

502 874 578 937 ὡς
619 875 698 934 είς
744 871 923 942 πηγὴν
970 871 1226 941 ναμάτων
1259 871 1500 944 ψυχρῶν,
1531 871 1702 934 οὕτως
1731 873 1809 933 εἰς
1838 874 1963 934 τοὺς
1995 870 2078 922 λέ-

504 956 673 1024 ϐητας
702 954 984 1018 ἐκυὸίστα,
1003 953 1224 1026 λουτρὸν
1248 954 1444 1018 αὐτοὺς
1467 954 1607 1007 θεῖον
1630 955 1723 1007 καὶ
1747 953 2026 1023 βάπτισμα
2049 965 2075 993 ι

502 1039 757 1108 νομίζων.
787 1037 1051 1107 Καθάπερ
1079 1038 1186 1107 γάρ
1213 1036 1488 1108 ἄνθρωποι
1517 1037 1836 1108 φλεγόμενοι
1872 1039 1951 1099 είς
1983 1035 2075 1088 εύ-

506 1138 662 1192 ριπον
701 1119 924 1191 ψυχρῶν
955 1120 1161 1173 ὑδάτων
1192 1121 1419 1184 ἑαυτοὺς
1447 1121 1693 1191 ἀφιᾶσιν,
1726 1119 1899 1182 οὕτως
1937 1121 2079 1173 ἐκεῖ-

505 1222 592 1267 νος
617 1204 965 1272 ἐκκαιόμενος
998 1205 1063 1273 τῇ
1099 1203 1208 1256 τῶν
1245 1203 1486 1271 ἀδελφῶν
1527 1202 1787 1273 ἐπιθυμίᾳ
1821 1203 1956 1274 πρὸς
1979 1201 2078 1273 τὴν

503 1286 774 1356 τιμωρίαν
799 1286 1010 1355 ἐκείνην
1041 1286 1250 1356 ἀφῆκεν
1279 1286 1492 1339 ἐαυτὸν.

575 1371 895 1439 Προσήγαγε
926 1368 981 1420 δέ
1015 1369 1107 1421 καὶ
1143 1371 1174 1437 ἡ
1203 1368 1384 1438 μήτηρ
1414 1367 1777 1438 παράκλησιν,
1809 1366 1909 1418 ούκ
1933 1365 2079 1418 ἐπει-

503 1449 566 1519 δὴ
593 1451 990 1522 παρακλήσεως
1012 1451 1216 1513 ἐκεῖνος
1245 1451 1432 1514 ἐδεῖτο,
1463 1451 1576 1503 ἀλλ’
1603 1451 1690 1503 ἵνα
1716 1447 1894 1520 μάθῃς
1915 1448 2078 1501 πάλιν

503 1533 565 1585 τὸ
607 1533 833 1605 στερρὸν
866 1533 964 1603 τῆς
1008 1533 1266 1602 γυναικός
1289 1549 1300 1562 ·
1342 1534 1428 1585 ἐπ’
1463 1532 1638 1586 οὐδενὶ
1669 1532 1778 1603 γὰρ
1801 1531 1911 1584 τῶν
1940 1530 2080 1584 ἐπτά

506 1617 709 1669 παίδων
748 1615 915 1669 ἔπαθε
940 1616 1006 1669 τὰ
1042 1618 1308 1688 μητέρων,
1349 1617 1547 1686 μᾶλλον
1572 1616 1629 1668 δέ
1657 1617 1738 1685 ἐφ’
1771 1617 1986 1686 ἑκάστῳ
2011 1615 2080 1668 τά

507 1701 757 1771 μητέρων
784 1700 981 1753 ἔπαθεν
1001 1715 1014 1729 ·
1045 1701 1104 1752 ού
1139 1701 1246 1770 γάρ
1279 1695 1400 1753 εἶπε
1437 1700 1572 1770 πρὸς
1602 1700 1834 1770 ἐαυτήν·
1855 1699 1918 1752 Τί
1946 1715 2078 1751 ποτε

503 1781 662 1834 τοῦτό
708 1784 892 1849 ἐστιν;
927 1783 1276 1853 ἀνήρπασταί
1313 1799 1403 1852 μοι
1441 1781 1550 1835 τῶν
1582 1781 1787 1835 παίδων
1823 1784 1852 1836 6
1879 1780 2074 1852 χορός·

504 1856 658 1927 οὗτος
694 1865 1072 1919 ὑπολέλειπται
1106 1867 1293 1935 μόνος·
1338 1867 1396 1917 ἐν
1429 1865 1608 1935 τούτῳ
1637 1881 1726 1933 μοι
1778 1860 2076 1917 κινδυνεύει

502 1947 573 1999 τὰ
599 1949 694 2018 τῆς
723 1949 976 2012 ἀπαιδίας
997 1965 1010 1978 ·
1037 1949 1122 2012 τίς
1154 1966 1222 2018 με
1261 1949 1636 2020 γηροκομήσει
1667 1946 1873 2011 λοιπὸν,
1901 1946 1966 2000 ἂν
1989 1938 2078 1998 οὗ·

499 2047 590 2093 τος
619 2032 864 2103 άπέλθῃ;
913 2033 973 2084 ού
1007 2032 1114 2104 γάρ
1152 2033 1309 2104 ἤρκει
1352 2049 1442 2102 μοι
1471 2032 1597 2095 τοὺς
1636 2031 1853 2102 ἡμίσεις
1893 2046 2074 2100 παρα-

504 2113 719 2183 στῆσαι,
746 2117 872 2168 εἰδὲ
905 2116 980 2187 μὴ
1014 2117 1140 2179 τοὺς
1170 2116 1407 2187 ἡμίσεις,
1437 2115 1536 2178 τὰς
1566 2114 1660 2168 δύο
1684 2114 1909 2186 μοίρας;
1939 2112 2076 2166 ἀλλά

501 2201 596 2253 καὶ
627 2200 718 2254 τὸν
747 2200 1204 2270 ὑπολελειμμένον
1248 2219 1338 2271 μοι
1390 2201 1550 2269 μόνον
1595 2201 1674 2263 είς
1723 2197 2074 2268 παραμυθίαν

500 2282 595 2335 τοῦ
622 2285 825 2354 γήρως,
863 2284 955 2337 καὶ
985 2277 1148 2337 αὑτὸν
1175 2283 1426 2335 ἐπιδώσω
1451 2282 1642 2346 πάλιν;
1673 2279 1838 2334 Ούδέν
1871 2278 2076 2332 τούτων

501 2367 601 2419 ούκ
633 2363 804 2430 εἶπεν,
852 2367 952 2420 ούκ
999 2367 1312 2436 ἐνενόησεν,
1347 2366 1485 2418 ἀλλὰ
1522 2365 1775 2434 καθάπερ
1811 2361 1968 2432 χερσὶ
2007 2364 2073 2432 τῇ

503 2449 844 2520 παρακλήσει
872 2450 978 2504 τῶν
1002 2450 1174 2518 λόγων
1209 2450 1462 2518 ἐπάρασα
1491 2448 1742 2502 ἐνέϐαλεν
1771 2448 1851 2510 είς
1875 2446 1967 2499 τὸν
1989 2445 2078 2498 λέ-

503 2531 645 2600 ϐητα
679 2532 768 2584 τὸν
801 2533 911 2586 υἱὸν
931 2572 946 2596 ,
981 2533 1275 2598 δοξάζουσα
1305 2533 1394 2586 τὸν
1428 2532 1595 2596 Θεὸν,
1629 2532 1712 2584 ὃτι
1745 2529 1864 2583 ὅλον
1903 2528 2075 2598 αὐτῆς

501 2614 594 2668 τὸν
625 2614 834 2684 καρπὸν
868 2615 966 2685 τῆς
996 2615 1232 2686 γαστρὸς
1264 2616 1501 2682 ἐδέξατο,
1547 2616 1642 2669 καὶ
1671 2614 1860 2668 οὐδένα
1887 2613 2077 2666 ἀπεδο-

503 2697 757 2766 κίμασεν,
787 2698 900 2752 ἀλλ’
923 2699 1212 2771 ὁλόκληρον
1239 2700 1299 2753 τὸ
1328 2699 1540 2768 δένδρον
1571 2697 1871 2768 ἐτρύγησεν
1891 2713 1904 2726 ·
1932 2695 2075 2749 ὥστε

503 2780 722 2852 θαρρῶν
755 2782 820 2835 ἂν
864 2783 1094 2852 εἴποιμι,
1141 2785 1221 2836 ὅτι
1261 2781 1482 2853 μείζονα
1525 2780 1662 2852 αὕτη
1712 2780 1840 2832 τῶν
1868 2779 2074 2832 παίδων

471 2886 478 2890 ·
503 2862 720 2916 ιπαθεν.
764 2863 1024 2928 Ἐκείνοις
1058 2865 1155 2935 μὲν
1182 2865 1287 2936 γὰρ
1317 2865 1374 2918 τὸ
1405 2865 1536 2918 πολὺ
1564 2864 1664 2932 τῆς
1704 2861 1894 2932 ὀδύνης
1920 2862 2012 2914 καὶ
2038 2863 2071 2932 ἡ

501 2945 826 3015 λειποψυχία
848 2946 1029 2999 λοιπὸν
1053 2947 1404 3017 ὑπετέμνετο,
1431 2945 1569 3016 αῦτη
1605 2945 1660 2998 δέ
1695 2943 1935 3014 ἀκεραίῳ
1959 2943 2076 2996 δια-

501 3029 622 3100 νοίᾳ
652 3030 744 3081 καὶ
775 3031 1068 3102 ἀκραιφνεῖ
1097 3029 1287 3100 γνώμῃ
1317 3030 1647 3102 τρανοτέραν
1667 3026 1942 3098 ἐλάμϐανε
1962 3024 2071 3078 τῶν

501 3113 799 3184 γινομένων
831 3114 930 3183 τὴν
963 3111 1213 3183 αἴσθησιν
1247 3112 1333 3166 διὰ
1360 3111 1457 3182 τὴν
1492 3111 1672 3181 φύσιν.
1707 3112 1815 3163 Καὶ
1835 3105 1904 3180 ἦν
1943 3108 2071 3162 ἰδεῖν

500 3195 756 3266 τριπλοῦν
789 3195 916 3266 πῦρ,
934 3196 1070 3266 ὅπερ
1094 3195 1322 3250 ἔκαυσεν
1351 3196 1378 3247 6
1403 3195 1662 3263 τύραννος
1688 3195 1914 3256 ἐκεῖνος,
1933 3193 2072 3263 ὅπερ

499 3279 784 3349 ἀνέφλεξεν
814 3283 847 3351 ή
876 3281 1056 3349 φύσις,
1087 3281 1224 3352 ὅπερ
1255 3279 1422 3349 ἐξῆψε
1457 3280 1517 3332 τὸ
1551 3276 1775 3348 Πνεῦμα
1802 3277 1864 3331 τὸ
1895 3277 2069 3344 ἅγιον.

499 3364 576 3419 Ού
614 3362 870 3432 τοιαύτην
916 3362 1088 3432 ἀνῆψε
1126 3364 1355 3433 κάμινον
1387 3365 1416 3415 6
1449 3361 1786 3424 Βαϐυλώνιος
1809 3360 2072 3431 τύραννος

501 3446 725 3507 ἐκεῖνος,
756 3445 870 3497 οῖαν
899 3444 1073 3513 ἀνῆψε
1106 3447 1174 3514 τῇ
1204 3445 1370 3514 μητρὶ
1396 3443 1625 3512 κάμινον
1645 3444 1672 3495 6
1693 3442 1952 3514 τύραννος
1978 3435 2069 3496 οὗ·

500 3545 622 3590 τος·
669 3529 785 3580 ἐκεῖ
821 3527 918 3596 μὲν
953 3529 1062 3595 γὰρ
1097 3529 1130 3596 ἡ
1166 3527 1340 3596 τροφὴ
1385 3525 1480 3578 τοῦ
1517 3525 1684 3595 πυρὸς
1729 3525 1929 3593 νάφθα,
1978 3525 2072 3579 καὶ

501 3615 692 3674 πίσσα,
722 3609 816 3660 καὶ
847 3607 1114 3661 στύππιον
1133 3609 1183 3673 δ,
1209 3609 1303 3660 καὶ
1329 3608 1598 3677 κ).ηματ“ις
1619 3603 1687 3677 ἧν
1713 3624 1726 3636 ·
1759 3607 1992 3660 ἐνταῦθα
2014 3606 2073 3660 δέ

501 3691 682 3762 φύσις,
718 3691 901 3752 ὠδῖνες
923 3729 938 3752 ,
972 3689 1343 3760 φιλοστοργία,
1374 3688 1578 3742 παίδων
1609 3689 1916 3759 συμφωνία.
1960 3688 2071 3758 Οὐχ

498 3773 670 3836 οὕτως
700 3771 1080 3844 ἐτηγανίζοντο
1119 3774 1315 3824 ἐκεῖνοι
1349 3772 1441 3824 ἐπὶ
1468 3770 1561 3823 τοῦ
1597 3770 1767 3842 πυρὸς
1806 3771 2067 3842 κείμενοι,

497 3857 572 3919 ὼς
618 3855 969 3927 ἐτηγανίζετο
1014 3854 1153 3925 αὕτη
1200 3855 1288 3908 διὰ
1335 3855 1433 3927 τὴν
1481 3855 1892 3927 φιλοστοργίαν·
1955 3854 2069 3908 ἀλλ’

497 3940 718 4012 ἐκράτει
740 3939 826 3992 διὰ
850 3939 946 4010 τὴν
969 3939 1270 4003 εύσέδειαν,
1292 3939 1384 3992 καὶ
1407 3938 1568 4008 φύσις
1596 3939 1833 4010 ἐμάχετο
1862 3939 2068 4009 χάριτι,

502 4026 592 4078 καὶ
632 4024 816 4097 ἠνίκη
848 4023 946 4094 τῆς
981 4021 1200 4094 χάριτος
1227 4019 1325 4094 ῆν·
1368 4022 1618 4076 εύσέδεια
1660 4023 1863 4075 ὠδίνων
1913 4039 2069 4092 περι-

498 4109 734 4174 εγένετο,
763 4107 855 4160 καὶ
887 4105 1248 4177 πῦρ-ἐκράτει
1275 4108 1462 4178 πυρὸς,
1494 4106 1554 4160 τὸ
1581 4105 1946 4175 πνευματικὸν
1975 4105 2068 4157 τοῦ

498 4188 760 4263 φυσικοῦ,
796 4190 889 4263 καὶ
919 4187 1014 4241 τοῦ
1046 4189 1197 4260 παρὰ
1230 4189 1325 4258 τῆς
1355 4189 1634 4258 ὠμότητος
1671 4186 1765 4240 τοῦ
1803 4188 2066 4256 τυράννου

496 4262 806 4334 καυθέντος.
859 4271 968 4324 Καὶ
1003 4263 1252 4343 καθάπερ
1293 4272 1553 4325 θαλαττία
1591 4272 1766 4340 πέτρα
1799 4270 2065 4341 δεχομένη

496 4356 756 4425 κυμάτων
780 4353 1101 4424 προσϐολὰς.
1122 4355 1258 4425 αὐτὴ
1294 4356 1389 4423 μὲν
1416 4355 1672 4424 ἀκίνητος
1697 4355 1868 4424 μένει,
1886 4356 2068 4406 ἐκεῖνα

495 4438 554 4490 δέ
583 4439 660 4499 είς
691 4435 861 4506 ἀφρὸν
884 4433 1172 4489 διαλύουσα
1196 4436 1444 4504 ἀφανίζει
1469 4436 1667 4505 ῥᾳδίως
1689 4454 1701 4467 ο
1719 4435 1864 4488 οὕτω
1887 4435 1952 4505 δὴ
1976 4435 2069 4488 καὶ

496 4522 528 4590 ἡ
557 4519 754 4590 καρδία
788 4519 886 4587 τῆς
919 4519 1175 4585 γυναικὸς
1208 4517 1451 4586 ἐκείνης,
1479 4516 1668 4587 ὥσπερ
1695 4534 1778 4580 τις
1807 4517 2069 4571 θαλαττία

497 4605 673 4672 πέτρα
700 4600 929 4672 κύματα
945 4599 1207 4674 δεχομένη
1237 4599 1334 4662 τὰς
1374 4595 1677 4669 προσϐολὰς
1702 4600 1810 4653 τῶν
1839 4599 2060 4663 ὀδυνῶν,

497 4684 642 4754 αὐτη
669 4683 766 4752 μὲν
791 4682 1046 4752 ἀκίνητος
1077 4680 1237 4750 ἔμενε
1259 4720 1272 4744 ,
1304 4681 1400 4745 τάς
1430 4681 1486 4734 δὲ
1515 4681 1821 4750 προσϐολὰς
1849 4683 2065 4746 ἐκείνας

499 4764 711 4836 στερρῷ
771 4765 865 4818 καὶ
922 4763 1235 4833 φιλοσοφίας
1281 4763 1503 4834 γέμοντι
1555 4763 1734 4818 διέλυε
1782 4763 2062 4834 λογισμῷ·

497 4850 860 4918 ἐφιλοτιμεῖτο
880 4849 1048 4914 δεῖξαι
1073 4848 1150 4918 τῷ
1175 4848 1443 4918 τυράννῳ,
1469 4849 1550 4900 δτι
1574 4846 1744 4910 ὅντως
1767 4852 1948 4919 μήτηρ
1969 4849 2066 4902 αὺ-

561 4945 587 5008 f
609 4945 731 5008 Reg.
758 4951 812 4993 el.
829 4942 1194 5008 Sa_vil._).ourpby
1213 4941 1334 4991 θεῖον
1365 4941 1514 5008 ἐκεῖνο
1542 4941 1598 4988 τὸ
1622 4941 1879 5008 βάπτισμαἒ

560 5007 588 5048 h
617 5007 663 5054 In
684 5001 836 5068 fnarg.
869 5003 1013 5066 Regii
1036 5001 1126 5052 ms;
1158 5011 1352 5053 nolalur
1371 5005 1601 5052 στίππυον
1622 5001 1736 5066 λεία)
1758 5001 1954 5051 ἐνταῦθα
1977 5020 2065 5050 κα-

494 5070 642 5119 λεῖται
659 5069 714 5116 τὸ
737 5068 1058 5116 έλαιόκοκκον.

1186 432 1240 483 S.
1279 430 1564 486 JOANNIS
1601 427 2092 512 ειιιιϊεοδίξοιιι
2131 430 2450 486 ARCIHEP.
2492 429 3025 485 CONSTANTINOP.
3666 428 3757 480 6'26

2177 541 2286 596 τῶν
2317 544 2492 606 ἐστιν,
2528 542 2692 605 δντως
2728 543 2923 595 ἐκεῖνοι
2969 545 3180 614 γνήσιοι
3219 540 3404 603 παῖδες
3454 540 3640 610 αὐτῆς
3663 583 3676 604 ,
3708 543 3760 595 οὐ

2177 625 2264 679 διὰ
2292 626 2389 696 τὴν
2420 624 2740 694 συγγένειαν
2772 625 2869 694 τῆς
2900 624 3137 692 φύσεως,
3156 624 3292 678 ἀλλὰ
3321 623 3412 676 διὰ
3435 623 3542 694 τὴν
3574 640 3764 676 κοινω-

2177 711 2294 763 νίαν
2319 711 2414 780 τῆς
2444 709 2646 780 ἀρετῆς
2665 725 2677 738 ·
2709 709 2810 761 οὐκ
2837 708 3080 778 ἐνόμιζεν
3105 709 3234 778 ὁρᾷν
3266 707 3600 759 κολαστικὸν
3634 707 3761 776 πῦρ,

2178 792 2313 845 ἀλλὰ
2346 791 2614 861 γαμήλιον
2642 790 2920 859 λαμπάδα.
2947 792 3060 859 Ούχ
3088 790 3230 843 οὓτω
3264 791 3450 860 μήτηρ
3472 790 3762 858 κοσμοῦσα

2181 874 2375 935 παῖδας
2405 875 2484 935 είς
2513 873 2690 941 γάμον
2729 873 3077 941 εὐφραίνεται
3100 912 3113 935 ,
3146 872 3221 936 ὼς
3249 872 3430 941 ἐκείνη
3461 871 3762 941 κολαζομέο

2178 974 2302 1019 νους
2333 955 2604 1025 βλέπουσα
2642 953 2793 1027 [651]
2835 955 3054 1025 ἔχαιρε·
3096 957 3189 1008 καὶ
3231 955 3487 1023 καθάπερ
3537 953 3635 1007 τὸν
3676 954 3762 1022 μὲν

2181 1041 2338 1110 στολῇ
2379 1038 2779 1109 περιϐάλλουσα
2810 1041 3074 1108 νυμφικῇ,
3099 1037 3178 1108 τῷ
3202 1037 3256 1090 δέ
3289 1038 3606 1105 στεφάνους
3644 1036 3763 1089 121i-

2178 1138 2370 1184 κουσα,
2397 1120 2475 1190 τῷ
2503 1120 2560 1173 δὲ
2592 1120 2868 1184 παστάδας
2904 1122 3098 1173 ἱστᾶσα
3128 1120 3456 1190 γαμηλίους,
3497 1119 3658 1174 οὕτω
3686 1120 3761 1174 τὸν

2182 1204 2280 1274 μὲν
2305 1204 2396 1256 ἐπὶ
2411 1205 2536 1262 τοὺς
2555 1202 2808 1274 λέϐητας,
2836 1203 2926 1257 τὸν
2949 1203 3005 1256 δὲ
3030 1205 3121 1255 ἐπὶ
3148 1205 3215 1256 τὰ
3234 1204 3448 1272 τήγανα
3469 1204 3760 1274 τρέχοντα,

2176 1288 2268 1340 τὸν
2296 1287 2352 1340 δέ
2382 1286 2478 1357 τὴν
2509 1287 2752 1358 κεφαλὴν
2784 1287 3223 1358 ἀποτεμνόμενον
3256 1287 3439 1356 δρῶσα
3467 1287 3756 1354 ἠγάλλετο.

2179 1368 2282 1422 Καὶ
2306 1367 2374 1440 ῆν
2401 1369 2580 1422 πάντα
2609 1368 2816 1425 καπνοῦ
2841 1371 2934 1421 καὶ
2957 1371 3179 1437 κνίσσης
3208 1370 3398 1439 μεστὰ,
3419 1371 3516 1420 καὶ
3548 1368 3646 1421 διά
3668 1370 3759 1419 τῶν

2178 1452 2545 1523 αἰσθητηρίων
2585 1452 2839 1504 ἁπάντων
2874 1452 2972 1520 τὴν
3013 1455 3207 1521 πεῖραν
3238 1451 3452 1520 ἐδέχετο
3479 1450 3603 1503 τῶν
3647 1452 3761 1503 mf-

2177 1536 2302 1598 δων,
2333 1534 2426 1588 διὰ
2454 1534 2562 1587 τῶν
2591 1535 2886 1604 ὀφθαλμῶν
2923 1533 3128 1604 ὁρῶσα,
3166 1533 3252 1586 διὰ
3297 1535 3394 1602 τῆς
3441 1534 3628 1603 ἀκοῆς
3665 1534 3760 1584 τῶν

2180 1619 2448 1690 φιλτάτων
2499 1619 2771 1671 ἀκούουσα
2828 1620 3120 1688 ῥημάτων,
3184 1617 3321 1686 αὐτῇ
3373 1620 3438 1686 τῇ
3503 1619 3626 1687 ῥινὶ
3683 1618 3761 1669 τὸν

2179 1704 2383 1759 καπνὸν
2421 1702 2684 1773 δεχομένη
2723 1701 2831 1755 τῶν
2863 1702 3084 1772 σαρκῶν
3124 1700 3215 1752 τὸν
3251 1700 3379 1769 ἡδὺν
3419 1701 3642 1752 ἐκεῖνον
3678 1701 3762 1752 καὶ

2180 1786 2350 1856 ἀηδῆ·
2386 1786 2522 1856 ἀηδῆ
2559 1786 2654 1854 μὲν
2682 1787 2794 1845 τοῖς
2823 1784 3102 1855 ἀπίστοῖς,
3131 1782 3210 1852 τῷ
3239 1780 3357 1852 Θεῷ
3386 1781 3445 1834 δέ
3483 1783 3586 1834 καὶ
3627 1783 3760 1850 αὐτῇ

2180 1870 2396 1923 πάντων
2425 1869 2640 1940 ἥδιστον
2663 1883 2675 1895 '
2704 1867 2794 1920 τὸν
2827 1867 3034 1920 καπνὸν
3063 1868 3268 1919 ἐκεῖνον
3289 1865 3348 1927 ὃς
3373 1865 3465 1918 τὸν
3493 1865 3604 1934 μὲν
3631 1865 3763 1931 ἀέρα

2181 1955 2434 2020 ἐθόλωσε,
2469 1953 2567 2024 τὴν
2600 1952 2655 2005 δέ
2677 1952 2915 2004 διάνοιαν
2938 1952 3038 2021 τῆς
3060 1949 3318 2018 γυναικὸς
3342 1949 3442 2002 ούκ
3467 1949 3758 2001 ἐϐόλωσεν·

2178 2038 2420 2108 εἱστήκει
2437 2037 2545 2107 γὰρ
2564 2035 2784 2106 ἀκλινὴς
2813 2036 2906 2087 καὶ
2922 2036 3319 2104 ἀπερίτρεπτος
3341 2031 3762 2103 ἐγκαρτεροῦσα

2179 2122 2312 2174 πᾶσι
2334 2124 2446 2182 τοῖς
2473 2118 2797 2189 γινομένοις.
2845 2117 2987 2170 Ἀλλ’
3024 2116 3141 2188 ῶρα
3175 2116 3358 2170 λοιπὸν
3397 2114 3764 2169 καταπαῦσαι

2177 2203 2268 2256 τὸν
2301 2203 2478 2272 λόγον,
2507 2201 2647 2254 ὥστε
2675 2201 2938 2254 πλειόνων
2967 2200 3162 2263 αὐτοὺς
3189 2198 3496 2252 ἀπολαῦσαι
3527 2199 3641 2250 τῶν
3673 2201 3761 2266 ἐγ-

2177 2287 2403 2356 κωμίων
2432 2285 2584 2356 παρὰ
2616 2283 2694 2354 τῷ
2726 2282 2890 2354 κοινῷ
2918 2283 3247 2356 διδασκάλῳ.

2248 2407 2462 2477 Ταύτην
2494 2405 2866 2477 μιμείσθωσαν
2897 2404 3162 2476 πατέρες,
3202 2403 3554 2476 ζηλούτωσαν
3598 2403 3762 2475 μητέ-

2179 2511 2289 2566 ρες,
2324 2493 2709 2560 καὶγυναῖκες,
2746 2488 2834 2543 καὶ
2890 2490 3098 2560 ἄνδρες,
3133 2491 3189 2541 ἐν
3219 2489 3486 2560 παρθενίᾳ
3532 2489 3758 2553 ζῶντες,

2179 2580 2272 2632 καὶ
2303 2576 2538 2638 σάκκους
2561 2573 2852 2645 περιὸεὸλη
2863 2575 3031 2644 μένοι,
3053 2575 3143 2626 καὶ
3168 2572 3322 2626 κλοιά
3351 2574 3757 2642 περικείμενοι·

2175 2663 2308 2714 ὅπου
2342 2661 2449 2731 γάρ
2484 2659 2548 2712 ἂν
2580 2657 2904 2727 ἀφικώμεθα
2944 2656 3359 2727 σκληραγωγίας
3388 2673 3449 2708 τε
3483 2658 3582 2708 καὶ
3614 2657 3758 2725 φιλο-

2178 2744 2388 2812 σοφίας,
2420 2741 2717 2812 προφθάνει
2741 2740 2837 2811 τήν
2860 2741 3154 2811 καρτερίαν
3179 2739 3332 2809 ἡμῶν
3362 2738 3466 2806 τῆς
3498 2739 3759 2804 γυναικὸς

2176 2824 2540 2897 ἡφιλοσοφία.
2581 2823 2788 2893 Μηδεὶς
2825 2823 3000 2876 τοίνυν
3041 2821 3147 2874 τῶν
3185 2817 3263 2884 είς
3295 2822 3465 2888 ἀκρον
3496 2821 3758 2892 ἐληλακό-

2173 2926 2280 2962 των
2307 2908 2555 2978 ἀνδρείας
2594 2907 2689 2960 καὶ
2715 2905 3007 2978 καρτερίας
3045 2904 3260 2970 ἀνάξιον
3307 2899 3446 2955 εἶναι
3490 2904 3756 2974 νομιζέτω

2173 2993 2271 3062 τὴν
2297 2994 2529 3060 γυναῖκα
2551 2991 2649 3061 τὴν
2671 2992 3042 3060 γεγηρακυῖαν
3071 2987 3385 3040 διδάσκαλον
3419 2987 3572 3056 ἔχειν
3594 3004 3609 3017 ·
3646 2989 3754 3040 ἀλλ’

2173 3073 2458 3144 εύξώμεθα
2482 3076 2632 3144 κοινῇ
2665 3073 2882 3134 πάντες,
2907 3072 3002 3124 καὶ
3021 3072 3069 3124 οἱ
3100 3070 3198 3134 τὰς
3240 3070 3421 3131 πόλεις
3453 3069 3753 3133 οἰκοῦντες.

2171 3157 2267 3211 καὶ
2294 3158 2342 3209 οἱ
2371 3159 2488 3220 ταῖς
2526 3157 2778 3229 ἐρημίαις
2810 3155 3230 3225 ἐνδιαιτώμενοι,
3266 3155 3357 3206 καὶ
3379 3155 3430 3206 οἱ
3457 3154 3755 3225 παρθενίαν

2170 3239 2486 3303 ἀσκοῦντες,
2515 3239 2608 3292 καὶ
2639 3241 2686 3291 οἱ
2720 3240 2777 3291 ἐν
2805 3240 2966 3308 γάμῳ
2998 3235 3178 3307 σεμνῷ
3212 3235 3641 3305 διαλάμποντες,
3668 3242 3756 3290 καὶ

2170 3325 2218 3376 οί
2239 3322 2346 3375 τῶν
2376 3323 2656 3394 παρόντων
2687 3322 3061 3391 ὑπερορῶντες
3093 3321 3363 3385 ἁπάντων,
3382 3324 3483 3374 καὶ
3512 3324 3577 3376 τὸ
3603 3323 3756 3393 σῶμα

2173 3405 2606 3476 σταυρώσαντες,
2628 3405 2921 3474 δυνηθῆναι
2945 3403 3034 3456 τὸν
3062 3403 3221 3456 αὑτὸν
3244 3403 3380 3473 αύτῇ
3397 3403 3605 3474 δρόμον
3636 3407 3757 3479 ἀράο

2175 3505 2322 3558 μενοι
2355 3489 2452 3557 τῆς
2491 3488 2657 3557 αὐτῆς
2683 3489 2818 3558 αὐτῇ
2853 3483 3252 3555 καταξιωθῆναι
3282 3487 3628 3556 παρρησίας,
3667 3491 3754 3540 καὶ

2170 3571 2336 3638 ἐγγὺς
2371 3570 2541 3640 αὐτῆς
2575 3572 2760 3640 στῆναι
2791 3570 2930 3622 κατᾶ
2960 3570 3058 3640 τὴν
3084 3570 3294 3638 ἡμέραν
3321 3569 3545 3638 ἐκείνην
3575 3570 3753 3640 εὐχαῖς

2171 3654 2338 3724 αὐτῆς
2364 3654 2463 3724 τῆς
2505 3653 2682 3720 ἁγίας,
2717 3653 2812 3705 καὶ
2839 3652 2945 3704 τῶν
2973 3653 3142 3722 αὐτῆς
3175 3652 3398 3718 παίδων,
3420 3653 3522 3703 καὶ
3546 3653 3642 3706 τοῦ
3669 3655 3750 3706 τόν

2170 3735 2329 3807 χορὸν
2358 3735 2549 3789 αὐτῶν·
2598 3734 3045 3805 συμπληροῦντος
3092 3733 3412 3803 Ἐλεαζάρου
3448 3735 3548 3788 τοῦ
3579 3737 3743 3804 μεγάο

2169 3817 2262 3870 λου
2290 3819 2381 3870 καὶ
2409 3817 2655 3885 γενναίου
2684 3818 2934 3887 γέροντος
2966 3818 3057 3869 καὶ
3084 3817 3259 3888 ψυχὴν
3289 3819 3655 3887 ἀδαμάντινον
3693 3824 3743 3874 ἐν

2168 3903 2281 3963 τοῖς
2337 3899 2529 3961 δεινοῖς
2581 3899 2975 3969 ἐνδειξαμένου.
3014 3901 3364 3970 Δυνησὸμεθα
3397 3901 3456 3956 δὲ
3510 3906 3578 3957 ἂν
3623 3908 3748 3975 μετὰ

2168 3984 2276 4037 τῶν
2309 3985 2477 4052 ἀγίων
2524 3983 2702 4037 αὐτῶν
2731 3983 2904 4054 εὐχῶν
2947 3983 3037 4036 καὶ
3073 3984 3141 4036 τά
3175 3987 3299 4054 παρ’
3333 3986 3550 4039 ἑαυτῶν
3585 3984 3750 4037 πάντα

2170 4067 2532 4137 είσφέρωμεν,
2566 4067 2669 4136 πρὸ
2706 4066 2814 4117 τῶν
2839 4066 3089 4136 πολέμων
3113 4068 3206 4119 καὶ
3237 4067 3342 4118 τῶν
3382 4067 3580 4122 δεινῶν
3605 4070 3661 4120 ἐν
3684 4066 3750 4134 τῷ

2170 4151 2345 4222 καιρῷ
2367 4151 2467 4219 τῆς
2493 4152 2713 4221 εἰρήνης
2754 4148 2861 4201 τῶν
2896 4150 2953 4200 ἐν
3005 4151 3135 4218 ἡμῖν
3173 4150 3509 4219 κρατοῦντες
3546 4153 3746 4214 παθῶν,

2167 4233 2235 4285 τὰ
2268 4233 2477 4286 ἄτακτα
2504 4234 2602 4302 τῆς
2653 4232 2854 4303 σαρκὸς
2903 4231 3324 4304 περικόπτοντες
3379 4239 3746 4306 σκιρτήματα,

2171 4315 2579 4380 ύπωπιάζοντες
2618 4316 2712 4366 καὶ
2750 4314 3217 4382 δουλάγωγοῦντες
3261 4315 3320 4366 τὸ
3363 4317 3550 4387 σῶμα,
3608 4323 3749 4374 Οὕτω

2169 4398 2276 4471 γάρ
2303 4398 2366 4450 ἀν
2399 4415 2456 4450 τε
2492 4400 2549 4450 ἐν
2574 4399 2763 4468 εἰρήνῃ
2787 4396 3080 4466 διάγωμεν,
3107 4397 3391 4468 λαμπροὺς
3421 4400 3624 4472 ἕξομεν
3655 4403 3749 4454 τῶν

2169 4479 2485 4550 γυμνασίων
2514 4479 2642 4541 τοὺς
2696 4479 3032 4547 στεφάνους·
3068 4479 3133 4532 ἀν
3183 4497 3242 4531 τε
3284 4479 3378 4532 τὸν
3432 4483 3606 4536 αὐτὸν
3635 4488 3750 4556 ﬁgi:

2170 4562 2356 4632 ἀγῶνα
2372 4562 2564 4616 ἁνύσαι
2589 4556 2718 4633 δοκῇ
2742 4563 2818 4632 τῷ
2849 4562 3216 4634 φιλανθρώπῳ
3243 4563 3381 4634 Θεῷ,
3409 4582 3752 4639 παρεσκευι-

2173 4644 2359 4714 σμένοι
2391 4645 2528 4715 πρὸς
2549 4645 2616 4698 τά
2649 4645 3005 4715 παλαίσματα
3031 4647 3254 4725 ήξομεν,
3298 4648 3394 4700 καὶ
3438 4650 3551 4702 τῶν
3602 4653 3752 4725 ούρα-

2170 4727 2296 4779 νίων
2316 4725 2709 4796 ἐπιτευξόμεθα
2733 4726 2955 4796 ἀγαθῶν
2975 4744 2988 4757 ·
3023 4722 3097 4782 ὧν
3126 4730 3337 4796 γένοιτο
3367 4731 3588 4795 πάντας
3617 4722 3753 4804 ἡ

2134 4827 2136 4830 ’
2171 4811 2467 4891 ἐπιτυχεῖν,
2509 4811 2690 4881 χάριτι
2711 4811 3328 4891 καὶ-φιλανθρωπίᾳλτοῦ
3354 4816 3575 4886 Κυρίου
3609 4819 3752 4891 ήμῶν

2185 4890 2356 4960 Ἰησοῦ
2389 4891 2647 4961 Χριστοῦ,
2680 4891 2744 4944 δι’
2779 4886 2840 4945 οὗ
2895 4893 2988 4946 καὶ
3027 4894 3144 4962 μεθ’
3185 4889 3244 4947 οὗ
3275 4896 3353 4966 τῷ
3385 4899 3593 4969 Πατρὶ,
3631 4886 3751 4968 “iga

2171 4973 2247 5042 τῷ
2286 4974 2425 5043 ἁγίῳ
2452 4975 2744 5045 Πνεύματι,
2785 4975 2930 5040 δόξα,
2954 4978 3086 5047 τιμὴ
3119 4978 3212 5030 καὶ
3251 4982 3453 5050 κράτος
3513 4986 3598 5049 εἰς
3647 4984 3757 5044 τοὺς

2171 5056 2374 5118 αἰῶνας
2405 5055 2513 5110 τῶν
2542 5059 2772 5114 αἰώνων.
2820 5060 3012 5132 Ἀμήν.

1215 5369 1386 5454 ΕΙΣ
1439 5367 1728 5452 ΤΟΥΣ
1767 5366 2173 5452 ΑΓΙΟΥΣ
2211 5369 3036 5457 ΜΑΚΚΑΒΑΙΟΥΣ.

1113 5649 1347 5732 ΔὈμιαῑία
1384 5672 1450 5734 γ’.

573 5742 679 5793 Καὶ
707 5745 814 5825 τοῖς
838 5765 840 5768 ν
851 5743 1114 5815 μάρτυσιν
1143 5746 1282 5816 ὁρῶν
1311 5747 1408 5825 τὴν
1435 5749 1542 5802 τῶν
1583 5747 1759 5818 ἔργων
1790 5750 2064 5824 εὐφημίαν

501 5821 874 5893 ὀφειλομένην,
901 5829 994 5877 καὶ
1021 5828 1080 5880 τδ
1102 5827 1300 5896 πλῆθος
1332 5821 1828 5900 στενοχωρούμενον
1852 5822 2062 5902 βλέπων

2133 5639 2136 5642 ί
2171 5659 2321 5739 [632]
2342 5667 2502 5723 ὀκνῶ.
2534 5670 2761 5736 Οὐκοῦν,
2783 5671 2832 5726 εί
2855 5671 3023 5734 δοκεῖ,
3063 5670 3158 5740 τὴν
3181 5671 3538 5729 διδασκαλίαν
3559 5687 3587 5716 δ
3620 5675 3747 5742 7’95»;

2231 5786 2258 5815 ⁸
2285 5785 2414 5896 Ιίεὲ
2433 5789 2636 5849 βλέπων.
2679 5788 2778 5849 Τὴν
2802 5789 3108 5840 διδασκαλίαν
3139 5791 3282 5840 ὀκνῶ.
3330 5789 3526 5842 Οὐκοῦν
3546 5792 3588 5840 εἰ
3625 5787 3744 5840 δτι-ἶ

2232 5848 2349 5896 νιιὲν
2416 5850 2555 5896 δασκ,

2172 5848 2254 5905 τὴν
2269 5848 2349 5912 μὲν
2370 5848 2555 5898 διδασκ.
