3844 6280
463 384 566 438 8:17

439 490 483 542 si
537 488 608 542 ita
662 485 894 552 videtur,
926 482 1242 540 doctrinam
1288 484 1341 540 in
1373 481 1652 552 prmscntia
1693 479 2022 543 differamus,

443 578 641 632 imitari
671 591 797 632 vero
821 584 1112 647 martyrum
1156 573 1522 630 fortitudinem
1554 572 1880 628 studeamus.
1912 571 2030 628 Pri-

449 684 569 723 mus
591 667 901 739 ergo-nobis
922 666 1219 721 Eleazarus
1238 666 1419 721 senior
1442 667 1494 721 in
1523 664 1754 721 medium
1785 663 2027 735 prodeat,

447 759 650 814 initium
666 757 1054 823 tcertaminum,
1088 757 1328 828 martyrii
1370 756 1796 822 fundamentum,
1833 755 2033 810 stadio-

448 865 562 905 rum
588 849 772 920 janua,
801 848 1130 904 fortitudinis
1171 849 1442 919 princeps,
1475 847 1770 904 tolerantia:
1795 862 2034 918 przecur-

451 956 565 1008 sor,
594 940 680 995 illa
700 941 924 996 canities
947 939 1325 1010 juvenescens,
1347 939 1675 996 Testamenti
1702 939 1892 995 veteris
1921 952 2039 1010 pro-

443 1041 736 1104 tomartyr,
759 1031 1120 1104 apostolorum
1152 1031 1408 1102 principis
1439 1031 1583 1086 Petri
1611 1031 1802 1102 imago.
1836 1029 2040 1086 Deiecit

452 1133 505 1177 et
535 1122 822 1179 blandiens.
837 1133 890 1178 et
915 1124 1078 1193 virgis
1104 1122 1317 1178 caedetis
1344 1123 1701 1189 adversarius,
1725 1137 1826 1178 nec
1857 1129 2034 1176 tamen

453 1215 771 1268 declamare
792 1214 1016 1281 destitit,
1047 1213 1136 1284 qui
1160 1213 1838 1284 suppliciis-divexabatur:
1868 1213 2042 1268 stabat

453 1307 634 1362 senior
662 1324 769 1377 prm
799 1308 960 1362 nimia
993 1317 1228 1363 tremens
1268 1315 1585 1373 senectute;
1627 1306 1850 1363 sedebat
1870 1307 2041 1361 minas

458 1414 521 1453 ac
564 1399 767 1454 cit-dem
812 1398 1073 1453 anhelans
1122 1407 1377 1470 tyrannus
1404 1415 1420 1465 ;
1443 1407 1497 1454 et
1521 1399 1611 1468 qui
1643 1398 1925 1461 tremebat,
1956 1413 2046 1454 ve-

460 1502 614 1561 getus
640 1492 808 1556 abiit;
841 1493 931 1562 qui
958 1490 1168 1546 florenti
1195 1500 1352 1547 mtate
1381 1491 1710 1559 lasciviebat,
1734 1492 1908 1547 victus
1926 1491 2048 1546 abs-

462 1583 626 1637 cessit
655 1600 668 1636 :
715 1583 888 1637 stabat
922 1583 1145 1638 canities
1169 1583 1492 1650 excruciata,
1521 1582 1781 1654 judicium
1826 1598 2047 1638 exerce-

421 1677 424 1680 ’
465 1672 556 1729 bat
583 1688 703 1728 cum
747 1675 1066 1730 auctoritate
1100 1674 1354 1744 juventus
1401 1673 1639 1740 efferata,
1671 1683 1724 1730 et
1772 1675 2048 1730 victoriam

465 1764 691 1820 canities
735 1766 1061 1835 reperiebat.
1089 1763 1132 1821 Ο
1160 1781 1355 1821 novum
1390 1780 1561 1836 genus
1577 1766 1856 1822 victoria}!
1884 1773 2050 1822 totum

469 1858 625 1912 simul
653 1859 947 1914 exercitum
989 1860 1212 1930 sagittas
1238 1875 1366 1915 arcu
1380 1861 1694 1916 mittentem
1723 1876 1887 1917 senex
1918 1878 2054 1919 unus

467 1950 776 2006 vulneratus
804 1951 856 2005 in
885 1951 1058 2022 fugam
1089 1945 1373 2008 convertit.
1406 1953 1522 2009 Non
1551 1955 1752 2024 patitur
1777 1970 1863 2010 me
1887 1953 2060 2026 adju-

467 2056 660 2095 venum
688 2040 1055 2097 fortitudinem
1078 2043 1511 2115 gradum'facere
1532 2047 1882 2101 certaminum
1913 2046 2059 2102 senis

473 2135 812 2201 miraculum,
839 2135 935 2192 sed
961 2146 1139 2194 tamen
1168 2153 1390 2195 necesse
1417 2148 1520 2206 est,
1550 2149 1608 2194 ut
1631 2141 1699 2194 ad
1726 2155 1819 2195 eos
1843 2139 1949 2194 vim
1975 2140 2060 2195 af-

470 2227 706 2285 ferentes
731 2230 820 2285 isti
849 2246 1136 2302 pergamus
1165 2250 1178 2286 :
1214 2247 1336 2287 nam
1367 2241 1424 2288 et
1448 2233 1522 2288 illi
1554 2235 1842 2303 prmclaros
1865 2233 1935 2290 de
1981 2241 2062 2305 ty-

431 2386 438 2393 _
470 2335 642 2375 ranno
670 2322 973 2392 triumphos
999 2331 1228 2393 egerunt
1253 2341 1266 2378 :
1291 2338 1397 2378 non
1426 2325 1570 2379 enim
1607 2325 1789 2380 debuit
1811 2326 2063 2394 juventus

475 2411 653 2465 minus
702 2411 990 2483 intrepida,
1044 2428 1206 2483 quam
1256 2413 1481 2469 canities
1525 2429 1803 2486 apparere.
1846 2414 2062 2484 Septem

382 2495 406 2566 {.-
475 2502 635 2572 igitur
663 2503 857 2559 deinde
879 2505 1101 2574 juvenes
1121 2520 1244 2561 cum
1273 2516 1493 2563 strenue
1517 2507 1882 2575 dimicassent,
1913 2523 2067 2563 coro-

479 2594 586 2647 nati
619 2602 764 2658 sunt,
811 2595 901 2664 qui
941 2611 1008 2650 ex
1039 2610 1144 2652 uno
1175 2605 1361 2652 ventre
1389 2598 1441 2652 in
1488 2598 1657 2654 aciem
1689 2614 1846 2653 unam
1875 2615 2065 2656 cucur-

476 2693 676 2740 rerant.
723 2684 778 2741 Si
807 2687 879 2742 ita
919 2687 1148 2754 videtur,
1187 2689 1346 2744 finem
1378 2688 1584 2744 faciam
1621 2691 1854 2757 dicendi,
1896 2707 1929 2746 ο
1957 2691 2071 2747 for-

479 2777 609 2831 tium
637 2787 929 2849 martyrum
969 2779 1135 2835 fortes
1162 2781 1448 2836 saltatores
1481 2784 1494 2834 !
1543 2780 1670 2848 Sed,
1701 2792 1761 2837 ut
1803 2782 2066 2851 dicebam,

470 2879 686 2939 septem
739 2870 932 2926 deinde
979 2873 1220 2928 coronati
1262 2881 1388 2928 sunt
1421 2873 1668 2944 juvenes,
1719 2875 1809 2945 qui
1847 2890 1912 2930 ex
1964 2891 2070 2931 uno

480 2973 668 3018 ventre
711 2963 765 3018 in
808 2964 976 3020 aciem
1009 2980 1167 3021 unam
1189 2976 1584 3033 cucurrerant,
1635 2983 1736 3022 una
1786 2977 2068 3038 parentum

481 3057 834 3124 germanitate
859 3067 912 3112 et
940 3059 1180 3115 moribus
1203 3061 1467 3124 exornati,
1494 3059 1634 3116 alius
1666 3070 1787 3130 post
1831 3062 1994 3116 alium
2019 3062 2072 3117 in

483 3158 754 3204 certamen
787 3151 1172 3220 irrumpebant.
1207 3150 1360 3206 Nunc
1388 3149 1517 3206 mihi
1543 3152 1610 3207 de
1644 3152 1818 3217 vobis,
1847 3168 1880 3208 ο
1909 3169 2074 3224 gene-

484 3242 616 3307 rosi,
666 3242 1032 3311 evangelicum
1086 3241 1219 3298 illud
1266 3243 1466 3298 dictum
1511 3244 1919 3298 memorandum
1969 3251 2074 3311 est,

485 3333 672 3388 Beatus
715 3344 880 3388 venter
914 3336 1000 3405 qui
1032 3350 1131 3388 ιυοδ
1177 3338 1411 3406 portavit,
1457 3344 1504 3389 et
1537 3335 1694 3390 ubera
1735 3351 1848 3403 quae
1875 3336 2078 3390 auxisti!

490 3424 644 3491 (Luc.
675 3426 764 3479 ll.
788 3425 904 3495 9.7).
937 3425 1163 3492 Quando
1187 3435 1365 3483 autem
1406 3427 1632 3482 uberum
1663 3442 1726 3482 ac
1751 3428 1953 3482 ventris
1979 3428 2078 3483 feci

491 3515 836 3582 mentionem,
885 3525 1094 3585 tempus
1141 3525 1242 3581 est,
1293 3526 1352 3572 ut
1399 3517 1466 3572 ad
1490 3517 1714 3573 ’fortium
1754 3517 2077 3574 bellatorum

491 3615 757 3661 transeam
789 3616 1011 3662 matrem
1047 3651 1060 3674 ,
1089 3624 1208 3680 qua:
1234 3610 1286 3664 in
1317 3624 1424 3665 uno
1451 3610 1649 3680 smpius
1681 3627 1906 3683 corpore
1935 3629 2077 3668 mor-

1197 368 1256 427 S.
1288 367 1563 428 JOANNIS
1595 363 2070 424 CHRYSOSTOMI
2111 363 2428 421 ARCHIEP.
2457 362 2995 420 CONSTANTINOP.

3650 356 3760 413 σεε

2135 489 2222 534 tua
2245 488 2348 545 est,
2378 478 2462 533 vel
2493 478 2670 549 potius
2693 493 2838 548 sarpe
2860 485 3085 530 mactata
3113 484 3214 541 est,
3242 483 3295 530 et
3326 489 3398 530 ne
3431 473 3614 528 semel
3635 475 3762 542 qui—

2134 570 2256 626 dem
2284 570 2548 637 indoluit,
2577 569 2642 623 ad
2673 569 2848 633 illam,
2879 567 3119 637 inquam,
3151 566 3551 620 invulneratam
3583 565 3762 619 simul

2138 673 2193 719 et
2241 663 2422 718 multis
2473 662 2781 717 vulneribus
2823 662 3081 716 sauciam.
3107 659 3219 714 Non
3247 659 3319 714 ita
3354 658 3508 726 illam
3541 657 3769 726 primus

2139 754 2426 810 liberorum
2457 753 2820 823 perturbabat,
2852 767 2972 806 cum
3003 750 3070 806 ad
3096 764 3284 805 necem
3315 748 3664 813 traheretur,
3701 755 3762 799 ut

2140 846 2428 913 secundus,
2455 845 2544 916 qni
2569 844 2859 900 certamina
2882 858 2986 897 non
3013 842 3280 912 attigerat,
3304 847 3516 894 metum
3545 837 3763 892 affere-

2142 939 2233 994 bat
2263 955 2278 992 :
2307 952 2410 991 non
2440 937 2511 990 ita
2537 933 2757 989 secundi
2790 947 2974 987 rursus
3001 931 3246 986 interitus
3275 926 3679 992 contristabat,
3708 935 3767 978 ut

2143 1029 2284 1086 tertii
2313 1027 2405 1082 filii
2427 1027 2530 1081 vita
2559 1024 2811 1087 terrebat,
2832 1023 2984 1094 cujus
3007 1021 3183 1076 adhuc
3197 1031 3314 1076 erat
3341 1018 3466 1074 linis
3489 1020 3728 1088 ignotus
3751 1035 3764 1070 :

2145 1118 2416 1191 perexigui
2451 1117 2606 1188 pretii
2649 1124 2767 1172 erat.
2810 1114 2884 1168 illi
2937 1123 2992 1168 et
3032 1113 3241 1178 tertius,
3269 1121 3324 1166 et
3344 1116 3584 1181 quartus
3618 1108 3764 1161 ﬁlius

2142 1211 2435 1283 jugulatus,
2485 1223 2608 1264 cum
2654 1205 2888 1262 nondum
2934 1211 3080 1259 esset
3124 1203 3340 1274 quintus
3369 1201 3595 1256 occisus
3647 1216 3663 1252 :
3701 1215 3765 1252 ne

2149 1303 2284 1359 sexti
2311 1303 2524 1373 quidem
2551 1313 2706 1354 casus
2735 1295 3122 1369 philosophiam
3151 1294 3267 1364 ejus
3292 1293 3579 1364 superavit
3611 1310 3629 1346 :
3685 1307 3768 1345 re-

2151 1396 2325 1452 stabat
2368 1394 2620 1462 deinceps
2667 1391 2881 1445 ultimus
2925 1387 2992 1442 ad
3031 1385 3321 1442 certamina
3352 1383 3661 1455 septimus,
3684 1382 3769 1452 qui

2153 1499 2445 1559 martyrum
2476 1484 2733 1540 citharam
2776 1490 2982 1552 septem
3024 1479 3344 1535 chordarum
3389 1474 3767 1545 compleret’.

2154 1580 2292 1647 Quid
2321 1577 2526 1648 igitur?
2551 1591 2617 1629 an
2644 1588 2761 1630 eam
2792 1581 2924 1627 tetas
2970 1571 3249 1625 immatura
3279 1566 3470 1622 ﬂexit?
3503 1580 3578 1619 an
3608 1564 3771 1618 indo-

2157 1673 2273 1738 luit,
2305 1685 2425 1725 cum
2458 1669 2554 1724 has
2597 1676 2799 1721 natum
2844 1662 3095 1734 reliquias
3147 1659 3341 1715 auferri
3373 1657 3645 1713 videret?
3679 1656 3768 1711 llla

2159 1773 2307 1820 certe
2335 1776 2556 1834 puerum
2587 1757 2653 1813 ad
2677 1766 2908 1813 mortem
2937 1755 3179 1825 urgebat,
3209 1753 3251 1807 si
3277 1752 3457 1806 minus
3485 1749 3770 1811 manibus,

2162 1856 2400 1913 consiliis
2427 1863 2625 1908 tamen.
2672 1849 2751 1904 Ne
2778 1861 3117 1911 coronarum,
3141 1860 3174 1897 ο
3222 1842 3316 1908 illi,
3347 1857 3652 1897 numerum
3679 1842 3774 1892 im-

2162 1949 2370 2004 minuas
2399 1965 2412 2001 :
2444 1953 2558 1999 esto
2601 1940 2871 2006 fratribus,
2903 1946 2962 1993 nt
2992 1946 3191 2008 partus,
3220 1935 3382 1990 etiam
3405 1933 3604 1988 socius
3633 1940 3779 1985 recte

2163 2041 2422 2096 factorum
2482 2055 2496 2092 :
2551 2035 2760 2090 imitare
2807 2031 3075 2086 actionum
3127 2026 3515 2081 communione
3572 2033 3780 2077 natura!

2166 2131 2598 2189 communionem
2623 2143 2638 2193 ;
2667 2123 2890 2180 ostende
2935 2131 2987 2175 te
3025 2132 3236 2182 eorum,
3259 2115 3348 2187 qui
3379 2113 3616 2169 mactati
3637 2123 3782 2177 sunt,

2167 2229 2329 2284 etiam
2374 2225 2425 2280 in
2470 2219 2729 2292 agonibus
2766 2215 3006 2272 fratrem.
3035 2210 3309 2281 Septimus
3348 2206 3486 2263 mihi
3521 2221 3556 2261 a
3585 2215 3779 2261 natura

2171 2328 2326 2376 natus
2367 2331 2428 2371 es
2473 2313 2635 2377 ﬁlius,
2683 2308 2940 2379 septimus
2986 2302 3116 2358 mihi
3157 2301 3224 2356 ab
3271 2298 3441 2354 animi
3494 2298 3784 2369 proposito

2170 2421 2373 2484 martyr
2398 2419 2626 2464 exorere
2657 2420 2669 2456 :
2699 2418 2766 2457 ne
2794 2399 3014 2462 efﬁcias,
3058 2409 3092 2450 ο
3122 2393 3217 2459 illi,
3245 2401 3304 2446 ut
3331 2391 3647 2484 liberorum

2172 2504 2294 2560 dem
2311 2477 2547 2571 septem,
2577 2510 2669 2551 sex
2698 2507 2828 2547 vero
2856 2497 3149 2558 martyrum
3179 2491 3353 2538 mater
3372 2480 3661 2550 appeller.

2175 2611 2316 2652 nunc
2345 2637 2360 2662 ,
2382 2569 2608 2663 iqumso,
2643 2594 2768 2642 sunt
2807 2583 2880 2638 illi
2906 2622 2920 2646 ,
2948 2580 3037 2650 qui
3082 2592 3149 2631 ne
3176 2573 3538 2646 pecuniarum
3573 2569 3782 2663 quidem

2175 2659 2471 2744 oblationes
2502 2682 2612 2736 Deo
2657 2671 2995 2746 largiuntur?
3023 2669 3242 2738 Septem
3275 2663 3442 2719 hodie
3473 2673 3702 2717 teneros
3727 2659 3781 2713 li-

2176 2781 2336 2836 beros
2363 2776 2430 2831 ad
2451 2773 2732 2830 Dominum
2759 2776 2929 2822 mater
2944 2759 3183 2824 adduxit,
3210 2771 3311 2812 nec
3330 2754 3650 2826 obtorpuit,
3673 2767 3778 2806 cum

2182 2868 2503 2928 sacrificium
2534 2879 2566 2919 e
2590 2859 2882 2916 visceribus
2920 2855 3031 2910 suis
3070 2851 3288 2907 offerret
3318 2865 3333 2901 :
3377 2854 3438 2901 at
3469 2845 3635 2900 multi
3667 2859 3781 2914 pae-

2180 2978 2365 3022 corum
2407 2959 2686 3014 obolorum
2712 2952 2870 3008 nobis
2900 2947 3166 3003 interdum
3197 2940 3537 2998 oblationem
3573 2934 3810 2992 sordide.

2181 3055 2486 3113 conferunt.
2514 3049 2623 3105 Nos
2653 3055 2834 3100 autem
2857 3043 2971 3096 Deo
2992 3048 3050 3095 et
3091 3038 3391 3090 animorum
3435 3039 3494 3086 et
3530 3029 3782 3100 pecunia-

2184 3164 2300 3204 rum
2330 3155 2385 3202 ct
2406 3155 2690 3212 corporum
2718 3135 3040 3192 oblationem
3063 3129 3370 3189 offeramus,
3394 3121 3687 3176 Christum
3708 3134 3786 3172 su-

2191 3259 2284 3314 per
2311 3211 2515 3294 omnia,
2539 3229 2927 3292 collaudantes,
2962 3223 3047 3280 cui
3090 3221 3258 3293 gloria
3311 3225 3369 3272 et
3418 3214 3714 3283 imperium
3744 3211 3786 3262 ia

2185 3335 2381 3392 saecula
2411 3327 2748 3386 saaculorum.
2779 3323 2968 3377 Amen.

2255 3559 2268 3590 ¹
2313 3562 2362 3604 ιιι
2387 3546 2578 3603 Montei'.
2598 3546 2801 3610 legitur,
2824 3537 3066 3591 citharam
3102 3537 3286 3584 mutam
3325 3525 3622 3589 compleret,
3644 3525 3790 3573 mium

2187 3626 2347 3669 recte.
2613 3627 2616 3629 λ

489 3703 3783 3760 _________________________________________.

1055 3821 1172 3882 EX
1215 3821 1278 3883 S.
1314 3821 1632 3884 JOANNE
1673 3818 2185 3894 DAMASCENO,
2230 3817 2337 3878 DE
2381 3800 2874 3876 IMAGINIBUS,
2921 3797 3071 3858 LIB.
3119 3788 3227 3854 Ill.

1304 3983 1482 4039 EDIT.
1526 3983 1592 4038 Β.
1635 3983 1696 4038 Ρ.
1738 3979 2100 4038 MICHAELIS
2139 3974 2457 4045 LEQUIEN,
2509 3971 2570 4026 Ρ.
2612 3969 2738 4035 584,
2769 3964 2828 4019 ἰ’Δ
2876 3962 2919 4017 l.

1638 4122 1740 4195 ε.
1799 4119 2114 4214 Soannis
2169 4109 2642 4208 Qbrnsestmi

1860 4294 1926 4338 IN
1967 4288 2376 4337 MACCABEOS.

573 4428 929 4498 Imperatorim
955 4440 1220 4497 expressa
1247 4425 1426 4496 ﬁgam
1455 4439 1560 4479 non
1609 4437 1738 4478 auro
1760 4430 1961 4477 tantum
1993 4429 2084 4474 aut

503 4528 743 4590 argento,
766 4519 935 4575 aliave
950 4520 1179 4590 pretiosa
1201 4517 1420 4572 materia
1437 4516 1696 4585 fulgentes
1718 4513 2089 4583 reperiuntur;

511 4627 692 4666 verum
719 4610 878 4666 etiam
903 4611 956 4665 in
978 4624 1086 4664 azre
1123 4607 1428 4663 fabrefactae
1457 4606 1681 4660 formam
1704 4605 1946 4659 eamdem
1992 4603 2093 4656 im-

513 4715 748 4770 pressam
782 4702 996 4757 habent.
1022 4703 1194 4771 Atque
1222 4699 1459 4756 materiae
1477 4697 1765 4752 discrimen
1795 4695 1926 4750 nihil
1965 4695 2097 4749 ima-

509 4792 648 4862 ginis
673 4791 839 4849 omcit
888 4792 1154 4863 dignitati,
1190 4807 1361 4864 neque
1387 4805 1453 4849 ex
1480 4803 1546 4847 eo
1574 4786 1716 4860 quod
1746 4787 1836 4843 illa
1877 4783 2099 4856 majoris

2192 4415 2346 4489 pretii
2387 4411 2608 4468 materia
2656 4413 2887 4469 constet,
2942 4399 3180 4464 alterius,
3213 4409 3335 4489 qua:
3366 4408 3436 4449 ex
3487 4390 3791 4489 ignobiliora

2201 4482 2444 4565 confecta
2483 4503 2570 4566 sit,
2613 4501 2841 4572 pretium
2879 4493 3136 4549 minuitur
3166 4507 3179 4543 :
3211 4486 3308 4542 sed
3334 4498 3535 4540 omnes
3562 4482 3792 4579 similiter

2205 4593 2545 4654 commendat
2577 4590 2581 4600 ’
2607 4585 2947 4660 Imperatoris
2975 4583 3144 4637 forma
3167 4596 3184 4644 ;
3206 4578 3434 4646 ipsaque
3473 4590 3542 4628 ex
3576 4578 3793 4627 materiai

2204 4687 2508 4746 conditione
2531 4681 2664 4738 nihil
2705 4677 3003 4743 imminuta,
3035 4671 3174 4727 illius
3199 4667 3440 4741 pretium
3468 4663 3660 4730 efﬁcit,
3695 4672 3793 4730 qui

2205 4781 2324 4852 ejus
2347 4775 2546 4848 excipit
2581 4770 2888 4845 imaginem.
