3860 6286
93 285 221 341 627

93 402 170 454 τὸ
205 402 390 474 παρὸν
441 405 794 478 ὑπερθὼμεθα
821 449 836 472 ,
869 408 1151 478 μιμεῖσθαι
1201 409 1258 464 δὲ
1299 408 1688 479 σπουδάζωμεν

92 485 223 536 τῶν
250 484 542 558 μαρτύρων
565 488 656 542 τὸν
679 490 850 543 τόνον.
874 491 1081 544 Οὐκοῦν
1106 491 1319 562 πρῶτος
1344 491 1476 561 ἡμῖν
1504 491 1697 545 Ἑλεά>

95 565 286 637 (apo;
309 569 339 620 6
365 570 676 642 πρεσϐύτης
701 574 780 636 εἰς
824 572 986 643 μέσον
1033 573 1233 644 ήκέτω.
1261 575 1294 644 ή
1325 573 1436 627 τῶν
1465 572 1691 642 ἀγώνων

95 650 287 720 ἁρχὴ,
313 651 343 704 6
377 651 479 721 τῆς
513 656 816 726 μαρτυρίας
859 655 1127 726 θεμέλιος,
1151 655 1260 709 τῶν
1284 655 1624 726 σκαμμάτων
1656 658 1690 728 ή

98 732 282 805 θύρα,
311 733 411 805 τῆς
431 736 684 807 ἀνδρείας
703 741 731 792 6
751 737 1010 810 ἀρχηγὸς,
1039 739 1140 810 τῆς
1162 739 1454 812 καρτερίας
1492 741 1521 794 ό
1560 740 1692 812 πρό-

96 818 338 889 δρομος,
363 821 395 890 ή
426 821 690 886 νεάζουσα
717 822 895 890 πολιὰ,
917 825 946 878 6
967 823 1064 894 τῆς
1088 823 1330 887 Παλαιᾶς
1360 824 1691 896 πρωτόμαρ-

98 918 232 967 τυς,
267 903 300 970 ή
332 903 538 975 Πέτρου
569 904 664 958 τοῦ
695 905 991 978 κορυφαίου
1013 905 1123 959 τῶν
1145 907 1455 961 ἀποστόλων
1491 907 1654 961 εἰκών
1673 919 1687 933 ⁶

99 983 294 1054 ἔκαμε
324 984 638 1053 κολακεύων,
660 989 754 1042 καί¹
789 987 1115 1058 μαστιγῶνὸ
1153 988 1429 1058 πολέμιος,
1465 990 1560 1043 καὶ
1592 991 1693 1044 οὐκ

99 1065 399 1120 ἐπαύσατο
421 1069 729 1140 ῥητορεύων
755 1073 782 1124 6
804 1069 1161 1141 κολαζόμενος
1181 1087 1195 1100 ⁸
1217 1073 1457 1143 εἱστήκει
1475 1072 1692 1142 τρέμων

96 1152 134 1202 ὀ
170 1150 494 1223 πρεσϐύτης
513 1153 616 1206 61:6
639 1154 733 1208 τοῦ
766 1154 972 1226 γήρως,
1008 1154 1240 1226 ἐκάθητο
1269 1155 1327 1208 δὲ
1353 1155 1582 1225 ἀπειλῆς
1600 1155 1694 1208 καὶ

100 1233 285 1300 φόνου
313 1235 491 1287 πνέων
518 1237 546 1288 6
572 1235 856 1308 τύραννος,
889 1237 984 1290 καὶ
1011 1238 1040 1291 6
1076 1236 1177 1308 μὲν
1203 1235 1424 1309 τρέμων
1449 1237 1694 1306 ἀπῆλθεν

99 1317 405 1387 ἀκμάζων,
439 1321 469 1372 6
491 1320 547 1373 δὲ
575 1322 822 1392 σφριγῶν
851 1321 1062 1392 ἀπῆλθε
1103 1321 1483 1393 νενικημένος’
1516 1322 1694 1392 εἱστή-

103 1418 202 1454 κει
239 1402 402 1456 πολιὰ
433 1403 888 1476 καταξαινομένη,
945 1405 1159 1470 ἐδίκαζε
1197 1405 1256 1458 δὲ
1314 1403 1501 1474 νεότης
1560 1402 1696 1476 μετά

101 1483 408 1549 αὑθεντίας
428 1486 785 1558 ἀγριουμένη,
803 1491 899 1543 καὶ
917 1491 982 1560 τῇ
1007 1489 1166 1561 πολιᾷ
1187 1487 1256 1541 τὰ
1281 1487 1382 1558 τῆς
1407 1487 1563 1556 νίκης
1583 1487 1696 1555 ἐγί-

104 1583 262 1621 νετο.
278 1567 343 1620 Ὦ
361 1568 560 1638 τρόπου
574 1571 902 1642 νικητηρίων
918 1571 1103 1626 καινοῦ
1121 1588 1134 1601 °
1151 1571 1280 1642 ὅλην
1298 1569 1434 1642 ὁμοῦ
1453 1568 1696 1634 τοξεύου-

109 1669 222 1706 σαν
259 1654 518 1724 στρατιάν
557 1656 892 1726 τυπτόμενος
940 1651 1022 1718 εἷς
1066 1654 1332 1726 ἐτρέψατο
1352 1654 1551 1724 γέρων.
1580 1653 1706 1707 Ούκ

108 1737 187 1806 ἐᾷ
218 1752 288 1806 με
316 1737 453 1807 πρὸς
480 1738 580 1809 τήν
604 1738 713 1793 τῶν
744 1739 879 1794 νέων
908 1739 1156 1810 ἀνδρείαν
1185 1737 1294 1792 τῶν
1323 1736 1417 1790 τοῦ
1443 1736 1696 1807 γέροντος

110 1818 302 1873 ἄθλων
330 1821 673 1890 μεταϐαίνειν
694 1823 754 1876 τὸ
775 1822 959 1894 θαῦμα
978 1840 992 1856 ο
1026 1821 1319 1893 πορευτέον
1359 1821 1403 1874 6‘
1433 1816 1526 1873 οὖν
1547 1821 1696 1891 ὅμως

113 1901 258 1970 ἡμῖν
306 1904 393 1956 ἐπ’
444 1905 640 1969 αὐτοὺς
666 1905 852 1960 τοῦτον
892 1905 1285 1977 βιασαμένους⁸
1318 1902 1545 1974 λαμπρὰ
1587 1903 1696 1973 γὰρ

112 1984 220 2037 καὶ
252 1988 380 2058 παρ’
415 1987 641 2051 ἐκείνοις
693 1989 837 2042 κατὰ
889 1989 976 2042 τοῦ
1011 1989 1273 2061 τυράννου
1302 1987 1373 2041 τὰ
1421 1986 1656 2058 τρόπαια
1678 2002 1691 2014 ·

108 2068 186 2168 οῦ
221 2068 548 2168 γὰρ-ἔμελλε
583 2071 1008 2168 πολιᾶςχώτης
1053 2070 1466 2168 ἀτολμηροτέρα
1506 2071 1696 2168 φανεῖ-

113 2151 271 2206 σθαι.
316 2152 489 2207 Ἐπτά
515 2154 646 2223 γοῦν
694 2154 892 2226 ἐφεξῆς
923 2151 1301 2226 ἀριστεύοντες
1325 2152 1698 2223 ἐστεφάνωντο

111 2232 233 2288 νέοι
259 2235 324 2288 ἐκ
352 2238 480 2306 μιᾶς
503 2237 739 2308 γαστρὸς
769 2240 850 2302 εἰς
878 2238 1006 2309 μίαν
1033 2237 1332 2310 δραμόντες
1371 2236 1694 2308 παράταξιν.

112 2317 186 2369 El
216 2317 383 2382 δοκεῖ,
439 2319 744 2374 καταπαύω
765 2320 854 2374 τὸν
903 2320 1082 2390 λόγον,
1135 2319 1368 2392 ἰσχυρῶν
1406 2319 1698 2392 μαρτύρων

117 2401 336 2472 ἰσχυροὶ
364 2404 634 2475 χορευταί.
676 2404 836 2471 Ἀλλ’,
865 2406 1002 2476 ὅπερ
1057 2403 1280 2474 ἔλεγον,
1309 2405 1449 2459 ἐπτὰ
1501 2403 1699 2474 ἐφεξῆς

112 2485 501 2553 ἀριστεύοντες
530 2487 901 2558 ἐστεφάνωντο
957 2488 1056 2543 νέοι
1091 2489 1157 2542 ἐκ
1193 2489 1320 2558 μιᾶς
1349 2487 1586 2558 γαστρὸς
1619 2487 1699 2548 εἰς

119 2567 260 2637 μίαν
287 2569 587 2641 δραμόντες
635 2571 967 2644 παράταξιν,
1012 2573 1112 2643 μιᾷ
1153 2571 1323 2638 γόνων
1380 2570 1701 2640 ἀδελφότητι

115 2650 224 2705 καὶ
255 2652 439 2732 τρόπῳ
459 2655 880 2727 κεκοσμημένοι,
902 2653 1060 2718 ἄλλος
1089 2657 1176 2709 ἐπ’
1191 2655 1335 2725 ἄλλῳ
1358 2657 1472 2718 τοῖς
1494 2653 1700 2722 ἀγῶσιν

116 2734 430 2803 ἐμϐάλλων.
489 2736 603 2790 Νῦν
656 2755 745 2810 μοι
797 2739 895 2810 τῆς
927 2738 1288 2808 εὐαγγελικῆς
1341 2735 1558 2808 ἐκείνης
1613 2737 1698 2805 ἐφ’

121 2817 282 2886 ὑμῖν,
303 2811 348 2872 ὧ
385 2824 640 2887 γενναῖοι,
684 2821 1083 2892 μνημονευτέον
1119 2821 1333 2892 φωνῆς’
1387 2819 1661 2886 Μακαρία
1684 2860 1698 2885 ,

122 2901 315 2970 φησιν,
347 2902 386 2970 ἡ
412 2903 608 2957 κοιλία
635 2905 672 2972 ἡ
701 2904 1074 2970 ,βαστάσασα
1099 2903 1254 2975 ὑμᾶς
1275 2943 1290 2969 ,
1332 2903 1430 2958 καὶ
1453 2903 1698 2973 μαστοὶ,

119 2984 241 3051 οὓς
262 2985 617 3053 ἐθηλὰσατε.
670 2989 822 3042 Ἐπεὶ
851 2989 907 3042 δὲ
933 2989 1153 3060 μαστῶν
1173 2990 1267 3043 καὶ
1305 2986 1512 3051 κοιλίας
1535 2987 1702 3058 ἐμνή-

123 3068 289 3140 σθην,
319 3069 438 3142 ὥρα
466 3089 556 3142 μοι
584 3073 676 3127 καὶ
702 3073 837 3146 πρὸς
859 3071 957 3144 τὴν
976 3072 1082 3127 τῶν
1109 3071 1376 3144 ἀριστέων
1407 3071 1702 3126 διαϐαίνειν

129 3155 349 3229 μητέρα
397 3156 494 3229 τὴν
519 3158 577 3213 ἐν
614 3159 695 3213 ἑνὶ
742 3157 956 3229 σώματι
987 3158 1245 3222 πολλάκις
1289 3156 1664 3212 ἀποθανοῦσαν
1686 3173 1700 3188 ·

1401 291 1486 348 DE
1522 293 1961 354 MACCABASIS.
2002 293 2090 352 Ill.

3263 294 3374 358 (νέὸ

1794 411 1994 482 μᾶλλον
2030 411 2087 466 δὲ
2109 406 2207 479 τὴν
2258 410 2514 472 πολλάκις
2542 409 2860 478 σφαγεῖσαν,
2915 406 3009 461 καὶ
3051 407 3185 478 μηδὲ
3221 408 3368 474 ἅπαξ

1790 495 2105 565 ἀλγήσασαν
2123 510 2137 525 ο
2165 494 2264 565 τὴν
2293 492 2535 565 ἄτρωτον
2563 491 2699 561 ὁμοῦ
2731 490 2826 544 καὶ
2851 488 3215 561 πολύτρωτον.
3253 491 3368 543 Οὐκ

1790 561 2084 648 ἐτάραττεν
2105 561 2275 647 αὐτήν
2301 577 2330 631 ὁ
2357 561 2572 647 πρῶτος
2596 573 2886 644 ἑλκόμενος
2911 573 2990 638 είς
3013 572 3242 628 θάνατον
3260 569 3369 627 τῶν

1791 660 2020 723 παίδων,
2060 660 2134 724 ὡς
2164 659 2194 711 6
2221 658 2474 730 δεύτερος
2507 657 2734 729 μηδέπω
2760 655 2871 708 τῶν
2903 654 3130 724 ἀγώνων
3151 654 3367 726 ἁψάμεη

1791 761 1879 808 νος
1901 743 2083 798 ἐπτόει
2098 759 2113 773 '
2136 743 2237 797 οὐκ
2258 742 2444 796 ἐλύπει
2475 737 2570 794 τοῦ
2601 740 2856 810 δευτέρου
2879 739 3041 792 πάλιν
3061 741 3094 811 ή
3120 739 3366 808 τελευτὴ,

1791 825 1867 890 ὡς
1899 828 1932 897 ή
1959 826 2051 879 τοῦ
2075 826 2258 898 τρίτου
2285 825 2474 888 παιδὸς
2495 823 2680 892 ἐφόϐει
2713 823 2826 893 ζωὴ
2859 822 2918 875 τὸ
2945 822 3119 894 πέρας
3146 822 3374 890 ἀγνοού-

1793 925 1953 980 μενον
1974 908 2171 979 ἔχουσα
2187 926 2200 940 '
2231 908 2424 980 μικρὸς
2447 903 2515 978 ἦν
2539 907 2675 978 αὐτῇ
2702 906 2798 960 καὶ
2817 905 3002 976 τρίτος
3038 904 3131 958 καὶ
3174 903 3371 975 τέταρ-

1791 1008 1881 1055 τος
1905 991 2379 1061 ἀποσφαττόμενος
2405 991 2554 1056 παῖς,
2579 988 2672 1042 τοῦ
2703 989 2958 1059 πέμπτου
3009 988 3174 1058 μήπω
3203 1004 3371 1056 πεφο-

1791 1075 2049 1146 νευμένου
2075 1091 2091 1108 ⁸
2118 1075 2237 1128 οὐδὲ
2265 1073 2356 1128 τοῦ
2384 1074 2543 1128 ἕκτου
2580 1072 2640 1126 τὸ
2673 1071 2874 1144 πτῶμα
2903 1072 3004 1142 τὴν
3053 1072 3370 1142 φιλοσοφίαν

1794 1158 2042 1229 ἐνίκησεν
2061 1175 2076 1189 ο
2108 1158 2265 1230 ἔμενε
2285 1156 2469 1211 λοιπὸν
2496 1156 2802 1219 τελευταῖος
2844 1155 2980 1227 πρὸς
3000 1157 3128 1219 τοὺς
3154 1155 3371 1224 ἀγῶνας

1793 1243 1822 1294 6
1853 1241 2078 1312 ἕϐδομος
2097 1243 2124 1292 6
2148 1242 2248 1311 τὴν
2270 1239 2645 1309 ἐπτάφθογγον
2669 1238 2779 1293 τῶν
2807 1238 3098 1310 μαρτύρων
3123 1256 3186 1292 συ
3196 1238 3372 1309 μπλη-

1796 1324 1974 1398 ρώσας
1999 1323 2251 1394 κιθάραν.
2276 1322 2340 1375 Τί
2379 1319 2510 1388 οὗν;
2545 1322 2879 1394 ἐπεκάμφθη
2913 1322 2991 1394 τῷ
3024 1323 3126 1392 τῆς
3156 1322 3372 1394 ήλικίας

1793 1406 1977 1477 ἀώρῳ,
2003 1407 2310 1478 συνήλγησε
2332 1405 2438 1458 κᾶν
2459 1405 2539 1474 τῷ
2563 1404 2802 1475 λειψάνῳ
2822 1405 2926 1475 τῆς
2948 1404 3193 1474 φύσεως;
3223 1405 3371 1473 Αὐτὴ

1798 1491 1894 1562 μὲν
1914 1486 2006 1544 οὖν
2029 1490 2091 1544 τὸ
2113 1489 2322 1544 παιδίον
2353 1489 2491 1561 πρὸς
2512 1489 2604 1542 τὸν
2638 1488 2868 1544 θάνατον
2908 1487 3058 1550 ὤθει,
3091 1490 3138 1541 εί
3171 1488 3265 1544 καὶ
3298 1489 3372 1558 μὴ

1794 1577 1914 1638 ταῖς
1946 1574 2154 1646 χερσὶν,
2201 1573 2338 1626 ἀλλά
2395 1575 2515 1635 ταῖς
2573 1571 2923 1644 συμϐουλαῖς.
2968 1572 3060 1643 Μή
3089 1572 3366 1642 διακόψῃς,

1795 1657 1948 1728 φησι,
1997 1657 2104 1710 τῶν
2155 1656 2452 1725 στεφάνων,
2489 1650 2534 1708 ὦ
2559 1655 2769 1718 τέκνον,
2791 1654 2882 1709 τὸν
2903 1654 3133 1726 ἀριθμόν
3156 1672 3171 1686 ο
3214 1653 3374 1722 γενοῦ

1799 1740 1936 1811 μετὰ
1964 1739 2073 1794 τῶν
2100 1739 2305 1793 ὠδίνων
2329 1739 2424 1792 καὶ⁸
2453 1738 2560 1793 τῶν
2588 1738 3027 1810 κατορθωμάτων
3067 1740 3194 1802 τοῖς,
3224 1736 3375 1790 ἀδελ-

1796 1826 1916 1894 φοῖς
1945 1823 2198 1887 κοινωνός
2217 1840 2231 1856 ·
2268 1822 2509 1894 μίμησαι
2540 1822 2639 1894 τὴν
2669 1820 2955 1876 κοινωνίαν
3006 1820 3106 1890 τῆς
3160 1818 3375 1890 φύσεως

1795 1909 1865 1980 τῇ
1887 1906 2140 1979 κοινωνίᾳ
2171 1908 2270 1978 τῆς
2302 1905 2553 1979 πράξεως
2574 1923 2587 1937 ο
2623 1906 2794 1972 δεῖξον
2820 1904 3012 1958 σαυτὸν
3037 1903 3146 1957 τῶν
3177 1905 3379 1974 ἀνῃρη-

1800 1991 1976 2062 μένων
2005 1991 2097 2044 καὶ
2120 1992 2178 2043 ἐν
2213 1991 2328 2054 τοῖς
2349 1989 2670 2060 σκάμμασιν
2707 1988 2954 2058 ἀδελφόν.
2986 1986 3252 2058 Ἕϐδομός
3287 2004 3376 2056 μοι

1797 2079 1925 2141 παῖς
1948 2073 2172 2146 ἐτέχθης
2207 2073 2360 2146 παρὰ
2381 2075 2479 2146 τῆς
2511 2072 2747 2144 φύσεως,
2783 2071 3012 2144 ἕϐδομός
3043 2089 3132 2143 μοι
3169 2070 3379 2142 μάρτυς

1797 2158 1955 2229 γενοῦ
1988 2157 2142 2230 παρὰ
2176 2159 2278 2228 τῆς
2321 2157 2722 2231 προαιρέσεωςο
2759 2157 2832 2227 μή
2863 2172 2931 2226 με
2954 2154 3165 2225 δείξῃς,
3205 2147 3249 2206 ὦ
3290 2153 3378 2204 τέ-

1798 2261 1944 2308 κνον,
1977 2243 2182 2296 παίδων
2215 2259 2282 2312 με
2311 2240 2474 2304 ἐπτά,
2515 2239 2810 2311 μαρτύρων
2835 2239 2892 2292 δὲ
2945 2236 3003 2304 ἒξ
3037 2236 3378 2307 καλουμένην

1803 2328 2030 2400 μητέρα.
2063 2326 2174 2382 Ποῦ
2207 2343 2296 2396 μοι
2313 2325 2408 2379 νῦν
2432 2325 2482 2378 οἱ
2512 2323 2664 2397 [655]
2697 2322 2831 2394 μηδέ
2860 2321 2957 2386 τὰς
2982 2324 3047 2374 ἐκ
3079 2320 3378 2391 χρημάτων

1797 2411 1877 2481 τῷ
1913 2409 2033 2480 Θεῷ
2058 2408 2374 2481 προσφορὰς
2403 2404 2900 2478 προσκομίζοντεςκ;
2941 2403 3116 2458 Ἑπτὰ
3159 2402 3241 2474 τῷ
3279 2405 3378 2456 Δε-

1800 2494 1971 2565 σπότῃ
2009 2495 2246 2564 σήμερον
2282 2491 2478 2554 παῖδας
2515 2488 2757 2552 ἁπαλοὺς
2805 2489 3124 2559 προσήγαγε
3171 2488 3376 2558 μήτηρ.

1801 2577 1893 2631 καὶ
1910 2577 2008 2630 οὐκ
2040 2575 2340 2645 ἐνάρκησεν
2363 2577 2425 2628 ἐκ
2450 2572 2557 2627 τῶν
2584 2572 2907 2642 σπλάγχνων
2936 2572 3124 2625 θυσίαν
3143 2571 3382 2642 προσφέ-

1802 2677 1969 2732 ρουσα
1986 2678 1999 2692 ·
2033 2657 2218 2712 πολλοὶ
2236 2657 2293 2711 δὲ
2321 2659 2453 2728 ἡμῖν
2479 2655 2575 2710 καὶ
2603 2655 2734 2728 περὶ
2758 2653 2964 2710 ὀϐολῶν
2992 2658 3050 2709 ἐν
3082 2653 3259 2726 καιρῷ
3293 2672 3384 2724 μι-

1801 2745 2186 2818 κρολογοῦνται
2214 2741 2608 2814 προσκομιδήν.
2661 2741 2801 2796 Ἀλλ’
2837 2742 2996 2812 ἡμεῖς
3024 2741 3102 2810 τῷ
3145 2739 3264 2810 Θεῷ
3290 2739 3383 2792 καὶ

1799 2828 1987 2899 ψυχῶν
2038 2828 2133 2882 καὶ
2184 2826 2484 2899 χρημάτων
2535 2825 2631 2878 καὶ
2677 2825 2948 2896 σωμάτων
3007 2822 3383 2895 προσκομιδὴν

1805 2913 2265 2985 προσαγάγωμεν,
2313 2911 2406 2963 ἐπὶ
2461 2910 2594 2964 πᾶσι
2620 2906 2935 2976 δοξάζοντες
2969 2907 3224 2979 Χριστὸν,
3349 2905 3384 2976 ή

1805 2998 1932 3063 δόξα
1981 2999 2075 3052 καὶ
2115 2997 2177 3050 τὸ
2218 2995 2416 3069 κράτος
2459 2996 2539 3060 είς
2589 2995 2716 3060 τοὺς
2751 2993 2957 3059 αίῶνας
2993 2992 3104 3047 τῶν
3148 2990 3380 3047 αἰώνων.

1820 3082 2010 3152 Ἀμήν.

659 3662 886 3749 ΤΟΥ
921 3629 1258 3749 ΑΓΙΟῩ
1295 3659 1795 3748 ΙΩΑΝΝΟΥ
1831 3658 2060 3746 ΤΟΥ
2096 3652 2950 3746 ΧΡΥΣΟΣΤΟΜΟΥ.

1362 3853 1461 3918 Είς
1499 3848 1638 3917 τοὺς
1668 3852 2102 3918 Μακκαὸαίους.

207 4015 291 4069 Τά
316 4013 424 4068 τῶν
461 4012 751 4086 βασιλικῶν
805 4011 1180 4084 ἐκτυπώματα
1235 4010 1600 4081 χαρακτήρων
1643 4010 1706 4062 οὐ

133 4101 301 4171 μόνον
325 4100 385 4152 ἐν
417 4098 602 4171 χρυσῷ
645 4097 740 4152 καὶ
780 4096 1006 4168 ἀργύρῳ
1049 4095 1140 4150 καὶ
1187 4097 1307 4158 ταῖς
1356 4093 1711 4164 τιμιωτέραις

133 4184 294 4248 ὕλαις
322 4181 473 4254 εὖροι
496 4199 581 4246 τις
602 4181 670 4236 ἂν
695 4180 1084 4250 διαλάμποντα,
1117 4178 1234 4234 ἀλλ’
1256 4180 1354 4250 ήδη
1383 4179 1477 4232 καὶ
1502 4179 1561 4231 ἐν
1591 4176 1712 4247 χαλ-

134 4269 222 4339 κῷ
246 4268 346 4339 τήν
371 4266 542 4338 αὐτὴν
569 4265 715 4319 ἐστιν
748 4265 874 4318 ίδεῖν
895 4262 1306 4335 χαραττομένην
1338 4262 1572 4333 μορφήν.
1601 4262 1713 4315 Καὶ

135 4355 175 4423 ή
203 4349 441 4423 διαφορά
477 4346 585 4404 τῶν
612 4347 751 4403 ὑλῶν
781 4347 841 4402 οὐ
874 4345 1192 4418 λυμαίνεται
1217 4346 1294 4419 τῷ
1322 4345 1594 4417 ἀξιώματι
1617 4342 1711 4397 τοῦ

1805 4011 2173 4081 χαρακτῆρος,
2204 4007 2324 4061 οὐδὲ
2346 4007 2608 4081 ἀμϐλύνει
2630 4007 2726 4079 τὴν
2761 4005 2867 4061 ἀπὸ
2900 4006 3009 4060 τῶν
3058 4005 3376 4077 κρειττόνων

1805 4095 1970 4166 τιμήν
1995 4096 2026 4164 ἡ
2052 4093 2152 4163 τῆς
2189 4092 2470 4156 ἐλάττονος
2515 4091 2735 4164 μετοχὴ,
2785 4088 2924 4144 ἀλλὰ
2956 4091 3134 4155 πάσας
3172 4091 3378 4161 ὁμοίως

1805 4181 1834 4232 6
1860 4176 2134 4250 βασιλικὸς
2157 4173 2326 4237 τύπος
2370 4174 2642 4245 σεμνύνει,
2670 4173 2766 4228 καὶ
2797 4172 2947 4227 οὐδὲν
2976 4173 3084 4228 ἀπὸ
3115 4173 3214 4244 τῆς
3244 4173 3377 4242 ὕλης

1808 4262 2197 4334 ἐλαττούμενος
2269 4259 2604 4332 τιμιωτέραν
2667 4257 2764 4330 τὴν
2849 4254 3146 4328 δεχομένην
3209 4257 3374 4328 ἐργά-

1809 4348 1980 4413 ζεται.
2221 4357 2242 4372 ‘
