3844 6280
510 279 613 334 ρει)

1202 275 1260 330 S.
1297 275 1580 332 JOANNlS
1619 273 2102 332 CllRYS;S'I'OMl
2140 273 2461 332 ARClili‘lP.
2505 274 3054 334 CONSTANTINOP.

3670 286 3773 340 630

527 432 3771 464 Μ

1084 534 1499 642 ποιείτω
1541 582 1648 642 AD
1691 581 2061 644 HOMILIAI

2176 583 2234 644 .N
2277 560 2634 645 SANCTAS
2676 578 3116 648 MARTYRES

571 745 817 802 Diximus
845 763 1006 816 supra
1055 748 1110 801 in
1144 745 1530 799 Admonitione
1575 745 1638 799 ad
1677 727 1965 801 llmniliam
2005 748 2074 804 de
2122 747 2447 802 Ccemeterio
2471 763 2534 802 ac
2559 747 2626 803 de
2646 742 2844 811 Cruce,
2879 765 3001 818 quat
3053 751 3186 806 feria
3213 762 3365 807 sexta
3419 751 3773 808 Parasceves

500 829 679 894 habita
713 849 814 904 est,
841 857 958 894 eam
981 840 1170 910 viginti
1203 840 1394 893 diebus
1416 847 1539 892 ante
1564 838 1898 894 Conciuncm
1925 845 1990 894 de
2011 827 2114 894 SS.
2146 841 2478 912 Martyribus
2513 841 2759 904 Burnice,
2788 841 3084 906 Prosdocc,
3112 854 3244 905 etc.,
3272 845 3526 898 habitam
3561 845 3767 908 fuisse,

496 933 562 988 αι
603 932 860 1002 illamque
891 921 1173 988 referenda
1205 946 1326 987 esse
1360 933 1530 1001 prima
1562 933 1791 1002 hujusce
1823 933 2105 986 concionis
2143 935 2305 987 verba
2344 952 2356 987 :

2395 931 2647 987 Nondum
2678 935 2845 1002 elapsi
2883 945 3004 988 sunt
3041 935 3152 990 dies
3181 937 3365 1006 viginti
3391 953 3461 990 ea:
3490 954 3602 1006 quo
3640 955 3756 990 mc-

497 1031 722 1082 moriam
763 1021 948 1083 Cruci:
991 1028 1387 1083 celebravimus.
1417 1027 1472 1081 id
1519 1041 1646 1079 vero
1683 1028 2037 1081 conﬁrmatur
2071 1042 2134 1080 cx
2171 1026 2444 1110 ltis‘paulo
2489 1036 2607 1094 post
2630 1028 2982 1096 sequentibus
3009 1028 3189 1082 verbis
3233 1051 3244 1082 ;
3298 1029 3436 1082 Tum
3472 1031 3756 1083 dicebam:

493 1119 753 1172 Contrivit
792 1127 973 1187 portas
1017 1135 1206 1184 wreas,
1233 1129 1281 1171 et
1305 1129 1464 1172 vectes
1493 1118 1689 1187 ferreos
1716 1117 1990 1186 confregit.
2020 1116 2086 1171 Et
2116 1115 2290 1186 rcipsa
2328 1118 2380 1170 in
2411 1117 2599 1172 eadem
2626 1119 2692 1172 de
2729 1118 2904 1173 Cruce
2932 1120 3153 1174 humilia
3187 1121 3240 1174 in
3273 1120 3359 1175 his
3397 1121 3543 1190 ipsis
3570 1124 3768 1191 expla-

493 1210 686 1263 nandis
721 1211 903 1265 verbis
949 1225 1056 1264 non
1104 1226 1297 1280 parum
1347 1211 1689 1265 immoratur.
1737 1210 1914 1279 Atque
1945 1211 2083 1264 adeo
2132 1210 2501 1279 explodendus
2549 1212 2636 1266 ille
2667 1211 2981 1266 Grmcorum
3033 1213 3299 1276 calculus,
3340 1214 3440 1283 qui
3493 1224 3765 1282 putantes

494 1301 638 1354 illam
677 1299 870 1356 Crucis
900 1303 1217 1356 memoriam
1258 1302 1392 1356 nihil
1433 1303 1580 1357 aliud
1615 1318 1735 1358 esse
1766 1318 1930 1372 quam
1969 1301 2166 1356 festum
2206 1301 2567 1357 Exaltationis
2591 1305 2650 1358 S.
2695 1302 2909 1369 Crucis,
2935 1305 3143 1361 decima
3169 1315 3360 1374 quarta
3391 1304 3753 1374 Septembris

490 1397 750 1452 celebrari
777 1398 1017 1462 solitum,
1054 1397 1250 1452 festum
1282 1410 1590 1454 sanctarum
1629 1399 1906 1463 Bernices,
1931 1409 2060 1462 etc.,
2092 1399 2282 1468 viginti
2322 1409 2442 1468 pust
2477 1400 2622 1454 illam
2651 1401 2866 1465 diebus,
2900 1397 3108 1456 Scilicet
3123 1411 3315 1471 quarta
3343 1403 3437 1456 die
3469 1403 3747 1456 Octobris
3842 1441 3844 1456 ι

491 1491 765 1546 celebrant
803 1508 816 1544 :
846 1507 951 1545 non
988 1491 1326 1547 advertentes
1357 1493 1502 1547 illam
1539 1493 1607 1548 de
1631 1491 1804 1547 Cruce
1844 1491 2121 1546 homiliam
2159 1490 2211 1543 in
2241 1490 2330 1546 die
2368 1491 2698 1552 Parasceves
2730 1481 3048 1549 biduo'an'te
3077 1493 3282 1550 Pascha
3315 1494 3752 1564 pronuntiatam

1381 1883 1553 1969 ΕΙΣ
1590 1883 1796 2016 ΤΑΣ
1850 1879 2180 1970 ΑΓΙΑΣ
2224 1882 2802 1970 ΜΑΡΤΥΡΑΣ

601 2072 895 2139 Βερνίκην
923 2070 1020 2123 καὶ
1059 2069 1416 2141 Προσδόκην
1441 2071 1795 2141 παρθένους,
1839 2071 1937 2127 καὶ
1971 2073 2269 2141 Δομνιναν
2304 2072 2419 2143 τὴν
2448 2072 2680 2144 μητέρα
2713 2073 2931 2140 αὐτῶν,
2967 2072 3170 2144 ὁμιλία
3211 2073 3698 2146 ἐγκωμιαστική.

555 2390 794 2446 α¹.οῦπω
809 2392 1012 2446 εἴκοσιν
1029 2393 1238 2465 ἡμέρας
1258 2392 1454 2462 ἔχομεν
1472 2393 1704 2465 σταυροῦ
1730 2394 1919 2464 μνείαν
1933 2395 2056 2448 ἐπι-

486 2477 818 2538 τελέσαντες,
847 2478 941 2530 καὶ
983 2477 1092 2530 ἰδοὺ
1130 2476 1423 2548 μαρτύρων
1456 2477 1645 2546 μνείαν
1678 2478 2050 2548 ἐπιτελοῦμεν.

489 2557 640 2623 ῐνῖἷδες
670 2561 785 2623 πῶς
809 2562 975 2630 ταχὺς
1006 2563 1034 2613 6
1057 2560 1266 2632 καρπὸς
1297 2559 1390 2612 τοῦ
1420 2559 1648 2614 θανάτου
1673 2561 1764 2614 τοῦ
1791 2561 2056 2632 Χριστοῦ;

485 2641 549 2696 δι’
593 2645 766 2696 ἐκεῖνο
786 2643 844 2695 τὸ
862 2643 1128 2714 πρόϐατον
1158 2636 1318 2696 αὗται
1348 2645 1401 2696 αἱ
1425 2642 1684 2712 δαμάλεις
1705 2645 2022 2713 ἐσφάγησαν
2042 2660 2057 2674 ⁸

486 2717 551 2780 δι’
585 2728 791 2780 ἐκεῖνον
825 2727 914 2779 τὸν
942 2727 1110 2796 ἀμνὸν
1145 2727 1314 2780 ταῦτα
1363 2726 1430 2779 τά
1460 2725 1697 2796 θύματα,
1748 2727 1815 2780 δι’
1845 2730 2060 2799 ἐκείνην

486 2816 584 2879 τὴν
612 2810 802 2863 θυσίαν
832 2805 991 2864 αὗται
1029 2811 1085 2861 αἱ
1111 2809 1416 2880 προσφοραί
1440 2825 1454 2840 ο
1507 2808 1661 2863 οῦπω
1693 2811 1894 2864 εἴκοσιν
1926 2813 2060 2884 ἠμέ-

489 2913 588 2966 ρας
623 2895 836 2965 ἔχομεν,
857 2895 950 2947 καὶ
974 2893 1174 2956 εὐθέως
1202 2894 1262 2946 τὸ
1290 2893 1445 2960 ξύλον
1472 2894 1772 2966 ἐϐλάστησε
1788 2893 1880 2948 τοῦ
1907 2913 2062 2949 σταυ-

490 2975 583 3048 ροῦ
613 2979 678 3031 τά
699 2977 839 3031 καλὰ
865 2977 972 3029 τῶν
1010 2975 1297 3048 μαρτύρων
1325 2976 1706 3048 βλαστήματαο
1735 2978 1907 3032 ταῦτα
1953 2979 2062 3051 γάρ

484 3062 692 3116 ἐκείνου
709 3058 800 3114 τοῦ
823 3060 1052 3113 θανάτου
1079 3059 1145 3112 τά
1168 3059 1587 3131 κατορθώματα.
1623 3061 1729 3114 Ἴδε
1753 3060 1931 3114 τοίνυν
1962 3061 2060 3132 τὴν

485 3145 756 3210 ἀπόδειξιν
780 3145 887 3199 τῶν
911 3145 1030 3198 τότε
1063 3145 1370 3216 εἰρημένων
1398 3144 1464 3197 δι’
1499 3145 1676 3198 αὐτῶν
1700 3147 1939 3216 σήμερον
1967 3147 2060 3198 ἐκ-

485 3231 781 3302 ϐεϐηκυῖαν
801 3229 909 3283 τῶν
930 3229 1124 3300 ἔργων.
1157 3229 1289 3282 Τότε
1321 3228 1525 3297 ἔλεγον,
1575 3229 1926 3284 Συνέκλασε
1951 3231 2062 3284 πύ-

483 3319 598 3381 λας
622 3312 876 3383 χαλκᾶς,
907 3314 1005 3367 καὶ
1030 3313 1302 3382 μοχλοὺς
1347 3312 1638 3381 σιδηροῦς
1674 3312 2020 3368 συνέθλασε
2043 3331 2056 3346 ’

487 3399 728 3467 σήμερον
753 3394 926 3448 ταῦτα
959 3395 1232 3447 δείκνυται
1257 3395 1345 3448 διὰ
1377 3394 1486 3447 τῶν
1512 3395 1708 3465 ἔργων.
1760 3397 1820 3448 Εἰ
1844 3395 1953 3466 γὰρ
1985 3397 2059 3468 μὴ

487 3479 784 3532 συνέκλασε
815 3479 912 3541 τὰς
945 3479 1118 3542 πύλας
1147 3479 1244 3542 τὰς
1276 3479 1621 3548 χαλκᾶς,οὑκ
1652 3478 1716 3532 ἂν
1744 3478 2060 3549 κεκλεισμέ-

486 3580 591 3614 νων
615 3561 791 3614 αύτῶν
815 3561 1116 3632 ἐτόλμησαν
1144 3563 1200 3613 αἱ
1235 3563 1489 3628 γυναῖκες
1519 3559 1659 3612 οὕτω
1703 3560 1897 3632 ῥαδίως
1953 3565 2062 3614 εἰσ-

486 3647 688 3700 ελθεῖψ
716 3647 764 3698 εἰ
795 3646 868 3716 μὴ
899 3633 1189 3698 συνέθλασε
1212 3645 1304 3697 τὸν
1337 3639 1530 3714 μοχλὸν
1551 3643 1638 3695 τὸν
1664 3643 1934 3716 σιδηροῦν,
1961 3645 2060 3698 οὐκ

487 3731 554 3784 ἂν
577 3732 634 3784 αἰ
667 3729 927 3800 παρθένοι
979 3732 1205 3799 ῐσχυσαν
1238 3727 1398 3781 αὑτὸν
1445 3726 1737 3795 ἀφελέσθαι
1758 3744 1771 3757 ο
1821 3731 1868 3781 εἰ
1905 3728 2062 3799 μὴτὸ

483 3814 852 3884 δεσμωτήριον
879 3812 1151 3885 ἄχρηστον
1182 3811 1454 3876 ἐποίησεν,
1482 3810 1580 3863 οὐκ
1605 3810 1668 3863 ἂν
1697 3814 1836 3880 μετὰ
1865 3812 2063 3865 τοσαύ-

483 3915 583 3968 της
612 3897 796 3960 ἀδείας
822 3895 1070 3966 εἰσῆλθον
1102 3895 1160 3948 αἱ
1188 3894 1483 3966 μάρτυρες.
1509 3893 1812 3964 Εὐλογητὸς
1847 3896 1875 3948 6
1904 3896 2058 3962 Θεὸς,

483 3978 623 4050 γυνὴ
645 3978 875 4032 θανάτου
913 3977 1266 4048 κατατολμᾷ,
1296 3977 1432 4048 γυνὴ
1460 3979 1493 4045 ή
1549 3975 1778 4030 θάνατον
1837 3979 1911 4042 εἰς
1963 3979 2062 4050 τὴν

483 4062 628 4134 ζωὴν
658 4061 1023 4132 εἰσαγαγοῦσα
1060 4062 1159 4130 τὴν
1198 4061 1471 4133 ἡμετέραν
1493 4101 1508 4124 ,
1534 4060 1594 4114 τὸ
1633 4061 1859 4114 παλαιὸν
1901 4062 2062 4116 ὅπλον

485 4146 578 4199 τοῦ
627 4145 895 4209 διαϐόλου,
943 4145 1102 4199 τοῦτο
1152 4145 1246 4198 τοῦ
1302 4143 1550 4198 διαϐόλου
1611 4146 1913 4215 κατήνεγκε
1960 4146 2064 4217 τὴν

487 4228 669 4298 ἰσχύν·
695 4229 759 4283 rb
790 4229 982 4293 σκεῦος
1008 4229 1070 4281 rb
1101 4229 1325 4292 ἀσθενὲς
1364 4231 1459 4282 κα)⁸
1488 4227 1889 4298 εὐεπηρέαστον
1905 4228 2064 4282 τοῦτο

481 4311 706 4379 γέγονεν
762 4311 924 4365 ὅπλον
976 4310 1453 4378 ἀκαταγώνιστον·
1516 4313 1770 4378 γυναῖκες
1829 4309 2062 4364 θανάτου

484 4394 870 4464 κατατολμῶσι
890 4410 905 4424 ο
929 4393 1012 4457 τίς
1040 4395 1138 4446 οὐκ
1167 4395 1230 4447 ἂν
1253 4392 1586 4461 ἐκπλαγείη;
1617 4393 2063 4463 Αἰσχυνέσθωσαν

485 4477 772 4547 Ἕλληνες,
800 4476 1331 4544 ἐγκαλυπτέσθωσαν
1367 4476 1608 4528 Ἰουδαῖοι
1641 4479 1692 4528 οἱ
1723 4476 2066 4529 διαπιστοῦν-

482 4577 576 4624 τες
604 4563 668 4631 τῇ
703 4560 1001 4614 ἀναστάσει
1030 4558 1126 4611 τοῦ
1153 4557 1405 4630 Χριστοῦ.
1446 4560 1510 4611 Τί
1567 4559 1671 4630 γὰρ
1710 4562 1914 4630 μεῖζον.
1943 4559 2063 4616 εἰπέ

491 4660 603 4712 μοι,
639 4644 820 4712 ζητεῖς
867 4644 1094 4712 σημεῖον
1126 4641 1224 4711 τῆς
1259 4641 1610 4704 ἀναστάσεως
1665 4642 1900 4714 ἐκείνης,
1935 4644 2064 4698 ὅταν

491 4726 604 4797 ἔδῃς
634 4727 899 4798 τοσαύτην
933 4726 1263 4796 μετάστασιν
1293 4725 1632 4794 πραγμάτων
1657 4727 2060 4798 γεγενημένην;

488 4809 752 4873 Γυναῖκες
786 4810 1015 4863 Θανάτου
1046 4807 1448 4878 κατατολμῶσι,
1485 4807 1812 4878 πράγματος
1842 4809 1936 4863 τοῦ
1972 4812 2063 4865 καὶ

489 4892 746 4964 ἀνδράσιν
771 4893 949 4961 ἁγίοις
1002 4893 1107 4964 πρὸ
1133 4892 1324 4946 τούτου
1377 4891 1612 4965 φοϐεροῦ
1641 4893 1734 4946 καὶ
1762 4894 2065 4965 φρικώδους

488 4977 661 5041 ὄντος.

558 5062 714 5118 Μάθε
745 5062 926 5115 τοίνυν
945 5060 1110 5115 αὑτοῦ
1130 5061 1221 5115 τὸν
1251 5061 1562 5134 ἔμπροσθεν
1591 5061 1773 5131 φόϐον,
1825 5062 1912 5116 ἵνα
1941 5064 2063 5119 ἰδὼν

491 5150 655 5206 αὑτοῦ
686 5150 784 5219 τὴν
807 5147 903 5200 νῦν
929 5147 1360 5218 καταφρόνησιν,
1394 5147 1683 5218 θαυμάσῃς
1715 5147 1806 5201 τὸν
1835 5147 1937 5218 τῆς
1968 5167 2065 5219 με-

485 5233 722 5304 ταϐολῆς
737 5232 909 5287 αἴτιον
929 5231 1063 5285 Θεόν
1078 5251 1089 5261 ·
1120 5231 1258 5302 μάθε
1279 5231 1442 5284 αὐτοῦ
1468 5232 1567 5302 τὴν
1587 5233 1860 5304 προτέραν
1887 5233 2059 5304 ἰσχὺν,

490 5319 578 5374 ἵνα
609 5316 795 5389 μαθὼν
824 5315 991 5370 αὑτοῦ
1019 5315 1118 5386 τὴν
1156 5313 1252 5367 νῦν
1299 5315 1610 5378 ἀσθένειαν,
1662 5316 2066 5388 εὐχαριστήσῃς

489 5400 568 5473 τῷ
595 5401 777 5454 τέλεον
801 5399 963 5453 αὐτὸν
988 5398 1363 5469 ἐκνευρίσαντι
1385 5398 1626 5470 Χριστῷ.
1651 5400 1818 5453 οὐδὲν
1850 5399 2068 5470 ἰσχυρό-

491 5501 649 5557 τερον
683 5483 890 5537 ἐκεινου
922 5482 981 5536 τὸ
1003 5482 1289 5553 πρότερον,
1313 5482 1585 5552 ἀγαπητέ,
1611 5482 1704 5535 καὶ
1726 5483 1877 5535 οὐδὲν
1905 5483 2067 5536 6305-

493 5569 747 5640 νέστερον
777 5567 964 5638 ἡμῶν·
994 5567 1128 5620 ἀλλὰ
1161 5566 1254 5621 νῦν
1282 5567 1434 5619 ούδέν
1481 5569 1628 5618 ἐστιν
1679 5565 2066 5635 ἀσθενέστερον

497 5650 728 5715 ἐκείνου,
753 5652 847 5704 καὶ
879 5651 1032 5704 οὐδὲν
1064 5651 1407 5722 ἰσχυρότερον
1426 5649 1602 5720 ήμῶν.
1629 5644 1782 5712 Εἶδες
1807 5647 1923 5711 πῶς
1947 5649 2067 5718 ἀρί-

508 5749 605 5800 στη
639 5735 674 5802 ή
713 5735 1034 5803 μετάστασις
1079 5734 1304 5803 γέγονες
1342 5733 1458 5797 πῶς
1512 5732 1579 5785 τά
1624 5730 1821 5803 ἰσχυρὰ
1865 5731 2066 5801 ἀσθενῆ

2161 2395 2405 2467 ἐποίησε,
2436 2394 2618 2449 καὶ-τὰ
2643 2394 2841 2466 ἀσθενῆ
2880 2393 3075 2465 ισχυρὰ
3097 2392 3511 2447 κατεσκεύασεν
3543 2393 3576 2444 6
3597 2389 3766 2451 Θεὸς,

2161 2478 2501 2549 ἑκατέρωθεν
2527 2481 2661 2548 ἡμῖν
2687 2478 2902 2540 δεικνὺς
2938 2476 3105 2531 αὑτοῦ
3140 2477 3240 2547 τὴν
3287 2475 3566 2544 δύναμιν;
3617 2470 3766 2524 Ἀλλ’

2161 2562 2248 2615 ἵνα
2281 2563 2354 2632 μὴ
2385 2561 2542 2632 μόνον
2563 2562 2837 2630 ἀπόφασις
2929 2561 2997 2613 τά
3019 2560 3312 2630 λεγόμενα,
3358 2559 3456 2611 καὶ
3475 2557 3587 2627 τὴν
3614 2555 3762 2609 ἁπό-

2159 2643 2324 2709 δειξιν
2346 2644 2551 2712 ἐπάγω.
2581 2645 2711 2708 Καὶ,
2735 2647 2784 2697 εί
2811 2644 2979 2708 δοκεῖ,
3007 2643 3224 2715 πρῶτον
3248 2644 3426 2695 ἐκεῖνο
3454 2641 3513 2694 δε
3524 2642 3767 2708 ίξωμεν.

2162 2727 2279 2790 πῶς
2308 2725 2598 2794 ἐφοϐοῦντο
2629 2727 2790 2779 αὐτὸν
2816 2725 3124 2796 ἔμπροσθεν
3158 2727 3256 2796 οὺχ
3289 2722 3626 2795 ἁμαρτωλοὶ
3665 2725 3765 2791 μό-

2161 2828 2270 2872 νον,
2297 2811 2432 2864 άλλά
2457 2812 2550 2864 καὶ
2573 2811 2720 2879 ἅγιοι
2743 2810 2841 2863 ἄνθ
2852 2827 3022 2881 ρωποι
3047 2810 3248 2880 πσλλὴν
3271 2808 3604 2880 παρρησίαν
3622 2808 3766 2878 πρὸς

2159 2895 2250 2948 τὸν
2298 2895 2429 2948 Θεὸν
2475 2893 2626 2966 [6'55]
2676 2894 2909 2965 ἔχοντες,
2972 2893 3082 2947 ἀπὸ
3157 2892 3612 2964 κατορθωμάτων
3668 2907 3764 2943 κο-

2165 2976 2393 3046 μῶντες,
2432 2977 2528 3030 καὶ
2562 2978 2746 3030 πᾶσαν
2796 2975 3118 3040 ἐπελθόντες
3171 2977 3391 3047 ἀρετήν.
3448 2973 3649 3027 Ταῦτα
3709 2974 3762 3025 δὲ

2160 3060 2426 3131 δείκνυμι,
2457 3061 2554 3130 οὐχ
2599 3061 2685 3113 ἵνα
2728 3060 3092 3129 καταγνῶμεν
3119 3058 3225 3112 τῶν
3269 3059 3465 3126 ἁγίων,
3505 3058 3634 3111 ἀλλ’
3676 3059 3764 3109 ἵνα

2162 3142 2535 3214 θαυμάσωμεν
2561 3143 2656 3196 τοῦ
2686 3143 2821 3197 Θεοῦ
2844 3144 2944 3214 τὴν
2963 3142 3215 3213 δύναμιν.
3247 3141 3417 3194 Πόθεν
3444 3137 3545 3194 οῦν
3571 3141 3762 3209 δῆλον,

2160 3225 2242 3277 ὅτι
2271 3225 2500 3296 φοϐερὸν
2514 3225 2608 3278 τοῦ
2627 3225 2857 3279 θανάτου
2882 3225 2940 3278 rb
2961 3227 3300 3296 προσωπεῖον
3321 3219 3385 3294 ἦν
3409 3223 3520 3295 πρὸ
3535 3224 3762 3282 ro'irou.

2162 3311 2254 3364 καὶ
2275 3310 2472 3372 πάντες
2493 3309 2654 3362 αὐτὸν
2669 3309 3080 3380 ἐπεφρίκεισαν,
3101 3308 3194 3360 καὶ
3215 3308 3445 3379 ἔτρεμον
3465 3325 3480 3375 ;
3498 3308 3643 3360 Ἀπὸ
3666 3307 3762 3359 τοῦ

2162 3392 2500 3462 πατριάρχου
2527 3389 2766 3460 πρώτου.
2801 3391 2861 3443 '0
2887 3389 2996 3461 γὰρ
3038 3389 3287 3460 Ἀϐραάμ
3325 3393 3352 3443 6
3374 3392 3761 3461 πατριάρχης.

2161 3476 2189 3527 6
2217 3474 2443 3540 δίκαιος,
2478 3476 2506 3527 6
2532 3473 2626 3526 τοῦ
2657 3472 2789 3526 Θεοῦ
2819 3473 2970 3540 φίλος
2990 3513 3004 3537 ,
3041 3475 3070 3526 6
3118 3473 3351 3543 πατρίδα
3386 3474 3556 3543 ἀφεὶς
3582 3515 3598 3538 ,
3669 3474 3765 3525 καὶ

2162 3557 2357 3615 οἰκίαν.
2381 3558 2474 3609 καὶ
2495 3560 2795 3626 συγγενεῖς,
2823 3557 2918 3610 καὶ
2962 3556 3146 3626 φίλους
3163 3596 3178 3620 ,
3212 3558 3306 3611 καὶ
3327 3556 3551 3610 πάντων
3590 3558 3767 3627 ὑπερ-

2164 3639 2288 3694 ιδὼν
2307 3641 2414 3694 τῶν
2430 3641 2712 3711 παρόντων
2739 3640 2826 3693 διὰ
2842 3640 2904 3693 τὸ
2933 3641 3262 3712 πρόσταγμα
3283 3641 3376 3694 τοῦ
3393 3640 3561 3705 Θεοῦ,
3585 3641 3766 3704 οὕτως

2162 3722 2415 3777 ἐδεδοίκει
2450 3723 2544 3776 καὶ
2574 3722 2822 3792 ἐφοϐεῖτο
2848 3723 2937 3776 τὸν
2967 3723 3217 3789 θάνατον,
3253 3723 3328 3786 ὼς
3357 3725 3438 3786 εἰς
3468 3723 3574 3792 τὴν
3595 3724 3766 3790 Δίγυ-

2163 3823 2295 3858 πτον
2323 3805 2551 3860 εἰσιέναι
2596 3805 2806 3877 μέλλων
2846 3807 3022 3859 εἰπεῖν
3058 3807 3192 3879 πρὸς
3237 3805 3334 3876 τὴν
3365 3808 3614 3874 γυναῖκα
3670 3805 3764 3876 τὴν

2163 3889 2353 3943 ἐαυτοῦ
2375 3888 2548 3942 ταῦτα
2568 3906 2581 3920 ·
2610 3889 2899 3944 Γινώσκω
2945 3885 3035 3944 ὅτι
3069 3889 3224 3960 γυνὴ
3261 3892 3676 3957 εὐπρόσωπος
3714 3888 3765 3944 ει

2163 3974 2243 4027 σύ
2263 3990 2276 4002 ·
2305 3972 2476 4027 ἔσται
2508 3968 2623 4028 οὗν
2650 3973 2732 4041 ὡς
2751 3972 2828 4027 ἂν
2858 3973 3032 4028 ῑδωσί
3073 3991 3147 4028 σε
3195 3978 3250 4029 οἱ
3281 3976 3627 4044 Αἰγύπτιοι,
3690 3976 3764 4030 σὲ

2158 4056 2276 4126 μὲν
2303 4055 2816 4124 περιποιήσονται,
2843 4057 2950 4126 ἐμὲ
2977 4057 3045 4111 δὲ
3067 4058 3498 4113 ἀποκτενοῦσί.
3532 4059 3606 4112 Τί
3634 4056 3761 4122 οῦν;

2164 4139 2312 4194 Εἰπὲ
2341 4139 2429 4194 ὅτι
2465 4139 2700 4209 ἀδελφὴ
2740 4140 2927 4194 αὑτοῦ
2957 4143 3104 4211 ειμι,
3138 4143 3241 4195 ἵνα
3269 4137 3338 4195 εὖ
3366 4160 3471 4210 μοι
3505 4146 3762 4211 γένηται

2163 4223 2260 4277 διὰ
2289 4223 2384 4290 σὲ,
2411 4225 2510 4278 καὶ
2537 4223 2775 4291 ζήσεται
2809 4227 2846 4294 ἡ
2878 4225 3050 4294 ψυχή
3083 4243 3202 4296 μου
3239 4226 3453 4280 ἕνεκεν
3491 4227 3644 4282 σοῦ.
3702 4225 3763 4280 Τί

2162 4308 2342 4370 τοῦτο,
2366 4302 2411 4362 ὦ
2441 4309 2562 4378 ἅγιε
2594 4310 2686 4362 καὶ
2717 4309 3070 4381 πατριάρχα;
3115 4311 3378 4381 περιορᾷς
3425 4311 3490 4363 τὸ
3532 4312 3763 4379 γύναιον

2165 4389 2542 4463 ὑϐριζόμενον,
2574 4394 2669 4446 καὶ
2697 4393 2795 4464 τὴν
2817 4393 2979 4463 εὐνὴν
3005 4393 3390 4464 ἀδικουμένην,
3417 4396 3516 4447 καὶ
3538 4397 3640 4449 τὸν
3667 4396 3764 4464 γά-

2168 4492 2267 4546 μον
2313 4475 2767 4547 διορυττόμενον;
2827 4475 2971 4528 οῦτω
3007 4475 3271 4539 δέδοικας,
3319 4476 3443 4529 εἱπέ
3508 4495 3634 4548 μοι,
3675 4479 3764 4531 τὸν

2165 4558 2430 4623 θάνατον;
2481 4559 2541 4611 ού
2579 4561 2842 4629 περιορᾷς
2871 4559 2928 4611 δέ
2985 4559 3166 4628 μόνον,
3203 4557 3342 4611 ἀλλά
3375 4560 3474 4612 καὶ
3529 4561 3764 4623 πλέκεις

2163 4641 2311 4694 δόλον
2354 4641 2493 4710 μετὰ
2521 4641 2618 4712 τῆς
2647 4643 2929 4709 γυναικὸς,
2963 4641 3057 4694 καὶ
3092 4642 3466 4714 συνυποκρίνῃ
3485 4642 3550 4695 rb
3579 4643 3763 4714 δρᾶμα

2164 4727 2264 4797 τῆς
2295 4725 2528 4796 ὕϐρεως,
2566 4725 2802 4788 καὶπῶς
2845 4725 2920 4796 μὴ
2953 4726 3179 4796 γένηται
3202 4725 3508 4794 κατάδηλος
3541 4729 3574 4780 6
3608 4729 3762 4797 βασιο

2166 4809 2290 4872 λεῦς
2322 4809 2430 4862 τῶν
2485 4809 2798 4876 Αἰγυπτίων
2847 4808 3141 4879 ἐπιχειρῶν
3178 4810 3244 4877 τῇ
3301 4809 3526 4879 μοιχείᾳ.
3588 4811 3764 4866 πάντα

2171 4894 2456 4964 πράττεις,
2489 4892 2581 4945 καὶ
2610 4891 2878 4962 περιελὼν
2918 4892 3091 4960 αὐτὴν
3129 4892 3190 4944 τὸ
3233 4891 3406 4960 ὄνομα
3440 4893 3544 4962 τῆς
3579 4910 3766 4961 γυναι-

2171 4977 2287 5039 κὸς,
2320 4975 2657 5047 περιέθηκας
2703 4976 2840 5045 αὐτῇ
2869 4974 2930 5027 τὸ
2958 4978 3302 5045 προσωπεῖον
3346 4976 3444 5046 τῆς
3487 4976 3761 5049 άδελφῆςζ

2182 5058 2341 5112 Ἀλλά
2365 5061 2474 5129 γάρ
2494 5058 2708 5110 δέδοικα
2740 5057 2814 5129 μὴ
2838 5057 3066 5111 θανάτου
3093 5056 3490 5121 σπουδάζοντες
3514 5060 3763 5132 παραλῦ-

2170 5161 2260 5196 σαι
2285 5143 2539 5213 δύναμιν,
2581 5142 2841 5213 φανῶμεν
2881 5142 2976 5194 τοῦ
3011 5143 3224 5196 δικαίου
3272 5144 3761 5215 κατηγοροῦντεςο
3842 5197 3844 5216 Ι

2164 5227 2355 5297 διόπερ
2385 5227 2671 5297 ἀμφότερα
2703 5225 2928 5295 ποιῆσαι
2959 5225 3314 5296 πειράσομαι,
3343 5227 3441 5278 καὶ
3463 5227 3562 5280 τοῦ
3599 5228 3764 5282 θανάο

2162 5328 2257 5364 του
2283 5309 2454 5376 δεῖξαι
2483 5310 2581 5379 τὴν
2609 5307 2916 5374 ἀσθένειαν,
2947 5309 3042 5361 καὶ
3065 5309 3254 5361 τοῦτον
3283 5308 3387 5377 τῆς
3414 5311 3764 5383 κατηγορίας

2163 5393 2468 5465 ἐξαρπάσαι
2508 5391 2730 5462 ταύτης.
2787 5393 3060 5463 Πρότερον
3112 5392 3171 5445 δέ
3231 5392 3396 5444 αὑτὸν
3457 5393 3765 5459 ἀναγκαῖον

2164 5478 2332 5543 δεῖξαι
2385 5477 2659 5530 δεδοικότα
2702 5475 2794 5528 τὸν
2833 5475 3062 5530 θάνατον
3087 5517 3101 5541 ,
3139 5476 3234 5531 καὶ
3281 5475 3405 5528 τότε
3443 5477 3761 5544 ἀπαλλάξαι

2170 5561 2278 5612 τῶν
2304 5558 2680 5628 ἐγκλημάτων.
2729 5558 2957 5626 Ἰδωμεν
2980 5559 3160 5612 τοίνυν
3193 5559 3317 5612 ὅσον
3364 5560 3611 5630 πρᾶγμα
3663 5561 3760 5613 ὑπ·
3842 5555 3844 5572 ¹

2172 5643 2386 5714 έμεινεν
2416 5642 2686 5712 ἀφόρητον
2706 5641 2799 5696 καὶ
2820 5641 2990 5694 δεινόν
3017 5661 3027 5672 ·
3059 5642 3120 5693 τὸ
3147 5642 3257 5712 γάρ
3277 5644 3515 5709 γυναῖκα
3537 5642 3757 5713 ὑϐριζοο

2179 5729 2345 5799 μένην
2387 5727 2515 5780 ἰδεῖν
2545 5767 2558 5793 ,
2603 5729 2696 5780 καὶ
2747 5726 3142 5798 μοιχευομένην
3190 5725 3493 5781 θεάσασθαι
3547 5723 3756 5798 μυρίων
