3860 6286
196 206 323 264 0‘29
1297 209 1382 269 DE
1422 209 1521 266 SS.
1562 207 1857 266 Bl-LBNICE
1897 209 1981 265 ET
2023 208 2395 291 PROSBOCE.

415 513 815 591 BERNICEN
857 509 961 579 ET.
1002 513 1474 593 PROSDOCEN
1518 516 1886 593 VIRGLNES
1930 520 2033 583 ΕΤ
2076 519 2514 597 DOMNINAM
2557 523 2908 601 MATREM
2950 529 3253 605 EARUM.

3361 219 3462 303 cae

193 682 422 748 fuisse,
454 698 564 737 non
603 689 796 749 autem
821 684 874 739 in
906 680 995 741 die
1024 682 1384 740 Exaltationis
1421 683 1479 741 S.
1507 683 1719 745 Crucis.
1748 701 1869 756 qum
1887 684 2257 759 Chrysostomi
2292 698 2534 762 tempore
2568 692 2806 749 nondum
2837 695 3230 755 celebrabatur.
3258 700 3453 783 Longe.

191 776 513 832 consultius
544 774 982 849 Martyrologium
1018 776 1320 832 Romanum
1349 774 1547 834 festum
1573 777 1673 832 SS.
1706 776 2002 850 Martyrum
2038 778 2324 845 Domnina
2352 792 2406 837 et
2435 784 2704 839 sociarum
2734 786 2799 843 ad
2836 787 2899 842 I5
2923 787 3124 858 Aprilis
3148 792 3288 849 diem
3318 774 3452 853 con:

193 865 423 936 signat,
451 862 585 931 licet.
608 865 661 918 in
698 869 798 920 hoc
828 881 1052 935 peccare
1093 865 1358 932 videatur,
1391 864 1536 937 quod
1570 863 1892 921 Domninam
1926 868 2187 941 virginem
2220 882 2403 937 vocet,
2439 889 2560 946 quae
2592 884 2766 932 mater
2799 875 2949 949 [654]
2975 890 3091 936 erat
3123 880 3373 942 Bernices
3401 896 3455 945 et

192 953 506 1012 Prosdoces
547 954 837 1028 virginum.
864 955 942 1011 Ex
974 956 1078 1013 hoc
1118 964 1299 1012 autem
1342 956 1568 1012 Romani
1612 957 1979 1032 Martyrologii
2021 963 2233 1017 calculo
2275 979 2478 1020 annum
2516 983 2625 1037 quo
2653 977 2766 1024 tum
2808 970 2924 1026 haec
2958 985 3267 1029 sanctarum
3304 994 3454 1034 mar-

188 1059 409 1116 tyrum,
435 1054 548 1101 tum
572 1045 665 1101 illa
683 1045 750 1102 de
776 1045 951 1104 Cruce
980 1047 1203 1104 humilia
1231 1047 1412 1104 habita
1432 1058 1533 1117 est,
1563 1051 1829 1120 expiscari
1859 1067 2017 1123 posse
2038 1054 2317 1118 videmur;
2340 1072 2534 1128 nempe
2560 1058 2686 1120 392,
2707 1076 2816 1130 quo
2844 1060 3051 1117 Pascha
3077 1065 3455 1126 celebrabatur

186 1134 289 1191 die
319 1135 579 1191 vicesima
626 1144 817 1192 octava
861 1134 1060 1206 Martii,
1108 1147 1163 1195 et
1201 1149 1598 1208 consequenter
1636 1138 1963 1196 Parasceves
2004 1141 2091 1197 die
2144 1143 2403 1201 vicesima
2452 1158 2604 1204 sexta
2643 1149 2887 1219 ejusdem
2922 1154 3124 1209 mensis
3156 1173 3167 1208 :
3200 1170 3231 1210 a
3266 1173 3374 1229 qua
3403 1162 3449 1215 si

187 1241 490 1283 numerum
520 1229 709 1295 ducas,
751 1231 1007 1288 vicesima
1050 1232 1166 1289 dies
1191 1233 1390 1290 incidet
1419 1234 1472 1288 in
1506 1234 1772 1290 decimam
1818 1249 2069 1305 quartam
2103 1239 2322 1309 Aprilis.
2359 1241 2411 1296 In
2458 1243 2563 1321 hoc
2585 1244 2752 1327 igitur
2785 1244 2995 1302 calculo
3037 1249 3314 1316 standum,
3349 1259 3451 1313 etsi

187 1338 311 1378 non
364 1323 484 1379 sine
516 1325 752 1395 quodam
797 1327 1053 1397 scrupulo
1089 1346 1104 1384 :
1139 1344 1295 1394 nam,
1329 1337 1387 1384 ut
1419 1329 1655 1385 diximus
1703 1329 1755 1384 in
1796 1327 2003 1386 Monito
2028 1334 2094 1387 ad
2121 1332 2384 1390 llomilias
2415 1347 2600 1391 contra
2638 1323 2886 1411 Judazos,
2929 1342 3124 1413 tabula:
3162 1345 3453 1427 Paschalee

186 1433 320 1490 quae
346 1430 475 1475 sunt
507 1422 898 1490 posterioribus
928 1424 1140 1481 saeculis
1167 1425 1521 1489 concinnatae,
1548 1441 1671 1480 cum
1708 1428 1980 1485 veteribus
2008 1430 2207 1487 tabulis
2231 1446 2339 1486 non
2357 1432 2692 1495 concordare
2713 1433 2874 1491 facile
2903 1447 3152 1517 possunt.

268 1512 653 1585 Interpretatio
685 1517 874 1574 Latina
898 1529 981 1575 est
1000 1518 1296 1578 Frontonis
1332 1518 1532 1574 Ducaei.

168 1647 3466 1691 ww

1000 1690 1009 1698 ’
1056 1722 1236 1814 ΒΕ
1282 1721 1754 1807 SANCTIS
1796 1723 2552 1810 MARTYRIBUS

260 1866 536 1912 nanum:
579 1871 660 1914 nr
703 1873 1023 1921 paosnocn
1066 1879 1455 1936 vmstmnus,
1501 1880 1582 1923 ET
1623 1878 1910 1923 DOMNINA
1944 1879 2177 1926 manus
2220 1881 2479 1939 EARUM,
2524 1884 2792 1929 nomua
2840 1887 3234 1935 PANEGYBICA
3280 1876 3384 1946 (al.

1646 1988 2017 2063 amca-ta:

244 2083 272 2140 ι
338 2083 582 2142 Nondum
611 2088 783 2157 elapsi
811 2099 937 2157 sunt
959 2090 1077 2149 dies
1098 2092 1303 2164 viginti,
1330 2108 1395 2150 ex
1424 2107 1531 2169 quo
1552 2106 1759 2149 memo—

1867 2098 1970 2153 que
1999 2083 2150 2140 nobis
2191 2085 2480 2143 robustius.
2518 2088 2695 2155 Vides,
2730 2099 2787 2146 ut
2816 2093 3014 2163 optima
3056 2096 3127 2152 sit
3173 2099 3304 2154 facta
3343 2117 3463 2158 mu-

162 2175 304 2231 riam
331 2176 517 2232 Cruci,
543 2179 950 2249 οειθδηνεηηιε,
978 2191 1035 2238 ει
1057 2199 1184 2240 εροο
1212 2194 1506 2257 mﬂymm
1555 2199 1762 2246 nemo.
1865 2173 2030 2228 talio?
2048 2185 2103 2228 ut
2130 2176 2345 2232 robuSta
2367 2178 2575 2234 intirma
2599 2181 2911 2257 reddiderit,
2935 2197 2987 2240 et
3011 2187 3218 2246 inﬁrma
3243 2193 3461 2249 robusta

160 2266 302 2321 riam
340 2268 695 2329 celebramus.
726 2271 910 2339 Vides,
964 2283 1020 2330 ut
1067 2276 1215 2332 celer
1239 2277 1427 2337 mortis
1462 2276 1658 2337 Christi
1689 2277 1753 2334 ait

1863 2263 2003 2319 Deus
2028 2264 2286 2352 effecerit,
2329 2286 2435 2340 quo
2458 2286 2608 2327 suam
2662 2275 2814 2332 nobis
2882 2280 3147 2350 utrimque
3171 2285 3462 2352 potentiam

162 2355 417 2414 t‘ructns‘!
458 2372 682 2431 propter
724 2363 867 2433 illam
905 2365 1339 2438 ovem'jugulata:
1383 2377 1508 2423 sunt
1553 2368 1636 2424 hae
1663 2367 1755 2438 ju-

159 2464 370 2516 venem,
411 2464 633 2523 propter
679 2453 830 2511 illum
876 2471 1072 2527 agnum
1127 2457 1210 2519 ιη,
1237 2459 1489 2527 victima,
1533 2469 1756 2533 propter
1860 2450 2592 2521 videar,demonstrationem
2637 2461 2798 2527 etiam
2828 2464 3132 2535 adjuugam.
3164 2470 3261 2535 Ac,
3292 2473 3337 2526 si
3380 2473 3459 2526 vi-

157 2540 297 2600 illud
315 2543 636 2601 sacriﬁcium
662 2545 747 2602 hac
772 2548 1072 2607 oblationes
1101 2569 1115 2607 :
1147 2550 1384 2611 nondum
1414 2553 1601 2625 viginti
1641 2555 1752 2611 ela-

158 2635 243 2707 psi
272 2645 396 2694 sunt
416 2637 556 2706 dies,
581 2648 639 2698 et
682 2642 862 2697 subito
904 2643 1108 2715 lignum
1135 2648 1314 2703 crucis
1340 2648 1600 2717 praeclara
1623 2663 1750 2719 gere

155 2730 304 2784 mina
351 2741 644 2803 martyrum
681 2735 1048 2803 germinavit:
1082 2737 1197 2794 lucc
1244 2738 1390 2795 enim
1435 2749 1564 2805 sunt
1606 2739 1749 2805 illius

156 2821 351 2876 mortis
369 2836 551 2892 opera.
574 2823 709 2880 Vide
737 2826 897 2898 igitur
916 2843 1124 2893 eorum,
1150 2843 1270 2900 qua:
1295 2838 1404 2885 tum
1431 2830 1574 2887 dicta
1598 2840 1745 2901 sunt,

155 2910 412 2979 Operibtm
468 2913 600 2985 ipsis
634 2918 926 2975 exhibitam
983 2919 1144 2979 hodie
1204 2919 1743 2981 demonstrationem.

154 3002 292 3059 'l'um
321 3004 561 3067 dicebam
590 3025 606 3064 :
643 3007 885 3073 Cantrivit
906 3021 1079 3081 partes
1101 3028 1281 3081 areas,
1305 3023 1351 3067 et
1374 3024 1532 3085 vectes
1556 3016 1746 3085 ferreos

154 3095 405 3169 confregit
447 3097 896 3173 (PsaMOBJti)
932 3118 947 3156 :
989 3101 1105 3159 bare
1149 3106 1402 3175 operibus
1448 3106 1607 3163 hodie
1650 3107 1745 3175 de-,

155 3200 541 3246 monstrantur.
568 3190 678 3246 Nisi
699 3193 841 3249 enim
866 3204 1045 3264 portas
1065 3213 1233 3265 aereas
1249 3200 1610 3267 contrivisset,
1636 3200 1745 3281 illis

150 3278 348 3336 clausis
367 3281 620 3341 mulieres
649 3292 755 3342 tam
787 3284 944 3343 facile
974 3287 1183 3360 ingredi
1204 3305 1348 3345 ausa:
1393 3305 1498 3353 non
1519 3300 1737 3359 essent:

151 3370 254 3426 nisi
291 3369 523 3429 ferreum
549 3382 755 3433 vectem
776 3376 1149 3450 confregisset,
1180 3395 1287 3435 non
1310 3381 1610 3451 potuissent
1639 3384 1741 3436 vir-

147 3464 304 3534 sines
330 3463 500 3536 ipsum
539 3467 751 3525 auferre
791 3486 808 3529 :
850 3471 953 3537 nisi
994 3471 1236 3531 inutilem
1260 3488 1530 3539 carcerem
1560 3475 1739 3532 reddi-

146 3556 347 3625 disset,
380 3575 484 3617 non
536 3569 683 3619 tanta
727 3577 850 3619 cum
898 3564 1223 3625 conﬁdentia
1263 3579 1527 3638 martyres
1553 3577 1738 3627 essent

149 3648 419 3720 iugi-essm.
466 3652 786 3711 Benedictus
831 3656 991 3725 Deus,
1021 3659 1216 3721 mulier
1259 3658 1327 3724 ad
1384 3668 1613 3723 mortem
1652 3669 1737 3717 est

147 3740 446 3811 intrepida;
492 3744 706 3812 mulier,
750 3762 872 3818 quae
897 3758 1125 3807 mortem
1143 3750 1195 3806 in
1221 3759 1463 3811 naturam
1493 3762 1732 3811 nostram

146 3833 362 3901 invexit,
412 3838 690 3910 antiquum
724 3839 924 3907 diaboli
965 3843 1128 3901 telum
1158 3886 1174 3911 ,
1235 3844 1338 3902 hoc
1375 3847 1572 3903 diaboli
1622 3849 1728 3905 vim

147 3930 423 3998 prostratit
450 3949 466 3999 ;
495 3933 764 3989 inlirmum
796 3938 1066 3992 vasculum
1095 3946 1152 3994 et
1186 3939 1394 4010 injuriis
1414 3942 1726 4009 obnoxium,

144 4021 303 4077 telum
347 4023 541 4080 factum
576 4035 659 4083 est
711 4028 1115 4100 insuperabile:
1173 4033 1428 4091 mulieres
1470 4036 1728 4093 adversus

143 4124 366 4170 mortem
414 4116 645 4176 audaces
691 4133 853 4185 sunt:
888 4125 1008 4194 quis
1048 4125 1562 4197 uonohstnpescat?
1592 4130 1727 4186 Eru-

140 4205 356 4264 bescaut
382 4211 628 4281 gentiles,
670 4214 943 4283 pudeliant
988 4216 1176 4285 ludmi,
1206 4220 1298 4290 qui
1344 4224 1723 4280 resurrectioni

138 4295 333 4356 Christi
363 4318 469 4358 non
497 4305 740 4361 credunt.
764 4306 917 4376 Quod
938 4311 1106 4377 enim,
1136 4327 1340 4387 quaeso,
1368 4313 1542 4383 majus
1566 4330 1723 4386 argu-

134 4383 372 4472 mentum
424 4399 837 4455 resurrectionis
879 4404 1098 4471 quaeris,
1150 4383 1272 4459 cum
1313 4413 1516 4467 tantam
1539 4406 1721 4463 videas

137 4500 312 4540 rerum
336 4484 529 4547 iactam
553 4491 909 4547 mutationem
931 4495 955 4546 Ἰ
980 4494 1231 4552 Mulieres
1253 4497 1322 4552 ad
1348 4508 1575 4561 mortem
1595 4508 1720 4556 sunt

134 4576 425 4647 intrepida},
445 4596 558 4635 rem
580 4597 699 4651 qua:
725 4583 809 4639 vel
830 4586 1028 4657 sanctis
1051 4587 1182 4645 viris
1200 4596 1356 4649 antea
1372 4590 1717 4653 formidabilis

132 4676 247 4721 erat
274 4676 326 4722 et
354 4669 644 4729 horrenda.

204 4758 455 4828 Quantum
475 4766 856 4834 reformidarint
883 4779 1095 4827 nzortem
1115 4773 1237 4828 olim
1258 4782 1537 4831 ueteres.-—
1559 4776 1714 4833 Disce

130 4852 316 4920 igitur,
379 4863 580 4924 quanto
632 4869 776 4915 esset
830 4861 958 4916 olim
1023 4864 1240 4934 timori,
1284 4876 1378 4934 ut,
1431 4884 1554 4924 cum
1598 4874 1708 4941 jam

130 4955 375 5013 quantum
408 4948 478 5002 sit
510 4948 854 5022 despicabilis
892 4956 1111 5026 videris,
1154 4959 1319 5017 Deum
1359 4963 1545 5022 laudes
1587 4982 1710 5023 mu-

131 5035 336 5090 talionis
372 5049 648 5099 auctorem
681 5061 695 5099 :
729 5045 875 5102 disce
903 5056 1097 5118 quanta
1127 5052 1207 5106 vis
1228 5052 1344 5124 ejus
1372 5056 1519 5125 prius
1541 5070 1703 5125 es~et,

128 5140 200 5189 ut,
227 5140 343 5183 cum
389 5139 587 5198 quanta
629 5134 699 5189 sit
749 5153 891 5194 nunc
937 5138 1222 5199 inﬁrmitas
1278 5144 1394 5214 ejus
1429 5148 1705 5220 didiceris,

126 5217 332 5273 (Zbristo
354 5224 558 5299 gratias
594 5241 744 5297 agas,
772 5231 862 5298 qui
889 5246 1007 5288 eam
1043 5250 1264 5304 prorsus
1287 5242 1577 5298 enervarit.
1610 5244 1706 5299 Ni-

129 5308 197 5363 hil
222 5308 307 5365 illa
338 5314 607 5373 robustius
635 5318 762 5374 olim
787 5330 924 5389 erat,
946 5325 1243 5395 carissime,
1285 5330 1525 5403 nihilque
1549 5335 1705 5392 nobis

126 5400 427 5463 tiiibecillius
455 5405 604 5476 ;jam
633 5424 760 5467 vero
786 5413 916 5471 nihil
940 5424 1025 5486 est
1071 5417 1155 5474 illa
1185 5400 1523 5494 imbecillius,
1542 5426 1705 5485 nihil-

186 5558 253 5621 (ιι)
284 5561 460 5613 ς-υιιιω
480 5577 585 5614 cum
609 5567 779 5621 codice
807 5574 954 5636 Regio
977 5575 1118 5626 2517.

1861 2355 2201 2415 declararet?
2232 2349 2608 2421 Verumtamen
2652 2382 2719 2423 ne
2772 2368 2887 2439 haec
2936 2349 3201 2429 afﬁrmare
3249 2384 3454 2432 tantum

1857 2541 2036 2610 detur,
2070 2547 2299 2616 primum
2350 2550 2480 2619 illud
2514 2554 2903 2625 ostendamus,
2954 2574 3062 2629 quo
3106 2573 3258 2630 pacto
3308 2563 3452 2619 illam

1854 2642 2013 2721 antea
2041 2637 2451 2697 reformidarent
2475 2659 2581 2699 non
2599 2656 2912 2716 peccatores
2940 2651 3119 2718 modo,
3152 2654 3247 2710 sed
3266 2667 3319 2711 et
3351 2656 3451 2711 bo-

1853 2724 2027 2783 tnines
2048 2731 2239 2798 sancti,
2267 2733 2357 2805 qui
2385 2735 2606 2813 multam
2632 2739 2771 2809 apud
2802 2741 2968 2797 Deum
3010 2743 3257 2802 ﬁduciam
3288 2748 3451 2806 babe-

1853 2815 2001 2887 bant,
2034 2822 2124 2893 qui
2149 2832 2294 2882 recte
2341 2826 2494 2901 factis
2521 2829 2886 2903 abundabant,
2917 2851 3240 2910 omnemque
3273 2842 3444 2898 virtu-

1852 2915 1960 2963 tem
1999 2912 2303 2991 attigerant.
2336 2918 2462 2998 llaec
2488 2931 2666 2997 autem
2694 2926 2939 2995 ostendo,
2989 2943 3094 2984 non
3145 2941 3202 2985 ut
3230 2941 3447 2990 sanctos

1848 2999 2285 3074 condemnemus,
2316 3008 2413 3081 sed
2433 3019 2488 3087 ut
2507 3010 2597 3067 Dei
2629 3016 2917 3084 potentiam
2956 3018 3259 3076 ell‘eramus.
3296 3022 3446 3081 Unde

1849 3089 2010 3161 igitur
2029 3098 2637 3158 consmtl‘ormidabilem
2654 3115 2808 3161 antea
2830 3109 3017 3164 mortis
3033 3111 3233 3167 larvam
3256 3115 3437 3183 fuisse.

1846 3193 2174 3257 cunctosque
2202 3189 2346 3244 illam
2379 3191 2650 3252 horruisse
2675 3207 2729 3252 et
2754 3201 3078 3257 tremuisse?
3105 3203 3183 3258 Ex
3208 3207 3440 3276 patriar-

1844 3275 1945 3332 cha
1992 3280 2183 3350 primo.
2233 3282 2536 3342 Patriarcha
2581 3289 2724 3345 enim
2769 3292 3060 3361 Abraham,
3085 3275 3285 3368 justus,
3339 3302 3432 3356 Dei

1843 3369 2067 3437 amicus,
2087 3375 2175 3445 qui
2206 3379 2426 3445 patriam
2450 3380 2762 3453 reliquerat,
2786 3388 2873 3456 qui
2901 3386 3139 3457 domum,
3158 3402 3435 3462 cognatos,

1841 3461 2075 3532 amicos,
2123 3474 2179 3521 et
2202 3480 2494 3537 praesentes
2535 3488 2625 3529 res
2664 3490 2853 3533 omnes
2899 3479 2969 3535 ob
2999 3480 3092 3537 Dei
3123 3484 3431 3542 inundatum

1839 3564 2254 3629 contempserat,
2287 3563 2356 3617 ita
2389 3566 2655 3625 metuebat
2679 3583 2743 3624 ac
2765 3568 3153 3629 reformidabat
3180 3587 3431 3643 mortem,

1839 3651 1897 3696 ut
1926 3644 1979 3699 in
2006 3646 2294 3722 Egyptum
2337 3653 2676 3727 ingressurus
2721 3659 2839 3716 haec
2867 3663 3020 3717 uxori
3066 3680 3177 3723 sua:
3205 3666 3427 3734 diceret,

1837 3732 1975 3791 Novi
2015 3741 2152 3810 quod
2198 3744 2416 3812 pulchra
2441 3747 2511 3801 eis
2532 3749 2732 3805 mulier.
2760 3750 2877 3807 Erit
2900 3752 3056 3825 igitur
3074 3772 3189 3810 cum
3217 3732 3431 3823 uiderint

1834 3834 1883 3880 te
1918 3826 2174 3900 Ai'gyptii,
2222 3843 2268 3887 te
2307 3835 2510 3905 quidem
2536 3839 2824 3907 servabunt,
2868 3860 2947 3897 me
2974 3860 3090 3899 vero
3124 3847 3429 3916 interﬁciant

1836 3915 1987 3989 (Gen.
2020 3921 2107 3974 η.
2134 3922 2220 3978 ll.
2253 3924 2318 3978 te
2334 3925 2378 3997 ).
2410 3927 2547 3997 Quid
2573 3930 2771 4001 igitur?
2797 3932 2918 4000 Dic,
2947 3933 3109 3990 Soror
3127 3915 3266 3993 illius
3289 3957 3422 4005 sum,

1830 4018 1886 4062 ut
1910 4009 2030 4065 bene
2052 4013 2118 4067 sit
2145 4015 2266 4069 mihi
2313 4029 2521 4089 prapter
2541 4031 2608 4089 te,
2638 4031 2686 4101 et
2711 4024 2837 4079 uiuet
2880 4027 3052 4081 anima
3088 4044 3200 4095 mea
3218 4043 3426 4103 propter

1827 4099 1905 4171 te(
1935 4099 2075 4158 Ibid.
2108 4105 2179 4161 15
2223 4108 2264 4177 ).
2298 4107 2437 4173 Quid
2469 4111 2569 4166 hoc
2605 4096 2687 4170 ι’έὶ
2712 4123 2814 4182 est,
2847 4131 2880 4171 ο
2925 4127 3110 4175 sancte
3137 4096 3420 4193 atquepa-

1827 4193 2061 4249 triarcha
2089 4198 2111 4250 ἲ
2138 4214 2237 4267 pro
2283 4199 2448 4257 nihilo
2477 4202 2667 4273 habes,
2695 4213 2753 4277 ut
2780 4209 2932 4263 uxori
2960 4218 3205 4280 stuprum
3230 4213 3423 4271 aﬂ'era-

1826 4296 1936 4355 tur,
1971 4299 2029 4345 ut
2059 4300 2207 4348 tarus
2255 4294 2502 4362 laedatur,
2533 4306 2592 4354 ut
2632 4301 2939 4372 conjugium
2976 4304 3247 4361 violetur?
3276 4310 3418 4366 itane

1825 4381 2037 4437 tandem
2085 4399 2313 4445 mortem
2360 4389 2673 4449 reformidas
2693 4393 2717 4447 ‘l
2736 4394 2920 4467 Neque
2940 4413 3066 4455 vero
3094 4408 3293 4461 tantum
3316 4420 3413 4475 pro

1821 4472 1990 4529 nihilo
2017 4474 2202 4546 habes,
2230 4480 2325 4535 sed
2357 4491 2411 4535 et
2439 4498 2563 4538 cum
2598 4501 2765 4542 uxore
2789 4488 2972 4545 dolum
3003 4493 3193 4560 nectis,
3221 4510 3285 4555 ac
3303 4506 3417 4553 stu-

1823 4566 1904 4635 pri
1934 4567 2163 4625 l‘abulam
2193 4587 2312 4626 cum
2345 4589 2406 4628 ea
2433 4576 2675 4641 simulas.
2699 4594 3023 4657 omnemque
3052 4583 3147 4640 das
3168 4600 3409 4657 operam,

1819 4666 1879 4713 ut
1907 4674 2023 4728 rex,
2049 4661 2177 4718 dum
2225 4663 2545 4725 adulterium
2576 4672 2903 4745 aggreditur,
2944 4676 3111 4737 latere
3134 4682 3326 4755 possit,
3357 4695 3417 4740 et

1816 4752 1996 4810 ablato
2038 4756 2280 4831 conjugis
2324 4763 2541 4831 nomine
2587 4780 2872 4836 personam
2905 4769 2981 4826 illi
3024 4752 3241 4831 sororis
3272 4775 3407 4837 ada-

1815 4848 2015 4915 ptasti?
2037 4848 2234 4907 Verum
2258 4854 2442 4925 timeo,
2467 4873 2534 4912 ne
2560 4857 2685 4915 dum
2701 4863 2887 4929 mortis
2908 4863 3225 4941 imminuere
3250 4870 3410 4937 virtu-

1816 4951 1919 4996 tem
1941 4943 2237 5010 studemus,
2261 4948 2462 5016 justum
2489 4967 2744 5012 accusare
2770 4957 3045 5027 videamur
3078 4976 3095 5026 ;
3141 4965 3403 5032 quamob-

1811 5048 1926 5090 rem
1957 5046 2239 5109 utrumque
2267 5043 2503 5100 conabor
2546 5046 2824 5118 perlicere,
2852 5059 2910 5111 ut
2935 5060 2989 5107 et
3026 5053 3390 5113 inﬁrmitatem
3441 5043 3448 5087 ⁵

1810 5125 2000 5179 mortis
2043 5129 2346 5197 ostendam,
2395 5143 2450 5189 et
2500 5135 2569 5191 ab
2620 5138 2725 5195 hoc
2776 5141 3200 5201 criminationem
3253 5145 3401 5202 illam

1809 5213 2090 5286 depellant.
2111 5219 2215 5276 Sed
2233 5236 2409 5292 operae
2427 5227 2656 5297 pretium
2673 5240 2772 5301 est,
2790 5232 2936 5302 prius
2954 5241 3010 5287 ut
3025 5248 3146 5289 eum
3160 5234 3403 5293 timuisae

1807 5321 2034 5363 mortem
2065 5309 2513 5383 demonstremus,
2566 5335 2630 5375 ac
2657 5320 2849 5378 deinde
2884 5338 2913 5378 a
2953 5323 3177 5395 crimine
3228 5327 3400 5383 vindi-

1805 5415 2009 5457 cemus.
2045 5401 2327 5460 Videamus
2367 5423 2496 5478 ergo
2538 5426 2697 5481 quam
2745 5412 3135 5487 intolerabilem
3173 5432 3238 5472 ac
3274 5433 3393 5473 mo-

1809 5493 1997 5550 lestam
2028 5510 2138 5551 rem
2169 5512 2362 5569 passus
2391 5501 2460 5556 sit
2489 5520 2502 5556 :
2532 5519 2653 5558 nam
2687 5520 2904 5563 uxorem
2931 5523 3154 5569 cernere
3179 5523 3381 5568 constu

1807 5595 2010 5656 pratam
2026 5596 2077 5644 et
2089 5589 2351 5648 adulterio
2368 5595 2618 5664 pollutam
2634 5595 2841 5665 intueri,
2859 5604 3124 5658 sexcentis
3137 5607 3394 5661 mortibus

3443 5036 3450 5065 l
