3860 6286
438 277 534 334 631
1187 276 1243 333 S.
1282 276 1559 333 JOANNIS
1599 276 2070 334 CIIRYSOSTOMI
2111 276 2430 335 ARCHIEP.
2473 278 3008 337 CONSTANTINOP.

433 400 516 445 est
546 388 951 445 intolerabilius.
974 389 1110 463 Quid
1135 390 1254 447 dico
1274 392 1537 449 adulterio
1555 393 1853 463 pollutam?
1879 408 1928 448 st
1941 393 2025 448 vel

437 481 613 537 tenuis
637 482 705 537 de
731 482 844 552 ipsa
887 483 1202 553 suspicionis
1226 484 1473 555 cogitatio
1500 494 1737 540 mentem
1754 484 2023 555 occupet’,

436 572 630 629 acerba
662 574 734 629 illi
761 574 868 629 vita
893 576 1066 632 omnis
1095 586 1149 631 et
1190 576 1410 631 minime
1436 577 1609 631 vitalis
1646 577 1901 633 redditur.
1935 577 2029 631 Et-

439 667 583 721 enim
614 667 750 738 ignis
777 668 851 721 illi
881 668 1094 738 quidam
1122 677 1177 723 et
1220 668 1473 723 indomita
1509 669 1721 724 flamma
1749 669 2026 741 zelotypize

440 759 873 830 tuorbns;cujus
919 762 1244 832 tyrannieam
1299 772 1352 817 ct
1408 762 1767 819 inevitabilem
1797 765 1902 817 vim
1931 763 2025 818 de-

439 851 650 904 clarans
692 852 951 921 quispiam
980 852 1190 907 dicebat
1220 871 1233 911 ξ
1268 853 1459 908 Plenus
1499 856 1630 909 enim
1683 856 1792 910 zelo
1828 856 2033 911 animus

437 942 529 993 uiri
554 942 664 1013 ejus
690 945 1125 998 noncommntabit
1155 945 1261 999 ulla
1284 945 1625 1016 redemptione
1651 947 1847 1016 odium,
1871 964 2030 1018 neque

438 1044 608 1100 parcet
619 1035 670 1088 in
694 1035 775 1088 die
794 1036 989 1102 iudicii,
1010 1054 1165 1107 neque
1179 1038 1478 1094 dissolvetur
1498 1040 1667 1095 multis
1682 1040 1827 1095 donis
1842 1039 2029 1112 (Prov,

436 1127 491 1182 6.
521 1128 607 1183 54.
644 1128 747 1199 55)
773 1145 789 1195 ;
820 1137 874 1185 et
904 1130 1029 1185 alibi
1085 1147 1271 1187 rursus
1305 1150 1319 1187 :
1376 1132 1550 1186 Durus
1592 1142 1645 1187 ut
1682 1135 1910 1205 infernus
1956 1143 2029 1187 est

438 1220 616 1291 κιαι(
642 1219 789 1275 Cant.
824 1221 875 1277 8.
913 1224 1014 1293 6).
1043 1222 1195 1278 Sicut
1216 1225 1359 1279 enim
1409 1240 1516 1279 non
1561 1236 1735 1296 potest
1764 1225 2029 1290 infernus,

439 1309 633 1381 inquit,
661 1313 900 1381 pecuniis
926 1315 1090 1381 necti,
1140 1315 1220 1370 sic
1245 1331 1419 1386 neque
1450 1317 1496 1372 is
1524 1318 1611 1387 qui
1642 1320 1903 1391 zelotypia
1949 1320 2029 1373 la-

438 1401 618 1469 borat,
656 1404 810 1458 leniri
832 1412 994 1475 atque
1020 1406 1237 1476 placari.
1268 1408 1416 1463 Multi
1440 1409 1619 1480 utique
1644 1426 1787 1480 smpe
1814 1415 1915 1466 vita
1936 1426 2028 1466 sua

438 1492 669 1549 libenter
695 1495 1075 1564 redemissent,
1117 1505 1175 1551 ut
1202 1497 1503 1554 adulterum
1534 1500 1835 1557 invenirent
1864 1521 1877 1558 :
1906 1517 2031 1557 san-

440 1584 656 1653 guinem
701 1586 874 1657 ipsum
918 1589 1019 1643 viri
1072 1590 1208 1659 ejus,
1259 1592 1347 1662 qui
1384 1608 1605 1648 uxorem
1636 1606 2029 1666 cunstuprarat,

442 1675 786 1743 perlubenter
824 1677 1222 1749 degustassent,
1271 1690 1327 1737 et
1352 1685 1553 1753 qumvis
1600 1694 1694 1739 aut
1737 1701 1895 1757 agere
1941 1696 2033 1743 aut

444 1764 557 1834 pati
584 1765 699 1836 ejus
725 1767 801 1823 rei
825 1783 985 1824 causa
1010 1773 1247 1827 contenti
1270 1772 1525 1842 fuissent;
1555 1777 1649 1832 sed
1678 1776 1818 1834 hunc
1840 1778 2033 1836 nihilo-

442 1857 620 1911 minus
667 1859 1054 1917 intolerandum
1104 1865 1386 1931 morbum,
1442 1866 1584 1923 hunc
1633 1870 1928 1925 violentum
1976 1882 2032 1928 et

440 1949 830 2017 implacabilem
874 1954 1050 2021 justus
1098 1956 1480 2024 patientissime
1525 1959 1789 2029 toleravit;
1819 1971 1874 2019 et
1916 1973 2030 2019 stu-

441 2054 594 2108 prum
647 2043 829 2096 uxoris
867 2059 979 2115 pra:
1023 2045 1188 2102 nimio
1228 2050 1415 2105 mortis
1460 2060 1514 2108 ct
1553 2052 1797 2110 interitus
1840 2055 2032 2113 timore

439 2140 653 2187 contem
661 2134 783 2201 psit.

510 2222 565 2276 2.
608 2224 882 2281 Abrahami
905 2230 1163 2301 apologia.
1190 2263 1261 2273 —
1286 2234 1511 2292 Mortem
1536 2237 1684 2294 illum
1714 2254 1842 2311 ergo
1867 2240 2033 2312 liquet

441 2328 509 2367 ex
538 2313 643 2369 hoc
673 2316 951 2374 timuisse:
976 2320 1087 2390 jam
1117 2338 1243 2378 vero
1269 2334 1477 2395 tempus
1505 2340 1610 2396 est,
1636 2340 1692 2385 ut
1715 2346 1836 2387 eum
1868 2348 1898 2387 a
1926 2333 2033 2388 cri-

440 2404 587 2460 mine
607 2416 661 2461 et
700 2410 1060 2478 accusatione,
1103 2429 1223 2483 qua:
1255 2415 1379 2472 hinc
1423 2420 1680 2485 exoritur,
1711 2421 2029 2495 liberemus,

440 2496 486 2550 si
518 2497 663 2565 prius
693 2498 859 2569 ipsam
884 2505 1279 2562 accusationem
1307 2512 1748 2580 expresserintus.
1777 2515 2031 2582 Quaenam

442 2590 607 2659 igitur
657 2591 747 2647 illa
792 2596 1006 2652 tandem
1057 2608 1141 2654 est
1189 2602 1501 2657 accusatio?
1532 2603 1841 2675 Oportebat,
1890 2608 2035 2667 dicet

442 2681 659 2753 aliquis,
687 2694 739 2739 ut
773 2697 1000 2744 mortem
1022 2703 1303 2759 oppeteret
1330 2696 1524 2765 potius,
1552 2712 1708 2768 quam
1740 2711 1793 2753 ut
1813 2710 2034 2757 constu-

446 2777 590 2867 prari
622 2793 841 2834 uxorem
874 2798 970 2851 pro
1002 2784 1170 2841 nihilo
1216 2787 1475 2844 haberet:
1504 2800 1559 2846 et
1588 2793 1688 2849 hoc
1735 2804 1839 2863 est,
1889 2797 2034 2867 quod

444 2865 521 2919 illi
550 2866 763 2923 crimini
787 2883 1002 2928 vertunt
1028 2876 1265 2946 quidam,
1290 2879 1432 2949 quod
1455 2882 1617 2938 vitam
1643 2899 1793 2940 suam
1811 2865 2032 2945 servare

445 2958 713 3027 maluerit,
747 2977 905 3032 quam
952 2968 1196 3039 conjugis
1226 2957 1546 3030 castitatem.
1569 2975 1707 3044 Quid
1726 2978 1849 3035 ais?
1875 2995 2035 3051 opor-

448 3052 594 3108 tebat
623 3055 795 3123 ipsqu
842 3059 976 3113 mori
1006 3062 1203 3130 potius,
1237 3080 1398 3135 quam
1427 3076 1484 3123 ut
1534 3071 1870 3142 constuprari
1899 3088 2034 3128 uxo-

443 3160 558 3199 rem
594 3164 689 3217 pro
715 3150 883 3206 nihilo
907 3152 1173 3210 haberet?
1204 3157 1342 3226 Quid
1373 3176 1502 3217 vero
1530 3161 1658 3219 illud
1675 3165 2034 3235 profecisset?

445 3253 568 3292 nam
599 3241 643 3295 si
665 3242 879 3311 quidem
912 3258 1086 3303 morte
1127 3264 1221 3304 sua
1265 3253 1547 3325 conjugem
1577 3272 1608 3310 a
1633 3267 1820 3329 stupro
1846 3259 2035 3317 fuisset

443 3340 809 3400 exempturus,
838 3346 986 3392 recte
1013 3339 1111 3395 ista
1142 3341 1429 3411 diceretis;
1470 3347 1551 3401 sin
1580 3358 1758 3405 autem
1796 3352 2035 3408 moriens

444 3419 577 3517 nihil
601 3425 753 3479 uxori
781 3427 1052 3497 proderat,
1094 3441 1152 3487 ut
1176 3450 1293 3490 eam
1335 3452 1364 3491 a
1403 3447 1589 3510 stupro
1619 3441 1893 3512 liberaret,
1928 3462 2033 3517 qua

445 3511 515 3606 de
527 3526 684 3568 causa
707 3526 907 3574 temere
930 3532 983 3576 et
1014 3523 1311 3583 inconsulto
1328 3530 1550 3586 salutem
1572 3549 1722 3590 suam
1747 3511 2035 3606 proderet?

446 3601 579 3656 Nam
603 3615 659 3658 ut
687 3606 973 3681 intelligas,
998 3630 1065 3670 ne
1092 3629 1261 3673 morte
1282 3622 1496 3689 quidem
1515 3640 1608 3679 sua
1624 3601 1863 3696 potuisse
1882 3630 2033 3688 illum

445 3710 565 3749 eam
611 3696 679 3752 ab
720 3699 985 3759 adulterio
1027 3706 1275 3778 liberare,
1301 3715 1422 3768 audi
1454 3716 1578 3786 quid
1618 3718 1759 3775 dicat
1792 3739 1805 3776 :
1844 3721 1911 3775 Et
1939 3728 2035 3779 erit

446 3804 566 3842 cum
594 3791 809 3847 viderint
839 3805 887 3849 te
909 3797 1171 3871 AEgyptii,
1204 3814 1251 3859 te
1278 3806 1478 3875 quidem
1506 3812 1789 3879 servabunt,
1818 3831 1895 3868 me
1918 3830 2033 3870 vero

444 3879 740 3948 interﬁciant
768 3886 786 3955 (
811 3885 938 3944 Gen.
973 3890 1058 3945 12.
1090 3892 1210 3965 12).
1240 3894 1495 3954 Futurum
1518 3901 1675 3971 igitur
1688 3914 1823 3971 erat,
1858 3908 2035 3962 utduo

444 3973 647 4039 scelera
677 3989 1033 4046 patrarentur,
1058 3985 1399 4055 adulterium,
1428 3995 1697 4060 etcaedes;
1725 4010 1834 4051 erat
1854 4010 2032 4055 autem

444 4064 741 4133 prudentia:
766 4086 872 4126 non
897 4074 1133 4145 vulgaris
1174 4096 1239 4133 ex
1268 4080 1476 4138 duobus
1520 4086 1634 4142 istis
1664 4104 1825 4144 unum
1867 4091 2032 4146 lueri-

444 4156 641 4214 facere.
668 4161 801 4217 Nam
828 4165 872 4220 si
898 4168 1112 4237 quidem
1143 4176 1381 4243 exposita
1406 4178 1508 4233 vita
1532 4194 1648 4247 sua,
1682 4198 1865 4238 rursus
1890 4187 2032 4240 enim

445 4250 587 4306 idem
608 4253 802 4327 dicam,
823 4260 1141 4322 liberaturus
1164 4282 1281 4323 eam
1308 4286 1339 4324 a
1365 4281 1552 4342 stupro
1569 4275 1769 4343 fuisset,
1787 4289 1839 4333 et
1854 4282 2033 4337 occiso

438 4344 606 4415 justo,
634 4348 822 4406 Saram
849 4352 924 4408 illi
948 4369 1053 4410 non
1076 4359 1398 4428 attigissent,
1424 4374 1571 4421 recte
1598 4380 1916 4439 accusares;
1948 4373 2031 4427 sin

441 4451 625 4498 autem
657 4461 724 4500 eo
764 4458 943 4504 morte
989 4452 1201 4508 sublato
1230 4457 1343 4525 pari
1386 4462 1593 4517 ratione
1623 4462 1857 4521 futurum
1891 4480 2029 4536 erat,

444 4547 504 4591 ut
569 4550 908 4611 stupraretur
933 4559 1083 4611 uxor,
1110 4562 1211 4616 qua
1250 4550 1319 4605 de
1347 4567 1507 4607 causa
1535 4554 1736 4625 justum
1784 4575 2029 4627 accusas,

441 4630 587 4699 quod
616 4648 737 4688 cum
769 4634 879 4691 duo
922 4648 1178 4694 eventura
1228 4642 1366 4697 mala
1396 4656 1597 4713 essent,
1625 4649 1942 4708 adulterium
1970 4671 2033 4710 ac

442 4720 642 4786 caedes,
674 4724 899 4781 alterum
923 4730 1183 4798 sapientia
1214 4747 1307 4788 sua
1337 4735 1694 4807 impediverit,
1722 4742 1922 4798 caedem
1947 4746 2030 4799 ni-

444 4812 688 4868 mirum?
715 4816 885 4887 Hujus
931 4822 1129 4890 quippe
1175 4824 1253 4879 rei
1283 4839 1441 4881 causa
1468 4827 1668 4886 laudari
1696 4833 1857 4887 etiam
1911 4850 2032 4892 eum

443 4908 748 4977 oportebat,
772 4911 913 4982 quod
940 4914 1185 4971 adulterii
1238 4934 1451 4975 manum
1496 4938 1683 4993 puram
1713 4942 1743 4982 a
1773 4931 2032 4999 sanguine

444 5003 802 5057 conservarit.
832 5003 949 5059 Non
994 5008 1135 5061 enim
1158 5009 1337 5068 dicere
1364 5014 1493 5069 illud
1523 5026 1692 5084 potes,
1717 5034 1857 5085 eam,
1888 5022 2031 5092 quod

444 5091 646 5148 dixerit
673 5110 734 5150 se
760 5111 1002 5154 sororem
1032 5100 1173 5156 illius
1198 5119 1336 5170 esse,
1370 5104 1471 5162 hoc
1489 5109 1604 5178 ipso
1629 5091 1938 5183 Egyptium
1965 5114 2032 5169 ad

442 5193 685 5255 stuprum
710 5188 965 5248 invitasse
1001 5210 1015 5247 :
1046 5193 1170 5249 licet
1208 5198 1350 5251 enim
1394 5198 1617 5256 dixisset
1644 5218 1866 5260 uxorem
1914 5207 2033 5277 ejus

443 5290 504 5330 se
532 5291 675 5345 esse,
702 5296 772 5337 ne
800 5282 879 5338 sic
906 5284 1122 5355 quidem
1158 5298 1275 5343 erat
1302 5291 1667 5349 abscessurus.
1695 5296 1760 5351 Et
1786 5298 1887 5353 hoc
1918 5300 2030 5369 ipse

442 5372 759 5444 declaravit,
791 5394 912 5434 cum
939 5380 1092 5447 dixit,
1116 5383 1178 5439 Si
1200 5386 1414 5441 viderint
1444 5398 1511 5453 te,
1538 5389 1723 5457 dicent,
1760 5391 1903 5447 Uxor
1923 5396 2032 5465 ejus

444 5475 518 5521 est
554 5467 685 5537 lucc,
712 5478 760 5524 et
787 5471 1088 5542 interﬁcient
1116 5493 1193 5531 me
1216 5494 1234 5542 ;
1262 5488 1308 5533 te
1334 5489 1501 5533 autem
1529 5484 1815 5537 servabunt.
1846 5485 2029 5554 Itaque

447 5560 490 5613 si
519 5561 742 5619 dixisset
775 5580 997 5622 uxorem
1051 5568 1217 5638 ipsius
1254 5586 1313 5625 se
1358 5588 1502 5640 esse,
1546 5584 1601 5627 et
1629 5574 1952 5630 adulterium
1978 5585 2032 5631 ct

511 5673 740 5754 Lbjfil‘l
749 5677 914 5754 gignis
932 5681 1003 5733 rel
1027 5689 1212 5734 tenuem
1235 5685 1291 5735 de
1314 5699 1463 5739 uxore
1481 5688 1763 5753 suspicionis
1784 5689 2030 5754 cogitatio-

446 5746 553 5784 nem
577 5746 830 5799 concrpuit.

3626 278 3745 333 63?.

2138 392 2312 449 cades
2336 404 2539 464 patrata
2558 395 2785 451 fuissent
2809 412 2824 461 ;
2849 395 2897 449 si
2910 409 3040 450 vero
3066 393 3288 450 dixisset
3314 409 3593 452 sororem.
3625 410 3746 449 ce-

2133 483 2227 539 des
2265 485 2515 555 impedita
2561 496 2703 541 esset
2734 504 2747 541 :
2778 486 2935 541 vides
2973 496 3033 541 ut
3078 486 3477 542 imminentibus
3508 484 3748 541 duobus

2132 574 2288 629 malis
2312 576 2540 632 alterum
2567 575 2830 648 sapientia
2853 591 2949 631 sua
2974 577 3268 632 sustulerit.

2206 666 2368 721 Alteri
2417 669 2632 722 occurrit
2685 668 2975 740 objectioni.
3006 698 3080 710 —
3111 669 3270 724 Visne
3323 669 3571 736 discere,
3627 685 3751 737 quo

2134 769 2288 831 pacto
2306 759 2466 815 etiam
2494 760 2735 815 adulterii
2776 761 3016 827 crimen,
3056 769 3311 830 quantum
3336 760 3388 815 in
3430 760 3550 829 ejus
3583 769 3750 829 pute-

2134 862 2271 909 state
2316 854 2477 909 situm
2522 862 2638 918 est,
2690 869 2878 909 rursus
2919 854 3221 918 imminuat,
3254 863 3309 907 ut
3335 869 3402 908 ne
3428 852 3745 922 perfectum

2134 946 2349 1017 quidem
2387 945 2685 1000 adulterum
2726 961 2849 1000 eum
2893 960 3014 1001 esse
3057 945 3367 1014 permittat:
3396 944 3523 998 audi
3567 945 3783 1017 verbat

2135 1036 2247 1106 ipsa
2276 1051 2461 1091 rursus
2488 1046 2707 1092 attente.
2747 1035 2883 1103 Dic,
2936 1036 3136 1107 inquit,
3192 1035 3353 1091 Soror
3397 1035 3543 1089 illius
3595 1051 3740 1088 sum.

2134 1126 2271 1195 Quid
2300 1126 2406 1181 ait?
2430 1126 2531 1195 Qui
2552 1142 2793 1182 sororem
2820 1128 3043 1197 accipit,
3072 1143 3177 1181 non
3215 1126 3325 1197 jam
3362 1127 3580 1182 adulter
3611 1136 3737 1181 est:

2134 1218 2341 1273 adulter
2389 1218 2531 1273 enim
2579 1217 2647 1272 ab
2689 1217 2851 1272 animi
2900 1218 3173 1288 proposito
3215 1217 3507 1287 judicatur;
3564 1217 3738 1271 Judas

2136 1312 2330 1382 quippe
2380 1326 2502 1365 cum
2552 1310 2617 1365 ad
2658 1327 2847 1365 nurum
2878 1326 3027 1364 suam
3057 1309 3289 1364 Thamar
3318 1309 3699 1378 ingrederetur
3727 1355 3741 1373 ,

2138 1419 2243 1458 non
2288 1402 2499 1458 adulter
2537 1402 2876 1472 judicabatur
2926 1402 3087 1475 (Gen.
3134 1404 3225 1459 58.
3272 1402 3551 1474 15):non
3586 1404 3739 1457 enim

2137 1505 2405 1566 tamquam
2434 1496 2503 1551 ad
2527 1513 2716 1551 nurum
2737 1540 2752 1565 ,
2789 1497 2881 1553 sed
2913 1506 3177 1568 tamquam
3205 1496 3273 1552 ad
3302 1498 3582 1552 mulierem
3616 1512 3736 1551 me-

2137 1588 2383 1642 retricem
2411 1588 2824 1658 ingrediebatur.
2852 1588 2940 1644 Sic
2963 1590 3121 1643 etiam
3146 1588 3248 1644 hoc
3271 1589 3387 1643 loco
3412 1588 3736 1660 Egyptius,

2138 1678 2227 1747 qui
2257 1694 2373 1734 eam
2402 1689 2517 1734 erat
2544 1690 2859 1749 accepturus
2878 1719 2894 1747 ,
2948 1696 3054 1735 non
3083 1689 3379 1735 utuxorem
3411 1680 3692 1735 Abraham
3718 1723 3734 1746 ,

2135 1769 2231 1824 sed
2279 1780 2335 1825 ut
2381 1784 2662 1838 sororem,
2696 1770 3016 1842 jutlcandus
3057 1772 3265 1828 adulter
3309 1788 3414 1827 non
3441 1781 3582 1827 erat.
3627 1772 3733 1828 Sed

2135 1862 2262 1934 quid
2289 1862 2391 1919 hoc
2414 1863 2479 1919 ad
2509 1864 2777 1919 Abraham
2798 1906 2815 1931 ,
2844 1864 2987 1920 dicet
3023 1864 3249 1936 aliquis,
3288 1865 3377 1936 qui
3416 1866 3590 1936 probe
3636 1881 3736 1919 uo-

2135 1965 2282 2011 verat
2312 1971 2373 2012 se
2397 1956 2677 2027 conjugem
2716 1971 2867 2012 suam
2896 1966 2949 2012 et
2980 1973 3084 2011 non
3135 1972 3372 2012 sororem
3416 1962 3737 2027 exponere?

2133 2047 2293 2117 Atqui
2323 2062 2392 2103 ne
2415 2048 2517 2103 hoc
2542 2048 2753 2119 quidem
2779 2047 2933 2103 istius
2956 2058 3038 2104 est
3063 2049 3287 2104 crimen.
3313 2049 3368 2106 Si
3394 2051 3536 2106 enim
3558 2091 3579 2116 ,
3608 2066 3735 2105 cum

2137 2153 2355 2193 uxorem
2396 2138 2515 2208 ejus
2566 2154 2690 2195 esse
2729 2139 3053 2208 audivisset,
3096 2140 3198 2195 sibi
3250 2150 3649 2211 temperaturus
3701 2161 3735 2197 a

2134 2240 2321 2303 stupro
2367 2232 2584 2301 fuisset,
2611 2246 2753 2290 recte
2774 2234 2975 2305 justum
3002 2235 3393 2300 criminareris;
3435 2236 3519 2289 sin
3545 2245 3733 2291 autem

2135 2324 2286 2380 Sara:
2333 2326 2465 2381 nihil
2493 2326 2757 2382 commodi
2788 2328 2970 2382 uxoris
3010 2342 3202 2383 nomen
3250 2336 3362 2383 erat
3401 2328 3731 2395 allaturum,

2137 2427 2194 2474 ut
2234 2426 2476 2489 stuprum
2512 2434 2542 2474 a
2581 2434 2640 2475 se
2666 2420 2979 2490 depelleret,
3011 2430 3168 2491 prout
3195 2421 3305 2491 ipse
3330 2436 3549 2491 quoque
3572 2421 3734 2489 dixit,

2136 2509 2352 2578 Dicent,
2402 2508 2546 2566 Uxor
2596 2512 2705 2580 ejus
2737 2523 2810 2566 est
2861 2512 2989 2579 lucc,
3039 2521 3085 2566 et
3133 2513 3400 2567 servabunt
3439 2522 3487 2566 te
3517 2513 3734 2566 :multo

2136 2604 2340 2675 aequius
2362 2613 2478 2672 est,
2510 2613 2568 2658 ut
2582 2605 2785 2675 justum
2825 2604 3133 2671 laudemus,
3163 2605 3251 2675 qui
3292 2605 3343 2658 in
3371 2613 3515 2658 tanta
3548 2621 3731 2658 rerum

2135 2696 2451 2753 difficultate
2502 2697 2737 2767 potuerit
2774 2706 2829 2751 et
2868 2696 3176 2767 .Egyptium
3207 2711 3395 2766 purum
3416 2710 3447 2749 a
3467 2696 3732 2764 sanguine

2135 2803 2488 2856 conservare,
2541 2797 2595 2844 et
2641 2798 2897 2859 quantum
2936 2788 2989 2843 in
3018 2802 3077 2843 se
3113 2776 3271 2842 situm
3300 2796 3452 2855 erat,
3478 2786 3732 2841 adulterii

2136 2882 2340 2939 crimen
2366 2882 2624 2937 minuere.

2208 2975 2417 3048 Duplici
2450 2972 2680 3045 exemplo
2700 2972 2882 3028 Jacobi
2903 2982 2954 3028 et
3001 2971 3169 3028 Helia:
3199 2971 3376 3043 probat
3414 2981 3604 3027 ueteres
3628 2988 3731 3025 me-

2136 3066 2288 3122 tuisse
2327 3074 2555 3121 mortem.
2578 3094 2650 3105 —-
2672 3064 2860 3120 Restat
2905 3072 2965 3118 ut
3014 3063 3081 3118 ad
3120 3063 3236 3134 ejus
3277 3073 3529 3134 nepotem
3565 3062 3730 3119 Jacob

2136 3159 2431 3215 orationem
2470 3157 2809 3213 traducamus
2829 3198 2844 3223 ,
2887 3165 2945 3212 ut
2974 3157 3118 3211 illum
3149 3172 3360 3228 quoque
3395 3173 3584 3212 necem
3612 3174 3730 3213 me-

2139 3259 2374 3306 tuentem
2403 3264 2468 3305 ac
2496 3258 2812 3306 trementem
2840 3249 3021 3307 videas
3042 3248 3313 3303 hominem
3334 3290 3349 3314 ,
3377 3249 3468 3320 qui
3499 3265 3530 3302 a
3559 3251 3727 3318 prima

2132 3340 2243 3411 jam
2270 3348 2427 3396 aitate
2451 3340 2847 3412 philosophiam
2886 3340 3230 3411 apostolicam
3260 3356 3368 3409 pra:
3412 3356 3473 3395 se
3514 3341 3728 3395 tulerat.

2138 3433 2332 3489 Paulus
2365 3434 2509 3489 enim
2551 3432 2828 3503 discipulis
2874 3432 2929 3487 in
2978 3431 3093 3486 haec
3141 3432 3313 3487 verba
3343 3432 3727 3501 pt-mcipiebat;

2138 3523 2395 3579 Habentes
2417 3525 2679 3591 alimenta,
2711 3532 2758 3577 et
2795 3523 2976 3594 quibus
3015 3532 3263 3594 tegamur,
3289 3521 3368 3575 his
3390 3523 3615 3575 contenti
3638 3523 3732 3575 eri-

2137 3635 2249 3674 mus
2278 3618 2367 3691 (l.
2401 3616 2533 3672 Tim.
2571 3615 2625 3672 6.
2673 3616 2748 3687 8)
2787 3632 2801 3669 :
2832 3615 2935 3670 hoc
2977 3624 3033 3669 et
3067 3615 3168 3669 iste
3198 3613 3501 3683 postulabat
3554 3631 3585 3667 a
3625 3615 3732 3669 Deo

2137 3710 2321 3766 dicens
2346 3727 2357 3763 :
2380 3707 2440 3764 Si
2463 3707 2656 3762 dederit
2680 3707 2804 3761 mihi
2828 3704 3081 3761 Dominus
3108 3722 3289 3776 panem
3312 3704 3381 3758 ad
3408 3706 3729 3767 vescendum,

2137 3814 2186 3859 et
2213 3804 2555 3857 vestimentum
2578 3802 2647 3855 ad
2671 3801 3013 3869 induendum,
3053 3800 3231 3870 adﬁcit
3270 3800 3412 3853 nobis
3446 3796 3613 3872 (Gen.
3640 3798 3728 3853 9.8.

2136 3895 2267 3965 20-).
2299 3894 2405 3951 Sed
2432 3904 2486 3950 et
2524 3894 2638 3964 ipse
2667 3903 2866 3960 tamen,
2912 3894 3002 3963 qui
3051 3892 3179 3947 nihil
3211 3902 3402 3961 practcr
3429 3893 3729 3946 necessaria

2136 3988 2425 4060 quterebat,
2467 3988 2555 4058 qui
2593 3988 2812 4041 domum
2838 3987 3159 4058 neglexerat,
3212 3988 3301 4055 qui
3330 3985 3731 4042 benedictiones

2136 4091 2420 4151 acceperat
2447 4123 2462 4148 ,
2493 4080 2581 4151 qui
2609 4080 2762 4135 matri
2802 4090 3072 4150 paruerat,
3099 4081 3187 4151 qui
3227 4080 3336 4135 Deo
3361 4080 3570 4135 amicus
3596 4093 3727 4144 erat,

2138 4175 2229 4243 qui
2268 4190 2362 4245 per
2401 4173 2718 4244 sapientiam
2759 4181 2965 4228 natura:
3002 4173 3107 4227 vim
3136 4173 3388 4227 attulerat
3439 4173 3733 4244 (posterior

2138 4268 2332 4339 quippe
2359 4275 2544 4321 natura
2573 4281 2695 4321 cum
2739 4274 2911 4331 esset,
2949 4266 3408 4322 benedictionibus
3435 4268 3587 4336 prior
3613 4283 3732 4322 eva-

2135 4358 2249 4429 sit),
2270 4358 2359 4427 qui
2386 4366 2492 4413 tam
2514 4358 2681 4412 multa
2708 4367 2971 4428 potuerat,
2994 4358 3084 4427 qui
3113 4367 3311 4413 tantam
3339 4358 3729 4428 philosophiam

2136 4459 2442 4521 tantamque
2464 4450 2714 4520 pietatem
2746 4465 2855 4520 prae
2877 4465 2935 4506 se
2960 4450 3172 4520 tulerat,
3196 4460 3316 4521 post
3340 4462 3599 4507 sexcenta
3618 4467 3731 4506 cer-

2139 4544 2357 4610 tamina,
2401 4552 2519 4613 post
2547 4552 2829 4599 sexcentos
2857 4559 3075 4615 agones,
3112 4554 3232 4614 post
3255 4554 3539 4599 sexcentas
3564 4546 3730 4599 luctas

2135 4649 2189 4695 et
2213 4639 2470 4711 plurimas
2501 4638 2619 4694 illas
2646 4653 2895 4707 coronas,
2922 4654 3043 4694 cum
3073 4639 3125 4693 in
3155 4639 3379 4710 patriam
3422 4650 3727 4695 revertere-

2137 4740 2243 4800 tur,
2268 4740 2323 4788 et
2347 4746 2669 4787 occursurus
2698 4729 2844 4786 fratri
2872 4739 3035 4798 esset,
3063 4731 3214 4801 quasi
3246 4730 3477 4785 belluam
3501 4746 3723 4800 conspe-

2137 4835 2341 4889 cturus,
2371 4823 2592 4893 ejusque
2621 4822 3035 4892 indignationem
3069 4822 3477 4891 pertimescens,
3508 4823 3729 4891 supplex

2139 4915 2246 4969 Deo
2292 4916 2349 4968 fit
2398 4925 2452 4969 et
2477 4924 2615 4976 orat.
2647 4914 2787 4968 Erue
2826 4931 2905 4967 me
2930 4914 2993 4968 de
3036 4930 3190 4966 manu
3228 4914 3402 4984 fratris
3431 4914 3529 4967 mei
3556 4912 3731 4979 Esau,

2134 5009 2374 5075 quoniam
2399 5026 2511 5063 eum
2546 5010 2695 5062 timeo
2717 5024 2828 5079 ego,
2862 5025 2924 5062 ne
2949 5007 3080 5078 forte
3105 5008 3309 5062 veniens
3336 5009 3587 5077 percutiat
3624 5026 3731 5071 me,

2135 5107 2180 5153 et
2228 5107 2436 5153 matrem
2473 5116 2627 5169 super
2669 5100 2803 5169 ﬁlios
2846 5096 3006 5171 (Gen.
3061 5099 3149 5155 52.
3202 5099 3321 5171 ll).
3354 5099 3515 5155 Vides
3562 5110 3623 5154 ut
3649 5101 3733 5153 hic

2134 5205 2345 5260 quoque
2394 5202 2622 5247 mortem
2667 5190 3047 5261 pertimescat?
3090 5199 3146 5245 ut
3184 5200 3413 5256 tremat,
3460 5191 3735 5262 Deumque

2138 5282 2279 5337 illius
2304 5298 2464 5337 causa
2493 5285 2778 5353 precetur?
2818 5284 2980 5340 Visne
3007 5285 3283 5340 ostendam
3315 5294 3368 5339 et
3396 5286 3625 5340 alterum
3654 5289 3733 5340 vi-

2137 5390 2254 5428 rum
2283 5389 2531 5443 magnum
2554 5374 2656 5430 huc
2676 5375 2867 5432 eodem
2891 5376 3048 5432 modo
3070 5393 3251 5432 rursus
3272 5376 3520 5432 allectum
3539 5379 3563 5431 ?
3588 5380 3731 5434 Pone

2136 5464 2229 5519 tibi
2283 5474 2407 5520 ante
2433 5466 2619 5521 oculos
2645 5466 2872 5534 Heliam,
2918 5467 3149 5522 animum
3181 5468 3249 5522 ad
3301 5469 3490 5523 caelum
3531 5473 3730 5540 perlin-

2134 5574 2346 5633 gcutcm
2393 5580 2455 5618 ac
2504 5565 2735 5619 divinant
2770 5566 2903 5622 :ille
2956 5566 3095 5619 enim
3123 5568 3210 5635 qui
3259 5566 3450 5620 cadum
3504 5566 3728 5630 clausit,

2138 5670 2429 5725 rursusque
2456 5658 2734 5721 reseravit,
2764 5658 2850 5727 qui
2887 5658 3118 5726 desuper
3160 5659 3335 5728 ignem
3381 5659 3577 5729 dejecit
3598 5702 3613 5722 ,
3644 5664 3727 5727 qui

2145 5746 2385 5803 mirabile
2430 5748 2749 5805 sacrificium
2800 5749 2927 5806 illud
2957 5750 3179 5819 obtulit,
3211 5752 3301 5823 qui
3333 5767 3431 5823 pro
3470 5752 3581 5809 Deo
3620 5753 3727 5807 zelo
