3844 6280
402 359 618 414 πάντων
657 353 913 427 ἀνωτέρω
957 355 1244 424 γενόμενος
1275 353 1383 406 τῶν
1422 348 1795 421 ἀνθρωπίνων,
1829 345 1972 400 οὕτω

400 443 493 496 τὸν
540 438 773 494 θάνατον
816 438 1009 508 τρέμει
1059 437 1153 489 καὶ
1196 435 1455 498 δέδοικεν,
1485 433 1561 496 ὡς
1619 429 1757 502 μετά
1799 429 1976 484 πάντα

404 527 611 585 ἐκεῖνα,
645 522 782 592 μετά
824 521 916 574 τὸν
964 518 1191 588 οὐρανὸν
1218 517 1312 569 καὶ
1340 518 1437 588 τὴν
1468 514 1674 578 θυσίαν,
1708 511 1845 583 μετὰ
1875 510 1976 582 τὴν

410 606 664 679 μηλωτὴν
707 603 800 657 καὶ
832 602 929 673 τὴν
958 599 1215 671 ἐρημίαν,
1245 600 1338 651 καὶ
1367 598 1465 669 τὴν
1512 595 1846 679 φιλοσοφίαν,
1884 594 1977 646 καὶ

404 675 506 760 τὴν
536 675 847 758 παρρησίαν
884 686 982 753 τὴν
1014 681 1282 752 τοσαύτην
1311 680 1531 749 γύναιον
1565 677 1779 760 εὐτελὲς
1809 675 1977 746 φοϐη-

407 755 589 840 θῆναι,
616 755 713 821 καὶ
739 766 831 820 διὰ
846 763 1002 819 τοῦτο
1026 766 1234 834 φυγεῖν.
1255 762 1472 833 Ἐπειδὴ
1498 761 1605 830 γὰρ
1629 755 1782 812 εἶπεν
1815 757 1981 820 Ἰεζά-

408 851 505 905 ϐελ
527 867 543 882 ’
581 849 727 904 Τάδε
753 847 1074 917 ποιήσαιεν
1099 863 1203 916 μοι
1227 848 1282 899 οἱ
1317 845 1461 907 θεοὶ,
1496 844 1593 897 καὶ
1620 841 1762 896 τάδε
1791 853 1981 908 προσ-

406 933 678 1000 θειησαν,
707 932 763 985 ει
797 929 881 999 μὴ
925 930 1135 999 αὔριον
1169 928 1285 996 τὴν
1319 926 1530 996 ψυχήν
1561 940 1678 980 σου
1724 923 1984 992 θήσομαι

408 1018 491 1083 ὡς
520 1015 636 1084 τὴν
666 1014 882 1084 ψυχὴν
927 1013 1067 1080 ἐνὸς
1106 1012 1228 1067 τῶν
1258 1010 1634 1077 τεθνηκότων
1657 1024 1673 1038 ·
1720 1004 1982 1084 ἐφοϐήθη

422 1083 638 1165 Ἠλίας,
680 1083 839 1169 ma,
875 1096 976 1152 και
1015 1096 1243 1166 ἔφυγεν
1267 1093 1413 1149 ὁδὸν
1431 1090 1667 1163 ἡμερῶν
1687 1083 1985 1155 τεσσαρώ-

410 1198 617 1237 κοντα.

482 1266 550 1332 7'.
560 1256 708 1325 Εἶδες
721 1258 839 1326 πῶς
852 1259 1118 1333 φοϐερὸςδ
1130 1259 1359 1324 θάνατος
1374 1275 1390 1325 ;
1407 1257 1790 1329 Θαυμάσωμεν
1809 1252 1987 1308 τοίνυν

410 1345 504 1400 τὸν
528 1345 827 1415 Δεσπότην,
860 1344 944 1399 ὅτι
981 1345 1074 1399 τὸν
1108 1343 1339 1415 φοϐερὸν
1366 1342 1494 1397 ὄντα
1527 1340 1856 1412 προφήταις,
1897 1335 1988 1389 εὐ-

411 1428 824 1499 καταφρόνητον
848 1425 1070 1498 ἐποίησε
1086 1426 1350 1495 γυναιξίν.
1368 1427 1425 1479 '0
1440 1425 1622 1487 Ἠλίας
1643 1422 1809 1491 ἔφυγε
1829 1420 1992 1475 θάνα-

413 1528 526 1577 τον,
556 1512 809 1579 γυναῖκες
835 1510 1140 1577 κατέφυγον
1163 1511 1242 1572 εἰς
1263 1508 1491 1562 θάνατον
1509 1526 1522 1540 ο
1547 1507 1751 1567 ἐκεῖνος
1776 1501 1991 1572 ἀπεπὴ-

414 1594 546 1664 δησε
583 1591 677 1647 τοῦ
705 1591 957 1654 θανάτου,
991 1593 1086 1646 καὶ
1117 1586 1276 1646 αὗται
1303 1589 1527 1654 ἐδίωξαν
1568 1587 1816 1641 θάνατον.
1839 1581 1994 1646 Εἶδες

417 1675 558 1746 πόση
622 1673 847 1743 γέγονεν
914 1674 1115 1746 ἀθρόον
1153 1676 1187 1745 ἡ
1244 1672 1547 1745 μεταϐολή;
1613 1672 1674 1724 Οί
1727 1667 1856 1739 περὶ
1902 1664 1993 1720 τὸν

430 1756 682 1829 ’Δϐραάμ
707 1758 800 1810 καὶ
831 1756 922 1810 τὸν
957 1756 1142 1811 Ἠλίαν
1164 1755 1439 1825 ἀγωνιῶσι
1470 1754 1570 1825 τὴν
1598 1750 1875 1821 τελευτὴν,
1897 1765 1995 1818 γυ-

416 1845 603 1907 ναῖκες
631 1843 688 1895 δὲ
711 1841 961 1913 καθάπερ
992 1840 1162 1911 πηλὸν
1190 1842 1301 1904 τοῖς
1328 1840 1486 1893 ποσὶν
1516 1836 1724 1891 ἑαυτῶν
1750 1833 1994 1888 κατεπά-

419 1941 590 1996 τησαν
623 1924 869 1981 θάνατον.
888 1923 1048 1978 Ἀλλά
1080 1923 1216 1995 μηδὲ
1244 1922 1468 1981 ἐκείνων
1509 1920 1619 1975 τῶν
1659 1918 1829 1988 ἀγίων
1865 1933 1996 1971 κατ-

421 2009 784 2081 ηγορήσωμεν
808 2025 822 2041 ·
866 2010 969 2063 οὐκ
998 2008 1144 2063 εστιν
1171 2006 1350 2062 αὐτῶν
1374 2006 1439 2060 τὸ
1463 2004 1742 2075 έγκλημαο
1770 2001 1868 2073 τῆς
1898 1999 1998 2070 φά-

425 2108 562 2155 σεως
602 2082 670 2163 ἦν
710 2093 744 2163 ἡ
773 2092 1046 2158 ἀσθένεια,
1080 2093 1143 2147 οὐ
1169 2093 1267 2164 τῆς
1298 2091 1669 2163 προαιρέσεως
1693 2089 1726 2159 ἡ
1759 2101 1997 2155 κατηγφ

426 2173 611 2245 ρία.’0
641 2174 774 2239 Θεὸς
800 2177 923 2229 τότε
944 2175 1195 2230 ἐϐούλετο
1216 2174 1445 2245 φοϐερὸν
1471 2168 1611 2226 εἶναι
1629 2170 1718 2224 τὸν
1746 2167 1997 2231 θάνατον,

425 2254 512 2309 ῖνα
536 2256 718 2327 δειχθῇ
745 2257 884 2327 μετά
910 2259 1082 2312 ταῦτα
1101 2258 1202 2327 τῆς
1226 2257 1446 2328 χάριτος
1478 2253 1628 2326 [638]
1659 2252 1719 2305 τὸ
1747 2248 1995 2322 μέγεθος·

426 2339 656 2411 φοϐερὸν
677 2340 837 2393 αὑτὸν
871 2336 1009 2394 εἶναι
1036 2340 1286 2394 ἐϐούλετο
1304 2355 1317 2367 ⁸
1342 2338 1609 2407 καταδίκη
1642 2335 1751 2409 γὰρ
1778 2330 1846 2404 ἦν
1866 2350 1881 2365 ’
1914 2330 2002 2385 διὰ

425 2420 586 2474 τοῦτο
613 2421 713 2474 ούκ
735 2421 892 2493 ῆθελε
925 2422 1152 2494 λυθῆναι
1184 2423 1283 2493 τῆς
1305 2420 1598 2489 καταδίκης
1628 2419 1728 2488 τὴν
1753 2414 1999 2485 ἀπειλὴν,

430 2503 517 2559 ἵνα
559 2504 632 2576 μὴ
668 2505 1028 2579 ῥᾳθυμότεροι
1060 2505 1197 2578 μετά
1228 2504 1401 2558 ταῦτα
1425 2503 1689 2571 γένωνται
1716 2501 1764 2552 οἱ
1795 2498 2004 2568 ἀνθρω-

430 2604 543 2641 ποι.
575 2587 818 2652 Mevi-ceu,
854 2590 1096 2661 φησὶν,ή
1126 2587 1399 2657 ἀπόφασις
1434 2583 1673 2656 φοϐοῦσα
1695 2580 1891 2642 αὐτοὺς
1911 2579 2004 2631 καὶ

433 2669 841 2740 σωφρονίζουσα
861 2689 875 2703 ο
912 2671 1064 2725 ἔσται
1095 2672 1225 2741 γὰρ,
1257 2670 1408 2722 ἔσται
1433 2667 1645 2738 καιρὸς,
1675 2664 1799 2718 καθ’
1822 2662 1880 2716 δν
1909 2661 2005 2714 καὶ

430 2752 530 2822 τῆς
571 2753 808 2822 ἀγωνίας
840 2755 1314 2823 ἀπαλλαγήσονται
1350 2752 1580 2822 ταύτης⁸
1617 2750 1646 2802 δ
1671 2747 1734 2820 δὴ
1760 2747 1854 2800 καὶ
1884 2759 2006 2797 συν-

433 2834 685 2908 έϐη.”’οτι
732 2836 843 2910 7&9
884 2840 1033 2908 ἡμᾶς
1060 2836 1336 2906 ἀπήλλαξε
1374 2836 1474 2905 τῆς
1504 2832 1744 2902 ἀγωνίας
1779 2828 2003 2901 ταύτης,

431 2919 653 2990 δηλοῦσι
680 2920 779 2993 μὲν
806 2923 856 2975 οί
894 2923 1188 2994 μάρτυρες,
1208 2921 1359 2991 δηλοῖ
1384 2919 1440 2973 δὲ
1465 2918 1571 2990 πρὸ
1587 2915 1695 2970 τῶν
1715 2913 2007 2986 μαρτύρων

432 3002 463 3055 6
501 3002 1014 3069 Παῦλος.Ἤκουσας
1058 3008 1119 3058 ἐν
1161 3006 1226 3075 τῇ
1259 3003 1472 3073 Παλαιᾷ
1508 2999 1601 3054 τοῦ
1643 2998 1893 3069 ’Δϐραάμ
1922 2995 2010 3049 λέ-

435 3102 643 3154 γοντος,
672 3089 755 3141 ὅτι
797 3089 875 3143 Σὲ
901 3090 1019 3158 μὲν
1045 3087 1556 3156 περιποιήσανται,
1603 3083 1707 3154 ἐμὲ
1747 3080 1816 3135 δὲ
1859 3081 2009 3135 ἀπο-

434 3171 791 3234 κτενοῦσιν;
824 3172 1061 3244 ἤκουσας
1088 3172 1183 3226 τοῦ
1218 3170 1409 3228 Ἰακὼϐ
1439 3169 1687 3237 λέγοντος
1706 3184 1719 3197 ο
1761 3162 2010 3230 Ἐξελοῦ

431 3272 527 3325 με,
557 3255 753 3323 Κύριε.
784 3255 853 3310 ἐκ
880 3257 1077 3325 χειρὸς
1106 3252 1288 3311 Ἠσαῦ
1328 3255 1435 3309 τοῦ
1464 3250 1732 3321 ἀδελφοῦ
1758 3266 1900 3320 μου,
1928 3248 2011 3302 ὄτι

439 3337 712 3407 φοϐοῦμαι
744 3337 852 3405 ἐγὼ
882 3340 1041 3392 αὐτόν
1059 3356 1073 3405 ;

510 3419 663 3485 Εἶδες
706 3421 798 3473 τὸν
835 3422 1019 3477 Ἠλίαν
1053 3423 1320 3492 φεύγοντα
1349 3420 1605 3489 γυναικὸς
1648 3419 1876 3487 ἀπειλὴν
1927 3416 2015 3470 διὰ

440 3506 534 3560 τὸν
568 3507 830 3575 θάνατον;
859 3510 1129 3575 Ἄκουσον,
1150 3508 1266 3570 πῶς
1298 3510 1326 3559 6
1358 3504 1571 3569 Παῦλος
1601 3504 1729 3575 περὶ
1757 3501 1849 3555 τοῦ
1879 3500 2016 3572 πρά-

441 3604 652 3659 γματος
687 3589 874 3645 τούτου
908 3591 1190 3658 διάκειται,
1221 3591 1269 3643 εἰ
1304 3587 1531 3659 φοϐερὸν
1565 3585 1725 3639 αὐτὸν
1754 3580 1890 3637 εἶναι
1933 3599 2018 3637 νο-

446 3668 591 3741 μίζει
619 3672 871 3746 καθάπερ
899 3675 1116 3733 ἐκεῖνοι.
1158 3674 1208 3726 εί
1254 3671 1506 3724 λυπεῖται
1552 3668 1795 3730 ἐπιόντος
1826 3663 2014 3731 αὑτοῦ,

442 3756 541 3811 καὶ
571 3756 797 3811 δέδοικε.
826 3757 1148 3813 Τούναντίον
1197 3755 1294 3828 μὲν
1329 3749 1443 3818 οὖν,
1475 3753 1568 3807 καὶ
1596 3750 1839 3806 ποθεινὸν
1879 3746 2017 3802 εἶναι

443 3839 654 3909 νομίζει
677 3839 741 3894 τὸ
770 3843 1001 3913 πρᾶγμα
1020 3858 1038 3875 ο
1065 3841 1154 3896 διὰ
1192 3838 1351 3893 τοῦτό
1377 3854 1542 3910 φησιν
1561 3854 1576 3869 ο
1614 3836 1683 3891 Τὸ
1715 3832 2020 3890 ἀναλῦσαι

441 3938 519 3994 με
555 3923 655 3977 καί
696 3924 818 3978 σὺν
847 3923 1079 3993 Χριστῷ
1123 3920 1277 3978 εῖναι
1318 3920 1529 3986 πολλῷ
1558 3919 1800 3990 μᾶλλον
1822 3917 2020 3986 κρεῖσ-

447 4020 585 4062 σον.
619 4006 879 4071 Ἐκείνοις
930 4007 1180 4078 φοϐερὸν,
1227 4004 1405 4075 τούτῳ
1453 4004 1706 4075 κρεῖσσον
1732 4019 1745 4033 ο
1790 4000 2019 4062 ἐκείνοις

448 4089 633 4160 ἀηδὲς,
667 4090 840 4161 τούτῳ
869 4090 967 4161 ήδύ
992 4108 1005 4121 ο
1034 4092 1129 4145 καὶ
1174 4090 1319 4162 μάλα
1358 4087 1612 4151 είκότως·
1656 4085 1718 4140 τὸ
1763 4085 1863 4157 μὲν
1910 4082 2020 4155 γάρ

449 4174 712 4246 πρότερον
739 4178 769 4230 6
800 4174 1030 4240 θάνατος
1058 4177 1138 4238 είς
1172 4176 1264 4229 τὸν
1297 4173 1429 4246 ᾅδην
1468 4172 1705 4242 κατῆγεν
1723 4188 1738 4201 ⁸
1761 4170 1879 4223 νυνὶ
1908 4168 1965 4221 δὲ
1992 4169 2022 4222 6

449 4256 680 4322 θάνατος
712 4260 849 4331 πρὸς
890 4258 981 4313 τὸν
1022 4259 1254 4332 Χριστὸν
1282 4257 1663 4330 παραπέμπει.
1691 4257 1790 4309 Διά
1815 4252 1973 4307 τοῦτο
1993 4254 2043 4306 δν

453 4340 551 4413 μὲν
595 4339 787 4394 Ἰακώϐ
833 4358 964 4412 φησι
986 4358 1001 4373 ⁸
1047 4341 1341 4406 Κατάξετε
1384 4339 1449 4394 τὸ
1499 4339 1686 4409 γῆράς
1719 4355 1839 4406 μου
1875 4333 2025 4406 μετὰ

448 4424 654 4492 λύπης
680 4425 769 4491 είς
792 4423 947 4492 ᾅδην
968 4438 982 4454 ⁶
1015 4426 1044 4478 6
1069 4424 1125 4477 δὲ
1154 4424 1363 4489 Παῦλος
1393 4424 1543 4493 ἔλεγε
1567 4441 1579 4454 ·
1618 4422 1689 4477 Τὸ
1720 4419 2026 4475 ἀναλῦσαι

452 4506 552 4560 καί
578 4506 700 4560 σὺν
717 4505 948 4576 Χριστῷ
961 4503 1116 4560 εἷναί
1134 4524 1213 4576 με
1232 4506 1442 4571 πολλῷ
1452 4505 1694 4575 μᾶλλον
1713 4502 2022 4571 κρεῖσσον.

459 4587 647 4644 Ταῦτα
682 4590 739 4644 δὲ
786 4590 973 4660 ἔλεγεν
1016 4591 1077 4643 οὐ
1128 4586 1552 4659 καταγινώσκων
1598 4588 1698 4658 τῆς
1748 4586 2029 4658 παρούσης

454 4673 599 4742 ζωῆς
622 4674 640 4743 (
648 4675 720 4746 μὴ
743 4676 952 4744 γένοιτο
970 4692 986 4708 ’
1010 4672 1403 4745 φυλαττώμεθα
1423 4673 1531 4743 γὰρ
1554 4671 1628 4743 μὴ
1647 4669 1825 4740 δῶμεν
1845 4667 2029 4739 χώραν

454 4759 576 4820 ταῖς
598 4757 705 4811 τῶν
727 4759 1021 4830 αἱρετικῶν
1044 4759 1236 4821 λαϐαῖς
1255 4764 1327 4825 ι),
1359 4756 1480 4810 οὐδὲ
1504 4756 1580 4819 ὼς
1614 4751 1857 4823 πονηρὰν
1901 4751 2030 4821 φεύ-

455 4856 569 4912 γων
603 4840 794 4912 αὐτὴν,
820 4841 935 4895 ἀλλ’
960 4842 1036 4905 ώς
1079 4842 1384 4914 κρείττονος
1433 4838 1533 4908 τῆς
1579 4836 1876 4909 μελλούσης
1908 4836 2029 4888 ἐπι-

455 4923 667 4995 θυμῶν.
700 4925 776 4979 Ού
805 4929 914 4998 γάρ
942 4923 1061 4981 εἶπε
1083 4927 1145 4980 τὸ
1168 4925 1431 4981 ἀναλῦσαι
1456 4925 1547 4978 καὶ
1574 4924 1671 4977 σὺν
1696 4920 1913 4992 Χριστῷ
1954 4916 2031 4974 εῖ-

455 5026 547 5065 ναι
598 5008 760 5063 καλὸν
812 5009 1024 5074 ἀπλῶς,
1051 5009 1187 5064 ἀλλὰ
1237 5011 1487 5081 κρεῖσσον
1506 5022 1520 5036 ·
1556 5007 1618 5061 τὸ
1670 5005 1731 5061 δὲ
1779 5007 2032 5074 κρεῖσσον

457 5090 624 5148 καλοῦ
667 5110 811 5159 τινος
860 5094 1014 5150 ἔσται
1058 5097 1327 5166 κρεῖσσον.
1351 5093 1556 5163 Ὠσπερ
1585 5090 1695 5162 γὰρ
1740 5090 1869 5144 ὅταν
1901 5088 2033 5163 λέγῃ

455 5178 540 5232 ὅτι
580 5179 633 5232 '0
662 5178 988 5250 ἐκγαμιζων
1014 5177 1214 5244 καλῶς
1244 5176 1418 5243 ποιεῖ,
1448 5179 1480 5231 ὀ
1505 5175 1575 5230 δὲ
1593 5173 1679 5245 μὴ
1711 5170 2034 5243 ἐκγαμίζων

459 5264 751 5333 κρεῖσσον
772 5265 950 5330 ποιεῖ,
972 5265 1135 5320 καλὸν
1157 5265 1255 5335 μὲν
1277 5263 1549 5316 δείκνυσιν
1568 5262 1698 5315 ὄντα
1716 5258 1807 5312 τὸν
1832 5258 2031 5328 γάμον,

460 5350 698 5423 κρείσσω
716 5351 772 5405 δὲ
793 5352 891 5407 τὸν
913 5351 1204 5426 παρθενίαν
1218 5368 1231 5383 °
1267 5350 1410 5405 οὕτω
1424 5350 1487 5407 δὴ
1504 5350 1598 5404 καὶ
1621 5345 1873 5402 ἐνταῦθα⁸
1897 5343 2031 5418 καλὴ

524 5520 552 5550 ⁸
577 5519 739 5587 εαξη.
757 5526 807 5572 in
830 5529 976 5587 tem}
1008 5524 1211 5587 θιλῐίθε1
1232 5521 1570 5587 φυλαττώμεθα
1606 5520 1696 5587 γάρ
1722 5519 1804 5587 καί
1834 5521 1919 5587 τᾲς
1939 5522 2035 5587 τῶν

460 5584 709 5657 αὶριτικῶν
731 5586 893 5657 λαϐάς.
921 5582 1094 5657 M9rel_.
1110 5582 1332 5657 el'sa'vﬂ.
1343 5583 1405 5656 ρει
1423 5593 1579 5657 ἔπειγε.
1593 5582 1929 5644 φυλαττώμεθα
1946 5584 2034 5647 γὰρ

463 5645 532 5704 μὴ
556 5644 710 5703 δῶμεν
730 5648 888 5707 χώραν
910 5646 1011 5703 ταῖς
1029 5648 1125 5695 τῶν
1154 5646 1401 5708 αἱρετικῶν
1423 5643 1603 5696 λαϐαῖς.

1088 237 1148 292 S.
1187 235 1469 293 JOANNIS
1505 228 1995 290 CHRYSOSTOMI
2031 226 2351 284 ARCHIEP.
2387 223 2934 283 CONSTANTINOP.

3547 221 3651 277 056

2084 343 2183 416 μὲν
2198 347 2232 413 ή
2248 344 2496 418 παροῦσα
2512 341 2646 413 ζωὴ,
2670 358 2744 410 φη
2752 340 2825 399 σῖ,
2852 338 2987 391 πολὺ
3001 337 3058 391 δέ
3072 333 3294 418 βελτίων
3310 336 3346 418 ἡ,
3357 333 3649 418 μέλλουσα.

2080 426 2196 480 Πάλ
2211 444 2257 479 ιν
2297 416 2533 497 ἀλλαχοῦ
2560 423 2631 477 τά
2655 422 2795 477 αὺτά
2820 421 2883 492 δὴ
2903 420 3075 474 ταῦτα
3098 417 3403 489 φιλοσοφῶν
3432 416 3652 485 ελεγιῖν⁹

2077 514 2149 566 El
2184 512 2280 564 καὶ
2318 509 2650 578 σπένδομαι
2684 507 2783 560 ἐπὶ
2820 505 2895 573 τῇ
2930 505 3134 570 θυσίᾳ,
3170 503 3268 556 καὶ
3311 501 3659 569 λειτουργίᾳ

2075 594 2189 664 τῆς
2225 596 2483 659 πίστεως
2505 582 2689 663 ’ὑμῶν
2709 632 2725 655 ,
2770 590 2967 658 χαίρω.
2992 587 3090 642 καί
3128 586 3435 656 συγχαίρω
3465 581 3662 638 πᾶσιν

2078 679 2222 748 ὑμῖν
2238 695 2252 708 ·
2273 678 2339 731 τὸ
2361 676 2587 731 δὲοὺτό
2605 674 2702 728 καὶ
2722 673 2884 743 ὑμεῖς
2908 672 3142 742 χαίρετε
3159 670 3256 723 καὶ
3274 667 3658 738 συγ-χαίρετε.

2080 763 2146 816 Τί
2185 760 2324 833 φῄςς
2358 761 2743 831 ἀποθνήσκεις,
2774 757 2974 819 Παῦλε,
3003 755 3096 809 καὶ
3141 754 3435 815 κοινωνοὺς
3465 750 3658 813 καλεῖς

2078 846 2179 917 τῆς
2210 847 2402 917 ἡδονῆς
2436 845 2563 908 τοὺς
2590 842 2936 915 ἀνθρώπουςς
2978 840 3031 894 τί
3071 839 3315 908 γέγονεν,
3358 835 3488 889 είπέ
3537 847 3663 904 μοις

2082 932 2196 1005 0ρκ
2226 928 2575 996 ἀποθνήσκω,
2598 928 2782 998 φησὶν,
2809 925 2923 980 ἀλλ’
2945 926 3039 978 ἐπὶ
3059 923 3156 994 τὴν
3180 918 3405 993 μείζονα
3432 917 3665 972 ἀναϐαί-

2082 1036 2158 1073 νω
2191 1018 2352 1090 ζωήν.
2379 1016 2641 1087 Καθάπερ
2673 1010 2765 1068 οὖν
2788 1012 2883 1068 ἀνθ
2893 1027 3061 1084 ρωποι
3084 1009 3259 1081 ἀρχὴν
3288 1005 3667 1077 λαμϐάνοντες

2086 1106 2314 1169 πολλοὺς
2347 1103 2567 1158 καλοῦσι
2594 1104 2720 1165 τοὺς
2757 1101 3184 1170 κοινωνήσοντας
3212 1095 3398 1157 αὐτοῖς
3439 1093 3550 1163 τῆς
3584 1089 3667 1144 εύ-

2087 1192 2380 1265 φροσύνης,
2418 1190 2561 1245 οὕτω
2610 1190 2703 1243 καὶ
2742 1186 2953 1250 Παῦλος
3006 1185 3099 1239 ἐπὶ
3147 1184 3239 1237 τὸν
3281 1182 3521 1236 θάνατον
3554 1177 3665 1240 ἰὼν,

2088 1283 2271 1337 ἐκάλει
2308 1282 2434 1345 τοὺς
2464 1277 2966 1350 συνησθησομένους
2997 1270 3525 1343 αὑτῶ.’Δνάπαυσις
3565 1265 3670 1336 γάρ

2089 1373 2235 1425 ἐστιν
2259 1370 2288 1423 6
2316 1368 2562 1433 θάνατος,
2595 1366 2690 1421 καὶ
2727 1365 2905 1418 πόνων
2936 1359 3247 1431 ἀπαλλαγὴ,
3279 1357 3376 1411 καὶ
3426 1352 3670 1426 ἱδρώτων

2090 1457 2378 1523 ἀντίδοσις,
2404 1457 2500 1511 καὶ
2551 1454 2754 1527 ἀμοιϐὴ
2797 1450 3192 1523 παλαισμάτων
3231 1447 3327 1501 καὶ
3376 1444 3669 1511 στέφανος.

2090 1548 2189 1603 Διά
2214 1545 2371 1601 τοῦτο
2396 1544 2547 1615 παρά
2578 1544 2677 1615 μὲν
2703 1541 2801 1613 τὴν
2841 1540 3015 1611 ἀρχὴν
3060 1537 3154 1590 ἐπὶ
3190 1537 3301 1598 τοῖς
3329 1533 3558 1603 νεκροῖς
3587 1546 3672 1582 κο-

2093 1632 2245 1687 πετοί
2282 1648 2426 1696 τινες
2460 1629 2733 1699 ἐγίγνοντο
2762 1627 2856 1683 καὶ
2884 1627 3090 1697 θρῆνοι,
3121 1623 3215 1679 νῦν
3244 1621 3303 1676 δὲ
3327 1618 3551 1693 ψαλμοὶ
3591 1617 3675 1671 καὶ

2094 1719 2378 1792 ὑμνῳδίαι.
2399 1718 2705 1772 Ἔκλαυσαν
2739 1715 2872 1785 γοῦν
2902 1715 2990 1768 τὸν
3020 1710 3217 1769 Ἰακὼϐ
3261 1707 3677 1776 τεσσαράκοντα

2094 1809 2327 1883 ἡμέρας,
2355 1807 2623 1861 έκλαυσαν
2660 1806 2755 1859 καὶ
2791 1803 2883 1858 τὸν
2906 1800 3147 1871 Μωῦσῆν
3173 1799 3368 1868 ἐτέρας
3400 1794 3678 1854 τοσαύτας

2094 1900 2144 1953 οί
2177 1897 2439 1961 Ἰουδαῖοι,
2489 1896 2584 1949 καὶ
2626 1893 2890 1963 ἐκόψαντο
2908 1931 2923 1957 ,
2970 1889 3156 1960 ἐπειδὴ
3206 1887 3441 1949 θάνατος
3477 1884 3609 1956 τότε
3652 1884 3680 1935 6

2097 1985 2324 2048 θάνατος
2350 1980 2421 2056 ἦν
2439 2000 2452 2015 ·
2504 1984 2620 2039 νυνὶ
2662 1983 2720 2039 δί
2764 1981 2860 2050 οὐχ
2890 1978 3086 2041 οὓτως.
3117 1975 3255 2035 ἀλλὰ
3280 1972 3561 2044 ὑμνῳδίαι
3591 1969 3682 2029 καὶ

2096 2074 2252 2145 εὐχαὶ
2302 2072 2397 2125 καὶ
2440 2071 2665 2142 ψαλμοὶ,
2696 2068 2995 2141 δηλούντων
3039 2066 3315 2125 ἀπάντων,
3346 2063 3433 2116 ὅτι
3482 2059 3683 2130 ἡδονὴν

2098 2161 2210 2233 εχει
2241 2161 2302 2214 τὸ
2336 2161 2602 2232 πρᾶγμα’
2629 2160 2678 2212 οί
2710 2157 2817 2230 γὰρ
2844 2156 3047 2227 ψαλμοὶ
3081 2151 3230 2225 [639]
3252 2150 3526 2218 εὐθυμίας
3546 2146 3684 2217 σύμ-

2098 2248 2253 2302 ϐολον
2272 2264 2287 2279 ⁸
2319 2245 2586 2317 Εὐθυμεῖ
2601 2244 2711 2316 γάρ
2733 2263 2844 2311 τις,
2867 2243 3052 2313 φησιν,
3079 2241 3150 2295 ἐν
3177 2238 3348 2309 ὑμῖν;
3366 2235 3684 2306 ψαλλέτω.

2111 2336 2266 2391 Ἐπεὶ
2305 2331 2398 2389 οὖν
2438 2333 2700 2405 εὐθυμίας
2726 2332 2893 2403 ἐσμὲν
2936 2326 3373 2399 πεπληρωμένοι,
3405 2324 3498 2377 διὰ
3526 2322 3687 2377 τοῦτο

2098 2425 2373 2496 ψάλλομεν
2400 2425 2491 2477 ἐπὶ
2513 2427 2627 2485 τοῖς
2650 2423 2863 2492 νεκροῖς
2890 2418 3140 2490 ψαλμοὺς
3168 2415 3390 2487 θαρρεῖν
3416 2413 3568 2484 ὑπὲρ
3587 2411 3686 2482 τῆς

2099 2511 2357 2582 τελευτῆς
2376 2496 2933 2583 παρακελευομένους.
2950 2505 3351 2572 Ἑπίστρεψον
3364 2503 3499 2572 γὰρ,
3526 2500 3688 2569 φησὶ,

2102 2601 2274 2670 ψυχή
2307 2617 2449 2670 μου,
2488 2601 2576 2664 είς
2614 2597 2729 2665 τὴν
2769 2593 3118 2651 ἀνάπαυσιν
3148 2609 3284 2655 σου,
3326 2588 3418 2643 ὅτι
3459 2590 3692 2656 Κύριος

2070 2686 2466 2757 λεύηρτέτησέ
2508 2685 2781 2758 σε.⁹ορᾷς
2806 2681 3125 2757 εὐεργεσίαν
3161 2679 3291 2733 ὅντα
3326 2675 3416 2729 τὸν
3449 2675 3693 2729 θάνατον

2105 2775 2199 2828 καὶ
2237 2774 2574 2840 ἀνάπαυσινς
2600 2775 2628 2829 6
2656 2771 2764 2840 γὰρ
2797 2767 3053 2823 είσελθὼν
3089 2766 3170 2828 είς
3202 2763 3301 2833 τὴν
3332 2761 3690 2814 κατάπαυσιν

2107 2861 2345 2932 ἐκείνην,
2387 2861 2725 2914 κατέπαυσεν
2771 2856 2878 2910 ἀπὸ
2908 2854 3015 2909 τῶν
3051 2853 3227 2925 ἔργων
3258 2849 3457 2912 αὐτοῦ,
3493 2846 3695 2917 ὥσπερ

2108 2949 2216 3004 ἀπὸ
2248 2949 2355 3002 τῶν
2390 2947 2534 3002 ίδίων
2567 2948 2595 3000 6
2626 2946 2779 3009 Θεός.

2176 3037 2241 3091 δ’.
2258 3036 2367 3090 Καὶ
2382 3052 2449 3088 πε
2457 3036 2509 3106 ρ¹ι
2527 3035 2625 3107 μὲν
2641 3033 2732 3086 τοῦ
2750 3032 2977 3086 θανάτου
2989 3029 3239 3083 τοσαῦτα·
3264 3026 3394 3097 φέρε
3417 3023 3481 3094 δὴ
3498 3020 3696 3077 λοιπὸν

2109 3125 2202 3179 ἐπὶ
2230 3124 2290 3177 τὸ
2313 3122 2586 3193 ἐγκώμιον
2615 3121 2723 3174 τῶν
2751 3117 3044 3190 μαρτύρων
3075 3117 3265 3188 ἴωμεν,
3290 3114 3339 3167 εί
3373 3112 3449 3184 μὴ
3473 3110 3698 3166 ἀπεκά-

2113 3229 2243 3285 μετε
2266 3212 2399 3283 πρὸς
2423 3212 2523 3279 τὴν
2544 3210 2807 3281 ἀκρόασιν
2824 3223 2836 3235 ·
2864 3208 2956 3260 καὶ
2994 3206 3102 3275 γάρ
3126 3204 3221 3257 καὶ
3248 3200 3422 3255 ταῦτα
3456 3199 3579 3253 ἀπὸ
3598 3196 3697 3251 τοῦ

2110 3302 2220 3356 τῶν
2243 3299 2537 3373 μαρτύρων
2556 3295 2830 3367 ἐγκωμίου
2850 3291 2949 3366 τὴν
2977 3292 3228 3347 ὑπόθεσιν
3263 3288 3449 3343 ἐλαϐε-
3492 3285 3700 3358 μικρὸν

2111 3389 2170 3445 δέ
2209 3387 2464 3459 ἀνωτέρω
2502 3385 2594 3439 τὸν
2629 3384 2787 3453 λόγον
2822 3382 3050 3452 ἀγαγεῖν
3092 3377 3407 3447 ἀναγκαῖον.
3442 3373 3701 3445 Πόλεμος

2113 3474 2471 3550 ἀνερῤιπίσθη
2494 3472 2624 3527 ποτέ
2662 3471 2801 3526 κατά
2836 3470 2935 3540 τῆς
2969 3466 3292 3537 Ἐκκλησίας
3310 3462 3575 3550 χαλεπὸς,
3606 3478 3703 3514 τσο-

2114 3566 2173 3621 λέ
2179 3545 2294 3638 μων
2313 3565 2568 3620 ἁπάντων
2595 3560 2897 3632 βαρύτατος
2916 3575 2931 3590 ο
2955 3555 3173 3619 διπλοῦς
3190 3554 3217 3594 δ
3239 3552 3347 3624 γὰρ
3365 3545 3527 3615 οὗτος
3546 3553 3580 3604 6
3604 3550 3701 3602 πόα

2115 3658 2279 3728 λεμος
2297 3651 2365 3728 ἦν
2387 3671 2402 3686 ο
2426 3656 2456 3708 6
2478 3653 2576 3725 μιν
2597 3650 2818 3715 έσωθεν,
2841 3651 2871 3703 6
2890 3649 2947 3703 δέ
2969 3644 3168 3712 ἔξωθεν
3189 3659 3203 3675 ·
3241 3646 3270 3698 6
3291 3643 3387 3714 μὲν
3408 3640 3574 3712 παρά
3594 3638 3705 3693 τῶν

2115 3745 2356 3810 οἰκείων,
2378 3743 2408 3796 6
2424 3742 2482 3797 δὲ
2503 3739 2658 3813 παρά
2671 3739 2780 3794 τῶν
2803 3738 3075 3809 πολεμίων
3092 3754 3108 3769 ·
3130 3738 3162 3789 6
3185 3734 3283 3805 μὲν
3305 3730 3455 3804 παρὰ
3472 3730 3597 3785 τῶν
3615 3729 3708 3784 άλ-

2117 3831 2365 3904 λοτρίων,
2378 3833 2406 3885 6
2424 3830 2482 3884 δέ
2497 3828 2646 3901 παρὰ
2660 3828 2768 3883 τῶν
2780 3827 3090 3898 γνωρίμων.
3106 3821 3293 3876 Καίτοι
3310 3821 3357 3873 εί
3373 3819 3468 3872 καὶ
3486 3817 3705 3880 ἁπλοῦς

2118 3923 2148 3975 6
2168 3921 2404 3992 πόλεμος
2431 3915 2522 3990 ἦν,
2543 3918 2814 3989 ἀφόρητον
2834 3916 3046 3986 ὑπῆρχε
3083 3912 3144 3966 τὸ
3171 3910 3359 3973 κακὸν,
3382 3908 3475 3961 καὶ
3490 3908 3549 3959 εί
3568 3905 3706 3971 ἔξω·

2120 4010 2213 4064 θεν
2236 4007 2569 4082 προσέϐαλλε
2608 4007 2788 4078 μόνον,
2812 4005 2953 4075 μέγα
2985 4000 3095 4055 τῶν
3131 3998 3318 4054 δεινῶν
3354 3997 3417 4050 τὸ
3466 3995 3709 4064 μέγεθος

2120 4097 2189 4173 ἦν
2208 4115 2224 4132 ο
2246 4100 2362 4153 νυνὶ
2395 4097 2450 4152 δὲ
2474 4096 2693 4159 διπλοῦς
2712 4090 2780 4166 ἦν
2802 4085 2979 4156 οὗτος,
3001 4092 3094 4145 καὶ
3125 4087 3219 4143 τοῦ
3260 4086 3411 4158 παρὰ
3432 4085 3551 4138 τῶν
3576 4083 3708 4150 ἔξω·

2124 4188 2215 4243 θεν
2249 4189 2278 4241 6
2314 4185 2462 4256 παρά
2506 4184 2614 4238 τῶν
2647 4182 2862 4237 οίκείων
2905 4177 3302 4252 χαλεπώτερος.
3326 4175 3433 4229 Τὸν
3456 4173 3566 4244 μὲν
3603 4172 3709 4244 7&9

2123 4277 2539 4351 ὡμολογημένον
2563 4274 2753 4347 ἐχθρὸν
2779 4271 2976 4345 ῥᾳδίως
2997 4266 3356 4341 φυλάττεσθαι
3370 4264 3611 4319 δυνατόν
3634 4281 3649 4295 ·
3686 4267 3711 4316 6

2123 4368 2179 4422 δὲ
2202 4366 2353 4437 φίλου
2374 4365 2476 4435 μὲν
2494 4363 2629 4434 έχων
2646 4362 3008 4434 προσωπεῖον,
3028 4356 3099 4412 τὰ
3112 4357 3168 4410 δέ
3187 4353 3395 4427 ἐχθρῶν
3416 4352 3710 4417 διατιθεὶς,

2125 4457 2426 4521 δυσάλωτος
2446 4456 2556 4516 τοῖς
2577 4449 3078 4520 ἐπιϐουλευομένοις
3104 4445 3241 4501 ἐστί.
3267 4441 3504 4506 Διπλοῦς
3529 4443 3712 4497 τοίνυν

2124 4544 2245 4598 τότε
2266 4546 2295 4599 6
2318 4542 2550 4613 πόλεμος
2573 4534 2664 4612 ἧν,
2680 4541 2709 4593 6
2730 4538 2829 4610 μὲν
2854 4535 3131 4609 ἐμφύλιος,
3149 4536 3177 4588 6
3197 4532 3253 4586 δὲ
3273 4530 3427 4605 παρά
3444 4530 3562 4584 τῶν
3585 4531 3715 4597 ἔξω·

2127 4631 2219 4686 θεν
2259 4631 2458 4685 ἐπιών·
2486 4627 2682 4701 μᾶλλον
2703 4627 2780 4691 δὲ,
2802 4626 2851 4679 εί
2885 4626 2991 4697 χρὴ
3041 4622 3264 4684 τάληθὲς
3292 4623 3489 4681 εἰπεῖν,
3521 4622 3715 4676 ἑκάτε-

2130 4737 2221 4793 ρος
2252 4722 2280 4774 6
2319 4718 2554 4789 πόλεμος
2584 4715 2844 4788 ἐμφύλιος
2865 4709 2950 4783 ἦν.
2982 4712 3092 4779 Καὶ
3116 4710 3223 4782 γὰρ
3243 4712 3290 4763 οί
3311 4707 3519 4773 ἔξωθεν
3544 4726 3715 4783 προσ-

2127 4810 2413 4871 ϐάλλοντες
2446 4804 2701 4859 δικασταὶ
2732 4803 2825 4858 καὶ
2862 4800 3119 4874 ἄρχοντες
3138 4799 3233 4853 καὶ⁹
3254 4797 3602 4868 στρατιῶταε
3625 4799 3716 4851 οὐκ

2129 4897 2414 4968 ἀλλόφυλοι
2443 4912 2587 4960 τινες
2617 4890 2777 4967 ἦσαν,
2800 4892 2895 4950 καὶ
2919 4888 3204 4961 βάρϐαροι,
3226 4888 3322 4941 καὶ
3342 4886 3517 4958 ἄλλης
3543 4889 3715 4959 ἀρχῆς

2128 4987 2228 5042 καὶ
2264 4984 2559 5057 βασιλείας,
2582 4981 2718 5037 ἀλλά
2750 4981 2864 5043 τοῖς
2896 4979 3081 5040 αὐτοῖς
3116 4974 3480 5045 διοικούμενοι
3503 4976 3715 5047 νόμοις,

2132 5076 2231 5147 τὴν
2267 5073 2439 5145 αὐτὴν
2474 5070 2709 5143 πατρίδα
2745 5066 3043 5131 οἰκοῦντες,
3056 5065 3158 5136 τῆς
3194 5064 3364 5135 αὐτῆς
3386 5063 3717 5133 μετέχογπς

2133 5162 2426 5226 πολιτείας.
2444 5161 2502 5215 '0
2547 5160 2644 5232 μὲν
2685 5152 2777 5212 οὖν
2812 5155 3073 5228 ἐμφύλιος
3110 5149 3178 5224 ἦν
3201 5154 3230 5213 6
3252 5151 3405 5223 παρά
3426 5150 3547 5204 τῶν
3570 5153 3719 5205 δικε-

2134 5251 2297 5315 στῶν,
2322 5253 2353 5304 6
2370 5249 2429 5304 δέ
2451 5246 2828 5319 χαλεπώτερος
2848 5248 2877 5301 6
2897 5246 3048 5316 παρά
3073 5243 3181 5296 τῶν
3210 5240 3519 5311 συγγενῶν,
3546 5245 3581 5296 6
3612 5258 3719 5294 και·

2133 5342 2221 5407 νὸς
2256 5340 2349 5395 καὶ
2385 5337 2693 5411 παράλογος
2727 5334 2820 5388 καὶ
2847 5332 3045 5402 πολλῆς
3064 5330 3250 5401 γέμων
3269 5329 3590 5402 ὠμότητος.
3619 5329 3718 5383 Καὶ

2134 5431 2242 5502 γὰρ
2300 5429 2560 5498 ἀδελφοὺς
2608 5425 2831 5494 ἀδελφοὶ
2886 5420 3275 5494 παρεδίδοσαν,
3320 5420 3418 5473 καὶ
3484 5418 3721 5489 πατέρες

2198 5632 2226 5673 δ
2245 5632 2395 5690 Savil.
2417 5641 2466 5685 et
2490 5633 2616 5697 Reg.
2636 5632 2854 5683 ἁπάντων
2875 5628 3169 5691 πικρότατος,
3197 5622 3411 5683 διπλοῦς.
