3860 6286
196 312 308 367 033

195 428 436 493 exarsit;
484 427 592 493 ille,
636 430 724 498 qui
756 429 809 484 in
855 444 1077 501 corpore
1104 430 1336 487 humano
1387 435 1679 504 angelicam
1708 436 1790 489 vi-

197 529 312 573 tam
339 519 600 586 exhibuit,
630 522 717 591 qui
746 530 941 591 printer
978 523 1187 578 oviuam
1211 526 1402 594 pellem
1432 528 1560 582 nihil
1591 528 1795 596 habuit,

198 611 291 680 qui
345 611 510 666 rebus
555 613 801 667 omnibus
846 614 1093 668 humanis
1137 617 1381 685 superior
1428 620 1613 684 evasit,
1664 620 1799 674 adeo

196 713 431 757 mortem
461 706 649 759 metuit
676 720 738 759 ac
760 707 1087 769 reformidat,
1113 717 1169 762 ut
1191 719 1306 776 post
1333 710 1419 762 illa
1447 720 1655 774 cuncta,
1681 721 1799 780 post

196 795 395 849 cadum
437 804 493 849 et
536 795 878 863 sacrificium,
919 808 1037 867 post
1079 800 1335 865 meloten,
1394 800 1693 867 desertum,
1744 811 1798 855 et

198 886 596 957 philosophiam
616 896 923 958 tantamque
953 889 1221 955 fiduciam,
1253 892 1408 946 vilem
1431 892 1795 947 mulierculam

201 979 571 1047 pertimescat,
623 989 678 1035 et
732 980 930 1035 idcirco
987 980 1172 1051 fugiat.
1239 982 1369 1038 Nam
1425 984 1547 1054 quia
1593 984 1798 1040 dixerat

196 1069 413 1127 Jezabel
446 1090 461 1126 :
497 1071 621 1126 Haec
641 1074 831 1144 faciant
858 1074 981 1127 mihi
1019 1076 1110 1142 dii,
1135 1085 1179 1128 et
1206 1076 1314 1130 Ita'c
1333 1076 1543 1143 addant,
1563 1078 1660 1131 nisi
1684 1094 1796 1133 cras

198 1166 427 1217 animum
453 1175 593 1219 tuam
629 1183 843 1237 posuero
885 1168 1014 1222 sicut
1039 1171 1263 1223 animum
1301 1172 1449 1225 unius
1470 1188 1531 1225 ex
1558 1172 1681 1236 illis,
1711 1175 1799 1242 qui

198 1259 389 1311 mortui
423 1268 587 1313 sunt:
626 1260 791 1313 timuit
837 1259 1046 1329 Helias,
1100 1263 1307 1333 inquit,
1356 1273 1402 1317 et
1448 1263 1576 1334 fugit
1621 1264 1797 1319 itinere

198 1349 398 1402 dierum
424 1350 764 1421 quadraginta
792 1351 878 1421 (5.
907 1334 1031 1423 Reg.
1067 1353 1152 1409 19.
1184 1354 1238 1407 2.
1269 1356 1302 1407 5
1321 1355 1362 1424 ).

274 1443 327 1497 5.
365 1442 523 1497 Vides
549 1452 607 1496 ut
633 1458 781 1498 mors
819 1445 888 1498 sit
915 1446 1205 1501 terribilis?
1226 1447 1507 1501 Dominum
1530 1460 1657 1517 ergo
1682 1445 1796 1500 lau-

198 1531 410 1599 demus,
431 1533 570 1604 quod
593 1550 712 1589 cum
734 1536 983 1590 terribilis
1005 1546 1144 1592 esset
1166 1538 1461 1608 prophetis,
1486 1546 1797 1607 contemptu

199 1622 413 1679 facilem
442 1625 752 1681 mulieribus
792 1627 1101 1682 reddiderit.
1151 1629 1329 1684 llelias
1371 1637 1596 1683 mortem
1623 1628 1794 1698 fugie-

199 1713 310 1779 hat,
338 1716 593 1771 mulieres
620 1717 687 1771 ad
731 1729 958 1773 mortem
986 1719 1365 1789 confugiebant
1397 1738 1410 1774 :
1442 1720 1531 1775 ille
1551 1734 1582 1774 a
1620 1728 1794 1775 morte

198 1806 409 1873 rcsiliit,
442 1807 558 1862 ista:
604 1819 835 1863 mortem
864 1818 988 1865 sunt
1029 1819 1368 1865 consectatus.
1410 1809 1569 1865 Vides
1598 1820 1793 1882 quanta

198 1908 422 1966 repente
442 1897 580 1955 facta
614 1901 685 1956 sit
710 1902 967 1958 mutatio?
1010 1902 1278 1957 Abraham
1309 1910 1364 1957 et
1391 1903 1569 1957 Helias
1609 1918 1793 1958 necem

198 1989 583 2060 reformidant,
627 1994 879 2050 mulieres
928 2004 1105 2051 autem
1151 1997 1303 2066 quasi
1352 1996 1518 2051 lutum
1568 1995 1794 2065 pedibus

199 2083 313 2136 suis
337 2092 567 2138 mortem
605 2086 1004 2141 conculcarunt.
1036 2086 1415 2143 Verumtamen
1445 2104 1514 2143 ne
1539 2087 1658 2143 illos
1677 2089 1793 2159 qui-

198 2171 320 2228 dem
348 2184 562 2229 sanctos
591 2190 930 2243 accusemus;
963 2192 1069 2232 non
1102 2178 1335 2249 ipsorum
1377 2188 1459 2233 est
1483 2179 1669 2249 culpa;
1698 2194 1792 2234 na-

201 2273 335 2319 tura:
378 2265 711 2322 imbecillitas
738 2277 872 2336 erat,
901 2284 1007 2323 non
1024 2270 1226 2324 crimen
1256 2269 1463 2325 arbitrii
1488 2288 1501 2325 ε
1535 2271 1791 2326 formida-

198 2356 362 2411 bilem
416 2371 535 2412 esse
578 2368 685 2412 tum
736 2360 991 2429 temporis
1035 2361 1175 2415 Deus
1207 2372 1431 2416 mortem
1458 2362 1686 2430 volebat,
1734 2371 1794 2417 ut

198 2451 382 2519 grati-.e
406 2460 590 2519 postea
634 2452 940 2522 magnitudo
981 2453 1369 2520 innotesceret;
1403 2453 1790 2510 formidabilem

202 2542 345 2595 illam
374 2542 539 2595 voluit
563 2557 682 2597 esse
714 2543 1066 2614 :supplicium
1101 2546 1243 2599 enim
1271 2555 1387 2599 erat
1417 2562 1430 2599 :
1459 2544 1657 2600 idcirco
1677 2546 1790 2601 dis-

200 2634 334 2689 solvi
382 2635 628 2705 supplicii
671 2637 846 2690 minas
890 2637 1076 2702 noluit,
1132 2651 1201 2692 ne
1245 2638 1518 2707 segniores
1547 2638 1792 2694 homines

206 2736 388 2796 postea
433 2727 806 2782 redderentur.
834 2728 1062 2795 Maneat,
1092 2728 1277 2799 inquit,
1303 2729 1370 2783 ad
1392 2744 1486 2784 eos
1514 2732 1792 2786 terrendos

206 2817 641 2887 coercendosque
666 2821 927 2874 sententia
960 2837 973 2873 :
1006 2820 1106 2874 erit
1126 2820 1288 2884 enim,
1311 2821 1412 2874 erit
1432 2831 1658 2890 tempus,
1686 2836 1792 2891 quo

201 2914 257 2956 et
298 2914 443 2957 metu
474 2904 578 2957 isto
601 2903 997 2971 liberabuntur;
1027 2904 1168 2974 quod
1192 2905 1374 2975 utique
1418 2905 1628 2959 acmdit.
1684 2906 1792 2962 Nos

201 2996 396 3065 quippe
417 2994 669 3050 liberatos
693 2997 760 3051 ab
790 3012 855 3051 eo
884 2996 1049 3053 fuisse
1076 2998 1177 3053 hoc
1204 3008 1346 3052 metu
1373 2997 1643 3054 declarant
1669 3014 1790 3053 cum

203 3101 466 3163 martyres
511 3100 620 3145 tum
651 3100 775 3145 ante
807 3102 1069 3161 martyres
1113 3091 1330 3147 Paulus.
1363 3092 1571 3147 Audisti
1605 3092 1657 3146 in
1684 3091 1789 3147 Ve-

202 3181 301 3235 teri
334 3180 676 3236 Testamento
702 3180 969 3235 dicentem
1001 3181 1302 3248 Abraham,
1353 3180 1421 3235 Te
1448 3182 1650 3252 quidem
1688 3199 1793 3236 ser—

201 3272 418 3338 vabunt,
464 3289 543 3326 me
586 3288 700 3326 vero
742 3273 1038 3341 iuterﬁcient
1088 3270 1255 3343 (Gen.
1290 3270 1377 3325 12.
1427 3271 1568 3343 12)ἳ
1597 3272 1793 3327 audisti

201 3363 370 3419 JaCob
399 3364 705 3432 dicentem,
736 3363 874 3419 Erue
908 3382 985 3418 me
1011 3364 1074 3418 de
1110 3381 1263 3418 manu
1300 3363 1441 3418 Esau
1462 3365 1635 3434 fratris
1660 3366 1790 3434 mei,

201 3459 439 3528 quoniam
467 3475 581 3513 cum
626 3459 773 3512 timeo
807 3475 897 3530 ego
937 3457 1102 3531 (Gen.
1132 3458 1221 3513 5‘2.
1253 3459 1312 3513 11
1340 3458 1398 3529 )?

271 3546 446 3620 Longe
465 3550 566 3602 alia
590 3559 662 3602 est
690 3550 907 3602 conditio
946 3549 1386 3617 Christianorum;
1416 3548 1613 3604 Psalmi
1641 3566 1792 3604 cane-

201 3644 385 3695 bantur
410 3643 463 3696 in
494 3659 664 3696 eorum
694 3642 1263 3716 funeribus.—Vidisti
1309 3644 1511 3698 lleliam
1553 3644 1794 3699 mulieris

200 3734 371 3788 minas
401 3735 586 3788 mortis
634 3750 791 3789 causa
837 3734 1170 3803 fugientem?
1206 3736 1341 3790 Audi
1368 3736 1634 3807 quomodo
1656 3736 1793 3791 Pau-

199 3827 281 3881 lus
309 3842 433 3897 erga
463 3843 575 3881 rem
594 3826 750 3881 istam
776 3829 844 3881 sit
870 3827 1110 3891 affectus,
1139 3844 1205 3882 an
1228 3827 1615 3884 formidabilem
1644 3830 1792 3885 illam

198 3927 418 3972 censeat
444 3929 497 3972 ut
530 3919 630 3984 illi;
664 3934 792 3972 num
835 3934 897 3973 ea
933 3918 1244 3974 imminente
1289 3919 1528 3974 tristetur
1568 3935 1631 3975 ac
1676 3935 1792 3975 me-

202 4021 335 4065 tuat.
368 4012 480 4065 lmo
508 4027 633 4066 vero
659 4027 690 4066 e
718 4012 1006 4079 contrario,
1039 4028 1151 4067 rem
1175 4028 1295 4069 esse
1327 4013 1615 4083 optabilem
1645 4014 1793 4068 arbi-

200 4112 370 4158 tratur
417 4121 431 4157 :
485 4113 767 4174 propterea
808 4104 968 4170 dicit,
1024 4103 1247 4158 Dissolvi
1298 4122 1379 4159 me
1438 4115 1483 4158 et
1527 4121 1631 4160 esse
1678 4121 1794 4159 cum

199 4193 399 4248 Christo
440 4196 599 4248 multo
640 4195 818 4250 melius
848 4194 1118 4267 (Philipp.
1153 4197 1204 4251 1.
1232 4196 1356 4268 25).
1386 4196 1494 4251 Illis
1542 4196 1795 4252 formida-

200 4288 327 4355 bile,
356 4287 478 4342 huic
506 4288 733 4356 melius;
762 4289 871 4344 illis
897 4289 1274 4360 iniucundum,
1308 4289 1431 4344 huic
1451 4290 1744 4359 jucundum
1776 4309 1790 4346 :

199 4394 262 4434 ac
282 4381 475 4434 merito
494 4396 622 4436 sane
652 4398 665 4434 :
690 4381 816 4435 olim
840 4382 980 4436 enim
1008 4382 1074 4436 ad
1104 4382 1367 4437 infernum
1394 4397 1541 4437 mors
1564 4380 1795 4438 deduce-

199 4473 308 4536 bat,
334 4488 475 4527 nunc
504 4483 681 4528 autem
710 4474 776 4528 ad
815 4474 1084 4530 Christum
1114 4490 1256 4530 mors
1283 4476 1591 4531 transmittit
1618 4494 1631 4529 :
1663 4492 1794 4547 qua-

199 4576 416 4637 prOpter
439 4565 602 4622 Jacob
622 4567 837 4637 quidem
882 4567 976 4635 ait,
1003 4565 1276 4623 Deducelis
1302 4579 1600 4623 senectutem
1631 4586 1794 4623 meam

195 4676 307 4713 cum
341 4659 546 4713 tristitia
595 4659 663 4712 ad
692 4662 882 4730 inferos
912 4658 1080 4729 (Gen.
1125 4660 1214 4715 42.
1271 4657 1408 4731 58);
1448 4661 1642 4716 Paulus
1669 4676 1794 4717 vero

198 4752 431 4819 diccbat,
462 4751 684 4808 Dissolvi
728 4763 773 4808 et
802 4771 919 4807 cum
951 4753 1149 4809 Christo
1174 4772 1279 4810 esse
1309 4773 1386 4810 me
1427 4757 1593 4810 multo,
1615 4756 1793 4810 melius

199 4844 478 4919 (Philipp.
535 4848 588 4902 1.
644 4846 773 4919 25).
821 4847 948 4903 Hcce
988 4864 1149 4919 porro
1185 4849 1414 4914 diccbat,
1444 4866 1551 4904 non
1578 4860 1634 4904 ut
1660 4850 1796 4906 hanc

197 4944 361 4997 vitam
390 4942 690 5011 damnaret,
718 4944 857 4999 absit
889 4961 904 4998 :
943 4958 1226 4999 caveamus
1246 4945 1409 5009 enim,
1435 4960 1501 5000 ne
1530 4943 1796 5000 ltmreticis

196 5051 381 5091 ansam
410 5037 783 5107 pra-beamus;
811 5053 983 5109 neque
1003 5037 1143 5108 quod
1168 5052 1285 5092 eam
1311 5048 1576 5107 tamquam
1599 5037 1793 5092 malam

196 5127 428 5197 fugeret,
459 5127 554 5182 sed
582 5128 723 5198 quod
754 5127 1008 5195 futuram,
1058 5136 1116 5183 ut
1142 5128 1441 5194 meliorem,
1496 5135 1790 5197 exoptaret.

196 5223 311 5277 Non
359 5221 503 5278 enim
546 5221 680 5277 dixit
729 5222 946 5278 dissolvi
999 5231 1054 5277 et
1094 5237 1214 5277 esse
1259 5236 1381 5277 cum
1425 5221 1639 5275 Christo
1691 5220 1794 5275 bo-

194 5330 322 5369 tunn
382 5329 502 5370 esse
545 5315 877 5385 simpliciter,
925 5315 1020 5369 sed
1076 5313 1267 5369 melius
1311 5331 1324 5365 :
1359 5313 1549 5368 melius
1575 5327 1794 5382 compa-

197 5408 406 5461 ratione
453 5406 576 5460 boni
606 5407 833 5478 alicujus
880 5406 1091 5462 dicitur.
1141 5404 1595 5474 Quemadmodum
1651 5405 1807 5473 enim

195 5517 318 5556 cum
359 5500 454 5563 ait,
498 5500 597 5568 Qui
623 5501 942 5556 matrimonio
977 5500 1171 5571 jungit,
1194 5499 1315 5554 bene
1355 5499 1513 5569 facit;
1553 5498 1639 5567 qui
1680 5514 1796 5553 vero

201 5610 303 5648 non
335 5595 503 5665 jungit
524 5636 538 5661 ,
570 5594 747 5649 melius
776 5595 897 5667 facit
927 5593 1016 5666 (1.
1049 5591 1167 5647 Cor.
1200 5592 1252 5646 7.
1277 5593 1414 5664 58),
1442 5592 1640 5646 bonum
1670 5592 1795 5662 qui-

199 5691 319 5745 dem
349 5703 471 5745 esse
501 5689 895 5744 matrimonium
923 5688 1190 5755 ostendit,
1233 5698 1287 5741 at
1330 5687 1605 5743 meliorem
1636 5687 1798 5757 virgi-

201 5784 421 5839 nitatem
453 5799 464 5836 :
496 5782 566 5838 ita
599 5783 848 5838 nimirum
892 5791 943 5838 ct
974 5781 1077 5841 hoc
1107 5782 1245 5851 loco,
1278 5780 1423 5837 Bona
1447 5781 1657 5852 quidem
1686 5781 1792 5836 vita

1313 319 1401 376 DE
1438 320 1533 377 SS.
1577 319 1872 376 BERNICE
1915 321 2003 377 ΕΤ
2034 323 2404 381 PROSDOCE.

3388 336 3492 393 θδι

1907 451 2161 505 prmsens,
2193 439 2377 508 inquit,
2404 440 2567 494 multo
2594 458 2721 498 vero
2744 443 2931 498 melior
2949 454 3029 500 est
3062 443 3258 501 futura.
3288 448 3493 508 Rursus

1905 526 2026 579 alibi
2053 528 2165 598 pari
2198 530 2403 584 ratione
2427 531 2847 601 philosophatur,
2880 544 2932 588 et
2962 536 3034 589 ait
3060 552 3073 588 :
3104 534 3210 591 Sed
3242 549 3288 592 et
3317 540 3360 593 si
3394 542 3490 594 im-

1903 620 2067 671 molor
2088 635 2244 688 supra
2264 623 2589 690 sacri/icium,
2610 634 2655 677 et
2677 627 2963 692 obsequium
2991 629 3110 694 fidei
3136 642 3329 696 vestrm,
3361 649 3490 701 gnu'

1903 709 1996 760 deo
2034 718 2087 761 εε-
2128 712 2454 780 congratulor
2505 714 2731 767 omnibus
2757 716 2891 768 vobis
2916 732 2934 769 :
2962 718 3185 786 idipsum
3234 732 3401 774 autem
3443 731 3493 777 et

1903 813 1989 851 vos
2022 801 2267 868 gaudete,
2317 812 2363 855 et
2390 806 2812 873 congratulamini
2845 806 3108 877 (Philipp.
3155 811 3209 863 2.
3245 812 3328 865 l7.
3367 814 3464 883 18)

1902 888 2036 955 Quid
2060 891 2177 944 ais?
2203 894 2449 959 moreris,
2479 909 2511 947 ο
2542 895 2717 959 Paule,
2744 908 2793 951 et
2824 897 2886 950 ad
2919 900 3229 955 societatem
3253 903 3492 970 volupta-

1904 978 1970 1031 tis
1991 978 2230 1035 homines
2256 982 2525 1038 advocas?
2575 985 2702 1054 quid
2745 987 2836 1040 tibi
2881 1003 3063 1057 qua-so
3100 992 3331 1046 accidit?
3376 994 3490 1048 Non

1902 1073 2149 1142 equidem
2200 1076 2435 1141 morior,
2492 1077 2695 1147 inquit,
2749 1078 2843 1134 sed
2894 1080 2959 1133 ad
3004 1082 3278 1137 meliorem
3332 1084 3491 1139 vitam

1903 1173 2133 1220 transeo.
2191 1165 2257 1220 Ut
2315 1167 2473 1238 igitur
2528 1168 2772 1224 homines
2824 1174 3188 1240 magistratum
3249 1173 3493 1230 ineuntes

1904 1258 2162 1326 plurimos
2210 1259 2407 1313 lmtitia:
2469 1260 2569 1315 sibi
2623 1261 2799 1315 socios
2845 1278 2907 1315 ac
2952 1264 3236 1333 participes
3288 1265 3492 1320 futuros

1901 1359 2180 1404 accersunt
2222 1369 2237 1407 :
2282 1351 2359 1405 sic
2385 1361 2436 1405 et
2468 1352 2661 1406 Paulus
2685 1353 2752 1407 ad
2781 1365 3006 1408 mortem
3040 1371 3265 1426 pergens
3314 1358 3491 1427 gaudii

1901 1440 1981 1493 sui
2006 1451 2282 1494 consortes
2312 1442 2518 1495 futuros
2544 1445 2785 1496 vocabat.
2820 1444 2913 1497 Est
2942 1444 3082 1498 enim
3114 1460 3258 1500 mors
3283 1448 3492 1516 requies

1901 1531 2167 1600 quietiam,
2223 1531 2461 1586 laborum
2505 1531 2645 1599 fluis,
2687 1533 3045 1603 sudorumque
3086 1536 3401 1604 retributio,
3427 1551 3490 1591 ac

1900 1623 2252 1678 certaminum
2286 1624 2560 1693 prmmium
2590 1633 2645 1678 et
2669 1639 2890 1679 corona.
2922 1625 3049 1681 ideo
3080 1628 3340 1696 principio
3361 1629 3485 1697 qui-

1900 1714 2021 1771 dem
2050 1730 2213 1785 snper
2234 1725 2472 1770 mortuos
2494 1716 2739 1786 planctus
2762 1718 2975 1787 quidam
3006 1727 3061 1772 et
3082 1716 3493 1773 lamentationes

1900 1808 2126 1871 fiebant;
2173 1822 2314 1863 nunc
2350 1818 2526 1863 autem
2572 1809 2761 1877 psalmi
2811 1820 2863 1863 et
2905 1823 3094 1863 cautus
3141 1812 3486 1881 hymnorum.

1899 1898 2188 1955 Fleverunt
2216 1900 2374 1970 igitur
2415 1901 2578 1955 Jacob
2604 1900 2949 1972 quadraginta
2977 1902 3185 1967 diebus,
3214 1902 3485 1957 fleverunt

1898 2006 1950 2051 et
1981 1995 2217 2068 Moysem
2249 1997 2469 2053 totidem
2494 1998 2625 2052 alias
2650 1997 2822 2052 Judzei
2879 2007 2932 2052 et
2982 1999 3319 2067 planxerunt,
3350 2013 3495 2094 quo;

1900 2089 2040 2143 niam
2072 2104 2218 2143 mors
2267 2100 2376 2143 tum
2427 2091 2682 2159 temporis
2727 2104 2870 2142 mors
2896 2099 3053 2143 erat:
3096 2090 3204 2157 jam
3229 2105 3354 2142 vero
3384 2089 3487 2143 non

1900 2179 1990 2246 ita,
2020 2180 2112 2233 sed
2144 2178 2327 2251 hymni
2350 2190 2493 2245 sunt,
2527 2193 2709 2249 preces
2729 2187 2782 2233 et
2810 2179 3019 2247 psalmi,
3043 2194 3161 2247 qua:
3177 2178 3355 2231 omnia
3389 2193 3488 2232 vo-

1898 2272 2155 2342 luptatem
2184 2271 2235 2326 in
2268 2286 2329 2326 ea
2381 2288 2438 2326 re
2476 2286 2595 2326 esse
2621 2271 2931 2324 detlarant:
2962 2271 3149 2339 psalmi
3179 2273 3319 2323 enim
3352 2269 3488 2322 hila—

1897 2366 1973 2420 ris
2002 2366 2161 2418 animi
2197 2364 2403 2434 signum
2435 2373 2559 2419 sunt
2594 2381 2607 2418 :
2634 2361 2809 2434 aliqua
2836 2364 2966 2415 enim
2993 2372 3065 2415 est
3092 2363 3260 2413 animo
3290 2362 3400 2431 quis
3434 2361 3489 2413 in

1896 2458 2073 2513 vobis?
2097 2456 2284 2529 psallat
2318 2457 2510 2523 (Jucob
2578 2459 2630 2513 5.
2668 2458 2735 2511 15
2756 2466 2795 2526 ).
2827 2455 3085 2524 Quon'ram
3111 2456 3269 2524 igitur
3296 2455 3476 2507 hetitta

1899 2549 2185 2616 affluimus,
2214 2550 2411 2604 idcirco
2439 2550 2673 2618 psalmos
2708 2562 2869 2615 super
2896 2558 3132 2600 mortuos
3165 2545 3440 2615 psallimus
3460 2587 3475 2611 ,

1898 2642 1988 2712 qui
2040 2654 2140 2695 nos
2192 2640 2572 2703 cohortantur,
2617 2648 2673 2692 ut
2728 2649 2951 2693 mortem
3009 2652 3115 2691 non
3183 2638 3483 2690 timeamus.

1895 2730 2192 2788 Convertere
2217 2732 2390 2796 enim,
2420 2732 2613 2799 inquit,
2647 2733 2816 2781 anima
2846 2746 2973 2789 mea,
3007 2730 3057 2782 iu
3088 2729 3304 2799 requiem
3327 2739 3485 2792 luant,

1896 2825 2018 2891 quia
2047 2822 2297 2877 Dominus
2322 2822 2560 2891 beiiefecit
2586 2821 2672 2874 tibi
2712 2820 2886 2891 (Psal.
2916 2820 3037 2874 114.
3068 2821 3094 2871 'i
3115 2818 3152 2891 ).
3188 2818 3345 2872 Vides
3392 2820 3485 2872 be-

1897 2915 2143 2970 neficium
2184 2928 2304 2969 esse
2334 2922 2558 2967 mortem
2589 2928 2652 2966 ac
2680 2913 2956 2981 requiem?
2982 2912 3070 2978 qui
3112 2928 3252 2963 enim
3282 2911 3488 2980 ingres-

1896 3021 1990 3062 sus
2015 3016 2098 3062 est
2118 3008 2169 3060 in
2216 3006 2453 3076 requiem
2494 3005 2661 3068 illam,
2687 3004 2754 3057 ab
2781 3004 3035 3073 Operibus
3063 3004 3174 3055 suis
3204 3001 3484 3071 requievit,

1899 3110 1957 3157 ut
1977 3115 2007 3155 a
2039 3100 2268 3171 propriis
2306 3099 2468 3153 Deus.

1968 3191 2021 3247 4.
2052 3192 2130 3244 Ac
2154 3189 2219 3244 de
2244 3199 2416 3243 morte
2435 3188 2646 3258 quidem
2676 3187 2931 3242 hactenus
2964 3202 2977 3239 :
3011 3200 3107 3255 age
3151 3198 3292 3238 nunc
3335 3183 3488 3238 dein-

1897 3294 2025 3349 ceps
2050 3295 2146 3334 nos
2170 3281 2235 3334 ad
2259 3292 2549 3350 martyrum
2580 3278 2766 3333 laudes
2790 3284 3185 3339 convertemus,
3230 3276 3329 3328 nisi
3355 3276 3490 3329 forte

1896 3373 2016 3431 sitis
2039 3352 2303 3428 audiendo
2332 3373 2525 3426 defessi
2561 3388 2575 3425 :
2617 3386 2737 3424 nam
2764 3382 2816 3424 et
2844 3370 2957 3423 haec
2998 3368 3277 3423 occasione
3319 3368 3490 3421 laudis

1900 3473 2194 3536 martyrum
2236 3463 2381 3518 dicta
2410 3472 2565 3528 sunt;
2599 3462 2756 3531 paulo
2792 3476 2917 3515 vero
2939 3461 3097 3514 altius
3144 3475 3321 3528 operai
3368 3474 3489 3528 pre-

1900 3558 2036 3612 tium
2089 3566 2174 3612 est
2237 3556 2596 3611 narrationem
2653 3554 2941 3608 ordiamur.
2992 3553 3193 3606 Bellum
3231 3552 3489 3606 adversus

1899 3649 2193 3705 Ecclesiam
2236 3663 2401 3719 grave
2437 3640 2703 3717 quondam
2746 3648 3031 3701 excitatum
3071 3654 3174 3707 est,
3230 3646 3486 3698 bellorum

1898 3743 2135 3799 Omnium
2166 3742 2537 3812 gravissimum
2563 3757 2575 3792 :
2608 3740 2802 3809 dupiex
2835 3755 2975 3793 enim
2997 3751 3109 3791 erat
3137 3739 3237 3790 hoc
3269 3738 3485 3801 bellum,

1901 3848 2063 3888 unum
2097 3832 2313 3903 quidem
2368 3831 2546 3897 intus,
2595 3832 2818 3884 alterum
2870 3843 2995 3883 vero
3041 3827 3171 3881 foris
3196 3836 3482 3880 exortum:

1900 3925 2002 3980 hoc
2028 3939 2057 3978 a
2080 3924 2406 3990 domeSIicis,
2441 3923 2563 3976 illud
2588 3922 2656 3976 ab
2686 3920 2962 3985 hostibus;
2990 3934 3153 3973 unum
3181 3920 3250 3972 ab
3276 3919 3487 3981 alienis,

1899 4030 1929 4070 a
1952 4014 2301 4070 familiaribus
2329 4013 2529 4067 illatum
2560 4012 2806 4065 alterum.

1969 4105 2167 4160 Bellum
2184 4105 2324 4157 civile
2343 4114 2385 4156 et
2402 4103 2691 4156 intestinum
2710 4110 2911 4154 externo
2948 4098 3290 4169 periculosius.
3312 4097 3492 4152 Simila

1900 4200 1965 4253 ab
1993 4196 2223 4250 incendio
2248 4204 2493 4248 nocturno
2521 4203 2875 4262 sumptum.—
2897 4191 2964 4244 Et
2992 4206 3116 4242 vero
3137 4190 3260 4243 licet
3292 4191 3491 4243 bellum

1899 4289 2127 4359 simplex
2171 4285 2377 4352 fuisset,
2431 4285 2765 4339 intolerabile
2828 4283 3026 4337 malum
3081 4282 3491 4345 exstitisset;ac

1901 4384 2026 4440 licet
2049 4384 2286 4440 exterius
2338 4390 2542 4438 tantum
2575 4382 2880 4452 ingruisset,
2908 4380 3094 4450 ingens
3127 4378 3491 4431 calamitatum

1900 4477 2209 4548 magnitudo
2252 4476 2640 4531 fuissetznunc
2664 4485 2842 4528 autem
2879 4472 3073 4541 duplex
3103 4482 3219 4525 erat
3259 4471 3397 4531 hoc;
3438 4480 3490 4521 et

1900 4573 2040 4644 quod
2072 4587 2102 4626 a
2151 4571 2478 4634 domesticis,
2532 4568 2698 4623 multo
2749 4569 2960 4638 gravius
3011 4575 3126 4628 est,
3159 4578 3317 4631 quam
3348 4560 3491 4631 quod

1900 4664 1969 4720 ab
2005 4664 2244 4720 externis
2309 4662 2488 4718 Facile
2525 4674 2754 4731 namque
2782 4661 2933 4713 nobis
2960 4658 3028 4711 ab
3052 4671 3118 4711 eo
3141 4670 3337 4710 cavere
3362 4672 3485 4722 ptis-

1899 4772 2121 4825 sumus,
2151 4757 2241 4828 qni
2289 4771 2349 4811 se
2406 4756 2676 4809 inimicum
2729 4752 3071 4824 profiteatur;
3113 4761 3167 4803 at
3203 4764 3325 4805 eum
3350 4788 3363 4813 ,
3404 4749 3493 4815 qui

1900 4852 2000 4906 sibi
2054 4851 2212 4905 amici
2258 4849 2461 4905 larvam
2515 4847 2703 4911 induit,
2758 4858 2863 4898 non
2920 4844 3077 4897 aliter
3126 4850 3303 4896 autem
3336 4850 3498 4907 atque

1900 4943 2149 4997 inimicus
2192 4941 2413 4995 affectus
2439 4947 2542 5006 est,
2577 4938 2715 4993 haud
2767 4936 2918 4991 facile
2942 4948 3134 5004 capere
3170 4933 3373 4988 insidiis
3401 4948 3490 4999 po-

1904 5046 2004 5091 tes.
2053 5035 2256 5105 Duplex
2300 5047 2429 5103 ergo
2470 5044 2582 5087 tum
2628 5031 2826 5086 bellum
2862 5038 2999 5094 erat,
3060 5027 3163 5081 hoc
3208 5026 3386 5087 οἰκ-116,
3422 5026 3483 5076 it-

1902 5128 1991 5183 lud
2035 5128 2104 5181 ab
2145 5126 2380 5181 externis
2422 5125 2669 5190 irruens;
2721 5122 2805 5177 vel
2838 5123 3033 5191 potius,
3091 5118 3136 5174 si
3192 5131 3373 5172 verum
3406 5116 3489 5166 di-

1901 5218 2127 5275 cendum
2160 5220 2269 5284 sit,
2318 5218 2476 5272 civile
2521 5215 2623 5270 fuit
2658 5225 2946 5283 utrumque
2974 5210 3193 5265 bellum.
3223 5208 3352 5260 Nam
3403 5207 3499 5273 qii

1901 5311 2198 5367 forinsecus
2227 5311 2564 5375 invadebant,
2583 5308 2810 5380 judices,
2832 5305 3170 5375 magistratus
3190 5311 3243 5354 et
3271 5298 3489 5363 milites,

1902 5420 2009 5463 non
2058 5407 2369 5477 alienigenas
2417 5405 2633 5477 quidam
2661 5412 2836 5468 erant,
2874 5412 2965 5456 aut
3010 5397 3253 5463 barbari,
3297 5404 3387 5449 aut
3426 5410 3488 5449 ex

1904 5503 2009 5557 alio
2064 5501 2293 5571 quodam
2334 5500 2563 5570 imperio
2610 5510 2861 5568 regnove,
2912 5492 3006 5550 sed
3051 5492 3140 5562 qui
3176 5490 3364 5545 iisdem
3421 5488 3494 5542 le.

1900 5596 2055 5667 gibus
2076 5594 2412 5665 regebantur,
2438 5592 2678 5649 eamdem
2707 5588 2928 5660 patriam
2954 5586 3222 5651 colebant,
3251 5582 3491 5654 ejusdem

1905 5686 2191 5757 participes
2233 5697 2387 5741 erant
2436 5682 2762 5755 reipublicaz.
2791 5680 2920 5736 Erat
2948 5679 3107 5751 igitur
3130 5676 3284 5734 civile
3304 5719 3320 5744 ,
3347 5676 3491 5748 quod

1908 5780 2230 5851 ajudicibus
2260 5780 2583 5836 inferebatur
2652 5776 2747 5834 sed
2779 5788 2995 5847 gravms
3040 5772 3182 5845 quod
3225 5786 3251 5827 ο
3296 5786 3488 5844 cogna-
3546 5832 3559 5846 ,
