3844 6280
549 228 595 253 ε

354 269 459 325 635

356 383 442 446 tis,
497 397 694 438 novum
725 400 788 443 ac
818 387 1150 456 inopinatum
1186 388 1457 456 multaque
1490 384 1792 440 redundans
1822 400 1944 440 cru-

358 474 596 530 delitate.
642 476 774 530 Nam
815 486 871 531 et
897 492 927 530 a
976 476 1225 532 fratribus
1256 476 1604 531 tradebantur
1634 474 1847 541 fratres,
1893 484 1945 531 et

359 584 390 623 ιι
435 570 679 639 patribus
718 570 889 635 liberi,
941 579 995 624 et
1040 585 1068 621 a
1114 570 1319 623 maritis
1365 582 1593 631 uxones;
1632 567 1808 621 omnia
1859 581 1949 621 eo-

361 662 630 730 gnationis
668 661 784 730 jura
838 661 1304 728 conculcabantur,
1352 676 1415 713 ac
1442 669 1583 713 totus
1607 659 1751 713 orbis
1781 668 1949 714 terra-

363 769 484 806 rum
538 752 964 820 subvertebatur,
1003 767 1103 807 nec
1151 752 1290 807 ullus
1340 761 1447 805 tum
1486 751 1649 805 ullum
1690 763 1950 819 agnosce-

365 841 492 896 bat:
524 842 765 897 diabolus
792 843 933 897 enim
973 843 1229 913 majorem
1282 844 1333 897 in
1384 843 1600 897 modum
1630 840 1948 896 dominaba-

369 942 474 985 tur.
527 931 581 985 ln
632 933 723 987 illo
762 933 940 1004 itaque
986 934 1213 988 tumultu
1254 950 1318 989 ae
1346 934 1487 989 bello
1513 934 1768 989 mulieres
1812 933 1949 1001 istaa,

325 1042 340 1049 -
369 1021 416 1075 si
458 1021 670 1093 quidem
699 1024 952 1077 mulieres
989 1024 1318 1094 appellanda:
1344 1033 1486 1090 sunt,
1520 1024 1716 1093 quippe
1745 1038 1863 1093 qua:
1900 1023 1954 1076 in

367 1115 614 1171 muliebri
652 1131 879 1186 corpore
927 1116 1105 1172 viriles
1151 1118 1357 1171 animos
1416 1116 1793 1183 exhibuerint,
1850 1116 1956 1169 imo

370 1222 501 1262 vero
557 1222 662 1262 non
694 1208 876 1262 viriles
920 1217 1123 1262 tantum
1148 1209 1377 1274 animos,
1404 1207 1497 1261 sed
1525 1220 1763 1262 naturam
1790 1206 1956 1275 ipsam

372 1314 741 1370 supergressa:
771 1299 878 1353 sint
897 1340 911 1362 ,
933 1308 988 1354 et
1013 1314 1133 1354 cum
1164 1299 1442 1354 virtutibus
1466 1297 1797 1368 incorporeis
1827 1312 1959 1352 con-

379 1392 650 1447 tenderint
679 1409 693 1446 :
728 1392 843 1447 ista:
888 1408 1016 1463 ergo
1052 1392 1303 1446 mulieres
1327 1393 1510 1446 relicta
1568 1393 1697 1446 urbe
1718 1432 1734 1457 ,
1764 1391 1959 1457 domo,

373 1501 438 1538 ac
504 1483 815 1554 propinquis
864 1497 1087 1553 peregre
1136 1483 1571 1552 commigrarunt.
1616 1482 1751 1536 Cum
1819 1480 1960 1535 enim

373 1576 645 1642 Christus,
692 1574 934 1641 aiebant,
1006 1574 1400 1638 contemnitur,
1452 1574 1582 1627 nihil
1638 1573 1793 1629 nobis
1848 1581 1966 1627 esto

378 1669 691 1738 pretiosum,
713 1683 883 1738 neque
906 1666 1295 1722 necessitudine
1319 1665 1692 1735 conjunctum:
1719 1674 1963 1735 propter.

378 1776 442 1814 ea
493 1758 692 1814 relictis
745 1758 991 1813 omnibus
1045 1765 1170 1812 sunt
1215 1772 1466 1826 egressae.
1521 1756 1590 1817 Et
1646 1758 1782 1811 sicut
1842 1771 1965 1811 cum

379 1852 557 1907 media
601 1861 755 1906 nocte
798 1851 988 1907 domus
1026 1850 1358 1915 incenditur,
1408 1848 1497 1918 qui
1541 1850 1685 1903 intus
1730 1848 1967 1903 dormie-

392 1944 536 2009 bant,
572 1942 661 1997 ubi
708 1942 988 1996 tumultum
1016 1941 1303 2003 audierint,
1328 1940 1434 1995 cito
1457 1955 1488 1994 e
1510 1940 1691 1995 stratis
1720 1939 1971 1994 exsilien-

385 2042 467 2090 tes
518 2050 550 2090 e
576 2034 837 2089 vestibulo
867 2033 1056 2089 domus
1084 2034 1318 2098 evolant,
1352 2048 1524 2109 neque
1550 2048 1731 2087 secum
1757 2048 1967 2099 eorum,

388 2142 508 2195 qua:
535 2126 680 2180 intus
717 2132 860 2190 sunt,
889 2124 1177 2195 quidquam
1225 2122 1505 2188 auferunt;
1539 2123 1590 2177 id
1639 2123 1782 2177 enim
1809 2139 1970 2177 unum

387 2219 623 2285 student,
678 2226 735 2273 ut
760 2233 792 2272 e
821 2219 1034 2272 flamma
1064 2231 1217 2271 suum
1246 2230 1442 2284 corpus
1466 2215 1724 2285 eripiant,
1755 2224 1810 2270 et
1837 2216 1973 2286 ignis

387 2324 602 2364 cursum
632 2323 822 2379 magna
849 2308 1120 2363 celeritate
1145 2316 1476 2377 grassantem
1505 2308 1831 2376 praeveniant
1856 2324 1868 2360 :
1898 2307 1975 2363 sic

388 2410 442 2455 ct
492 2402 607 2456 istae
662 2400 912 2454 nimirum
961 2407 1204 2469 egerunt.
1232 2398 1367 2453 Cum
1407 2398 1549 2454 enim
1597 2406 1764 2453 totum
1792 2399 1976 2453 orbem

392 2501 657 2545 terrarum
684 2489 1067 2544 inflammatum
1095 2487 1384 2555 vidissent,
1421 2488 1701 2543 confestim
1734 2504 1800 2543 ex
1830 2488 1978 2542 urbis

393 2580 653 2638 vestibulo
677 2580 991 2636 exsilierunt
1025 2590 1081 2636 et
1135 2580 1434 2645 evolarunt,
1467 2579 1518 2633 id
1547 2595 1707 2633 unum
1729 2594 1978 2650 quaren-

398 2685 500 2738 tes,
529 2680 588 2728 ut
636 2673 851 2727 animze'
879 2687 992 2727 sure
1032 2672 1256 2728 salutem
1288 2683 1485 2727 sariam
1524 2682 1715 2728 tectam
1756 2689 1979 2728 conser-

394 2772 602 2821 varent.
652 2764 787 2820 Tum
834 2764 975 2819 enim
1001 2774 1117 2820 erat
1146 2764 1446 2819 incendium
1475 2764 1748 2832 infestum,
1776 2774 1830 2820 et
1856 2780 1982 2835 pro-

394 2855 574 2913 funda:
622 2857 854 2913 tenebrae
879 2855 1317 2922 dominabantur,
1356 2856 1588 2911 tenebrae
1611 2860 1885 2912 nocturnis
1913 2858 1983 2912 is-

398 2949 468 3003 tis
495 2947 665 3003 multo
705 2948 989 3003 tetriores:
1018 2956 1343 3018 quaprOpter
1389 2958 1637 3019 tanquam
1664 2950 1719 3004 in
1750 2948 1984 3005 tenebris

397 3038 600 3095 amicos
625 3052 732 3093 non
754 3045 1014 3093 noverant
1032 3037 1211 3105 amici,
1249 3048 1304 3094 et
1325 3053 1521 3095 uxores
1548 3040 1646 3094 viri
1669 3039 1982 3111 prodebant;

399 3142 679 3205 propterea
732 3148 854 3190 cum
895 3134 1139 3191 inimicos
1162 3134 1502 3205 prmteribant
1521 3174 1538 3201 ,
1572 3144 1683 3189 tum
1708 3134 1908 3188 amicos
1933 3140 1987 3188 et

405 3227 729 3284 domesticos
745 3228 1072 3298 impetebant
1095 3246 1108 3283 :
1127 3238 1446 3284 nocturnum
1470 3228 1735 3299 quoddam
1764 3236 1880 3282 erat
1903 3228 1986 3280 in-

401 3319 595 3378 festum
614 3320 876 3391 prmlium,
893 3330 947 3378 et
966 3321 1163 3391 ingenti
1182 3320 1406 3376 tumultu
1423 3330 1612 3375 cuneta
1626 3319 1984 3388 replebantur.

474 3414 583 3470 SS.
613 3412 864 3482 Martyres
894 3414 1107 3483 patriam
1127 3411 1561 3483 relinquunt—'1‘
1567 3426 1653 3465 um
1686 3409 1848 3479 igitur
1877 3409 1990 3464 ista:

406 3507 592 3561 relicta
630 3505 798 3575 patria
844 3514 1207 3571 excesserunt,
1252 3514 1306 3560 et
1348 3501 1700 3574 patriarcham
1723 3500 1989 3555 Abraham

409 3599 630 3654 imitatae
658 3606 809 3664 sunt,
843 3596 910 3652 ad
934 3612 1090 3667 quem
1118 3596 1316 3651 dictum
1342 3604 1426 3651 est
1454 3612 1467 3649 :
1498 3593 1752 3665 Egredere
1775 3593 1838 3647 de
1861 3602 1993 3647 terra

408 3703 497 3747 tua
519 3701 568 3747 et
609 3691 673 3746 de
718 3691 1012 3761 cognatione
1057 3700 1146 3744 tua
1174 3690 1326 3761 (Gen.
1358 3689 1445 3743 12.
1482 3688 1557 3758 1.)
1587 3706 1601 3742 :
1627 3702 1747 3742 nam
1799 3696 1855 3742 et
1898 3687 1994 3742 has

412 3784 838 3855 persequutionis
861 3791 1069 3854 tempus
1097 3782 1163 3838 ad
1214 3781 1316 3837 hoc
1345 3780 1620 3845 incitabat,
1665 3787 1723 3835 ut
1758 3778 1825 3834 de
1853 3788 1994 3834 terra

410 3875 583 3946 deque
635 3875 951 3945 cognatione
1002 3874 1230 3940 exirent,
1259 3882 1319 3929 ut
1347 3873 1420 3928 ita
1459 3871 1648 3927 caelum
1695 3870 1989 3927 hereditate

411 3968 769 4039 possiderent.
819 3968 1201 4040 Egrediebatur
1241 3966 1402 4039 igitur
1444 3981 1512 4022 ex
1558 3965 1761 4021 uadibus
1802 3966 1995 4021 mulier

412 4060 548 4115 duas
590 4076 771 4116 secum
814 4060 951 4117 filias
990 4061 1230 4127 habens;
1262 4069 1319 4116 at
1356 4069 1410 4116 tu
1458 4074 1525 4115 ne
1566 4060 2001 4128 teineiept'wter-

413 4168 543 4216 eas,
600 4168 721 4207 eum
766 4153 1062 4210 excessisse
1103 4153 1357 4209 mulieres
1409 4151 1700 4207 liberaliter
1749 4150 1997 4205 educatae

417 4244 591 4311 audis,
636 4260 736 4300 nec
773 4244 1005 4301 ferendis
1046 4244 1309 4315 ejusmodi
1338 4243 1491 4298 malis
1517 4240 1878 4305 assuefactas;
1906 4240 2001 4295 sed

420 4338 601 4393 animo
646 4353 820 4404 versa,
866 4347 1122 4408 quantum
1174 4337 1308 4393 illud
1356 4338 1555 4392 malum
1599 4345 1761 4401 esset,
1790 4333 2002 4404 quantis

420 4445 508 4485 res
540 4429 631 4484 illa
671 4429 1068 4485 difficultatibus
1085 4430 1459 4498 circumsepta.
1492 4426 1549 4482 Si
1578 4426 1721 4482 enim
1758 4425 2003 4481 homines

342 4527 346 4531 '
421 4521 512 4590 qui
558 4520 880 4577 mediocrem
911 4520 1388 4590 peregrinationem
1412 4518 1725 4587 suscipiunt,
1770 4516 2003 4586 cumju-

425 4621 602 4668 menta
632 4620 939 4683 suppetant,
955 4611 1181 4666 ministri
1203 4626 1308 4665 non
1330 4609 1527 4673 desint,
1555 4607 1793 4678 periculo
1819 4615 2007 4661 vacent

423 4706 632 4768 itinera,
661 4720 782 4760 eum
813 4719 976 4775 penes
1003 4718 1098 4759 eos
1124 4711 1359 4773 potestas
1402 4702 1471 4755 sit
1510 4699 1785 4763 redeundi,
1815 4699 2006 4753 multas

424 4796 773 4867 experiuntur
796 4798 1088 4863 molestias,
1121 4797 1317 4852 multas
1337 4795 1579 4850 miserias
1602 4793 2003 4864 perpetiuntur:

427 4890 515 4946 ubi
540 4889 732 4944 mulier
771 4899 826 4944 et
853 4889 1106 4960 virgines,
1139 4889 1355 4960 penuria
1380 4888 1768 4952 miniStrorum,
1796 4894 1850 4939 et
1874 4884 2008 4938 ami-

424 4998 610 5038 corum
655 4981 905 5052 proditio,
937 4982 1301 5047 tumultus,<et
1352 4979 1699 5052 perturbatio,
1727 4985 2008 5046 metusque

428 5076 798 5143 intolerabilis,
830 5074 1040 5131 diversa
1086 5075 1138 5130 in
1170 5074 1276 5130 illis
1304 5074 1557 5145 pericula,
1603 5073 1671 5129 de
1696 5071 1871 5127 anima
1893 5069 2006 5125 dis-

424 5169 650 5233 crimen,
703 5177 757 5223 et
789 5166 1158 5238 undecumque
1204 5166 1414 5232 hostes;
1444 5181 1563 5236 qum
1598 5163 1812 5219 tandem
1833 5162 2008 5217 oratio

427 5261 708 5315 mulierum
729 5259 1039 5327 certamina,
1072 5259 1458 5323 fortitudinem,
1498 5255 2006 5328 magnanimitatem,

433 5351 587 5408 fidem
625 5352 928 5421 exprimere
974 5350 1203 5421 poterit?
1232 5350 1364 5405 Nam
1416 5349 1462 5403 si
1505 5362 1718 5419 egressa
1746 5348 1859 5403 sola
1891 5360 2008 5400 ma-

432 5457 515 5501 ter
542 5455 703 5511 esset,
729 5460 835 5500 non
854 5443 926 5498 ita
954 5442 1343 5499 intolerandum
1364 5452 1634 5497 certamen
1656 5439 1874 5503 fuisset;
1899 5437 2010 5507 jam

433 5554 561 5594 vero
587 5546 791 5592 cumet
838 5536 975 5590 filias
1027 5535 1335 5598 deduceret,
1391 5542 1446 5587 et
1498 5531 1630 5585 duas
1658 5529 1910 5599 virgines,
1940 5528 2012 5583 ita

437 5628 631 5696 duplex
658 5628 878 5683 timendi
904 5627 1137 5692 occasio,
1182 5625 1452 5695 multaque
1489 5621 1858 5678 sollicitudinis
1899 5630 2015 5674 erat

437 5720 673 5777 accessio
693 5735 705 5771 :
726 5728 924 5788 quanto
942 5718 1080 5774 enim
1099 5717 1268 5788 major
1283 5715 1567 5788 possessio,
1585 5722 1729 5769 tanto
1748 5711 2009 5767 difﬁcilior

1026 273 1083 331 S.
1122 274 1400 331 JOANNIS
1436 271 1915 330 CIIRYSOSTOMI
1955 270 2269 329 ARCIIIEP.
2313 275 2843 333 CONSTANTINOP.

3537 284 3644 339 630

2048 399 2129 443 est
2157 388 2416 444 custodia.
2468 388 2848 460 Egrediebatur
2871 406 3000 463 ergo
3031 393 3258 463 virgines
3293 393 3520 459 habens,
3547 414 3650 453 nec

2048 480 2250 536 habens
2275 483 2465 552 quibus
2492 484 2544 537 in
2571 484 2815 540 thalamis
2835 500 2926 541 eas
2949 487 3279 542 occultaret:
3309 491 3523 543 tametsi
3568 492 3637 543 in-

2051 572 2287 644 telligitis
2334 573 2630 642 thalamos;
2674 577 3181 648 gynaecea,januas,
3229 590 3429 645 vectes,
3462 592 3654 635 custo-

2050 663 2165 731 des,
2212 666 2601 735 procubitores,
2649 668 2893 733 ancillas,
2931 671 3184 737 nutrices,
3218 686 3280 725 ac
3329 672 3521 726 matris
3569 690 3653 726 as-

2052 757 2377 823 siduitatem,
2425 765 2480 812 et
2532 758 2701 828 patris
2748 759 3137 828 providentiam
3181 763 3517 832 multamque
3554 780 3657 831 pa-

2054 860 2263 903 rentum
2312 865 2493 904 curam
2520 849 2783 917 adhiberi,
2826 859 2884 906 ut
2911 852 3222 923 virginitatis
3252 852 3350 908 llos
3369 855 3655 908 custodia-

2056 952 2173 1011 tur,
2224 953 2277 998 et
2306 944 2390 998 vix
2424 944 2493 998 ita
2540 943 2859 1001 incolumem
2888 946 3233 1001 conservari:
3262 956 3315 1002 at
3358 948 3445 1001 illa
3502 950 3656 1002 omni

2055 1048 2168 1092 erat
2198 1039 2437 1093 custodia
2468 1039 2748 1105 destituta;
2776 1055 2882 1110 quo
2930 1040 3087 1109 igitur
3111 1049 3265 1110 pacto
3292 1049 3507 1111 poterat
3538 1041 3661 1096 illas

2061 1130 2235 1185 tueri?
2291 1131 2599 1185 Divinarum
2652 1132 2858 1186 scilicet
2888 1132 3061 1201 legum
3109 1132 3370 1186 custodia.
3405 1132 3525 1187 Non
3560 1132 3660 1185 ha-

2061 1222 2219 1277 bebat
2263 1222 2479 1276 domum
2503 1263 2518 1287 ,
2547 1238 2650 1293 qua
2695 1222 3075 1288 obvallaretur,
3115 1222 3183 1277 ad
3214 1231 3485 1291 potentem
3540 1240 3659 1276 ma-

2061 1332 2187 1370 num
2220 1315 2487 1381 habebat,
2537 1330 2642 1385 qua
2673 1314 2740 1369 de
2792 1314 2927 1369 caalo
2978 1324 3384 1385 protegeretur:
3421 1331 3531 1368 non
3565 1314 3660 1368 ha-

2062 1409 2223 1465 bebat
2264 1409 2513 1478 januam,
2561 1421 2736 1477 neque
2774 1414 2979 1461 vectem
3004 1448 3020 1473 ,
3065 1406 3161 1461 sed
3189 1422 3369 1461 veram
3427 1406 3662 1461 habebat

2060 1505 2278 1576 januam
2321 1516 2441 1573 qum
2494 1497 2714 1554 insidias
2752 1498 2909 1569 longe
2949 1508 3175 1553 arceret.
3208 1497 3271 1552 Et
3298 1498 3656 1568 quemadmo-

2064 1598 2191 1653 dum
2235 1598 2289 1651 in
2354 1593 2545 1649 mediis
2603 1593 2848 1649 Sodomis
2903 1592 3246 1649 obsidebatur
3290 1593 3512 1664 quidem
3563 1593 3664 1647 ιω

2066 1691 2260 1746 domus
2306 1688 2456 1760 (Gen.
2489 1688 2543 1743 9.
2579 1687 2666 1744 10.
2698 1692 2855 1758 sqq.),
2887 1696 2943 1741 at
2980 1687 3109 1741 nihil
3158 1687 3281 1741 mali
3314 1687 3655 1757 patiebatur,

2070 1784 2265 1853 quippe
2294 1798 2414 1853 qua:
2466 1781 2683 1853 angelos
2730 1782 2874 1835 intus
2914 1779 3183 1836 haberet:
3221 1780 3299 1835 sic
3328 1780 3585 1834 nimirum
3613 1791 3667 1835 et

2070 1886 2334 1947 martyres
2387 1876 2523 1937 istm,
2579 1874 2719 1929 inter
2770 1873 3076 1929 Sodomitas
3116 1882 3449 1943 cunctosque
3480 1872 3668 1927 hostes

2069 1970 2374 2026 constitutae
2416 1978 2575 2039 atque
2628 1966 2862 2038 undique
2895 1967 3298 2032 circumsessa,
3351 1966 3483 2019 nihil
3543 1967 3667 2019 mali

2072 2062 2431 2134 patiebantur,
2459 2059 2657 2130 quippe
2681 2074 2801 2129 qua:
2824 2057 3108 2113 Dominum
3134 2058 3446 2128 angelorum
3471 2058 3525 2111 in
3555 2059 3669 2111 ani-

2075 2157 2176 2211 ntis
2211 2155 2322 2210 suis
2363 2154 2689 2209 habitantem
2736 2153 3022 2219 haberent;
3069 2152 3201 2206 etin
3243 2152 3519 2206 desertmn
3571 2153 3671 2205 iter

2074 2248 2264 2303 delatae
2286 2245 2419 2300 nihil
2450 2244 2803 2316 patiebantur,
2834 2244 2955 2313 quia
2984 2245 3084 2297 iter
3110 2242 3400 2310 habebant,
3426 2242 3575 2312 quod
3607 2241 3673 2295 ad

2076 2340 2266 2394 caelum
2305 2338 2445 2408 ipsas
2496 2336 2805 2391 deduceret.
2857 2335 3193 2405 Quapropter
3242 2334 3294 2388 in
3328 2343 3478 2387 tanto
3507 2334 3673 2398 bello,

2081 2433 2344 2498 tumultu,
2404 2445 2467 2486 ac
2509 2429 2757 2486 ﬂuctibus
2797 2428 3173 2497 deprehensae,
3216 2442 3336 2482 cum
3378 2427 3677 2481 securitate

2082 2525 2399 2581 incedebant
2429 2542 2443 2579 :
2472 2533 2526 2578 et
2553 2522 2695 2595 quod
2720 2537 2849 2577 sane
2876 2521 3101 2587 mirum,
3132 2535 3227 2590 per
3268 2519 3478 2574 medios
3522 2521 3680 2588 lupus

2082 2633 2211 2672 oves
2254 2600 2619 2679 ducebantur;
2663 2630 2761 2687 per
2809 2613 3018 2669 medios
3056 2613 3241 2668 leones
3270 2626 3423 2682 agnae
3452 2626 3680 2681 progre-

2082 2709 2385 2777 diebantur,
2414 2724 2514 2764 nec
2558 2706 2676 2763 illas
2703 2707 2980 2778 quisquam
3021 2706 3235 2760 lascivis
3277 2704 3451 2759 oculis
3499 2704 3679 2758 intue-

2085 2800 2238 2855 batur
2264 2818 2275 2853 :
2307 2799 2401 2854 sed
2433 2800 2571 2854 sicut
2595 2797 2900 2854 Sodomitas
2917 2796 3067 2867 juxta
3094 2795 3312 2866 januam
3338 2803 3552 2849 stantes
3572 2794 3679 2847 adi-

2087 2904 2200 2947 tum
2246 2907 2469 2948 cernere
2500 2906 2604 2945 non
2635 2890 2845 2947 sinebat
2889 2890 3051 2957 Deus,
3082 2889 3162 2943 sic
3186 2898 3241 2943 et
3283 2886 3531 2941 omnium
3559 2895 3679 2940 tunc

2086 2986 2273 3042 oculos
2322 2984 2629 3051 excmcavit,
2663 2999 2733 3039 ne
2772 2983 3007 3053 virginea
3035 2994 3261 3051 corpora
3297 2979 3679 3050 proderentur.

2157 3082 2212 3137 5.
2244 3078 2491 3134 Edessam
2515 3078 2803 3150 perveniunt
2826 3074 3001 3131 urbem
3028 3072 3429 3143 Mesopotamiae.
3456 3099 3531 3110 -——
3552 3069 3677 3125 Per-

2087 3186 2217 3248 gunt
2248 3177 2405 3248 igitur
2422 3174 2487 3228 ad
2518 3173 2734 3238 urbem,
2779 3169 3036 3225 Edessam
3074 3168 3322 3231 nomine,
3348 3165 3543 3219 urbem
3568 3179 3683 3234 pcr-

2092 3271 2277 3326 multis
2304 3267 2651 3338 agrestiorem
2679 3262 2918 3333 quidem,
2949 3260 3045 3317 sed
3074 3260 3274 3331 pietate
3300 3258 3683 3328 insigniorem:

2090 3362 2216 3434 quid
2242 3361 2383 3418 enim
2408 3374 2472 3415 ex
2500 3357 2588 3412 illa
2617 3356 2750 3412 urbe
2777 3370 2930 3425 aeque
2956 3352 3294 3410 commodum
3317 3352 3684 3413 censuissent,

2092 3467 2252 3527 atque
2325 3463 2383 3509 ut
2452 3452 2507 3507 in
2561 3460 2705 3507 tanta
2761 3449 2992 3520 procella
3044 3446 3343 3519 perfugium
3403 3445 3685 3499 nancisce-

2094 3556 2281 3604 rentur
2302 3588 2318 3613 ,
2373 3554 2429 3601 et
2473 3544 2527 3600 in
2558 3544 2651 3599 tali
2703 3550 3018 3613 tempestate
3045 3550 3257 3611 portum
3289 3536 3599 3591 haberent?
3631 3536 3687 3587 Et

2096 3640 2307 3709 excepit
2336 3637 2523 3694 civitas
2552 3635 2883 3708 peregrinas,
2918 3631 3226 3702 peregrinas
3252 3628 3471 3699 quidem
3506 3638 3683 3683 terrm.

2096 3732 2241 3787 cives
2287 3738 2465 3784 autem
2509 3728 2798 3790 etelorum,
2836 3734 3223 3795 exceptumque
3258 3721 3570 3791 depositum
3596 3735 3686 3773 cu-

2098 3823 2336 3881 stodivit.
2364 3821 2531 3877 Nemo
2557 3828 2732 3877 autem
2756 3817 3007 3873 mulieres
3042 3812 3421 3870 imbecillitatis
3450 3821 3687 3873 accuset,

2098 3917 2241 3989 quod
2271 3916 2501 3988 fugerint
2529 3928 2545 3969 :
2578 3922 2903 3985 praeceptum
2942 3909 3085 3964 enim
3126 3905 3461 3962 Dominieum
3504 3903 3689 3973 imple—

2100 4017 2249 4083 bant,
2281 4010 2422 4083 quod
2474 4010 2546 4064 ita
2586 4024 2645 4063 se
2688 4006 2885 4071 habet,
2934 4003 3061 4058 Cum
3106 4009 3463 4071 persequentur
3492 4013 3604 4059 ros,
3635 4010 3693 4048 ex

2102 4109 2301 4163 civitate
2348 4106 2446 4159 ista
2499 4101 2656 4173 fugite
2682 4100 2737 4153 in
2775 4084 2930 4152 aliam
2958 4095 2976 4165 (
3003 4092 3192 4147 Matth.
3224 4093 3311 4145 10.
3342 4089 3414 4144 2'5
3444 4090 3502 4158 ):
3553 4087 3690 4157 quod

2102 4212 2157 4259 et
2181 4203 2296 4257 istae
2321 4212 2442 4254 cum
2483 4195 2775 4250 audiissent
2797 4231 2814 4259 ,
2846 4186 3140 4260 fugerunt‘,
3167 4192 3221 4239 et
3250 4198 3355 4239 una
3407 4180 3520 4235 illis
3564 4180 3691 4233 inte-

2103 4294 2203 4349 rim
2230 4305 2426 4348 corona
2469 4284 2815 4343 nectebatur:
2844 4295 3090 4353 quamam
3137 4277 3225 4333 illa
3269 4272 3487 4330 tandem
3515 4273 3541 4326 ’ἒ
3567 4272 3692 4326 Oni-

2105 4386 2251 4441 nium
2279 4381 2486 4437 scilicet
2525 4375 2870 4450 praesentium
2919 4386 3099 4428 rerum
3150 4375 3539 4437 contemptus:
3569 4364 3693 4428 Qui-

2106 4492 2315 4549 cumque
2335 4474 2476 4530 enim
2498 4468 2751 4541 reliquerit
2779 4470 2985 4538 fratres,
3017 4474 3063 4518 et
3090 4476 3309 4521 sorores,
3339 4467 3431 4512 aut
3452 4458 3693 4527 patriam,

2105 4580 2193 4624 aut
2221 4568 2426 4621 domum
2455 4604 2471 4630 ,
2502 4570 2589 4616 aut
2609 4559 2797 4613 amicos
2816 4598 2831 4623 ,
2858 4564 2946 4610 aut
2976 4562 3214 4625 cognatos
3238 4592 3253 4615 ,
3288 4549 3595 4617 centuplum
3621 4564 3699 4599 ac-

2105 4663 2255 4732 cipiet
2273 4701 2288 4725 ,
2317 4657 2506 4729 inquit,
2552 4663 2599 4708 et
2646 4652 2799 4705 vitam
2828 4657 3068 4703 teternam
3093 4639 3381 4715 possidebit
3401 4640 3589 4713 (Matt.
3618 4640 3696 4693 l9.

2105 4730 2235 4821 29).
2268 4753 2334 4807 Et
2360 4756 2513 4806 erant
2538 4745 2607 4802 ibi
2631 4741 2903 4799 Christum
2942 4737 3198 4792 habentes
3216 4730 3698 4788 contubernalem:

2107 4849 2150 4902 si
2178 4844 2320 4902 enim
2341 4841 2427 4895 ubi
2458 4836 2705 4893 suntduo
2730 4832 2808 4887 vel
2838 4840 2945 4885 tres
2966 4824 3290 4898 congregati,
3321 4825 3376 4877 in
3407 4838 3607 4878 eorum
3630 4831 3701 4876 ρδι

2110 4937 2286 4993 medio
2338 4926 2771 5004 (Matt.18.‘20);
2805 4924 2895 4980 ubi
2943 4938 3048 4978 non
3102 4927 3442 4990 congregata:
3499 4927 3699 4971 tantum

2109 5041 2261 5088 erant
2285 5071 2301 5097 ,
2349 5028 2443 5083 sed
2495 5036 2550 5080 et
2606 5030 2821 5093 propter
2849 5032 3043 5074 nomen
3070 5016 3186 5085 ejus
3222 5010 3438 5069 exsules
3465 5051 3481 5077 ,
3529 5026 3701 5064 nonne

2110 5124 2275 5180 multo
2321 5118 2511 5191 potiori
2536 5116 2658 5187 jure
2704 5112 2869 5184 ipsius
2916 5109 3171 5164 auxilium
3215 5101 3702 5175 promerebantnr?
3750 5146 3753 5163 ι

2110 5216 2241 5272 Cum
2269 5213 2429 5285 igitur
2450 5209 2559 5265 illic
2585 5206 2836 5263 mulieres
2866 5209 3224 5263 versarentur,
3268 5195 3477 5251 nefaria
3515 5195 3698 5249 confc-

2112 5307 2236 5363 stim
2288 5304 2462 5359 edicta
2487 5312 2915 5372 quoquoversum
2965 5293 3466 5351 transmittebantur
3495 5332 3511 5354 ,
3543 5288 3698 5343 multa

2113 5396 2397 5471 tyrannide
2418 5411 2481 5451 ac
2514 5392 2791 5448 barbarica
2817 5387 3131 5444 crudelitate
3150 5384 3345 5440 referta
3379 5400 3392 5435 :
3422 5383 3699 5453 propinqui

2113 5490 2256 5546 enim
2285 5487 2627 5558 prepinquos,
2659 5481 2847 5553 inquit,
2882 5479 3127 5550 prodant,
3159 5476 3336 5531 mariti
3366 5490 3590 5541 uxores,
3623 5491 3700 5543 p.1-

2116 5594 2223 5641 tres
2243 5583 2458 5649 liberos,
2479 5578 2629 5635 liberi
2649 5584 2845 5645 patres,
2872 5576 3060 5629 fratres
3076 5569 3282 5634 fratres,
3297 5569 3459 5624 amici
3490 5568 3696 5622 amicos.

2188 5723 2203 5752 ¹
2242 5719 2378 5771 savii.
2400 5720 2449 5769 iu
2473 5729 2647 5780 marg,
2679 5692 2806 5780 quod
2829 5718 2873 5765 ct
2895 5710 2998 5764 ista:
3020 5722 3129 5761 cum
3150 5704 3449 5772 implessent,
3472 5705 3687 5769 fugerunt
