3860 6286
213 425 360 483 σεε·

213 544 406 606 τέκνα,
431 540 522 595 καὶ
544 540 734 611 ἄνδρες
754 541 1036 609 γυναῖκας,
1059 539 1153 593 καὶ
1185 539 1360 593 πάντα
1389 537 1457 591 τά
1478 539 1577 608 τῆς
1611 552 1802 605 συγγε-

215 628 368 689 νείας
392 626 642 678 ἐπατεῖτο
664 623 868 688 δίκαια,
889 623 982 676 καὶ
1005 622 1157 676 πᾶσα
1179 623 1212 693 ή
1235 621 1529 692 οἰκουμένη
1565 620 1802 674 ἀνάστα-

213 728 312 774 τος
344 705 434 781 ἦν,
459 709 554 762 καὶ
575 707 752 771 οὐδεὶς
785 706 975 760 οὐδένα
996 705 1119 759 τότε
1155 705 1521 774 ἐπεγίνωσκεν
1543 720 1557 735 ο
1581 703 1804 774 ἐκράτει

215 793 333 865 γάρ
359 795 387 846 ὁ
408 789 655 853 διάϐολος
687 789 826 860 μετά
856 789 1055 860 πολλῆς
1081 789 1178 860 τῆς
1205 787 1530 860 ὑπερϐολῆς.
1549 787 1636 840 Ἐν
1664 785 1806 840 ἐκεί-

217 896 298 948 νῳ
349 876 532 930 τοίνυν
577 872 659 944 τῷ
707 872 923 944 θορύϐῳ
962 873 1056 927 καὶ
1098 873 1177 944 τῷ
1209 872 1432 943 πολέμῳ
1459 872 1515 924 αἰ
1550 873 1806 940 γυναῖκες

219 956 410 1024 αὗται,
443 959 584 1028 εἴγε
613 960 873 1026 γυναῖκας
901 957 1072 1020 αὐτὰς
1109 957 1217 1028 χρὴ
1251 955 1438 1009 καλεῖν
1456 971 1470 985 ·
1501 953 1725 1024 καὶγὰρ
1747 954 1805 1007 ἐν

219 1045 524 1117 γυναικείῳ
583 1043 797 1114 σώματι
861 1041 1078 1113 ἀνδρῶν
1137 1041 1476 1109 ἐπεδείξαπο
1532 1041 1802 1112 φρόνημα,

225 1133 430 1205 μᾶλλον
475 1130 532 1183 δέ
581 1129 682 1182 οὐκ
727 1125 937 1199 ἀνδρῶν
967 1125 1309 1193 ἐπεδείξαντο
1339 1125 1593 1198 φρόνημα
1625 1125 1802 1194 μόνον,

222 1217 364 1270 ἀλλά
388 1215 482 1270 καὶ
507 1213 676 1285 αὐτὴν
706 1209 1052 1283 ὑπερέϐησαν
1083 1210 1184 1281 τὴν
1213 1209 1394 1279 φύσιν,
1426 1210 1521 1262 καὶ
1547 1209 1681 1280 πρὸς
1707 1207 1807 1271 τὰς

223 1299 558 1370 ἀσωμάτους
588 1295 847 1367 δυνάμεις
873 1294 970 1366 τὴν
1001 1294 1232 1365 ἅμιλλαν
1267 1294 1479 1347 ἔθεντο·
1509 1289 1666 1347 αῦται
1693 1293 1806 1346 τοί-

224 1404 322 1440 νυν
359 1387 417 1439 αἰ
445 1385 704 1452 γυναῖκες
736 1383 953 1452 ἀφεῖσαι
981 1380 1132 1436 πόλιν
1161 1381 1254 1433 καὶ
1285 1381 1462 1433 οἰκίαν
1491 1379 1582 1432 καὶ
1614 1395 1808 1447 συγγε-

225 1471 340 1532 νεῖς
393 1469 532 1540 πρὸς
576 1468 676 1538 τὴν
723 1464 1008 1535 ἀλλοτρίαν
1057 1463 1436 1533 μετετάξαντο.
1465 1460 1634 1516 Ὅταν
1675 1460 1804 1532 γὰρ,

227 1557 416 1626 φησὶν,
443 1557 472 1609 ό
501 1552 734 1626 Χριστὸς
755 1549 1109 1622 ἀτιμάζηται,
1135 1549 1296 1620 μηδὲν
1321 1550 1453 1620 ήμῖν
1477 1547 1615 1600 ἔστω
1629 1548 1806 1618 τίμιον

231 1640 370 1711 μηδέ
401 1640 724 1706 ἀναγκαῖον·
753 1635 843 1688 διὰ
874 1634 1031 1687 τοῦτο
1074 1631 1251 1686 πάντα
1294 1631 1514 1700 ἀφεῖσαι
1564 1629 1802 1701 ἐξῆλθον.

229 1724 344 1778 Kal
378 1721 626 1792 καθάπερ
655 1719 832 1782 οἰκίας
871 1719 930 1771 ἐν
963 1717 1101 1788 μέσῃ
1134 1715 1289 1772 νυκτί
1335 1713 1802 1786 πυρπολουμένης,

227 1809 279 1859 οἰ
323 1804 678 1866 καθεύδοντες
710 1801 889 1865 ἔνδον,
931 1799 1150 1852 ἐπειδὰν
1182 1797 1473 1850 αἴσθωνται
1509 1795 1604 1848 τοῦ
1641 1795 1804 1866 θορύ-

229 1890 350 1951 ϐου,
385 1888 594 1958 ταχέως
627 1884 969 1955 ἐξαλλόμενοι
1019 1881 1120 1952 τῆς
1169 1880 1356 1951 κλίνης
1392 1879 1668 1949 ἐκπηδῶσι
1698 1879 1806 1931 τῶν

230 1972 518 2044 προθύρων
553 1971 653 2040 τῆς
679 1969 875 2031 οἰκίας,
907 1965 1055 2019 οὐδὲν
1096 1965 1204 2017 τῶν
1241 1963 1387 2016 ἔνδον
1421 1963 1673 2026 λαϐόντες
1697 1979 1710 1994 ·
1748 1960 1806 2016 ἓν

229 2059 342 2128 γὰρ
381 2057 539 2126 μόνον
585 2051 994 2114 σπουδάζουσιν,
1028 2050 1176 2111 ὅπως
1211 2047 1272 2101 τὸ
1317 2047 1476 2116 σῶμα
1510 2047 1570 2100 τὸ
1600 2047 1806 2100 ἑαυτῶν

231 2137 692 2210 προεξαρπάσωσι
718 2135 814 2205 τῆς
848 2133 1060 2201 φλογὸς,
1093 2132 1186 2184 καὶ
1217 2130 1306 2183 τὸν
1332 2129 1479 2202 [640]
1513 2129 1606 2183 τοῦ
1637 2129 1807 2200 πυρὸς

231 2224 482 2293 φθάσωσι
508 2221 703 2292 δρόμον
729 2219 865 2289 μετά
891 2216 1088 2286 πολλῆς
1114 2215 1337 2269 ἐπιόντα
1354 2215 1454 2284 τῆς
1474 2214 1772 2285 ταχύτητος
1788 2231 1802 2244 ·

231 2307 377 2359 οὕτω
401 2304 465 2376 δὴ
492 2303 586 2357 καὶ
617 2295 776 2356 αὗται
811 2299 1094 2370 ἐποίησαν.
1112 2296 1338 2351 ’ἰδοῦσαι
1364 2297 1472 2369 γὰρ
1500 2298 1597 2368 τήν
1630 2298 1809 2351 οἰκου-

235 2389 408 2459 μένην
457 2387 675 2441 ἆπασαν
718 2379 1182 2455 ἐμπυριζομένην,
1215 2378 1414 2443 εὐθέως
1448 2379 1804 2450 ἐξεπήδησαν,

233 2472 331 2526 καὶ
357 2463 612 2541 ἐξήλαντο
630 2465 738 2520 τῶν
763 2464 1048 2537 προθύρων
1072 2465 1171 2535 τῆς
1196 2461 1420 2526 πόλεως,
1448 2461 1506 2515 ἓν
1534 2461 1692 2534 μόνον
1713 2461 1810 2533 ζη-

229 2554 450 2617 τοῦσαι,
485 2554 580 2624 τὴν
612 2549 884 2621 σωτηρίαν
919 2547 1021 2618 τῆς
1049 2545 1257 2601 ἑαυτῶν
1281 2545 1459 2616 ψυχῆς
1495 2547 1656 2599 παντί
1682 2546 1810 2624 τρό-

235 2656 326 2709 πῳ
351 2623 691 2706 διαφυλάξαι.
715 2633 827 2688 Kal
857 2631 966 2703 γὰρ
990 2628 1315 2702 ἐμπρησμὸς
1338 2629 1460 2682 τότε
1488 2629 1721 2699 χαλεπὸς
1739 2623 1807 2699 ἦν

237 2722 336 2775 καὶ
368 2720 555 2782 σκότος
583 2715 804 2788 ἐκράτει
834 2713 988 2784 βαθὺ,
1023 2713 1214 2775 σκότος
1237 2710 1330 2764 τοῦ
1354 2711 1667 2783 νυκτερινοῦ
1693 2710 1809 2764 τού·

237 2822 332 2858 του
371 2800 798 2870 ζοφωδέστερον·
829 2797 922 2850 καὶ
952 2793 1040 2848 διὰ
1066 2794 1221 2848 τοῦτο
1254 2794 1502 2865 καθάπερ
1537 2796 1594 2846 ἐν
1633 2793 1808 2862 σκότῳ

237 2889 364 2949 τοὺς
392 2884 576 2952 φίλους
602 2881 828 2952 ἠγνόουν
853 2880 901 2931 οἰ
927 2877 1090 2948 φίλοι,
1122 2875 1218 2929 καὶ
1237 2875 1428 2946 ἄνδρες
1453 2875 1808 2946 παρεδίδοσαν

237 2971 526 3038 γυναῖκας·
560 2966 648 3019 διὰ
678 2965 834 3017 τοῦτο
876 2963 1004 3025 τοὺς
1039 2962 1136 3030 μὲν
1173 2959 1399 3030 ἐχθροὺς
1448 2959 1806 3028 παρέτρεχον,

237 3054 352 3114 τοῖς
380 3051 438 3103 δέ
473 3048 646 3117 φίλοις
678 3046 771 3100 καὶ
803 3045 912 3106 τοῖς
940 3043 1158 3105 οἰκείοις
1189 3043 1679 3113 προσερρήγνυντο,
1716 3041 1810 3094 καί⁸

240 3135 580 3206 νυκτομαχία
608 3149 690 3196 τις
729 3126 798 3202 ἦν
826 3126 1055 3199 χαλεπὴ,
1097 3127 1190 3180 καὶ
1223 3124 1418 3179 πολλοῦ
1466 3124 1694 3197 θορύϐου
1742 3124 1808 3178 τά

240 3221 538 3291 πράγματα
568 3216 658 3285 ἒγε
666 3232 750 3286 με.

314 3287 446 3355 Τότε
486 3299 665 3354 τοίνυν
707 3295 929 3368 ἐξῆλθον
972 3287 1129 3349 αὗται
1163 3291 1260 3363 τὴν
1292 3291 1522 3361 πατρίδα
1567 3290 1808 3360 ἀφεῖσαι,

239 3386 339 3438 καὶ
382 3385 471 3436 τὸν
516 3380 859 3453 πατριάρχην
902 3377 1211 3444 ζηλώσασαι
1243 3373 1335 3428 τὸν
1368 3371 1640 3442 Ἀϐραὰμ,
1675 3372 1812 3444 πρὸς

238 3469 302 3522 ὃν
345 3467 558 3538 εἴρητο.
597 3464 849 3530 Ἐξελθε
889 3462 957 3514 ἐκ
993 3459 1102 3528 τῆς
1144 3457 1256 3527 γῆς
1286 3471 1424 3522 σου,
1465 3454 1565 3509 καί
1595 3456 1665 3509 ἐκ

239 3536 600 3621 σι’γγετλείας
622 3562 760 3603 σου.
784 3548 895 3599 Kal
915 3543 1022 3614 γὰρ
1046 3543 1138 3594 καί
1159 3540 1380 3603 ταύταις
1405 3541 1433 3593 ό
1458 3538 1550 3592 τοῦ
1573 3536 1812 3608 διωγμοῦ

244 3634 438 3706 καιρὸς
460 3631 632 3686 ταῦτα
661 3627 911 3700 παρῄνει,
938 3624 1171 3690 ἐξελθεῖν
1195 3625 1258 3676 ἐκ
1276 3623 1375 3706 τῆς
1397 3622 1498 3692 γῆς
1520 3622 1610 3706 καὶ
1631 3623 1814 3706 ’τῆς

247 3703 586 3784 συγγενείας,
617 3712 757 3765 ὥστε
806 3707 1210 3780 κληρονομῆσαι
1249 3705 1340 3758 τὸν
1374 3704 1618 3776 οὐρανόν.
1637 3703 1815 3773 Ἐξῄει

246 3801 426 3854 τοίνυν
461 3800 525 3850 ἐκ
558 3797 655 3866 τῆς
687 3793 860 3856 οἰκίας
888 3795 922 3864 ή
955 3791 1091 3862 γυνὴ
1126 3790 1219 3843 δύο
1254 3790 1371 3860 μεθ’
1397 3789 1593 3859 ἐαυτῆς
1619 3787 1815 3857 ἔχουσα

249 3883 577 3952 θυγατέρας.
607 3880 678 3932 Σὺ
727 3876 783 3929 δέ
832 3875 904 3947 μὴ
943 3874 1306 3948 παραδράμῃς
1349 3873 1534 3936 ἁπλῶς
1579 3873 1813 3936 ἀκούων,

247 3971 331 4022 ὅτι
362 3965 582 4036 ἐξῆλθον
616 3963 872 4032 γυναῖκες
909 3957 1229 4030 ἐλευθερίως
1271 3958 1683 4029 ἀνατραφεῖσαι,
1715 3973 1818 4028 μη-

248 4051 440 4104 δέποτε
485 4049 678 4113 πεῖραν
714 4042 973 4097 λαϐοῦσαι
1016 4041 1122 4094 τῶν
1171 4039 1359 4093 δεινῶν
1401 4039 1640 4105 τούτων,
1681 4039 1817 4092 ἀλλά

247 4133 564 4199 ἀναλόγισαι
591 4131 657 4200 τῇ
696 4125 905 4196 διανοίᾳ
945 4126 1066 4177 ὅσον
1102 4119 1171 4195 ἦν
1219 4123 1279 4176 τὸ
1322 4122 1510 4187 κακὸν,
1541 4123 1671 4194 ὅσην
1705 4122 1815 4193 ἔχει

249 4219 311 4271 τὸ
343 4217 576 4286 πρᾶγμα
611 4209 916 4264 δυσκολίαν.
955 4208 1018 4260 Εἰ
1055 4206 1164 4278 γὰρ
1207 4205 1482 4277 ἄνθρωποι
1509 4205 1818 4276 σύμμετρον

248 4301 559 4370 ἀποδημίαν
589 4295 945 4365 στελλόμενοι,
981 4288 1284 4357 ὑποζυγίων
1313 4288 1684 4360 εὐποροῦντες,
1704 4289 1820 4342 δια-

252 4385 442 4446 κόνους
491 4382 722 4451 ἔχοντες,
765 4376 902 4447 μετά
941 4373 1124 4436 ἀδείας
1171 4370 1464 4435 ὁδεύοντες,
1495 4370 1672 4440 κύριοι
1721 4371 1820 4440 τῆς

253 4467 514 4520 ἐπανόδου
553 4462 724 4525 ὅντες,
760 4457 968 4512 πολλῶν
997 4456 1339 4514 αἰσθάνονται
1369 4453 1479 4508 τῶν
1506 4453 1816 4524 μοχθηρῶν,

253 4549 455 4619 πολλὴν
501 4543 830 4614 ὑπομένουσι
878 4539 1280 4607 ταλαιπωρίαν·
1325 4538 1459 4590 ὅπου
1505 4537 1666 4605 γυνὴ,
1727 4537 1822 4589 καὶ

254 4632 537 4703 παρθένοι,
569 4628 663 4682 καὶ
689 4625 949 4679 διακόνων
971 4623 1190 4694 ἐρημία,
1222 4621 1318 4675 καὶ
1345 4620 1514 4689 φίλων
1545 4619 1820 4690 προδοσία,

254 4718 352 4772 καὶ
394 4712 643 4786 θόρυϐος,
675 4711 769 4763 καὶ
814 4705 1047 4778 ταραχὴ,
1078 4704 1170 4760 καὶ
1203 4703 1685 4786 φόϐοςάφόρητος,
1733 4703 1825 4786 καὶ

255 4785 496 4861 κίνδυνος
523 4799 578 4850 ἐν
613 4795 804 4856 αὐταῖς
843 4790 1104 4853 ποικίλος,
1141 4789 1236 4842 καὶ
1269 4785 1397 4859 περί
1423 4785 1599 4856 ψυχῆς
1631 4787 1660 4839 ὁ
1699 4785 1824 4857 δρό-

260 4899 383 4954 μος,
411 4880 504 4934 καὶ
554 4873 888 4946 παντάχοθεν
942 4873 992 4926 οἱ
1036 4869 1307 4941 πολέμιοι,
1351 4868 1707 4954 ποῖος-λόγος
1756 4867 1828 4922 τὰ

256 4951 614 5036 ἀγωνίσματα
659 4960 766 5014 τῶν
814 4955 1082 5026 γυναικῶν
1129 4952 1474 5025 παραστῆσαι
1519 4951 1824 5023 δυνήσεται,

257 5035 358 5121 τὴν
387 5045 660 5118 ἀνδρείαν,
689 5043 799 5113 τὴν.
817 5035 1232 5121 μεγαλοψυχίαν,
1259 5035 1356 5121 τήν
1388 5035 1596 5121 πίστιν-ς
1630 5035 1690 5121 εἰ
1718 5035 1827 5104 γὰρ

259 5115 401 5210 μάνη
429 5115 670 5210 ἐξῆλθεν.
697 5115 1829 5210 Mm:3m:ﬁeleﬁzﬁfzémzzs

257 5187 288 5257 ὸ
336 5187 532 5269 dim"
564 5197 682 5249 νυνὶ
711 5187 775 5248 δὲ’
800 5187 1037 5253 καῖ”τάς
1080 5187 1384 5258 θυγατέρας
1433 5187 1685 5269 ἐπήγετο,
1735 5187 1831 5269 καὶ

259 5267 463 5346 ταύτας
484 5279 785 5352 παρθένους
805 5290 820 5305 ο
843 5273 982 5327 ὥστε
999 5285 1024 5313 ⁸
1047 5270 1209 5340 διπλῆ
1232 5271 1265 5340 ή
1293 5267 1522 5352 ἀγωνία,
1544 5267 1637 5352 καὶ
1661 5267 1829 5352 πολλὴ

259 5371 363 5439 τῆς
387 5350 666 5438 φροντίδος
691 5363 724 5432 ή
751 5357 1035 5430 προσθήκη
1057 5371 1069 5384 ·
1093 5355 1202 5439 όσῳ
1217 5351 1508 5439 νγάρλμέγα
1533 5351 1595 5439 τὸ
1620 5350 1828 5421 κτῆμα,

259 5433 502 5517 τοσούτῳ
541 5441 918 5511 δυσκολωτέρα
959 5443 992 5510 ή
1024 5433 1450 5507 φυλακή.Ἐξῄει
1483 5433 1658 5487 τοίνυν
1697 5451 1833 5506 παρ-

263 5537 453 5598 θένους
477 5531 694 5603 ἔχουσα,
723 5525 818 5581 καὶ
843 5525 944 5578 οὐκ
969 5523 1166 5593 ἔχουσα
1193 5518 1538 5591 κατακρύψαι
1573 5517 1740 5582 αὐτὰς
1771 5519 1831 5570 ἐν

309 5711 336 5741 ⁸
372 5709 526 5762 Ὥστε
548 5707 690 5756 deest
715 5707 763 5754 In
788 5703 934 5752 Savﬂ.
960 5708 1014 5762 ει
1034 5700 1278 5762 Reg.,sed
1298 5711 1395 5748 non
1414 5708 1830 5762 stupergacapeum

261 5785 376 5821 esse
403 5759 617 5818 “detur.
643 5794 702 5804 —
729 5781 747 5811 ι
778 5765 962 5814 Eadem
987 5761 1072 5811 lin.
1109 5759 1390 5822 ἐττὶρςὶηιιιε
1415 5759 1524 5808 cum
1559 5759 1709 5822 Savil.
1751 5759 1831 5805 καί

263 5836 439 5887 ταύτας
460 5833 620 5894 παρθ..
640 5829 719 5876 ubi
743 5825 905 5875 Monlf.
933 5825 1126 5885 legebat
1146 5821 1225 5880 τὰς
1247 5822 1327 5870 δύο
1346 5822 1484 5885 παρθ.
1516 5839 1542 5865 ιι
1572 5821 1701 5868 EDIT.

1307 423 1396 477 DE
1436 421 1542 478 SS.
1581 420 1880 478 BERNICE
1919 419 2006 476 ET
2047 419 2431 482 PROSDOCE.

3377 431 3483 487 656

1909 533 2204 607 θαλάμοις⁶
2237 536 2414 591 καίτόι
2438 535 2571 597 ίστε,
2595 537 2678 591 ὅτι
2707 538 2803 592 καί
2829 536 3058 609 θάλαμοι
3087 538 3180 593 καὶ
3206 557 3480 610 γυναικω-

1903 627 2118 691 νίτιδες,
2167 628 2264 681 καὶ
2311 628 2495 700 θύραι,
2541 629 2636 682 καί
2686 631 2894 702 μοχλοί,
2944 633 3038 687 καὶ
3081 632 3338 702 φύλακες,
3387 635 3480 688 καὶ

1904 718 2274 790 προφύλακες,
2306 720 2401 774 καὶ
2436 720 2835 792 θεραπαινίδες,
2869 725 2962 776 καὶ
2989 724 3215 796 τιθηνοί,
3253 725 3350 779 καὶ
3383 743 3480 797 μη-

1902 810 2030 881 τρὸς
2059 811 2372 882 προσεδρία,
2403 813 2498 866 καὶ
2521 814 2726 885 πατρὸς
2751 815 2998 887 πρόνοια,
3020 816 3116 869 καὶ
3139 816 3306 889 πολλὴ
3331 818 3480 890 παρά

1901 901 2010 956 τῶν
2043 903 2244 971 γονέων
2272 904 2557 975 ἐπιμέλεια
2583 906 2813 975 γίνεται,
2845 906 2984 961 ὥστε
3010 908 3480 980 διατηρηθῆναιτὸ

1903 993 2002 1063 τῆς
2050 993 2348 1064 παρθενίας
2393 995 2573 1061 ἄνθος,
2608 998 2700 1050 καὶ
2753 999 2903 1069 μόλις
2935 998 3078 1053 οὕτω
3115 999 3477 1065 διασώζεται·

1905 1086 2088 1157 ἐκείνη
2115 1086 2172 1139 δέ
2195 1087 2373 1157 πάσης
2393 1087 2598 1159 ταύτης
2613 1090 2709 1160 τῆς
2734 1089 2982 1162 φυλακῆς
3009 1092 3106 1162 έρη
3117 1110 3212 1162 μος
3232 1087 3300 1164 ἦν
3319 1109 3332 1122 ο
3362 1091 3482 1156 πῶς

1903 1173 1997 1230 οὖν
2021 1177 2190 1242 αὐτάς
2214 1177 2477 1233 διασῶσαι
2509 1175 2684 1250 εἴχενς
2730 1182 2824 1234 Ἐκ
2854 1183 2952 1252 τῆς
2984 1183 3090 1236 τῶν
3127 1184 3285 1237 θείων
3301 1184 3482 1254 νόμων

1907 1267 2173 1339 φυλακῆς.
2205 1270 2318 1322 Οὐκ
2367 1266 2480 1339 εἶχε
2513 1273 2712 1340 στέγην
2743 1273 3188 1342 περιϐάλλουσαν.
3222 1275 3338 1343 ἀλλ’
3367 1274 3480 1345 εἶχε

1904 1360 2002 1431 τὴν
2030 1360 2297 1432 κραταιὰν
2327 1365 2484 1434 χεῖρα
2516 1364 2720 1417 ἄνωθεν
2750 1365 3055 1420 σκέπουσαν
3073 1385 3086 1396 ·
3114 1367 3214 1420 οὐκ
3241 1363 3354 1438 εἶχε
3395 1368 3484 1421 θύ-

1907 1471 2008 1525 ραν
2029 1454 2150 1506 οὐδὲ
2180 1453 2398 1524 μοχλὸν,
2428 1454 2541 1506 ἀλλ’
2577 1450 2689 1524 εἶχε
2718 1455 2816 1526 τὴν
2855 1456 3114 1526 ἀληθινὴν
3145 1457 3317 1528 θύραν
3346 1460 3481 1512 ἀπο-

1905 1544 2248 1616 τειχίζουσαν
2289 1545 2388 1616 τὴν
2435 1545 2744 1616 ἐπιϐουλήν.
2776 1546 2885 1598 Kal
2925 1546 3174 1618 καθάπερ
3205 1551 3263 1600 ἐν
3297 1550 3483 1619 μέσοις

1904 1638 2017 1700 τοῖς
2042 1636 2296 1706 Σοδόμοις
2325 1637 2691 1708 ἐπολιορκεῖτο
2726 1638 2823 1707 μὲν
2854 1640 2886 1708 ή
2925 1638 3018 1691 τοῦ
3049 1639 3170 1691 Λὼτ
3203 1641 3367 1702 οἰκία,
3391 1643 3483 1693 οὐ-

1904 1727 1990 1780 δέν
2015 1727 2070 1779 δέ
2095 1727 2298 1797 ἔπασχε
2330 1727 2499 1780 δεινόν
2520 1742 2533 1754 ·
2564 1727 2826 1794 ἀγγέλους
2850 1729 2960 1800 γὰρ
2982 1724 3125 1798 εἶχεν
3144 1729 3316 1782 ἐνδον’
3341 1730 3483 1785 οὕτω

1905 1817 1968 1889 δὴ
2005 1819 2097 1871 καὶ
2131 1819 2184 1871 αἰ
2216 1819 2489 1889 μάρτυρες
2516 1813 2671 1872 αὗται
2705 1820 2904 1889 μεταξύ
2940 1820 3184 1890 Σοδόμων
3224 1822 3319 1874 καὶ
3349 1822 3482 1875 πάν-

1905 1925 2012 1961 των
2040 1908 2146 1961 τῶν
2176 1908 2448 1980 πολεμίων
2477 1905 2652 1975 οὖσαι,
2676 1911 2767 1963 καὶ
2793 1910 3248 1982 πολιορκούμεναι
3279 1931 3482 1966 παντα-

1904 1999 2080 2069 χόθεν,
2121 2000 2272 2053 οὐδὲν
2305 2000 2542 2070 ἔπασχον
2570 2001 2740 2055 δεινόν
2762 2018 2776 2035 ·
2807 2001 2897 2054 τὸν
2929 2001 3080 2074 [6H]
3110 2003 3219 2074 γὰρ
3247 2004 3354 2056 τῶν
3385 2005 3484 2070 ἀγ-

1904 2092 2077 2161 γέλων
2116 2093 2392 2164 Δεσπότην
2424 2088 2568 2163 εἶχον
2609 2096 2668 2147 ἐν
2713 2096 2835 2157 ταῖς
2864 2095 3042 2148 αὐτῶν
3091 2095 3341 2149 οἰκοῦντα
3381 2095 3483 2164 ψυ-

1905 2188 2026 2254 χαῖς
2049 2199 2062 2212 ·
2112 2189 2205 2236 καὶ
2251 2185 2331 2247 εἰς
2378 2184 2476 2252 τὴν
2521 2183 2640 2238 ὁδὸν
2680 2184 2930 2238 ἐλθοῦσαι
2959 2185 3058 2256 τὴν
3084 2185 3291 2256 ἔρημον
3331 2187 3484 2241 οὐδὲν

1905 2273 2132 2327 ἔπαθον·
2165 2268 2308 2342 εἶχον
2328 2273 2435 2343 γὰρ
2465 2273 2565 2343 τὴν
2589 2271 2847 2343 ἀληθινὴν
2876 2271 2994 2326 ὁδὸν
3019 2272 3116 2343 τὴν
3151 2273 3286 2341 πρὸς
3315 2274 3484 2344 οὐρα-

1903 2365 1993 2418 νὸν
2026 2363 2194 2427 αὐτάς
2238 2363 2496 2431 ἄγουσαν.
2535 2362 2634 2416 Διά
2661 2361 2820 2415 τοῦτο
2864 2364 2922 2415 ἐν
2967 2363 3206 2433 τοσούτῳ
3238 2363 3483 2434 πολέμῳ,

1905 2457 2000 2510 καὶ
2026 2454 2258 2525 θορύϐῳ,
2301 2455 2394 2507 καὶ
2429 2455 2667 2524 κύμασιν
2705 2455 3112 2526 ἀπειλημμέναι
3143 2454 3279 2525 μετά
3310 2455 3487 2524 ἀσφαο

1905 2546 2052 2610 λείας
2073 2546 2314 2611 ἐϐάδιζον
2333 2563 2346 2577 ·
2380 2545 2471 2599 καὶ
2503 2545 2564 2598 τὸ
2596 2545 2931 2616 θαυμαστὸν,
2959 2547 3040 2599 ὃτι
3061 2545 3150 2599 διὰ
3176 2545 3284 2600 τῶν
3304 2545 3484 2600 λύκων

1904 2639 1974 2692 τὰ
2007 2639 2253 2711 πρόϐατα
2286 2639 2468 2709 ῆγετο,
2495 2638 2582 2692 διὰ
2611 2639 2721 2691 τῶν
2744 2638 2974 2691 λεόντων
3001 2637 3057 2690 αἰ
3090 2637 3325 2708 ἀμνάδες
3351 2637 3486 2707 ἐχώ-

1907 2747 2056 2801 ρουν,
2099 2729 2193 2784 καὶ
2227 2729 2400 2794 οὐδεὶς
2429 2730 2597 2792 αὐτὰς
2634 2725 2772 2782 εἶδεν
2805 2729 3128 2792 ἀκολάστοις
3160 2729 3482 2801 ὀφθαλμοῖς,

1906 2819 2020 2872 ἀλλ’
2044 2819 2231 2889 ὥσπερ
2257 2821 2381 2882 τοὺς
2412 2819 2704 2888 Σοδομίτας
2731 2819 2894 2888 ἐγγὺς
2925 2819 3025 2889 τῆς
3055 2818 3227 2890 θύρας
3259 2819 3484 2890 ἑστηκό-

1907 2929 2004 2976 τας
2034 2913 2134 2965 οὐκ
2155 2911 2304 2982 ἠφίει
2335 2911 2433 2982 τὴν
2462 2911 2665 2964 εἴσοδον
2689 2913 2820 2984 όρᾷν
2848 2914 2875 2964 ὁ
2901 2911 3056 2976 Θεὸς,
3081 2911 3222 2964 οὕτω
3245 2911 3341 2965 καὶ
3362 2911 3483 2964 τότε

1906 3000 2003 3064 τὰς
2041 3002 2257 3054 πάντων
2293 3001 2599 3069 ἐτύφλωσεν
2643 3001 2815 3071 ὄψεις,
2858 3001 2999 3054 ὥστε
3037 3002 3111 3073 μὴ
3159 3001 3485 3073 προδοθῆναι

1909 3092 1980 3144 τὰ
2017 3089 2323 3160 παρθενικά
2358 3089 2605 3160 σώματα.

1977 3191 2038 3237 ε’.
2059 3183 2386 3255 Πορεύονται
2402 3183 2578 3236 τοίνυν
2594 3183 2674 3245 εἰς
2690 3180 2845 3234 πόλιν
2867 3182 3128 3234 Ἔδεσσαν
3144 3179 3444 3250 λεγομένην
3467 3221 3484 3246 ,

1909 3277 2062 3330 πόλιν
2095 3275 2489 3346 ἀγροικοτέραν
2531 3274 2631 3344 μὲν
2673 3272 2781 3326 τῶν
2813 3271 3043 3333 πολλῶν,
3093 3269 3485 3340 εὐσεϐεστέραν

1907 3370 1964 3424 δέ
1984 3384 1998 3399 ⁸
2028 3369 2082 3422 τί
2107 3367 2216 3438 γὰρ
2243 3365 2457 3436 ἐκείνης
2481 3367 2580 3436 τῆς
2615 3364 2822 3428 πόλεως
2845 3364 2957 3416 ἴσον
2978 3355 3118 3416 εἶναι
3146 3361 3402 3431 ἐνόμισαν
3429 3363 3488 3414 ἐν

1909 3459 2149 3526 τοσούτῳ
2177 3457 2452 3528 κλυδωνίῳ
2485 3456 2805 3526 καταφυγὴν
2833 3456 3034 3527 εὑρεῖν,
3065 3455 3160 3508 καὶ
3177 3456 3236 3508 ἐν
3263 3453 3488 3522 τοιούτῳ

1911 3552 2140 3623 χειμῶνι
2175 3549 2372 3622 λιμένα
2402 3549 2580 3620 ἐχειν;
2606 3548 2714 3600 Kal
2743 3547 2960 3616 δέχεται
2991 3547 3025 3616 ἡ
3072 3546 3227 3608 πόλις
3273 3544 3371 3607 τὰς
3403 3542 3489 3608 ξέ-

1911 3661 2028 3708 νας,
2056 3643 2210 3707 ξένας
2239 3642 2338 3712 μέν
2393 3641 2492 3710 τῆς
2517 3639 2643 3710 γῆς,
2695 3638 2972 3702 πολίτιδας
3000 3637 3054 3690 δέ
3078 3637 3184 3690 τῶν
3211 3634 3454 3707 οὐρανῶν
3471 3651 3484 3665 ο

1914 3735 2006 3789 καὶ
2028 3733 2294 3804 δεξαμένη
2321 3731 2420 3803 τὴν
2440 3729 2913 3803 παρακαταθήκην
2964 3726 3282 3795 ἐφύλαττεν.
3326 3725 3488 3777 Ἀλλά

1919 3827 2105 3898 μηδεὶς
2125 3825 2232 3878 τῶν
2256 3823 2528 3892 γυναικῶν
2555 3821 2840 3876 ἀσθένειαν
2870 3817 3388 3887 καταγιγνωσκέτω,
3405 3817 3487 3869 ὅτι

1915 3919 2114 3988 ἔφυγον
2135 3933 2150 3948 ο
2178 3915 2503 3988 πρόσταγμα
2537 3913 2644 3983 γὰρ
2667 3912 2935 3982 ἐπλήρουν
2966 3909 3281 3962 δεσποτικὸν
3308 3907 3368 3961 τὸ
3394 3907 3487 3959 λέ-

1915 4024 2010 4077 γον
2031 4023 2045 4038 ’
2087 4007 2265 4060 Ὅταν
2289 4005 2399 4075 γὰρ
2418 4002 2711 4057 διώκωσιν
2738 3999 2910 4070 ὑμᾶς,
2939 3999 3123 4070 φησὶν,
3147 3999 3216 4052 ἐκ
3247 3997 3359 4066 τῆς
3382 3997 3488 4050 πό-

1915 4101 2067 4161 λεως
2090 4096 2331 4161 ταύτης,
2366 4093 2615 4162 φεύγετε
2649 4093 2735 4155 εἰς
2766 4088 2883 4157 τὴν
2927 4087 3168 4156 ἑτέραν-⁸
3213 4088 3348 4159 ὅπερ
3395 4087 3489 4141 καὶ

1919 4184 2080 4244 αὗται
2100 4185 2402 4241 ἀκούσασαι
2433 4182 2633 4252 ἔφυγον
2653 4180 2703 4245 δ,
2729 4181 2823 4234 καὶ
2848 4178 2985 4242 τέως
3005 4175 3086 4243 εἷς
3113 4179 3300 4241 αὐταῖς
3328 4177 3490 4231 ἐπλέ-

1921 4296 2048 4336 κετο
2083 4277 2343 4345 στέφανος
2366 4289 2380 4302 ·
2410 4275 2561 4336 ποῖος
2594 4271 2658 4342 δὴ
2687 4265 2874 4337 οὓτοςς
2923 4270 2982 4324 '0
3009 4269 3110 4340 τῆς
3142 4269 3250 4323 τῶν
3291 4269 3490 4339 παρόν·

1921 4385 2028 4421 των
2056 4367 2307 4420 ἁπάντων
2332 4362 2650 4434 ὑπεροψίας.
2679 4363 2886 4427 Ὅστις
2914 4359 3023 4432 γὰρ
3051 4358 3281 4428 ἀφῆκεν
3311 4359 3490 4413 d581-

1921 4458 2075 4528 φσὺς
2100 4457 2198 4511 καί
2225 4454 2515 4522 ἀδελφὰς,
2534 4453 2573 4520 ἢ
2597 4451 2872 4520 πατρίδα,
2890 4452 2927 4520 ἢ
2944 4452 3160 4515 οἰκίαν,
3189 4450 3228 4519 ἣ
3251 4451 3486 4519 φίλους,

1922 4551 1960 4618 ἢ
1989 4546 2322 4617 συγγενεῖς,
2349 4543 2946 4598 ἑκατονταπλασίονα
2991 4540 3280 4609 λήψεται,
3336 4541 3488 4609 φησὶ,

1924 4638 2022 4693 καί
2049 4634 2201 4704 ζωὴν
2240 4632 2479 4690 αἰώνιον
2515 4633 2986 4701 κληρονομήσει.
3043 4631 3150 4686 Kal
3198 4627 3339 4703 ἦσαν
3378 4633 3495 4684 ἐκεῖ
3537 4672 3539 4674 ς

1925 4731 2014 4783 τὸν
2048 4725 2280 4798 Χριστὸν
2315 4724 2533 4796 ἔχουσαι
2592 4722 2856 4778 σύνοικον.
2909 4724 2973 4775 Εἰ
3014 4724 3123 4796 γάρ
3169 4724 3300 4776 ὅπου
3328 4723 3421 4776 δύο
3457 4723 3492 4795 ἢ

1925 4821 2072 4891 τρεῖς
2103 4818 2209 4870 εἰσι
2255 4813 2600 4884 συνηγμένοι,
2657 4813 2714 4864 ἐν
2744 4812 2893 4881 μέσῳ
2933 4810 3114 4864 αὐτῶν
3163 4813 3332 4874 ἐστιν,
3360 4811 3493 4864 ὅπου

1926 4913 2046 4982 οὐχὶ
2078 4907 2410 4978 συνηγμέναι
2439 4902 2579 4978 ἦσαν
2608 4903 2791 4973 μόνον,
2820 4902 2958 4957 ἀλλά
3016 4903 3104 4956 καὶ
3136 4903 3225 4956 διά
3242 4903 3301 4956 τὸ
3325 4901 3496 4972 ὄνομα

1928 5001 2090 5056 αὐτοῦ
2122 4999 2441 5071 φεύγουσαι,
2468 4995 2583 5059 πῶς
2611 4995 2672 5046 οὐ
2702 4993 2900 5064 μᾶλλον
2931 4992 3094 5047 αὐτοῦ
3115 4993 3214 5065 τήν
3245 4992 3495 5064 βοήθειαν

1929 5094 2275 5158 ἐπεσπῶντο;
2306 5091 2452 5143 Ἐκεῖ
2470 5088 2649 5141 τοίνυν
2677 5087 3067 5159 διατριϐουσῶν
3085 5086 3194 5138 τῶν
3222 5084 3496 5152 γυναικῶν

1929 5187 2188 5255 ἐξαίφνης
2203 5181 2556 5251 ἐπιτάγματα
2577 5178 2790 5250 πονηρὰ
2818 5175 3090 5245 πανταχοῦ
3116 5174 3494 5243 κατεπέμπετο

1932 5278 2131 5348 πολλῆς
2158 5275 2394 5346 γέμοντα
2420 5271 2734 5343 τυραννίδος
2782 5269 2878 5322 καὶ
2914 5268 3193 5336 ὠμότητος
3236 5264 3496 5335 βαρϐαρι-

1931 5371 2063 5440 κῆς·
2099 5370 2149 5421 οἰ
2181 5369 2289 5438 γὰρ
2332 5368 2522 5420 οἰκεῖοι
2573 5364 2701 5426 τοὺς
2750 5360 2982 5422 οἰκείους
3033 5356 3494 5428 παραδιδότωσαν,

1934 5461 2119 5532 φησὶν,
2143 5459 2332 5530 ἄνδρες
2360 5457 2459 5520 τάς
2486 5457 2765 5525 γυναῖκας,
2791 5451 3024 5520 πατέρες
3048 5449 3117 5501 τά
3134 5446 3495 5509 τέκνα,τέκνα

1931 5556 2059 5618 τοὺς
2082 5551 2344 5623 πατέρας,
2372 5547 2590 5616 ἀδελφοὶ
2609 5546 2734 5609 τοὺς
2757 5541 3017 5612 ἀδελφοὺς
3034 5579 3049 5605 ,
3084 5539 3227 5608 φίλοι
3256 5538 3382 5600 τούς
3409 5536 3496 5606 φί-

1997 5812 2024 5853 ὶι
2043 5810 2191 5861 Savil.
2218 5810 2267 5858 in
2290 5821 2437 5870 marg,
2455 5809 2568 5872 ὅπερ
2589 5807 2645 5866 δὴ
2666 5806 2781 5855 αὐτὸ
2803 5804 2882 5853 καὶ
2901 5803 3164 5868 πληροῦσαι
3188 5803 3292 5851 τότε
3317 5800 3495 5862 ἔφυγον.
