3844 6280
371 411 477 470 631

370 528 517 592 λους.
554 525 626 578 Σὺ
656 522 713 578 δέ
743 539 830 594 μοι
858 521 965 574 τῶν
990 519 1247 592 ῥημάτων
1285 513 1518 570 ἐνταῦθα
1561 505 1942 594 ἀναμνήσθητι

372 609 470 664 τοῦ
506 592 764 679 Χριστοῦ,
799 603 894 657 καὶ
927 601 1204 671 θαύμασον
1254 597 1421 652 αὐτοῦ
1450 597 1550 667 τὴν
1601 592 1904 664 πρόρρησιν
1928 603 1942 618 ·

373 691 548 746 ταῦτα
558 673 680 758 -γὰρ
700 688 873 742 πάντα
891 683 1093 739 ἄνωθεν
1117 681 1384 750 προύλεγε
1409 696 1422 708 '
1454 678 1587 746 φησὶ
1606 677 1714 746 γάρ
1730 693 1742 705 ·
1758 673 1950 758 Ἀδελτ

377 777 491 846 φὺς
519 752 782 840 ἀδελφὸν
809 766 1168 835 παραδώσει,
1207 763 1306 816 καί
1339 761 1534 832 πατὴρ
1564 760 1781 812 τέκνον
1801 773 1814 786 ·
1851 752 1950 808 καὶ

377 838 900 918 ἐπαναστήσονται
954 848 1131 902 τέκνα
1176 848 1273 901 ἐπὶ
1311 845 1525 916 γονεῖς.
1568 842 1841 914 Προύλεγε
1892 838 1950 890 δὲ

377 940 517 996 αὐτὰ
549 939 668 990 τότε
696 935 786 1006 διὰ
805 934 930 1005 τρία
960 932 1132 985 ταῦτα
1156 946 1168 958 ’
1200 930 1264 982 δι’
1304 929 1362 981 ἓν
1385 929 1484 998 μὲν
1503 967 1517 990 ,
1567 927 1652 978 ἵνα
1695 924 1951 995 μάθωμεν

379 1021 544 1077 αὑτοῦ
574 1021 672 1090 τὴν
709 1017 959 1086 δύναμιν,
991 1015 1084 1068 καὶ
1112 1015 1194 1066 ὅτι
1222 1011 1427 1082 ἀληθής
1455 1013 1568 1062 ἐστι
1590 1007 1720 1070 Θεὸς
1750 1006 1820 1059 τὰ
1847 1022 1953 1076 μη-

376 1108 526 1162 δέπω
557 1087 838 1172 συμϐάντα
889 1097 1137 1169 προορῶν
1183 1093 1486 1167 πόρρωθεν.
1535 1093 1656 1144 Ὅτι
1708 1090 1816 1160 γὰρ
1866 1087 1954 1140 διὰ

381 1188 538 1243 τοῦτο
568 1183 830 1256 προύλεγε
862 1183 930 1234 τὰ
961 1181 1212 1250 ἐσόμενα.
1237 1178 1466 1231 ἄκουσον
1489 1173 1651 1228 αὐτοῦ
1672 1173 1950 1240 λέγοντος·

381 1272 484 1324 Διὰ
518 1253 704 1321 ταῦτα
736 1265 880 1334 ὑμῖν
910 1259 1083 1316 εἶπον
1104 1261 1245 1329 πρὶν
1271 1259 1309 1328 ἢ
1341 1259 1637 1329 γενέσθαι,
1673 1257 1773 1308 ἵνα
1811 1253 1957 1306 ὅταν

382 1353 621 1423 γένηται
645 1348 1032 1412 πιστεύσητε.
1057 1344 1146 1396 ὅτι
1167 1340 1280 1412 ἐγώ
1303 1344 1439 1410 ειμι.
1472 1339 1732 1410 Δεύτερον
1764 1336 1839 1399 δέ,
1869 1335 1956 1388 ἵνα

387 1418 573 1506 μηδεὶς
593 1432 701 1486 τῶν
718 1431 924 1501 ἐχθρῶν
945 1429 1101 1498 λέγῃ,
1123 1427 1205 1479 ὅτι
1223 1424 1538 1494 ἀγνοοῦντος
1561 1421 1724 1475 αὑτοῦ
1747 1418 1959 1490 ἢάσθε-

384 1502 601 1580 νοῦντος
624 1517 798 1570 ταῦτα
820 1513 1048 1581 γίνεται·
1069 1514 1096 1564 6
1117 1511 1225 1580 γὰρ
1238 1508 1442 1564 ἀνωθεν
1463 1504 1694 1577 προϊδὼν
1719 1513 1738 1536 ⁸
1759 1502 1960 1574 ἠδύνα-

383 1618 448 1655 το
475 1602 567 1653 καὶ
588 1597 829 1650 κωλῦσαι
850 1612 861 1624 °
886 1596 986 1648 οὐκ
1016 1592 1253 1646 ἐκώλυσε
1275 1591 1352 1653 δέ,
1377 1590 1464 1643 ἵνα
1481 1587 1850 1656 λαμπρότεροι
1869 1583 1962 1652 γέ-

388 1699 591 1735 νωνται
608 1683 656 1732 οί
673 1679 952 1747 στέφανοι.
978 1676 1074 1728 Διά
1101 1673 1258 1726 τοῦτο
1282 1671 1455 1726 ταῦτα
1481 1669 1877 1742 προύλεγε,καὶ
1892 1667 1958 1720 δι’

389 1764 576 1834 ἕτερον
605 1763 660 1815 δὲ
691 1762 872 1831 τρίτον
899 1761 1145 1831 προεῖπε.
1174 1755 1323 1828 [612]
1356 1757 1512 1807 Ποῖον
1532 1753 1593 1824 δὴ
1621 1753 1812 1818 τοῦτο;
1845 1751 1962 1804 Ἵνα

392 1847 719 1918 κουφότερον
747 1845 949 1914 ποιήσῃ
979 1840 1068 1895 τὸν
1101 1839 1286 1908 ἀγῶνα
1309 1840 1422 1900 τοῖς
1451 1839 1508 1889 ἐν
1538 1836 1612 1918 τῶ
1642 1835 1926 1906 σκάμματι
1947 1854 1958 1866 ο

388 1933 457 1985 τά
488 1930 584 2000 μὲν
600 1916 708 1998 γὰρ
735 1925 1114 1996 ἀπροσδόκητα
1132 1921 1299 1986 δεινά,
1312 1923 1470 1974 ὁποῖα
1490 1920 1554 1974 ἂν
1572 1916 1626 1991 ᾗ,
1644 1920 1853 1990 χαλεπά
1871 1919 1964 1971 καὶ

391 2014 639 2083 ἀφόρητα
693 2008 961 2076 φαίνεται,
991 2010 1057 2059 τά
1083 2005 1139 2058 δέ
1168 2003 1488 2056 ἐλπισθέντα
1509 2005 1599 2072 καὶ
1629 2000 1964 2073 προμελετη-

394 2098 555 2150 θέντα
587 2094 764 2161 κοῦφα
801 2092 894 2144 καὶ
951 2089 1105 2160 ρᾁια
1136 2087 1364 2156 γίνεται.
1421 2087 1556 2140 Τότε
1585 2086 1763 2140 τοίνυν
1790 2084 1966 2138 ταῦτα

393 2179 770 2240 ἐπιτάττοντες
797 2177 845 2228 οί
871 2173 1055 2244 ἐχθροὶ
1083 2175 1176 2227 καὶ
1197 2172 1294 2243 τὴν
1319 2172 1576 2243 ὠμότητα
1593 2171 1966 2224 ἐπεδείκνυντο

397 2266 494 2334 τὴν
515 2261 744 2326 ἐαυτῶν,
767 2261 863 2313 καὶ
892 2259 1116 2320 ἄκοντες
1141 2255 1483 2327 ἐμαρτύρουν
1511 2258 1577 2325 τῇ
1612 2255 1704 2307 τοῦ
1730 2253 1965 2325 Χριστοῦ

395 2345 703 2417 προφητείᾳ
729 2386 742 2406 ,
777 2343 871 2395 καὶ
925 2340 1143 2408 ἀδελφοὶ
1167 2339 1520 2411 παρεδίδοσαν
1554 2338 1835 2406 ἀδελφοὺς,
1874 2339 1968 2390 καὶ

395 2431 629 2500 πατέρες
656 2428 841 2490 τέκνα,
873 2427 966 2478 καὶ
995 2423 1132 2493 αὑτὴ
1175 2424 1373 2493 ἑαυτὴν
1416 2421 1671 2491 ἐπολέμει
1705 2424 1738 2491 ἡ
1785 2421 1966 2488 φύσις,

395 2515 492 2569 καὶ
520 2511 762 2581 ἐσχίζετο
787 2508 909 2562 καθ’
939 2507 1134 2576 ἐαυτῆς
1162 2509 1196 2577 η
1226 2506 1535 2574 συγγένεια,
1567 2506 1660 2558 καὶ
1684 2504 1884 2565 πάντες
1907 2506 1971 2556 ἐκ

397 2599 614 2668 βάθρων
646 2591 1004 2662 ἀνετρέποντο
1037 2591 1086 2643 οί
1148 2591 1317 2659 νόμοι,
1360 2589 1453 2642 καὶ
1507 2589 1682 2641 πάντα
1741 2587 1969 2656 θορύϐου

396 2679 541 2741 τινὸς
571 2678 736 2746 ἔγεμε
774 2675 868 2727 καί
888 2673 1131 2744 ταραχῆς
1167 2672 1217 2737 δ,
1246 2673 1338 2726 καὶ
1377 2672 1623 2741 αἱμάτων
1661 2671 1759 2734 τὰς
1795 2671 1971 2736 οἰκίας

397 2762 700 2830 ἐνέπλησαν
731 2755 1066 2825 συγγενικῶν
1097 2757 1146 2808 οί
1177 2755 1426 2826 δαίμονες
1447 2755 1587 2807 τότε.
1631 2755 1689 2808 Ὁ
1722 2756 1830 2824 γὰρ
1865 2772 1971 2808 πα·

403 2846 595 2918 ραδοὺς
612 2841 806 2912 ’πατὴρ
829 2841 921 2893 τὸν
948 2841 1062 2892 υἱὸν
1094 2841 1308 2900 πάντως
1337 2839 1430 2890 καὶ
1468 2837 1667 2907 ἔσφαξε
1687 2855 1700 2868 ·
1737 2837 1840 2892 κᾶν
1865 2839 1974 2908 γὰρ

401 2930 479 3000 μὴ
507 2927 567 2979 τὸ
603 2925 751 2993 ξίφος
775 2923 984 2993 ὼθήσῃ.
1013 2921 1146 2992 μηδὲ
1173 2924 1240 2992 τῇ
1265 2921 1412 2991 δεξιᾷ
1443 2921 1539 2991 τὴν
1567 2920 1780 2991 σφαγὴν
1810 2922 1976 2991 ἐργά..

403 3027 586 3080 σηται,
620 3007 754 3062 ἀλλὰ
787 3009 850 3077 τῇ
874 3005 1068 3077 γνώμῃ
1089 3005 1147 3057 τὸ
1184 3006 1291 3057 πᾶν
1332 3005 1601 3074 ἀπήρτισε
1622 3022 1634 3035 ·
1669 3005 1764 3058 καί
1808 3005 1915 3075 γάρ
1949 3007 1977 3058 6

399 3095 478 3164 τῷ
530 3092 806 3162 φονεύοντι
857 3089 1134 3160 παραδοὺς
1191 3087 1283 3140 τὸν
1318 3086 1635 3154 φονεύεσθαι
1695 3087 1974 3156 μέλλοντα,

405 3177 568 3240 αὐτὸς
600 3176 690 3228 τὸν
730 3174 888 3243 φόνον
921 3172 1232 3242 εἰργάσατο.
1265 3171 1585 3242 Ποιήσωμεν
1617 3167 1710 3224 οὖν
1758 3173 1974 3238 αὐτοὺς,

402 3261 557 3331 φησὶ,
587 3257 991 3320 παιδοκτόνους,
1025 3256 1075 3308 οί
1119 3253 1372 3324 δαίμονες
1411 3253 1616 3321 ἔλεγον,
1661 3256 1978 3325 ποιήσωμεν

401 3345 528 3406 τοὺς
563 3342 758 3403 παῖδας
782 3339 1117 3409 πατραλοίας
1137 3337 1224 3390 διὰ
1255 3337 1357 3406 τῆς
1394 3336 1681 3406 προδοσίας
1701 3354 1714 3366 ο
1754 3338 1847 3390 καὶ
1870 3337 1977 3408 γὰρ

401 3426 623 3480 ἐθύοντο
652 3425 835 3484 αὐτοῖς
864 3422 1048 3475 θυσίαι
1075 3419 1320 3477 τοιαῦται
1337 3420 1399 3472 τὸ
1424 3419 1787 3480 παλαιὸν,νκαὶ
1809 3422 1980 3477 πατέ-

408 3507 804 3580 μςλέσφαττον
855 3505 1040 3556 τέκνα.
1090 3502 1199 3554 Καὶ
1229 3502 1400 3554 ταῦτα
1447 3504 1482 3580 Αὸ
1515 3504 1800 3574 προφήτης
1851 3505 1981 3558 ἐθόα

405 3578 581 3659 λέγων
601 3605 614 3619 ⁸
657 3587 929 3644 Ἐθυσαν
959 3583 1100 3648 τοὺς
1125 3583 1294 3648 υἱοὺς
1316 3578 1533 3647 αὐτῶν,
1558 3585 1655 3636 καὶ
1678 3586 1784 3651 τὰς
1807 3591 1982 3657 θυγα-

404 3673 581 3742 τέρας
611 3667 807 3725 αὐτῶν
841 3667 965 3732 τοῖς
985 3667 1330 3736 δαιμονίοις,
1367 3667 1461 3718 καὶ
1489 3666 1744 3720 τοιούτων
1785 3669 1982 3740 ἐδίψων

406 3756 672 3828 αἱμάτων.

491 3835 708 3907 Ἐπειδὴ
736 3831 828 3888 οῦν
861 3833 1065 3886 ἔπαυσε
1087 3831 1183 3895 τὰς
1218 3833 1430 3898 ἐναγεῖς
1459 3831 1658 3896 ταύτας
1694 3834 1784 3887 καί⁵
1811 3852 1984 3904 μυσα-

413 3921 512 3992 ρὰς
550 3919 742 3981 θυσίας
771 3920 798 3970 6
853 3915 1105 3986 Χριστὸς,
1160 3913 1566 3968 ἀνανεώσασθαι
1623 3917 1784 3969 πάλιν
1812 3919 1983 3982 αὐτὰς

409 4003 797 4073 ἐφιλονείκουν,
828 3999 962 4053 ἀλλὰ
1009 3999 1379 4068 ἀναισχύντως
1414 3998 1511 4069 μὲν
1544 4000 1718 4052 εἰπεῖν
1751 4002 1844 4054 καί
1879 4019 1983 4070 φα-

408 4088 604 4160 νερῶς,
631 4089 712 4140 ὅτι
749 4086 986 4155 σφάξατε
1017 4085 1144 4146 τοὺς
1193 4085 1341 4146 υἱοὺς
1373 4081 1546 4152 ὑμῶν,
1582 4084 1681 4136 οὐκ
1706 4084 1980 4154 ἐτόλμων·

411 4168 586 4233 οὐδεὶς
633 4170 744 4240 γάρ
787 4168 1007 4239 ἔμελλεν
1065 4165 1504 4219 ὑπακούσεσθαι⁶
1557 4165 1900 4235 μεθοδεύουσι
1925 4169 1983 4220 δὲ

409 4256 612 4326 ἑτέρως
642 4255 704 4307 τὸ
739 4255 1068 4332 πρόσταγμα
1093 4251 1189 4304 καὶ
1214 4251 1520 4318 σοφίζονται
1549 4250 1639 4302 τὸν
1672 4251 1854 4321 νόμον,
1896 4251 1984 4304 διὰ

409 4340 520 4393 τῶν
556 4336 826 4390 δικαστῶν
853 4335 1204 4397 κελεύσαντες
1239 4334 1477 4406 πατέρας
1519 4333 1824 4401 προδιδόναι
1861 4336 1986 4387 παῖ-

411 4422 539 4483 δας.
580 4420 731 4476 οὐδὲν
764 4419 870 4488 γάρ
921 4420 1050 4488 ἡμῖν
1078 4416 1346 4486 διαφέρει,
1378 4415 1562 4482 φησὶν,
1611 4416 1676 4469 ἄν
1699 4433 1758 4468 τε
1807 4415 1985 4490 σφάξῃ

410 4522 516 4567 τις,
542 4504 606 4557 ἄν
627 4518 687 4555 τε
716 4500 944 4571 παραδῷ
984 4499 1118 4569 πρὸς
1173 4498 1386 4567 σφαγὴν
1419 4497 1509 4549 τὸν
1563 4497 1675 4551 υἱόν
1695 4515 1709 4529 ο
1743 4499 1836 4550 καὶ
1877 4500 1986 4570 γὰρ

413 4584 567 4647 οὗτος
596 4586 846 4648 κάκεῖνος
881 4581 1227 4642 παιδοκτόνος
1255 4579 1420 4632 ἐστίν.
1477 4577 1584 4631 Ἤν
1639 4580 1817 4632 τοίνυν
1861 4582 1986 4634 ἰδεῖν

416 4667 768 4738 πατραλοίας,
815 4666 1219 4726 παιδοκτόνους,
1276 4661 1713 4729 ἀδελφοκτόνους.
1756 4663 1984 4734 θορύϐου

416 4751 511 4805 καὶ
538 4749 779 4818 ταραχῆς
811 4748 986 4801 πάντα
1015 4744 1476 4815 ἐμπεπλησμένα’
1510 4744 1623 4796 ἀλλ’
1651 4745 1705 4796 αί
1733 4749 1987 4811 γυναῖκες

417 4834 659 4901 γαλήνης
687 4829 903 4898 βαθείας
927 4828 1221 4897 ἀπήλαυον.
1255 4824 1487 4896 Ἐτείχιζ
1490 4843 1514 4878 ε
1529 4825 1634 4898 γάρ
1660 4827 1827 4889 αὐτάς
1852 4829 1986 4880 πάν-

417 4915 572 4970 τοθεν
607 4915 640 4982 ἡ
672 4912 779 4966 τῶν
815 4911 1114 4982 μελλόντων
1137 4909 1309 4972 ἐλπὶς,
1331 4910 1452 4960 ἐπεὶ
1482 4911 1573 4961 καὶ
1600 4911 1663 4962 ἐν·
1684 4909 1808 4982 ξένῃ
1834 4907 1987 4966 οὖσαι

417 5001 520 5056 οὐκ
545 4994 685 5068 ἦσαν
718 4997 775 5048 ἐν
802 4994 928 5067 ξένῃ
952 5012 964 5025 ·
993 4989 1134 5064 εἶχον
1177 4993 1285 5064 γὰρ
1322 4992 1579 5064 ἀληθινὴν
1619 4995 1851 5064 πατρίδα
1889 4997 1988 5068 τὴν

418 5084 622 5145 πίστιν,
651 5076 795 5150 εἶχον
823 5077 1028 5131 οἰκείαν
1048 5077 1202 5130 πόλιν
1227 5077 1326 5146 τὴν
1352 5076 1662 5146 ὁμολογίαν.
1695 5078 1783 5130 καὶ
1809 5077 1987 5132 ἐλπίσι

419 5163 851 5238 συντρεφόμεναι
870 5163 1132 5232 χρησταῖς
1159 5159 1368 5222 οὐδενὸς
1393 5160 1686 5230 ᾐσθάνοντο
1716 5160 1822 5212 τῶν
1854 5178 1990 5232 παρ-

419 5250 616 5303 όντων·
649 5248 718 5300 τά
751 5245 860 5316 γάρ
895 5244 1156 5314 μέλλοντα
1185 5244 1343 5315 μόνον
1381 5242 1586 5314 ἐώρων.
1614 5244 1733 5296 Τῶν
1751 5245 1816 5314 δὴ
1847 5261 1989 5315 πρα-

421 5334 646 5402 γμάτων
663 5333 718 5382 ἐν
738 5329 946 5391 τούτοις
974 5327 1161 5392 ὄντων,
1184 5329 1507 5396 ἐφίσταταιὸ
1527 5325 1706 5396 πατὴρ
1727 5327 1784 5378 ἐν
1807 5328 1989 5399 ἐκείνῃ

419 5421 489 5488 τῇ
545 5416 697 5469 πόλει
747 5411 1084 5485 στρατιώτας
1117 5412 1254 5482 ἔχων
1300 5411 1436 5483 πρὸς
1466 5411 1564 5482 τὴν
1600 5409 1861 5480 σύλληψιν
1891 5411 1990 5480 τῆς

422 5500 592 5569 θήρας
612 5516 626 5531 ’
655 5499 938 5568 ἐφίσταται
959 5497 988 5548 6
1020 5497 1202 5567 πατὴρ
1233 5495 1325 5548 καὶ
1355 5494 1515 5565 ἀνὴρ,
1550 5493 1728 5564 πατὴρ
1758 5492 1858 5564 μὲν
1887 5491 1992 5546 τῶν

420 5582 755 5653 θυγατέρων,
784 5581 922 5651 ἀνὴρ
953 5580 1010 5633 δὲ
1063 5579 1162 5649 τῆς
1203 5578 1479 5647 γυναικὸς,
1513 5577 1564 5629 εἴ
1587 5594 1649 5646 γε
1702 5573 1914 5646 πατέρα
1955 5579 1988 5646 ἦ

486 5815 510 5841 ο
550 5811 695 5872 Gavii:
717 5812 958 5872 προειδώς.

486 5873 515 5915 b
539 5869 712 5921 Morel.
735 5869 870 5920 Solus
892 5877 1098 5934 ταραχῆς
1119 5872 1245 5920 τότε.

1099 403 1155 458 S.
1195 397 1476 457 JOANNIS
1505 388 1997 451 CHRYSOSTOMI
2034 384 2354 441 ARCIIIEP.
2395 377 2952 437 CONSTANTINOP.

3525 373 3631 428 633

2050 503 2220 573 ἄνδρα
2257 501 2346 556 τὸν
2415 500 2478 553 τὰ
2523 497 2747 552 τοιαῦτα
2793 489 3210 564 διακονούμενον
3263 487 3370 558 χρὴ
3423 484 3626 539 καλεῖν.

2050 595 2266 651 Μᾶλλον
2314 593 2372 646 δέ
2410 589 2724 660 φεισὼμεθα
2773 585 2940 640 αὑτοῦ
2981 582 3212 637 καθόσον
3248 574 3360 633 οἷόν
3392 595 3480 633 τε·
3543 581 3640 633 και

2053 686 2162 758 γάρ
2191 683 2371 754 πατὴρ
2409 683 2628 750 ἐγένετο
2661 676 2977 749 μαρτύρων,
3011 673 3106 726 καὶ
3127 669 3274 742 ,ἀνὴρ
3317 669 3598 740 μάρτυρος
3619 683 3635 697 ·

2059 778 2133 848 μὴ
2164 777 2228 846 δὴ
2253 772 2630 845 χαλεπώτερον
2650 768 2815 823 αὑτοῦ
2847 767 3164 837 ποιήσωμεν
3187 762 3247 815 τὸ
3266 759 3495 832 τραῦμα
3518 761 3637 820 ταῖς

2057 870 2186 940 παρ’
2218 866 2424 921 ἑαυτῶν
2458 861 2837 935 κατηγορίαις.

2131 983 2284 1052 ς’.ζὺ
2312 981 2368 1036 δέ
2394 975 2484 1051 μοι
2512 973 2817 1046 σκόπειτὴν
2838 973 3052 1027 σύνεσιν
3074 969 3182 1024 τῶν
3215 965 3495 1036 γυναικῶν
3555 963 3644 1017 καὶ

2058 1076 2167 1148 γὰρ
2187 1077 2276 1128 ὅτε
2307 1075 2501 1142 φυγεῖν
2531 1070 2658 1134 ἔδει,
2706 1067 2930 1136 ἔφυγον,
2963 1065 3059 1117 καὶ
3091 1062 3293 1122 ὅτεςείς
3342 1058 3475 1118 τοὺς
3507 1054 3648 1122 ἀγῶ-

2061 1147 2156 1229 νας
2186 1164 2420 1234 ἐμόῆναι
2449 1161 2638 1232 ἐχρῆν,
2665 1158 2923 1228 ἔστησαν,
2944 1155 3039 1208 καὶ
3064 1150 3392 1224 ἠκολούθουν
3419 1147 3647 1216 δεδεμέ-

2060 1273 2149 1310 ναι
2181 1255 2258 1325 τῷ
2286 1252 2378 1307 τοῦ
2402 1251 2638 1324 Χριστοῦ
2669 1249 2820 1320 πόθῳ
2843 1264 2860 1280 ο
2893 1247 3082 1316 ὥσπερ
3111 1244 3221 1314 γὰρ
3250 1242 3310 1296 ού
3337 1240 3422 1294 δεῖ
3450 1253 3650 1308 πειραο

2064 1350 2235 1420 σμοὺς
2259 1345 2612 1409 ἐπισπᾶσθαι,
2645 1343 2840 1406 οὕτως,
2868 1343 2997 1395 ὅταν
3024 1335 3342 1402 ἐπιστῶσιν,
3373 1329 3651 1401 ἀγωνίζε-

2067 1419 2190 1493 σθαι
2225 1449 2248 1477 ο
2281 1436 2430 1510 [645]
2463 1437 2592 1508 χρὴ,
2619 1435 2706 1488 ἵνα
2730 1433 2824 1487 καὶ
2849 1431 3057 1485 ἐκεῖθεν
3086 1427 3183 1499 τὴν
3201 1423 3534 1484 ἐπιείκειαν,
3559 1419 3652 1473 καὶ

2065 1530 2312 1585 ἐντεῦθεν
2344 1531 2442 1600 τὴν
2464 1527 2714 1600 ἀνδρείαν
2746 1520 3145 1593 ἐπιδειξὼμεθα
3164 1537 3176 1550 ·
3207 1518 3236 1572 6
3277 1516 3344 1588 δὴ
3373 1514 3474 1568 καὶ
3506 1512 3655 1564 ἐκεῖ·

2064 1642 2154 1679 ναι
2179 1624 2298 1687 τότε
2329 1621 2542 1674 ἐποίουν
2565 1637 2579 1652 ·
2610 1619 2704 1672 καὶ
2748 1615 3052 1685 ἐπανῄεσαν
3076 1651 3090 1676 ,
3146 1610 3241 1663 καὶ
3289 1603 3651 1678 ἠγωνίζοντο.

2066 1716 2178 1771 Καὶ
2208 1715 2317 1786 γὰρ
2365 1712 2596 1783 ὴνεῴγει
2633 1711 2694 1764 τὸ
2747 1706 2980 1772 στάδιον,
3033 1705 3126 1757 καὶ
3157 1705 3186 1756 6
3224 1700 3414 1771 καιρὸς
3464 1696 3656 1750 ἐκάλει

2068 1805 2207 1878 πρὸς
2250 1805 2319 1857 τὰ
2364 1803 2719 1871 παλαίσματα
2749 1816 2760 1828 ·
2811 1800 2840 1850 6
2871 1796 2932 1850 δέ
2992 1793 3101 1846 τῶν
3161 1791 3389 1860 ἀγώνων
3449 1787 3657 1858 τρόπος

2069 1896 2276 1950 τοιόσδε
2313 1895 2556 1963 ἐγένετο.

2139 1987 2342 2050 Ἦλθον
2364 1991 2442 2052 εἰς
2473 1986 2627 2040 πόλιν
2669 1980 2970 2054 Ἰεράπολιν
2991 1976 3353 2047 καλουμένην,
3397 1968 3659 2026 κάκεῖθεν

2071 2083 2288 2155 ἀληθῶς
2322 2084 2401 2144 είς
2419 2079 2517 2150 τὴν
2552 2076 2701 2148 ίεράν
2736 2074 2889 2127 πόλιν
2918 2070 3221 2140 ἀνέδραμον
3259 2065 3348 2120 διὰ
3394 2060 3660 2130 τοιαύτης

2077 2153 2350 2248 μηχανῆς.
2378 2171 2629 2240 Ποταμὸς
2659 2167 2928 2237 παρέρρει
2955 2162 3054 2234 τὴν
3089 2161 3205 2214 ὁδὸν
3250 2156 3494 2228 ἐκείνην,
3537 2153 3660 2208 καθ’

2072 2269 2140 2340 ἢν
2171 2265 2497 2336 ἐπανῄεσαν,
2517 2262 2612 2314 καὶ
2632 2259 2889 2313 λαθοῦσαι
2909 2257 3036 2318 τοὺς
3061 2250 3401 2324 στρατιώτας
3429 2249 3660 2319 ἀριστο-

2075 2338 2432 2429 ποιουμένους
2465 2355 2559 2408 καί⁵
2591 2350 2887 2424 μεθύοντας
2908 2365 2922 2378 ’
2957 2347 3101 2409 τινὲς
3126 2343 3182 2397 δέ
3211 2357 3378 2412 φασιν
3399 2381 3416 2404 ,
3447 2340 3536 2392 ὃτι
3572 2338 3664 2391 καὶ

2075 2455 2166 2507 τῖλν
2196 2428 2406 2522 πατέρα
2431 2447 2692 2502 λαϐοῦσαι
2718 2441 2978 2513 συνεργὸν
2996 2439 3131 2512 πρὸς
3153 2437 3213 2489 τὸ
3235 2435 3362 2494 τοὺς
3395 2428 3666 2502 στρατιῶν

2077 2562 2175 2607 τας
2234 2520 2534 2612 ἀπατῆσαι,
2569 2537 2664 2591 καὶ
2702 2533 2990 2604 πείθομαιο
3045 2529 3186 2603 τάχα
3213 2526 3321 2595 γὰρ
3358 2523 3448 2578 διά
3498 2520 3665 2574 τοῦτο

2078 2641 2248 2693 ταῦτα
2286 2634 2541 2704 ἔπραξεν,
2565 2633 2656 2684 ,ἵνα
2676 2628 2796 2681 τινὰ
2817 2623 3112 2692 ἀπολογίαν
3143 2618 3346 2692 μικράν
3386 2615 3522 2684 γοῦν
3576 2612 3666 2665 διὰ

2078 2731 2176 2801 τῆς
2209 2727 2495 2800 προδοσίας
2553 2721 2753 2792 ταύτης
2783 2715 2986 2788 δυνηθῇ
3034 2707 3441 2786 προαποθέσθαι
3476 2704 3668 2773 ἐαυτῷ

2080 2800 2159 2887 είς
2192 2824 2288 2893 τὴν
2314 2820 2526 2892 ἡμέραν
2552 2819 2648 2886 τῆς
2681 2813 2936 2884 κρίσεως,
2962 2808 3023 2862 τὸ
3047 2804 3382 2877 συμπρᾶξαι,
3400 2801 3496 2854 καὶ
3536 2800 3668 2870 βοη-

2083 2915 2264 2984 θῆσαι,
2292 2913 2388 2966 καὶ
2403 2908 2764 2978 εὐκολώτερον
2787 2903 3011 2973 ποιῆσαι
3039 2899 3130 2953 τὸν
3155 2899 3246 2951 ἐπὶ
3272 2897 3334 2949 τὸ
3359 2893 3671 2966 μαρτύριον

2081 3007 2300 3079 δρόμον·
2333 3001 2592 3056 λαϐοῦσαι
2614 2999 2790 3052 τοίνυν
2815 2994 2976 3048 αὑτὸν
3002 2991 3282 3062 συνεργὸν,
3308 2987 3400 3041 καὶ
3424 2984 3490 3038 δι’
3518 2983 3672 3038 ἐκεί-

2083 3118 2174 3154 νου
2227 3097 2538 3168 δυνηθεῖσαι
2583 3086 3070 3164 παρακρούσασθαι
3122 3085 3249 3146 τοὺς
3299 3077 3671 3150 στρατιώτας,

2084 3191 2333 3264 εἰσῆλθον
2365 3191 2443 3251 εἰς
2471 3189 2562 3240 τὸν
2590 3183 2832 3253 ποταμὸν
2865 3182 3050 3252 μέσον,
3090 3178 3187 3231 καὶ
3215 3175 3436 3244 ἀφῆκαν
3459 3170 3671 3232 ἐαυτὰς

2084 3262 2226 3339 κατά
2258 3283 2366 3335 τῶν
2407 3279 2692 3352 ῥευμάτων
2735 3274 2977 3327 ἐκείνων.
3011 3268 3243 3340 Εἰσῆλθε
3280 3267 3462 3337 μήτηρ
3525 3262 3675 3334 μετά

2085 3376 2178 3430 δύο
2207 3373 2548 3444 θυγατέρωνο
2581 3368 2928 3423 άκουέτωσαν
2952 3364 3047 3416 καὶ
3072 3360 3307 3433 μητέρες
3334 3357 3429 3411 καὶ
3457 3354 3677 3427 παρθέ-

2085 3485 2187 3529 νοι,
2226 3465 2322 3518 καὶ
2347 3465 2403 3516 αἱ
2432 3462 2529 3532 μέν
2578 3460 2720 3512 οὕτω
2769 3455 3146 3510 πειθέσθωσαν
3183 3449 3476 3522 μητράσιν,
3512 3448 3579 3498 αἰ
3616 3444 3679 3499 δὲ

2087 3561 2226 3614 οὕτω
2260 3555 2658 3612 παιδευέτωσαν
2705 3549 3030 3618 θυγατέρας,
3071 3544 3214 3598 οὓτω
3244 3540 3579 3612 φιλείτωσαν
3601 3537 3680 3592 τὰ

2088 3651 2278 3708 παιδία
2302 3668 2316 3682 ·
2349 3646 2566 3719 εἰσῆλθε
2617 3644 2794 3698 τοίνυν
2851 3639 2992 3711 μέση
3020 3639 3054 3708 ἡ
3093 3637 3298 3706 μήτηρ,
3321 3629 3680 3701 ἑκατέρωθεν

2073 3743 2395 3813 ,κατέχουσα
2416 3739 2514 3801 τὰς
2543 3735 2868 3806 θυγατέρας,
2894 3734 2944 3802 π
2961 3731 3050 3783 τὸν
3071 3729 3239 3801 ἄνδρα
3268 3727 3466 3797 ἔχουσα
3501 3723 3680 3793 μέσον

2087 3835 2196 3890 τῶν
2223 3831 2630 3902 ἀπειρογάμων,
2662 3829 2757 3882 καὶ
2774 3823 2842 3896 ἦν
2865 3826 2965 3894 τῆς
2995 3822 3292 3894 παρθενίας
3327 3820 3488 3890 μέσος
3517 3820 3551 3869 6
3575 3817 3682 3886 γά-

2093 3945 2211 4000 μος,
2245 3927 2338 3980 καὶ
2371 3927 2532 3990 μέσος
2565 3923 2744 3976 αὐτῶν
2775 3921 2804 3972 6
2840 3917 3093 3990 Χριστός.
3117 3914 3384 3983 Καθάπερ
3412 3909 3506 3966 οὖν
3547 3911 3683 3981 ῥίζα

2088 4021 2304 4090 δένδρου
2338 4018 2432 4072 δύο
2461 4017 2721 4086 βλαστοὺς
2760 4013 2960 4090 έχουσα
3013 4006 3357 4078 ἑκατέρωθεν
3403 4005 3682 4067 ἑστῶτας,

2089 4087 2232 4166 οὕτω
2266 4113 2359 4165 καὶ
2392 4113 2424 4180 ἡ
2464 4107 2708 4179 μακαρία
2724 4087 2847 4157 τότε
2887 4103 3071 4174 ἐκείνη
3097 4097 3440 4169 ἑκατέρωθεν
3492 4097 3683 4166 αὐτῆς

2091 4207 2288 4278 ἔχουσα
2317 4207 2416 4267 τὰς
2447 4201 2746 4272 παρθένους
2771 4196 2964 4268 εἰσῄει,
2993 4195 3090 4248 καὶ
3139 4192 3279 4246 κατά
3312 4191 3420 4243 τῶν
3455 4189 3682 4245 ὑδάτων

2091 4301 2260 4365 αύτὰς
2287 4300 2460 4370 ἠφίει,
2494 4290 2989 4358 καὶάπεπνίγοντο
3035 4287 3206 4340 οῦτω’
3244 4284 3444 4355 μᾶλλον
3467 4281 3532 4333 δὲ
3577 4282 3682 4334 οὐκ

2091 4392 2474 4460 ἀπεπνίγοντο,
2497 4389 2609 4445 ἀλλ’
2640 4382 2998 4446 ἐϐαπτίζοντο
3025 4379 3307 4449 βάπτισμα
3354 4374 3550 4427 καινὸν
3587 4375 3684 4428 καὶ

2093 4481 2438 4550 παράδοξον.
2465 4477 2576 4530 Καὶ
2603 4478 2656 4548 εἰ,
2679 4472 2856 4544 βούλει
2897 4469 3090 4541 μαθεῖν
3111 4507 3126 4533 ,
3159 4469 3242 4521 δτι
3280 4466 3575 4537 βάπτισμα
3614 4461 3683 4536 ἦν

2094 4574 2261 4642 σαφὲς
2291 4571 2351 4624 τὸ
2379 4571 2502 4624 τότε
2531 4567 2839 4636 γενόμενον,
2863 4550 3100 4618 ’ἄκουσον
3130 4560 3247 4622 πῶς
3267 4561 3295 4611 ό
3324 4558 3568 4629 Χριστὸς
3592 4558 3685 4610 τὸν

2092 4665 2320 4720 θάνατον
2349 4663 2440 4717 τὸν
2473 4659 2664 4716 ἐαυτοῦ
2714 4659 2995 4728 βάπτισμα
3033 4653 3208 4708 καλεῖ.
3251 4651 3385 4724 ’Τοῖς
3438 4648 3558 4721 γὰρ
3589 4649 3686 4704 τοῦ

2070 4755 2555 4816 ’Ζεϐεδαίουπαισὶ
2579 4753 2980 4822 διαλεγόμενος.
3005 4748 3074 4802 Td
3099 4747 3217 4816 μὲν
3243 4744 3538 4814 ποτήριόν
3562 4760 3686 4812 μου

2093 4852 2322 4907 πίεσθε.
2343 4849 2496 4918 φησὶ,
2527 4845 2624 4900 καί
2650 4846 2715 4898 τὸ
2733 4843 3066 4910 βάπτισμα,
3100 4839 3130 4892 ὃ
3154 4838 3269 4907 ἐγὼ
3290 4833 3685 4903 βαπτίζομαι,

2087 4940 2607 5008 βαπτισθήσεσθε.
2644 4938 2803 4990 Ποῖον
2856 4935 2912 4987 δέ
2969 4930 3253 5003 βάπτισμα
3296 4927 3623 5000 ἐϐαπτίσθη
3660 4932 3688 4982 6

2093 5035 2329 5106 Χριστὸς
2363 5032 2499 5104 μετὰ
2528 5031 2588 5084 τὸ
2632 5030 2878 5083 Ἰωάννου
2903 5026 3206 5097 βάπτισμα,
3239 5023 3356 5076 ἀλλ’
3383 5022 3417 5092 ἣ
3449 5021 3554 5074 τὸν
3582 5022 3684 5076 θά-

2093 5143 2252 5182 νατον
2296 5125 2392 5178 καὶ
2421 5122 2514 5176 τὸν
2547 5119 2814 5191 σταυρόν;
2851 5117 3066 5188 Ὥσπερ
3104 5110 3198 5168 οὖν
3230 5110 3506 5172 ,Ἰάκωϐος
3560 5112 3688 5183 οὐχὶ

2097 5215 2452 5287 σταυρωθεὶς,
2487 5211 2626 5266 ἀλλά
2663 5208 2908 5282 μαχαίρᾳ
2935 5207 3045 5278 τὴν,
3066 5203 3306 5274 κεφαλὴν
3335 5202 3686 5271 ἀποθέμενος

2093 5308 2156 5361 τὸ
2177 5306 2459 5376 βάπτισμα
2480 5300 2788 5369 ἐϐαπτίσθη
2813 5299 2906 5351 τοῦ
2927 5295 3194 5369 Χριστοῦ,
3214 5293 3356 5347 οὔτω
3377 5292 3474 5352 καὶ
3489 5287 3683 5352 αὗται.

2095 5403 2145 5453 εἰ
2173 5400 2267 5453 καὶ
2301 5399 2375 5469 μὴ
2405 5393 2855 5466 ἐσταυρώθησαν,
2879 5390 3018 5450 ἀλλὰ
3044 5388 3111 5442 δι’
3151 5387 3343 5450 ὓδατος
3370 5384 3685 5458 τελειωθεῖ-

2100 5508 2189 5545 σαι
2211 5489 2272 5542 τὸ
2301 5489 2583 5560 βάπτισμα
2605 5483 3012 5553 ἐϐαπτίσθησαν
3031 5479 3127 5538 τοῦ
3148 5475 3387 5551 Χριστοῦ
3409 5491 3421 5541 _'
3450 5476 3687 5545 εεάπτι-

2101 5601 2160 5636 σε
2192 5582 2250 5636 δέ
2295 5581 2463 5644 αὐτὰς
2509 5583 2543 5652 ἡ
2605 5581 2808 5651 μήτηρ.
2839 5577 2904 5629 Τί
2959 5575 3176 5642 λέγειςς
3211 5571 3351 5643 γυνὴ
3390 5570 3684 5641 βαπτίζει;

2153 5813 2187 5882 _"~_
2209 5808 2357 5882 δεινῇ..
2384 5816 2437 5882 οι
2466 5810 2582 5874 Reg.
2615 5810 2914 5871 ὃταν-ὶπιστῇ
2933 5811 2962 5866 ἡ
2985 5807 3142 5872 πεῖρα.
3170 5806 3316 5867 ἄγων.
3346 5807 3577 5868 Utraque
3601 5803 3672 5852 le-

2101 5872 2202 5922 ctio
2217 5872 2438 5931 quadrat.
