3844 6280
138 432 246 487 (:37

134 548 220 600 'l‘u
281 559 407 599 vero
439 543 566 599 mihi
595 545 695 599 hoc
721 543 837 598 loco
868 542 1150 599 verborum
1174 540 1369 597 Christi
1412 541 1724 608 recordare,

135 640 361 707 ejusque
391 637 788 706 praedictionem
808 635 1073 693 admirare
1099 653 1110 688 :
1132 635 1390 706 siquidem
1413 643 1600 689 cuncta
1631 636 1729 689 ista

136 729 407 798 quondam
461 728 798 797 przcdixerat.
856 726 1039 781 Trade!
1086 727 1262 793 enim,
1318 727 1524 795 inquit,
1571 731 1729 797 frater

136 828 351 891 {mtrem
380 864 396 889 ,
428 833 473 873 ct
530 832 673 891 pater
701 822 863 889 [ilium
884 864 898 883 ,
943 831 987 875 et
1014 822 1271 892 insurgent
1300 822 1394 891 ﬁlii
1418 822 1470 875 in
1498 832 1729 890 parentes

135 914 154 978 (
181 913 367 966 Matth.
400 914 486 967 l0.
514 910 628 974 2|).
654 913 785 967 Tum
809 928 937 967 vero
964 912 1051 967 illa
1080 923 1295 983 prOpter
1322 912 1436 968 hmo
1466 913 1562 967 tria
1589 928 1725 982 prat—

134 1005 348 1059 dicebat
388 1020 401 1057 :
437 1004 668 1072 primum
700 1003 913 1073 quidem
941 1045 956 1071 ,
1004 1014 1060 1057 ut
1110 1002 1225 1073 ejus
1254 1006 1500 1059 virtutem
1535 1020 1725 1059 nosca-

132 1112 272 1159 mus,
306 1112 533 1165 eumque
556 1112 737 1150 verum
768 1112 886 1151 esse
918 1097 1104 1164 Deum,
1133 1097 1219 1165 qui
1249 1112 1308 1151 ea
1340 1113 1457 1167 qua:
1489 1097 1722 1152 nondum

130 1188 476 1257 contigerint,
506 1187 671 1242 multo
701 1196 824 1242 ante
852 1188 1157 1257 pra-videat.
1191 1187 1260 1243 Ut
1287 1189 1428 1241 enim
1461 1188 1723 1257 intelligas

138 1293 263 1332 eum
295 1287 572 1346 propterea
605 1293 689 1333 res
734 1278 934 1332 futuras
966 1279 1278 1348 praedixisse
1301 1319 1315 1345 ,
1346 1279 1517 1348 ipsum
1543 1280 1725 1334 dicen-

132 1381 240 1424 tem
267 1371 390 1423 audi
422 1389 433 1423 :
470 1369 749 1439 PrOpter'ea
793 1372 899 1426 lucc
929 1373 1035 1425 dixi
1072 1373 1206 1426 vobis
1244 1375 1384 1441 prius
1408 1390 1559 1443 quam
1573 1374 1718 1443 ﬁant,

130 1472 184 1513 ut
210 1479 325 1515 cum
354 1466 488 1533 facta
508 1465 716 1533 fuerint,
750 1464 984 1530 credatis,
1023 1465 1142 1535 quia
1171 1481 1261 1535 ego
1292 1482 1405 1518 sum
1430 1464 1719 1535 (Joan.14.

127 1556 198 1608 9.9
223 1556 265 1624 ).
298 1556 496 1611 Deinde
525 1572 654 1611 vero
687 1572 751 1610 nc
777 1558 899 1626 quis
932 1557 1355 1635 adversariorum
1390 1556 1504 1610 hare
1534 1571 1598 1611 eo
1625 1572 1719 1612 ne-

128 1647 359 1710 sciente,
391 1648 473 1701 vel
503 1648 573 1701 ob
604 1647 1018 1703 imbecillitatem
1050 1649 1256 1703 sinente
1280 1649 1390 1703 lieri
1416 1648 1594 1714 dicat;
1626 1650 1715 1719 qui

127 1739 271 1790 enim
301 1739 468 1791 multo
498 1748 619 1793 ante
666 1738 909 1808 praevidit
932 1780 948 1804 ,
998 1740 1171 1808 potuit
1197 1740 1355 1794 etiam
1405 1739 1664 1809 impedire
1698 1757 1714 1795 :

129 1844 234 1880 non
264 1829 534 1897 impedivit
569 1842 746 1884 autem
777 1871 791 1894 ,
823 1839 878 1885 ut
908 1828 1099 1884 fierent
1127 1831 1443 1900 insigniores
1472 1846 1711 1885 coronae.

127 1921 239 1976 llac
278 1922 344 1974 dc
365 1936 522 1975 causa
557 1923 798 1989 praedixit
846 1922 1006 1989 btec;
1052 1922 1145 1978 sed
1186 1923 1254 1977 ob
1304 1922 1459 1976 aliam
1502 1938 1715 1994 quoque

129 2012 339 2066 tertiam
386 2014 773 2080 prmnuntiavit.
803 2012 1057 2080 Qumnam
1088 2017 1298 2068 tandem
1332 2013 1458 2068 illa?
1490 2014 1554 2071 Ut
1582 2013 1713 2069 faci-

125 2102 231 2155 lius
268 2110 537 2157 certamen
579 2103 642 2156 iis
678 2102 944 2173 redderet,
971 2105 1059 2173 qui
1088 2105 1139 2158 in
1171 2104 1341 2158 stadio
1384 2116 1664 2159 versantur
1695 2123 1709 2159 :

126 2206 249 2244 nam
272 2208 389 2260 qua:
441 2194 802 2263 inexSpcctata
852 2204 977 2249 sunt
1016 2195 1150 2249 mala
1182 2236 1197 2261 ,
1227 2211 1575 2266 qumcumque
1624 2196 1709 2252 illa

127 2283 342 2337 tandem
393 2284 502 2342 sint
551 2290 730 2358 gravia
768 2297 821 2343 et
872 2287 1201 2343 intoleranda
1256 2288 1541 2354 videntur;
1592 2305 1712 2360 qua:

130 2384 256 2428 vero
288 2380 677 2446 pra-stolamnr,
706 2389 761 2434 ct
789 2379 852 2433 ad
893 2394 1012 2448 qua:
1040 2395 1137 2433 nos
1161 2381 1467 2447 excipienda
1490 2397 1710 2449 compa-

123 2484 347 2535 ramus,
382 2470 517 2524 levia
563 2469 842 2539 faciliaque
885 2470 1196 2525 redduntur.
1241 2470 1341 2536 Qui
1388 2481 1494 2525 tum
1535 2473 1710 2542 itaque

124 2567 247 2619 talia
284 2561 607 2615 mandabant
634 2560 944 2626 adversarii,
987 2577 1105 2616 cum
1148 2576 1297 2616 suam
1344 2562 1706 2617 crudelitatem

121 2653 509 2713 declarabant,
552 2659 661 2704 ttun
706 2650 1000 2721 prophetia:
1040 2652 1237 2706 Christi
1279 2655 1577 2707 nescientes
1626 2662 1707 2708 te-

121 2750 429 2802 stimonium
453 2743 719 2807 dicebant,
744 2754 796 2797 et
818 2742 1007 2797 fratres
1024 2744 1410 2798 tradebantura
1434 2743 1702 2811 fratribus,

120 2851 175 2895 et
202 2857 231 2895 a
256 2842 493 2910 patribus
532 2836 625 2890 lilii
651 2877 665 2900 ,
694 2837 900 2906 sibique
939 2837 1033 2906 ipsi
1062 2847 1247 2891 natura
1278 2837 1473 2891 bellum
1508 2836 1705 2892 infere-

120 2934 211 2989 bat
247 2951 260 2986 :
294 2935 347 2987 in
377 2935 604 3001 seipsam
649 2929 893 2997 cognatio
926 2928 1286 2994 scindebatur,
1331 2942 1517 2982 omnes
1564 2929 1706 2997 leges

120 3024 356 3079 funditus
376 3023 775 3082 evertebantur,
797 3019 972 3072 omnia
1004 3018 1229 3071 tunmltu
1252 3018 1479 3088 quodam
1509 3027 1563 3072 et
1585 3033 1707 3086 per-

120 3118 418 3174 turbatione
445 3115 805 3185 replcbantur,
837 3122 891 3166 et
924 3126 953 3165 a
984 3110 1315 3165 dmmonibus
1356 3110 1546 3164 domus
1593 3120 1702 3164 tum

121 3221 348 3282 cognato
376 3210 631 3278 sanguine
657 3205 1079 3274 complebantur.
1108 3203 1239 3259 Nam
1267 3204 1354 3272 qui
1399 3203 1561 3255 lilium
1591 3211 1700 3256 tra-

119 3304 250 3359 didit
276 3314 443 3373 pater,
469 3301 686 3356 omnino
719 3297 881 3355 etiam
924 3295 1186 3365 jugulavit
1215 3312 1227 3347 :
1259 3295 1380 3348 licet
1424 3295 1564 3347 enim
1602 3308 1701 3347 eu-

120 3410 229 3450 sem
252 3409 356 3448 non
387 3393 690 3462 impulerit,
732 3402 905 3459 neque
945 3387 1161 3442 dextera
1193 3385 1391 3441 cardcm
1442 3385 1660 3454 patrarit
1683 3424 1699 3449 ,

120 3495 298 3539 tamen
320 3483 481 3536 aniini
504 3482 759 3536 sententia
788 3494 901 3534 rem
930 3493 1141 3531 onmem
1171 3477 1373 3546 peregit
1399 3494 1411 3530 :
1444 3491 1565 3528 nam
1611 3476 1700 3545 qui

120 3575 416 3647 percussori
463 3574 732 3628 hominem
764 3570 1061 3627 necandum
1094 3568 1324 3632 tradidit,
1356 3568 1701 3623 homicidium

122 3667 232 3734 ipse
262 3665 547 3719 commisit.
592 3663 898 3718 Efﬁciamus
933 3661 1109 3731 igitur,
1136 3670 1195 3715 ut
1221 3660 1416 3715 liberos
1456 3674 1583 3714 suos
1611 3673 1703 3714 oc—

125 3756 325 3817 cidant,
360 3756 571 3809 aiebant
599 3754 909 3818 daemones;
954 3751 1238 3806 reddamus
1279 3752 1413 3805 lilios
1444 3766 1538 3821 per
1580 3767 1702 3821 pro-

120 3847 374 3901 ditionem
419 3845 750 3914 parricidas:
799 3846 931 3899 tales
971 3845 1113 3899 enim
1155 3844 1281 3898 olim
1326 3843 1428 3897 illis
1473 3843 1700 3898 victima:

121 3936 551 4002 immolabantur,
582 3950 635 3991 et
670 3946 844 4005 patres
866 3934 1005 3990 ﬁlios
1036 3935 1359 3989 mactabant.
1391 3937 1563 4004 Atque
1583 3934 1700 3990 hzec

120 4028 380 4097 prOpheta
432 4027 689 4081 clamabat
723 4026 909 4081 dicens
933 4068 947 4090 ,
978 4024 1372 4078 Immolaverunt
1394 4025 1528 4092 ﬁlios
1557 4041 1698 4092 suos,

118 4130 162 4173 et
191 4120 329 4188 ﬁlias
358 4136 473 4171 suas
504 4119 765 4173 dazmoniis
798 4117 968 4186 (Psal.
1012 4116 1129 4171 l05.
1160 4117 1225 4169 57
1257 4114 1277 4186 )
1313 4131 1326 4168 :
1359 4125 1412 4169 et
1437 4115 1697 4185 ejusmodi

118 4209 429 4277 sanguinem
454 4209 715 4262 sitiebant.

193 4301 621 4372 Edictojubeutur
642 4299 1022 4371 parentesﬁlios
1036 4297 1551 4368 deferre—Quando
1571 4311 1698 4366 ergo

119 4392 468 4447 cxsccrabilia
510 4392 607 4445 ista
647 4401 700 4444 et
746 4389 1097 4444 abominanda
1147 4388 1403 4442 sacriﬁcia
1455 4386 1699 4443 Christus

121 4481 454 4545 inhibuerat,
489 4495 745 4534 renovare
794 4494 975 4533 rursus
1014 4478 1099 4531 illa
1132 4477 1560 4543 contendebant;
1602 4493 1693 4532 vc-

120 4591 235 4627 rum
290 4572 621 4641 impudenter
669 4571 879 4640 quidem
938 4578 992 4625 et
1039 4580 1220 4639 aperte
1264 4571 1484 4636 dicere,
1534 4570 1697 4626 Filios

118 4674 325 4717 vestros
356 4670 601 4726 mactate,
634 4676 736 4715 non
759 4662 1060 4715 audebant:
1089 4663 1264 4736 nullus
1284 4663 1424 4717 cnim
1451 4663 1552 4716 illis
1584 4679 1697 4715 mo-

118 4770 231 4807 rem
261 4754 511 4822 geSsisset
540 4771 551 4806 :
580 4752 671 4805 sed
694 4751 792 4805 alia
827 4753 1033 4806 ratione
1067 4753 1296 4808 edictum
1335 4755 1691 4819 concinnant,

116 4859 181 4899 ac
210 4844 378 4913 legem
414 4843 882 4898 comminiscuntur
913 4861 926 4895 :
957 4859 1050 4912 per
1073 4844 1281 4912 judices
1318 4845 1609 4914 imperant,
1641 4854 1697 4899 ut

119 4946 370 5004 parentes
402 4937 534 4991 ﬁlios
591 4937 818 5008 prodant
868 4956 881 4992 ε
913 4937 1042 4991 nihil
1074 4938 1214 4991 enim
1266 4948 1448 4992 nostra
1478 4939 1699 4993 interest

115 5029 228 5081 sive
274 5035 470 5080 mactet
513 5030 669 5097 quis,
719 5028 828 5082 sive
874 5027 1211 5081 mactandum
1269 5026 1431 5083 tilium
1478 5028 1693 5082 tradat:

116 5135 239 5172 nam
270 5127 324 5173 et
352 5117 436 5172 hic
465 5128 519 5173 et
563 5120 652 5175 ille
700 5120 987 5175 liberorum
1017 5129 1100 5175 est
1143 5119 1471 5185 interfector.
1504 5120 1697 5176 Videre

112 5212 278 5279 igitur
302 5220 420 5265 erat
459 5210 746 5279 parricidas
773 5253 788 5277 ,
830 5212 1116 5267 liberorum
1143 5210 1512 5267 interfectores
1536 5252 1551 5277 ,
1586 5211 1695 5264 fra-

112 5301 371 5367 tricidas;
420 5303 672 5357 tumultus
726 5318 791 5357 ac
843 5303 1259 5373 perturbationis
1312 5303 1489 5356 omnia
1540 5302 1694 5372 plena

110 5400 269 5443 erant
301 5407 315 5443 :
348 5400 402 5445 at
428 5392 676 5447 mulieres
701 5392 808 5446 alta
848 5393 1227 5461 tranquillitate
1250 5392 1597 5448 fruebantur:
1626 5394 1697 5447 si-

109 5481 330 5549 quidem
362 5481 592 5552 undique
618 5483 733 5538 illas
762 5499 885 5554 spes
911 5482 1207 5537 futurorum
1238 5484 1528 5549 muniebat,
1561 5499 1695 5553 quo-

112 5573 258 5624 niam
305 5579 359 5625 et
387 5587 608 5643 peregre
635 5589 754 5626 cum
799 5572 1095 5642 degerent,
1147 5588 1369 5644 peregre
1405 5589 1508 5628 non
1539 5573 1696 5643 dege—

111 5660 245 5715 bant
278 5679 291 5713 :
328 5678 509 5718 veram
537 5664 678 5718 enim
709 5668 929 5733 patriam
972 5664 1130 5720 fidem
1173 5666 1478 5732 habebant,
1510 5665 1695 5722 civita-

112 5763 221 5805 tem
248 5753 517 5820 propriam
558 5753 823 5810 habebant
852 5757 1257 5821 confessionem,
1284 5765 1471 5812 etcum
1500 5758 1694 5826 optima

107 5859 206 5913 spe
231 5847 523 5909 alerentur,
544 5846 702 5898 nullis
727 5846 887 5902 rebus
911 5849 1258 5918 prazsentibus
1281 5834 1646 5904 adiciebantur
1679 5866 1692 5901 :

1254 429 1338 483 DE
1375 428 1471 485 SS.
1518 424 1809 482 BERNICE
1851 425 1940 481 ΕΤ
1978 424 2347 485 PROSDOCE.

3324 435 3429 493 638

1841 537 2021 595 futura
2052 555 2283 612 namque
2309 541 2480 597 solum
2510 544 2838 613 spectabant.
2868 545 2980 601 lloc
3018 546 3175 618 igitur
3207 548 3260 603 in
3287 561 3424 607 statu

1836 647 1955 687 cum
1979 648 2063 687 res
2085 645 2287 698 essent,
2316 636 2385 689 ain
2430 635 2570 690 illam
2600 636 2785 692 urbem
2812 638 3027 695 advenit
3069 651 3219 713 pater
3247 644 3425 699 militi-

1836 725 1936 780 bus
1971 725 2037 780 ad
2067 728 2378 797 capiendam
2421 730 2654 799 prmdam
2693 732 2917 801 stipatus
2948 752 2960 788 :
2993 732 3206 789 advenit
3232 748 3381 806 pater
3408 778 3426 802 ,

1836 822 1890 867 et
1917 814 2168 881 maritus;
2200 816 2425 872 filiarum
2456 819 2669 888 quidem
2697 830 2867 890 pater,
2900 824 3080 879 uxoris
3110 836 3285 878 autem
3310 842 3425 879 ma-

1835 904 2007 958 ritus:
2038 906 2301 974 siquidem
2336 917 2538 977 patrem
2574 920 2664 964 aut
2697 912 2946 966 maritum
2987 930 3107 968 eum
3164 917 3419 985 appellari

1832 998 2195 1066 Oportet,qui
2248 998 2506 1067 ejusmodi
2545 1001 2595 1054 in
2648 1002 2805 1056 rebus
2851 1004 3203 1060 ministerium
3261 1022 3415 1063 suum

1833 1083 2183 1154 impenderet.
2235 1092 2303 1143 At
2347 1089 2489 1145 enim
2523 1107 2800 1160 parcamus
2830 1094 2900 1149 illi
2933 1136 2947 1161 ,
2993 1106 3248 1167 quantum
3307 1100 3419 1154 fieri

1831 1186 2024 1244 potest,
2061 1179 2489 1249 quandoquidem
2546 1192 2695 1250 pater
2735 1195 3063 1256 martyrum,
3098 1199 3151 1242 et
3195 1192 3417 1245 maritus

1831 1270 2081 1339 martyris
2126 1270 2222 1324 fuit
2256 1287 2269 1333 ;
2303 1289 2476 1341 neque
2504 1273 2743 1329 dolorem
2776 1278 3008 1333 vulneris
3040 1280 3155 1349 ejus
3180 1282 3419 1337 crimini-

1828 1357 1928 1413 bus
1966 1362 2159 1415 nostris
2186 1378 2492 1433 augeamus.

1899 1451 1950 1505 6.
1988 1452 2066 1507 Tu
2093 1470 2220 1509 vero
2252 1456 2379 1510 mihi
2411 1458 2692 1513 mulierum
2724 1463 3055 1529 prudentiam
3082 1467 3361 1523 considera
3391 1486 3409 1527 :

1825 1557 1944 1597 cum
1987 1546 2127 1599 enim
2175 1546 2479 1618 fugiendum
2529 1560 2663 1616 erat,
2705 1550 2953 1622 fugerunt
2985 1573 2998 1608 :
3030 1571 3149 1610 cum
3186 1559 3415 1616 ineunda

1825 1645 1977 1690 erant
2016 1640 2306 1693 certamina
2324 1681 2339 1704 ,
2366 1643 2755 1711 constiterunt,
2783 1656 2834 1700 et
2862 1662 3043 1702 amore
3069 1648 3264 1705 Christi
3295 1652 3413 1707 vin-

1824 1735 1925 1780 ctze
1978 1729 2381 1798 sequebantur:
2414 1741 2470 1787 ut
2523 1734 2664 1788 enim
2717 1738 3035 1792 tentatioiies
3080 1742 3413 1797 accersenda:

1822 1832 1930 1871 non
1972 1830 2132 1886 sunt,
2175 1821 2245 1874 ita
2293 1837 2412 1876 cum
2455 1823 2770 1880 advenerim
2801 1826 3183 1884 decertandum
3213 1842 3327 1896 est,
3358 1843 3414 1889 ut

1822 1908 1945 1964 inde
1973 1919 2171 1966 nostra:
2201 1912 2463 1977 lenitatis,
2493 1914 2616 1969 hinc
2642 1926 2837 1970 nostra:
2877 1917 3204 1975 fortitudinis
3233 1924 3413 1991 speci-

1820 2015 1943 2055 men
1973 2001 2226 2068 edamus;
2271 2003 2320 2056 id
2356 2003 2498 2073 quod
2540 2016 2593 2059 et
2631 2005 2735 2059 ilhc
2778 2018 2886 2061 tum
2918 2007 3160 2064 fecerunt
3197 2024 3294 2067 :et
3320 2029 3409 2068 re-

1819 2106 1987 2145 vcrsm
2016 2102 2179 2161 sunt,
2216 2109 2279 2148 ac
2304 2093 2664 2150 deccrtarnnt.
2709 2097 2919 2152 Etenim
2963 2111 3201 2169 apertum
3235 2101 3410 2159 fuerat

1819 2181 2084 2250 stadium,
2130 2193 2184 2239 et
2222 2185 2286 2238 ad
2331 2187 2621 2240 certamina
2662 2199 2870 2258 tempus
2910 2191 3195 2258 invitabat;
3239 2210 3408 2264 genus

1817 2282 1994 2327 autem
2023 2277 2207 2344 agOnis
2236 2276 2332 2330 fuit
2358 2278 2637 2345 ejusmodi.

1891 2362 2210 2433 Hierapolim
2238 2369 2563 2437 perveniunt,
2608 2369 2780 2424 urbem
2828 2371 2962 2426 Asiw
2990 2376 3216 2431 minoris.
3250 2377 3399 2432 Chri-

1742 2456 1760 2463 ”
1816 2465 1891 2508 sto
1919 2460 2098 2511 comite
2122 2477 2175 2512 se
2202 2460 2254 2513 in
2284 2462 2473 2529 flumen
2504 2464 2796 2533 projiciuut.
2838 2464 3153 2536 Bapft'smttm
3175 2472 3403 2543 appellat

1815 2561 2023 2603 mortem
2064 2552 2117 2604 in
2161 2554 2643 2623 martyrioobitam.
2692 2586 2766 2596 -—
2804 2557 3076 2614 Venerunt
3119 2562 3168 2615 in
3215 2566 3402 2622 urbem

1817 2638 2137 2711 Hierapolim
2170 2644 2408 2712 nomine,
2446 2646 2681 2716 indeque
2708 2664 2832 2703 vere
2867 2651 2931 2704 ad
2975 2666 3180 2707 sacram
3218 2658 3401 2713 urbem

1816 2736 1905 2790 tali
1939 2738 2178 2792 machina
2217 2740 2487 2795 subvectae
2521 2742 2894 2797 ascenderunt.
2929 2745 3076 2798 Viam
3106 2748 3273 2816 illam,
3302 2766 3403 2820 qua

1814 2826 2051 2882 redibant
2079 2870 2094 2894 ,
2138 2829 2327 2886 ﬂuvius
2373 2832 2763 2900 praeterﬂuebat
2803 2835 2936 2889 clam
2979 2837 3232 2895 militibus
3257 2882 3272 2906 ,
3313 2845 3402 2911 qui

1812 2919 2092 2988 prandium
2124 2923 2403 2977 smnebant
2433 2933 2483 2978 et
2512 2924 2913 2980 iuebriahantur
2940 2945 2953 2979 :
2978 2940 3097 2983 sunt
3129 2932 3288 2984 etiam
3311 2933 3400 3003 qui

1811 3007 1985 3063 dicant
2015 3010 2230 3066 conscio
2268 3022 2322 3067 et
2349 3014 2591 3083 adjutore
2631 3025 2782 3084 patre
2825 3017 2942 3072 illas
2984 3034 3106 3074 usas
3141 3036 3262 3076 esse
3286 3066 3301 3090 ,
3348 3031 3405 3079 ut

1816 3100 2012 3154 milites
2052 3102 2335 3169 fallerent,
2366 3088 2507 3173 quod
2534 3115 2587 3159 et
2616 3108 2777 3160 credo
2812 3125 2825 3160 :
2856 3108 3092 3162 fortassis
3117 3112 3257 3164 enim
3288 3088 3403 3167 rhoc

1812 3189 1935 3245 ideo
1976 3193 2101 3246 fecit
2124 3234 2138 3257 ,
2185 3202 2243 3247 ut
2282 3196 2470 3264 exigua
2499 3198 2684 3250 saltem
2714 3199 3057 3254 excusatione
3086 3202 3399 3269 proditionis

1810 3282 1968 3351 hujus
1991 3285 2159 3353 gratia
2190 3284 2239 3338 in
2271 3286 2357 3340 die
2377 3287 2559 3354 judicii
2586 3288 2741 3342 saluti
2765 3304 2873 3344 sua:
2906 3292 3226 3358 provideret,
3258 3295 3399 3364 quod

1810 3386 2026 3440 operam
2054 3375 2441 3442 commodarit,
2475 3386 2529 3431 et
2553 3378 2849 3446 adjuverit,
2887 3390 3046 3450 atque
3085 3382 3149 3436 ad
3198 3395 3399 3457 marty-

1808 3464 1945 3519 rium
1988 3464 2278 3523 faciliorem
2306 3484 2518 3523 cursum
2560 3471 2850 3527 reddiderit
2880 3493 2891 3503 ο
2923 3475 3012 3529 illo
3040 3476 3198 3546 igitur
3221 3479 3275 3533 in
3304 3495 3400 3535 au-

1807 3559 1990 3612 xilium
2022 3561 2209 3628 ascito,
2242 3571 2297 3616 et
2320 3578 2440 3616 cum
2468 3564 2583 3632 ejus
2609 3580 2768 3634 opera
2798 3567 2994 3622 milites
3018 3586 3270 3627 amovere
3302 3589 3397 3640 po-

1809 3650 2054 3712 tuiSscnt,
2103 3651 2153 3703 in
2206 3653 2437 3708 medium
2488 3653 2685 3708 ﬂuuiten
2738 3656 2987 3727 ingressae
3033 3671 3176 3724 sunt,
3231 3676 3396 3730 seque

1808 3741 1949 3808 ipsas
1976 3741 2029 3795 in
2056 3743 2143 3796 illa
2173 3742 2368 3799 ﬂuenta
2398 3746 2747 3802 demiserunt.
2788 3748 3023 3817 lngrcssa
3052 3762 3133 3805 est
3159 3768 3276 3806 cum
3305 3770 3397 3822 ge-

1808 3832 1965 3886 minis
1996 3832 2204 3888 filiabus
2240 3844 2409 3890 mater
2440 3853 2455 3889 :
2486 3838 2705 3892 audiant
2742 3847 2795 3893 et
2822 3849 3020 3894 matres
3048 3852 3101 3894 et
3131 3842 3393 3913 virgines,

1808 3921 1892 3976 ba:
1927 3925 2140 3992 quidem
2185 3927 2262 3981 sic
2291 3929 2551 3984 matribus
2592 3939 2840 3998 pareant,
2866 3932 2970 3986 ilhc
2996 3949 3122 3987 vero
3147 3934 3281 3989 filias
3317 3937 3395 3991 sic

1807 4016 2111 4082 instituant,
2136 4019 2206 4073 ita
2231 4019 2430 4075 liberos
2449 4020 2688 4090 diligant.
2713 4021 2951 4093 ingressa
2974 4034 3054 4079 est
3078 4025 3253 4096 itaque
3280 4044 3393 4083 me-

1805 4107 1888 4165 dia
1922 4119 2091 4164 mater
2118 4112 2382 4180 utrimque
2415 4111 2551 4165 filias
2578 4126 2757 4167 secum
2800 4114 3032 4180 habens;
3062 4132 3181 4186 qua:
3219 4118 3391 4175 virum

1805 4198 2035 4255 habebat
2067 4201 2118 4254 in
2145 4201 2321 4255 medio
2347 4202 2684 4272 innuptarum
2717 4222 2728 4255 :
2761 4214 2980 4274 eratque
3012 4207 3065 4261 in
3095 4209 3271 4267 medio
3296 4211 3396 4265 vir-

1802 4292 2039 4361 ginitatis
2063 4293 2475 4360 matrimonium,
2500 4304 2555 4349 et
2583 4295 2814 4364 ipsarum
2845 4297 2897 4351 in
2924 4298 3099 4352 medio
3123 4299 3388 4358 Christus.

1805 4381 1954 4438 Sicut
1984 4383 2144 4451 igitur
2177 4383 2329 4438 radix
2354 4386 2561 4440 arboris
2587 4384 2726 4441 binis
2756 4387 3053 4443 stolonibus
3123 4389 3393 4462 utrimque

1804 4478 2068 4531 stantibus
2098 4478 2319 4541 vallata,
2359 4478 2438 4532 sic
2467 4478 2734 4549 utrimque
2768 4480 2921 4535 beata
2971 4482 3056 4536 illa
3097 4484 3393 4555 virginibus
3474 4490 3481 4493 ⁷

1803 4571 1995 4639 stipata
2042 4570 2305 4636 intrabat,
2346 4579 2402 4625 et
2444 4570 2497 4624 in
2544 4586 2708 4641 aquas
2747 4573 2864 4628 illas
2896 4574 3170 4643 mittebat,
3216 4577 3394 4647 itaque

1802 4671 1927 4719 sunt
1948 4661 2239 4729 suffocataa,
2262 4664 2343 4718 vel
2368 4678 2508 4718 novo
2530 4665 2702 4732 potius
2723 4673 2777 4720 et
2801 4665 3054 4721 inusitato
3076 4666 3394 4737 baptismate

1805 4755 2103 4826 baptizatze.
2135 4757 2211 4810 Ac
2254 4756 2297 4810 si
2341 4771 2498 4813 nosse
2526 4757 2659 4812 velis
2694 4758 2893 4813 clarum
2934 4759 3067 4813 illud
3109 4760 3271 4817 fuisse
3295 4761 3392 4817 ba-

1803 4852 1993 4920 ptisma
2025 4850 2164 4919 quod
2191 4859 2397 4920 gestum
2419 4860 2520 4914 est,
2545 4852 2666 4906 audi
2688 4854 2954 4921 quomodo
2975 4866 3204 4910 mortem
3228 4872 3389 4913 suam

1804 4943 2060 5012 baptisma
2089 4942 2333 4999 Christus
2358 4945 2587 5013 appellet
2616 4962 2628 4998 :
2657 4944 2795 4999 filios
2815 4946 2955 5000 enim
2986 4948 3264 5019 alloquens
3291 4949 3394 5005 Zer-

1803 5035 2003 5102 bcdtci,
2061 5034 2278 5089 Calicem
2341 5036 2543 5105 quidem
2592 5054 2759 5091 meum
2804 5037 3011 5104 bibatis,
3072 5042 3279 5110 inquit,
3341 5052 3392 5096 et

1802 5127 2047 5195 baptismo
2073 5168 2086 5189 ,
2145 5143 2245 5196 quo
2276 5143 2391 5198 ego
2439 5128 2669 5197 baptizor
2690 5171 2704 5194 ,
2760 5129 3141 5199 baptizabimini
3185 5133 3203 5198 (
3219 5129 3392 5189 Marc.

1804 5217 1892 5270 10.
1924 5217 2043 5286 58).
2095 5216 2210 5282 Quo
2255 5232 2382 5270 vero
2413 5216 2674 5286 baptismo
2704 5218 3000 5288 baptizatus
3036 5227 3118 5273 est
3147 5218 3392 5275 Christus

1803 5316 1923 5376 post
1967 5306 2188 5360 Joannis
2219 5307 2561 5374 baptismum,
2609 5308 2708 5360 nisi
2752 5318 2931 5371 morte
2961 5323 3023 5360 ac.
3078 5323 3235 5362 cruce
3270 5308 3293 5361 ?
3325 5310 3391 5363 [ι

1800 5395 1960 5465 igitur
1995 5394 2225 5449 Iacobus
2266 5412 2371 5449 non
2410 5398 2551 5451 cruci
2594 5396 2803 5461 affixus,
2846 5397 2953 5449 sed
3004 5397 3177 5465 capite
3235 5407 3385 5451 trun-

1800 5495 1951 5542 catus
1997 5500 2145 5549 ense,
2196 5487 2461 5555 baptismo
2501 5488 2797 5555 baptizatus
2832 5496 2915 5542 cst
2952 5488 3145 5542 Christi
3177 5505 3193 5541 :
3230 5490 3306 5544 sic
3334 5501 3390 5546 ot

1800 5578 1916 5632 ista:
1944 5579 2067 5632 licet
2106 5578 2372 5632 crucilixa:
2412 5594 2515 5633 non
2547 5579 2779 5643 fuerint,
2825 5579 2918 5633 sed
2962 5580 3029 5633 ab
3077 5581 3231 5650 aquis
3282 5599 3384 5637 ne-

1800 5676 1966 5729 c.tt.'e,
1995 5666 2194 5722 Christi
2242 5678 2365 5722 sunt
2398 5669 2710 5738 baptismate
2749 5669 3045 5739 baptizatur.
3100 5671 3268 5727 Porro
3319 5675 3387 5729 il-

1802 5758 1879 5813 las
1904 5765 2076 5813 mater
2096 5758 2397 5827 baptizavit.
2425 5760 2562 5827 Quid
2587 5759 2709 5814 ais?
2736 5762 2926 5814 mulier
2956 5763 3222 5834 baptizat'!
3247 5765 3389 5822 Sane

1808 5834 2019 5920 quidem
2050 5850 2452 5922 baptismatibus
2476 5850 2733 5923 ejusaudi
2755 5852 3007 5909 mulieres
3036 5857 3194 5911 etiam
3224 5856 3389 5925 bapti-
