  <div class='ocr_page' id='page_1' title='image "/cluster/home/n/w/nwhite01/storage/ocr_20150623/50/mdp.39015066055818/235.png"; bbox 0 0 3860 6286; ppageno 0'>
   <div class='ocr_carea' id='block_1_1' title="bbox 401 419 506 476">
    <p class='ocr_par' dir='ltr' id='par_1_1' title="bbox 401 419 506 476">
     <span class='ocr_line' id='line_1_1' title="bbox 401 419 506 476; baseline -0.01 0"><span class='ocrx_word' id='word_1_1' title='bbox 401 419 506 476; x_wconf 78' lang='lat'><strong>6&#39;59</strong></span> 
     </span>
    </p>
   </div>
   <div class='ocr_carea' id='block_1_2' title="bbox 395 515 1981 597">
    <p class='ocr_par' dir='ltr' id='par_1_2' title="bbox 395 515 1981 597">
     <span class='ocr_line' id='line_1_2' title="bbox 395 515 1981 597; baseline -0.011 -11"><span class='ocrx_word' id='word_1_2' title='bbox 395 532 553 586; x_wconf 71' lang='lat' dir='ltr'><strong>aaut.</strong></span> <span class='ocrx_word' id='word_1_3' title='bbox 586 521 1029 597; x_wconf 89' lang='lat' dir='ltr'><strong>quemadmodum</strong></span> <span class='ocrx_word' id='word_1_4' title='bbox 1068 529 1123 575; x_wconf 94' lang='lat' dir='ltr'><strong>ct</strong></span> <span class='ocrx_word' id='word_1_5' title='bbox 1166 521 1251 574; x_wconf 92' lang='lat' dir='ltr'><strong>illa</strong></span> <span class='ocrx_word' id='word_1_6' title='bbox 1281 520 1461 589; x_wconf 91' lang='lat' dir='ltr'><strong>utique</strong></span> <span class='ocrx_word' id='word_1_7' title='bbox 1498 528 1549 571; x_wconf 90' lang='lat' dir='ltr'><strong>et</strong></span> <span class='ocrx_word' id='word_1_8' title='bbox 1575 515 1895 585; x_wconf 76' lang='lat' dir='ltr'><strong>baptizavit,</strong></span> <span class='ocrx_word' id='word_1_9' title='bbox 1925 522 1981 568; x_wconf 90' lang='lat' dir='ltr'><strong>ct</strong></span> 
     </span>
    </p>
   </div>
   <div class='ocr_carea' id='block_1_3' title="bbox 394 607 1981 682">
    <p class='ocr_par' dir='ltr' id='par_1_3' title="bbox 394 607 1981 682">
     <span class='ocr_line' id='line_1_3' title="bbox 394 607 1981 682; baseline -0.012 -6"><span class='ocrx_word' id='word_1_10' title='bbox 394 618 649 676; x_wconf 77' lang='lat' dir='ltr'><strong>sacerdos</strong></span> <span class='ocrx_word' id='word_1_11' title='bbox 689 626 773 671; x_wconf 90' lang='lat' dir='ltr'><strong>est</strong></span> <span class='ocrx_word' id='word_1_12' title='bbox 809 614 982 668; x_wconf 85' lang='lat' dir='ltr'><strong>facta:</strong></span> <span class='ocrx_word' id='word_1_13' title='bbox 1023 611 1280 682; x_wconf 91' lang='lat' dir='ltr'><strong>siquidem</strong></span> <span class='ocrx_word' id='word_1_14' title='bbox 1318 610 1560 663; x_wconf 83' lang='lat' dir='ltr'><strong>victimas</strong></span> <span class='ocrx_word' id='word_1_15' title='bbox 1609 607 1811 661; x_wconf 84' lang='lat' dir='ltr'><strong>ratione</strong></span> <span class='ocrx_word' id='word_1_16' title='bbox 1837 619 1981 674; x_wconf 71' lang='lat' dir='ltr'><strong>prm-</strong></span> 
     </span>
    </p>
   </div>
   <div class='ocr_carea' id='block_1_4' title="bbox 397 696 1983 773">
    <p class='ocr_par' dir='ltr' id='par_1_4' title="bbox 397 696 1983 773">
     <span class='ocr_line' id='line_1_4' title="bbox 397 696 1983 773; baseline -0.013 -3"><span class='ocrx_word' id='word_1_17' title='bbox 397 716 538 770; x_wconf 88' lang='lat' dir='ltr'><strong>ditas</strong></span> <span class='ocrx_word' id='word_1_18' title='bbox 563 710 770 772; x_wconf 86' lang='lat' dir='ltr'><strong>obtulit,</strong></span> <span class='ocrx_word' id='word_1_19' title='bbox 794 717 847 761; x_wconf 88' lang='lat' dir='ltr'><strong>et</strong></span> <span class='ocrx_word' id='word_1_20' title='bbox 870 704 1028 759; x_wconf 90' lang='lat' dir='ltr'><strong>animi</strong></span> <span class='ocrx_word' id='word_1_21' title='bbox 1059 702 1384 773; x_wconf 84' lang='lat' dir='ltr'><strong>propositum</strong></span> <span class='ocrx_word' id='word_1_22' title='bbox 1417 701 1489 755; x_wconf 89' lang='lat' dir='ltr'><strong>illi</strong></span> <span class='ocrx_word' id='word_1_23' title='bbox 1519 698 1871 753; x_wconf 80' lang='lat' dir='ltr'><strong>ordinationis</strong></span> <span class='ocrx_word' id='word_1_24' title='bbox 1901 696 1983 750; x_wconf 54' lang='lat' dir='ltr'><strong>lo.</strong></span> 
     </span>
    </p>
   </div>
   <div class='ocr_carea' id='block_1_5' title="bbox 396 788 1981 877">
    <p class='ocr_par' dir='ltr' id='par_1_5' title="bbox 396 788 1981 877">
     <span class='ocr_line' id='line_1_5' title="bbox 396 788 1981 877; baseline -0.014 -14"><span class='ocrx_word' id='word_1_25' title='bbox 396 825 517 864; x_wconf 90' lang='lat' dir='ltr'><strong>cum</strong></span> <span class='ocrx_word' id='word_1_26' title='bbox 536 802 796 877; x_wconf 78' lang='lat' dir='ltr'><strong>supplevit</strong></span> <span class='ocrx_word' id='word_1_27' title='bbox 816 821 827 855; x_wconf 91' lang='lat'>:</span> <span class='ocrx_word' id='word_1_28' title='bbox 844 798 1090 869; x_wconf 89' lang='lat' dir='ltr'><strong>quodque</strong></span> <span class='ocrx_word' id='word_1_29' title='bbox 1109 797 1297 851; x_wconf 89' lang='lat' dir='ltr'><strong>mirum</strong></span> <span class='ocrx_word' id='word_1_30' title='bbox 1321 803 1421 861; x_wconf 89' lang='lat' dir='ltr'><strong>est,</strong></span> <span class='ocrx_word' id='word_1_31' title='bbox 1441 809 1544 847; x_wconf 92' lang='lat' dir='ltr'><strong>non</strong></span> <span class='ocrx_word' id='word_1_32' title='bbox 1566 791 1787 861; x_wconf 83' lang='lat' dir='ltr'><strong>indignit</strong></span> <span class='ocrx_word' id='word_1_33' title='bbox 1803 789 1879 843; x_wconf 85' lang='lat' dir='ltr'><strong>alt</strong></span> <span class='ocrx_word' id='word_1_34' title='bbox 1897 788 1981 855; x_wconf 55' lang='lat' dir='ltr'><strong>iri,</strong></span> 
     </span>
    </p>
   </div>
   <div class='ocr_carea' id='block_1_6' title="bbox 400 880 1982 959">
    <p class='ocr_par' dir='ltr' id='par_1_6' title="bbox 400 880 1982 959">
     <span class='ocr_line' id='line_1_6' title="bbox 400 880 1982 959; baseline -0.013 -7"><span class='ocrx_word' id='word_1_35' title='bbox 400 915 517 953; x_wconf 85' lang='lat' dir='ltr'><strong>cum</strong></span> <span class='ocrx_word' id='word_1_36' title='bbox 547 894 889 955; x_wconf 89' lang='lat' dir='ltr'><strong>sacriﬁcaret,</strong></span> <span class='ocrx_word' id='word_1_37' title='bbox 911 904 1009 945; x_wconf 91' lang='lat' dir='ltr'><strong>nec</strong></span> <span class='ocrx_word' id='word_1_38' title='bbox 1033 888 1209 959; x_wconf 81' lang='lat' dir='ltr'><strong>lignis,</strong></span> <span class='ocrx_word' id='word_1_39' title='bbox 1230 902 1329 940; x_wconf 91' lang='lat' dir='ltr'><strong>nec</strong></span> <span class='ocrx_word' id='word_1_40' title='bbox 1358 888 1497 954; x_wconf 83' lang='lat' dir='ltr'><strong>igne.</strong></span> <span class='ocrx_word' id='word_1_41' title='bbox 1521 898 1617 936; x_wconf 88' lang='lat' dir='ltr'><strong>nec</strong></span> <span class='ocrx_word' id='word_1_42' title='bbox 1644 881 1817 952; x_wconf 76' lang='lat' dir='ltr'><strong>gladio</strong></span> <span class='ocrx_word' id='word_1_43' title='bbox 1845 898 1857 932; x_wconf 85' lang='lat'><strong>:</strong></span> <span class='ocrx_word' id='word_1_44' title='bbox 1880 880 1982 932; x_wconf 87' lang='lat' dir='ltr'><strong>ﬂu-</strong></span> 
     </span>
    </p>
   </div>
   <div class='ocr_carea' id='block_1_7' title="bbox 400 976 1983 1046">
    <p class='ocr_par' dir='ltr' id='par_1_7' title="bbox 400 976 1983 1046">
     <span class='ocr_line' id='line_1_7' title="bbox 400 976 1983 1046; baseline -0.013 -2"><span class='ocrx_word' id='word_1_45' title='bbox 400 996 518 1046; x_wconf 72' lang='lat' dir='ltr'><strong>vius</strong></span> <span class='ocrx_word' id='word_1_46' title='bbox 536 990 677 1045; x_wconf 91' lang='lat' dir='ltr'><strong>cnim</strong></span> <span class='ocrx_word' id='word_1_47' title='bbox 696 987 771 1041; x_wconf 90' lang='lat' dir='ltr'><strong>illi</strong></span> <span class='ocrx_word' id='word_1_48' title='bbox 789 984 1024 1039; x_wconf 91' lang='lat' dir='ltr'><strong>omnium</strong></span> <span class='ocrx_word' id='word_1_49' title='bbox 1048 982 1166 1036; x_wconf 89' lang='lat' dir='ltr'><strong>loco</strong></span> <span class='ocrx_word' id='word_1_50' title='bbox 1186 980 1298 1041; x_wconf 85' lang='lat' dir='ltr'><strong>fuit,</strong></span> <span class='ocrx_word' id='word_1_51' title='bbox 1324 990 1378 1034; x_wconf 94' lang='lat' dir='ltr'><strong>et</strong></span> <span class='ocrx_word' id='word_1_52' title='bbox 1406 978 1610 1041; x_wconf 83' lang='lat' dir='ltr'><strong>altaris,</strong></span> <span class='ocrx_word' id='word_1_53' title='bbox 1629 976 1983 1045; x_wconf 86' lang='lat' dir='ltr'><strong>etlignornm,</strong></span> 
     </span>
    </p>
   </div>
   <div class='ocr_carea' id='block_1_8' title="bbox 398 1063 1986 1153">
    <p class='ocr_par' dir='ltr' id='par_1_8' title="bbox 398 1063 1986 1153">
     <span class='ocr_line' id='line_1_8' title="bbox 398 1063 1986 1153; baseline -0.014 -15"><span class='ocrx_word' id='word_1_54' title='bbox 398 1095 449 1139; x_wconf 88' lang='lat' dir='ltr'><strong>et</strong></span> <span class='ocrx_word' id='word_1_55' title='bbox 490 1080 683 1153; x_wconf 86' lang='lat' dir='ltr'><strong>gladii,</strong></span> <span class='ocrx_word' id='word_1_56' title='bbox 710 1089 763 1134; x_wconf 91' lang='lat' dir='ltr'><strong>et</strong></span> <span class='ocrx_word' id='word_1_57' title='bbox 792 1077 948 1147; x_wconf 80' lang='lat' dir='ltr'><strong>ignis,</strong></span> <span class='ocrx_word' id='word_1_58' title='bbox 980 1084 1033 1129; x_wconf 93' lang='lat' dir='ltr'><strong>et</strong></span> <span class='ocrx_word' id='word_1_59' title='bbox 1060 1072 1325 1134; x_wconf 86' lang='lat' dir='ltr'><strong>sacriﬁcii,</strong></span> <span class='ocrx_word' id='word_1_60' title='bbox 1350 1082 1401 1125; x_wconf 89' lang='lat' dir='ltr'><strong>et</strong></span> <span class='ocrx_word' id='word_1_61' title='bbox 1432 1068 1702 1138; x_wconf 85' lang='lat' dir='ltr'><strong>baptismi,</strong></span> <span class='ocrx_word' id='word_1_62' title='bbox 1736 1063 1986 1133; x_wconf 75' lang='lat' dir='ltr'><strong>baptismi</strong></span> 
     </span>
    </p>
   </div>
   <div class='ocr_carea' id='block_1_9' title="bbox 401 1155 1990 1242">
    <p class='ocr_par' dir='ltr' id='par_1_9' title="bbox 401 1155 1990 1242">
     <span class='ocr_line' id='line_1_9' title="bbox 401 1155 1990 1242; baseline -0.012 -15"><span class='ocrx_word' id='word_1_63' title='bbox 401 1174 614 1242; x_wconf 78' lang='lat' dir='ltr'><strong>quidem</strong></span> <span class='ocrx_word' id='word_1_64' title='bbox 636 1171 801 1225; x_wconf 91' lang='lat' dir='ltr'><strong>multo</strong></span> <span class='ocrx_word' id='word_1_65' title='bbox 821 1166 1162 1222; x_wconf 88' lang='lat' dir='ltr'><strong>evidentioris</strong></span> <span class='ocrx_word' id='word_1_66' title='bbox 1191 1163 1293 1217; x_wconf 95' lang='lat' dir='ltr'><strong>hoc</strong></span> <span class='ocrx_word' id='word_1_67' title='bbox 1318 1160 1633 1229; x_wconf 78' lang='lat' dir='ltr'><strong>baptismo‘.</strong></span> <span class='ocrx_word' id='word_1_68' title='bbox 1648 1157 1780 1211; x_wconf 88' lang='lat' dir='ltr'><strong>Nam</strong></span> <span class='ocrx_word' id='word_1_69' title='bbox 1799 1156 1865 1210; x_wconf 90' lang='lat' dir='ltr'><strong>de</strong></span> <span class='ocrx_word' id='word_1_70' title='bbox 1889 1155 1990 1208; x_wconf 89' lang='lat' dir='ltr'><strong>hoc</strong></span> 
     </span>
    </p>
   </div>
   <div class='ocr_carea' id='block_1_10' title="bbox 402 1246 1991 1336">
    <p class='ocr_par' dir='ltr' id='par_1_10' title="bbox 402 1246 1991 1336">
     <span class='ocr_line' id='line_1_10' title="bbox 402 1246 1991 1336; baseline -0.014 -15"><span class='ocrx_word' id='word_1_71' title='bbox 402 1267 613 1336; x_wconf 83' lang='lat' dir='ltr'><strong>quidem</strong></span> <span class='ocrx_word' id='word_1_72' title='bbox 631 1265 705 1318; x_wconf 86' lang='lat' dir='ltr'><strong>ait</strong></span> <span class='ocrx_word' id='word_1_73' title='bbox 726 1261 921 1315; x_wconf 88' lang='lat' dir='ltr'><strong>Paulus</strong></span> <span class='ocrx_word' id='word_1_74' title='bbox 938 1250 953 1311; x_wconf 74' lang='grc' dir='ltr'><strong>εΔ</strong></span> <span class='ocrx_word' id='word_1_75' title='bbox 973 1256 1310 1327; x_wconf 82' lang='lat' dir='ltr'><strong>Complautati</strong></span> <span class='ocrx_word' id='word_1_76' title='bbox 1336 1254 1457 1326; x_wconf 79' lang='lat' dir='ltr'><strong>[acti</strong></span> <span class='ocrx_word' id='word_1_77' title='bbox 1478 1266 1648 1305; x_wconf 76' lang='lat' dir='ltr'><strong>sumus</strong></span> <span class='ocrx_word' id='word_1_78' title='bbox 1674 1246 1991 1303; x_wconf 74' lang='lat' dir='ltr'><strong>similitudini</strong></span> 
     </span>
    </p>
   </div>
   <div class='ocr_carea' id='block_1_11' title="bbox 404 1346 1990 1427">
    <p class='ocr_par' dir='ltr' id='par_1_11' title="bbox 404 1346 1990 1427">
     <span class='ocr_line' id='line_1_11' title="bbox 404 1346 1990 1427; baseline -0.014 -16"><span class='ocrx_word' id='word_1_79' title='bbox 404 1358 577 1412; x_wconf 78' lang='lat' dir='ltr'><strong>mortis</strong></span> <span class='ocrx_word' id='word_1_80' title='bbox 600 1358 708 1427; x_wconf 76' lang='lat' dir='ltr'><strong>ejus</strong></span> <span class='ocrx_word' id='word_1_81' title='bbox 731 1354 905 1426; x_wconf 81' lang='lat' dir='ltr'><strong>(Rom.</strong></span> <span class='ocrx_word' id='word_1_82' title='bbox 933 1351 987 1405; x_wconf 85' lang='lat'><strong>6.</strong></span> <span class='ocrx_word' id='word_1_83' title='bbox 1013 1352 1046 1404; x_wconf 75' lang='grc'><strong>5</strong></span> <span class='ocrx_word' id='word_1_84' title='bbox 1075 1350 1093 1419; x_wconf 92' lang='grc'><strong>)</strong></span> <span class='ocrx_word' id='word_1_85' title='bbox 1125 1365 1138 1400; x_wconf 91' lang='lat'><strong>:</strong></span> <span class='ocrx_word' id='word_1_86' title='bbox 1173 1347 1240 1402; x_wconf 88' lang='lat' dir='ltr'><strong>de</strong></span> <span class='ocrx_word' id='word_1_87' title='bbox 1260 1346 1522 1415; x_wconf 86' lang='lat' dir='ltr'><strong>baptismo</strong></span> <span class='ocrx_word' id='word_1_88' title='bbox 1546 1358 1671 1397; x_wconf 77' lang='lat' dir='ltr'><strong>vero</strong></span> <span class='ocrx_word' id='word_1_89' title='bbox 1699 1347 1990 1410; x_wconf 79' lang='lat' dir='ltr'><strong>martyrum</strong></span> 
     </span>
    </p>
   </div>
   <div class='ocr_carea' id='block_1_12' title="bbox 403 1428 1993 1518">
    <p class='ocr_par' dir='ltr' id='par_1_12' title="bbox 403 1428 1993 1518">
     <span class='ocr_line' id='line_1_12' title="bbox 403 1428 1993 1518; baseline -0.014 -14"><span class='ocrx_word' id='word_1_90' title='bbox 403 1467 507 1505; x_wconf 89' lang='lat' dir='ltr'><strong>non</strong></span> <span class='ocrx_word' id='word_1_91' title='bbox 522 1451 630 1518; x_wconf 87' lang='lat' dir='ltr'><strong>jam</strong></span> <span class='ocrx_word' id='word_1_92' title='bbox 649 1442 979 1502; x_wconf 87' lang='lat' dir='ltr'><strong>similitudini</strong></span> <span class='ocrx_word' id='word_1_93' title='bbox 1008 1441 1122 1509; x_wconf 85' lang='lat' dir='ltr'><strong>ejus</strong></span> <span class='ocrx_word' id='word_1_94' title='bbox 1148 1439 1242 1503; x_wconf 85' lang='lat' dir='ltr'><strong>ait,</strong></span> <span class='ocrx_word' id='word_1_95' title='bbox 1261 1437 1354 1492; x_wconf 87' lang='lat' dir='ltr'><strong>sed</strong></span> <span class='ocrx_word' id='word_1_96' title='bbox 1374 1432 1691 1503; x_wconf 85' lang='lat' dir='ltr'><strong>conﬁgurari</strong></span> <span class='ocrx_word' id='word_1_97' title='bbox 1714 1446 1810 1484; x_wconf 91' lang='lat' dir='ltr'><strong>nos</strong></span> <span class='ocrx_word' id='word_1_98' title='bbox 1834 1428 1993 1483; x_wconf 86' lang='lat' dir='ltr'><strong>morti</strong></span> 
     </span>
    </p>
   </div>
   <div class='ocr_carea' id='block_1_13' title="bbox 403 1526 1997 1611">
    <p class='ocr_par' dir='ltr' id='par_1_13' title="bbox 403 1526 1997 1611">
     <span class='ocr_line' id='line_1_13' title="bbox 403 1526 1997 1611; baseline -0.013 -15"><span class='ocrx_word' id='word_1_99' title='bbox 403 1547 522 1610; x_wconf 85' lang='lat' dir='ltr'><strong>cjus</strong></span> <span class='ocrx_word' id='word_1_100' title='bbox 571 1540 826 1611; x_wconf 78' lang='lat' dir='ltr'><strong>(Philipp.</strong></span> <span class='ocrx_word' id='word_1_101' title='bbox 863 1537 916 1590; x_wconf 80' lang='grc'><strong>5.</strong></span> <span class='ocrx_word' id='word_1_102' title='bbox 952 1532 1063 1604; x_wconf 80' lang='grc'><strong>10).</strong></span> <span class='ocrx_word' id='word_1_103' title='bbox 1108 1530 1394 1586; x_wconf 89' lang='lat' dir='ltr'><strong>lnducebat</strong></span> <span class='ocrx_word' id='word_1_104' title='bbox 1434 1529 1611 1597; x_wconf 89' lang='lat' dir='ltr'><strong>itaque</strong></span> <span class='ocrx_word' id='word_1_105' title='bbox 1652 1526 1790 1579; x_wconf 88' lang='lat' dir='ltr'><strong>ﬁlias</strong></span> <span class='ocrx_word' id='word_1_106' title='bbox 1825 1533 1997 1597; x_wconf 87' lang='lat' dir='ltr'><strong>mater</strong></span> 
     </span>
    </p>
   </div>
   <div class='ocr_carea' id='block_1_14' title="bbox 407 1614 1997 1701">
    <p class='ocr_par' dir='ltr' id='par_1_14' title="bbox 407 1614 1997 1701">
     <span class='ocr_line' id='line_1_14' title="bbox 407 1614 1997 1701; baseline -0.014 -14"><span class='ocrx_word' id='word_1_107' title='bbox 407 1648 515 1687; x_wconf 86' lang='lat' dir='ltr'><strong>non</strong></span> <span class='ocrx_word' id='word_1_108' title='bbox 541 1630 691 1701; x_wconf 91' lang='lat' dir='ltr'><strong>quasi</strong></span> <span class='ocrx_word' id='word_1_109' title='bbox 720 1630 772 1683; x_wconf 92' lang='lat' dir='ltr'><strong>in</strong></span> <span class='ocrx_word' id='word_1_110' title='bbox 796 1628 1011 1681; x_wconf 89' lang='lat' dir='ltr'><strong>ﬂuvium</strong></span> <span class='ocrx_word' id='word_1_111' title='bbox 1040 1623 1337 1686; x_wconf 90' lang='lat' dir='ltr'><strong>inductura,</strong></span> <span class='ocrx_word' id='word_1_112' title='bbox 1366 1619 1458 1674; x_wconf 92' lang='lat' dir='ltr'><strong>sed</strong></span> <span class='ocrx_word' id='word_1_113' title='bbox 1481 1617 1630 1689; x_wconf 91' lang='lat' dir='ltr'><strong>quasi</strong></span> <span class='ocrx_word' id='word_1_114' title='bbox 1659 1618 1709 1670; x_wconf 91' lang='lat' dir='ltr'><strong>in</strong></span> <span class='ocrx_word' id='word_1_115' title='bbox 1736 1614 1997 1668; x_wconf 84' lang='lat' dir='ltr'><strong>thalamos</strong></span> 
     </span>
    </p>
   </div>
   <div class='ocr_carea' id='block_1_15' title="bbox 404 1714 1997 1781">
    <p class='ocr_par' dir='ltr' id='par_1_15' title="bbox 404 1714 1997 1781">
     <span class='ocr_line' id='line_1_15' title="bbox 404 1714 1997 1781; baseline -0.009 -9"><span class='ocrx_word' id='word_1_116' title='bbox 404 1721 523 1777; x_wconf 89' lang='lat' dir='ltr'><strong>illas</strong></span> <span class='ocrx_word' id='word_1_117' title='bbox 551 1719 839 1776; x_wconf 75' lang='lat' dir='ltr'><strong>deduceret</strong></span> <span class='ocrx_word' id='word_1_118' title='bbox 873 1736 886 1770; x_wconf 93' lang='lat'>:</span> <span class='ocrx_word' id='word_1_119' title='bbox 921 1714 1204 1770; x_wconf 90' lang='lat' dir='ltr'><strong>inducebat</strong></span> <span class='ocrx_word' id='word_1_120' title='bbox 1249 1721 1468 1781; x_wconf 85' lang='lat' dir='ltr'><strong>utraque</strong></span> <span class='ocrx_word' id='word_1_121' title='bbox 1511 1724 1576 1764; x_wconf 90' lang='lat' dir='ltr'><strong>ex</strong></span> <span class='ocrx_word' id='word_1_122' title='bbox 1618 1716 1767 1778; x_wconf 89' lang='lat' dir='ltr'><strong>parte</strong></span> <span class='ocrx_word' id='word_1_123' title='bbox 1809 1714 1997 1759; x_wconf 89' lang='lat' dir='ltr'><strong>tenens</strong></span> 
     </span>
    </p>
   </div>
   <div class='ocr_carea' id='block_1_16' title="bbox 408 1796 1996 1881">
    <p class='ocr_par' dir='ltr' id='par_1_16' title="bbox 408 1796 1996 1881">
     <span class='ocr_line' id='line_1_16' title="bbox 408 1796 1996 1881; baseline -0.011 -12"><span class='ocrx_word' id='word_1_124' title='bbox 408 1815 718 1881; x_wconf 89' lang='lat' dir='ltr'><strong>dicensque,</strong></span> <span class='ocrx_word' id='word_1_125' title='bbox 756 1810 894 1865; x_wconf 77' lang='lat' dir='ltr'><strong>Ecce</strong></span> <span class='ocrx_word' id='word_1_126' title='bbox 915 1822 1012 1879; x_wconf 84' lang='lat' dir='ltr'><strong>ego</strong></span> <span class='ocrx_word' id='word_1_127' title='bbox 1035 1814 1091 1862; x_wconf 80' lang='lat' dir='ltr'><strong>et</strong></span> <span class='ocrx_word' id='word_1_128' title='bbox 1116 1803 1308 1873; x_wconf 79' lang='lat' dir='ltr'><strong>puella:</strong></span> <span class='ocrx_word' id='word_1_129' title='bbox 1344 1817 1506 1863; x_wconf 70' lang='lat' dir='ltr'><strong>meze,</strong></span> <span class='ocrx_word' id='word_1_130' title='bbox 1535 1814 1666 1870; x_wconf 88' lang='lat' dir='ltr'><strong>quas</strong></span> <span class='ocrx_word' id='word_1_131' title='bbox 1693 1798 1839 1853; x_wconf 82' lang='lat' dir='ltr'><strong>dedit</strong></span> <span class='ocrx_word' id='word_1_132' title='bbox 1870 1796 1996 1851; x_wconf 90' lang='lat' dir='ltr'><strong>mihi</strong></span> 
     </span>
    </p>
   </div>
   <div class='ocr_carea' id='block_1_17' title="bbox 412 1890 1999 1968">
    <p class='ocr_par' dir='ltr' id='par_1_17' title="bbox 412 1890 1999 1968">
     <span class='ocr_line' id='line_1_17' title="bbox 412 1890 1999 1968; baseline -0.01 -9"><span class='ocrx_word' id='word_1_133' title='bbox 412 1906 553 1959; x_wconf 87' lang='lat' dir='ltr'><strong>Deus</strong></span> <span class='ocrx_word' id='word_1_134' title='bbox 579 1902 730 1967; x_wconf 84' lang='lat' dir='ltr'><strong>(Isai.</strong></span> <span class='ocrx_word' id='word_1_135' title='bbox 762 1900 816 1956; x_wconf 90' lang='lat'><strong>8.</strong></span> <span class='ocrx_word' id='word_1_136' title='bbox 845 1899 933 1968; x_wconf 75' lang='grc'><strong>18)</strong></span> <span class='ocrx_word' id='word_1_137' title='bbox 977 1917 989 1952; x_wconf 92' lang='lat'>:</span> <span class='ocrx_word' id='word_1_138' title='bbox 1020 1906 1072 1952; x_wconf 93' lang='lat' dir='ltr'><strong>tu</strong></span> <span class='ocrx_word' id='word_1_139' title='bbox 1103 1910 1195 1951; x_wconf 90' lang='lat' dir='ltr'><strong>eas</strong></span> <span class='ocrx_word' id='word_1_140' title='bbox 1227 1893 1353 1948; x_wconf 91' lang='lat' dir='ltr'><strong>mibi</strong></span> <span class='ocrx_word' id='word_1_141' title='bbox 1383 1892 1611 1957; x_wconf 90' lang='lat' dir='ltr'><strong>dedisti,</strong></span> <span class='ocrx_word' id='word_1_142' title='bbox 1643 1891 1734 1946; x_wconf 90' lang='lat' dir='ltr'><strong>tibi</strong></span> <span class='ocrx_word' id='word_1_143' title='bbox 1757 1905 1856 1960; x_wconf 86' lang='lat' dir='ltr'><strong>ego</strong></span> <span class='ocrx_word' id='word_1_144' title='bbox 1883 1890 1999 1943; x_wconf 91' lang='lat' dir='ltr'><strong>illas</strong></span> 
     </span>
    </p>
   </div>
   <div class='ocr_carea' id='block_1_18' title="bbox 410 1979 2000 2059">
    <p class='ocr_par' dir='ltr' id='par_1_18' title="bbox 410 1979 2000 2059">
     <span class='ocr_line' id='line_1_18' title="bbox 410 1979 2000 2059; baseline -0.009 -10"><span class='ocrx_word' id='word_1_145' title='bbox 410 1992 754 2059; x_wconf 90' lang='lat' dir='ltr'><strong>commendo,</strong></span> <span class='ocrx_word' id='word_1_146' title='bbox 789 2006 873 2046; x_wconf 90' lang='lat' dir='ltr'><strong>res</strong></span> <span class='ocrx_word' id='word_1_147' title='bbox 899 2002 1046 2044; x_wconf 88' lang='lat' dir='ltr'><strong>meas</strong></span> <span class='ocrx_word' id='word_1_148' title='bbox 1068 1997 1121 2043; x_wconf 92' lang='lat' dir='ltr'><strong>et</strong></span> <span class='ocrx_word' id='word_1_149' title='bbox 1149 2002 1234 2041; x_wconf 94' lang='lat' dir='ltr'><strong>me</strong></span> <span class='ocrx_word' id='word_1_150' title='bbox 1263 1986 1449 2054; x_wconf 83' lang='lat' dir='ltr'><strong>ipSam.</strong></span> <span class='ocrx_word' id='word_1_151' title='bbox 1485 1984 1662 2054; x_wconf 89' lang='lat' dir='ltr'><strong>Itaque</strong></span> <span class='ocrx_word' id='word_1_152' title='bbox 1684 1982 1875 2051; x_wconf 77' lang='lat' dir='ltr'><strong>duplex</strong></span> <span class='ocrx_word' id='word_1_153' title='bbox 1902 1979 2000 2035; x_wconf 80' lang='lat' dir='ltr'><strong>fuit</strong></span> 
     </span>
    </p>
   </div>
   <div class='ocr_carea' id='block_1_19' title="bbox 413 2074 1999 2154">
    <p class='ocr_par' dir='ltr' id='par_1_19' title="bbox 413 2074 1999 2154">
     <span class='ocr_line' id='line_1_19' title="bbox 413 2074 1999 2154; baseline -0.01 -12"><span class='ocrx_word' id='word_1_154' title='bbox 413 2086 651 2142; x_wconf 90' lang='lat' dir='ltr'><strong>mulieris</strong></span> <span class='ocrx_word' id='word_1_155' title='bbox 681 2082 992 2154; x_wconf 88' lang='lat' dir='ltr'><strong>martyrium</strong></span> <span class='ocrx_word' id='word_1_156' title='bbox 1015 2122 1029 2142; x_wconf 93' lang='lat'><strong>,</strong></span> <span class='ocrx_word' id='word_1_157' title='bbox 1061 2081 1167 2133; x_wconf 92' lang='lat' dir='ltr'><strong>imo</strong></span> <span class='ocrx_word' id='word_1_158' title='bbox 1193 2093 1321 2132; x_wconf 86' lang='lat' dir='ltr'><strong>vero</strong></span> <span class='ocrx_word' id='word_1_159' title='bbox 1347 2076 1535 2146; x_wconf 82' lang='lat' dir='ltr'><strong>triplex</strong></span> <span class='ocrx_word' id='word_1_160' title='bbox 1565 2093 1581 2129; x_wconf 90' lang='lat'><strong><em>:</em></strong></span> <span class='ocrx_word' id='word_1_161' title='bbox 1614 2090 1734 2128; x_wconf 89' lang='lat' dir='ltr'><strong>nam</strong></span> <span class='ocrx_word' id='word_1_162' title='bbox 1767 2089 1860 2143; x_wconf 79' lang='lat' dir='ltr'><strong>per</strong></span> <span class='ocrx_word' id='word_1_163' title='bbox 1890 2074 1999 2126; x_wconf 88' lang='lat' dir='ltr'><strong>sei-</strong></span> 
     </span>
    </p>
   </div>
   <div class='ocr_carea' id='block_1_20' title="bbox 412 2166 1996 2248">
    <p class='ocr_par' dir='ltr' id='par_1_20' title="bbox 412 2166 1996 2248">
     <span class='ocr_line' id='line_1_20' title="bbox 412 2166 1996 2248; baseline -0.009 -16"><span class='ocrx_word' id='word_1_164' title='bbox 412 2193 560 2248; x_wconf 87' lang='lat' dir='ltr'><strong>psam</strong></span> <span class='ocrx_word' id='word_1_165' title='bbox 587 2176 775 2239; x_wconf 90' lang='lat' dir='ltr'><strong>semel,</strong></span> <span class='ocrx_word' id='word_1_166' title='bbox 809 2189 904 2243; x_wconf 91' lang='lat' dir='ltr'><strong>per</strong></span> <span class='ocrx_word' id='word_1_167' title='bbox 928 2171 1062 2225; x_wconf 87' lang='lat' dir='ltr'><strong>ﬁlias</strong></span> <span class='ocrx_word' id='word_1_168' title='bbox 1090 2184 1216 2224; x_wconf 90' lang='lat' dir='ltr'><strong>suas</strong></span> <span class='ocrx_word' id='word_1_169' title='bbox 1240 2169 1323 2223; x_wconf 89' lang='lat' dir='ltr'><strong>bis</strong></span> <span class='ocrx_word' id='word_1_170' title='bbox 1344 2166 1658 2236; x_wconf 85' lang='lat' dir='ltr'><strong>martyrium</strong></span> <span class='ocrx_word' id='word_1_171' title='bbox 1687 2180 1837 2235; x_wconf 91' lang='lat' dir='ltr'><strong>passa</strong></span> <span class='ocrx_word' id='word_1_172' title='bbox 1871 2172 1954 2218; x_wconf 92' lang='lat' dir='ltr'><strong>est</strong></span> <span class='ocrx_word' id='word_1_173' title='bbox 1980 2177 1996 2218; x_wconf 91' lang='lat'>:</span> 
     </span>
    </p>
   </div>
   <div class='ocr_carea' id='block_1_21' title="bbox 411 2255 2000 2338">
    <p class='ocr_par' dir='ltr' id='par_1_21' title="bbox 411 2255 2000 2338">
     <span class='ocr_line' id='line_1_21' title="bbox 411 2255 2000 2338; baseline -0.011 -14"><span class='ocrx_word' id='word_1_174' title='bbox 411 2279 468 2324; x_wconf 88' lang='lat' dir='ltr'><strong>et</strong></span> <span class='ocrx_word' id='word_1_175' title='bbox 508 2264 957 2338; x_wconf 81' lang='lat' dir='ltr'><strong>quemadmodum</strong></span> <span class='ocrx_word' id='word_1_176' title='bbox 1001 2278 1120 2316; x_wconf 91' lang='lat' dir='ltr'><strong>cum</strong></span> <span class='ocrx_word' id='word_1_177' title='bbox 1169 2260 1397 2329; x_wconf 90' lang='lat' dir='ltr'><strong>seipsam</strong></span> <span class='ocrx_word' id='word_1_178' title='bbox 1448 2257 1735 2311; x_wconf 73' lang='lat' dir='ltr'><strong>immittere</strong></span> <span class='ocrx_word' id='word_1_179' title='bbox 1780 2255 2000 2318; x_wconf 88' lang='lat' dir='ltr'><strong>debuit,</strong></span> 
     </span>
    </p>
   </div>
   <div class='ocr_carea' id='block_1_22' title="bbox 412 2346 2005 2426">
    <p class='ocr_par' dir='ltr' id='par_1_22' title="bbox 412 2346 2005 2426">
     <span class='ocr_line' id='line_1_22' title="bbox 412 2346 2005 2426; baseline -0.011 -10"><span class='ocrx_word' id='word_1_180' title='bbox 412 2362 576 2416; x_wconf 86' lang='lat' dir='ltr'><strong>multa</strong></span> <span class='ocrx_word' id='word_1_181' title='bbox 605 2360 680 2414; x_wconf 87' lang='lat' dir='ltr'><strong>illi</strong></span> <span class='ocrx_word' id='word_1_182' title='bbox 705 2359 803 2413; x_wconf 90' lang='lat' dir='ltr'><strong>fuit</strong></span> <span class='ocrx_word' id='word_1_183' title='bbox 825 2372 958 2426; x_wconf 91' lang='lat' dir='ltr'><strong>opus</strong></span> <span class='ocrx_word' id='word_1_184' title='bbox 986 2352 1266 2410; x_wconf 88' lang='lat' dir='ltr'><strong>tolerantia</strong></span> <span class='ocrx_word' id='word_1_185' title='bbox 1297 2368 1310 2404; x_wconf 93' lang='lat'><strong>:</strong></span> <span class='ocrx_word' id='word_1_186' title='bbox 1343 2352 1421 2405; x_wconf 91' lang='lat' dir='ltr'><strong>sic</strong></span> <span class='ocrx_word' id='word_1_187' title='bbox 1450 2359 1503 2404; x_wconf 92' lang='lat' dir='ltr'><strong>et</strong></span> <span class='ocrx_word' id='word_1_188' title='bbox 1531 2349 1619 2403; x_wconf 87' lang='lat' dir='ltr'><strong>ubi</strong></span> <span class='ocrx_word' id='word_1_189' title='bbox 1650 2363 1829 2403; x_wconf 90' lang='lat' dir='ltr'><strong>secum</strong></span> <span class='ocrx_word' id='word_1_190' title='bbox 1855 2346 2005 2415; x_wconf 90' lang='lat' dir='ltr'><strong>puel-</strong></span> 
     </span>
    </p>
   </div>
   <div class='ocr_carea' id='block_1_23' title="bbox 415 2437 2005 2515">
    <p class='ocr_par' dir='ltr' id='par_1_23' title="bbox 415 2437 2005 2515">
     <span class='ocr_line' id='line_1_23' title="bbox 415 2437 2005 2515; baseline -0.01 -10"><span class='ocrx_word' id='word_1_191' title='bbox 415 2453 491 2506; x_wconf 81' lang='lat' dir='ltr'><strong>las</strong></span> <span class='ocrx_word' id='word_1_192' title='bbox 521 2452 716 2515; x_wconf 87' lang='lat' dir='ltr'><strong>traxit,</strong></span> <span class='ocrx_word' id='word_1_193' title='bbox 760 2448 925 2502; x_wconf 89' lang='lat' dir='ltr'><strong>altera</strong></span> <span class='ocrx_word' id='word_1_194' title='bbox 957 2454 1101 2500; x_wconf 92' lang='lat' dir='ltr'><strong>tanta</strong></span> <span class='ocrx_word' id='word_1_195' title='bbox 1134 2441 1357 2511; x_wconf 90' lang='lat' dir='ltr'><strong>indiguit</strong></span> <span class='ocrx_word' id='word_1_196' title='bbox 1401 2438 1710 2499; x_wconf 88' lang='lat' dir='ltr'><strong>tolerantia,</strong></span> <span class='ocrx_word' id='word_1_197' title='bbox 1744 2437 1851 2489; x_wconf 93' lang='lat' dir='ltr'><strong>imo</strong></span> <span class='ocrx_word' id='word_1_198' title='bbox 1877 2450 2005 2490; x_wconf 90' lang='lat' dir='ltr'><strong>vero</strong></span> 
     </span>
    </p>
   </div>
   <div class='ocr_carea' id='block_1_24' title="bbox 417 2523 2003 2607">
    <p class='ocr_par' dir='ltr' id='par_1_24' title="bbox 417 2523 2003 2607">
     <span class='ocr_line' id='line_1_24' title="bbox 417 2523 2003 2607; baseline -0.01 -13"><span class='ocrx_word' id='word_1_199' title='bbox 417 2538 585 2595; x_wconf 90' lang='lat' dir='ltr'><strong>multo</strong></span> <span class='ocrx_word' id='word_1_200' title='bbox 614 2538 797 2607; x_wconf 88' lang='lat' dir='ltr'><strong>majori</strong></span> <span class='ocrx_word' id='word_1_201' title='bbox 831 2555 847 2595; x_wconf 85' lang='lat'><strong>:</strong></span> <span class='ocrx_word' id='word_1_202' title='bbox 873 2551 979 2591; x_wconf 92' lang='lat' dir='ltr'><strong>non</strong></span> <span class='ocrx_word' id='word_1_203' title='bbox 1003 2534 1144 2589; x_wconf 89' lang='lat' dir='ltr'><strong>enim</strong></span> <span class='ocrx_word' id='word_1_204' title='bbox 1168 2530 1302 2586; x_wconf 91' lang='lat' dir='ltr'><strong>adeo</strong></span> <span class='ocrx_word' id='word_1_205' title='bbox 1326 2528 1576 2583; x_wconf 86' lang='lat' dir='ltr'><strong>mulieres</strong></span> <span class='ocrx_word' id='word_1_206' title='bbox 1601 2526 1771 2581; x_wconf 86' lang='lat' dir='ltr'><strong>solent</strong></span> <span class='ocrx_word' id='word_1_207' title='bbox 1799 2523 2003 2592; x_wconf 88' lang='lat' dir='ltr'><strong>dolere,</strong></span> 
     </span>
    </p>
   </div>
   <div class='ocr_carea' id='block_1_25' title="bbox 418 2615 2007 2699">
    <p class='ocr_par' dir='ltr' id='par_1_25' title="bbox 418 2615 2007 2699">
     <span class='ocr_line' id='line_1_25' title="bbox 418 2615 2007 2699; baseline -0.012 -12"><span class='ocrx_word' id='word_1_208' title='bbox 418 2650 540 2687; x_wconf 83' lang='lat' dir='ltr'><strong>enm</strong></span> <span class='ocrx_word' id='word_1_209' title='bbox 575 2632 702 2699; x_wconf 68' lang='lat' dir='ltr'><strong>ipsa:</strong></span> <span class='ocrx_word' id='word_1_210' title='bbox 732 2630 1001 2684; x_wconf 75' lang='lat' dir='ltr'><strong>moritura:</strong></span> <span class='ocrx_word' id='word_1_211' title='bbox 1029 2625 1243 2686; x_wconf 90' lang='lat' dir='ltr'><strong>fuerint,</strong></span> <span class='ocrx_word' id='word_1_212' title='bbox 1272 2630 1330 2676; x_wconf 90' lang='lat' dir='ltr'><strong>ut</strong></span> <span class='ocrx_word' id='word_1_213' title='bbox 1354 2636 1473 2675; x_wconf 91' lang='lat' dir='ltr'><strong>cum</strong></span> <span class='ocrx_word' id='word_1_214' title='bbox 1500 2618 1709 2672; x_wconf 80' lang='lat' dir='ltr'><strong>illarum</strong></span> <span class='ocrx_word' id='word_1_215' title='bbox 1738 2615 1860 2670; x_wconf 65' lang='lat' dir='ltr'><strong>ﬁlia:</strong></span> <span class='ocrx_word' id='word_1_216' title='bbox 1880 2630 2007 2685; x_wconf 85' lang='lat' dir='ltr'><strong>pas-</strong></span> 
     </span>
    </p>
   </div>
   <div class='ocr_carea' id='block_1_26' title="bbox 420 2708 2009 2787">
    <p class='ocr_par' dir='ltr' id='par_1_26' title="bbox 420 2708 2009 2787">
     <span class='ocr_line' id='line_1_26' title="bbox 420 2708 2009 2787; baseline -0.013 -8"><span class='ocrx_word' id='word_1_217' title='bbox 420 2741 495 2779; x_wconf 73' lang='lat' dir='ltr'><strong>Sue</strong></span> <span class='ocrx_word' id='word_1_218' title='bbox 524 2723 624 2776; x_wconf 88' lang='lat' dir='ltr'><strong>huc</strong></span> <span class='ocrx_word' id='word_1_219' title='bbox 652 2719 869 2774; x_wconf 85' lang='lat' dir='ltr'><strong>fuerint.</strong></span> <span class='ocrx_word' id='word_1_220' title='bbox 902 2718 1081 2787; x_wconf 85' lang='lat' dir='ltr'><strong>Itaque</strong></span> <span class='ocrx_word' id='word_1_221' title='bbox 1114 2712 1343 2785; x_wconf 74' lang='lat' dir='ltr'><strong>graviori</strong></span> <span class='ocrx_word' id='word_1_222' title='bbox 1377 2725 1471 2780; x_wconf 87' lang='lat' dir='ltr'><strong>per</strong></span> <span class='ocrx_word' id='word_1_223' title='bbox 1496 2708 1632 2763; x_wconf 90' lang='lat' dir='ltr'><strong>ﬁlias</strong></span> <span class='ocrx_word' id='word_1_224' title='bbox 1662 2708 1776 2762; x_wconf 52' lang='lat' dir='ltr'><strong>ba‘c</strong></span> <span class='ocrx_word' id='word_1_225' title='bbox 1806 2714 2009 2775; x_wconf 80' lang='lat' dir='ltr'><strong>marty-</strong></span> 
     </span>
    </p>
   </div>
   <div class='ocr_carea' id='block_1_27' title="bbox 422 2796 2007 2872">
    <p class='ocr_par' dir='ltr' id='par_1_27' title="bbox 422 2796 2007 2872">
     <span class='ocr_line' id='line_1_27' title="bbox 422 2796 2007 2872; baseline -0.012 -3"><span class='ocrx_word' id='word_1_226' title='bbox 422 2817 504 2869; x_wconf 83' lang='lat' dir='ltr'><strong>rio</strong></span> <span class='ocrx_word' id='word_1_227' title='bbox 532 2812 763 2867; x_wconf 79' lang='lat' dir='ltr'><strong>cruciata</strong></span> <span class='ocrx_word' id='word_1_228' title='bbox 789 2820 889 2871; x_wconf 87' lang='lat' dir='ltr'><strong>est,</strong></span> <span class='ocrx_word' id='word_1_229' title='bbox 915 2823 1032 2863; x_wconf 92' lang='lat' dir='ltr'><strong>cum</strong></span> <span class='ocrx_word' id='word_1_230' title='bbox 1061 2806 1125 2860; x_wconf 91' lang='lat' dir='ltr'><strong>ad</strong></span> <span class='ocrx_word' id='word_1_231' title='bbox 1144 2800 1549 2872; x_wconf 45' lang='lat' dir='ltr'><strong>&#39;reprimendam</strong></span> <span class='ocrx_word' id='word_1_232' title='bbox 1584 2807 1785 2853; x_wconf 80' lang='lat' dir='ltr'><strong>naturae</strong></span> <span class='ocrx_word' id='word_1_233' title='bbox 1814 2796 1919 2849; x_wconf 90' lang='lat' dir='ltr'><strong>vim</strong></span> <span class='ocrx_word' id='word_1_234' title='bbox 1948 2811 2007 2850; x_wconf 87' lang='lat' dir='ltr'><strong>se</strong></span> 
     </span>
    </p>
   </div>
   <div class='ocr_carea' id='block_1_28' title="bbox 422 2885 2011 2964">
    <p class='ocr_par' dir='ltr' id='par_1_28' title="bbox 422 2885 2011 2964">
     <span class='ocr_line' id='line_1_28' title="bbox 422 2885 2011 2964; baseline -0.013 -7"><span class='ocrx_word' id='word_1_235' title='bbox 422 2905 674 2964; x_wconf 80' lang='lat' dir='ltr'><strong>accinxit,</strong></span> <span class='ocrx_word' id='word_1_236' title='bbox 706 2917 826 2956; x_wconf 90' lang='lat' dir='ltr'><strong>cum</strong></span> <span class='ocrx_word' id='word_1_237' title='bbox 853 2897 1080 2955; x_wconf 84' lang='lat' dir='ltr'><strong>materni</strong></span> <span class='ocrx_word' id='word_1_238' title='bbox 1108 2894 1306 2949; x_wconf 89' lang='lat' dir='ltr'><strong>amoris</strong></span> <span class='ocrx_word' id='word_1_239' title='bbox 1331 2892 1555 2946; x_wconf 67' lang='lat' dir='ltr'><strong>ﬂamma:</strong></span> <span class='ocrx_word' id='word_1_240' title='bbox 1585 2888 1779 2942; x_wconf 78' lang='lat' dir='ltr'><strong>rcsﬁtit</strong></span> <span class='ocrx_word' id='word_1_241' title='bbox 1799 2930 1813 2953; x_wconf 90' lang='lat'><strong>,</strong></span> <span class='ocrx_word' id='word_1_242' title='bbox 1846 2897 1897 2940; x_wconf 90' lang='lat' dir='ltr'><strong>et</strong></span> <span class='ocrx_word' id='word_1_243' title='bbox 1925 2885 2011 2939; x_wconf 87' lang='lat' dir='ltr'><strong>in-</strong></span> 
     </span>
    </p>
   </div>
   <div class='ocr_carea' id='block_1_29' title="bbox 426 2984 2011 3054">
    <p class='ocr_par' dir='ltr' id='par_1_29' title="bbox 426 2984 2011 3054">
     <span class='ocr_line' id='line_1_29' title="bbox 426 2984 2011 3054; baseline -0.015 0"><span class='ocrx_word' id='word_1_244' title='bbox 426 2998 691 3054; x_wconf 88' lang='lat' dir='ltr'><strong>tolerabili</strong></span> <span class='ocrx_word' id='word_1_245' title='bbox 724 2998 984 3049; x_wconf 89' lang='lat' dir='ltr'><strong>viscerum</strong></span> <span class='ocrx_word' id='word_1_246' title='bbox 1013 2987 1401 3046; x_wconf 90' lang='lat' dir='ltr'><strong>contnrbationi</strong></span> <span class='ocrx_word' id='word_1_247' title='bbox 1424 2995 1582 3054; x_wconf 88' lang='lat' dir='ltr'><strong>atque</strong></span> <span class='ocrx_word' id='word_1_248' title='bbox 1610 2984 1744 3037; x_wconf 88' lang='lat' dir='ltr'><strong>uteri</strong></span> <span class='ocrx_word' id='word_1_249' title='bbox 1773 2994 2011 3035; x_wconf 77' lang='lat' dir='ltr'><strong>commo-</strong></span> 
     </span>
    </p>
   </div>
   <div class='ocr_carea' id='block_1_30' title="bbox 428 3072 2010 3149">
    <p class='ocr_par' dir='ltr' id='par_1_30' title="bbox 428 3072 2010 3149">
     <span class='ocr_line' id='line_1_30' title="bbox 428 3072 2010 3149; baseline -0.013 -4"><span class='ocrx_word' id='word_1_250' title='bbox 428 3090 579 3145; x_wconf 89' lang='lat' dir='ltr'><strong>tioni.</strong></span> <span class='ocrx_word' id='word_1_251' title='bbox 608 3089 662 3143; x_wconf 90' lang='lat' dir='ltr'><strong>Si</strong></span> <span class='ocrx_word' id='word_1_252' title='bbox 688 3087 828 3142; x_wconf 90' lang='lat' dir='ltr'><strong>enim</strong></span> <span class='ocrx_word' id='word_1_253' title='bbox 858 3085 1017 3139; x_wconf 90' lang='lat' dir='ltr'><strong>ﬁliam</strong></span> <span class='ocrx_word' id='word_1_254' title='bbox 1042 3096 1198 3137; x_wconf 90' lang='lat' dir='ltr'><strong>unam</strong></span> <span class='ocrx_word' id='word_1_255' title='bbox 1228 3078 1487 3149; x_wconf 59' lang='lat' dir='ltr'><strong>qua‘piam</strong></span> <span class='ocrx_word' id='word_1_256' title='bbox 1517 3089 1744 3131; x_wconf 76' lang='lat' dir='ltr'><strong>cernens</strong></span> <span class='ocrx_word' id='word_1_257' title='bbox 1773 3072 2010 3126; x_wconf 85' lang='lat' dir='ltr'><strong>morien-</strong></span> 
     </span>
    </p>
   </div>
   <div class='ocr_carea' id='block_1_31' title="bbox 427 3162 2012 3241">
    <p class='ocr_par' dir='ltr' id='par_1_31' title="bbox 427 3162 2012 3241">
     <span class='ocr_line' id='line_1_31' title="bbox 427 3162 2012 3241; baseline -0.013 -5"><span class='ocrx_word' id='word_1_258' title='bbox 427 3192 533 3236; x_wconf 93' lang='lat' dir='ltr'><strong>tem</strong></span> <span class='ocrx_word' id='word_1_259' title='bbox 559 3222 572 3241; x_wconf 89' lang='lat'><strong>,</strong></span> <span class='ocrx_word' id='word_1_260' title='bbox 600 3178 845 3234; x_wconf 88' lang='lat' dir='ltr'><strong>acerbam</strong></span> <span class='ocrx_word' id='word_1_261' title='bbox 877 3174 1147 3231; x_wconf 85' lang='lat' dir='ltr'><strong>existimat</strong></span> <span class='ocrx_word' id='word_1_262' title='bbox 1170 3170 1332 3225; x_wconf 88' lang='lat' dir='ltr'><strong>vitam</strong></span> <span class='ocrx_word' id='word_1_263' title='bbox 1360 3183 1544 3231; x_wconf 91' lang='lat' dir='ltr'><strong>suam,</strong></span> <span class='ocrx_word' id='word_1_264' title='bbox 1580 3166 1694 3219; x_wconf 75' lang='lat' dir='ltr'><strong>lucc</strong></span> <span class='ocrx_word' id='word_1_265' title='bbox 1717 3164 1848 3218; x_wconf 92' lang='lat' dir='ltr'><strong>duas</strong></span> <span class='ocrx_word' id='word_1_266' title='bbox 1876 3162 2012 3216; x_wconf 89' lang='lat' dir='ltr'><strong>ﬁlias</strong></span> 
     </span>
    </p>
   </div>
   <div class='ocr_carea' id='block_1_32' title="bbox 423 3256 2013 3326">
    <p class='ocr_par' dir='ltr' id='par_1_32' title="bbox 423 3256 2013 3326">
     <span class='ocr_line' id='line_1_32' title="bbox 423 3256 2013 3326; baseline -0.012 0"><span class='ocrx_word' id='word_1_267' title='bbox 423 3269 706 3326; x_wconf 80' lang='lat' dir='ltr'><strong>confertim</strong></span> <span class='ocrx_word' id='word_1_268' title='bbox 732 3283 838 3321; x_wconf 90' lang='lat' dir='ltr'><strong>non</strong></span> <span class='ocrx_word' id='word_1_269' title='bbox 861 3267 1072 3320; x_wconf 90' lang='lat' dir='ltr'><strong>intuens</strong></span> <span class='ocrx_word' id='word_1_270' title='bbox 1092 3260 1404 3325; x_wconf 86' lang='lat' dir='ltr'><strong>morientes,</strong></span> <span class='ocrx_word' id='word_1_271' title='bbox 1432 3257 1525 3313; x_wconf 89' lang='lat' dir='ltr'><strong>sed</strong></span> <span class='ocrx_word' id='word_1_272' title='bbox 1546 3256 1611 3311; x_wconf 91' lang='lat' dir='ltr'><strong>ad</strong></span> <span class='ocrx_word' id='word_1_273' title='bbox 1635 3263 1859 3309; x_wconf 87' lang='lat' dir='ltr'><strong>mortem</strong></span> <span class='ocrx_word' id='word_1_274' title='bbox 1885 3268 2013 3322; x_wconf 90' lang='lat' dir='ltr'><strong>pro-</strong></span> 
     </span>
    </p>
   </div>
   <div class='ocr_carea' id='block_1_33' title="bbox 428 3346 2010 3433">
    <p class='ocr_par' dir='ltr' id='par_1_33' title="bbox 428 3346 2010 3433">
     <span class='ocr_line' id='line_1_33' title="bbox 428 3346 2010 3433; baseline -0.011 -20"><span class='ocrx_word' id='word_1_275' title='bbox 428 3363 540 3433; x_wconf 84' lang='lat' dir='ltr'><strong>pria</strong></span> <span class='ocrx_word' id='word_1_276' title='bbox 563 3375 721 3415; x_wconf 90' lang='lat' dir='ltr'><strong>manu</strong></span> <span class='ocrx_word' id='word_1_277' title='bbox 752 3358 986 3421; x_wconf 84' lang='lat' dir='ltr'><strong>trahens,</strong></span> <span class='ocrx_word' id='word_1_278' title='bbox 1009 3354 1179 3424; x_wconf 87' lang='lat' dir='ltr'><strong>cogita</strong></span> <span class='ocrx_word' id='word_1_279' title='bbox 1201 3368 1319 3421; x_wconf 71' lang='lat' dir='ltr'><strong>qua:</strong></span> <span class='ocrx_word' id='word_1_280' title='bbox 1346 3347 1595 3418; x_wconf 77' lang='lat' dir='ltr'><strong>martyria</strong></span> <span class='ocrx_word' id='word_1_281' title='bbox 1626 3346 1903 3401; x_wconf 85' lang='lat' dir='ltr'><strong>exhiberet</strong></span> <span class='ocrx_word' id='word_1_282' title='bbox 1925 3358 2010 3409; x_wconf 89' lang='lat' dir='ltr'><strong>ea,</strong></span> 
     </span>
    </p>
   </div>
   <div class='ocr_carea' id='block_1_34' title="bbox 427 3432 2018 3523">
    <p class='ocr_par' dir='ltr' id='par_1_34' title="bbox 427 3432 2018 3523">
     <span class='ocr_line' id='line_1_34' title="bbox 427 3432 2018 3523; baseline -0.013 -16"><span class='ocrx_word' id='word_1_283' title='bbox 427 3432 547 3523; x_wconf 62' lang='lat' dir='ltr'><strong>quae</strong></span> <span class='ocrx_word' id='word_1_284' title='bbox 574 3453 623 3505; x_wconf 92' lang='lat' dir='ltr'><strong>id</strong></span> <span class='ocrx_word' id='word_1_285' title='bbox 649 3449 788 3519; x_wconf 91' lang='lat' dir='ltr'><strong>quod</strong></span> <span class='ocrx_word' id='word_1_286' title='bbox 812 3450 969 3502; x_wconf 91' lang='lat' dir='ltr'><strong>etiam</strong></span> <span class='ocrx_word' id='word_1_287' title='bbox 988 3446 1167 3499; x_wconf 90' lang='lat' dir='ltr'><strong>auditu</strong></span> <span class='ocrx_word' id='word_1_288' title='bbox 1191 3441 1399 3498; x_wconf 78' lang='lat' dir='ltr'><strong>ca-teris</strong></span> <span class='ocrx_word' id='word_1_289' title='bbox 1425 3450 1505 3494; x_wconf 88' lang='lat' dir='ltr'><strong>est</strong></span> <span class='ocrx_word' id='word_1_290' title='bbox 1534 3436 1887 3501; x_wconf 87' lang='lat' dir='ltr'><strong>intolerabile,</strong></span> <span class='ocrx_word' id='word_1_291' title='bbox 1907 3432 2018 3487; x_wconf 87' lang='lat' dir='ltr'><strong>rei-</strong></span> 
     </span>
    </p>
   </div>
   <div class='ocr_carea' id='block_1_35' title="bbox 428 3525 2015 3612">
    <p class='ocr_par' dir='ltr' id='par_1_35' title="bbox 428 3525 2015 3612">
     <span class='ocr_line' id='line_1_35' title="bbox 428 3525 2015 3612; baseline -0.013 -17"><span class='ocrx_word' id='word_1_292' title='bbox 428 3558 522 3611; x_wconf 87' lang='lat' dir='ltr'><strong>psa</strong></span> <span class='ocrx_word' id='word_1_293' title='bbox 555 3541 833 3612; x_wconf 81' lang='lat' dir='ltr'><strong>perferret.</strong></span> <span class='ocrx_word' id='word_1_294' title='bbox 882 3540 957 3590; x_wconf 84' lang='lat' dir='ltr'><strong>Ac</strong></span> <span class='ocrx_word' id='word_1_295' title='bbox 982 3535 1175 3588; x_wconf 84' lang='lat' dir='ltr'><strong>milites</strong></span> <span class='ocrx_word' id='word_1_296' title='bbox 1202 3533 1414 3602; x_wconf 84' lang='lat' dir='ltr'><strong>quidem</strong></span> <span class='ocrx_word' id='word_1_297' title='bbox 1458 3525 1846 3598; x_wconf 74' lang='lat' dir='ltr'><strong>penitus‘inscii</strong></span> <span class='ocrx_word' id='word_1_298' title='bbox 1876 3532 2015 3577; x_wconf 84' lang='lat' dir='ltr'><strong>tam-</strong></span> 
     </span>
    </p>
   </div>
   <div class='ocr_carea' id='block_1_36' title="bbox 429 3617 2020 3705">
    <p class='ocr_par' dir='ltr' id='par_1_36' title="bbox 429 3617 2020 3705">
     <span class='ocr_line' id='line_1_36' title="bbox 429 3617 2020 3705; baseline -0.013 -16"><span class='ocrx_word' id='word_1_299' title='bbox 429 3650 588 3705; x_wconf 86' lang='lat' dir='ltr'><strong>quam</strong></span> <span class='ocrx_word' id='word_1_300' title='bbox 633 3646 815 3687; x_wconf 82' lang='lat' dir='ltr'><strong>rursus</strong></span> <span class='ocrx_word' id='word_1_301' title='bbox 859 3646 949 3684; x_wconf 85' lang='lat' dir='ltr'><strong>eas</strong></span> <span class='ocrx_word' id='word_1_302' title='bbox 995 3625 1259 3697; x_wconf 82' lang='lat' dir='ltr'><strong>recepturi</strong></span> <span class='ocrx_word' id='word_1_303' title='bbox 1307 3621 1718 3692; x_wconf 78' lang='lat' dir='ltr'><strong>exspectabant,</strong></span> <span class='ocrx_word' id='word_1_304' title='bbox 1764 3617 1865 3670; x_wconf 76' lang='lat' dir='ltr'><strong>illa:</strong></span> <span class='ocrx_word' id='word_1_305' title='bbox 1892 3629 2020 3670; x_wconf 90' lang='lat' dir='ltr'><strong>vero</strong></span> 
     </span>
    </p>
   </div>
   <div class='ocr_carea' id='block_1_37' title="bbox 434 3712 2018 3783">
    <p class='ocr_par' dir='ltr' id='par_1_37' title="bbox 434 3712 2018 3783">
     <span class='ocr_line' id='line_1_37' title="bbox 434 3712 2018 3783; baseline -0.013 -1"><span class='ocrx_word' id='word_1_306' title='bbox 434 3743 556 3781; x_wconf 87' lang='lat' dir='ltr'><strong>cum</strong></span> <span class='ocrx_word' id='word_1_307' title='bbox 602 3724 801 3781; x_wconf 86' lang='lat' dir='ltr'><strong>Christi</strong></span> <span class='ocrx_word' id='word_1_308' title='bbox 851 3721 1104 3781; x_wconf 82' lang='lat' dir='ltr'><strong>militibus</strong></span> <span class='ocrx_word' id='word_1_309' title='bbox 1145 3717 1444 3773; x_wconf 72' lang='lat' dir='ltr'><strong>czelestibus</strong></span> <span class='ocrx_word' id='word_1_310' title='bbox 1492 3712 1693 3783; x_wconf 86' lang='lat' dir='ltr'><strong>angelis</strong></span> <span class='ocrx_word' id='word_1_311' title='bbox 1746 3712 1853 3780; x_wconf 91' lang='lat' dir='ltr'><strong>jam</strong></span> <span class='ocrx_word' id='word_1_312' title='bbox 1907 3718 2018 3763; x_wconf 93' lang='lat' dir='ltr'><strong>tum</strong></span> 
     </span>
    </p>
   </div>
   <div class='ocr_carea' id='block_1_38' title="bbox 430 3799 2019 3887">
    <p class='ocr_par' dir='ltr' id='par_1_38' title="bbox 430 3799 2019 3887">
     <span class='ocr_line' id='line_1_38' title="bbox 430 3799 2019 3887; baseline -0.013 -13"><span class='ocrx_word' id='word_1_313' title='bbox 430 3828 619 3883; x_wconf 88' lang='lat' dir='ltr'><strong>erant;</strong></span> <span class='ocrx_word' id='word_1_314' title='bbox 653 3815 794 3887; x_wconf 89' lang='lat' dir='ltr'><strong>quod</strong></span> <span class='ocrx_word' id='word_1_315' title='bbox 823 3812 1072 3869; x_wconf 89' lang='lat' dir='ltr'><strong>custodes</strong></span> <span class='ocrx_word' id='word_1_316' title='bbox 1099 3826 1203 3864; x_wconf 88' lang='lat' dir='ltr'><strong>non</strong></span> <span class='ocrx_word' id='word_1_317' title='bbox 1233 3807 1481 3862; x_wconf 89' lang='lat' dir='ltr'><strong>videbant</strong></span> <span class='ocrx_word' id='word_1_318' title='bbox 1509 3848 1523 3872; x_wconf 94' lang='lat'><strong>,</strong></span> <span class='ocrx_word' id='word_1_319' title='bbox 1556 3804 1749 3874; x_wconf 91' lang='lat' dir='ltr'><strong>quippe</strong></span> <span class='ocrx_word' id='word_1_320' title='bbox 1773 3803 1859 3871; x_wconf 91' lang='lat' dir='ltr'><strong>qui</strong></span> <span class='ocrx_word' id='word_1_321' title='bbox 1896 3799 2019 3854; x_wconf 88' lang='lat' dir='ltr'><strong>ﬁdei</strong></span> 
     </span>
    </p>
   </div>
   <div class='ocr_carea' id='block_1_39' title="bbox 433 3893 2021 3967">
    <p class='ocr_par' dir='ltr' id='par_1_39' title="bbox 433 3893 2021 3967">
     <span class='ocr_line' id='line_1_39' title="bbox 433 3893 2021 3967; baseline -0.013 -2"><span class='ocrx_word' id='word_1_322' title='bbox 433 3912 621 3967; x_wconf 91' lang='lat' dir='ltr'><strong>oculos</strong></span> <span class='ocrx_word' id='word_1_323' title='bbox 642 3924 745 3963; x_wconf 90' lang='lat' dir='ltr'><strong>non</strong></span> <span class='ocrx_word' id='word_1_324' title='bbox 774 3907 1050 3961; x_wconf 90' lang='lat' dir='ltr'><strong>baberent.</strong></span> <span class='ocrx_word' id='word_1_325' title='bbox 1079 3903 1367 3958; x_wconf 83' lang='lat' dir='ltr'><strong>Enimvero</strong></span> <span class='ocrx_word' id='word_1_326' title='bbox 1392 3898 1459 3953; x_wconf 90' lang='lat' dir='ltr'><strong>de</strong></span> <span class='ocrx_word' id='word_1_327' title='bbox 1485 3905 1655 3952; x_wconf 90' lang='lat' dir='ltr'><strong>matre</strong></span> <span class='ocrx_word' id='word_1_328' title='bbox 1683 3895 1851 3964; x_wconf 89' lang='lat' dir='ltr'><strong>inquit</strong></span> <span class='ocrx_word' id='word_1_329' title='bbox 1878 3893 2021 3947; x_wconf 91' lang='lat' dir='ltr'><strong>Pau-</strong></span> 
     </span>
    </p>
   </div>
   <div class='ocr_carea' id='block_1_40' title="bbox 434 3981 2020 4069">
    <p class='ocr_par' dir='ltr' id='par_1_40' title="bbox 434 3981 2020 4069">
     <span class='ocr_line' id='line_1_40' title="bbox 434 3981 2020 4069; baseline -0.015 -13"><span class='ocrx_word' id='word_1_330' title='bbox 434 4002 518 4057; x_wconf 89' lang='lat' dir='ltr'><strong>lus</strong></span> <span class='ocrx_word' id='word_1_331' title='bbox 542 4043 556 4067; x_wconf 96' lang='lat'><strong>,</strong></span> <span class='ocrx_word' id='word_1_332' title='bbox 587 3999 879 4055; x_wconf 78' lang='lat' dir='ltr'><strong>Saluabitur</strong></span> <span class='ocrx_word' id='word_1_333' title='bbox 908 4013 996 4069; x_wconf 84' lang='lat' dir='ltr'><strong>per</strong></span> <span class='ocrx_word' id='word_1_334' title='bbox 1028 3995 1250 4065; x_wconf 77' lang='lat' dir='ltr'><strong>filiorum</strong></span> <span class='ocrx_word' id='word_1_335' title='bbox 1280 3991 1654 4062; x_wconf 79' lang='lat' dir='ltr'><strong>generationem</strong></span> <span class='ocrx_word' id='word_1_336' title='bbox 1695 3986 1772 4056; x_wconf 79' lang='grc' dir='ltr'><strong>(Ι.</strong></span> <span class='ocrx_word' id='word_1_337' title='bbox 1803 3983 1939 4037; x_wconf 86' lang='lat' dir='ltr'><strong>Tim.</strong></span> <span class='ocrx_word' id='word_1_338' title='bbox 1966 3981 2020 4035; x_wconf 60' lang='grc' dir='ltr'><strong>ἓ.</strong></span> 
     </span>
    </p>
   </div>
   <div class='ocr_carea' id='block_1_41' title="bbox 434 4073 2021 4164">
    <p class='ocr_par' dir='ltr' id='par_1_41' title="bbox 434 4073 2021 4164">
     <span class='ocr_line' id='line_1_41' title="bbox 434 4073 2021 4164; baseline -0.014 -16"><span class='ocrx_word' id='word_1_339' title='bbox 434 4092 522 4164; x_wconf 74' lang='grc'><strong>15)</strong></span> <span class='ocrx_word' id='word_1_340' title='bbox 562 4108 575 4144; x_wconf 90' lang='lat'><strong>:</strong></span> <span class='ocrx_word' id='word_1_341' title='bbox 606 4090 694 4145; x_wconf 89' lang='lat' dir='ltr'><strong>bic</strong></span> <span class='ocrx_word' id='word_1_342' title='bbox 737 4097 913 4143; x_wconf 92' lang='lat' dir='ltr'><strong>autem</strong></span> <span class='ocrx_word' id='word_1_343' title='bbox 942 4086 1063 4141; x_wconf 60' lang='lat' dir='ltr'><strong>ﬁliae</strong></span> <span class='ocrx_word' id='word_1_344' title='bbox 1089 4100 1187 4156; x_wconf 91' lang='lat' dir='ltr'><strong>per</strong></span> <span class='ocrx_word' id='word_1_345' title='bbox 1224 4093 1449 4138; x_wconf 88' lang='lat' dir='ltr'><strong>matrem</strong></span> <span class='ocrx_word' id='word_1_346' title='bbox 1494 4080 1655 4135; x_wconf 82' lang='lat' dir='ltr'><strong>salvae</strong></span> <span class='ocrx_word' id='word_1_347' title='bbox 1685 4083 1809 4131; x_wconf 86' lang='lat' dir='ltr'><strong>sunt</strong></span> <span class='ocrx_word' id='word_1_348' title='bbox 1848 4073 2021 4128; x_wconf 66' lang='lat' dir='ltr'><strong>factae.</strong></span> 
     </span>
    </p>
   </div>
   <div class='ocr_carea' id='block_1_42' title="bbox 433 4170 2025 4251">
    <p class='ocr_par' dir='ltr' id='par_1_42' title="bbox 433 4170 2025 4251">
     <span class='ocr_line' id='line_1_42' title="bbox 433 4170 2025 4251; baseline -0.014 -11"><span class='ocrx_word' id='word_1_349' title='bbox 433 4185 522 4240; x_wconf 92' lang='lat' dir='ltr'><strong>Sic</strong></span> <span class='ocrx_word' id='word_1_350' title='bbox 548 4184 797 4238; x_wconf 90' lang='lat' dir='ltr'><strong>nimirum</strong></span> <span class='ocrx_word' id='word_1_351' title='bbox 826 4195 1016 4251; x_wconf 89' lang='lat' dir='ltr'><strong>parere</strong></span> <span class='ocrx_word' id='word_1_352' title='bbox 1045 4186 1244 4233; x_wconf 88' lang='lat' dir='ltr'><strong>matres</strong></span> <span class='ocrx_word' id='word_1_353' title='bbox 1270 4181 1499 4245; x_wconf 89' lang='lat' dir='ltr'><strong>oportet.</strong></span> <span class='ocrx_word' id='word_1_354' title='bbox 1544 4172 1640 4226; x_wconf 92' lang='lat' dir='ltr'><strong>Hic</strong></span> <span class='ocrx_word' id='word_1_355' title='bbox 1668 4170 1808 4225; x_wconf 90' lang='lat' dir='ltr'><strong>enim</strong></span> <span class='ocrx_word' id='word_1_356' title='bbox 1840 4174 2025 4238; x_wconf 89' lang='lat' dir='ltr'><strong>partus</strong></span> 
     </span>
    </p>
   </div>
   <div class='ocr_carea' id='block_1_43' title="bbox 437 4261 2023 4346">
    <p class='ocr_par' dir='ltr' id='par_1_43' title="bbox 437 4261 2023 4346">
     <span class='ocr_line' id='line_1_43' title="bbox 437 4261 2023 4346; baseline -0.012 -17"><span class='ocrx_word' id='word_1_357' title='bbox 437 4277 529 4331; x_wconf 91' lang='lat' dir='ltr'><strong>illo</strong></span> <span class='ocrx_word' id='word_1_358' title='bbox 558 4276 720 4346; x_wconf 90' lang='lat' dir='ltr'><strong>priori</strong></span> <span class='ocrx_word' id='word_1_359' title='bbox 753 4273 945 4328; x_wconf 86' lang='lat' dir='ltr'><strong>melior</strong></span> <span class='ocrx_word' id='word_1_360' title='bbox 979 4280 1063 4326; x_wconf 91' lang='lat' dir='ltr'><strong>est</strong></span> <span class='ocrx_word' id='word_1_361' title='bbox 1087 4312 1101 4335; x_wconf 97' lang='lat'><strong>,</strong></span> <span class='ocrx_word' id='word_1_362' title='bbox 1139 4271 1193 4323; x_wconf 91' lang='lat' dir='ltr'><strong>in</strong></span> <span class='ocrx_word' id='word_1_363' title='bbox 1225 4283 1331 4337; x_wconf 90' lang='lat' dir='ltr'><strong>quo</strong></span> <span class='ocrx_word' id='word_1_364' title='bbox 1359 4266 1574 4320; x_wconf 88' lang='lat' dir='ltr'><strong>dolores</strong></span> <span class='ocrx_word' id='word_1_365' title='bbox 1609 4261 1826 4332; x_wconf 90' lang='lat' dir='ltr'><strong>quidem</strong></span> <span class='ocrx_word' id='word_1_366' title='bbox 1869 4273 2023 4312; x_wconf 84' lang='lat' dir='ltr'><strong>acer-</strong></span> 
     </span>
    </p>
   </div>
   <div class='ocr_carea' id='block_1_44' title="bbox 436 4351 2024 4431">
    <p class='ocr_par' dir='ltr' id='par_1_44' title="bbox 436 4351 2024 4431">
     <span class='ocr_line' id='line_1_44' title="bbox 436 4351 2024 4431; baseline -0.014 -7"><span class='ocrx_word' id='word_1_367' title='bbox 436 4370 613 4424; x_wconf 87' lang='lat' dir='ltr'><strong>biores</strong></span> <span class='ocrx_word' id='word_1_368' title='bbox 636 4375 780 4426; x_wconf 88' lang='lat' dir='ltr'><strong>sunt.</strong></span> <span class='ocrx_word' id='word_1_369' title='bbox 813 4374 867 4419; x_wconf 91' lang='lat' dir='ltr'><strong>at</strong></span> <span class='ocrx_word' id='word_1_370' title='bbox 890 4364 1059 4431; x_wconf 85' lang='lat' dir='ltr'><strong>majus</strong></span> <span class='ocrx_word' id='word_1_371' title='bbox 1088 4362 1289 4415; x_wconf 92' lang='lat' dir='ltr'><strong>lucrum</strong></span> <span class='ocrx_word' id='word_1_372' title='bbox 1321 4356 1631 4427; x_wconf 88' lang='lat' dir='ltr'><strong>percipitur.</strong></span> <span class='ocrx_word' id='word_1_373' title='bbox 1659 4353 1735 4406; x_wconf 91' lang='lat' dir='ltr'><strong>De</strong></span> <span class='ocrx_word' id='word_1_374' title='bbox 1766 4351 1871 4405; x_wconf 87' lang='lat' dir='ltr'><strong>illis</strong></span> <span class='ocrx_word' id='word_1_375' title='bbox 1894 4364 2024 4420; x_wconf 88' lang='lat' dir='ltr'><strong>par-</strong></span> 
     </span>
    </p>
   </div>
   <div class='ocr_carea' id='block_1_45' title="bbox 436 4447 2025 4525">
    <p class='ocr_par' dir='ltr' id='par_1_45' title="bbox 436 4447 2025 4525">
     <span class='ocr_line' id='line_1_45' title="bbox 436 4447 2025 4525; baseline -0.015 -9"><span class='ocrx_word' id='word_1_376' title='bbox 436 4472 523 4515; x_wconf 90' lang='lat' dir='ltr'><strong>tus</strong></span> <span class='ocrx_word' id='word_1_377' title='bbox 542 4459 835 4519; x_wconf 75' lang='lat' dir='ltr'><strong>doloribus,</strong></span> <span class='ocrx_word' id='word_1_378' title='bbox 859 4460 1119 4525; x_wconf 88' lang='lat' dir='ltr'><strong>quotquot</strong></span> <span class='ocrx_word' id='word_1_379' title='bbox 1137 4459 1333 4503; x_wconf 86' lang='lat' dir='ltr'><strong>matres</strong></span> <span class='ocrx_word' id='word_1_380' title='bbox 1353 4447 1582 4509; x_wconf 90' lang='lat' dir='ltr'><strong>fuerunt,</strong></span> <span class='ocrx_word' id='word_1_381' title='bbox 1608 4450 1871 4497; x_wconf 89' lang='lat' dir='ltr'><strong>noverunt</strong></span> <span class='ocrx_word' id='word_1_382' title='bbox 1889 4452 2025 4509; x_wconf 82' lang='lat' dir='ltr'><strong>quos</strong></span> 
     </span>
    </p>
   </div>
   <div class='ocr_carea' id='block_1_46' title="bbox 437 4535 2032 4612">
    <p class='ocr_par' dir='ltr' id='par_1_46' title="bbox 437 4535 2032 4612">
     <span class='ocr_line' id='line_1_46' title="bbox 437 4535 2032 4612; baseline -0.015 -3"><span class='ocrx_word' id='word_1_383' title='bbox 437 4553 652 4608; x_wconf 90' lang='lat' dir='ltr'><strong>dolores</strong></span> <span class='ocrx_word' id='word_1_384' title='bbox 670 4549 801 4605; x_wconf 89' lang='lat' dir='ltr'><strong>illud</strong></span> <span class='ocrx_word' id='word_1_385' title='bbox 826 4550 1020 4612; x_wconf 90' lang='lat' dir='ltr'><strong>inurat,</strong></span> <span class='ocrx_word' id='word_1_386' title='bbox 1043 4558 1162 4597; x_wconf 93' lang='lat' dir='ltr'><strong>cum</strong></span> <span class='ocrx_word' id='word_1_387' title='bbox 1187 4542 1320 4594; x_wconf 91' lang='lat' dir='ltr'><strong>ﬁlias</strong></span> <span class='ocrx_word' id='word_1_388' title='bbox 1346 4538 1543 4592; x_wconf 89' lang='lat' dir='ltr'><strong>videris</strong></span> <span class='ocrx_word' id='word_1_389' title='bbox 1566 4544 1793 4589; x_wconf 89' lang='lat' dir='ltr'><strong>mortem</strong></span> <span class='ocrx_word' id='word_1_390' title='bbox 1826 4535 2032 4588; x_wconf 83' lang='lat' dir='ltr'><strong>obeun-</strong></span> 
     </span>
    </p>
   </div>
   <div class='ocr_carea' id='block_1_47' title="bbox 440 4630 2027 4712">
    <p class='ocr_par' dir='ltr' id='par_1_47' title="bbox 440 4630 2027 4712">
     <span class='ocr_line' id='line_1_47' title="bbox 440 4630 2027 4712; baseline -0.015 -10"><span class='ocrx_word' id='word_1_391' title='bbox 440 4658 552 4712; x_wconf 87' lang='lat' dir='ltr'><strong>tes;</strong></span> <span class='ocrx_word' id='word_1_392' title='bbox 584 4656 640 4699; x_wconf 91' lang='lat' dir='ltr'><strong>ut</strong></span> <span class='ocrx_word' id='word_1_393' title='bbox 665 4654 840 4699; x_wconf 90' lang='lat' dir='ltr'><strong>autem</strong></span> <span class='ocrx_word' id='word_1_394' title='bbox 870 4643 982 4711; x_wconf 90' lang='lat' dir='ltr'><strong>ipsa</strong></span> <span class='ocrx_word' id='word_1_395' title='bbox 1005 4652 1162 4690; x_wconf 86' lang='lat' dir='ltr'><strong>manu</strong></span> <span class='ocrx_word' id='word_1_396' title='bbox 1194 4643 1281 4687; x_wconf 92' lang='lat' dir='ltr'><strong>tua</strong></span> <span class='ocrx_word' id='word_1_397' title='bbox 1312 4630 1514 4686; x_wconf 72' lang='lat' dir='ltr'><strong>caedem</strong></span> <span class='ocrx_word' id='word_1_398' title='bbox 1541 4638 1839 4699; x_wconf 87' lang='lat' dir='ltr'><strong>perpetres,</strong></span> <span class='ocrx_word' id='word_1_399' title='bbox 1864 4640 2027 4697; x_wconf 88' lang='lat' dir='ltr'><strong>quam</strong></span> 
     </span>
    </p>
   </div>
   <div class='ocr_carea' id='block_1_48' title="bbox 439 4727 1533 4811">
    <p class='ocr_par' dir='ltr' id='par_1_48' title="bbox 439 4727 1533 4811">
     <span class='ocr_line' id='line_1_48' title="bbox 439 4727 1533 4811; baseline -0.018 -17"><span class='ocrx_word' id='word_1_400' title='bbox 439 4752 601 4811; x_wconf 87' lang='lat' dir='ltr'><strong>grave</strong></span> <span class='ocrx_word' id='word_1_401' title='bbox 629 4736 717 4799; x_wconf 89' lang='lat' dir='ltr'><strong>sit,</strong></span> <span class='ocrx_word' id='word_1_402' title='bbox 745 4731 968 4803; x_wconf 88' lang='lat' dir='ltr'><strong>exprimi</strong></span> <span class='ocrx_word' id='word_1_403' title='bbox 995 4727 1174 4783; x_wconf 80' lang='lat' dir='ltr'><strong>verbis</strong></span> <span class='ocrx_word' id='word_1_404' title='bbox 1198 4739 1305 4779; x_wconf 91' lang='lat' dir='ltr'><strong>non</strong></span> <span class='ocrx_word' id='word_1_405' title='bbox 1336 4729 1533 4792; x_wconf 91' lang='lat' dir='ltr'><strong>potest.</strong></span> 
     </span>
    </p>
   </div>
   <div class='ocr_carea' id='block_1_49' title="bbox 512 4799 2030 4883">
    <p class='ocr_par' dir='ltr' id='par_1_49' title="bbox 512 4799 2030 4883">
     <span class='ocr_line' id='line_1_49' title="bbox 512 4799 2030 4883; baseline -0.016 -8"><span class='ocrx_word' id='word_1_406' title='bbox 512 4824 567 4875; x_wconf 87' lang='lat'><strong>7.</strong></span> <span class='ocrx_word' id='word_1_407' title='bbox 599 4821 700 4873; x_wconf 80' lang='lat' dir='ltr'><strong>Cur</strong></span> <span class='ocrx_word' id='word_1_408' title='bbox 720 4799 971 4871; x_wconf 72' lang='lat' dir='ltr'><strong>Domnina</strong></span> <span class='ocrx_word' id='word_1_409' title='bbox 988 4811 1238 4883; x_wconf 83' lang='lat' dir='ltr'><strong>judicium</strong></span> <span class='ocrx_word' id='word_1_410' title='bbox 1259 4826 1359 4863; x_wconf 85' lang='lat' dir='ltr'><strong>non</strong></span> <span class='ocrx_word' id='word_1_411' title='bbox 1378 4802 1758 4874; x_wconf 72' lang='lat' dir='ltr'><strong>mpectauerit.</strong></span> <span class='ocrx_word' id='word_1_412' title='bbox 1779 4799 2030 4867; x_wconf 71' lang='lat' dir='ltr'><strong>Alfectum</strong></span> 
     </span>
    </p>
   </div>
   <div class='ocr_carea' id='block_1_50' title="bbox 444 4894 2030 4981">
    <p class='ocr_par' dir='ltr' id='par_1_50' title="bbox 444 4894 2030 4981">
     <span class='ocr_line' id='line_1_50' title="bbox 444 4894 2030 4981; baseline -0.014 -12"><span class='ocrx_word' id='word_1_413' title='bbox 444 4924 664 4969; x_wconf 83' lang='lat' dir='ltr'><strong>matrum</strong></span> <span class='ocrx_word' id='word_1_414' title='bbox 689 4927 807 4981; x_wconf 88' lang='lat' dir='ltr'><strong>erga</strong></span> <span class='ocrx_word' id='word_1_415' title='bbox 830 4908 964 4977; x_wconf 77' lang='lat' dir='ltr'><strong>ﬁlias</strong></span> <span class='ocrx_word' id='word_1_416' title='bbox 985 4905 1283 4976; x_wconf 79' lang='lat' dir='ltr'><strong>ampliﬁcat.</strong></span> <span class='ocrx_word' id='word_1_417' title='bbox 1310 4930 1381 4942; x_wconf 91' lang='lat'><strong>——</strong></span> <span class='ocrx_word' id='word_1_418' title='bbox 1402 4901 1469 4955; x_wconf 80' lang='lat' dir='ltr'><strong>At</strong></span> <span class='ocrx_word' id='word_1_419' title='bbox 1496 4897 1636 4953; x_wconf 85' lang='lat' dir='ltr'><strong>enim</strong></span> <span class='ocrx_word' id='word_1_420' title='bbox 1657 4910 1759 4965; x_wconf 88' lang='lat' dir='ltr'><strong>qua</strong></span> <span class='ocrx_word' id='word_1_421' title='bbox 1786 4894 1854 4949; x_wconf 90' lang='lat' dir='ltr'><strong>de</strong></span> <span class='ocrx_word' id='word_1_422' title='bbox 1873 4908 2030 4947; x_wconf 83' lang='lat' dir='ltr'><strong>causa</strong></span> 
     </span>
    </p>
   </div>
   <div class='ocr_carea' id='block_1_51' title="bbox 442 4989 2029 5076">
    <p class='ocr_par' dir='ltr' id='par_1_51' title="bbox 442 4989 2029 5076">
     <span class='ocr_line' id='line_1_51' title="bbox 442 4989 2029 5076; baseline -0.016 -14"><span class='ocrx_word' id='word_1_423' title='bbox 442 5009 497 5062; x_wconf 88' lang='lat' dir='ltr'><strong>in</strong></span> <span class='ocrx_word' id='word_1_424' title='bbox 522 5004 780 5076; x_wconf 91' lang='lat' dir='ltr'><strong>judicium</strong></span> <span class='ocrx_word' id='word_1_425' title='bbox 826 5014 931 5054; x_wconf 88' lang='lat' dir='ltr'><strong>non</strong></span> <span class='ocrx_word' id='word_1_426' title='bbox 961 4997 1105 5052; x_wconf 89' lang='lat' dir='ltr'><strong>venit</strong></span> <span class='ocrx_word' id='word_1_427' title='bbox 1152 4992 1385 5049; x_wconf 81' lang='lat' dir='ltr'><strong>mulier?</strong></span> <span class='ocrx_word' id='word_1_428' title='bbox 1418 4989 1597 5045; x_wconf 84' lang='lat' dir='ltr'><strong>Voluit</strong></span> <span class='ocrx_word' id='word_1_429' title='bbox 1638 4996 1761 5040; x_wconf 87' lang='lat' dir='ltr'><strong>ante</strong></span> <span class='ocrx_word' id='word_1_430' title='bbox 1804 5000 2029 5055; x_wconf 87' lang='lat' dir='ltr'><strong>pugnam</strong></span> 
     </span>
    </p>
   </div>
   <div class='ocr_carea' id='block_1_52' title="bbox 446 5078 2029 5167">
    <p class='ocr_par' dir='ltr' id='par_1_52' title="bbox 446 5078 2029 5167">
     <span class='ocr_line' id='line_1_52' title="bbox 446 5078 2029 5167; baseline -0.013 -16"><span class='ocrx_word' id='word_1_431' title='bbox 446 5111 705 5167; x_wconf 60' lang='lat' dir='ltr'><strong>troprum</strong></span> <span class='ocrx_word' id='word_1_432' title='bbox 736 5093 963 5163; x_wconf 86' lang='lat' dir='ltr'><strong>erigere,</strong></span> <span class='ocrx_word' id='word_1_433' title='bbox 992 5099 1116 5143; x_wconf 91' lang='lat' dir='ltr'><strong>ante</strong></span> <span class='ocrx_word' id='word_1_434' title='bbox 1158 5085 1446 5142; x_wconf 85' lang='lat' dir='ltr'><strong>certamina</strong></span> <span class='ocrx_word' id='word_1_435' title='bbox 1488 5094 1738 5134; x_wconf 88' lang='lat' dir='ltr'><strong>coronam</strong></span> <span class='ocrx_word' id='word_1_436' title='bbox 1766 5078 2029 5146; x_wconf 88' lang='lat' dir='ltr'><strong>abripere,</strong></span> 
     </span>
    </p>
   </div>
   <div class='ocr_carea' id='block_1_53' title="bbox 442 5169 2031 5255">
    <p class='ocr_par' dir='ltr' id='par_1_53' title="bbox 442 5169 2031 5255">
     <span class='ocr_line' id='line_1_53' title="bbox 442 5169 2031 5255; baseline -0.014 -11"><span class='ocrx_word' id='word_1_437' title='bbox 442 5202 567 5245; x_wconf 87' lang='lat' dir='ltr'><strong>ante</strong></span> <span class='ocrx_word' id='word_1_438' title='bbox 614 5189 784 5243; x_wconf 85' lang='lat' dir='ltr'><strong>luctas</strong></span> <span class='ocrx_word' id='word_1_439' title='bbox 830 5183 1046 5255; x_wconf 64' lang='lat' dir='ltr'><strong>pra-mia</strong></span> <span class='ocrx_word' id='word_1_440' title='bbox 1092 5187 1417 5247; x_wconf 86' lang='lat' dir='ltr'><strong>reportare:</strong></span> <span class='ocrx_word' id='word_1_441' title='bbox 1448 5187 1552 5226; x_wconf 89' lang='lat' dir='ltr'><strong>non</strong></span> <span class='ocrx_word' id='word_1_442' title='bbox 1584 5169 1724 5240; x_wconf 86' lang='lat' dir='ltr'><strong>quod</strong></span> <span class='ocrx_word' id='word_1_443' title='bbox 1773 5179 2031 5223; x_wconf 86' lang='lat' dir='ltr'><strong>tormenta</strong></span> 
     </span>
    </p>
   </div>
   <div class='ocr_carea' id='block_1_54' title="bbox 441 5264 2029 5338">
    <p class='ocr_par' dir='ltr' id='par_1_54' title="bbox 441 5264 2029 5338">
     <span class='ocr_line' id='line_1_54' title="bbox 441 5264 2029 5338; baseline -0.014 -4"><span class='ocrx_word' id='word_1_444' title='bbox 441 5278 831 5338; x_wconf 71' lang='lat' dir='ltr'><strong>reformidaret,</strong></span> <span class='ocrx_word' id='word_1_445' title='bbox 857 5272 949 5328; x_wconf 79' lang='lat' dir='ltr'><strong>sed</strong></span> <span class='ocrx_word' id='word_1_446' title='bbox 990 5287 1057 5325; x_wconf 91' lang='lat' dir='ltr'><strong>ne</strong></span> <span class='ocrx_word' id='word_1_447' title='bbox 1086 5270 1189 5323; x_wconf 78' lang='lat' dir='ltr'><strong>illzr:</strong></span> <span class='ocrx_word' id='word_1_448' title='bbox 1216 5265 1382 5320; x_wconf 91' lang='lat' dir='ltr'><strong>oculis</strong></span> <span class='ocrx_word' id='word_1_449' title='bbox 1407 5264 1722 5317; x_wconf 88' lang='lat' dir='ltr'><strong>lascivorum</strong></span> <span class='ocrx_word' id='word_1_450' title='bbox 1752 5269 2029 5329; x_wconf 73' lang='lat' dir='ltr'><strong>paterent:</strong></span> 
     </span>
    </p>
   </div>
   <div class='ocr_carea' id='block_1_55' title="bbox 442 5351 2035 5432">
    <p class='ocr_par' dir='ltr' id='par_1_55' title="bbox 442 5351 2035 5432">
     <span class='ocr_line' id='line_1_55' title="bbox 442 5351 2035 5432; baseline -0.014 -6"><span class='ocrx_word' id='word_1_451' title='bbox 442 5388 550 5426; x_wconf 85' lang='lat' dir='ltr'><strong>nun</strong></span> <span class='ocrx_word' id='word_1_452' title='bbox 582 5367 872 5431; x_wconf 89' lang='lat' dir='ltr'><strong>metuebat,</strong></span> <span class='ocrx_word' id='word_1_453' title='bbox 923 5378 989 5418; x_wconf 91' lang='lat' dir='ltr'><strong>ne</strong></span> <span class='ocrx_word' id='word_1_454' title='bbox 1015 5362 1135 5432; x_wconf 89' lang='lat' dir='ltr'><strong>quis</strong></span> <span class='ocrx_word' id='word_1_455' title='bbox 1166 5359 1331 5412; x_wconf 83' lang='lat' dir='ltr'><strong>latera</strong></span> <span class='ocrx_word' id='word_1_456' title='bbox 1383 5354 1483 5425; x_wconf 90' lang='lat' dir='ltr'><strong>ipsi</strong></span> <span class='ocrx_word' id='word_1_457' title='bbox 1513 5352 1788 5415; x_wconf 85' lang='lat' dir='ltr'><strong>cﬂoderet,</strong></span> <span class='ocrx_word' id='word_1_458' title='bbox 1820 5351 1913 5404; x_wconf 86' lang='lat' dir='ltr'><strong>sed</strong></span> <span class='ocrx_word' id='word_1_459' title='bbox 1966 5365 2035 5404; x_wconf 88' lang='lat' dir='ltr'><strong>ne</strong></span> 
     </span>
    </p>
   </div>
   <div class='ocr_carea' id='block_1_56' title="bbox 441 5442 2033 5532">
    <p class='ocr_par' dir='ltr' id='par_1_56' title="bbox 441 5442 2033 5532">
     <span class='ocr_line' id='line_1_56' title="bbox 441 5442 2033 5532; baseline -0.013 -18"><span class='ocrx_word' id='word_1_460' title='bbox 441 5461 562 5532; x_wconf 88' lang='lat' dir='ltr'><strong>quis</strong></span> <span class='ocrx_word' id='word_1_461' title='bbox 591 5459 815 5513; x_wconf 89' lang='lat' dir='ltr'><strong>ﬁliarum</strong></span> <span class='ocrx_word' id='word_1_462' title='bbox 841 5459 1208 5521; x_wconf 88' lang='lat' dir='ltr'><strong>corrumperet</strong></span> <span class='ocrx_word' id='word_1_463' title='bbox 1255 5446 1634 5516; x_wconf 80' lang='lat' dir='ltr'><strong>virginitatem,</strong></span> <span class='ocrx_word' id='word_1_464' title='bbox 1669 5443 1906 5497; x_wconf 89' lang='lat' dir='ltr'><strong>timebat.</strong></span> <span class='ocrx_word' id='word_1_465' title='bbox 1934 5442 2033 5495; x_wconf 85' lang='lat' dir='ltr'><strong>At-</strong></span> 
     </span>
    </p>
   </div>
   <div class='ocr_carea' id='block_1_57' title="bbox 444 5538 2037 5623">
    <p class='ocr_par' dir='ltr' id='par_1_57' title="bbox 444 5538 2037 5623">
     <span class='ocr_line' id='line_1_57' title="bbox 444 5538 2037 5623; baseline -0.012 -17"><span class='ocrx_word' id='word_1_466' title='bbox 444 5569 551 5623; x_wconf 82' lang='lat' dir='ltr'><strong>qne</strong></span> <span class='ocrx_word' id='word_1_467' title='bbox 598 5552 701 5606; x_wconf 92' lang='lat' dir='ltr'><strong>hoc</strong></span> <span class='ocrx_word' id='word_1_468' title='bbox 729 5564 869 5613; x_wconf 88' lang='lat' dir='ltr'><strong>eam,</strong></span> <span class='ocrx_word' id='word_1_469' title='bbox 924 5561 1029 5599; x_wconf 90' lang='lat' dir='ltr'><strong>non</strong></span> <span class='ocrx_word' id='word_1_470' title='bbox 1061 5544 1150 5597; x_wconf 89' lang='lat' dir='ltr'><strong>illo</strong></span> <span class='ocrx_word' id='word_1_471' title='bbox 1192 5540 1355 5594; x_wconf 77' lang='lat' dir='ltr'><strong>fuisse</strong></span> <span class='ocrx_word' id='word_1_472' title='bbox 1404 5538 1594 5591; x_wconf 90' lang='lat' dir='ltr'><strong>timore</strong></span> <span class='ocrx_word' id='word_1_473' title='bbox 1635 5543 1953 5603; x_wconf 82' lang='lat' dir='ltr'><strong>correptam,</strong></span> <span class='ocrx_word' id='word_1_474' title='bbox 1982 5542 2037 5587; x_wconf 89' lang='lat' dir='ltr'><strong>et</strong></span> 
     </span>
    </p>
   </div>
   <div class='ocr_carea' id='block_1_58' title="bbox 448 5625 2033 5707">
    <p class='ocr_par' dir='ltr' id='par_1_58' title="bbox 448 5625 2033 5707">
     <span class='ocr_line' id='line_1_58' title="bbox 448 5625 2033 5707; baseline -0.013 -10"><span class='ocrx_word' id='word_1_475' title='bbox 448 5644 646 5697; x_wconf 86' lang='lat' dir='ltr'><strong>ideirco</strong></span> <span class='ocrx_word' id='word_1_476' title='bbox 688 5642 741 5693; x_wconf 90' lang='lat' dir='ltr'><strong>in</strong></span> <span class='ocrx_word' id='word_1_477' title='bbox 783 5637 1038 5707; x_wconf 84' lang='lat' dir='ltr'><strong>judicium</strong></span> <span class='ocrx_word' id='word_1_478' title='bbox 1088 5649 1191 5686; x_wconf 92' lang='lat' dir='ltr'><strong>non</strong></span> <span class='ocrx_word' id='word_1_479' title='bbox 1235 5630 1477 5686; x_wconf 89' lang='lat' dir='ltr'><strong>venisse.</strong></span> <span class='ocrx_word' id='word_1_480' title='bbox 1528 5626 1650 5681; x_wconf 89' lang='lat' dir='ltr'><strong>inde</strong></span> <span class='ocrx_word' id='word_1_481' title='bbox 1697 5625 2033 5679; x_wconf 83' lang='lat' dir='ltr'><strong>manifestum</strong></span> 
     </span>
    </p>
   </div>
   <div class='ocr_carea' id='block_1_59' title="bbox 447 5709 2031 5790">
    <p class='ocr_par' dir='ltr' id='par_1_59' title="bbox 447 5709 2031 5790">
     <span class='ocr_line' id='line_1_59' title="bbox 447 5709 2031 5790; baseline -0.013 -8"><span class='ocrx_word' id='word_1_482' title='bbox 447 5738 551 5782; x_wconf 72' lang='lat' dir='ltr'><strong>est.</strong></span> <span class='ocrx_word' id='word_1_483' title='bbox 604 5723 767 5776; x_wconf 75' lang='lat' dir='ltr'><strong>Multo</strong></span> <span class='ocrx_word' id='word_1_484' title='bbox 793 5721 1064 5790; x_wconf 82' lang='lat' dir='ltr'><strong>graviores</strong></span> <span class='ocrx_word' id='word_1_485' title='bbox 1104 5718 1155 5770; x_wconf 92' lang='lat' dir='ltr'><strong>in</strong></span> <span class='ocrx_word' id='word_1_486' title='bbox 1200 5713 1415 5767; x_wconf 91' lang='lat' dir='ltr'><strong>ﬂumine</strong></span> <span class='ocrx_word' id='word_1_487' title='bbox 1445 5713 1707 5767; x_wconf 88' lang='lat' dir='ltr'><strong>cruciatus</strong></span> <span class='ocrx_word' id='word_1_488' title='bbox 1748 5709 2031 5764; x_wconf 85' lang='lat' dir='ltr'><strong>toleravit:</strong></span> 
     </span>
    </p>
   </div>
   <div class='ocr_carea' id='block_1_60' title="bbox 521 5883 2037 5954">
    <p class='ocr_par' dir='ltr' id='par_1_60' title="bbox 521 5883 2037 5954">
     <span class='ocr_line' id='line_1_60' title="bbox 521 5883 2037 5954; baseline -0.007 -9"><span class='ocrx_word' id='word_1_489' title='bbox 521 5899 532 5928; x_wconf 87' lang='lat'>&#39;</span> <span class='ocrx_word' id='word_1_490' title='bbox 561 5896 640 5954; x_wconf 64' lang='lat' dir='ltr'><strong>Sic</strong></span> <span class='ocrx_word' id='word_1_491' title='bbox 659 5893 840 5954; x_wconf 80' lang='lat' dir='ltr'><strong>legitur</strong></span> <span class='ocrx_word' id='word_1_492' title='bbox 864 5889 1074 5954; x_wconf 74' lang='lat' dir='ltr'><strong>insavil.</strong></span> <span class='ocrx_word' id='word_1_493' title='bbox 1118 5896 1167 5954; x_wconf 62' lang='grc' dir='ltr'><strong>ιιι</strong></span> <span class='ocrx_word' id='word_1_494' title='bbox 1210 5887 1402 5954; x_wconf 71' lang='lat' dir='ltr'><strong>Montef.</strong></span> <span class='ocrx_word' id='word_1_495' title='bbox 1422 5950 1431 5954; x_wconf 89' lang='lat'>_</span> <span class='ocrx_word' id='word_1_496' title='bbox 1451 5895 1647 5954; x_wconf 78' lang='lat' dir='ltr'><strong>autem,</strong></span> <span class='ocrx_word' id='word_1_497' title='bbox 1672 5883 1935 5954; x_wconf 63' lang='lat' dir='ltr'><strong>eademque</strong></span> <span class='ocrx_word' id='word_1_498' title='bbox 1958 5896 2037 5935; x_wconf 71' lang='lat' dir='ltr'><strong>res</strong></span> 
     </span>
    </p>
   </div>
   <div class='ocr_carea' id='block_1_61' title="bbox 448 5944 1969 6010">
    <p class='ocr_par' dir='ltr' id='par_1_61' title="bbox 448 5944 1969 6010">
     <span class='ocr_line' id='line_1_61' title="bbox 448 5944 1969 6010; baseline -0.009 -2"><span class='ocrx_word' id='word_1_499' title='bbox 448 5944 747 6009; x_wconf 61' lang='grc' dir='ltr'><strong>διιενίἇᾶαῶ</strong></span> <span class='ocrx_word' id='word_1_500' title='bbox 772 5950 955 6003; x_wconf 74' lang='lat' dir='ltr'><strong>exstitit</strong></span> <span class='ocrx_word' id='word_1_501' title='bbox 978 5960 1020 5999; x_wconf 67' lang='lat' dir='ltr'><strong>et</strong></span> <span class='ocrx_word' id='word_1_502' title='bbox 1040 5950 1302 6010; x_wconf 75' lang='lat' dir='ltr'><strong>baptisnms</strong></span> <span class='ocrx_word' id='word_1_503' title='bbox 1325 5949 1584 6001; x_wconf 68' lang='lat' dir='ltr'><strong>evidentior</strong></span> <span class='ocrx_word' id='word_1_504' title='bbox 1609 5948 1693 5999; x_wconf 83' lang='lat' dir='ltr'><strong>Iwc</strong></span> <span class='ocrx_word' id='word_1_505' title='bbox 1717 5944 1969 6005; x_wconf 63' lang='lat' dir='ltr'><strong>baptismo.</strong></span> 
     </span>
    </p>
   </div>
   <div class='ocr_carea' id='block_1_62' title="bbox 1107 400 2892 467">
    <p class='ocr_par' dir='ltr' id='par_1_62' title="bbox 1107 400 2892 467">
     <span class='ocr_line' id='line_1_62' title="bbox 1107 400 2892 467; baseline -0.003 0"><span class='ocrx_word' id='word_1_506' title='bbox 1107 410 1164 467; x_wconf 88' lang='lat' dir='ltr'><strong>S.</strong></span> <span class='ocrx_word' id='word_1_507' title='bbox 1204 406 1481 466; x_wconf 73' lang='lat' dir='ltr'><strong>JOANNIS</strong></span> <span class='ocrx_word' id='word_1_508' title='bbox 1504 401 1979 463; x_wconf 76' lang='lat' dir='ltr'><strong>CHRYSOSTOMI</strong></span> <span class='ocrx_word' id='word_1_509' title='bbox 2013 400 2329 459; x_wconf 69' lang='lat' dir='ltr'><strong>ARClllEP.</strong></span> <span class='ocrx_word' id='word_1_510' title='bbox 2360 402 2892 461; x_wconf 63' lang='lat' dir='ltr'><strong>CONSTANTINOP.</strong></span> 
     </span>
    </p>
   </div>
   <div class='ocr_carea' id='block_1_63' title="bbox 3581 404 3690 461">
    <p class='ocr_par' dir='ltr' id='par_1_63' title="bbox 3581 404 3690 461">
     <span class='ocr_line' id='line_1_63' title="bbox 3581 404 3690 461; baseline -0.046 1"><span class='ocrx_word' id='word_1_511' title='bbox 3581 404 3690 461; x_wconf 76' lang='grc' dir='ltr'><strong>σω</strong></span> 
     </span>
    </p>
   </div>
   <div class='ocr_carea' id='block_1_64' title="bbox 2092 516 3695 587">
    <p class='ocr_par' dir='ltr' id='par_1_64' title="bbox 2092 516 3695 587">
     <span class='ocr_line' id='line_1_64' title="bbox 2092 516 3695 587; baseline 0.002 -19"><span class='ocrx_word' id='word_1_512' title='bbox 2092 516 2259 569; x_wconf 90' lang='lat' dir='ltr'><strong>multo</strong></span> <span class='ocrx_word' id='word_1_513' title='bbox 2284 516 2425 569; x_wconf 83' lang='lat' dir='ltr'><strong>cnim</strong></span> <span class='ocrx_word' id='word_1_514' title='bbox 2457 518 2671 586; x_wconf 82' lang='lat' dir='ltr'><strong>gravius</strong></span> <span class='ocrx_word' id='word_1_515' title='bbox 2696 528 2778 573; x_wconf 92' lang='lat' dir='ltr'><strong>est</strong></span> <span class='ocrx_word' id='word_1_516' title='bbox 2808 528 2858 572; x_wconf 91' lang='lat' dir='ltr'><strong>et</strong></span> <span class='ocrx_word' id='word_1_517' title='bbox 2888 516 3149 578; x_wconf 81' lang='lat' dir='ltr'><strong>acerbius,</strong></span> <span class='ocrx_word' id='word_1_518' title='bbox 3176 525 3229 571; x_wconf 89' lang='lat' dir='ltr'><strong>ut</strong></span> <span class='ocrx_word' id='word_1_519' title='bbox 3258 526 3384 572; x_wconf 79' lang='lat' dir='ltr'><strong>ante</strong></span> <span class='ocrx_word' id='word_1_520' title='bbox 3408 517 3538 583; x_wconf 86' lang='lat' dir='ltr'><strong>dixi,</strong></span> <span class='ocrx_word' id='word_1_521' title='bbox 3569 535 3695 587; x_wconf 77' lang='lat' dir='ltr'><strong>pru-</strong></span> 
     </span>
    </p>
   </div>
   <div class='ocr_carea' id='block_1_65' title="bbox 2095 607 3696 678">
    <p class='ocr_par' dir='ltr' id='par_1_65' title="bbox 2095 607 3696 678">
     <span class='ocr_line' id='line_1_65' title="bbox 2095 607 3696 678; baseline 0.002 -18"><span class='ocrx_word' id='word_1_522' title='bbox 2095 608 2205 677; x_wconf 89' lang='lat' dir='ltr'><strong>pria</strong></span> <span class='ocrx_word' id='word_1_523' title='bbox 2234 607 2462 667; x_wconf 67' lang='lat' dir='ltr'><strong>viscera.</strong></span> <span class='ocrx_word' id='word_1_524' title='bbox 2497 609 2628 663; x_wconf 83' lang='lat' dir='ltr'><strong>tilias</strong></span> <span class='ocrx_word' id='word_1_525' title='bbox 2672 610 2905 677; x_wconf 80' lang='lat' dir='ltr'><strong>inquam.</strong></span> <span class='ocrx_word' id='word_1_526' title='bbox 2937 625 3097 663; x_wconf 91' lang='lat' dir='ltr'><strong>manu</strong></span> <span class='ocrx_word' id='word_1_527' title='bbox 3143 624 3237 664; x_wconf 90' lang='lat' dir='ltr'><strong>sua</strong></span> <span class='ocrx_word' id='word_1_528' title='bbox 3263 610 3602 678; x_wconf 78' lang='lat' dir='ltr'><strong>demergere,</strong></span> <span class='ocrx_word' id='word_1_529' title='bbox 3631 626 3696 663; x_wconf 91' lang='lat' dir='ltr'><strong>ac</strong></span> 
     </span>
    </p>
   </div>
   <div class='ocr_carea' id='block_1_66' title="bbox 2089 698 3693 769">
    <p class='ocr_par' dir='ltr' id='par_1_66' title="bbox 2089 698 3693 769">
     <span class='ocr_line' id='line_1_66' title="bbox 2089 698 3693 769; baseline 0.001 -19"><span class='ocrx_word' id='word_1_530' title='bbox 2089 698 2335 753; x_wconf 87' lang='lat' dir='ltr'><strong>suﬂ‘ocari</strong></span> <span class='ocrx_word' id='word_1_531' title='bbox 2384 714 2648 764; x_wconf 86' lang='lat' dir='ltr'><strong>cernere,</strong></span> <span class='ocrx_word' id='word_1_532' title='bbox 2698 716 2856 769; x_wconf 88' lang='lat' dir='ltr'><strong>quam</strong></span> <span class='ocrx_word' id='word_1_533' title='bbox 2924 698 3146 755; x_wconf 84' lang='lat' dir='ltr'><strong>lacerari</strong></span> <span class='ocrx_word' id='word_1_534' title='bbox 3193 715 3406 754; x_wconf 85' lang='lat' dir='ltr'><strong>carnem</strong></span> <span class='ocrx_word' id='word_1_535' title='bbox 3456 699 3693 764; x_wconf 78' lang='lat' dir='ltr'><strong>videre,</strong></span> 
     </span>
    </p>
   </div>
   <div class='ocr_carea' id='block_1_67' title="bbox 2092 790 3696 862">
    <p class='ocr_par' dir='ltr' id='par_1_67' title="bbox 2092 790 3696 862">
     <span class='ocr_line' id='line_1_67' title="bbox 2092 790 3696 862; baseline 0 -18"><span class='ocrx_word' id='word_1_536' title='bbox 2092 791 2372 859; x_wconf 86' lang='lat' dir='ltr'><strong>multoque</strong></span> <span class='ocrx_word' id='word_1_537' title='bbox 2402 791 2474 845; x_wconf 91' lang='lat' dir='ltr'><strong>illi</strong></span> <span class='ocrx_word' id='word_1_538' title='bbox 2527 793 2717 846; x_wconf 91' lang='lat' dir='ltr'><strong>minori</strong></span> <span class='ocrx_word' id='word_1_539' title='bbox 2749 808 2883 861; x_wconf 87' lang='lat' dir='ltr'><strong>opus</strong></span> <span class='ocrx_word' id='word_1_540' title='bbox 2909 800 3021 846; x_wconf 63' lang='lat' dir='ltr'><strong>erat</strong></span> <span class='ocrx_word' id='word_1_541' title='bbox 3053 790 3408 862; x_wconf 81' lang='lat' dir='ltr'><strong>philosophia,</strong></span> <span class='ocrx_word' id='word_1_542' title='bbox 3436 808 3598 861; x_wconf 85' lang='lat' dir='ltr'><strong>quam</strong></span> <span class='ocrx_word' id='word_1_543' title='bbox 3627 793 3696 844; x_wconf 76' lang='lat' dir='ltr'><strong>ad</strong></span> 
     </span>
    </p>
   </div>
   <div class='ocr_carea' id='block_1_68' title="bbox 2093 881 3702 951">
    <p class='ocr_par' dir='ltr' id='par_1_68' title="bbox 2093 881 3702 951">
     <span class='ocr_line' id='line_1_68' title="bbox 2093 881 3702 951; baseline 0.002 -18"><span class='ocrx_word' id='word_1_544' title='bbox 2093 888 2355 934; x_wconf 90' lang='lat' dir='ltr'><strong>tormenta</strong></span> <span class='ocrx_word' id='word_1_545' title='bbox 2391 881 2687 947; x_wconf 79' lang='lat' dir='ltr'><strong>toleranda,</strong></span> <span class='ocrx_word' id='word_1_546' title='bbox 2736 892 2791 936; x_wconf 93' lang='lat' dir='ltr'><strong>ut</strong></span> <span class='ocrx_word' id='word_1_547' title='bbox 2822 883 3114 951; x_wconf 89' lang='lat' dir='ltr'><strong>puellarum</strong></span> <span class='ocrx_word' id='word_1_548' title='bbox 3146 892 3328 938; x_wconf 91' lang='lat' dir='ltr'><strong>tenere</strong></span> <span class='ocrx_word' id='word_1_549' title='bbox 3353 882 3617 937; x_wconf 82' lang='lat' dir='ltr'><strong>dexteras</strong></span> <span class='ocrx_word' id='word_1_550' title='bbox 3642 896 3702 937; x_wconf 81' lang='lat' dir='ltr'><strong>et</strong></span> 
     </span>
    </p>
   </div>
   <div class='ocr_carea' id='block_1_69' title="bbox 2090 970 3701 1042">
    <p class='ocr_par' dir='ltr' id='par_1_69' title="bbox 2090 970 3701 1042">
     <span class='ocr_line' id='line_1_69' title="bbox 2090 970 3701 1042; baseline 0.002 -19"><span class='ocrx_word' id='word_1_551' title='bbox 2090 970 2156 1024; x_wconf 91' lang='lat' dir='ltr'><strong>ad</strong></span> <span class='ocrx_word' id='word_1_552' title='bbox 2204 970 2434 1025; x_wconf 88' lang='lat' dir='ltr'><strong>ﬂumims</strong></span> <span class='ocrx_word' id='word_1_553' title='bbox 2462 972 2657 1025; x_wconf 88' lang='lat' dir='ltr'><strong>ﬂuenta</strong></span> <span class='ocrx_word' id='word_1_554' title='bbox 2708 973 3017 1041; x_wconf 90' lang='lat' dir='ltr'><strong>pertrahere</strong></span> <span class='ocrx_word' id='word_1_555' title='bbox 3062 987 3241 1027; x_wconf 90' lang='lat' dir='ltr'><strong>secum</strong></span> <span class='ocrx_word' id='word_1_556' title='bbox 3274 983 3476 1042; x_wconf 79' lang='lat' dir='ltr'><strong>posset.</strong></span> <span class='ocrx_word' id='word_1_557' title='bbox 3509 970 3701 1042; x_wconf 80' lang='lat' dir='ltr'><strong>Neque</strong></span> 
     </span>
    </p>
   </div>
   <div class='ocr_carea' id='block_1_70' title="bbox 2093 1062 3703 1130">
    <p class='ocr_par' dir='ltr' id='par_1_70' title="bbox 2093 1062 3703 1130">
     <span class='ocr_line' id='line_1_70' title="bbox 2093 1062 3703 1130; baseline 0.002 -16"><span class='ocrx_word' id='word_1_558' title='bbox 2093 1062 2234 1115; x_wconf 91' lang='lat' dir='ltr'><strong>enim</strong></span> <span class='ocrx_word' id='word_1_559' title='bbox 2267 1076 2360 1130; x_wconf 86' lang='lat' dir='ltr'><strong>par</strong></span> <span class='ocrx_word' id='word_1_560' title='bbox 2386 1062 2450 1115; x_wconf 88' lang='lat' dir='ltr'><strong>ad</strong></span> <span class='ocrx_word' id='word_1_561' title='bbox 2482 1062 2721 1117; x_wconf 91' lang='lat' dir='ltr'><strong>dolorem</strong></span> <span class='ocrx_word' id='word_1_562' title='bbox 2750 1064 3064 1117; x_wconf 87' lang='lat' dir='ltr'><strong>inurendum</strong></span> <span class='ocrx_word' id='word_1_563' title='bbox 3092 1072 3419 1117; x_wconf 88' lang='lat' dir='ltr'><strong>momentum</strong></span> <span class='ocrx_word' id='word_1_564' title='bbox 3445 1062 3612 1118; x_wconf 78' lang='lat' dir='ltr'><strong>affert</strong></span> <span class='ocrx_word' id='word_1_565' title='bbox 3631 1064 3703 1118; x_wconf 87' lang='lat' dir='ltr'><strong>ab</strong></span> 
     </span>
    </p>
   </div>
   <div class='ocr_carea' id='block_1_71' title="bbox 2094 1153 3703 1223">
    <p class='ocr_par' dir='ltr' id='par_1_71' title="bbox 2094 1153 3703 1223">
     <span class='ocr_line' id='line_1_71' title="bbox 2094 1153 3703 1223; baseline 0.001 -16"><span class='ocrx_word' id='word_1_566' title='bbox 2094 1153 2210 1207; x_wconf 89' lang='lat' dir='ltr'><strong>aliis</strong></span> <span class='ocrx_word' id='word_1_567' title='bbox 2252 1168 2474 1208; x_wconf 88' lang='lat' dir='ltr'><strong>cernere</strong></span> <span class='ocrx_word' id='word_1_568' title='bbox 2517 1153 2826 1220; x_wconf 84' lang='lat' dir='ltr'><strong>divexatas,</strong></span> <span class='ocrx_word' id='word_1_569' title='bbox 2857 1164 2910 1209; x_wconf 90' lang='lat' dir='ltr'><strong>et</strong></span> <span class='ocrx_word' id='word_1_570' title='bbox 2958 1155 3125 1223; x_wconf 88' lang='lat' dir='ltr'><strong>ipsam</strong></span> <span class='ocrx_word' id='word_1_571' title='bbox 3177 1157 3336 1209; x_wconf 90' lang='lat' dir='ltr'><strong>morti</strong></span> <span class='ocrx_word' id='word_1_572' title='bbox 3386 1155 3703 1221; x_wconf 86' lang='lat' dir='ltr'><strong>inservire,</strong></span> 
     </span>
    </p>
   </div>
   <div class='ocr_carea' id='block_1_72' title="bbox 2097 1245 3705 1316">
    <p class='ocr_par' dir='ltr' id='par_1_72' title="bbox 2097 1245 3705 1316">
     <span class='ocr_line' id='line_1_72' title="bbox 2097 1245 3705 1316; baseline 0.002 -18"><span class='ocrx_word' id='word_1_573' title='bbox 2097 1245 2264 1315; x_wconf 87' lang='lat' dir='ltr'><strong>ipsam</strong></span> <span class='ocrx_word' id='word_1_574' title='bbox 2296 1246 2407 1299; x_wconf 91' lang='lat' dir='ltr'><strong>ﬁeri</strong></span> <span class='ocrx_word' id='word_1_575' title='bbox 2456 1246 2603 1300; x_wconf 88' lang='lat' dir='ltr'><strong>necis</strong></span> <span class='ocrx_word' id='word_1_576' title='bbox 2646 1245 3034 1309; x_wconf 88' lang='lat' dir='ltr'><strong>administram,</strong></span> <span class='ocrx_word' id='word_1_577' title='bbox 3064 1247 3230 1316; x_wconf 88' lang='lat' dir='ltr'><strong>ipsam</strong></span> <span class='ocrx_word' id='word_1_578' title='bbox 3276 1246 3489 1300; x_wconf 84' lang='lat' dir='ltr'><strong>filiabus</strong></span> <span class='ocrx_word' id='word_1_579' title='bbox 3515 1249 3705 1301; x_wconf 83' lang='lat' dir='ltr'><strong>carni-</strong></span> 
     </span>
    </p>
   </div>
   <div class='ocr_carea' id='block_1_73' title="bbox 2098 1338 3707 1408">
    <p class='ocr_par' dir='ltr' id='par_1_73' title="bbox 2098 1338 3707 1408">
     <span class='ocr_line' id='line_1_73' title="bbox 2098 1338 3707 1408; baseline 0.001 -16"><span class='ocrx_word' id='word_1_580' title='bbox 2098 1338 2214 1392; x_wconf 68' lang='lat' dir='ltr'><strong>ﬁcis</strong></span> <span class='ocrx_word' id='word_1_581' title='bbox 2261 1339 2404 1392; x_wconf 86' lang='lat' dir='ltr'><strong>vices</strong></span> <span class='ocrx_word' id='word_1_582' title='bbox 2430 1338 2579 1392; x_wconf 89' lang='lat' dir='ltr'><strong>obire</strong></span> <span class='ocrx_word' id='word_1_583' title='bbox 2613 1355 2625 1391; x_wconf 94' lang='lat'>:</span> <span class='ocrx_word' id='word_1_584' title='bbox 2658 1339 2749 1391; x_wconf 82' lang='lat' dir='ltr'><strong>sed</strong></span> <span class='ocrx_word' id='word_1_585' title='bbox 2782 1338 2881 1392; x_wconf 93' lang='lat' dir='ltr'><strong>boc</strong></span> <span class='ocrx_word' id='word_1_586' title='bbox 2927 1339 3095 1392; x_wconf 91' lang='lat' dir='ltr'><strong>multo</strong></span> <span class='ocrx_word' id='word_1_587' title='bbox 3141 1339 3229 1392; x_wconf 90' lang='lat' dir='ltr'><strong>illo</strong></span> <span class='ocrx_word' id='word_1_588' title='bbox 3275 1339 3492 1408; x_wconf 81' lang='lat' dir='ltr'><strong>gravius</strong></span> <span class='ocrx_word' id='word_1_589' title='bbox 3537 1348 3707 1393; x_wconf 78' lang='lat' dir='ltr'><strong>estet</strong></span> 
     </span>
    </p>
   </div>
   <div class='ocr_carea' id='block_1_74' title="bbox 2098 1428 3705 1486">
    <p class='ocr_par' dir='ltr' id='par_1_74' title="bbox 2098 1428 3705 1486">
     <span class='ocr_line' id='line_1_74' title="bbox 2098 1428 3705 1486; baseline 0.001 -1"><span class='ocrx_word' id='word_1_590' title='bbox 2098 1428 2503 1485; x_wconf 80' lang='lat' dir='ltr'><strong>intolerabilius.</strong></span> <span class='ocrx_word' id='word_1_591' title='bbox 2535 1430 2667 1486; x_wconf 82' lang='lat' dir='ltr'><strong>Huic</strong></span> <span class='ocrx_word' id='word_1_592' title='bbox 2696 1431 2919 1484; x_wconf 88' lang='lat' dir='ltr'><strong>orationi</strong></span> <span class='ocrx_word' id='word_1_593' title='bbox 2950 1446 3083 1484; x_wconf 71' lang='lat' dir='ltr'><strong>mem</strong></span> <span class='ocrx_word' id='word_1_594' title='bbox 3111 1431 3474 1485; x_wconf 89' lang='lat' dir='ltr'><strong>testimonium</strong></span> <span class='ocrx_word' id='word_1_595' title='bbox 3504 1430 3705 1486; x_wconf 85' lang='lat' dir='ltr'><strong>dicetis</strong></span> 
     </span>
    </p>
   </div>
   <div class='ocr_carea' id='block_1_75' title="bbox 2097 1522 3707 1593">
    <p class='ocr_par' dir='ltr' id='par_1_75' title="bbox 2097 1522 3707 1593">
     <span class='ocr_line' id='line_1_75' title="bbox 2097 1522 3707 1593; baseline 0 -16"><span class='ocrx_word' id='word_1_596' title='bbox 2097 1537 2308 1586; x_wconf 90' lang='lat' dir='ltr'><strong>omnes,</strong></span> <span class='ocrx_word' id='word_1_597' title='bbox 2336 1530 2599 1593; x_wconf 90' lang='lat' dir='ltr'><strong>quotquot</strong></span> <span class='ocrx_word' id='word_1_598' title='bbox 2628 1532 2823 1576; x_wconf 89' lang='lat' dir='ltr'><strong>matres</strong></span> <span class='ocrx_word' id='word_1_599' title='bbox 2869 1522 3059 1584; x_wconf 89' lang='lat' dir='ltr'><strong>fuistis,</strong></span> <span class='ocrx_word' id='word_1_600' title='bbox 3087 1538 3207 1592; x_wconf 77' lang='lat' dir='ltr'><strong>qua:</strong></span> <span class='ocrx_word' id='word_1_601' title='bbox 3253 1532 3435 1592; x_wconf 85' lang='lat' dir='ltr'><strong>partus</strong></span> <span class='ocrx_word' id='word_1_602' title='bbox 3479 1523 3707 1578; x_wconf 84' lang='lat' dir='ltr'><strong>dolores</strong></span> 
     </span>
    </p>
   </div>
   <div class='ocr_carea' id='block_1_76' title="bbox 2098 1615 3710 1685">
    <p class='ocr_par' dir='ltr' id='par_1_76' title="bbox 2098 1615 3710 1685">
     <span class='ocr_line' id='line_1_76' title="bbox 2098 1615 3710 1685; baseline 0 -16"><span class='ocrx_word' id='word_1_603' title='bbox 2098 1624 2333 1684; x_wconf 77' lang='lat' dir='ltr'><strong>expertre</strong></span> <span class='ocrx_word' id='word_1_604' title='bbox 2358 1615 2507 1682; x_wconf 89' lang='lat' dir='ltr'><strong>estis,</strong></span> <span class='ocrx_word' id='word_1_605' title='bbox 2537 1630 2599 1670; x_wconf 91' lang='lat' dir='ltr'><strong>ac</strong></span> <span class='ocrx_word' id='word_1_606' title='bbox 2643 1615 2779 1669; x_wconf 82' lang='lat' dir='ltr'><strong>ﬁlias</strong></span> <span class='ocrx_word' id='word_1_607' title='bbox 2809 1616 3140 1685; x_wconf 80' lang='lat' dir='ltr'><strong>suscepistis.</strong></span> <span class='ocrx_word' id='word_1_608' title='bbox 3171 1615 3452 1681; x_wconf 87' lang='lat' dir='ltr'><strong>Quomodo</strong></span> <span class='ocrx_word' id='word_1_609' title='bbox 3498 1617 3710 1685; x_wconf 81' lang='lat' dir='ltr'><strong>puella-</strong></span> 
     </span>
    </p>
   </div>
   <div class='ocr_carea' id='block_1_77' title="bbox 2099 1705 3708 1777">
    <p class='ocr_par' dir='ltr' id='par_1_77' title="bbox 2099 1705 3708 1777">
     <span class='ocr_line' id='line_1_77' title="bbox 2099 1705 3708 1777; baseline 0.001 -17"><span class='ocrx_word' id='word_1_610' title='bbox 2099 1721 2217 1760; x_wconf 89' lang='lat' dir='ltr'><strong>rum</strong></span> <span class='ocrx_word' id='word_1_611' title='bbox 2265 1705 2536 1761; x_wconf 86' lang='lat' dir='ltr'><strong>dexteram</strong></span> <span class='ocrx_word' id='word_1_612' title='bbox 2584 1706 2965 1777; x_wconf 89' lang='lat' dir='ltr'><strong>arripuit?qui</strong></span> <span class='ocrx_word' id='word_1_613' title='bbox 3014 1709 3125 1761; x_wconf 91' lang='lat' dir='ltr'><strong>licri</strong></span> <span class='ocrx_word' id='word_1_614' title='bbox 3178 1710 3367 1777; x_wconf 88' lang='lat' dir='ltr'><strong>potuit,</strong></span> <span class='ocrx_word' id='word_1_615' title='bbox 3403 1717 3459 1760; x_wconf 93' lang='lat' dir='ltr'><strong>ut</strong></span> <span class='ocrx_word' id='word_1_616' title='bbox 3510 1723 3708 1762; x_wconf 86' lang='lat' dir='ltr'><strong>manus</strong></span> 
     </span>
    </p>
   </div>
   <div class='ocr_carea' id='block_1_78' title="bbox 2102 1798 3712 1870">
    <p class='ocr_par' dir='ltr' id='par_1_78' title="bbox 2102 1798 3712 1870">
     <span class='ocr_line' id='line_1_78' title="bbox 2102 1798 3712 1870; baseline -0.001 -17"><span class='ocrx_word' id='word_1_617' title='bbox 2102 1814 2207 1853; x_wconf 90' lang='lat' dir='ltr'><strong>non</strong></span> <span class='ocrx_word' id='word_1_618' title='bbox 2236 1798 2680 1870; x_wconf 84' lang='lat' dir='ltr'><strong>obtorpesceret?</strong></span> <span class='ocrx_word' id='word_1_619' title='bbox 2701 1800 2968 1870; x_wconf 89' lang='lat' dir='ltr'><strong>quomodo</strong></span> <span class='ocrx_word' id='word_1_620' title='bbox 2996 1815 3101 1853; x_wconf 88' lang='lat' dir='ltr'><strong>non</strong></span> <span class='ocrx_word' id='word_1_621' title='bbox 3134 1800 3353 1854; x_wconf 89' lang='lat' dir='ltr'><strong>resoluti</strong></span> <span class='ocrx_word' id='word_1_622' title='bbox 3379 1808 3505 1853; x_wconf 90' lang='lat' dir='ltr'><strong>sunt</strong></span> <span class='ocrx_word' id='word_1_623' title='bbox 3530 1802 3712 1854; x_wconf 81' lang='lat' dir='ltr'><strong>nervi?</strong></span> 
     </span>
    </p>
   </div>
   <div class='ocr_carea' id='block_1_79' title="bbox 2101 1891 3712 1961">
    <p class='ocr_par' dir='ltr' id='par_1_79' title="bbox 2101 1891 3712 1961">
     <span class='ocr_line' id='line_1_79' title="bbox 2101 1891 3712 1961; baseline 0.001 -18"><span class='ocrx_word' id='word_1_624' title='bbox 2101 1891 2367 1961; x_wconf 90' lang='lat' dir='ltr'><strong>quomodo</strong></span> <span class='ocrx_word' id='word_1_625' title='bbox 2412 1907 2563 1947; x_wconf 88' lang='lat' dir='ltr'><strong>mens</strong></span> <span class='ocrx_word' id='word_1_626' title='bbox 2596 1891 2663 1946; x_wconf 90' lang='lat' dir='ltr'><strong>de</strong></span> <span class='ocrx_word' id='word_1_627' title='bbox 2692 1901 2829 1946; x_wconf 90' lang='lat' dir='ltr'><strong>statu</strong></span> <span class='ocrx_word' id='word_1_628' title='bbox 2857 1891 3058 1960; x_wconf 87' lang='lat' dir='ltr'><strong>dejecta</strong></span> <span class='ocrx_word' id='word_1_629' title='bbox 3109 1907 3211 1944; x_wconf 85' lang='lat' dir='ltr'><strong>non</strong></span> <span class='ocrx_word' id='word_1_630' title='bbox 3239 1892 3365 1945; x_wconf 83' lang='lat' dir='ltr'><strong>est?</strong></span> <span class='ocrx_word' id='word_1_631' title='bbox 3407 1892 3497 1959; x_wconf 90' lang='lat' dir='ltr'><strong>qui</strong></span> <span class='ocrx_word' id='word_1_632' title='bbox 3533 1891 3712 1961; x_wconf 90' lang='lat' dir='ltr'><strong>potuit</strong></span> 
     </span>
    </p>
   </div>
   <div class='ocr_carea' id='block_1_80' title="bbox 2102 1981 3710 2052">
    <p class='ocr_par' dir='ltr' id='par_1_80' title="bbox 2102 1981 3710 2052">
     <span class='ocr_line' id='line_1_80' title="bbox 2102 1981 3710 2052; baseline -0.001 -16"><span class='ocrx_word' id='word_1_633' title='bbox 2102 1982 2241 2036; x_wconf 86' lang='lat' dir='ltr'><strong>ratio</strong></span> <span class='ocrx_word' id='word_1_634' title='bbox 2283 1982 2346 2036; x_wconf 91' lang='lat' dir='ltr'><strong>iis</strong></span> <span class='ocrx_word' id='word_1_635' title='bbox 2384 1998 2504 2052; x_wconf 67' lang='lat' dir='ltr'><strong>qua:</strong></span> <span class='ocrx_word' id='word_1_636' title='bbox 2542 1982 2865 2051; x_wconf 84' lang='lat' dir='ltr'><strong>gerebantur</strong></span> <span class='ocrx_word' id='word_1_637' title='bbox 2908 1982 3208 2036; x_wconf 87' lang='lat' dir='ltr'><strong>inservire?</strong></span> <span class='ocrx_word' id='word_1_638' title='bbox 3237 1983 3521 2036; x_wconf 82' lang='lat' dir='ltr'><strong>Sexeentis</strong></span> <span class='ocrx_word' id='word_1_639' title='bbox 3561 1981 3710 2035; x_wconf 90' lang='lat' dir='ltr'><strong>enim</strong></span> 
     </span>
    </p>
   </div>
   <div class='ocr_carea' id='block_1_81' title="bbox 2103 2076 3717 2145">
    <p class='ocr_par' dir='ltr' id='par_1_81' title="bbox 2103 2076 3717 2145">
     <span class='ocr_line' id='line_1_81' title="bbox 2103 2076 3717 2145; baseline 0 -14"><span class='ocrx_word' id='word_1_640' title='bbox 2103 2076 2384 2131; x_wconf 89' lang='lat' dir='ltr'><strong>tormentis</strong></span> <span class='ocrx_word' id='word_1_641' title='bbox 2407 2077 2610 2132; x_wconf 90' lang='lat' dir='ltr'><strong>facinus</strong></span> <span class='ocrx_word' id='word_1_642' title='bbox 2633 2077 2759 2131; x_wconf 92' lang='lat' dir='ltr'><strong>illud</strong></span> <span class='ocrx_word' id='word_1_643' title='bbox 2775 2079 3018 2132; x_wconf 87' lang='lat' dir='ltr'><strong>acerbius</strong></span> <span class='ocrx_word' id='word_1_644' title='bbox 3039 2077 3154 2142; x_wconf 90' lang='lat' dir='ltr'><strong>fuit,</strong></span> <span class='ocrx_word' id='word_1_645' title='bbox 3178 2092 3297 2131; x_wconf 92' lang='lat' dir='ltr'><strong>cum</strong></span> <span class='ocrx_word' id='word_1_646' title='bbox 3316 2078 3563 2145; x_wconf 87' lang='lat' dir='ltr'><strong>corporis</strong></span> <span class='ocrx_word' id='word_1_647' title='bbox 3588 2078 3717 2131; x_wconf 80' lang='lat' dir='ltr'><strong>loco</strong></span> 
     </span>
    </p>
   </div>
   <div class='ocr_carea' id='block_1_82' title="bbox 2104 2169 3705 2239">
    <p class='ocr_par' dir='ltr' id='par_1_82' title="bbox 2104 2169 3705 2239">
     <span class='ocr_line' id='line_1_82' title="bbox 2104 2169 3705 2239; baseline 0 -16"><span class='ocrx_word' id='word_1_648' title='bbox 2104 2170 2220 2239; x_wconf 87' lang='lat' dir='ltr'><strong>ejus</strong></span> <span class='ocrx_word' id='word_1_649' title='bbox 2249 2170 2425 2223; x_wconf 91' lang='lat' dir='ltr'><strong>anima</strong></span> <span class='ocrx_word' id='word_1_650' title='bbox 2471 2169 2903 2225; x_wconf 88' lang='lat' dir='ltr'><strong>discruciaretur.</strong></span> <span class='ocrx_word' id='word_1_651' title='bbox 2948 2169 3144 2224; x_wconf 84' lang='lat' dir='ltr'><strong>Verum</strong></span> <span class='ocrx_word' id='word_1_652' title='bbox 3174 2184 3451 2239; x_wconf 88' lang='lat' dir='ltr'><strong>quousque</strong></span> <span class='ocrx_word' id='word_1_653' title='bbox 3482 2170 3705 2223; x_wconf 84' lang='lat' dir='ltr'><strong>tandem</strong></span> 
     </span>
    </p>
   </div>
   <div class='ocr_carea' id='block_1_83' title="bbox 2106 2262 3709 2333">
    <p class='ocr_par' dir='ltr' id='par_1_83' title="bbox 2106 2262 3709 2333">
     <span class='ocr_line' id='line_1_83' title="bbox 2106 2262 3709 2333; baseline -0.001 -16"><span class='ocrx_word' id='word_1_654' title='bbox 2106 2277 2170 2317; x_wconf 85' lang='lat' dir='ltr'><strong>ea</strong></span> <span class='ocrx_word' id='word_1_655' title='bbox 2200 2262 2449 2332; x_wconf 91' lang='lat' dir='ltr'><strong>persequi</strong></span> <span class='ocrx_word' id='word_1_656' title='bbox 2477 2262 2883 2327; x_wconf 86' lang='lat' dir='ltr'><strong>contendemus,</strong></span> <span class='ocrx_word' id='word_1_657' title='bbox 2916 2279 3033 2333; x_wconf 87' lang='lat' dir='ltr'><strong>qu:e</strong></span> <span class='ocrx_word' id='word_1_658' title='bbox 3060 2278 3215 2316; x_wconf 90' lang='lat' dir='ltr'><strong>nemo</strong></span> <span class='ocrx_word' id='word_1_659' title='bbox 3243 2263 3455 2332; x_wconf 89' lang='lat' dir='ltr'><strong>assequi</strong></span> <span class='ocrx_word' id='word_1_660' title='bbox 3482 2264 3709 2332; x_wconf 85' lang='lat' dir='ltr'><strong>potest?</strong></span> 
     </span>
    </p>
   </div>
   <div class='ocr_carea' id='block_1_84' title="bbox 2108 2354 3717 2427">
    <p class='ocr_par' dir='ltr' id='par_1_84' title="bbox 2108 2354 3717 2427">
     <span class='ocr_line' id='line_1_84' title="bbox 2108 2354 3717 2427; baseline 0.001 -19"><span class='ocrx_word' id='word_1_661' title='bbox 2108 2356 2251 2410; x_wconf 89' lang='lat' dir='ltr'><strong>nulla</strong></span> <span class='ocrx_word' id='word_1_662' title='bbox 2298 2356 2494 2427; x_wconf 80' lang='lat' dir='ltr'><strong>quippe</strong></span> <span class='ocrx_word' id='word_1_663' title='bbox 2531 2356 2793 2427; x_wconf 83' lang='lat' dir='ltr'><strong>passionis</strong></span> <span class='ocrx_word' id='word_1_664' title='bbox 2836 2354 3253 2426; x_wconf 88' lang='lat' dir='ltr'><strong>magnitudinem</strong></span> <span class='ocrx_word' id='word_1_665' title='bbox 3301 2355 3476 2409; x_wconf 89' lang='lat' dir='ltr'><strong>oratio</strong></span> <span class='ocrx_word' id='word_1_666' title='bbox 3527 2365 3717 2424; x_wconf 86' lang='lat' dir='ltr'><strong>posset</strong></span> 
     </span>
    </p>
   </div>
   <div class='ocr_carea' id='block_1_85' title="bbox 2107 2447 3715 2518">
    <p class='ocr_par' dir='ltr' id='par_1_85' title="bbox 2107 2447 3715 2518">
     <span class='ocr_line' id='line_1_85' title="bbox 2107 2447 3715 2518; baseline -0.002 -14"><span class='ocrx_word' id='word_1_667' title='bbox 2107 2449 2428 2518; x_wconf 87' lang='lat' dir='ltr'><strong>exprimere,</strong></span> <span class='ocrx_word' id='word_1_668' title='bbox 2455 2449 2547 2503; x_wconf 89' lang='lat' dir='ltr'><strong>sed</strong></span> <span class='ocrx_word' id='word_1_669' title='bbox 2571 2464 2629 2503; x_wconf 92' lang='lat' dir='ltr'><strong>ea</strong></span> <span class='ocrx_word' id='word_1_670' title='bbox 2652 2449 2787 2513; x_wconf 91' lang='lat' dir='ltr'><strong>sola,</strong></span> <span class='ocrx_word' id='word_1_671' title='bbox 2813 2464 2933 2518; x_wconf 73' lang='lat' dir='ltr'><strong>qua:</strong></span> <span class='ocrx_word' id='word_1_672' title='bbox 2955 2457 3172 2517; x_wconf 88' lang='lat' dir='ltr'><strong>experta</strong></span> <span class='ocrx_word' id='word_1_673' title='bbox 3201 2457 3283 2503; x_wconf 86' lang='lat' dir='ltr'><strong>est</strong></span> <span class='ocrx_word' id='word_1_674' title='bbox 3309 2463 3371 2503; x_wconf 90' lang='lat' dir='ltr'><strong>ac</strong></span> <span class='ocrx_word' id='word_1_675' title='bbox 3390 2447 3715 2515; x_wconf 79' lang='lat' dir='ltr'><strong>decertavit,</strong></span> 
     </span>
    </p>
   </div>
   <div class='ocr_carea' id='block_1_86' title="bbox 2110 2539 3719 2609">
    <p class='ocr_par' dir='ltr' id='par_1_86' title="bbox 2110 2539 3719 2609">
     <span class='ocr_line' id='line_1_86' title="bbox 2110 2539 3719 2609; baseline 0 -15"><span class='ocrx_word' id='word_1_676' title='bbox 2110 2540 2306 2594; x_wconf 88' lang='lat' dir='ltr'><strong>mulier</strong></span> <span class='ocrx_word' id='word_1_677' title='bbox 2333 2541 2497 2604; x_wconf 90' lang='lat' dir='ltr'><strong>novit,</strong></span> <span class='ocrx_word' id='word_1_678' title='bbox 2524 2539 2822 2609; x_wconf 90' lang='lat' dir='ltr'><strong>cujusmodi</strong></span> <span class='ocrx_word' id='word_1_679' title='bbox 2868 2542 2975 2593; x_wconf 91' lang='lat' dir='ltr'><strong>sint</strong></span> <span class='ocrx_word' id='word_1_680' title='bbox 3001 2540 3097 2594; x_wconf 87' lang='lat' dir='ltr'><strong>ista</strong></span> <span class='ocrx_word' id='word_1_681' title='bbox 3129 2539 3441 2593; x_wconf 89' lang='lat' dir='ltr'><strong>certamina.</strong></span> <span class='ocrx_word' id='word_1_682' title='bbox 3477 2540 3719 2594; x_wconf 75' lang='lat' dir='ltr'><strong>Audiam</strong></span> 
     </span>
    </p>
   </div>
   <div class='ocr_carea' id='block_1_87' title="bbox 2112 2630 3722 2699">
    <p class='ocr_par' dir='ltr' id='par_1_87' title="bbox 2112 2630 3722 2699">
     <span class='ocr_line' id='line_1_87' title="bbox 2112 2630 3722 2699; baseline 0 -14"><span class='ocrx_word' id='word_1_683' title='bbox 2112 2631 2211 2685; x_wconf 89' lang='lat' dir='ltr'><strong>ista</strong></span> <span class='ocrx_word' id='word_1_684' title='bbox 2264 2640 2497 2695; x_wconf 82' lang='lat' dir='ltr'><strong>matres,</strong></span> <span class='ocrx_word' id='word_1_685' title='bbox 2541 2631 2762 2685; x_wconf 85' lang='lat' dir='ltr'><strong>audiant</strong></span> <span class='ocrx_word' id='word_1_686' title='bbox 2817 2630 3049 2699; x_wconf 83' lang='lat' dir='ltr'><strong>virgines</strong></span> <span class='ocrx_word' id='word_1_687' title='bbox 3080 2648 3093 2683; x_wconf 88' lang='lat'><strong>:</strong></span> <span class='ocrx_word' id='word_1_688' title='bbox 3123 2638 3317 2684; x_wconf 89' lang='lat' dir='ltr'><strong>matres</strong></span> <span class='ocrx_word' id='word_1_689' title='bbox 3366 2630 3608 2699; x_wconf 89' lang='lat' dir='ltr'><strong>quidem,</strong></span> <span class='ocrx_word' id='word_1_690' title='bbox 3662 2639 3722 2685; x_wconf 90' lang='lat' dir='ltr'><strong>ut</strong></span> 
     </span>
    </p>
   </div>
   <div class='ocr_carea' id='block_1_88' title="bbox 2112 2722 3719 2791">
    <p class='ocr_par' dir='ltr' id='par_1_88' title="bbox 2112 2722 3719 2791">
     <span class='ocr_line' id='line_1_88' title="bbox 2112 2722 3719 2791; baseline 0 -15"><span class='ocrx_word' id='word_1_691' title='bbox 2112 2723 2250 2777; x_wconf 90' lang='lat' dir='ltr'><strong>ﬁlias</strong></span> <span class='ocrx_word' id='word_1_692' title='bbox 2293 2738 2418 2779; x_wconf 88' lang='lat' dir='ltr'><strong>suas</strong></span> <span class='ocrx_word' id='word_1_693' title='bbox 2443 2724 2520 2778; x_wconf 92' lang='lat' dir='ltr'><strong>sic</strong></span> <span class='ocrx_word' id='word_1_694' title='bbox 2549 2724 2866 2785; x_wconf 86' lang='lat' dir='ltr'><strong>instituant;</strong></span> <span class='ocrx_word' id='word_1_695' title='bbox 2901 2722 3135 2791; x_wconf 83' lang='lat' dir='ltr'><strong>virgines</strong></span> <span class='ocrx_word' id='word_1_696' title='bbox 3165 2730 3361 2788; x_wconf 88' lang='lat' dir='ltr'><strong>autem,</strong></span> <span class='ocrx_word' id='word_1_697' title='bbox 3393 2730 3453 2775; x_wconf 90' lang='lat' dir='ltr'><strong>ut</strong></span> <span class='ocrx_word' id='word_1_698' title='bbox 3481 2722 3555 2775; x_wconf 79' lang='lat' dir='ltr'><strong>ita</strong></span> <span class='ocrx_word' id='word_1_699' title='bbox 3596 2738 3719 2776; x_wconf 80' lang='lat' dir='ltr'><strong>ma-</strong></span> 
     </span>
    </p>
   </div>
   <div class='ocr_carea' id='block_1_89' title="bbox 2115 2812 3721 2884">
    <p class='ocr_par' dir='ltr' id='par_1_89' title="bbox 2115 2812 3721 2884">
     <span class='ocr_line' id='line_1_89' title="bbox 2115 2812 3721 2884; baseline -0.001 -16"><span class='ocrx_word' id='word_1_700' title='bbox 2115 2814 2285 2869; x_wconf 91' lang='lat' dir='ltr'><strong>tribus</strong></span> <span class='ocrx_word' id='word_1_701' title='bbox 2313 2814 2693 2884; x_wconf 88' lang='lat' dir='ltr'><strong>obsequantur.</strong></span> <span class='ocrx_word' id='word_1_702' title='bbox 2727 2812 2839 2867; x_wconf 84' lang='lat' dir='ltr'><strong>Non</strong></span> <span class='ocrx_word' id='word_1_703' title='bbox 2885 2814 3025 2867; x_wconf 91' lang='lat' dir='ltr'><strong>enim</strong></span> <span class='ocrx_word' id='word_1_704' title='bbox 3074 2823 3278 2866; x_wconf 90' lang='lat' dir='ltr'><strong>tantum</strong></span> <span class='ocrx_word' id='word_1_705' title='bbox 3336 2812 3558 2866; x_wconf 87' lang='lat' dir='ltr'><strong>laudare</strong></span> <span class='ocrx_word' id='word_1_706' title='bbox 3585 2828 3721 2868; x_wconf 84' lang='lat' dir='ltr'><strong>con-</strong></span> 
     </span>
    </p>
   </div>
   <div class='ocr_carea' id='block_1_90' title="bbox 2114 2902 3716 2974">
    <p class='ocr_par' dir='ltr' id='par_1_90' title="bbox 2114 2902 3716 2974">
     <span class='ocr_line' id='line_1_90' title="bbox 2114 2902 3716 2974; baseline 0 -17"><span class='ocrx_word' id='word_1_707' title='bbox 2114 2904 2261 2959; x_wconf 90' lang='lat' dir='ltr'><strong>venit</strong></span> <span class='ocrx_word' id='word_1_708' title='bbox 2291 2914 2536 2967; x_wconf 87' lang='lat' dir='ltr'><strong>matrem,</strong></span> <span class='ocrx_word' id='word_1_709' title='bbox 2568 2920 2688 2974; x_wconf 73' lang='lat' dir='ltr'><strong>qure</strong></span> <span class='ocrx_word' id='word_1_710' title='bbox 2735 2904 2853 2956; x_wconf 88' lang='lat' dir='ltr'><strong>talia</strong></span> <span class='ocrx_word' id='word_1_711' title='bbox 2897 2903 3136 2973; x_wconf 89' lang='lat' dir='ltr'><strong>jusserit,</strong></span> <span class='ocrx_word' id='word_1_712' title='bbox 3188 2902 3283 2958; x_wconf 81' lang='lat' dir='ltr'><strong>sed</strong></span> <span class='ocrx_word' id='word_1_713' title='bbox 3309 2911 3363 2957; x_wconf 89' lang='lat' dir='ltr'><strong>et</strong></span> <span class='ocrx_word' id='word_1_714' title='bbox 3390 2902 3532 2957; x_wconf 84' lang='lat' dir='ltr'><strong>ﬁlias</strong></span> <span class='ocrx_word' id='word_1_715' title='bbox 3562 2918 3716 2957; x_wconf 90' lang='lat' dir='ltr'><strong>com—</strong></span> 
     </span>
    </p>
   </div>
   <div class='ocr_carea' id='block_1_91' title="bbox 2116 2995 3709 3067">
    <p class='ocr_par' dir='ltr' id='par_1_91' title="bbox 2116 2995 3709 3067">
     <span class='ocr_line' id='line_1_91' title="bbox 2116 2995 3709 3067; baseline -0.003 -14"><span class='ocrx_word' id='word_1_716' title='bbox 2116 2998 2390 3063; x_wconf 91' lang='lat' dir='ltr'><strong>mendare,</strong></span> <span class='ocrx_word' id='word_1_717' title='bbox 2442 3012 2559 3067; x_wconf 79' lang='lat' dir='ltr'><strong>qua:</strong></span> <span class='ocrx_word' id='word_1_718' title='bbox 2607 2996 2657 3050; x_wconf 90' lang='lat' dir='ltr'><strong>in</strong></span> <span class='ocrx_word' id='word_1_719' title='bbox 2705 2996 2965 3065; x_wconf 84' lang='lat' dir='ltr'><strong>ejusmodi</strong></span> <span class='ocrx_word' id='word_1_720' title='bbox 3013 2995 3172 3051; x_wconf 91' lang='lat' dir='ltr'><strong>rebus</strong></span> <span class='ocrx_word' id='word_1_721' title='bbox 3222 2996 3498 3065; x_wconf 88' lang='lat' dir='ltr'><strong>paruerint</strong></span> <span class='ocrx_word' id='word_1_722' title='bbox 3535 3013 3551 3050; x_wconf 90' lang='lat'><strong>:</strong></span> <span class='ocrx_word' id='word_1_723' title='bbox 3583 3011 3709 3049; x_wconf 86' lang='lat' dir='ltr'><strong>nam</strong></span> 
     </span>
    </p>
   </div>
   <div class='ocr_carea' id='block_1_92' title="bbox 2118 3086 3717 3161">
    <p class='ocr_par' dir='ltr' id='par_1_92' title="bbox 2118 3086 3717 3161">
     <span class='ocr_line' id='line_1_92' title="bbox 2118 3086 3717 3161; baseline -0.003 -15"><span class='ocrx_word' id='word_1_724' title='bbox 2118 3106 2292 3161; x_wconf 83' lang='lat' dir='ltr'><strong>neque</strong></span> <span class='ocrx_word' id='word_1_725' title='bbox 2341 3099 2509 3143; x_wconf 89' lang='lat' dir='ltr'><strong>mater</strong></span> <span class='ocrx_word' id='word_1_726' title='bbox 2533 3088 2759 3143; x_wconf 87' lang='lat' dir='ltr'><strong>vinculis</strong></span> <span class='ocrx_word' id='word_1_727' title='bbox 2808 3088 2952 3159; x_wconf 87' lang='lat' dir='ltr'><strong>eguit</strong></span> <span class='ocrx_word' id='word_1_728' title='bbox 2982 3087 3046 3141; x_wconf 91' lang='lat' dir='ltr'><strong>ad</strong></span> <span class='ocrx_word' id='word_1_729' title='bbox 3096 3087 3295 3141; x_wconf 89' lang='lat' dir='ltr'><strong>hostias</strong></span> <span class='ocrx_word' id='word_1_730' title='bbox 3338 3086 3717 3157; x_wconf 83' lang='lat' dir='ltr'><strong>victimasque,</strong></span> 
     </span>
    </p>
   </div>
   <div class='ocr_carea' id='block_1_93' title="bbox 2120 3178 3723 3252">
    <p class='ocr_par' dir='ltr' id='par_1_93' title="bbox 2120 3178 3723 3252">
     <span class='ocr_line' id='line_1_93' title="bbox 2120 3178 3723 3252; baseline -0.003 -15"><span class='ocrx_word' id='word_1_731' title='bbox 2120 3197 2296 3252; x_wconf 87' lang='lat' dir='ltr'><strong>neque</strong></span> <span class='ocrx_word' id='word_1_732' title='bbox 2342 3181 2583 3250; x_wconf 70' lang='lat' dir='ltr'><strong>juvenem</strong></span> <span class='ocrx_word' id='word_1_733' title='bbox 2610 3178 2939 3242; x_wconf 89' lang='lat' dir='ltr'><strong>resilierunt,</strong></span> <span class='ocrx_word' id='word_1_734' title='bbox 2967 3178 3061 3233; x_wconf 90' lang='lat' dir='ltr'><strong>sed</strong></span> <span class='ocrx_word' id='word_1_735' title='bbox 3092 3179 3276 3248; x_wconf 64' lang='lat' dir='ltr'><strong>arquali</strong></span> <span class='ocrx_word' id='word_1_736' title='bbox 3308 3180 3504 3232; x_wconf 87' lang='lat' dir='ltr'><strong>mentis</strong></span> <span class='ocrx_word' id='word_1_737' title='bbox 3530 3178 3723 3234; x_wconf 79' lang='lat' dir='ltr'><strong>alacri-</strong></span> 
     </span>
    </p>
   </div>
   <div class='ocr_carea' id='block_1_94' title="bbox 2120 3269 3724 3342">
    <p class='ocr_par' dir='ltr' id='par_1_94' title="bbox 2120 3269 3724 3342">
     <span class='ocr_line' id='line_1_94' title="bbox 2120 3269 3724 3342; baseline -0.002 -14"><span class='ocrx_word' id='word_1_738' title='bbox 2120 3282 2228 3328; x_wconf 88' lang='lat' dir='ltr'><strong>tate</strong></span> <span class='ocrx_word' id='word_1_739' title='bbox 2266 3281 2321 3327; x_wconf 90' lang='lat' dir='ltr'><strong>et</strong></span> <span class='ocrx_word' id='word_1_740' title='bbox 2346 3272 2524 3326; x_wconf 92' lang='lat' dir='ltr'><strong>animo</strong></span> <span class='ocrx_word' id='word_1_741' title='bbox 2552 3270 2742 3327; x_wconf 91' lang='lat' dir='ltr'><strong>eodem</strong></span> <span class='ocrx_word' id='word_1_742' title='bbox 2784 3271 3023 3342; x_wconf 82' lang='lat' dir='ltr'><strong>martyrii</strong></span> <span class='ocrx_word' id='word_1_743' title='bbox 3048 3271 3232 3341; x_wconf 88' lang='lat' dir='ltr'><strong>jugum</strong></span> <span class='ocrx_word' id='word_1_744' title='bbox 3282 3270 3561 3324; x_wconf 87' lang='lat' dir='ltr'><strong>trahentes</strong></span> <span class='ocrx_word' id='word_1_745' title='bbox 3586 3314 3602 3336; x_wconf 93' lang='lat'><strong>,</strong></span> <span class='ocrx_word' id='word_1_746' title='bbox 3646 3269 3724 3325; x_wconf 82' lang='lat' dir='ltr'><strong>sic</strong></span> 
     </span>
    </p>
   </div>
   <div class='ocr_carea' id='block_1_95' title="bbox 2120 3360 3719 3433">
    <p class='ocr_par' dir='ltr' id='par_1_95' title="bbox 2120 3360 3719 3433">
     <span class='ocr_line' id='line_1_95' title="bbox 2120 3360 3719 3433; baseline -0.004 -13"><span class='ocrx_word' id='word_1_747' title='bbox 2120 3365 2338 3420; x_wconf 87' lang='lat' dir='ltr'><strong>ﬂuvium</strong></span> <span class='ocrx_word' id='word_1_748' title='bbox 2392 3374 2518 3418; x_wconf 91' lang='lat' dir='ltr'><strong>sunt</strong></span> <span class='ocrx_word' id='word_1_749' title='bbox 2560 3362 2837 3433; x_wconf 70' lang='lat' dir='ltr'><strong>ingressae,</strong></span> <span class='ocrx_word' id='word_1_750' title='bbox 2868 3362 3245 3417; x_wconf 87' lang='lat' dir='ltr'><strong>calceamentis</strong></span> <span class='ocrx_word' id='word_1_751' title='bbox 3285 3373 3433 3416; x_wconf 74' lang='lat' dir='ltr'><strong>extra</strong></span> <span class='ocrx_word' id='word_1_752' title='bbox 3480 3360 3719 3415; x_wconf 87' lang='lat' dir='ltr'><strong>ﬂuminis</strong></span> 
     </span>
    </p>
   </div>
   <div class='ocr_carea' id='block_1_96' title="bbox 2126 3450 3725 3525">
    <p class='ocr_par' dir='ltr' id='par_1_96' title="bbox 2126 3450 3725 3525">
     <span class='ocr_line' id='line_1_96' title="bbox 2126 3450 3725 3525; baseline -0.004 -15"><span class='ocrx_word' id='word_1_753' title='bbox 2126 3456 2294 3525; x_wconf 84' lang='lat' dir='ltr'><strong>ripam</strong></span> <span class='ocrx_word' id='word_1_754' title='bbox 2327 3454 2595 3510; x_wconf 81' lang='lat' dir='ltr'><strong>derelictis</strong></span> <span class='ocrx_word' id='word_1_755' title='bbox 2629 3471 2642 3507; x_wconf 91' lang='lat'><strong>:</strong></span> <span class='ocrx_word' id='word_1_756' title='bbox 2672 3452 2813 3524; x_wconf 89' lang='lat' dir='ltr'><strong>quod</strong></span> <span class='ocrx_word' id='word_1_757' title='bbox 2859 3452 2980 3507; x_wconf 92' lang='lat' dir='ltr'><strong>ideo</strong></span> <span class='ocrx_word' id='word_1_758' title='bbox 3025 3450 3284 3516; x_wconf 86' lang='lat' dir='ltr'><strong>fecerunt,</strong></span> <span class='ocrx_word' id='word_1_759' title='bbox 3316 3460 3373 3504; x_wconf 91' lang='lat' dir='ltr'><strong>ut</strong></span> <span class='ocrx_word' id='word_1_760' title='bbox 3410 3451 3725 3505; x_wconf 80' lang='lat' dir='ltr'><strong>custodibus</strong></span> 
     </span>
    </p>
   </div>
   <div class='ocr_carea' id='block_1_97' title="bbox 2123 3541 3726 3618">
    <p class='ocr_par' dir='ltr' id='par_1_97' title="bbox 2123 3541 3726 3618">
     <span class='ocr_line' id='line_1_97' title="bbox 2123 3541 3726 3618; baseline -0.004 -16"><span class='ocrx_word' id='word_1_761' title='bbox 2123 3549 2253 3618; x_wconf 88' lang='lat' dir='ltr'><strong>ipsis</strong></span> <span class='ocrx_word' id='word_1_762' title='bbox 2282 3546 2664 3607; x_wconf 83' lang='lat' dir='ltr'><strong>consulerent;</strong></span> <span class='ocrx_word' id='word_1_763' title='bbox 2698 3552 2840 3599; x_wconf 89' lang='lat' dir='ltr'><strong>tanta</strong></span> <span class='ocrx_word' id='word_1_764' title='bbox 2871 3552 2989 3597; x_wconf 89' lang='lat' dir='ltr'><strong>erat</strong></span> <span class='ocrx_word' id='word_1_765' title='bbox 3021 3551 3322 3596; x_wconf 88' lang='lat' dir='ltr'><strong>sanctarum</strong></span> <span class='ocrx_word' id='word_1_766' title='bbox 3356 3541 3570 3595; x_wconf 87' lang='lat' dir='ltr'><strong>illarum</strong></span> <span class='ocrx_word' id='word_1_767' title='bbox 3605 3556 3726 3612; x_wconf 80' lang='lat' dir='ltr'><strong>pro-</strong></span> 
     </span>
    </p>
   </div>
   <div class='ocr_carea' id='block_1_98' title="bbox 2125 3633 3719 3701">
    <p class='ocr_par' dir='ltr' id='par_1_98' title="bbox 2125 3633 3719 3701">
     <span class='ocr_line' id='line_1_98' title="bbox 2125 3633 3719 3701; baseline -0.003 -10"><span class='ocrx_word' id='word_1_768' title='bbox 2125 3639 2376 3693; x_wconf 89' lang='lat' dir='ltr'><strong>videntia.</strong></span> <span class='ocrx_word' id='word_1_769' title='bbox 2411 3637 2709 3693; x_wconf 78' lang='lat' dir='ltr'><strong>Studebant</strong></span> <span class='ocrx_word' id='word_1_770' title='bbox 2749 3634 2955 3689; x_wconf 87' lang='lat' dir='ltr'><strong>scilicet</strong></span> <span class='ocrx_word' id='word_1_771' title='bbox 2997 3634 3101 3688; x_wconf 91' lang='lat' dir='ltr'><strong>illis</strong></span> <span class='ocrx_word' id='word_1_772' title='bbox 3129 3633 3455 3687; x_wconf 84' lang='lat' dir='ltr'><strong>defensionis</strong></span> <span class='ocrx_word' id='word_1_773' title='bbox 3485 3633 3538 3686; x_wconf 92' lang='lat' dir='ltr'><strong>in</strong></span> <span class='ocrx_word' id='word_1_774' title='bbox 3580 3634 3719 3701; x_wconf 83' lang='lat' dir='ltr'><strong>judi-</strong></span> 
     </span>
    </p>
   </div>
   <div class='ocr_carea' id='block_1_99' title="bbox 2125 3725 3719 3797">
    <p class='ocr_par' dir='ltr' id='par_1_99' title="bbox 2125 3725 3719 3797">
     <span class='ocr_line' id='line_1_99' title="bbox 2125 3725 3719 3797; baseline -0.004 -12"><span class='ocrx_word' id='word_1_775' title='bbox 2125 3731 2207 3785; x_wconf 90' lang='lat' dir='ltr'><strong>cio</strong></span> <span class='ocrx_word' id='word_1_776' title='bbox 2237 3746 2418 3784; x_wconf 87' lang='lat' dir='ltr'><strong>ansam</strong></span> <span class='ocrx_word' id='word_1_777' title='bbox 2442 3729 2744 3797; x_wconf 86' lang='lat' dir='ltr'><strong>relinquere</strong></span> <span class='ocrx_word' id='word_1_778' title='bbox 2772 3744 2786 3781; x_wconf 86' lang='lat'><strong>:</strong></span> <span class='ocrx_word' id='word_1_779' title='bbox 2814 3742 2879 3781; x_wconf 92' lang='lat' dir='ltr'><strong>ne</strong></span> <span class='ocrx_word' id='word_1_780' title='bbox 2904 3726 3134 3780; x_wconf 79' lang='lat' dir='ltr'><strong>crudelis</strong></span> <span class='ocrx_word' id='word_1_781' title='bbox 3157 3726 3242 3780; x_wconf 88' lang='lat' dir='ltr'><strong>ille</strong></span> <span class='ocrx_word' id='word_1_782' title='bbox 3269 3739 3330 3778; x_wconf 87' lang='lat' dir='ltr'><strong>ac</strong></span> <span class='ocrx_word' id='word_1_783' title='bbox 3356 3741 3534 3778; x_wconf 66' lang='lat' dir='ltr'><strong>srevus</strong></span> <span class='ocrx_word' id='word_1_784' title='bbox 3552 3725 3719 3794; x_wconf 84' lang='lat' dir='ltr'><strong>judcx</strong></span> 
     </span>
    </p>
   </div>
   <div class='ocr_carea' id='block_1_100' title="bbox 2125 3815 3722 3890">
    <p class='ocr_par' dir='ltr' id='par_1_100' title="bbox 2125 3815 3722 3890">
     <span class='ocr_line' id='line_1_100' title="bbox 2125 3815 3722 3890; baseline -0.004 -14"><span class='ocrx_word' id='word_1_785' title='bbox 2125 3836 2221 3876; x_wconf 87' lang='lat' dir='ltr'><strong>eos</strong></span> <span class='ocrx_word' id='word_1_786' title='bbox 2254 3819 2567 3890; x_wconf 90' lang='lat' dir='ltr'><strong>proditionis</strong></span> <span class='ocrx_word' id='word_1_787' title='bbox 2597 3826 2892 3880; x_wconf 89' lang='lat' dir='ltr'><strong>accusaret,</strong></span> <span class='ocrx_word' id='word_1_788' title='bbox 2924 3827 3018 3870; x_wconf 91' lang='lat' dir='ltr'><strong>aut</strong></span> <span class='ocrx_word' id='word_1_789' title='bbox 3060 3816 3197 3885; x_wconf 91' lang='lat' dir='ltr'><strong>quod</strong></span> <span class='ocrx_word' id='word_1_790' title='bbox 3232 3815 3452 3883; x_wconf 81' lang='lat' dir='ltr'><strong>pecunia</strong></span> <span class='ocrx_word' id='word_1_791' title='bbox 3485 3821 3722 3883; x_wconf 87' lang='lat' dir='ltr'><strong>corrupti</strong></span> 
     </span>
    </p>
   </div>
   <div class='ocr_carea' id='block_1_101' title="bbox 2128 3907 3725 3976">
    <p class='ocr_par' dir='ltr' id='par_1_101' title="bbox 2128 3907 3725 3976">
     <span class='ocr_line' id='line_1_101' title="bbox 2128 3907 3725 3976; baseline -0.006 -7"><span class='ocrx_word' id='word_1_792' title='bbox 2128 3914 2381 3969; x_wconf 89' lang='lat' dir='ltr'><strong>mulieres</strong></span> <span class='ocrx_word' id='word_1_793' title='bbox 2425 3911 2796 3974; x_wconf 78' lang='lat' dir='ltr'><strong>dimisissent;</strong></span> <span class='ocrx_word' id='word_1_794' title='bbox 2848 3909 3045 3963; x_wconf 90' lang='lat' dir='ltr'><strong>ideirco</strong></span> <span class='ocrx_word' id='word_1_795' title='bbox 3084 3909 3447 3963; x_wconf 86' lang='lat' dir='ltr'><strong>calceamenta</strong></span> <span class='ocrx_word' id='word_1_796' title='bbox 3494 3907 3725 3976; x_wconf 85' lang='lat' dir='ltr'><strong>relique-</strong></span> 
     </span>
    </p>
   </div>
   <div class='ocr_carea' id='block_1_102' title="bbox 2128 3998 3725 4075">
    <p class='ocr_par' dir='ltr' id='par_1_102' title="bbox 2128 3998 3725 4075">
     <span class='ocr_line' id='line_1_102' title="bbox 2128 3998 3725 4075; baseline -0.006 -13"><span class='ocrx_word' id='word_1_797' title='bbox 2128 4014 2275 4072; x_wconf 90' lang='lat' dir='ltr'><strong>runt,</strong></span> <span class='ocrx_word' id='word_1_798' title='bbox 2308 4021 2427 4075; x_wconf 68' lang='lat' dir='ltr'><strong>qua:</strong></span> <span class='ocrx_word' id='word_1_799' title='bbox 2471 4004 2697 4058; x_wconf 92' lang='lat' dir='ltr'><strong>militum</strong></span> <span class='ocrx_word' id='word_1_800' title='bbox 2743 4002 3084 4057; x_wconf 66' lang='lat' dir='ltr'><strong>conscientim</strong></span> <span class='ocrx_word' id='word_1_801' title='bbox 3117 4000 3554 4064; x_wconf 88' lang='lat' dir='ltr'><strong>tcstiﬁcarentur,</strong></span> <span class='ocrx_word' id='word_1_802' title='bbox 3584 3998 3725 4069; x_wconf 89' lang='lat' dir='ltr'><strong>quod</strong></span> 
     </span>
    </p>
   </div>
   <div class='ocr_carea' id='block_1_103' title="bbox 2130 4091 3726 4164">
    <p class='ocr_par' dir='ltr' id='par_1_103' title="bbox 2130 4091 3726 4164">
     <span class='ocr_line' id='line_1_103' title="bbox 2130 4091 3726 4164; baseline -0.006 -9"><span class='ocrx_word' id='word_1_803' title='bbox 2130 4115 2236 4155; x_wconf 91' lang='lat' dir='ltr'><strong>non</strong></span> <span class='ocrx_word' id='word_1_804' title='bbox 2269 4098 2373 4151; x_wconf 90' lang='lat' dir='ltr'><strong>illis</strong></span> <span class='ocrx_word' id='word_1_805' title='bbox 2402 4096 2632 4151; x_wconf 86' lang='lat' dir='ltr'><strong>consciis</strong></span> <span class='ocrx_word' id='word_1_806' title='bbox 2653 4136 2668 4159; x_wconf 92' lang='lat'><strong>,</strong></span> <span class='ocrx_word' id='word_1_807' title='bbox 2695 4094 2786 4149; x_wconf 89' lang='lat' dir='ltr'><strong>sed</strong></span> <span class='ocrx_word' id='word_1_808' title='bbox 2815 4093 3178 4164; x_wconf 86' lang='lat' dir='ltr'><strong>ignorantibus</strong></span> <span class='ocrx_word' id='word_1_809' title='bbox 3207 4093 3256 4145; x_wconf 93' lang='lat' dir='ltr'><strong>in</strong></span> <span class='ocrx_word' id='word_1_810' title='bbox 3288 4091 3486 4147; x_wconf 89' lang='lat' dir='ltr'><strong>ﬂumen</strong></span> <span class='ocrx_word' id='word_1_811' title='bbox 3535 4102 3726 4161; x_wconf 88' lang='lat' dir='ltr'><strong>sponte</strong></span> 
     </span>
    </p>
   </div>
   <div class='ocr_carea' id='block_1_104' title="bbox 2133 4183 3728 4260">
    <p class='ocr_par' dir='ltr' id='par_1_104' title="bbox 2133 4183 3728 4260">
     <span class='ocr_line' id='line_1_104' title="bbox 2133 4183 3728 4260; baseline -0.006 -16"><span class='ocrx_word' id='word_1_812' title='bbox 2133 4189 2511 4260; x_wconf 88' lang='lat' dir='ltr'><strong>prosiliissent.</strong></span> <span class='ocrx_word' id='word_1_813' title='bbox 2563 4187 2815 4241; x_wconf 85' lang='lat' dir='ltr'><strong>Fortasse</strong></span> <span class='ocrx_word' id='word_1_814' title='bbox 2867 4201 2971 4238; x_wconf 91' lang='lat' dir='ltr'><strong>non</strong></span> <span class='ocrx_word' id='word_1_815' title='bbox 3028 4183 3283 4238; x_wconf 90' lang='lat' dir='ltr'><strong>mediocri</strong></span> <span class='ocrx_word' id='word_1_816' title='bbox 3336 4198 3461 4252; x_wconf 87' lang='lat' dir='ltr'><strong>erga</strong></span> <span class='ocrx_word' id='word_1_817' title='bbox 3516 4192 3728 4260; x_wconf 77' lang='lat' dir='ltr'><strong>sanctas</strong></span> 
     </span>
    </p>
   </div>
   <div class='ocr_carea' id='block_1_105' title="bbox 2133 4256 3724 4347">
    <p class='ocr_par' dir='ltr' id='par_1_105' title="bbox 2133 4256 3724 4347">
     <span class='ocr_line' id='line_1_105' title="bbox 2133 4256 3724 4347; baseline -0.007 -10"><span class='ocrx_word' id='word_1_818' title='bbox 2133 4282 2251 4337; x_wconf 89' lang='lat' dir='ltr'><strong>illas</strong></span> <span class='ocrx_word' id='word_1_819' title='bbox 2275 4296 2456 4335; x_wconf 91' lang='lat' dir='ltr'><strong>amore</strong></span> <span class='ocrx_word' id='word_1_820' title='bbox 2482 4278 2760 4334; x_wconf 85' lang='lat' dir='ltr'><strong>exarsistis</strong></span> <span class='ocrx_word' id='word_1_821' title='bbox 2789 4294 2803 4337; x_wconf 84' lang='lat'><strong>;</strong></span> <span class='ocrx_word' id='word_1_822' title='bbox 2837 4292 2957 4330; x_wconf 90' lang='lat' dir='ltr'><strong>cum</strong></span> <span class='ocrx_word' id='word_1_823' title='bbox 2986 4276 3087 4331; x_wconf 91' lang='lat' dir='ltr'><strong>hoc</strong></span> <span class='ocrx_word' id='word_1_824' title='bbox 3131 4277 3289 4347; x_wconf 89' lang='lat' dir='ltr'><strong>igitur</strong></span> <span class='ocrx_word' id='word_1_825' title='bbox 3314 4280 3505 4330; x_wconf 88' lang='lat' dir='ltr'><strong>ardore</strong></span> <span class='ocrx_word' id='word_1_826' title='bbox 3541 4256 3724 4328; x_wconf 67' lang='lat' dir='ltr'><strong>coram</strong></span> 
     </span>
    </p>
   </div>
   <div class='ocr_carea' id='block_1_106' title="bbox 2135 4369 3729 4444">
    <p class='ocr_par' dir='ltr' id='par_1_106' title="bbox 2135 4369 3729 4444">
     <span class='ocr_line' id='line_1_106' title="bbox 2135 4369 3729 4444; baseline -0.004 -16"><span class='ocrx_word' id='word_1_827' title='bbox 2135 4374 2371 4444; x_wconf 88' lang='lat' dir='ltr'><strong>ipsarum</strong></span> <span class='ocrx_word' id='word_1_828' title='bbox 2400 4373 2637 4441; x_wconf 90' lang='lat' dir='ltr'><strong>reliquiis</strong></span> <span class='ocrx_word' id='word_1_829' title='bbox 2666 4369 3027 4440; x_wconf 86' lang='lat' dir='ltr'><strong>procidamns,</strong></span> <span class='ocrx_word' id='word_1_830' title='bbox 3063 4370 3293 4437; x_wconf 89' lang='lat' dir='ltr'><strong>ipsarum</strong></span> <span class='ocrx_word' id='word_1_831' title='bbox 3313 4369 3556 4437; x_wconf 88' lang='lat' dir='ltr'><strong>capsulas</strong></span> <span class='ocrx_word' id='word_1_832' title='bbox 3579 4384 3729 4421; x_wconf 84' lang='lat' dir='ltr'><strong>com-</strong></span> 
     </span>
    </p>
   </div>
   <div class='ocr_carea' id='block_1_107' title="bbox 2135 4463 3729 4538">
    <p class='ocr_par' dir='ltr' id='par_1_107' title="bbox 2135 4463 3729 4538">
     <span class='ocr_line' id='line_1_107' title="bbox 2135 4463 3729 4538; baseline -0.005 -17"><span class='ocrx_word' id='word_1_833' title='bbox 2135 4471 2431 4538; x_wconf 82' lang='lat' dir='ltr'><strong>plectamur</strong></span> <span class='ocrx_word' id='word_1_834' title='bbox 2463 4483 2477 4528; x_wconf 86' lang='lat'><strong>;</strong></span> <span class='ocrx_word' id='word_1_835' title='bbox 2510 4467 2729 4520; x_wconf 88' lang='lat' dir='ltr'><strong>multam</strong></span> <span class='ocrx_word' id='word_1_836' title='bbox 2777 4465 2918 4518; x_wconf 89' lang='lat' dir='ltr'><strong>enim</strong></span> <span class='ocrx_word' id='word_1_837' title='bbox 2954 4475 3177 4533; x_wconf 88' lang='lat' dir='ltr'><strong>possunt</strong></span> <span class='ocrx_word' id='word_1_838' title='bbox 3220 4465 3465 4517; x_wconf 86' lang='lat' dir='ltr'><strong>virtutem</strong></span> <span class='ocrx_word' id='word_1_839' title='bbox 3497 4463 3729 4530; x_wconf 65' lang='lat' dir='ltr'><strong>capsula!</strong></span> 
     </span>
    </p>
   </div>
   <div class='ocr_carea' id='block_1_108' title="bbox 2137 4554 3724 4629">
    <p class='ocr_par' dir='ltr' id='par_1_108' title="bbox 2137 4554 3724 4629">
     <span class='ocr_line' id='line_1_108' title="bbox 2137 4554 3724 4629; baseline -0.005 -17"><span class='ocrx_word' id='word_1_840' title='bbox 2137 4570 2430 4629; x_wconf 81' lang='lat' dir='ltr'><strong>martyrum</strong></span> <span class='ocrx_word' id='word_1_841' title='bbox 2449 4556 2710 4619; x_wconf 87' lang='lat' dir='ltr'><strong>obtinere,</strong></span> <span class='ocrx_word' id='word_1_842' title='bbox 2738 4554 3185 4623; x_wconf 88' lang='lat' dir='ltr'><strong>quemadmodum</strong></span> <span class='ocrx_word' id='word_1_843' title='bbox 3208 4561 3261 4607; x_wconf 88' lang='lat' dir='ltr'><strong>et</strong></span> <span class='ocrx_word' id='word_1_844' title='bbox 3282 4568 3401 4608; x_wconf 89' lang='lat' dir='ltr'><strong>ossa</strong></span> <span class='ocrx_word' id='word_1_845' title='bbox 3430 4563 3724 4622; x_wconf 80' lang='lat' dir='ltr'><strong>martyrum</strong></span> 
     </span>
    </p>
   </div>
   <div class='ocr_carea' id='block_1_109' title="bbox 2136 4642 3731 4720">
    <p class='ocr_par' dir='ltr' id='par_1_109' title="bbox 2136 4642 3731 4720">
     <span class='ocr_line' id='line_1_109' title="bbox 2136 4642 3731 4720; baseline -0.004 -18"><span class='ocrx_word' id='word_1_846' title='bbox 2136 4651 2242 4704; x_wconf 87' lang='lat' dir='ltr'><strong>vim</strong></span> <span class='ocrx_word' id='word_1_847' title='bbox 2274 4664 2517 4720; x_wconf 85' lang='lat' dir='ltr'><strong>magnam</strong></span> <span class='ocrx_word' id='word_1_848' title='bbox 2556 4647 2773 4702; x_wconf 85' lang='lat' dir='ltr'><strong>habent.</strong></span> <span class='ocrx_word' id='word_1_849' title='bbox 2799 4646 2980 4716; x_wconf 87' lang='lat' dir='ltr'><strong>Neque</strong></span> <span class='ocrx_word' id='word_1_850' title='bbox 3006 4645 3093 4700; x_wconf 86' lang='lat' dir='ltr'><strong>die</strong></span> <span class='ocrx_word' id='word_1_851' title='bbox 3120 4654 3320 4699; x_wconf 92' lang='lat' dir='ltr'><strong>tantum</strong></span> <span class='ocrx_word' id='word_1_852' title='bbox 3350 4644 3503 4713; x_wconf 90' lang='lat' dir='ltr'><strong>hujus</strong></span> <span class='ocrx_word' id='word_1_853' title='bbox 3531 4642 3731 4697; x_wconf 79' lang='lat' dir='ltr'><strong>festivi-</strong></span> 
     </span>
    </p>
   </div>
   <div class='ocr_carea' id='block_1_110' title="bbox 2138 4735 3732 4810">
    <p class='ocr_par' dir='ltr' id='par_1_110' title="bbox 2138 4735 3732 4810">
     <span class='ocr_line' id='line_1_110' title="bbox 2138 4735 3732 4810; baseline -0.008 -12"><span class='ocrx_word' id='word_1_854' title='bbox 2138 4746 2282 4810; x_wconf 87' lang='lat' dir='ltr'><strong>tatis,</strong></span> <span class='ocrx_word' id='word_1_855' title='bbox 2320 4742 2414 4797; x_wconf 90' lang='lat' dir='ltr'><strong>sed</strong></span> <span class='ocrx_word' id='word_1_856' title='bbox 2441 4741 2560 4795; x_wconf 89' lang='lat' dir='ltr'><strong>aliis</strong></span> <span class='ocrx_word' id='word_1_857' title='bbox 2586 4740 2744 4794; x_wconf 92' lang='lat' dir='ltr'><strong>etiam</strong></span> <span class='ocrx_word' id='word_1_858' title='bbox 2776 4738 2964 4793; x_wconf 90' lang='lat' dir='ltr'><strong>diebus</strong></span> <span class='ocrx_word' id='word_1_859' title='bbox 2992 4737 3057 4791; x_wconf 90' lang='lat' dir='ltr'><strong>iis</strong></span> <span class='ocrx_word' id='word_1_860' title='bbox 3084 4737 3434 4803; x_wconf 85' lang='lat' dir='ltr'><strong>assidcamus,</strong></span> <span class='ocrx_word' id='word_1_861' title='bbox 3455 4750 3545 4789; x_wconf 86' lang='lat' dir='ltr'><strong>eas</strong></span> <span class='ocrx_word' id='word_1_862' title='bbox 3568 4735 3732 4787; x_wconf 83' lang='lat' dir='ltr'><strong>obse-</strong></span> 
     </span>
    </p>
   </div>
   <div class='ocr_carea' id='block_1_111' title="bbox 2138 4827 3731 4901">
    <p class='ocr_par' dir='ltr' id='par_1_111' title="bbox 2138 4827 3731 4901">
     <span class='ocr_line' id='line_1_111' title="bbox 2138 4827 3731 4901; baseline -0.008 -10"><span class='ocrx_word' id='word_1_863' title='bbox 2138 4852 2374 4901; x_wconf 87' lang='lat' dir='ltr'><strong>eremus,</strong></span> <span class='ocrx_word' id='word_1_864' title='bbox 2405 4834 2758 4895; x_wconf 88' lang='lat' dir='ltr'><strong>obtestemur,</strong></span> <span class='ocrx_word' id='word_1_865' title='bbox 2788 4841 2845 4886; x_wconf 93' lang='lat' dir='ltr'><strong>ut</strong></span> <span class='ocrx_word' id='word_1_866' title='bbox 2866 4840 3105 4901; x_wconf 79' lang='lat' dir='ltr'><strong>patronae</strong></span> <span class='ocrx_word' id='word_1_867' title='bbox 3130 4829 3236 4884; x_wconf 90' lang='lat' dir='ltr'><strong>sint</strong></span> <span class='ocrx_word' id='word_1_868' title='bbox 3260 4836 3488 4885; x_wconf 73' lang='lat' dir='ltr'><strong>nostrae:</strong></span> <span class='ocrx_word' id='word_1_869' title='bbox 3511 4827 3731 4879; x_wconf 84' lang='lat' dir='ltr'><strong>multam</strong></span> 
     </span>
    </p>
   </div>
   <div class='ocr_carea' id='block_1_112' title="bbox 2139 4916 3732 4983">
    <p class='ocr_par' dir='ltr' id='par_1_112' title="bbox 2139 4916 3732 4983">
     <span class='ocr_line' id='line_1_112' title="bbox 2139 4916 3732 4983; baseline -0.009 -1"><span class='ocrx_word' id='word_1_870' title='bbox 2139 4927 2282 4982; x_wconf 87' lang='lat' dir='ltr'><strong>enim</strong></span> <span class='ocrx_word' id='word_1_871' title='bbox 2310 4925 2551 4979; x_wconf 89' lang='lat' dir='ltr'><strong>ﬁduciam</strong></span> <span class='ocrx_word' id='word_1_872' title='bbox 2576 4923 2819 4978; x_wconf 86' lang='lat' dir='ltr'><strong>obtinent</strong></span> <span class='ocrx_word' id='word_1_873' title='bbox 2838 4938 2942 4976; x_wconf 90' lang='lat' dir='ltr'><strong>non</strong></span> <span class='ocrx_word' id='word_1_874' title='bbox 2963 4922 3204 4975; x_wconf 88' lang='lat' dir='ltr'><strong>viventes</strong></span> <span class='ocrx_word' id='word_1_875' title='bbox 3226 4919 3404 4983; x_wconf 90' lang='lat' dir='ltr'><strong>modo,</strong></span> <span class='ocrx_word' id='word_1_876' title='bbox 3419 4916 3510 4973; x_wconf 84' lang='lat' dir='ltr'><strong>sed</strong></span> <span class='ocrx_word' id='word_1_877' title='bbox 3526 4926 3583 4971; x_wconf 86' lang='lat' dir='ltr'><strong>et</strong></span> <span class='ocrx_word' id='word_1_878' title='bbox 3601 4932 3732 4970; x_wconf 67' lang='lat' dir='ltr'><strong>mor.</strong></span> 
     </span>
    </p>
   </div>
   <div class='ocr_carea' id='block_1_113' title="bbox 2142 5007 3728 5085">
    <p class='ocr_par' dir='ltr' id='par_1_113' title="bbox 2142 5007 3728 5085">
     <span class='ocr_line' id='line_1_113' title="bbox 2142 5007 3728 5085; baseline -0.007 -14"><span class='ocrx_word' id='word_1_879' title='bbox 2142 5026 2267 5080; x_wconf 71' lang='lat' dir='ltr'><strong>tum;</strong></span> <span class='ocrx_word' id='word_1_880' title='bbox 2294 5017 2568 5085; x_wconf 89' lang='lat' dir='ltr'><strong>multoque</strong></span> <span class='ocrx_word' id='word_1_881' title='bbox 2607 5015 2776 5084; x_wconf 85' lang='lat' dir='ltr'><strong>magis</strong></span> <span class='ocrx_word' id='word_1_882' title='bbox 2796 5028 2917 5067; x_wconf 91' lang='lat' dir='ltr'><strong>cum</strong></span> <span class='ocrx_word' id='word_1_883' title='bbox 2932 5021 3056 5067; x_wconf 88' lang='lat' dir='ltr'><strong>sunt</strong></span> <span class='ocrx_word' id='word_1_884' title='bbox 3076 5021 3319 5067; x_wconf 63' lang='lat' dir='ltr'><strong>morture.</strong></span> <span class='ocrx_word' id='word_1_885' title='bbox 3338 5009 3452 5065; x_wconf 83' lang='lat' dir='ltr'><strong>Jam</strong></span> <span class='ocrx_word' id='word_1_886' title='bbox 3474 5007 3621 5061; x_wconf 89' lang='lat' dir='ltr'><strong>enim</strong></span> <span class='ocrx_word' id='word_1_887' title='bbox 3647 5008 3728 5061; x_wconf 87' lang='lat' dir='ltr'><strong>sti-</strong></span> 
     </span>
    </p>
   </div>
   <div class='ocr_carea' id='block_1_114' title="bbox 2140 5099 3727 5178">
    <p class='ocr_par' dir='ltr' id='par_1_114' title="bbox 2140 5099 3727 5178">
     <span class='ocr_line' id='line_1_114' title="bbox 2140 5099 3727 5178; baseline -0.008 -15"><span class='ocrx_word' id='word_1_888' title='bbox 2140 5119 2313 5178; x_wconf 88' lang='lat' dir='ltr'><strong>gmata</strong></span> <span class='ocrx_word' id='word_1_889' title='bbox 2342 5108 2521 5162; x_wconf 87' lang='lat' dir='ltr'><strong>ferunt</strong></span> <span class='ocrx_word' id='word_1_890' title='bbox 2549 5105 2777 5168; x_wconf 87' lang='lat' dir='ltr'><strong>Christi;</strong></span> <span class='ocrx_word' id='word_1_891' title='bbox 2802 5120 2922 5158; x_wconf 91' lang='lat' dir='ltr'><strong>cum</strong></span> <span class='ocrx_word' id='word_1_892' title='bbox 2945 5113 3121 5156; x_wconf 88' lang='lat' dir='ltr'><strong>autem</strong></span> <span class='ocrx_word' id='word_1_893' title='bbox 3144 5102 3387 5170; x_wconf 86' lang='lat' dir='ltr'><strong>stigmata</strong></span> <span class='ocrx_word' id='word_1_894' title='bbox 3411 5099 3520 5152; x_wconf 70' lang='lat' dir='ltr'><strong>hmc</strong></span> <span class='ocrx_word' id='word_1_895' title='bbox 3544 5109 3727 5151; x_wconf 82' lang='lat' dir='ltr'><strong>osten-</strong></span> 
     </span>
    </p>
   </div>
   <div class='ocr_carea' id='block_1_115' title="bbox 2140 5190 3729 5267">
    <p class='ocr_par' dir='ltr' id='par_1_115' title="bbox 2140 5190 3729 5267">
     <span class='ocr_line' id='line_1_115' title="bbox 2140 5190 3729 5267; baseline -0.008 -15"><span class='ocrx_word' id='word_1_896' title='bbox 2140 5199 2337 5262; x_wconf 73' lang='lat' dir='ltr'><strong>derint,</strong></span> <span class='ocrx_word' id='word_1_897' title='bbox 2362 5199 2538 5251; x_wconf 90' lang='lat' dir='ltr'><strong>omnia</strong></span> <span class='ocrx_word' id='word_1_898' title='bbox 2568 5197 2694 5267; x_wconf 70' lang='lat' dir='ltr'><strong>[tegi</strong></span> <span class='ocrx_word' id='word_1_899' title='bbox 2720 5205 2938 5267; x_wconf 91' lang='lat' dir='ltr'><strong>possunt</strong></span> <span class='ocrx_word' id='word_1_900' title='bbox 2968 5194 3308 5263; x_wconf 90' lang='lat' dir='ltr'><strong>persuadere.</strong></span> <span class='ocrx_word' id='word_1_901' title='bbox 3338 5190 3555 5258; x_wconf 84' lang='lat' dir='ltr'><strong>Quando</strong></span> <span class='ocrx_word' id='word_1_902' title='bbox 3573 5191 3729 5259; x_wconf 86' lang='lat' dir='ltr'><strong>igitur</strong></span> 
     </span>
    </p>
   </div>
   <div class='ocr_carea' id='block_1_116' title="bbox 2143 5282 3728 5357">
    <p class='ocr_par' dir='ltr' id='par_1_116' title="bbox 2143 5282 3728 5357">
     <span class='ocr_line' id='line_1_116' title="bbox 2143 5282 3728 5357; baseline -0.007 -14"><span class='ocrx_word' id='word_1_903' title='bbox 2143 5299 2286 5344; x_wconf 88' lang='lat' dir='ltr'><strong>tanta</strong></span> <span class='ocrx_word' id='word_1_904' title='bbox 2319 5290 2423 5343; x_wconf 73' lang='lat' dir='ltr'><strong>illa:</strong></span> <span class='ocrx_word' id='word_1_905' title='bbox 2451 5289 2643 5343; x_wconf 88' lang='lat' dir='ltr'><strong>virtute</strong></span> <span class='ocrx_word' id='word_1_906' title='bbox 2666 5288 2888 5357; x_wconf 91' lang='lat' dir='ltr'><strong>pollent,</strong></span> <span class='ocrx_word' id='word_1_907' title='bbox 2912 5295 3162 5356; x_wconf 90' lang='lat' dir='ltr'><strong>tantaque</strong></span> <span class='ocrx_word' id='word_1_908' title='bbox 3183 5284 3320 5354; x_wconf 89' lang='lat' dir='ltr'><strong>apud</strong></span> <span class='ocrx_word' id='word_1_909' title='bbox 3342 5299 3460 5338; x_wconf 90' lang='lat' dir='ltr'><strong>eum</strong></span> <span class='ocrx_word' id='word_1_910' title='bbox 3476 5282 3728 5343; x_wconf 84' lang='lat' dir='ltr'><strong>amicitia,</strong></span> 
     </span>
    </p>
   </div>
   <div class='ocr_carea' id='block_1_117' title="bbox 2141 5373 3726 5446">
    <p class='ocr_par' dir='ltr' id='par_1_117' title="bbox 2141 5373 3726 5446">
     <span class='ocr_line' id='line_1_117' title="bbox 2141 5373 3726 5446; baseline -0.011 -9"><span class='ocrx_word' id='word_1_911' title='bbox 2141 5397 2263 5437; x_wconf 91' lang='lat' dir='ltr'><strong>cum</strong></span> <span class='ocrx_word' id='word_1_912' title='bbox 2284 5381 2535 5436; x_wconf 89' lang='lat' dir='ltr'><strong>continua</strong></span> <span class='ocrx_word' id='word_1_913' title='bbox 2553 5380 2699 5433; x_wconf 88' lang='lat' dir='ltr'><strong>velut</strong></span> <span class='ocrx_word' id='word_1_914' title='bbox 2715 5379 3025 5434; x_wconf 87' lang='lat' dir='ltr'><strong>obsessione</strong></span> <span class='ocrx_word' id='word_1_915' title='bbox 3045 5393 3107 5431; x_wconf 89' lang='lat' dir='ltr'><strong>ac</strong></span> <span class='ocrx_word' id='word_1_916' title='bbox 3125 5385 3377 5446; x_wconf 83' lang='lat' dir='ltr'><strong>perpetua</strong></span> <span class='ocrx_word' id='word_1_917' title='bbox 3396 5374 3599 5427; x_wconf 86' lang='lat' dir='ltr'><strong>illarum</strong></span> <span class='ocrx_word' id='word_1_918' title='bbox 3622 5373 3726 5424; x_wconf 79' lang='lat' dir='ltr'><strong>visi-</strong></span> 
     </span>
    </p>
   </div>
   <div class='ocr_carea' id='block_1_118' title="bbox 2143 5467 3724 5528">
    <p class='ocr_par' dir='ltr' id='par_1_118' title="bbox 2143 5467 3724 5528">
     <span class='ocr_line' id='line_1_118' title="bbox 2143 5467 3724 5528; baseline -0.008 -1"><span class='ocrx_word' id='word_1_919' title='bbox 2143 5475 2343 5528; x_wconf 89' lang='lat' dir='ltr'><strong>tatione</strong></span> <span class='ocrx_word' id='word_1_920' title='bbox 2379 5472 2798 5528; x_wconf 83' lang='lat' dir='ltr'><strong>familiaritatem</strong></span> <span class='ocrx_word' id='word_1_921' title='bbox 2852 5485 2951 5525; x_wconf 91' lang='lat' dir='ltr'><strong>nos</strong></span> <span class='ocrx_word' id='word_1_922' title='bbox 3003 5471 3215 5524; x_wconf 91' lang='lat' dir='ltr'><strong>illarum</strong></span> <span class='ocrx_word' id='word_1_923' title='bbox 3272 5467 3724 5527; x_wconf 85' lang='lat' dir='ltr'><strong>insinuaverimus,</strong></span> 
     </span>
    </p>
   </div>
   <div class='ocr_carea' id='block_1_119' title="bbox 2145 5562 3723 5639">
    <p class='ocr_par' dir='ltr' id='par_1_119' title="bbox 2145 5562 3723 5639">
     <span class='ocr_line' id='line_1_119' title="bbox 2145 5562 3723 5639; baseline -0.009 -18"><span class='ocrx_word' id='word_1_924' title='bbox 2145 5567 2380 5639; x_wconf 89' lang='lat' dir='ltr'><strong>ipsarum</strong></span> <span class='ocrx_word' id='word_1_925' title='bbox 2409 5581 2567 5637; x_wconf 91' lang='lat' dir='ltr'><strong>opera</strong></span> <span class='ocrx_word' id='word_1_926' title='bbox 2601 5566 2693 5620; x_wconf 88' lang='lat' dir='ltr'><strong>Dei</strong></span> <span class='ocrx_word' id='word_1_927' title='bbox 2724 5562 3138 5620; x_wconf 87' lang='lat' dir='ltr'><strong>misericordiam</strong></span> <span class='ocrx_word' id='word_1_928' title='bbox 3172 5563 3546 5631; x_wconf 83' lang='lat' dir='ltr'><strong>impetremus;</strong></span> <span class='ocrx_word' id='word_1_929' title='bbox 3570 5571 3723 5627; x_wconf 87' lang='lat' dir='ltr'><strong>quam</strong></span> 
     </span>
    </p>
   </div>
   <div class='ocr_carea' id='block_1_120' title="bbox 2144 5643 3721 5728">
    <p class='ocr_par' dir='ltr' id='par_1_120' title="bbox 2144 5643 3721 5728">
     <span class='ocr_line' id='line_1_120' title="bbox 2144 5643 3721 5728; baseline -0.011 -12"><span class='ocrx_word' id='word_1_930' title='bbox 2144 5660 2296 5716; x_wconf 89' lang='lat' dir='ltr'><strong>nobis</strong></span> <span class='ocrx_word' id='word_1_931' title='bbox 2316 5660 2566 5714; x_wconf 89' lang='lat' dir='ltr'><strong>omnibus</strong></span> <span class='ocrx_word' id='word_1_932' title='bbox 2594 5643 2802 5728; x_wconf 72' lang='lat' dir='ltr'><strong>assequi</strong></span> <span class='ocrx_word' id='word_1_933' title='bbox 2819 5657 3110 5727; x_wconf 88' lang='lat' dir='ltr'><strong>contingat,</strong></span> <span class='ocrx_word' id='word_1_934' title='bbox 3140 5654 3305 5723; x_wconf 86' lang='lat' dir='ltr'><strong>gratia</strong></span> <span class='ocrx_word' id='word_1_935' title='bbox 3331 5652 3536 5706; x_wconf 90' lang='lat' dir='ltr'><strong>Domini</strong></span> <span class='ocrx_word' id='word_1_936' title='bbox 3563 5646 3721 5703; x_wconf 88' lang='lat' dir='ltr'><strong>nostri</strong></span> 
     </span>
    </p>
   </div>
   <div class='ocr_carea' id='block_1_121' title="bbox 2143 5740 3718 5819">
    <p class='ocr_par' dir='ltr' id='par_1_121' title="bbox 2143 5740 3718 5819">
     <span class='ocr_line' id='line_1_121' title="bbox 2143 5740 3718 5819; baseline -0.011 -12"><span class='ocrx_word' id='word_1_937' title='bbox 2143 5751 2271 5807; x_wconf 86' lang='lat' dir='ltr'><strong>Jesu</strong></span> <span class='ocrx_word' id='word_1_938' title='bbox 2296 5750 2519 5816; x_wconf 86' lang='lat' dir='ltr'><strong>Christi,</strong></span> <span class='ocrx_word' id='word_1_939' title='bbox 2551 5762 2647 5819; x_wconf 91' lang='lat' dir='ltr'><strong>per</strong></span> <span class='ocrx_word' id='word_1_940' title='bbox 2676 5763 2835 5819; x_wconf 90' lang='lat' dir='ltr'><strong>quem</strong></span> <span class='ocrx_word' id='word_1_941' title='bbox 2862 5755 2918 5803; x_wconf 90' lang='lat' dir='ltr'><strong>et</strong></span> <span class='ocrx_word' id='word_1_942' title='bbox 2940 5762 3061 5802; x_wconf 92' lang='lat' dir='ltr'><strong>cum</strong></span> <span class='ocrx_word' id='word_1_943' title='bbox 3090 5760 3197 5817; x_wconf 88' lang='lat' dir='ltr'><strong>quo</strong></span> <span class='ocrx_word' id='word_1_944' title='bbox 3226 5742 3366 5799; x_wconf 86' lang='lat' dir='ltr'><strong>Patri</strong></span> <span class='ocrx_word' id='word_1_945' title='bbox 3409 5740 3596 5813; x_wconf 87' lang='lat' dir='ltr'><strong>gloria,</strong></span> <span class='ocrx_word' id='word_1_946' title='bbox 3626 5753 3718 5792; x_wconf 72' lang='lat' dir='ltr'><strong>um</strong></span> 
     </span>
    </p>
   </div>
   <div class='ocr_carea' id='block_1_122' title="bbox 2144 5829 3716 5912">
    <p class='ocr_par' dir='ltr' id='par_1_122' title="bbox 2144 5829 3716 5912">
     <span class='ocr_line' id='line_1_122' title="bbox 2144 5829 3716 5912; baseline -0.01 -13"><span class='ocrx_word' id='word_1_947' title='bbox 2144 5859 2263 5899; x_wconf 91' lang='lat' dir='ltr'><strong>cum</strong></span> <span class='ocrx_word' id='word_1_948' title='bbox 2307 5851 2493 5898; x_wconf 84' lang='lat' dir='ltr'><strong>sancto</strong></span> <span class='ocrx_word' id='word_1_949' title='bbox 2531 5840 2756 5912; x_wconf 86' lang='lat' dir='ltr'><strong>Spiritu,</strong></span> <span class='ocrx_word' id='word_1_950' title='bbox 2800 5855 2938 5897; x_wconf 93' lang='lat' dir='ltr'><strong>nunc</strong></span> <span class='ocrx_word' id='word_1_951' title='bbox 2984 5848 3039 5897; x_wconf 90' lang='lat' dir='ltr'><strong>et</strong></span> <span class='ocrx_word' id='word_1_952' title='bbox 3085 5852 3319 5910; x_wconf 74' lang='lat' dir='ltr'><strong>semper,</strong></span> <span class='ocrx_word' id='word_1_953' title='bbox 3360 5845 3412 5890; x_wconf 90' lang='lat' dir='ltr'><strong>et</strong></span> <span class='ocrx_word' id='word_1_954' title='bbox 3443 5835 3493 5889; x_wconf 92' lang='lat' dir='ltr'><strong>in</strong></span> <span class='ocrx_word' id='word_1_955' title='bbox 3538 5829 3716 5889; x_wconf 60' lang='lat' dir='ltr'><strong>secula</strong></span> 
     </span>
    </p>
   </div>
   <div class='ocr_carea' id='block_1_123' title="bbox 2146 5936 2705 5993">
    <p class='ocr_par' dir='ltr' id='par_1_123' title="bbox 2146 5936 2705 5993">
     <span class='ocr_line' id='line_1_123' title="bbox 2146 5936 2705 5993; baseline -0.005 0"><span class='ocrx_word' id='word_1_956' title='bbox 2146 5936 2481 5993; x_wconf 70' lang='lat' dir='ltr'><strong>smculorum.</strong></span> <span class='ocrx_word' id='word_1_957' title='bbox 2515 5936 2705 5991; x_wconf 81' lang='lat' dir='ltr'><strong>Amen.</strong></span> 
     </span>
    </p>
   </div>
  </div>
