3860 6286
233 404 327 459 CH
1342 403 1405 457 ΙΝ
1449 402 2009 471 QUATRIDUANUM
2049 406 2402 482 LAZARUM.

295 1043 403 1106 AC
447 1042 556 1104 DE
594 1042 927 1105 SANCTIS
962 1042 1196 1104 MART
1205 1043 1493 1106 YRIBUS
1532 1045 1935 1120 DOMNINA,
1978 1044 2326 1107 BERNICE
2357 1046 2461 1107 ET
2494 1043 2917 1113 PROSDOCE
2962 1043 3451 1106 ADMONITIO.

231 1462 545 1521 inaccessas
569 1461 741 1519 fuisse
781 1462 1053 1534 virgines;
1088 1460 1239 1533 quod
1262 1460 1451 1533 utique
1479 1461 1607 1519 licet
1628 1462 1856 1520 sileatur
1886 1465 1942 1519 in
1976 1464 2181 1535 priore,
2213 1462 2466 1533 congruit
2496 1468 2677 1516 tamen
2707 1475 2831 1516 cum
2860 1461 2940 1517 eis
2985 1477 3107 1533 quae
3156 1479 3309 1519 num.
3332 1464 3363 1518 7
3408 1465 3495 1522 di-

227 1585 433 1632 cuntur
458 1596 471 1632 :
499 1577 591 1633 ubi
625 1591 877 1648 quaerens
913 1575 1342 1647 Chrysostomus
1372 1590 1473 1632 cur
1507 1575 1778 1632 Domnina
1814 1576 2087 1655 judicium
2116 1576 2472 1647 pmverterit,
2506 1585 2556 1633 et
2589 1584 2883 1646 antequam
2912 1582 3039 1629 ante
3065 1574 3309 1646 judicent
3336 1578 3498 1634 siste-

222 1702 387 1753 retur
423 1708 548 1748 cum
592 1692 809 1748 ﬁliabus
838 1706 957 1748 sese
992 1692 1045 1747 in
1072 1690 1272 1747 ﬂumen
1301 1690 1747 1775 praecipitaverit,
1773 1693 2065 1764 respondet
2093 1692 2147 1749 id
2183 1692 2402 1761 fecisse,
2447 1708 2517 1748 ne
2550 1691 2676 1763 quis
2709 1689 2948 1745 ﬁliarum
2993 1702 3367 1762 corrumperet
3393 1695 3503 1748 vir-

226 1816 515 1888 ginitatem
553 1834 568 1870 :
609 1831 720 1888 quo
768 1815 1015 1871 innuitur
1040 1815 1282 1885 Iudicem
1320 1830 1416 1873 seu
1450 1825 1742 1888 tyrannum
1776 1816 2061 1873 Domninze
2095 1816 2315 1874 tiliabus
2345 1816 2661 1889 cupiditatis
2705 1817 2895 1873 oculos
2928 1817 3226 1889 adjecisse.
3253 1816 3328 1873 De
3360 1831 3507 1872 anno

224 1932 396 2003 hujus
436 1931 633 1987 habita:
659 1932 942 1988 concionis
970 1931 1104 1987 nihil
1127 1931 1308 1988 adhuc
1337 1933 1609 2003 expiscari
1643 1933 1948 2004 potuimus.
3104 1920 3107 1921 ν

304 2088 443 2143 lluic
467 2089 534 2144 de
559 2087 762 2144 sanctis
798 2086 1116 2144 mulieribus
1167 2087 1410 2144 sermoni
1437 2089 1720 2161 praemittit
1759 2090 2187 2164 Clirysostomns
2223 2090 2506 2147 coneionis
2532 2091 2825 2161 praeterita:
2849 2092 3130 2163 reliquias,
3170 2093 3260 2146 ubi
3302 2091 3502 2163 quaesi-

225 2214 349 2261 tum
379 2204 554 2262 fuerat
575 2220 674 2261 cur
695 2203 934 2263 Joannes
961 2207 1114 2265 solus
1140 2206 1613 2280 Evangelistarum
1639 2209 1706 2266 de
1731 2207 1940 2265 Lazaro
1961 2209 2334 2279 quatriduano
2360 2209 2626 2281 loquutus
2655 2218 2842 2266 esset:
2877 2218 3166 2279 postquam
3199 2223 3326 2263 vero
3356 2189 3493 2262 can1

224 2337 352 2378 sam
388 2320 591 2389 attulit,
614 2321 684 2377 de
729 2320 937 2378 Lazaro
975 2339 1086 2379 non
1117 2337 1293 2395 pauca
1327 2323 1491 2380 solito
1523 2324 1663 2397 style
1699 2323 2078 2395 orationisque
2111 2338 2311 2395 genere
2342 2323 2588 2380 disserit.
2624 2322 2701 2379 Ex
2733 2334 2974 2394 tempore
3022 2334 3204 2380 autem
3244 2338 3501 2394 pronun-

227 2436 370 2492 tiata
401 2435 571 2492 fuisse
598 2437 812 2493 videtur
835 2437 954 2494 haec
981 2438 1198 2506 concio,
1230 2446 1290 2494 ut
1322 2449 1376 2496 et
1405 2439 1527 2495 aliae
1561 2455 1667 2495 non
1692 2454 1900 2511 paucae,
1938 2455 2060 2511 qua:
2079 2440 2229 2511 paris
2262 2448 2394 2496 sunt
2426 2440 2734 2496 brevitatis.

2012 2719 2137 2727 ——-—-—

997 2938 1118 3023 IN
1163 2939 2140 3051 QUATRIDUANUM
2181 2941 2781 3049 LAZARUM,

765 3121 846 3164 ET
890 3120 973 3165 ne
1016 3122 1104 3166 ss.
1151 3120 1584 3177 MARTYRIBUS,
1631 3119 1945 3177 bonum,
1991 3120 2264 3164 BERNICE
2310 3122 2390 3165 ET
2432 3121 2758 3169 rnosnocn
2803 3109 2902 3184 (α).

1561 3247 2179 3327 «amcam»

290 3399 399 3456 Cur
424 3399 761 3471 Evangelista:
784 3399 1070 3454 noneodem
1087 3415 1282 3469 semper
1307 3413 1477 3451 omnes
1508 3396 1810 3451 describant.

213 3493 410 3547 Lazari
447 3494 744 3547 resurrectio
776 3490 960 3547 Christi
988 3492 1340 3547 resurrectioni
1378 3491 1534 3561 ﬁdem
1572 3491 1716 3562 facit.
1743 3519 1814 3530 —

210 3580 422 3654 Nuper,
466 3582 678 3648 dilecti,
718 3582 956 3638 floridam
995 3582 1138 3639 veris
1181 3583 1198 3614 ⁸
1237 3598 1490 3639 coronam
1533 3582 1683 3637 vobis
1722 3597 1817 3637 ne-

212 3686 463 3743 ctentes,
491 3685 545 3731 et
573 3676 697 3731 anni
745 3684 1114 3744 tempestatem
1141 3690 1241 3731 ceu
1269 3675 1319 3729 in
1351 3675 1523 3730 tabula
1553 3674 1817 3730 sermonis

212 3767 557 3823 delineantes
581 3808 597 3832 ,
640 3782 746 3822 non
782 3766 941 3822 modo
977 3782 1195 3822 nemora
1224 3766 1386 3822 ramis
1415 3775 1600 3820 ornata
1620 3808 1635 3833 ,
1664 3775 1814 3835 prata

214 3854 468 3915 ﬂorentia
503 3870 555 3916 et
606 3875 768 3915 auras
794 3860 860 3916 ad
890 3860 1051 3914 vitam
1094 3870 1412 3916 revocantes
1433 3859 1814 3925 exhibuimus;

214 3954 316 4023 sed
353 3964 597 4010 naturam
622 3971 837 4027 quoque
867 3966 1103 4029 nostrain
1136 3956 1240 4013 hoc
1286 3967 1528 4027 tempore
1569 3972 1813 4014 resurre-

216 4046 420 4101 ctionis
446 4046 686 4118 symbola
713 4056 924 4104 nactam
955 4047 1291 4104 ostendimus
1316 4064 1329 4100 :
1351 4055 1510 4121 atque
1534 4063 1817 4121 argumen-

218 4146 335 4192 tum
403 4117 628 4209 tempot‘i
690 4154 989 4210 congruens
1049 4117 1464 4209 perquirentes,
1521 4117 1815 4194 redivivum

215 4229 485 4286 Lazarum
512 4232 845 4288 attraximus.
881 4232 1074 4289 Verum
1108 4248 1227 4288 cum
1259 4233 1517 4302 promissa
1545 4234 1819 4303 complere

217 4337 327 4378 non
363 4336 643 4391 possemus
672 4366 689 4391 ,
726 4324 781 4379 in
812 4325 984 4395 primo
1012 4334 1208 4380 conatu
1238 4324 1496 4380 orationis
1527 4329 1814 4382 terminum

219 4415 540 4487 posuimus;
581 4431 643 4472 ac
684 4433 805 4472 cum
831 4418 1003 4488 primo
1029 4419 1147 4474 loco
1173 4417 1606 4490 quaesivissemus
1625 4459 1642 4487 ,
1666 4434 1762 4474 cur
1786 4434 1818 4474 a

216 4506 432 4561 cmteris
458 4508 797 4579 evangelistis
825 4509 1219 4579 prietermissus
1257 4509 1510 4578 Lazarus,
1543 4525 1573 4565 a
1600 4509 1813 4568 Joanne

216 4599 339 4654 solo
370 4609 696 4655 memoratus
716 4599 904 4657 fuisset
927 4599 1113 4673 (Joan.
1148 4602 1207 4675 il
1229 4600 1275 4673 ),
1299 4601 1762 4672 respondebamus
1782 4645 1809 4670 η

217 4690 481 4762 Spiritum
506 4701 750 4747 sanctum
777 4734 794 4759 ,
833 4701 891 4749 ut
917 4694 1203 4749 commenti
1238 4693 1596 4764 suspicionem
1627 4695 1819 4766 praeci-

218 4784 415 4849 deret,
456 4785 771 4857 permisisse
814 4793 875 4840 ut
923 4786 1262 4856 evangelistae
1307 4802 1427 4858 quae
1457 4787 1524 4842 ad
1554 4787 1813 4843 miracula

216 4874 523 4933 Servatoris
564 4877 896 4948 pertinerent
938 4877 1359 4934 concordissime
1399 4876 1810 4945 describerent;

217 4982 443 5022 curasse
479 4975 654 5023 tamen
700 4977 758 5023 ut
802 4968 934 5023 alius
976 4968 1115 5024 aliud
1151 4969 1422 5040 quidpiam
1471 4970 1810 5040 praeteriret:

218 5058 366 5129 quod
408 5057 617 5129 signum
648 5067 790 5115 esset
832 5059 1173 5130 perspicuum
1204 5062 1346 5132 ipsos
1375 5077 1551 5132 neque
1579 5061 1772 5118 callide
1795 5104 1813 5130 ,

217 5148 509 5221 deditaque
530 5164 694 5221 opera
719 5193 733 5217 ,
766 5166 939 5206 unove
968 5166 1234 5208 consensu
1259 5194 1276 5220 ,
1303 5167 1475 5223 neque
1500 5151 1567 5208 ad
1589 5153 1814 5224 gratiam

219 5238 509 5312 Evangelia
535 5242 819 5313 scripsisse
844 5287 857 5308 ,
888 5243 1040 5309 itaut
1059 5245 1237 5298 omnia
1264 5284 1281 5312 ,
1312 5259 1434 5300 cum
1459 5244 1730 5319 quidpiam
1760 5246 1815 5301 in

217 5330 404 5402 aliquo
434 5331 648 5387 deesset
674 5374 691 5398 ,
745 5331 1025 5388 veritatem
1072 5334 1189 5389 sine
1215 5332 1337 5390 fuco
1358 5333 1717 5391 declararent.
1745 5339 1815 5391 At

217 5437 344 5477 cum
379 5421 492 5478 haec
524 5430 695 5478 tunca
723 5423 877 5480 nobis
893 5424 1023 5478 satis
1048 5432 1367 5494 pertractata
1398 5424 1614 5492 fuerint,
1646 5426 1813 5500 inspi-

219 5514 426 5570 ciamus
452 5530 699 5586 quanam
728 5531 792 5570 ex
833 5515 934 5571 hoc
959 5517 1099 5572 circa
1142 5515 1404 5581 Lazarum
1436 5517 1694 5586 miraculo
1727 5518 1811 5574 di-

287 5735 307 5798 '_
337 5730 531 5798 ttontef.
559 5732 707 5798 legit,
730 5732 876 5793 aeris,
902 5733 1034 5798 quod
1054 5733 1318 5798 illisut-dum
1345 5735 1553 5788 videtur.

287 5794 360 5854 (α)
393 5802 458 5846 Ex
477 5794 646 5847 Codice
667 5794 1036 5848 Emincnus'simi
1052 5796 1311 5850 cardinalis
1332 5800 1572 5850 Ottoboni.

1919 3392 2139 3462 scipulis
2167 3381 2366 3449 utilitas
2395 3403 2692 3464 promanet.
2742 3395 2904 3453 Multa
2937 3398 3004 3455 de
3040 3402 3286 3470 passione
3312 3419 3408 3461 sua
3430 3406 3522 3461 di-
3560 3391 3578 3403 ’

1921 3485 2140 3556 scipulis
2166 3500 2310 3557 smpe
2324 3485 2577 3557 loquutus
2600 3487 2871 3555 Servator,
2893 3499 3165 3563 torpentes
3199 3495 3319 3550 illos
3339 3499 3515 3553 anim-

1923 3577 2242 3634 advertebat
2273 3621 2288 3645 ,
2335 3578 2404 3635 ob
2443 3579 2602 3636 talem
2631 3582 2989 3639 narrationem
3029 3585 3332 3655 horrentes,
3358 3599 3515 3660 atque

1926 3671 2251 3727 inﬁrmitatis
2288 3673 2466 3744 potius
2492 3714 2509 3741 ,
2532 3689 2692 3745 quam
2719 3677 3033 3732 meonomia:
3057 3719 3071 3744 ,
3102 3682 3514 3748 pramuntiatam

1925 3765 2228 3835 passionem
2272 3781 2394 3823 esse
2445 3769 2782 3839 suspicantes
2806 3810 2821 3835 ,
2854 3776 3036 3840 utpote
3067 3770 3313 3828 humanis
3342 3774 3516 3833 adhuc

1924 3855 2221 3911 ratiociniis
2263 3857 2492 3927 agitatas
2539 3873 2603 3914 ac
2650 3865 2960 3915 trementes.
3006 3860 3346 3935 Quapmpter
3391 3881 3515 3924 cum

1917 3945 2029 4017 jam
2060 3947 2282 4004 instaret
2305 3950 2567 4019 passionis
2595 3959 2822 4021 tempus,
2853 3962 2908 4008 et
2925 3951 3037 4024 jam
3052 3957 3351 4025 proximum
3373 3971 3517 4021 esset

1925 4048 1985 4094 ut
2011 4055 2141 4096 crux
2172 4039 2528 4112 deligeretur,
2571 4042 2830 4115 Lazarum
2861 4054 3130 4102 mortuum
3159 4051 3383 4105 suscitat
3410 4092 3426 4117 ,
3456 4061 3514 4107 ut

1923 4145 2086 4202 Opere
2115 4133 2405 4204 discipulos
2430 4128 2644 4201 doceat,
2676 4151 2779 4189 non
2810 4135 3134 4194 inﬁrmitatis
3160 4155 3280 4197 esse
3308 4145 3516 4212 passio-

1925 4240 2047 4280 nem
2076 4234 2132 4279 et
2167 4240 2422 4292 crucem;
2467 4235 2523 4281 ut
2548 4227 2902 4296 praesentibus
2927 4227 3086 4284 [idem
3124 4230 3323 4300 faciat,
3366 4249 3426 4288 se
3463 4242 3518 4290 et

1925 4317 2084 4372 morti
2115 4316 2377 4386 imperare
2398 4360 2416 4386 ,
2438 4328 2495 4374 et
2520 4319 2749 4375 terrenis
2770 4320 2993 4377 vinculis
3021 4322 3251 4380 solutam
3280 4327 3515 4383 animam

1925 4422 2179 4464 revocare
2209 4417 2403 4480 :atque
2441 4410 2735 4466 secundum
2765 4412 2997 4481 aliquem
3044 4428 3261 4493 scepum
3292 4427 3516 4488 sponta-

1925 4512 2083 4554 ncam
2111 4508 2342 4557 mortem
2390 4515 2544 4557 suam
2593 4504 2881 4572 proponit,
2923 4503 3166 4576 forteqne
3210 4507 3264 4563 in
3312 4509 3516 4575 Lazaro

1923 4605 2078 4648 suam
2105 4602 2227 4662 post
2257 4593 2491 4650 triduum
2520 4597 2968 4652 resurrectionem
2992 4598 3136 4668 prius
3157 4598 3516 4670 describit,‘ac

1923 4680 1991 4738 de
2032 4676 2348 4742 brevissimo
2391 4687 2483 4743 illo
2525 4699 2764 4756 tempore
2789 4703 2896 4759 quo
2918 4688 3019 4744 sub
3041 4698 3182 4746 terra
3202 4702 3515 4751 versaturus

1923 4792 2039 4837 erat
2068 4781 2361 4838 imbecilles
2382 4780 2569 4836 animo
2588 4781 2929 4857 consolatur:
2962 4791 3120 4855 atque
3156 4774 3424 4844 in-crucis
3451 4788 3517 4844 li-

1926 4875 2071 4930 mine
2092 4874 2474 4945 discipulorum
2500 4884 2699 4929 metum
2729 4883 3025 4944 opportune
3050 4876 3230 4944 solvit,
3254 4878 3514 4951 docetque

1926 4980 1985 5020 se
2015 4966 2184 5031 illam,
2234 4980 2392 5034 quam
2422 4964 2575 5020 alteri
2602 4964 2877 5034 impertit,
2908 4967 3131 5039 gratiam
3176 4967 3277 5024 sibi
3317 4970 3416 5040 ipsi
3440 4971 3515 5025 fa-

1923 5058 2027 5114 cile
2079 5065 2480 5127 procuraturqu
2537 5071 2659 5113 esse
2690 5074 2706 5114 z
2740 5057 2977 5128 ipsisque
3023 5059 3274 5129 operibus
3324 5060 3515 5118 dubios

1922 5150 2085 5205 animi
2129 5148 2586 5217 commonefacit,
2629 5149 2790 5206 rebus
2836 5151 3004 5221 gestis
3046 5167 3230 5206 vocem
3256 5152 3512 5223 quodam-

1923 5240 2085 5296 modo
2112 5241 2393 5312 adaptans,
2418 5241 2641 5312 ipsoque
2659 5239 2801 5296 facto
2827 5242 2908 5299 sic
2929 5256 3092 5311 prope
3116 5241 3375 5312 loquens:
3408 5245 3511 5299 As-

1921 5342 2190 5404 sumptam
2260 5330 2646 5388 humanitatem
2692 5332 2868 5386 divina
2923 5333 3234 5403 operatione
3291 5349 3512 5392 vacuam

1923 5439 2208 5494 numquam
2255 5423 2486 5497 reliqui;
2519 5439 2702 5482 verum
2738 5438 2884 5478 nunc
2931 5433 2987 5479 ut
3031 5423 3193 5480 homo
3219 5466 3235 5493 ,
3283 5441 3427 5483 nunc
3457 5440 3514 5484 ut

1924 5517 2083 5584 Deus,
2105 5531 2225 5571 cum
2252 5527 2495 5572 naturam
2525 5516 2866 5574 subindicans
2894 5558 2910 5584 ,
2940 5528 3050 5572 tum
3079 5519 3394 5592 mconomia:
3439 5523 3504 5576 li-

1923 5608 2044 5665 dem
2075 5606 2279 5664 faciens
2299 5651 2313 5675 ,
2340 5608 2649 5681 decensque
2676 5609 2956 5665 humiliora
2981 5608 3049 5665 ad
3078 5609 3460 5669 humanitatem
3487 5657 3504 5682 ,

1924 5700 2231 5767 sublimipra
2260 5716 2387 5758 vero
2414 5701 2480 5766 ad
2510 5701 2842 5758 divinitatem
2872 5702 3146 5760 referenda
3173 5717 3329 5774 esse,
3350 5716 3510 5780 atque

1927 5808 2021 5863 per
2069 5791 2382 5863 iu.cqnalcm
2437 5792 2575 5849 hanc
2612 5794 3335 5867 operumtemperationem,
3376 5801 3499 5853 inze-
