3860 6286
373 446 474 504 643

367 592 580 653 qnatctn
608 581 916 630 naturarum
947 566 1194 623 unionem
1222 564 1576 632 interpretans
1596 601 1611 628 ,
1640 574 1702 615 ac
1724 574 1820 653 per
1851 573 1949 628 po-

371 649 617 729 testatem
668 667 724 721 in
769 662 1084 733 passiones,
1129 654 1457 710 voluntarias
1508 664 1629 706 esse
1679 649 1956 720 passiones

371 777 521 821 meas
543 760 859 819 declarans;
895 759 952 806 ut
999 750 1141 804 Deus
1186 761 1281 816 per
1313 743 1574 816 jejunium
1623 750 1679 796 et
1725 739 1954 796 inediam

371 849 721 925 quadraginta
769 844 976 898 dierum
1015 847 1258 895 naturam
1303 833 1565 891 refrenavi
1591 849 1607 899 ;
1634 829 1956 925 sed-Apostea

375 921 434 1002 ut
462 945 621 1000 homo
642 936 960 1008 defatigatus
984 931 1179 988 esurivi
1202 949 1216 984 :
1247 928 1428 998 utique
1445 935 1502 980 ut
1517 925 1657 980 Deus
1677 921 1955 978 eﬂ'eratum

375 1051 518 1092 mare
548 1032 760 1097 sedari;
805 1039 865 1084 ut
910 1027 1072 1081 homo
1112 1039 1142 1077 a
1177 1021 1391 1077 diabolo
1436 1025 1670 1072 tentatus
1704 1028 1862 1068 sum:
1897 1019 1955 1066 ut

375 1130 516 1184 Deus
547 1126 819 1181 daemonas
848 1119 1068 1189 expuli;
1098 1125 1155 1170 ut
1184 1114 1348 1169 homo
1380 1126 1475 1182 pro
1511 1107 1815 1164 hominibus
1838 1120 1956 1160 sum

374 1233 626 1290 passurus
650 1234 664 1271 :
690 1231 869 1271 verum
896 1229 963 1267 ne
984 1207 1328 1280 suspicemini
1374 1203 1426 1259 id
1463 1217 1557 1273 per
1593 1200 1952 1256 inﬁrmitatem

372 1313 616 1368 accidere
637 1351 652 1376 ,
682 1309 989 1378 priusquam
1023 1317 1167 1356 mors
1193 1297 1477 1362 adveniat,
1509 1309 1537 1346 a
1569 1300 1741 1347 morte
1769 1290 1960 1346 deten-

373 1415 482 1460 tum
524 1403 590 1457 ad
632 1402 794 1455 vitam
833 1409 1062 1451 revoco:
1091 1407 1154 1447 ac
1197 1398 1474 1461 postquam
1523 1383 1812 1439 divinitatis
1854 1382 1959 1436 vim

372 1496 846 1565 operationemquc
867 1484 1155 1548 declaravi,
1179 1490 1306 1537 tunc
1328 1477 1668 1532 humanitatis
1683 1475 1959 1544 antiquum

373 1587 612 1642 debitum
651 1585 898 1652 depono;
924 1585 1201 1650 postquam
1220 1571 1428 1626 vincula
1449 1569 1605 1637 solvi,
1633 1577 1757 1623 tunc
1775 1569 1963 1622 vincu-

377 1681 440 1732 lis
466 1677 656 1745 alligor
683 1691 696 1727 :
729 1684 886 1742 atque
914 1670 1072 1725 rebus
1103 1653 1231 1736 ipsis
1251 1665 1583 1728 demonstro,
1617 1675 1703 1716 me
1731 1666 1964 1730 potesta—

377 1783 487 1826 tem
528 1769 728 1824 habere
773 1763 1004 1836 ponendi
1041 1761 1272 1815 animam
1321 1773 1495 1826 meam
1528 1797 1541 1822 ,
1566 1764 1619 1809 et
1647 1763 1963 1824 potestatem

379 1863 576 1917 habere
602 1861 789 1914 iterum
815 1854 1056 1913 sumendi
1089 1869 1204 1908 eam
1233 1850 1426 1923 (Joan.
1452 1849 1538 1904 10.
1569 1839 1696 1919 18).
1735 1847 1855 1899 [ἕως
1883 1853 1966 1898 est

377 1951 676 2010 Servatoris
705 1948 944 2004 doctrina
971 1946 1097 2017 ipsis
1124 1942 1375 2013 operibus
1404 1939 1636 1995 exhibita
1660 1953 1674 1991 :
1701 1936 1799 1990 nisi
1821 1935 1965 1990 enim

378 2047 480 2101 hoc
509 2051 672 2109 esset,
700 2057 764 2097 ac
798 2041 900 2096 nisi
935 2037 1163 2110 quadam
1215 2033 1420 2088 ratione
1464 2046 1618 2087 suum
1663 2029 1712 2083 in
1761 2027 1966 2082 Lazaro

378 2139 689 2194 miraculum
735 2134 1144 2198 concinnasset,
1177 2141 1513 2199 nequaquam
1545 2120 1784 2178 nuntiata
1824 2120 1962 2184 sibi,

377 2233 502 2287 dum
533 2231 634 2286 iter
657 2236 870 2298 ageret,
911 2222 1095 2278 Lazari
1124 2220 1466 2276 inﬁrmitate:
1500 2216 1752 2271 Miserum
1778 2213 1920 2270 enim
1947 2252 1962 2277 ,

377 2325 471 2389 ait,
492 2337 688 2376 sorores
705 2321 812 2390 ejus
834 2317 900 2370 ad
924 2315 1221 2376 Dominum,
1241 2311 1482 2376 dicentes,
1506 2307 1640 2362 Ecce
1654 2324 1800 2380 quem
1825 2322 1967 2361 ama:

380 2416 672 2484 inﬁrmatur
701 2409 877 2481 (Joan.
907 2408 994 2462 ll.
1027 2405 1112 2477 '5);
1156 2416 1488 2473 nequaquam
1515 2415 1646 2454 sane
1690 2407 1809 2470 post
1831 2413 1963 2452 nun-

379 2509 512 2563 tium
556 2501 861 2573 hujusmodi
889 2508 1168 2554 cunctatus
1193 2503 1374 2561 esset;
1404 2492 1498 2548 sed
1519 2489 1965 2562 quemadmodum

381 2614 505 2670 erga
530 2596 896 2653 centurionem
932 2604 984 2648 et
1013 2589 1479 2663 Syl'OphmlllSsam
1519 2601 1578 2641 se
1605 2586 1770 2656 gessit
1799 2626 1814 2651 ,
1845 2600 1966 2639 eum

382 2693 526 2747 illius
546 2688 783 2745 absentis
815 2686 977 2739 ﬁlium
998 2725 1013 2749 ,
1045 2691 1100 2739 et
1131 2681 1284 2752 hujus
1312 2681 1513 2751 pariter
1543 2677 1778 2733 absentis
1807 2677 1967 2731 tiliam

381 2784 626 2840 sanavit:
657 2783 736 2836 sic
772 2790 827 2834 et
876 2793 999 2848 erga
1048 2775 1305 2831 Martham
1351 2771 1532 2828 fratris
1559 2771 1801 2834 morbum
1829 2769 1970 2825 indi-

381 2886 592 2934 cantem
635 2890 695 2930 se
736 2873 1012 2945 gessisset.
1048 2869 1196 2925 Nunc
1221 2885 1353 2923 vero
1402 2865 1469 2921 de
1510 2864 1769 2919 industria
1799 2864 1970 2919 donec

384 2971 643 3026 moriatur
671 2972 962 3036 exspectat,
992 2963 1049 3017 ﬁt
1075 2977 1222 3016 mora
1249 2960 1476 3030 longior,
1507 2968 1560 3013 et
1584 2973 1650 3013 ex
1679 2957 1972 3026 providen—

385 3065 458 3118 tia
481 3061 765 3118 adventum
805 3073 959 3114 suum
1003 3056 1182 3112 dtll'ert
1211 3097 1226 3122 ,
1276 3062 1333 3108 ut
1375 3053 1650 3108 victoriam
1689 3051 1756 3107 de
1797 3063 1972 3107 morte

386 3163 706 3228 reportatatn
759 3152 996 3207 velante
1037 3147 1226 3202 mortis
1266 3154 1539 3201 certamen
1568 3143 1844 3199 ostendat:
1869 3145 1970 3198 tri-

385 3252 588 3320 busque
609 3247 798 3302 diebus
827 3251 1094 3307 moratur,
1127 3249 1184 3296 ut
1214 3239 1400 3294 mortis
1428 3239 1624 3292 veritas
1649 3237 1824 3308 palam
1856 3236 1969 3291 ﬁat.

384 3342 582 3398 Judmis
608 3355 734 3394 vero
757 3333 1109 3407 pnesentibus
1137 3331 1331 3402 aperiri
1359 3329 1659 3399 sepulcrum
1693 3328 1846 3398 jubet
1870 3371 1885 3393 ,
1917 3338 1976 3382 ut

375 3439 551 3488 'testcs
592 3429 831 3484 miraculi
878 3426 1124 3482 redderet
1152 3439 1246 3480 eos
1270 3465 1284 3489 ,
1325 3422 1413 3493 qui
1452 3437 1510 3476 se
1544 3421 1844 3490 pellebant:
1879 3435 1975 3488 per

386 3524 682 3580 orationem
729 3527 906 3574 autem
957 3526 1009 3573 et
1057 3516 1227 3571 Patris
1276 3513 1667 3570 invocationem
1713 3511 1971 3566 Lazarum

387 3617 652 3682 suscitat,
701 3628 770 3668 ne
800 3612 1070 3666 videretur
1096 3607 1366 3664 Creatoris
1405 3605 1610 3677 legibus
1654 3619 1970 3675 repugnare.

390 3712 467 3766 Ac
495 3707 614 3762 vide
641 3705 768 3761 mihi
801 3719 912 3758 rem
941 3703 1094 3772 plane
1121 3698 1438 3768 stupendam
1469 3714 1483 3752 :
1515 3713 1620 3751 non
1658 3696 1828 3760 dixit,
1867 3695 1973 3750 La-

388 3817 511 3856 zare
533 3841 547 3864 ,
569 3798 864 3862 rcvivisce;
898 3793 991 3848 sed
1017 3791 1140 3862 quid
1163 3791 1188 3844 ?
1212 3789 1408 3842 Lazare
1441 3830 1453 3852 ,
1486 3788 1596 3841 veni
1614 3786 1789 3858 [οι-αδ(
1815 3785 1972 3840 Joau.

391 3895 478 3947 ll.
509 3888 600 3962 43)
632 3905 646 3954 ;
679 3897 734 3943 ut
761 3889 982 3941 doceret
1013 3891 1302 3954 prmsentes
1323 3923 1337 3947 ,
1363 3880 1534 3951 ipsum
1566 3895 1684 3935 esse
1712 3879 1800 3949 qni
1825 3891 1977 3934 vocat

387 4001 450 4038 ea
481 3999 600 4054 qua:
623 3996 727 4036 non
751 3988 894 4043 sunt,
924 3987 980 4031 ttt
1009 3991 1070 4029 ea
1092 3990 1210 4045 qua:
1237 3983 1359 4027 sunt
1385 3989 1398 4037 ;
1433 3979 1491 4026 ut
1515 3971 1976 4040 ostenderet-pra).

389 4075 666 4140 sentibus,
697 4073 870 4142 ipsum
893 4083 1013 4123 esse
1044 4067 1211 4122 Deum
1244 4066 1485 4118 vivorum
1511 4071 1564 4117 et
1595 4078 1700 4116 non
1732 4071 1975 4115 mortuo-

389 4185 545 4233 rum;
579 4175 635 4222 ut
675 4165 1069 4220 demonstraret
1107 4145 1344 4214 divinum
1385 4165 1711 4238 praeceptum
1755 4171 1786 4209 a
1832 4155 1978 4210 nullo

393 4278 550 4335 posse
574 4261 725 4315 obice
751 4255 944 4312 tardari
968 4297 982 4320 ,
1005 4253 1272 4324 simulque
1303 4251 1652 4322 praesentibus
1679 4251 1733 4303 in
1776 4264 1978 4305 memo-

391 4356 523 4411 riam
565 4357 843 4407 revocaret
862 4363 983 4402 eum
1016 4345 1106 4416 qui
1136 4343 1382 4398 diccbat:
1425 4340 1544 4394 Fiat
1586 4342 1979 4410 ﬁrmamentum.

393 4449 766 4518 Congregentur
781 4455 927 4510 aqua:
942 4440 992 4492 in
1014 4437 1355 4490 collectionem
1376 4450 1546 4487 imam.
1571 4432 1825 4488 Germinet
1848 4443 1981 4488 terra

394 4539 596 4592 herbam
636 4533 780 4604 fani.
813 4530 1045 4585 Educant
1085 4542 1232 4596 aqua:
1278 4525 1479 4595 reptilia
1506 4525 1791 4578 animarum
1815 4526 1984 4579 viven-

393 4634 520 4685 tium
598 4629 752 4704 (Geu.
776 4627 822 4680 Ι.
840 4625 895 4679 6.
916 4625 970 4677 9.
996 4619 1079 4674 ll.
1094 4615 1432 4688 ‘20).Laz1re,
1450 4615 1562 4666 veni
1575 4610 1719 4679 foras
1741 4628 1759 4666 ἔ
1807 4626 1862 4672 et
1884 4617 1984 4672 hoc

394 4722 462 4775 ad
497 4720 753 4788 majorem
800 4723 854 4769 et
893 4713 1183 4767 ﬁrmiorem
1211 4709 1646 4763 concurrentium
1674 4707 1831 4763 ﬁdem
1866 4751 1882 4776 ,
1925 4719 1984 4764 ut

397 4811 610 4866 habitus
636 4817 690 4862 et
710 4806 887 4860 fascia:
916 4811 1144 4856 mortem
1173 4798 1586 4854 testiﬁcarentur
1610 4840 1623 4861 ,
1656 4808 1812 4868 atque
1851 4801 1985 4854 obe-

398 4902 599 4960 dientia
625 4901 742 4955 sine
765 4911 933 4960 mora,
968 4903 1248 4964 metusque
1277 4908 1306 4947 a
1334 4892 1481 4946 nullo
1506 4891 1772 4946 cohibitus
1802 4893 1983 4948 Domi-

398 4997 573 5052 nicam
603 4989 972 5048 auctoritatem
1000 4985 1369 5057 prazdicarent.
1417 4982 1612 5037 Lazare
1639 5026 1651 5044 .
1676 4985 1787 5037 veni
1816 4989 1986 5055 foras:

397 5101 452 5147 et
475 5087 682 5144 solutus
702 5082 1024 5151 erigebatur,
1054 5090 1108 5134 et
1141 5077 1386 5148 pntridus
1413 5078 1678 5132 sentiebat
1702 5121 1716 5144 ,
1748 5089 1987 5134 mortuus

317 5233 326 5242 κ
398 5179 683 5236 obediebat
710 5219 725 5244 ,
759 5175 969 5229 vinctus
995 5171 1244 5228 currebat
1267 5211 1283 5236 ,
1314 5169 1404 5238 qui
1426 5167 1724 5224 deﬂebatur
1739 5171 1983 5228 saltabat.

398 5275 508 5328 Cur
535 5273 772 5326 clamore
812 5281 953 5322 nunc
987 5265 1156 5320 utitur
1179 5259 1473 5316 Servatur?
1495 5259 1570 5314 ait
1595 5263 1790 5331 quippe
1818 5277 1987 5318 evan-

401 5365 588 5436 gelista
617 5377 633 5417 :
665 5359 790 5414 ιιωε
818 5375 933 5412 cum
963 5357 1195 5419 dixisset,
1228 5368 1344 5405 voce
1362 5367 1548 5422 magna
1575 5353 1812 5408 clamavit
1835 5397 1849 5421 ,
1881 5352 1989 5408 ια-

404 5476 538 5526 zare,
563 5459 672 5513 veni
705 5460 843 5528 foras
873 5453 1068 5525 (Joan.
1102 5450 1187 5504 lt.
1221 5445 1348 5517 45).
1385 5445 1544 5501 Forte
1576 5461 1669 5516 per
1697 5449 1987 5504 clamorem

405 5555 634 5608 futuram
666 5549 1118 5606 resurrectionem
1166 5540 1557 5597 subindicavitz-
1582 5556 1704 5595 nam
1737 5540 1878 5596 Tuba
1906 5559 1992 5596 ca-

413 5658 515 5711 net,
545 5645 733 5714 inquit,
766 5653 810 5697 et
832 5641 1016 5696 mortui
1046 5644 1308 5706 resurgant
1338 5634 1426 5706 (l.
1449 5633 1567 5688 Cor.
1600 5635 1686 5689 15.
1716 5635 1828 5708 52).
1860 5635 1991 5691 Cum

406 5737 572 5791 multa
612 5734 742 5789 mihi
773 5734 841 5788 de
864 5732 966 5786 hoc
995 5735 1308 5799 argumento
1338 5724 1558 5781 dicenda
1585 5735 1904 5796 suppetant,
1927 5729 1993 5782 ad

410 5827 552 5883 aliud
567 5824 864 5896 pertrahor,
878 5833 929 5878 et
942 5840 969 5876 a
986 5820 1291 5884 sepulcroin
1305 5817 1606 5886 sepulcrum
1620 5818 1799 5873 venire
1812 5834 1993 5890 cogor.

487 5918 736 5981 Loquitur
778 5917 840 5970 de
885 5915 990 5971 SS,
1033 5909 1356 5978 Martyribus
1388 5909 1670 5979 Donmina,
1704 5906 1912 5965 Bernire
1949 5925 1995 5966 et

1133 429 1185 485 S.
1229 424 1502 484 .lOANNlS
1538 419 2012 479 CIIRYSOSTOMI
2055 419 2366 477 ARCIIIEP.
2409 417 2933 476 CONSTANTINOP.
3559 426 3662 481 σενι

2063 556 2337 613 Prosdocc.
2367 589 2439 599 —
2463 559 2832 631 Opportunum
2859 572 2940 618 est
2966 555 3149 620 Lazari
3197 569 3504 638 sepulcrum
3533 588 3656 625 cum

2061 649 2178 702 aliis
2219 651 2476 718 sepulcris
2506 662 2872 721 comparatum
2907 670 2921 717 ;
2955 671 3127 724 neque
3170 658 3526 728 inepportnna
3551 704 3566 727 ,
3600 676 3656 718 ut

2061 737 2293 806 videtur,
2320 749 2404 794 est
2426 755 2571 794 mors
2594 742 2875 797 mulierum
2903 744 2968 798 ad
2992 745 3163 814 ipsum
3189 750 3489 818 sepulcrum
3519 755 3660 808 cele-

2063 831 2233 886 brata.
2264 834 2374 890 Illic
2401 836 2726 904 sepulcrum,
2759 847 2813 892 et
2842 838 2926 893 hic
2952 856 3162 910 quoque
3190 844 3534 912 sepulcrum;
3564 848 3657 902 sed

2064 923 2252 979 Lazari
2279 926 2579 995 sepulcrum
2600 937 2842 998 apertum
2867 931 3060 986 Christi
3086 933 3374 1002 potentiam
3394 936 3656 1005 declarat,

2065 1015 2347 1070 mulierum
2377 1032 2502 1070 vero
2523 1019 2827 1088 sepulcrum
2858 1021 3095 1076 clausum
3122 1032 3176 1078 et
3203 1034 3378 1080 tamen
3401 1041 3658 1096 Operans,

2064 1105 2262 1160 Christi
2293 1108 2516 1176 gratiam
2563 1109 2817 1179 prmdicat
2848 1129 2861 1166 :
2896 1113 3004 1167 illic
3035 1124 3274 1170 mortuus
3305 1133 3466 1186 supra
3503 1129 3664 1174 natu-

2067 1213 2182 1252 ram
2210 1214 2278 1253 ex
2306 1200 2554 1270 sepulcro
2583 1203 2768 1270 currit,
2800 1203 2886 1259 hic
2915 1206 3169 1261 mulieres
3197 1217 3390 1277 prmter
3415 1221 3662 1268 naturam

2068 1289 2135 1344 ad
2161 1292 2404 1361 sepulcra
2431 1303 2714 1348 accurrunt
2744 1311 2758 1348 :
2790 1294 2897 1349 illic
2925 1295 3119 1352 divina:
3147 1301 3396 1368 potentiae
3425 1303 3664 1372 signum,

2069 1379 2158 1436 hic
2199 1384 2443 1452 generosi
2492 1385 2656 1439 animi
2706 1396 3076 1455 argumentum
3115 1407 3128 1441 :
3163 1390 3270 1444 illic
3315 1391 3555 1448 Lazarus
3599 1411 3666 1449 ex

2070 1476 2238 1544 portis
2273 1476 2461 1530 mortis
2501 1477 2806 1547 egreditur,
2841 1478 2928 1533 hie
2957 1479 3249 1536 femineum
3279 1498 3449 1552 genus
3481 1497 3669 1555 portas

2070 1567 2261 1621 mortis
2285 1568 2540 1623 audacter
2567 1570 2678 1624 adit
2707 1587 2719 1622 :
2751 1571 2860 1626 illic
2889 1582 3011 1642 post
3047 1583 3272 1628 mortem
3305 1578 3632 1632 resurrectio
3651 1619 3667 1643 ,

2071 1657 2157 1714 hie
2184 1659 2290 1714 vita
2321 1677 2334 1712 :
2366 1660 2474 1716 illic
2499 1677 2642 1716 mors
2665 1664 2924 1718 violenter
2953 1665 3217 1733 praedatur
3236 1706 3252 1733 ,
3281 1669 3367 1722 hic
3392 1685 3539 1723 mors
3570 1686 3669 1740 pa-

2071 1752 2177 1806 lam
2200 1753 2437 1807 calcatur
2463 1771 2474 1806 :
2509 1755 2657 1809 illum
2681 1772 2828 1811 mors
2850 1766 3034 1812 mutuo
3063 1767 3340 1828 acceptum
3368 1762 3490 1816 vita:
3515 1762 3668 1816 festi«

2073 1852 2266 1899 nanter
2286 1845 2559 1912 restituit;
2593 1847 2701 1901 imo
2733 1849 2908 1917 potius
2927 1891 2940 1912 ,
2970 1850 3302 1920 Acceperunt,
3334 1853 3525 1925 inquit,
3553 1874 3670 1910 mtt—

2073 1937 2218 1990 lieres
2246 1937 2308 1991 de
2331 1941 2693 1993 resurrectione
2719 1951 2941 1996 mortuos
2966 1960 3083 1997 suos
3117 1943 3297 2016 (Hebr.
3329 1948 3415 2002 Η.
3448 1948 3565 2021 35),
3600 1952 3672 2005 ita

2067 2026 2290 2098 jubente
2318 2028 2427 2083 Deo
2453 2047 2466 2096 ;
2510 2031 2590 2084 ha:
2619 2047 2749 2087 vero
2774 2047 2839 2086 ex
2884 2043 3228 2104 temporanea
3271 2038 3374 2092 vita
3400 2040 3471 2094 ad
3504 2045 3670 2096 vitam

2073 2130 2386 2189 perpetuam
2420 2123 2803 2189 transilierunt,
2840 2137 3010 2182 mater
3037 2136 3091 2182 et
3115 2130 3265 2196 ﬁliae,
3296 2148 3416 2201 qua:
3449 2149 3548 2188 nos
3577 2135 3677 2189 lto-

2073 2211 2159 2265 die
2182 2225 2637 2283 congregaverunt
2659 2232 2672 2268 :
2698 2228 2872 2272 mater
2892 2219 2996 2288 pia,
3021 2234 3138 2289 qua:
3161 2232 3370 2290 partum
3391 2227 3673 2291 sustinuit,

2074 2315 2127 2360 et
2156 2305 2277 2361 ﬁlize
2307 2317 2490 2377 partus
2517 2322 2766 2380 expertes
2795 2329 2810 2364 :
2843 2323 3012 2368 mater
3029 2331 3149 2385 qure
3174 2318 3532 2387 virginitatem
3559 2322 3675 2376 sol-

2076 2400 2151 2454 vit
2179 2400 2244 2454 ad
2277 2412 2486 2471 partum
2523 2403 2809 2474 virginum,
2843 2417 3014 2462 mater
3041 2425 3160 2478 qua:
3184 2412 3484 2467 castitatem
3513 2431 3680 2484 pepe-

2076 2496 2180 2560 rit,
2212 2505 2384 2550 mater
2413 2513 2532 2566 qua:
2562 2499 2854 2554 secundum
2898 2500 3067 2570 legem
3101 2504 3395 2559 naturalem
3438 2507 3679 2576 virgines

2075 2587 2231 2642 enixa
2253 2596 2354 2643 est.
2385 2587 2483 2654 Qui
2514 2589 2612 2659 piis
2639 2590 2833 2661 ubique
2861 2592 3057 2647 bellum
3087 2595 3246 2649 infert
3276 2607 3558 2667 tyrannus.
3582 2602 3679 2669 qui

2079 2679 2352 2736 barbarica
2383 2683 2528 2736 crede
2571 2685 2622 2738 in
2661 2685 3036 2740 contribulium
3077 2689 3389 2757 sanguinem
3429 2691 3679 2760 gladium

2077 2772 2372 2837 convertit;
2415 2782 2670 2844 tyrannus
2701 2775 2791 2830 ille
2821 2779 2908 2846 qui
2954 2775 3223 2833 Christum
3249 2822 3264 2845 ,
3297 2797 3457 2850 quem
3492 2785 3684 2853 nequit

2079 2862 2280 2924 videre,
2319 2866 2691 2934 persequitur;
2726 2876 2978 2937 tyrannus
3012 2872 3097 2938 qni
3129 2886 3222 2939 per
3245 2872 3385 2926 ovile
3412 2889 3472 2927 se
3500 2889 3689 2943 pasto-

2080 2969 2191 3009 rem
2225 2955 2398 3024 ipstnn
2441 2955 2739 3026 depraedari
2784 2973 2940 3027 posse
2983 2960 3245 3028 conﬁdit;
3289 2972 3548 3034 tyrannus
3584 2969 3678 3036 qui

2077 3057 2264 3103 contra
2291 3048 2480 3102 ca'lum
2509 3049 2733 3118 jaculari
2766 3059 2953 3120 teutat,
2983 3053 3070 3123 qui
3097 3053 3318 3111 dilatato
3343 3055 3546 3112 Christi
3581 3076 3674 3114 re-

2077 3154 2184 3208 gno
2224 3140 2424 3195 invidet
2461 3159 2474 3195 :
2506 3150 2762 3212 tyrannus
2791 3153 2907 3198 erat
2952 3145 2996 3199 is
3041 3146 3128 3215 qui
3174 3149 3599 3218 persequebatur
3628 3161 3684 3206 et

2079 3230 2278 3286 caelebs
2300 3272 2315 3294 ,
2340 3232 2627 3288 inaccessae
2662 3249 2790 3290 vero
2815 3235 3052 3306 virgines
3075 3279 3090 3301 ,
3121 3254 3239 3308 quae
3272 3241 3680 3297 concertabant.

2080 3323 2326 3379 Pecunia:
2352 3325 2760 3395 diripiebantur,
2790 3329 2960 3398 patria
2988 3330 3386 3400 relinquebatur
3416 3350 3428 3385 :
3457 3349 3551 3388 cas
3583 3350 3686 3404 pu-

2082 3415 2276 3470 dicitia:
2306 3425 2360 3470 ct
2397 3417 2674 3473 modestiae
2700 3429 2942 3474 amantes
2973 3419 3251 3476 trahebant
3279 3423 3472 3478 milites
3496 3466 3511 3491 ,
3556 3441 3685 3479 mu-

2085 3527 2262 3566 rorum
2308 3512 2593 3568 clfossores
2613 3555 2628 3581 ,
2674 3516 2761 3586 qui
2789 3515 3324 3572 Nabuchodonosoris
3355 3519 3645 3586 imaginem
3667 3561 3686 3586 ,

2084 3605 2376 3659 secundum
2427 3607 2753 3677 intelligendi
2797 3609 3097 3676 rationem,
3143 3611 3368 3665 adorare
3415 3611 3690 3680 cogebant

2085 3695 2262 3765 (Dan.
2294 3696 2386 3767 3).
2419 3699 2522 3753 Sed
2551 3699 2692 3769 quod
2735 3699 3055 3772 Babylonica
3097 3699 3285 3756 fornax
3315 3718 3435 3772 erga
3469 3713 3688 3774 marty-

2083 3802 2202 3841 rum
2227 3788 2367 3842 illam
2397 3788 2619 3845 triadcm
2645 3790 2840 3857 el'fecit,
2875 3792 2958 3846 hic
2983 3808 3194 3863 quoque
3219 3795 3457 3864 corporis
3481 3804 3532 3850 et
3557 3797 3688 3850 ani-

2081 3893 2187 3932 ma:
2217 3879 2425 3933 vincula
2457 3881 2697 3948 solvens,
2731 3864 2936 3936 animas
2963 3883 3160 3938 liberas
3185 3895 3244 3939 ut
3270 3885 3334 3939 ad
3362 3885 3549 3939 caelum
3590 3903 3691 3940 vo-

2084 3971 2256 4026 larent
2281 3971 2499 4027 dimisit.
2533 3973 2665 4028 Rem
2705 3975 2940 4046 suscepit
2965 3991 3186 4045 serpens
3228 3976 3316 4032 ille
3340 4018 3354 4041 ,
3391 3977 3474 4046 qui
3509 3975 3690 4033 Evam

2087 4062 2138 4116 in
2167 4062 2410 4133 paradiso
2433 4073 2786 4136 persequutus
2808 4075 2908 4133 est,
2935 4068 3020 4136 qui
3050 4068 3320 4136 simplices
3341 4068 3695 4125 innocentes-

2086 4172 2188 4226 que
2211 4171 2388 4211 mores
2416 4158 2768 4214 circumvenit
2798 4177 2812 4214 :
2846 4159 2930 4214 hic
2958 4176 3079 4216 cum
3111 4159 3326 4215 ﬂuvium
3353 4170 3602 4215 cerneret
3632 4165 3690 4217 in

2089 4247 2286 4303 lavacri
2334 4248 2590 4318 piscinam
2633 4266 2866 4317 versum,
2915 4259 2969 4306 et
3006 4251 3217 4306 alveum
3259 4251 3437 4306 divino
3477 4252 3695 4320 Spiritu

2091 4338 2384 4410 perfusum,
2417 4356 2586 4412 usque
2611 4342 2676 4396 ad
2708 4343 2877 4412 ipsum
2909 4343 3124 4398 ﬂuvium
3151 4342 3334 4397 beatas
3361 4343 3474 4398 illas
3497 4357 3696 4414 perse-

2089 4445 2284 4506 quutus
2305 4476 2319 4501 ,
2351 4436 2417 4491 ab
2446 4436 2598 4506 aquis
2626 4435 2729 4490 illis
2769 4452 2890 4490 cum
2927 4437 3050 4506 igne
3090 4436 3350 4506 spirituali
3375 4438 3696 4494 commixtis

2090 4533 2336 4604 repulsus
2376 4541 2490 4596 est;
2536 4539 2697 4600 atque
2740 4530 2931 4584 fastum
2969 4547 3123 4585 suum
3153 4532 3330 4585 animo
3358 4531 3651 4586 revolvens
3679 4577 3696 4600 ,

2091 4637 2334 4682 veterum
2363 4624 2725 4679 machinarum
2755 4637 2968 4677 suarum
2998 4639 3180 4678 casum
3202 4623 3510 4694 deplorabat
3540 4641 3554 4676 :
3592 4627 3699 4682 fal-

2091 4719 2242 4774 laciis
2263 4727 2594 4791 opportunas
2624 4716 3100 4789 formidolosasqne
3122 4719 3250 4773 olim
3281 4720 3544 4785 mulieres,
3570 4720 3697 4789 jam

2093 4814 2347 4868 audacter
2366 4821 2553 4867 contra
2579 4821 2805 4867 mortem
2837 4811 3172 4867 decertantes
3199 4813 3465 4877 cernebat,
3496 4823 3546 4866 et
3575 4815 3702 4868 cal-

2093 4918 2340 4970 caneum,
2371 4918 2528 4973 quem
2559 4902 2904 4972 supplantare
2925 4903 3134 4958 volebat
3155 4945 3171 4970 ,
3198 4919 3227 4958 a
3251 4912 3388 4958 terra
3415 4903 3464 4959 in
3490 4904 3697 4959 caelum

2096 4995 2416 5052 insilientem
2444 4995 2677 5050 videbat.
2701 4993 2896 5050 Verum
2929 5006 3204 5066 postquam
3239 5007 3437 5066 tropaea
3463 5007 3704 5067 gestari-

2096 5087 2225 5141 tium
2258 5087 2537 5141 mulierum
2578 5086 2765 5140 laudes
2807 5095 2888 5140 sat
2929 5088 3236 5156 proscquuti
3277 5103 3492 5154 sumus,
3523 5099 3700 5160 atque

2097 5188 2412 5249 argumento
2439 5179 2587 5233 utilia
2617 5177 2843 5233 subinde
2871 5179 3250 5234 admiscuimus
3269 5221 3284 5247 ,
3319 5190 3576 5251 vetusque
3607 5199 3700 5239 se-

2096 5271 2339 5341 pulcrum
2380 5285 2522 5324 novo
2559 5269 2805 5339 sepulcro
2843 5271 3255 5335 cxornavimus,
3299 5280 3458 5341 atque
3497 5271 3699 5328 miram

2098 5361 2543 5417 resurrectionem
2569 5377 2688 5416 cum
2722 5372 3070 5431 permanente
3094 5374 3263 5418 morte
3286 5364 3577 5433 junximns,
3609 5368 3699 5421 vi-

2099 5454 2172 5508 ris
2193 5468 2325 5508 vero
2347 5461 2506 5522 atque
2535 5453 2848 5508 mulieribus
2871 5454 3112 5525 exempla
3144 5453 3209 5509 ad
3237 5456 3484 5510 virtutem
3506 5465 3559 5512 et
3581 5460 3704 5527 pic-

2103 5554 2262 5601 tatem
2293 5546 2668 5616 proposuimus
2691 5587 2704 5610 ,
2747 5557 3024 5615 postquam
3069 5547 3334 5602 celebrem
3365 5549 3566 5602 obitum
3597 5593 3613 5613 ,
3643 5562 3704 5604 et

2101 5639 2454 5694 desideratam
2483 5638 2930 5693 resurrectionem
2962 5627 3318 5706 ostendimus,
3347 5641 3543 5710 gratias
3569 5656 3704 5711 aga-

2104 5746 2220 5785 mus
2242 5730 2477 5794 Christo,
2502 5731 2590 5800 qui
2615 5740 2931 5800 potestntem
2961 5729 3118 5785 habet
3144 5735 3265 5784 vita:
3290 5742 3342 5785 et
3366 5734 3587 5787 mortis:
3612 5735 3704 5786 cui

2103 5823 2272 5894 gloria
2299 5833 2353 5878 et
2380 5824 2682 5892 imperium,
2711 5839 2815 5877 una
2840 5839 2960 5878 cum
2987 5823 3140 5876 Patre
3168 5840 3220 5876 et
3245 5834 3433 5880 sancto
3462 5823 3704 5881 vivifica-

2108 5923 2222 5985 que
2237 5912 2456 5983 Spiritu,
2482 5916 2532 5970 in
2558 5915 2749 5969 streula
2778 5914 3114 5969 saeculorum.
3147 5916 3334 5970 Amen.
