3844 6280
222 340 338 396 613

218 454 437 523 πότητι,
473 449 784 505 ἀνατιθέναι
810 450 864 503 δέ
912 448 978 503 τὰ
1024 448 1325 519 ὑψηλότερα
1348 450 1412 519 τῇ
1446 448 1679 518 θεότητι,
1711 446 1802 500 καὶ

216 535 319 590 διὰ.
343 535 444 604 τῆς
488 533 674 587 ἀνίσου
712 533 912 602 ταύτης
945 531 1054 586 τῶν
1084 530 1260 602 ἔργων
1293 532 1542 603 κράσεως
1573 532 1671 603 τὴν
1714 530 1805 584 ἄν-

222 634 338 671 ισον
362 615 473 669 τῶν
495 614 709 684 φύσεων
725 614 916 668 ἕνωσιν
938 614 1275 686 ἑρμηνεύων,
1293 614 1388 668 κα)⁸
1409 614 1497 668 διὰ
1522 615 1623 683 τῆς
1653 612 1797 667 κατὰ

219 700 330 753 τῶν
360 697 550 754 παθῶν
580 697 831 764 ἐξουσίας
858 696 1159 768 δηλοποιῶν
1186 696 1293 750 τῶν
1319 695 1505 749 παθῶν
1524 697 1586 749 τὸ
1612 696 1802 750 αὐθαί-

221 800 399 858 ρετον,
440 780 741 850 ἐχαλίνωσα
773 780 872 851 τὴν
918 780 1079 850 φύσιν
1116 780 1191 843 ὡς
1219 779 1370 843 Θεὸς,
1405 779 1498 832 ἐπὶ
1536 779 1803 850 τεσσαρά-

221 882 384 919 κοντα
416 864 632 936 ἡμέρας
684 863 1017 933 παρατείνας
1041 864 1141 935 τὴν
1169 863 1405 926 ἀσιτίαν,
1440 861 1707 917 ἐπείνασα
1743 863 1801 916 δὲ

223 948 368 1017 μετά
396 946 587 1010 ταῦτα,
623 946 719 1000 καὶ
747 944 1035 1016 ἐκοπώθην
1071 945 1146 1008 ὼς
1190 945 1504 1016 ἄνθρωπος·
1555 945 1673 999 ἀλλ’
1721 945 1800 1011 ὡς

218 1033 355 1095 Θεὸς
411 1031 681 1085 θάλατταν
728 1030 1007 1083 λυττῶσαν
1058 1028 1360 1099 ἐκοίμησα·
1391 1029 1690 1101 ἐπειράθην
1724 1031 1801 1095 ὡς

218 1115 509 1187 ἄνθρωπος
549 1113 654 1167 ὑπὸ
705 1111 800 1165 τοῦ
834 1112 1101 1176 διαϐόλου,
1157 1111 1271 1164 ἀλλ’
1311 1110 1387 1175 ὡς
1433 1111 1565 1175 Θεὸς
1610 1113 1800 1167 ἐπιτάο

219 1214 399 1268 γματι
434 1197 699 1267 δαίμονας
740 1195 1018 1264 ἀπήλασα·
1053 1195 1230 1265 μέλλω
1262 1195 1493 1264 πάσχειν
1523 1195 1664 1267 ὑπὲρ
1709 1197 1802 1250 ἀν-

218 1280 459 1351 θρώπων
487 1280 562 1344 ὡς
595 1278 898 1350 ἄνθρωπος,
930 1277 1044 1330 ἀλλ’
1072 1278 1159 1330 ἵνα
1200 1277 1275 1348 μὴ
1300 1277 1580 1342 ἀσθενείας
1597 1279 1798 1333 ὑπολά-

219 1364 355 1434 ϐητε
389 1364 449 1417 τὸ
469 1362 771 1433 γινόμενον,
802 1361 907 1432 πρὸ
928 1360 1022 1414 τοῦ
1063 1360 1292 1414 θάνατον
1324 1360 1568 1415 ἐπελθεῖν
1596 1363 1798 1418 ἀνακαο

215 1446 418 1518 λοῦμαι
448 1447 538 1499 τὸν
586 1445 690 1498 ὑπὸ
729 1434 823 1498 τοῦ
874 1442 1106 1497 θανάτου
1146 1442 1537 1515 κρατούμενον,
1564 1445 1659 1498 καὶ
1700 1445 1798 1517 τὴν

215 1530 324 1600 τῆς
351 1529 607 1600 θεότητος
645 1528 927 1598 ἐνέργειαν
983 1527 1361 1599 προμηνύσας,
1407 1528 1528 1581 τότε
1570 1528 1670 1598 τῆς
1699 1529 1798 1582 ἀν-

132 1672 139 1675 _
218 1613 573 1686 ορωπότητος
628 1611 688 1664 τὸ
740 1611 965 1683 ἀρχαῖον
1037 1608 1256 1681 ὄφλημα
1309 1610 1653 1675 καταϐάλλω,
1705 1614 1800 1668 καὶ

215 1696 477 1759 διαλύσας
514 1695 583 1749 τὰ
615 1693 808 1763 δεσμά,
866 1692 987 1745 τότε
1039 1691 1364 1762 δεσμοῦμαι,
1421 1694 1514 1747 καὶ
1561 1694 1646 1748 διὰ
1692 1696 1799 1749 τῶν

217 1780 563 1849 πραγμάτων
606 1778 784 1832 αὑτῶν
811 1773 1203 1848 [ἐπιδείκνυμι]
1261 1776 1345 1830 ὅτι
1396 1776 1642 1842 ἐξουσίαν
1690 1778 1799 1850 ἔχω

217 1863 380 1932 ϐῆναι
400 1861 499 1933 τὴν
525 1860 702 1932 ψυχήν
735 1876 857 1927 μου,
889 1859 984 1912 καὶ
1006 1857 1254 1924 ἐξουσίαν
1290 1858 1397 1929 ἔχω
1427 1860 1587 1914 πάλιν
1613 1860 1799 1918 λαϐεῖν

217 1946 413 2015 αὑτήν.
453 1943 601 2014 Αὕτη
622 1941 719 2003 ςτοῦ
747 1942 1000 2011 Σωτῆρος
1030 1942 1063 2011 ή
1092 1940 1181 1994 διὰ
1207 1941 1314 1995 τῶν
1348 1943 1525 2015 ἔργων
1548 1944 1801 2000 διδασκαο

214 2027 339 2079 λία·
374 2028 422 2079 εί
467 2025 577 2097 γὰρ
626 2025 700 2096 μὴ
734 2023 893 2078 τοῦτο
928 2017 1019 2095 ἦν,
1051 2023 1186 2094 μηδέ
1212 2022 1354 2095 λόγῳ
1383 2026 1490 2079 τινὶ
1535 2026 1631 2098 τὴν
1658 2029 1800 2083 κατά

214 2110 312 2162 τὸν
341 2109 588 2181 Λάζαρον
620 2105 1063 2176 θαυματουργίαν
1121 2108 1457 2182 ἐταμὶιεύετο,
1485 2108 1585 2162 οὑκ
1613 2108 1680 2163 ἀν
1703 2110 1800 2182 δή·

216 2211 325 2247 που
360 2163 828 2264 προαιγγελθείσης
857 2163 1007 2260 αὑτῷ
1040 2188 1182 2244 κατὰ
1503 2192 1605 2263 τῆς
1636 2163 1801 2247 ἀσθέ-

213 2277 370 2340 νείας
394 2274 488 2329 τοῦ
516 2272 765 2345 Λαζάρου
785 2291 798 2304 ·
841 2271 1223 2327 Ἀπέστειλεν
1246 2273 1375 2344 γὰρ,
1411 2276 1594 2345 φησὶν,
1626 2276 1801 2332 ἀδελ-

215 2358 327 2429 φαὶ
355 2355 542 2413 αὐτοῦ
573 2356 723 2425 πρὸς
754 2355 861 2409 τὸν
887 2356 1106 2422 Κύριον
1129 2354 1439 2424 λέγουσαι,
1468 2355 1579 2411 Ἴδε
1611 2357 1684 2412 δν
1705 2377 1800 2429 φι-

212 2433 350 2509 λεῖς
372 2441 638 2496 ἀσθενεῖ·
669 2440 769 2492 οὐκ
802 2438 869 2493 ἀν
900 2436 994 2492 οῦν
1047 2456 1098 2492 τι
1143 2438 1382 2493 τοιοῦτον
1420 2441 1659 2507 ἀκούσας
1708 2446 1801 2499 ἐπὶ

217 2526 358 2579 πολὺ
403 2523 715 2588 ἀνεϐάλετο,
750 2521 865 2576 ἀλλ’
902 2521 1092 2593 ὥσπερ
1119 2521 1212 2575 ἐπὶ
1256 2523 1351 2576 τοῦ
1403 2524 1817 2598 ἑκατοντάρχου-

212 2609 316 2660 καὶ
342 2608 439 2678 τῆς
463 2604 942 2689 Συροφοινικίσσης
971 2604 1246 2689 ἐποίησεν,
1273 2605 1481 2689 καὶτοῦ
1509 2608 1608 2678 μὲν
1635 2610 1827 2689 ἀπόνπ

214 2706 314 2752 τῖς
340 2690 431 2742 τὸν
459 2689 642 2752 παῖδα,
675 2688 774 2759 τῆς
807 2687 863 2741 δὲ
891 2686 1136 2757 ἀπούσης
1172 2689 1272 2758 τὴν
1312 2688 1584 2763 θυγατέρα
1613 2692 1803 2750 διέσω-

222 2789 348 2826 σεν·
373 2772 544 2835 οῦτως
576 2772 642 2824 ἂν
672 2772 766 2824 καὶ
799 2771 891 2824 ἐπὶ
915 2771 1015 2841 τῆς
1048 2770 1281 2842 Μάρθας
1310 2775 1439 2844 περὶ
1465 2775 1695 2846 ἀδελφοῦ
1715 2778 1803 2850 δη-

219 2855 423 2927 λούσης
451 2853 598 2927 [648]
622 2853 696 2916 ὼς
716 2853 932 2906 ἀσθενεῖ
957 2854 1281 2924 πεποίηκεν.
1318 2856 1433 2909 Νῦν
1454 2858 1512 2912 δέ
1545 2859 1800 2932 ἐξεπίτη-

217 2942 313 3003 δες
347 2938 602 3009 ἀναμένει
629 2937 719 2990 τὸν
745 2936 990 3003 θάνατον,
1039 2938 1131 2990 καὶ
1177 2937 1501 3011 ἐνδιατρίϐει
1535 2945 1568 3015 ή
1610 2945 1805 3016 παρολ.

216 3024 294 3095 κὴ
314 3035 362 3088 ιι,
394 3023 489 3075 καὶ
539 3020 637 3093 τὴν
690 3021 991 3094 παρουσίαν
1042 3022 1106 3076 ἐκ
1141 3023 1394 3092 προνοίας
1434 3026 1798 3099 ὑπερτίθεται,

216 3109 310 3162 ἶνα
340 3107 438 3177 τὴν
470 3105 609 3159 κατά
638 3105 731 3159 τοῦ
761 3106 987 3159 θανάτου
1017 3106 1172 3178 νίκην
1202 3106 1308 3177 πρὸ
1334 3108 1433 3179 τῆς
1462 3110 1548 3163 τοῦ
1573 3110 1801 3167 θανάτου

218 3190 402 3259 πάλης
445 3187 773 3257 ἐνδείξηται·
802 3189 896 3242 καὶ
927 3192 1073 3259 τρεῖς
1114 3189 1212 3259 μὲν
1263 3190 1477 3263 ἡμέρας
1521 3193 1804 3266 ὑπερτίθε-

216 3290 336 3336 ται,
367 3272 502 3344 πρὸς
543 3271 762 3342 ἔλεγχον
794 3271 896 3342 τῆς
924 3271 1187 3344 ἀκριϐοῦς
1213 3273 1490 3347 τελευτῆς.
1534 3276 1802 3333 Ἰουδαίων

214 3358 279 3411 δέ
308 3356 589 3427 παρόντων
618 3355 824 3424 ἀνοίγει
849 3357 939 3409 τὸν
962 3357 1154 3426 τάφον,
1182 3356 1269 3411 ἴνα
1295 3358 1544 3429 κήρυκας
1564 3361 1658 3414 τοῦ
1676 3363 1805 3417 θαύ-

224 3457 401 3511 ματος
437 3438 738 3510 ἐργάσηται
775 3440 900 3502 τοὺς
931 3438 1252 3505 ἐλαύνοντας
1272 3458 1286 3471 ·
1308 3441 1376 3494 δι’
1405 3442 1572 3514 εὐχῆς
1611 3445 1667 3499 δὲ
1710 3448 1815 3502 καὶ¹

223 3526 332 3594 τῆς
353 3525 445 3576 τοῦ
472 3522 681 3593 Πατρὸς
714 3522 1055 3591 ἐπικλήσεως
1082 3524 1283 3594 ἐγείρει
1311 3524 1404 3578 τὸν
1419 3526 1689 3600 Λάζαρον,
1716 3531 1804 3585 ἵνα

234 3608 311 3677 μὴ
344 3605 469 3677 δόξῃ
501 3606 613 3668 τοῖς
644 3603 738 3658 τοῦ
781 3603 1113 3676 δημιουργοῦ
1153 3607 1564 3664 ἀντιτάττεσθαι
1597 3613 1801 3684 νόμοις.

226 3691 343 3744 Καὶ
397 3689 558 3760 βλέπε
617 3705 705 3759 μοι
735 3688 795 3741 τὸ
832 3688 1162 3761 παράδοξονο
1202 3691 1304 3745 οὑκ
1345 3687 1520 3760 εἶπεν,
1561 3696 1801 3769 Λάζαρε,

216 3771 516 3857 ἀνάζησον,
564 3771 701 3857 ἀλλά
742 3771 843 3857 τίὶ
855 3771 1097 3841 Λάζαρε,
1129 3771 1306 3843 δεῦρο
1345 3775 1586 3842 ἔξω,ῖνα
1619 3779 1804 3857 διδάξῃ

214 3858 352 3919 τοῦς
372 3855 645 3926 παρόντας
674 3855 750 3917 ὡς
788 3847 940 3919 οὗτος
969 3858 1174 3921 ἐκεῖνος
1199 3858 1227 3909 0
1261 3859 1441 3913 καλῶν
1476 3863 1542 3916 τά
1572 3865 1648 3936 μὴ
1674 3847 1804 3922 δντᾶ

214 3942 298 4003 ὡς
321 3939 469 4002 ὄντα,
499 3938 587 3992 ἵνα
616 3937 767 4008 δείξῃ
799 3941 911 4001 τοῖς
954 3938 1221 4011 παροῦσιν
1252 3941 1328 4003 ὡς
1351 3938 1505 4009 οὗτος
1545 3947 1752 4014 ἐκεῖνος
1774 3951 1804 4004 0

217 4022 593 4106 Θεὸςζώντων
624 4021 721 4106 καὶ
748 4022 807 4106 οὑ
841 4023 1071 4106 νεκρῶν,
1107 4023 1193 4077 ἵνα
1222 4024 1280 4077 ἐν
1316 4029 1494 4098 καιρῷ
1536 4031 1597 4084 τὸ
1626 4032 1803 4106 ἀπαρ-

224 4124 249 4158 ε
262 4104 575 4174 μπόδιστονη
616 4104 709 4158 τοῦ
766 4104 912 4158 θείου
970 4108 1391 4178 προστάγματος
1445 4104 1799 4186 ἐπιδείξηται,

218 4189 321 4269 καὶ
345 4187 629 4269 ἀναμνήσῃ
644 4188 771 4251 τοὺς
794 4188 1162 4256 περιεστῶτας
1182 4190 1277 4243 τοῦ
1306 4191 1556 4261 λέγοντος
1576 4213 1589 4226 ·
1616 4198 1805 4269 Γενη-

215 4268 382 4335 θήτω
415 4268 715 4339 στερέωμα
732 4287 746 4300 ’
774 4270 1136 4338 Συναχθήτω
1186 4272 1259 4326 τὰ
1307 4273 1493 4329 ὕδατα
1524 4280 1610 4344 εἰς
1663 4298 1806 4335 συν-

212 4351 463 4424 αγωγὴν
477 4354 1083 4422 μίαννΒλαο-τησάτω
1105 4356 1143 4424 ἡ
1160 4354 1235 4426 γῆ
1263 4357 1536 4431 βοτάνην
1561 4365 1801 4433 χόρτου.

234 4434 600 4504 Ἐξιιγαγέτω
623 4436 696 4489 τὰ
724 4435 913 4490 ὕδατα
943 4436 1160 4505 ἑρπετὰ
1183 4438 1400 4508 ψυχῶν
1421 4432 1621 4502 ζωσῶν
1636 4432 1655 4477 θ’
1688 4450 1804 4505 Ad-

215 4518 379 4586 ζαρε,
404 4516 579 4586 δεῦρο
607 4516 724 4582 ἔξω
742 4534 756 4548 ο
793 4518 886 4572 καὶ
914 4520 1070 4573 τοῦτο
1096 4522 1231 4593 πρὸς
1255 4522 1425 4593 μείζω
1462 4527 1557 4581 καὶ
1588 4528 1801 4598 βεϐαιου

212 4601 389 4684 τέραν
410 4599 587 4684 πίστιν
614 4599 723 4652 τῶν
748 4601 1187 4673 συνδραμόντων,
1218 4605 1305 4658 ἵνα
1333 4607 1365 4677 ή
1398 4606 1496 4677 μὲν
1524 4611 1682 4684 στολὴ
1709 4616 1802 4673 καὶ

214 4685 291 4738 τὰ
322 4682 495 4752 δεσμά
515 4685 581 4753 τῇ
604 4685 884 4755 νεκρότητι
920 4688 1267 4763 μαρτυρήσῃο
1304 4690 1336 4760 ή
1369 4689 1425 4743 δὲ
1441 4682 1802 4765 ἀνυπέρθετος

217 4767 464 4851 ὑπακοή,
496 4767 590 4820 καὶ
638 4766 1086 4851 όῌάνεμπόδιστος
1127 4769 1290 4839 φόϐος
1335 4773 1435 4843 τὴν
1478 4773 1802 4851 δεσποτικὴν

212 4850 508 4905 αὐθεντίαν
539 4848 767 4922 κηρύξῃ.
802 4848 1043 4921 Λάζαρε,
1073 4850 1248 4921 δεῦρο
1278 4854 1423 4922 ἔξω)
1465 4860 1557 4913 καὶ
1577 4862 1605 4914 0
1624 4848 1801 4918 διαλε-

214 4934 451 5005 λυμένος
513 4933 777 5005 ὠρθοῦτο,
821 4934 916 4987 καὶ
952 4937 981 4989 ὁ
1029 4936 1282 5008 σεσηπὼς
1321 4941 1676 5011 ᾐσθάνετο-,ὀ
1714 4966 1801 5001 νε-

218 5017 362 5102 κρδς
395 5017 690 5102 ὑπήκουεν,
713 5017 808 5102 καὶ.
910 5017 1192 5102 δεσμώτης
1233 5021 1474 5094 ἔτρεχεν,
1505 5027 1602 5081 καὶ
1623 5031 1650 5083 0
1672 5028 1803 5102 θρη-

216 5099 484 5183 νούμενος
508 5100 756 5183 ἐσκίρτα,
783 5100 882 5153 Διά
903 5101 954 5154 τί
991 5100 1049 5155 δέ
1078 5106 1296 5177 κραυγῇ
1347 5107 1613 5179 κέχρηται
1667 5099 1802 5183 πῷς

214 5184 285 5238 τὸ
316 5182 487 5254 παρὸν
509 5183 539 5234 ό
562 5182 779 5253 Statim;
813 5184 976 5253 φησὶν
995 5185 1104 5257 γὰρ
1125 5187 1153 5238 0
1177 5188 1588 5263 εὑαγγελιστὴς,
1612 5182 1803 5252 Ταῦτα

213 5264 429 5349 εἰπὼν)
458 5264 628 5349 φωνῇ
650 5266 881 5349 μεγάλῃ
932 5268 1320 5340 ἐκραύγασεν,
1360 5273 1603 5345 Λάζαρε,
1627 5277 1803 5349 δεῦρο

216 5348 364 5431 ἔξω.
397 5347 506 5400 Καὶ
529 5347 615 5402 διά
642 5348 742 5420 τῆς
772 5348 900 5421 βοῆς
925 5351 1065 5423 τάχα
1094 5352 1191 5424 τήν
1219 5355 1516 5425 μέλλουσαν
1563 5347 1804 5431 προὺπο-

212 5430 480 5496 τυπώσας
529 5432 858 5486 ἀνάστασιν’
898 5435 1192 5490 Σαλπίσει
1219 5436 1346 5509 γὰρ,
1387 5442 1570 5513 φησὶν,
1611 5430 1713 5501 καί
1748 5450 1803 5501 οι

212 5515 426 5584 νεκροὶ
468 5516 940 5584 ἀναστήσονται.
985 5516 1162 5572 Πολλά
1192 5519 1270 5573 ἔτι
1300 5520 1439 5594 ἔχων
1478 5523 1677 5595 λέγειν,
1708 5530 1802 5584 ἐπὶ

212 5600 325 5683 τὴν
367 5598 1024 5683 προκειμένηνὺπόθεσιν
1053 5601 1303 5673 ἕλκομαι,
1358 5608 1451 5662 καὶ
1488 5609 1596 5664 ἀπὸ
1627 5610 1797 5683 τάφου

392 5681 560 5750 τάφον
588 5700 653 5753 με
682 5681 856 5735 ἐλθεῖν
880 5683 1276 5757 ἀναγκάζομαι.
1487 5684 1495 5695 ’
1711 5681 1733 5689 “’

285 5824 318 5855 ι
341 5819 501 5873 Malim
525 5822 696 5886 legere
718 5828 773 5886 τῇ
798 5824 1027 5889 παρολκῇ.
1065 5824 1195 5877 Enn.

1334 341 1405 397 ῐΝ
1438 334 1983 403 QCATRIDUANUM
2020 336 2371 398 LAZARUM.

3368 346 3473 403 GH

1979 446 2249 521 Εὔκαιρος
2286 450 2342 504 δὲ
2368 451 2476 523 ἀρα
2516 452 2609 505 καὶ
2634 453 2662 504 ὁ
2687 452 2778 506 τοῦ
2822 452 3070 526 Λαζάρου
3096 455 3260 524 τάφος
3286 458 3476 525 τάφυις

1905 529 2213 595 ἐξετασθείς
2230 549 2243 561 °
2277 534 2377 589 οὑκ
2406 536 2652 606 ἄκαιρος,
2679 534 2755 599 ὡς
2776 535 2969 602 ἔοικεν,
2997 537 3092 591 καὶ
3113 538 3143 590 0
3166 537 3272 591 τῶν
3286 556 3479 607 γυναι-

1904 614 2016 669 κῶν
2042 614 2269 681 θάνατος
2302 619 2388 671 ἐπ’
2414 619 2576 672 αὑτὸν
2602 618 2697 671 τὸν
2732 618 2901 687 τάφον
2932 618 3340 692 ἐορταζόμενος.
3375 622 3481 676 Td-

1906 714 2005 766 φος
2037 699 2174 764 ἐκεῖ,
2191 701 2284 754 καὶ
2303 702 2472 771 τάφος
2500 700 2768 756 ἐνταῦθα’
2796 702 2956 755 ἀλλ’ό
2987 702 3083 772 μὲν
3098 703 3194 756 τοῦ
3224 703 3479 773 Λαζάρου

1902 780 2085 865 ⁹τάφος
2104 783 2450 854 ἀνοιγόμενος
2473 785 2569 854 τὴν
2589 784 2684 838 τοῦ
2724 784 2962 856 Χριστοῦ
2989 784 3215 865 δύναμιν
3256 786 3481 856 ἐμφανί-

1903 859 2006 926 ζει,
2030 864 2129 919 όδὲ
2156 865 2265 919 τῶν
2296 866 2570 935 γυναικῶν
2595 867 2764 937 τάφος
2794 859 3177 938 κεκλεισμένος
3211 867 3304 921 καὶ
3330 869 3481 937 ἐνερ-

1902 947 2014 1013 γῶν
2041 948 2139 1018 τὴν
2170 948 2264 1003 τοῦ
2307 950 2559 1021 Σωτῆρος
2605 951 2767 1022 χάριν
2804 949 3062 1021 κηρύττει
3083 968 3096 980 ·
3132 950 3249 1003 ἐκεῖ
3286 950 3478 1020 νεκρὸς

1902 1030 2043 1101 ὑπὲρ
2071 1034 2234 1100 φύσιν
2261 1032 2354 1085 τὸν
2399 1032 2572 1101 τάφον
2609 1032 2911 1103 ἐκτρέχων,
2950 1030 3183 1086 ἐνταῦθα
3223 1034 3478 1100 γυναῖκες

1900 1114 2053 1185 παρὰ
2101 1115 2262 1185 φύσιν
2295 1119 2408 1180 τοῖς
2445 1117 2636 1185 τάφοις
2685 1116 3140 1186 προστρέχουσιν’
3184 1116 3300 1169 ἐκεῖ
3328 1114 3479 1179 θείας

1898 1196 2180 1268 δυνάμεως
2220 1201 2466 1270 σημεῖον,
2510 1199 2744 1253 ἐνταῦθα
2792 1199 3162 1271 προαιρέσεως
3215 1198 3475 1268 γενναίας

1900 1282 2234 1352 τεκμήριονο
2293 1281 2452 1334 ἐκεῖδ
2488 1279 2850 1352 Λάζαρος.....
2873 1281 2971 1344 τὰς
3006 1280 3099 1334 τοῦ
3133 1280 3475 1336 θανάτου.....

1901 1362 2181 1431 εὐθάρσως
2208 1363 2526 1417 ἐπίσταται·
2564 1365 2679 1417 ἐκεῖ
2707 1363 2848 1434 μετά
2868 1363 2958 1415 τὸν
2996 1362 3224 1417 θάνατον
3245 1364 3478 1417 ἀναϐίω-

1902 1461 2006 1508 σις,
2029 1445 2121 1499 καὶ
2156 1444 2390 1499 ἐνταῦθα
2418 1445 2529 1517 ζωή
2550 1447 2714 1500 ’ἐκεῖ
2746 1444 2973 1509 θάνατος
2997 1444 3181 1514 βιαίως
3227 1445 3480 1518 λῃστεύε-

1899 1543 2007 1594 ται,
2035 1528 2271 1581 ἐνταῦθα
2320 1528 2553 1593 θάνατος
2596 1527 2878 1600 προδήλως
2904 1530 3185 1582 πατεῖται⁶
3224 1529 3426 1583 ἐκεῖνον
3449 1530 3480 1582 δ

1901 1611 2128 1675 θάνατος
2156 1609 2403 1675 δανείσας
2444 1610 2523 1682 τῷ
2569 1610 2668 1682 βίῳ
2702 1610 2864 1665 πάλιν
2898 1611 2988 1665 διὰ
3014 1609 3108 1664 τοῦ
3136 1609 3334 1680 τάχους
3388 1611 3489 1665 ἀν-

1904 1694 2093 1749 έλαϐεν
2117 1705 2139 1734 ο
2161 1710 2174 1724 ·
2234 1694 2433 1767 μᾶλλον
2457 1694 2534 1759 δέ,
2576 1696 2761 1766 φησὶν,
2788 1695 3044 1749 Ἕλαϐον
3092 1694 3371 1764 γυναῖκες
3414 1694 3484 1760 ἐξ

1900 1776 2295 1845 ἀναστάσεως
2318 1777 2460 1845 τοὺς
2488 1777 2742 1847 νεκροὺς
2775 1775 2994 1839 αὐτῶν,
3023 1774 3181 1830 τοῦτο
3223 1775 3358 1831 Θεοῦ
3393 1793 3489 1831 κε-

1899 1860 2214 1927 λεύσαντος·
2236 1856 2397 1916 αὗται
2419 1862 2475 1915 δέ
2502 1862 2610 1915 ἀπὸ
2633 1857 2972 1933 προσκαίρου
2996 1860 3144 1931 ζωῆς
3168 1862 3305 1930 πρὸς
3332 1861 3482 1933 ζωήν

1899 1945 2201 2019 ἀπέραντον
2246 1944 2647 2017 μετεπήδησαν,
2690 1947 2875 2017 μήτηρ
2918 1946 3010 1999 καὶ
3058 1944 3376 2017 θυγατέρες,
3421 1947 3477 1999 αἱ

1901 2030 2138 2101 σήμερον
2162 2031 2308 2100 ἡμᾶς
2340 2027 2795 2099 συναθροίσασαι·
2832 2031 3012 2100 μήτηρ
3054 2027 3285 2091 εὐσεϐὴς
3319 2027 3483 2082 ὠδῖνα

1900 2111 2297 2180 ὑπενεγκοῦσα,
2327 2110 2626 2181 θυγατέρες
2655 2109 2859 2164 ὠδίνων
2907 2110 3253 2183 ἀπείραστοι,
3302 2111 3483 2182 μήτηρ

1900 2192 2106 2247 λύσασα
2133 2192 2286 2266 [649]
2324 2192 2621 2261 παρθενίαν
2666 2194 2748 2256 είς
2789 2196 3002 2262 γένεσιν
3048 2192 3348 2264 παρθένων,
3379 2193 3495 2263 μή··

1900 2295 2004 2349 τηρ
2056 2278 2277 2345 ἁγνείας
2327 2276 2588 2339 ὠδίνασα,
2638 2278 2822 2349 μήτηρ
2867 2278 3008 2335 κατά
3052 2277 3277 2347 φυσικὸν
3319 2277 3489 2346 νόμον
3538 2316 3542 2321 .

1903 2359 2206 2431 παρθένους
2252 2359 2582 2429 γεννήσασα.
2616 2359 2674 2411 '0
2720 2358 2997 2431 πανταχοῦ
3041 2361 3155 2423 τοῖς
3201 2357 3480 2411 εὐσεϐέσιν

1902 2443 2316 2516 ἐπιστρατεύων
2361 2444 2643 2514 τύραννος,
2691 2444 2720 2497 0
2760 2442 2867 2496 τῶν
2914 2441 3263 2515 βαρϐαρικῶν
3309 2440 3487 2510 φόνων

1902 2526 2040 2597 πρὸς
2066 2527 2128 2579 τὸ
2178 2524 2441 2595 ἐμφύλιον
2488 2520 2628 2595 αἷμα
2678 2525 3064 2596 μεταστρέφων
3090 2524 3152 2577 τὸ
3182 2523 3356 2592 ξίφος,
3389 2523 3483 2577 τύο

1906 2625 2095 2680 ραννος
2143 2608 2377 2679 Χριστὸν
2428 2607 2668 2662 ἐλαύνων
2700 2608 2793 2661 τὸν
2820 2609 2882 2661 οὑ
2915 2607 3262 2679 βλεπόμενον.
3288 2606 3483 2677 τύραν-

1901 2709 1992 2755 νος
2029 2691 2118 2746 διὰ
2142 2692 2242 2763 τῆς
2276 2690 2512 2762 ποίμνης
2546 2690 2792 2762 οἰόμενος
2839 2691 2930 2745 τὸν
2977 2690 3207 2762 ποιμένα
3240 2690 3484 2762 πορθεῖν,

1900 2774 2163 2848 τύραννος
2204 2776 2285 2839 εἰς
2330 2774 2560 2845 οὐρανὸν
2613 2773 2851 2839 τοξεύειν
2880 2772 3191 2845 ἐπιχειρῶν,
3224 2773 3484 2844 τύραννος

1900 2859 2000 2929 τὴν
2043 2856 2278 2930 Χριστοῦ
2337 2856 2612 2927 βασιλείαν
2665 2856 3077 2929 πλατυνομένην
3123 2854 3439 2926 ζηλοτυπῶν
3464 2871 3479 2886 ’

1902 2941 2163 3011 τύραννος
2188 2936 2255 3012 ἦν
2283 2942 2312 2993 0
2340 2940 2551 2994 διώκων
2595 2940 2735 3011 ἀνὴρ
2770 2939 2864 2994 καὶ⁸
2912 2939 3204 3010 μονόζυξά,
3235 2938 3485 3010 ἀπρόοδοι

1904 3023 2200 3095 θυγατέρες
2223 3023 2280 3076 αἱ
2301 3023 2820 3093 συναγωνιζόμεναι.
2839 3023 3110 3093 Χρήματα
3132 3021 3481 3095 διηρπάζετο,

1905 3103 2105 3173 πατρὶς
2167 3101 2576 3172 ἀπελιμπάνετο
2600 3118 2616 3135 ο
2651 3095 2833 3155 εἷλκον
2878 3100 3096 3163 ἀσεϐεῖς
3151 3101 3480 3171 στρατιῶται

1903 3184 2003 3250 τὰς
2052 3184 2152 3255 τῆς
2202 3184 2557 3256 σωφροσύνης
2595 3200 2656 3237 τε
2687 3183 2781 3239 καὶ
2822 3182 3179 3254 κοσμιότητος
3221 3185 3482 3261 ἐραστὰς,

1904 3266 2224 3341 τοιχωρύχοι
2269 3266 2369 3340 τὴν
2417 3265 2512 3322 τοῦ
2556 3264 2752 3338 νοητοῦ
2797 3260 3265 3337 Ναϐουχοδονόσορ
3301 3260 3483 3322 είκάνα

1907 3353 2231 3424 προσκυνεῖν
2269 3350 2693 3419 ἀναγκάζοντες.
2755 3350 2893 3403 Ἀλλ’
2928 3350 3065 3420 ὅπερ
3102 3353 3135 3422 ή
3172 3352 3484 3409 Βαϐυλωνία

1905 3436 2134 3505 κάμινος
2188 3433 2282 3487 ἐπὶ
2325 3436 2424 3505 τῆς
2453 3432 2559 3489 τῶν
2585 3431 2875 3505 μαρτύρων
2907 3432 3120 3504 τριάδος
3165 3434 3479 3505 ἐργάζεται,

1904 3517 2000 3571 καὶ
2030 3515 2280 3588 σώματός
2305 3533 2363 3569 τε
2395 3516 2489 3569 καὶ
2509 3515 2685 3586 ψυχῆς
2707 3516 2775 3569 τά
2795 3516 2968 3586 δεσμά
2994 3515 3307 3584 διαλύσασα,
3332 3520 3483 3574 ἐλευ-

1905 3600 2069 3672 θέρας
2090 3600 2300 3671 ἀφῆκεν
2325 3600 2406 3662 είς
2434 3598 2663 3677 οὐρανὸν
2689 3597 2952 3652 πέτασθαι
2968 3599 3066 3663 τάς
3092 3599 3290 3672 ψυχάς.
3323 3604 3484 3674 Ὄφις

1905 3685 1962 3737 δὲ
2001 3683 2300 3759 ἀρχόμενος
2333 3684 2361 3736 0
2408 3682 2506 3752 τὴν
2549 3679 2694 3734 Εὕαν
2752 3682 2810 3735 ἐν
2850 3682 3163 3753 παραδείσῳ
3207 3684 3422 3752 διώξας,
3452 3688 3495 3741 ἁ

1906 3769 2013 3830 τοῖς
2046 3756 2236 3830 ἁπλοῖς
2270 3765 2365 3819 καὶ
2397 3765 2625 3829 ἀκάκοις
2678 3764 3036 3836 σοφιστεύσας
3092 3768 3297 3839 ήθεσιν,
3328 3763 3490 3838 οὗτος

1905 3852 1995 3905 τὸν
2030 3849 2270 3924 ποταμὸν
2324 3847 2447 3901 ίδὼν
2477 3846 2677 3918 λύθρου
2737 3847 3123 3919 κολυμϐήθραν
3171 3850 3481 3922 γενόμενον,

1905 3936 2000 3989 καὶ
2031 3934 2160 4003 θείῳ
2211 3929 2493 4005 Πνεύματι
2517 3930 2578 3983 τὸ
2613 3929 2825 4001 ῥεῖθρον
2859 3930 3323 4002 ἀνακιρνώμενον,
3351 3933 3481 4005 ἄχρι

1904 4015 2000 4070 τοῦ
2029 4011 2274 4085 ποταμοῦ
2323 4013 2422 4074 τὰς
2469 4012 2747 4082 μακαρίας
2772 4011 2989 4078 διώξας,
3012 4016 3124 4078 τοῖς
3160 4016 3290 4087 πυρὶ
3330 4035 3487 4071 πνευ.

1909 4096 2122 4170 ματικῷ
2161 4094 2506 4167 κερασθεῖσιν
2554 4093 2740 4147 ὕδασιν
2792 4095 3138 4166 ἀνεκρούετο,
3201 4099 3294 4151 καὶ
3327 4116 3484 4170 περι-

1907 4181 2151 4256 στρέφων
2176 4176 2352 4247 ἐαυτῷ
2377 4176 2438 4230 τὸ
2478 4175 2707 4246 κομψὸν,
2738 4175 2832 4231 τοῦ
2874 4177 3103 4248 ἀρχαίου
3160 4183 3486 4253 μηχανήμαὶ

1903 4284 1993 4329 τος
2021 4263 2119 4335 τὴν
2147 4260 2353 4331 ζημίαν
2378 4259 2618 4331 ἐθρήνει,
2660 4260 2755 4313 καὶ
2798 4260 2897 4323 τὰς
2926 4261 3057 4332 πρὶν
3102 4263 3482 4334 εὐαπατήτους

1904 4366 1964 4402 τε
1992 4346 2087 4402 καὶ
2127 4344 2460 4415 εύπτοήτους
2483 4345 2767 4411 γυναῖκας.
2796 4342 2999 4404 ταύτας
3022 4346 3164 4400 κατά
3196 4346 3289 4401 τοῦ
3319 4349 3486 4403 θανά-

1904 4449 1997 4485 του
2055 4426 2301 4500 σοϐαρῶς
2358 4427 2767 4497 νεανιευομένας
2812 4427 2979 4504 ἐώρα,
3035 4429 3128 4486 καὶ
3168 4429 3234 4500 ἢν
3295 4432 3491 4505 ἐτήρει⁴

1905 4512 2188 4585 -πτερνίσαι
2229 4509 2485 4580 πτέρναν,
2517 4506 2721 4580 ταύτην
2749 4510 2856 4564 ἀπὸ
2882 4511 2983 4581 γῆς
3014 4512 3094 4576 εἰς
3124 4512 3350 4584 οὐρανὸν
3387 4515 3480 4569 ἀλ-

1903 4596 2134 4667 λομένην
2180 4593 2426 4647 ἔϐλεπεν.
2474 4591 2612 4647 Ἀλλ’
2651 4592 2850 4656 ἱκανῶς
2882 4598 2975 4663 καὶ
3005 4598 3124 4659 ταῖς
3164 4586 3493 4671 τρδπαιοφό..

1906 4698 2020 4754 ροις
2069 4676 2625 4751 ἐμπανηγυρίσαντες
2671 4675 2937 4745 γυναιξὶν,
2965 4679 3059 4732 καὶ
3103 4679 3165 4733 τὸ
3213 4683 3480 4754 χρήσιμον

1905 4759 2180 4837 πανταχοῦ
2235 4762 2302 4831 τῇ
2359 4757 2611 4812 ὑποθέσει
2662 4760 3013 4832 κεράσαντες,
3045 4761 3137 4815 καὶ
3166 4763 3336 4833 τάφον
3377 4781 3481 4819 πα-

1901 4845 2051 4900 λαιὸν
2082 4842 2259 4917 νεαρῷ
2280 4842 2436 4913 τάφῳ
2461 4842 2860 4912 κοσμήσαντες,
2897 4845 2988 4897 καὶ
3028 4847 3334 4918 παράλογον
3352 4849 3480 4902 ἀνα-

1904 4931 2093 4984 ϐίωσιν
2123 4923 2435 4998 καρτερικῷ
2463 4924 2676 4996 θανάτῳ
2706 4926 3101 4998 συρράψαντες,
3135 4931 3228 4984 καὶ
3253 4931 3481 5002 ἀνδράσι

1901 5029 1962 5065 τε
2015 5011 2109 5065 καὶ
2157 5009 2403 5078 γυναιξὶν
2440 5006 2812 5078 ὑποδείγματα
2858 5011 2995 5083 πρὸς
3034 5014 3237 5083 ἀρετήν
3273 5031 3332 5066 τε
3385 5015 3479 5068 καὶ

1903 5092 2182 5151 εὐσέϐειαν
2238 5089 2589 5161 ὑποθέμενοι,
2639 5092 2734 5145 καὶ
2789 5092 3018 5153 θάνατον
3090 5095 3333 5165 ἀοίδιμον
3382 5095 3491 5149 καὶι

1902 5175 2198 5233 ἀνάστασιν
2249 5171 2497 5245 ζηλωτὴν
2541 5173 2937 5242 ἐπιδείξαντες,
3000 5175 3489 5246 εὑχαριστήσωμεν.

1906 5258 2049 5327 ζωῆς
2083 5257 2175 5309 καὶ
2206 5255 2439 5310 θανάτου
2463 5254 2708 5323 ἐξουσίαν
2743 5256 2920 5327 ἔχοντι
2948 5256 3198 5327 Χριστῷο
3229 5249 3272 5323 ᾧ
3294 5259 3325 5328 ή
3351 5256 3492 5323 δόξα.

1905 5341 2000 5394 καὶ
2032 5339 2092 5392 τὸ
2128 5338 2327 5408 κράτος
2355 5338 2471 5408 ἅμα
2507 5338 2586 5410 τῷ
2617 5340 2791 5409 Πατρὶ
2825 5341 2922 5394 σὺν
2951 5338 3026 5410 τῷ
3056 5340 3194 5410 ἁγίῳ
3222 5341 3316 5393 καὶ
3344 5338 3478 5404 ζωοο

1905 5420 2043 5493 ποιῷ
2070 5419 2370 5490 Πνεύματι,
2397 5422 2475 5485 εἰς
2500 5423 2624 5486 τοὺς
2654 5421 2855 5485 αίῶνας
2878 5420 2984 5475 τῶν
3012 5421 3244 5478 αἰώνων.
3286 5423 3474 5495 Ἀμήν.

1970 5525 1999 5566 b
2022 5526 2139 5597 Haec
2160 5523 2596 5597 corruptasuntin
2636 5538 2749 5597 m_s.,
2773 5538 2944 5597 νει-ψη
2983 5526 3135 5597 talem_
3161 5539 3363 5597 sensium
3386 5540 3479 5597 ex-

1905 5589 2147 5651 pressigse
2173 5587 2439 5635 verisimile
2464 5593 2561 5647 est,
2586 5587 2784 5651 qualem
2823 5587 3170 5650 interpretatio
3196 5594 3359 5638 nostra
3385 5589 3476 5637 Lai--

1908 5649 2006 5699 tina
2025 5649 2189 5698 etl‘ert.

1969 5714 1991 5739 "
2020 5710 2164 5758 Forte
2188 5709 2427 5756 ἀνέϐαλεν.

1971 5770 2001 5841 οιγ
2020 5772 2105 5841 εἰς·
2124 5769 2339 5841 ms.,_se(i
2361 5770 2463 5839 hare
2485 5783 2573 5841 νοτ
2599 5775 2825 5841 ειιερριδια
2848 5772 3056 5824 videtur.
3115 5774 3221 5825 Mox
3250 5773 3483 5841 ἀπροοὸοι

1906 5832 2191 5887 οιυιιηιύιιω
2215 5830 2408 5881 videtur
2442 5830 2489 5881 in
2515 5832 2789 5899 ἀπρόσοδοι.
