3860 6286
207 344 318 400 (3ὶὸ

1250 345 1334 408 DE
1371 351 1660 414 SANCTIS
1692 353 2148 413 MARTYRlBUS
2187 351 2438 409 SERMO.

3369 358 3478 410 64ζὶ

219 561 2302 590 Μ,
320 555 1864 590 I‘
2335 575 3458 606 mw

207 980 318 1042 ΕΤ
367 979 446 1040 1N
496 977 667 1040 EAM
715 978 950 1040 CUJUS
1001 977 1572 1042 ARGUMENTUM
1615 979 1786 1056 EST,
1819 979 1985 1041 NON
2023 979 2212 1041 ESSE
2242 979 2349 1040 AD
2393 978 2769 1042 GRATIAM
2802 980 3462 1046 CONCIONANDUM.

203 1402 354 1458 ricos
383 1410 698 1458 sanctorum
734 1415 1013 1457 sermones
1043 1417 1152 1458 non
1201 1403 1488 1474 pertineat,
1530 1405 1718 1476 religio
1757 1405 1862 1461 fuit
1897 1423 2016 1463 eam
2050 1421 2080 1460 a
2112 1407 2435 1486 praecedenti
2475 1407 2741 1464 concione
2796 1409 3134 1484 disjungere,
3169 1416 3298 1486 quia
3361 1433 3465 1475 cm-

200 1522 358 1584 ptam
380 1513 446 1570 de
474 1514 694 1587 indigne
726 1516 1262 1575 communicantibus
1300 1519 1641 1591 bypothesim
1675 1535 1738 1577 ea
1768 1536 1934 1592 quam
1981 1521 2218 1578 diximus
2247 1521 2537 1578 occasione
2574 1522 2772 1579 ductus
2813 1523 2899 1580 hic
2939 1529 3308 1597 prosequitur.
3340 1531 3468 1598 Quo

199 1645 352 1685 anno
374 1638 661 1701 utramque
690 1633 940 1689 habuerit
968 1633 1247 1691 bomiliam
1287 1635 1734 1707 Chrysostomus,
1781 1653 1850 1693 ne
1877 1639 2189 1710 conjectura
2226 1640 2445 1710 quidem
2489 1641 2711 1711 assequi
2747 1641 3032 1698 valemus:
3063 1642 3164 1698 hoc
3185 1659 3353 1698 unum
3386 1660 3453 1699 ex

199 1747 443 1802 secunda
473 1747 718 1814 homilia,
747 1751 833 1805 cui
869 1750 1082 1815 titulus,
1117 1750 1242 1808 Non
1277 1769 1387 1808 esse
1415 1753 1484 1807 ad
1514 1746 1742 1824 gratiam
1770 1754 2210 1824 concionandum,
2241 1757 2512 1826 expiscari
2551 1771 2714 1828 posse
2751 1757 3018 1821 videmur,
3056 1773 3249 1831 nempe
3294 1759 3450 1815 habi-

199 1871 314 1916 tam
365 1871 654 1936 utramque
684 1865 856 1923 fuisse
887 1877 1011 1938 post
1062 1867 1355 1926 Homiliam
1403 1871 1471 1926 de
1509 1869 1714 1926 Lazaro
1746 1888 1760 1925 :
1791 1871 1924 1927 dicit
1972 1872 2118 1928 enim
2151 1871 2209 1927 S.
2238 1871 2431 1928 doctor
2457 1889 2610 1928 num.
2642 1875 2676 1928 3
2705 1873 2771 1929 de
2810 1872 3018 1930 Lazaro
3058 1875 3290 1946 loquens
3320 1896 3334 1932 :
3375 1875 3443 1932 Et

195 1979 329 2050 quid
366 1996 495 2050 opus
525 1989 605 2036 est
630 1982 943 2052 parabolam
971 1992 1137 2040 totam
1169 1988 1512 2054 percurrere?
1543 1986 1745 2059 Quippe
1775 1989 1942 2044 nostis
1973 1988 2252 2042 historiam
2275 2003 2500 2054 omnem,
2531 1987 2896 2043 crudelitatem
2923 1989 3124 2054 divitis,
3149 2006 3250 2060 quo
3291 2003 3448 2060 pacto

198 2095 502 2151 mendicum
528 2097 837 2166 participem
865 2113 1058 2154 mensae
1085 2115 1188 2153 non
1211 2099 1430 2168 faceret,
1461 2110 1743 2172 egestatem
1779 2103 1925 2158 illius
1957 2118 2017 2155 ac
2048 2101 2266 2172 famem,
2295 2118 2414 2156 cum
2440 2118 2545 2173 qua
2569 2111 2816 2173 perpetuo
2845 2104 3276 2172 conﬂictabatur.
3312 2105 3446 2171 Quae

193 2224 335 2264 sane
363 2209 614 2264 videntur
645 2220 768 2281 post
787 2226 1068 2267 sermones
1091 2212 1157 2267 de
1195 2210 1405 2267 Lazaro
1428 2213 1592 2281 dicta,
1626 2215 1752 2270 licet
1781 2216 1834 2271 id
1859 2215 2127 2271 afﬁrmare
2157 2230 2268 2272 non
2293 2217 2494 2273 ausim.
2525 2215 2647 2285 Quo
2676 2219 2861 2273 autem
2889 2232 3034 2274 anno
3064 2232 3346 2276 sermones
3378 2222 3446 2278 de

194 2319 412 2376 Lazaro
439 2319 570 2374 dicti
603 2319 828 2390 fuerint,
862 2323 1068 2394 pariter
1107 2323 1400 2393 incertum,
1433 2335 1492 2380 ut
1526 2325 1766 2383 vidimus
1793 2326 1848 2382 in
1879 2326 2087 2384 Monito
2114 2328 2182 2385 ad
2208 2328 2455 2386 eosdem.

271 2454 570 2529 Utriusque
595 2459 1095 2531 interpretationem
1128 2461 1374 2517 Latinam
1411 2463 1582 2520 edidit
1610 2463 1816 2521 Fronto
1848 2463 2098 2521 Ducaeus.

204 3039 340 3084 CUM
386 3034 712 3079 EPISCOPUS
754 3032 1109 3075 MARTYRUM
1152 3031 1312 3074 DIEM
1356 3029 1508 3072 ΒυΒί
1553 3026 1971 3071 CELEBBATUM
2017 3029 2314 3086 ABIISSET,
2363 3032 2635 3076 BABITUS
2681 3035 2796 3078 EST
2832 3037 2893 3079 IN
2941 3039 3106 3082 URBE
3149 3041 3354 3088 δεκΜο
3395 3047 3457 3090 ιη

839 3133 1196 3189 MARTYRES,
1243 3133 1324 3176 ΕΤ
1368 3133 1450 3174 DE
1493 3128 1981 3174 COMPUNCTIONE
2023 3129 2247 3175 CORDIS
2289 3134 2370 3176 ΕΤ
2418 3135 2853 3181 ELEEMOSYNA.

1659 3294 1977 3351 Μ

278 3471 329 3524 l.
372 3467 492 3523 Heri
516 3474 803 3536 martyrum
824 3465 938 3518 dies
969 3463 1085 3529 fuit,
1115 3460 1209 3516 sed
1235 3469 1288 3515 et
1311 3459 1466 3514 hodie
1487 3467 1785 3529 martyrum

200 3561 321 3616 dies
349 3569 472 3613 est—:
502 3567 661 3626 atque
686 3555 888 3611 utinam
919 3567 1129 3622 semper
1156 3551 1297 3607 diem
1324 3558 1614 3622 martyrum
1639 3549 1783 3604 cele-

203 3652 504 3706 braremus.
534 3647 591 3703 Si
620 3646 763 3702 enim
791 3646 900 3712 illi,
926 3645 1014 3714 qui
1043 3644 1230 3698 insano
1256 3642 1580 3697 theatrorum
1599 3655 1784 3696 amore

200 3744 471 3798 ducuntur
489 3781 505 3805 ,
533 3747 589 3794 et
613 3738 880 3793 circenses
911 3737 1064 3791 ludos
1088 3735 1155 3790 ad
1184 3743 1456 3804 stuporem
1487 3747 1653 3803 usque
1676 3732 1781 3786 mi-

203 3843 413 3897 rantur,
436 3819 723 3902 numquam
749 3830 993 3900 turpibus
1018 3826 1458 3898 illisspectaculis
1479 3825 1734 3880 satiantur
1765 3841 1779 3877 :

204 3927 377 3981 multo
401 3923 604 3994 aequius
627 3930 728 3987 est,
758 3930 818 3976 ut
843 3927 1143 3974 sanctorum
1173 3917 1470 3974 festivitatis
1494 3915 1782 3970 celebratio

201 4019 358 4074 nobis
384 4017 682 4071 satietatem
722 4023 777 4070 et
820 4011 1090 4070 fastidium
1127 4010 1414 4079 numquam
1443 4007 1632 4077 pariat.
1671 4006 1782 4061 Illic

202 4122 398 4180 pompa
428 4115 510 4161 est
550 4105 806 4160 diabolica
831 4146 846 4170 ,
876 4103 963 4157 hic
1007 4101 1260 4156 festivitas
1298 4098 1643 4153 Christiana»:
1676 4097 1782 4151 illic

200 4201 470 4255 exsultant
495 4197 766 4252 dcemones
787 4236 801 4258 ,
833 4195 918 4249 hic
943 4191 1117 4261 angeli
1147 4191 1374 4246 choreas
1403 4188 1642 4243 ducunt:
1671 4187 1781 4242 illic

200 4293 503 4347 animarum
542 4288 807 4360 pernicies
827 4330 842 4354 ,
873 4288 958 4341 hic
1001 4286 1144 4340 salus
1171 4298 1354 4337 eorum
1385 4281 1658 4346 omnium,
1691 4279 1780 4350 qui

200 4391 615 4454 congregantur.
647 4384 713 4434 At
753 4379 952 4433 habent
989 4377 1077 4430 illa
1105 4375 1385 4446 quamdam
1411 4373 1781 4442 voluptatem?

199 4477 319 4532 Non
349 4491 477 4531 sane
506 4483 706 4529 tantam
732 4516 747 4540 ,
771 4481 1022 4542 quantam
1049 4471 1169 4525 ista.
1199 4470 1327 4537 Quae
1353 4469 1492 4523 enim
1516 4508 1530 4531 ,
1563 4480 1743 4535 quarso
1761 4507 1776 4532 ,

197 4568 450 4637 voluptas
495 4576 696 4620 temere
742 4573 797 4619 et
839 4577 1051 4632 quoquo
1092 4559 1251 4616 modo
1300 4567 1576 4614 currentes
1616 4571 1781 4624 equos

199 4657 467 4713 eernere?
513 4656 599 4710 hic
627 4669 756 4710 vero
785 4669 892 4708 non
931 4653 1114 4722 jugum
1150 4651 1428 4705 brutorum
1472 4647 1779 4701 animalium

198 4756 413 4818 spectas
438 4790 453 4812 ,
496 4747 589 4801 sed
628 4754 920 4815 martyrum
962 4741 1107 4796 mille
1145 4755 1372 4806 currus,
1402 4746 1458 4794 et
1494 4739 1658 4794 Deum
1689 4737 1778 4806 qui

197 4842 450 4897 curribus
477 4841 592 4894 istis
624 4838 871 4909 praesidet
894 4879 908 4901 ,
935 4845 1095 4907 atque
1133 4835 1184 4889 in
1215 4834 1402 4888 caelum
1432 4834 1532 4887 iter
1557 4832 1683 4901 agit.
1711 4829 1782 4885 Ut

199 4937 348 4990 enim
380 4933 645 5003 intelligas
683 4940 985 4986 sanctorum
1017 4927 1222 4983 animas
1262 4926 1356 4981 Dei
1385 4939 1598 4978 currum
1625 4936 1778 4986 esse,

198 5027 325 5082 audi
357 5023 666 5095 prophetam
691 5023 954 5078 dicentem
988 5039 1001 5074 :
1035 5019 1222 5074 Curras
1250 5015 1343 5070 Dei
1370 5016 1537 5070 decem
1561 5013 1782 5067 millibus

199 5119 490 5188 multiplex,
516 5115 676 5170 millia
689 5113 970 5170 lwtantium
995 5110 1164 5183 (Psal.
1196 5110 1282 5164 67.
1313 5107 1380 5162 18
1399 5108 1438 5176 ).
1467 5105 1618 5172 Quod
1638 5105 1780 5159 enim

196 5209 450 5278 supernis
476 5207 758 5261 virtutibus
780 5205 921 5259 dono
947 5201 1110 5264 dedit,
1145 5203 1243 5254 hoc
1271 5207 1324 5254 et
1363 5204 1565 5251 natura:
1588 5203 1781 5250 nostra:

197 5301 424 5371 largitus
445 5307 547 5354 est.
569 5298 741 5366 Super
757 5295 1041 5350 Cherubim
1069 5292 1238 5357 sedet,
1266 5291 1403 5344 sicut
1430 5288 1505 5347 ait
1525 5287 1779 5356 psalmus,

199 5391 440 5445 Ascendit
471 5405 618 5460 super
645 5387 919 5460 Cherubim}
941 5395 984 5440 et
1012 5383 1192 5438 volavit
1227 5380 1407 5452 (Psal.
1441 5379 1526 5433 l7.
1557 5376 1654 5448 ll)
1686 5395 1699 5432 :
1728 5385 1782 5432 et

197 5498 417 5548 rursus,
451 5457 550 5548 Qui
575 5483 715 5535 sedes
752 5457 1189 5551 super/Cherubin:
1214 5516 1228 5541 ,
1261 5483 1306 5527 et
1344 5472 1552 5526 intueris
1579 5469 1783 5540 abyssos

200 5576 221 5641 (
248 5574 384 5628 Dan.
417 5575 470 5628 5.
501 5571 630 5643 55).
661 5571 771 5626 [loc
808 5571 966 5625 etiam
1007 5567 1160 5622 nobis
1197 5578 1384 5620 rursus
1410 5561 1630 5617 contulit
1657 5578 1670 5614 :
1698 5575 1781 5615 se-

196 5665 289 5720 det
317 5681 478 5736 super
507 5664 659 5727 illos,
689 5663 742 5717 in
787 5661 938 5718 nobis
964 5657 1164 5714 habitat
1206 5673 1218 5709 :
1254 5652 1550 5710 lnhabitabo
1579 5651 1708 5708 enim
1735 5660 1782 5706 et

1877 3457 2198 3511 inmubulabo
2225 3461 2278 3513 in
2319 3460 2453 3514 vobis
2483 3459 2637 3532 (Leu.
2667 3462 2759 3517 26.
2806 3463 2872 3518 12
2897 3474 2941 3517 et
2982 3466 3039 3518 2.
3079 3467 3197 3522 Cor.
3239 3469 3291 3525 6.
3323 3472 3449 3543 16).

1881 3549 1962 3604 illi
1987 3549 2111 3604 facti
2139 3559 2266 3605 sunt
2289 3566 2497 3617 currus,
2531 3567 2630 3608 nos
2660 3556 2912 3623 templum
2942 3556 3146 3613 fiamus.
3184 3560 3343 3618 Vides
3367 3580 3460 3620 co-

1879 3641 2182 3710 gnationem
2209 3642 2472 3698 honoris?
2499 3644 2677 3713 vides,
2709 3661 2813 3716 quo
2841 3657 2994 3716 pacto
3022 3653 3313 3720 pacillcarit
3339 3673 3458 3727 quae

1879 3731 1933 3786 in
1960 3733 2104 3787 caelis
2141 3743 2296 3799 sunt,
2324 3742 2378 3789 et
2415 3750 2533 3804 quae
2571 3737 2622 3790 in
2655 3744 2794 3792 terra
2823 3737 2970 3808 (Col.
3014 3743 3066 3794 l.
3105 3742 3242 3815 20)?
3272 3746 3455 3816 Itaque

1879 3822 2013 3878 nihil
2042 3823 2110 3878 ab
2147 3825 2350 3894 angelis
2387 3825 2679 3882 differimus
2698 3868 2712 3891 ,
2741 3829 2785 3881 si
2823 3829 3067 3884 velimus.
3099 3831 3202 3888 Sed
3231 3837 3371 3904 quod
3401 3839 3454 3896 in

1878 3913 2102 3969 exordio
2135 3916 2399 3970 sermonis
2441 3915 2703 3984 dicebam,
2738 3917 2850 3973 heri
2894 3931 3182 3993 martyrum
3219 3925 3334 3981 dies
3357 3970 3372 3994 ,
3401 3939 3458 3984 et

1880 4003 2037 4059 hodie
2064 4015 2353 4077 martyrum
2379 4005 2524 4070 dies,
2560 4022 2667 4062 non
2693 4023 2873 4063 eorum
2900 4011 2987 4080 qui
3013 4013 3152 4081 apud
3175 4029 3272 4070 nos
3294 4025 3448 4083 sunt,

1880 4098 1973 4153 sed
2011 4114 2199 4156 eorum
2229 4099 2316 4168 qui
2357 4099 2410 4153 in
2446 4099 2571 4153 villa
2603 4117 2617 4154 :
2651 4100 2758 4154 imo
2804 4115 2932 4156 vero
2964 4103 3040 4157 illi
3069 4119 3279 4175 quoque
3315 4110 3453 4178 apud

1879 4208 1978 4247 nos
2006 4201 2151 4246 sunt.
2192 4190 2322 4245 Nam
2362 4191 2413 4244 in
2451 4191 2790 4246 smcularibus
2826 4193 3038 4261 quidem
3077 4197 3302 4266 negotiis
3339 4215 3369 4253 a
3397 4217 3456 4256 se

1880 4285 2105 4340 invicem
2131 4281 2600 4338 dissidentcivitas
2639 4291 2693 4337 et
2730 4282 2889 4346 villa;
2929 4283 2982 4338 in
3026 4283 3091 4340 iis
3133 4297 3307 4342 autem
3333 4306 3452 4359 quae

1879 4376 1945 4430 ad
1986 4376 2296 4446 religionem
2342 4374 2643 4444 pertinent,
2674 4376 3067 4433 communicant
3109 4387 3162 4432 et
3199 4381 3454 4436 uniuntur

1879 4468 2017 4522 inter
2043 4482 2102 4522 se
2141 4466 2388 4520 invicem.
2420 4464 2538 4519 Noli
2577 4466 2720 4520 enim
2762 4465 3040 4522 barbaram
3080 4468 3312 4538 ipsorum
3343 4470 3450 4525 lin-

1877 4574 2035 4628 guam
2085 4566 2344 4628 spectare,
2397 4556 2489 4612 sed
2539 4557 2772 4611 animum
2825 4557 3061 4627 ipsorum
3110 4559 3448 4631 philosonhia

1878 4651 2166 4708 excultum.
2195 4649 2330 4718 Quid
2367 4650 2510 4705 enim
2554 4651 2744 4720 lingua:
2781 4653 3083 4707 communio
3121 4653 3373 4723 prodest,
3402 4655 3450 4710 si

1879 4744 2040 4799 animi
2069 4743 2174 4797 sint
2202 4741 2402 4796 divisi?
2428 4740 2552 4810 quid
2579 4755 2706 4796 vero
2731 4741 3008 4796 diversitas
3037 4743 3229 4814 lingua:
3261 4760 3408 4803 nocet
3432 4793 3447 4813 ,

1879 4835 1922 4888 si
1956 4832 2057 4888 lide
2081 4832 2400 4902 jungamnr?
2429 4831 2538 4886 Hac
2579 4831 2783 4886 ratione
2823 4845 2996 4900 neque
3023 4833 3141 4887 villa
3169 4833 3454 4892 deterioris

1877 4925 2196 4980 conditionis
2222 4939 2378 4993 quam
2407 4922 2591 4977 civitas
2609 4963 2624 4988 ,
2661 4936 2782 4976 cum
2811 4922 2864 4976 in
2889 4937 2955 4977 eo
2976 4962 2992 4990 ,
3021 4924 3162 4994 quod
3191 4924 3455 4980 bonorum

1876 5027 2035 5088 caput
2070 5026 2152 5072 est
2177 5059 2191 5082 ,
2221 5016 2478 5084 mqualem
2518 5014 2776 5069 honorem
2817 5015 3126 5070 sortiantur.
3161 5017 3448 5084 Propterea

1876 5125 2087 5182 quoque
2116 5109 2371 5163 Dominus
2414 5115 2597 5163 noster
2620 5105 2778 5162 Iesus
2813 5104 3057 5161 Christus
3087 5121 3192 5160 non
3222 5105 3275 5159 in
3303 5106 3449 5159 urbi-

1876 5203 1977 5258 bus
2005 5200 2334 5266 versabatur,
2361 5209 2413 5254 et
2439 5198 2589 5253 villas
2613 5212 2808 5255 vacuas
2831 5212 2895 5252 ac
2921 5198 3158 5252 desertas
3183 5197 3452 5266 relinque-

1875 5295 1967 5349 bat
1988 5336 2003 5357 ,
2034 5293 2127 5348 sed
2165 5290 2478 5361 peragrabat
2517 5290 2757 5345 civitates
2794 5297 2846 5343 et
2874 5287 3091 5342 castella
3111 5327 3126 5352 ,
3157 5287 3452 5356 praedicans

1877 5378 2230 5450 Evangelium
2246 5387 2299 5431 et
2328 5395 2519 5435 sanans
2561 5395 2772 5436 omnem
2812 5379 3119 5446 languorem
3154 5386 3206 5432 et
3233 5392 3447 5433 omnem

1876 5474 2232 5530 inﬁrmitatem
2278 5469 2443 5539 (Luc.
2485 5472 2535 5526 7.
2575 5468 2639 5522 21
2687 5487 2702 5534 ;
2749 5469 2933 5523 Matth.
2973 5469 3026 5524 4.
3059 5465 3182 5539 24).
3217 5467 3369 5524 Hunc
3397 5479 3450 5523 et

1875 5565 2170 5625 communis
2208 5571 2388 5633 pastor
2427 5572 2608 5617 noster
2650 5577 2711 5617 ac
2754 5561 2943 5618 doctor
2971 5560 3051 5630 (α)
3081 5560 3312 5616 imitatus
3350 5575 3449 5617 nos

1937 5678 2012 5742 (ai
2043 5687 2110 5729 De
2133 5677 2348 5727 Flaviano
2367 5675 2590 5736 loquitur.
