3860 6286
407 390 436 439 (ι
446 384 504 438 λιῗ

386 502 664 568 _d:seruit,
696 513 745 558 et
779 501 843 557 ad
877 501 994 556 illos
1024 500 1289 572 profectus
1317 512 1432 566 est;
1467 504 1572 556 imo
1604 518 1729 558 vero
1760 520 1864 558 non
1893 504 1988 560 de-

403 597 572 648 st-ruit
600 608 718 659 nos,
748 609 866 647 cum
900 592 961 645 ad
993 593 1110 646 illos
1150 592 1278 646 abiit
1303 633 1318 658 ,
1349 594 1544 663 quippe
1586 595 1674 663 qui
1704 595 1768 649 ad
1801 596 1990 652 fratres

404 694 616 737 nostros
638 684 847 736 abierit.
872 682 938 735 Et
959 683 1403 752 quemadmodum
1427 700 1546 738 cum
1573 685 1988 742 Maccabazorum

405 776 596 830 festum
623 775 1008 840 celebraretur,
1039 775 1089 828 in
1117 773 1300 829 urbem
1331 776 1449 830 villa
1479 778 1653 831 onmis
1676 777 1840 832 effusa
1869 791 1949 834 est
1975 800 1987 836 :

404 870 473 921 ita
503 883 622 922 cum
652 878 963 938 martyrum,
996 868 1082 936 qtti
1114 867 1220 922 illic
1246 869 1546 937 quiescunt,
1583 869 1772 924 festum
1803 886 1990 940 agere-

404 969 510 1025 tur,
539 973 678 1012 nunc
708 959 892 1012 urbem
922 965 1084 1012 totam
1104 958 1168 1011 ad
1190 959 1307 1013 illos
1328 961 1557 1028 oportuit
1593 976 1652 1015 se
1680 961 1987 1018 transferre.

402 1052 688 1122 Propterea
721 1068 950 1122 namque
982 1067 1084 1106 non
1127 1052 1178 1106 in
1218 1052 1441 1108 urbibus
1481 1063 1683 1108 tantum
1713 1057 1992 1112 collocavit

404 1153 663 1214 martyres
689 1144 849 1204 Deus,
878 1141 971 1196 sed
999 1142 1159 1197 etiam
1197 1144 1247 1196 in
1279 1143 1416 1197 villis
1443 1143 1592 1213 ipsis,
1630 1153 1686 1198 ut
1714 1151 1778 1200 ex
1807 1146 1991 1201 diebus

405 1232 555 1288 festis
582 1234 890 1288 commercii
920 1242 974 1287 et
999 1233 1249 1302 colloquii
1282 1236 1579 1289 necessaria
1609 1236 1761 1291 nobis
1783 1239 1993 1292 occasio

401 1330 555 1380 detur
584 1345 598 1378 :
632 1336 789 1395 atque
811 1325 944 1380 adeo
974 1325 1153 1394 plures
1185 1327 1236 1380 in
1265 1326 1424 1392 villis,
1454 1343 1610 1397 quam
1642 1329 1692 1382 in
1720 1329 1868 1384 urbe.
1905 1329 1990 1382 ln-

403 1420 581 1473 feriori
612 1419 753 1472 enim
787 1417 1226 1472 abundantiorem
1276 1416 1531 1473 honorem
1574 1420 1826 1490 impertiit
1855 1423 1993 1476 Dens

407 1512 485 1581 (l.
511 1511 628 1567 Cor.
663 1511 750 1566 12.
776 1510 880 1581 2⁸5)
905 1553 919 1579 ,
950 1511 1088 1581 quod
1115 1511 1427 1565 imbecillior
1453 1513 1520 1565 sit
1549 1527 1668 1583 pars
1701 1514 1785 1566 illa
1821 1532 1833 1568 :
1867 1529 1994 1585 pro-

405 1615 587 1673 pterea
629 1603 818 1672 majori
857 1618 977 1658 eam
1020 1602 1257 1657 subsidio
1301 1605 1554 1674 cultuque
1603 1605 1851 1674 dignatus
1887 1617 1989 1660 est.

409 1696 543 1750 Nam
573 1697 604 1750 ii
633 1696 843 1766 quidem
885 1695 973 1766 qui
1003 1695 1162 1750 urbes
1202 1695 1437 1749 incolunt
1458 1738 1472 1763 ,
1503 1696 1710 1751 assidua
1749 1697 1992 1752 doctrina

407 1788 689 1850 fruuntur;
738 1795 790 1842 at
816 1787 903 1858 qui
933 1786 1130 1857 degunt
1161 1786 1210 1840 in
1244 1786 1403 1856 agris,
1438 1802 1540 1841 non
1582 1795 1724 1842 tanta
1752 1788 1994 1858 largitate

409 1880 702 1948 potiuntur.

482 1971 734 2040 Martyres
773 1986 886 2023 cum
915 1964 1200 2024 doctoribus
1237 1971 1583 2039 conferuntur.
1621 1969 1750 2026 Plus
1777 1988 1989 2042 persua-

415 2064 530 2116 dent
569 2064 703 2132 [arta
730 2080 880 2132 quam
911 2063 1065 2116 dicta.
1093 2093 1160 2102 -
1190 2062 1368 2133 Itaque
1392 2061 1670 2117 doctorum
1717 2065 1991 2132 penuriam

403 2165 695 2226 martyrum
725 2154 1047 2209 abundantia
1088 2155 1288 2208 solatus
1317 2163 1398 2208 est
1430 2155 1589 2218 Deus,
1617 2165 1671 2208 et
1710 2156 1777 2208 ita
1809 2155 1991 2223 dispo-

401 2248 524 2309 suit,
556 2257 612 2300 ut
655 2245 835 2316 plures
871 2245 1011 2314 apud
1050 2245 1168 2299 illos
1209 2255 1472 2316 martyres
1511 2245 1876 2316 sepelirentur.
1917 2246 1990 2300 Illi

401 2337 680 2392 doctorum
731 2337 943 2408 quidem
998 2336 1231 2408 linguam
1287 2348 1544 2408 perpetuo
1595 2354 1700 2393 non
1749 2338 1989 2406 audiunt,

405 2430 500 2483 sed
527 2437 819 2500 martyrum
844 2443 1030 2484 vocem
1061 2444 1091 2484 e
1121 2430 1369 2500 sepulcro
1398 2441 1737 2485 resonantem
1765 2440 1820 2486 et
1849 2433 1994 2502 ipsos

401 2521 785 2592 alloquentem,
818 2537 940 2592 qua:
967 2521 1137 2576 multo
1170 2522 1359 2592 majori
1384 2524 1578 2578 virtute
1609 2524 1785 2592 pollet.
1819 2527 1994 2594 Atque

405 2625 460 2669 ut
491 2615 796 2684 intelligatis
827 2615 1014 2684 majori
1066 2614 1267 2684 pollere
1297 2617 1496 2670 virtute
1541 2625 1802 2686 martyres
1832 2619 1990 2671 etiam

403 2707 644 2774 silentes,
676 2722 832 2777 quam
862 2722 959 2762 nos
988 2707 1076 2777 qui
1107 2706 1376 2777 loquimur
1407 2727 1418 2761 :
1451 2708 1599 2762 multi
1627 2723 1994 2779 saepenumero

405 2799 531 2852 dum
559 2797 694 2866 apud
723 2796 920 2851 multos
949 2797 1015 2852 de
1037 2798 1232 2852 virtute
1261 2798 1417 2852 verba
1448 2798 1663 2864 faciunt,
1703 2789 1831 2854 nihil
1874 2815 1994 2871 pro-

408 2893 678 2956 fecerunt;
705 2891 792 2944 alii
820 2905 950 2945 vero
967 2891 1126 2944 etiam
1159 2898 1394 2944 tacentes
1410 2890 1479 2944 ob
1497 2890 1618 2945 vitre
1639 2891 1991 2962 integritatem

408 2993 462 3037 et
491 2982 830 3052 splendorem
859 2983 1021 3037 multa
1050 2982 1260 3052 egregia
1291 2980 1522 3036 facinora
1547 2991 1855 3052 patrarunt:
1889 2984 1990 3038 ita-

402 3092 504 3144 que
526 3076 693 3129 multo
709 3077 936 3143 amplius
963 3085 1226 3148 martyres
1248 3075 1347 3130 hoc
1369 3075 1628 3142 fecerunt,
1649 3092 1753 3130 non
1773 3077 1992 3148 quidem

401 3167 578 3238 lingua
609 3167 938 3222 etformatam
971 3183 1154 3222 vocem
1180 3168 1472 3234 mittentes,
1496 3167 1589 3224 sed
1613 3169 1756 3223 illam
1781 3186 1897 3241 qua:
1925 3186 1991 3224 ex

403 3259 566 3314 rebus
619 3259 748 3328 ipsis
796 3261 961 3314 multo
1013 3259 1210 3314 ciarius
1257 3269 1490 3325 resonat,
1521 3277 1680 3331 quam
1731 3279 1848 3332 quze
1898 3277 1993 3318 ore

405 3351 694 3420 profertur,
727 3366 828 3420 qua
861 3351 1107 3404 nimirum
1141 3359 1305 3405 totum
1334 3367 1501 3421 genus
1529 3351 1819 3407 humanum
1860 3353 1991 3408 allo-

403 3451 658 3510 quuntur,
689 3440 773 3496 his
798 3441 974 3494 verbis
1003 3449 1250 3494 utentes:
1284 3440 1553 3510 Respicite
1585 3443 1635 3495 in
1667 3459 1783 3508 nos,
1816 3443 1988 3511 qualia

403 3533 548 3602 passi
582 3533 836 3587 fuerimus
868 3533 1026 3600 mala.
1055 3533 1189 3599 Quid
1232 3534 1371 3586 enim
1403 3534 1542 3603 passi
1573 3549 1774 3601 sumus,
1805 3536 1891 3606 qui
1923 3535 1988 3588 ad

405 3635 628 3678 mortem
660 3623 890 3677 damnati
940 3637 1148 3687 sumus,
1182 3638 1243 3676 ac
1299 3624 1461 3677 vitam
1514 3633 1768 3678 :rternam
1815 3624 1990 3694 adepti

405 3714 628 3769 sumus?
681 3713 830 3782 Digiti
879 3713 1043 3784 habiti
1087 3729 1292 3779 sumus,
1341 3716 1426 3784 qui
1459 3724 1673 3784 propter
1717 3715 1990 3771 Christum

405 3822 628 3878 corpora
652 3821 974 3877 poneremus
997 3825 1010 3862 :
1033 3805 1174 3876 quod
1202 3806 1246 3860 si
1278 3823 1414 3861 nunc
1440 3808 1542 3863 illis
1569 3823 1665 3863 nos
1685 3823 1790 3863 non
1816 3811 1994 3864 exuis-

405 3915 608 3965 semus,
644 3899 803 3970 paulo
855 3908 973 3969 post
1017 3900 1177 3954 etiam
1226 3899 1375 3954 inviti
1423 3903 1796 3971 temporariam
1857 3903 1992 3958 hanc

402 3992 614 4046 illorum
660 3991 823 4044 vitam
870 3991 1118 4045 amissuri
1149 4005 1380 4046 eramus.
1424 3991 1480 4046 Si
1528 4007 1632 4047 non
1683 3993 1992 4050 advenisset

404 4082 743 4152 martyrium,
795 4095 964 4149 eaque
1013 4080 1165 4134 nobis
1213 4079 1537 4146 abstulisset,
1585 4091 1642 4136 at
1691 4083 1992 4140 communis

405 4182 610 4226 natura:
636 4180 829 4226 nostra:
860 4187 1006 4226 mors
1037 4187 1133 4226 nos
1165 4171 1462 4238 invasisset,
1497 4188 1666 4243 eaque
1695 4175 1850 4245 plane
1876 4176 1991 4230 dis-

409 4267 672 4320 solvisset.
707 4265 991 4334 Propterea
1027 4265 1134 4318 Deo
1159 4265 1357 4335 gratias
1387 4280 1542 4334 agere
1565 4281 1668 4320 non
1695 4281 1986 4335 cessamus,

405 4356 545 4426 quod
573 4356 688 4425 ejus
726 4355 986 4409 beneficio
1035 4355 1187 4408 nobis
1234 4355 1533 4425 contigerit,
1563 4365 1619 4410 ut
1652 4369 1845 4425 morte,
1873 4375 1991 4428 qua:

405 4449 622 4502 omnino
653 4445 804 4500 nobis
834 4445 1132 4514 oppetenda
1160 4454 1295 4510 erat,
1325 4447 1391 4500 ad
1423 4456 1724 4502 nostrarum
1763 4451 1990 4505 salutem

404 4541 700 4594 animarum
745 4548 1037 4602 uteremur,
1066 4537 1312 4607 quodque
1358 4554 1470 4593 rem
1513 4543 1814 4597 necessario
1843 4543 1992 4599 debi-

409 4642 514 4684 tam
544 4639 812 4698 tamquam
839 4628 1036 4682 donum
1062 4627 1296 4696 aliquod,
1324 4642 1388 4682 ac
1416 4632 1608 4683 summi
1639 4645 1804 4700 genus
1825 4633 1994 4688 hono-

410 4725 486 4778 ris
516 4739 545 4775 a
573 4723 726 4775 nobis
755 4721 1039 4791 acceperit.
1066 4721 1132 4773 At
1154 4720 1292 4774 enim
1325 4721 1546 4776 molesta
1573 4732 1696 4776 sunt
1721 4733 1776 4778 et
1801 4727 1991 4780 acerba

411 4821 693 4867 tormenta.
713 4809 817 4865 Sed
845 4811 989 4865 brevi
1013 4813 1268 4879 temporis
1291 4822 1563 4866 momento
1582 4813 1852 4868 feruntur:
1873 4831 1993 4885 qure

411 4921 542 4961 vero
570 4919 662 4974 per
691 4904 777 4956 illa
809 4904 1051 4972 voluptas
1080 4903 1388 4973 acquiritur,
1422 4905 1760 4974 sempiternis
1786 4908 1994 4962 saiculis

408 5012 591 5055 cornva
623 4995 813 5060 durat;
865 4995 973 5048 imo
1019 5009 1238 5049 verone
1282 4995 1428 5050 brevi
1477 4996 1688 5064 quidem
1741 5001 1993 5069 temporis

409 5095 681 5146 momento
709 5086 932 5142 molesta
972 5095 1095 5140 sunt
1122 5093 1382 5141 tormenta
1422 5087 1544 5153 illis,
1571 5088 1660 5158 qui
1698 5088 1871 5144 futura
1904 5107 1992 5146 re-

412 5183 662 5252 spiciunt,
694 5187 750 5234 et
768 5178 832 5231 ad
863 5177 1172 5232 certaminis
1211 5178 1493 5247 przesidem
1531 5195 1592 5234 ac
1621 5193 1992 5238 remunerato-

416 5290 526 5328 rem
553 5273 807 5342 aspirant.
835 5268 1106 5336 Siquidem
1136 5269 1319 5324 beatus
1342 5270 1504 5324 etiam
1527 5256 1846 5341 Stephanus,
1870 5277 1991 5345 quia

411 5365 680 5419 Christum
703 5361 870 5417 oculis
892 5359 1012 5414 fidei
1035 5359 1308 5429 spectabat
1336 5359 1472 5429 (Act.
1496 5361 1548 5416 7.
1577 5361 1690 5432 55),
1714 5361 1997 5433 propterea

412 5457 644 5527 lapidum
695 5455 892 5510 imbres
939 5468 1044 5506 non
1095 5453 1434 5523 respiciebat,
1484 5453 1576 5509 sed
1621 5456 1831 5512 illorum
1877 5460 1994 5513 loco

413 5549 629 5618 prtemia
659 5559 986 5612 coronasque
1029 5545 1362 5599 numerabat.
1416 5543 1496 5600 Tu
1546 5547 1702 5616 igitur
1747 5563 1777 5602 a
1834 5549 1994 5605 rebus

411 5655 618 5709 quoque
650 5637 996 5707 praesentibus
1029 5635 1215 5689 oculos
1257 5645 1378 5691 tuos
1405 5637 1470 5693 ad
1511 5638 1682 5694 futura
1721 5651 1990 5707 converte,

413 5745 475 5786 ac
504 5745 570 5784 ne
593 5730 805 5782 brevem
831 5725 1043 5796 quidem
1067 5725 1242 5795 capies
1264 5741 1480 5782 sensum
1513 5730 1794 5784 malorum.

482 5823 537 5877 2.
580 5817 705 5875 Hinc
751 5825 803 5870 et
849 5815 928 5869 his
972 5814 1122 5885 plura
1169 5815 1350 5872 dicunt
1396 5831 1674 5897 martyres,
1724 5821 1993 5894 multoque

1110 385 1167 440 S.
1207 385 1483 442 JOANNIS
1523 382 1994 442 CiiRYSOSTOifl
2037 384 2350 442 .tRCillliP.
2393 385 2928 446 CONSTANllKOi‘.

3590 369 3695 423 (Ξἰὸ

2102 501 2312 564 melius,
2355 517 2514 571 quam
2546 517 2663 568 nos,
2697 503 3040 571 persuadent.
3070 504 3202 562 Nam
3229 522 3327 580 ego
3375 508 3597 580 quidem
3647 512 3694 566 si

2100 591 2229 648 nihil
2272 592 2465 648 habere
2496 595 2757 649 molestia:
2789 605 3110 652 tormentum
3149 599 3344 667 dicam,
3369 606 3475 656 tide
3498 605 3697 671 dignus

2099 685 2316 740 minime
2345 686 2686 767 videor,dum
2721 689 2792 742 ita
2825 689 3014 760 loquor
3043 709 3056 744 :
3091 691 3220 746 nihil
3251 695 3449 764 quippe
3471 695 3696 751 difficile

2099 779 2273 833 verbis
2319 779 2420 833 hoc
2463 791 2617 850 pacto
2647 781 3052 853 phiIOSOphari;
3084 794 3138 839 at
3165 801 3230 840 ex
3263 787 3391 856 ipsis
3437 791 3696 858 Operibus

2098 880 2466 938 erumpentem
2499 888 2684 927 vocem
2716 883 2919 944 martyr
2959 877 3206 931 emittens
3228 920 3242 942 ,
3273 881 3545 934 neminem
3596 883 3694 932 ha-

2101 961 2206 1027 bet,
2249 963 2338 1031 qui
2380 965 2726 1018 contradicat.
2779 967 2844 1020 Et
2887 969 3333 1036 quemadmodum
3387 971 3504 1026 ﬁeri
3559 973 3698 1028 solet

2099 1051 2241 1106 intus
2277 1053 2328 1106 in
2369 1054 2590 1120 balneis,
2629 1056 2717 1109 ubi
2755 1057 3044 1112 calidarum
3073 1074 3328 1128 aquarum
3351 1061 3524 1118 fervet
3546 1065 3694 1117 lava-

2097 1157 2286 1207 crum,
2339 1159 2439 1198 nec
2486 1144 2812 1201 descendere
2859 1150 3136 1219 quisquam
3185 1151 3383 1218 audet;
3434 1155 3694 1224 quamdiu

2098 1235 2311 1302 quidem
2359 1250 2416 1288 se
2445 1237 2669 1292 invicem
2712 1239 2888 1294 verbis
2931 1237 3294 1311 cohortantur,
3323 1248 3412 1316 qui
3441 1247 3508 1301 ad
3543 1263 3694 1302 oram

2097 1324 2507 1403 balneisedent,
2549 1329 2748 1383 nemini
2797 1339 2970 1386 tamen
3021 1335 3372 1403 persuadent;
3428 1339 3522 1393 ubi
3568 1357 3696 1394 vero

2097 1402 2356 1488 quispiam
2387 1436 2452 1474 ex
2501 1420 2606 1476 illis
2653 1431 2744 1477 aut
2791 1441 3001 1478 manum
3035 1426 3327 1494 demiserit,
3371 1443 3464 1485 aut
3517 1432 3696 1488 laxato

2099 1508 2233 1577 pede
2279 1518 2446 1564 totum
2490 1525 2683 1581 corpus
2727 1513 3056 1571 confidenter
3103 1517 3402 1586 immiserit,
3447 1526 3695 1589 quamvis

2102 1609 2286 1654 Iacens
2316 1602 2484 1656 multo
2511 1603 2704 1656 melius
2731 1620 2887 1674 quam
2915 1606 3005 1676 qui
3046 1609 3208 1662 multa
3236 1609 3397 1664 verba
3429 1611 3691 1678 facerent,

2099 1706 2191 1746 eos
2223 1694 2310 1762 qui
2339 1696 2602 1764 superiori
2633 1695 2752 1751 loco
2775 1697 2962 1752 sedent
2989 1700 3235 1769 adducet,
3257 1704 3386 1758 utin
3416 1705 3692 1760 lavacrum

2097 1784 2325 1840 audeant
2372 1789 2572 1844 insilire
2606 1808 2619 1844 :
2653 1791 2729 1845 sic
2775 1792 2935 1846 etiam
2981 1791 3038 1848 fit
3080 1796 3132 1849 in
3186 1799 3564 1868 martyribus:
3610 1801 3696 1855 hic

2097 1876 2236 1929 enim
2266 1877 2384 1932 loco
2411 1878 2602 1935 lavacri
2625 1896 2776 1952 aqua:
2802 1886 3106 1953 propositus
3129 1895 3208 1942 est
3230 1904 3408 1957 rogus.
3438 1890 3582 1960 Ergo
3603 1894 3696 1962 qui

2097 1967 2228 2022 foris
2248 1969 2618 2037 circumstant,
2645 1973 2770 2028 licet
2798 1975 3093 2030 innumeris
3123 1979 3294 2031 verbis
3317 1980 3696 2045 cohortentur,

2099 2077 2202 2114 non
2248 2063 2533 2118 admodum
2579 2075 2958 2133 commovent;
3006 2068 3093 2122 ubi
3146 2084 3276 2124 vero
3322 2084 3531 2142 martyr
3559 2090 3700 2128 unus

2099 2167 2203 2205 non
2234 2154 2445 2222 pedem,
2465 2171 2568 2208 non
2600 2172 2812 2210 manum
2841 2166 3043 2212 tantum
3072 2159 3368 2230 demiserit,
3391 2163 3490 2217 sed
3522 2172 3698 2218 totum

2097 2260 2293 2315 corpus
2323 2246 2582 2314 injeccrit,
2615 2256 2723 2301 tum
2777 2249 2887 2316 ipsa
2936 2265 3113 2304 rerum
3156 2253 3483 2320 experientia
3526 2255 3697 2310 vehe-

2097 2337 2328 2391 mentius
2367 2352 2525 2406 qttam
2567 2340 2934 2394 cohortatione
2973 2341 3057 2395 vel
3103 2343 3326 2397 consilio
3368 2347 3561 2414 quovis
3594 2348 3698 2400 im-

2102 2427 2277 2494 pellit,
2323 2437 2378 2482 et
2426 2443 2492 2482 ex
2542 2429 2734 2484 animis
2780 2431 3237 2488 circumstantium
3292 2436 3544 2492 timorem
3595 2453 3695 2494 ex-

2103 2517 2269 2584 pellit.

2172 2607 2462 2680 .‘zfartyrum
2505 2611 2732 2682 reliquiae
2759 2630 2852 2668 sua
2894 2617 3160 2686 praesentia
3201 2619 3322 2688 quid
3369 2621 3698 2690 micioni.—

2098 2697 2326 2766 Videtis,
2356 2710 2416 2754 ut
2455 2705 2721 2771 potentior
2753 2705 2821 2760 sit
2851 2707 3092 2776 quamvis
3132 2710 3416 2763 tacentium
3451 2726 3556 2766 vox
3597 2713 3696 2767 ista

2102 2792 2440 2860 martyrum?
2483 2792 2769 2864 Propterea
2812 2797 2963 2851 nobis
3008 2797 3214 2852 illorum
3243 2814 3469 2868 corpora
3495 2801 3698 2857 dereli-

2098 2880 2212 2948 quit
2266 2881 2448 2936 Deus:
2482 2893 2764 2952 pr0pterea
2814 2902 2933 2941 cum
2984 2889 3110 2942 olim
3165 2889 3408 2955 vicerint,
3462 2893 3695 2948 necdum

2099 2979 2279 3025 tamen
2327 2986 2752 3040 resurrexerunt,
2785 2978 2878 3031 sed
2921 2979 3212 3033 certamina
3261 2981 3477 3048 quidem
3523 2999 3553 3035 a
3589 2994 3697 3038 tam

2099 3062 2266 3116 multo
2299 3072 2538 3133 tempore
2581 3065 2878 3134 subierunt,
2910 3071 3354 3124 resurrectionem
3392 3088 3526 3127 vero
3557 3090 3695 3128 non-

2095 3155 2220 3210 dum
2250 3165 2372 3209 sunt
2399 3158 2732 3228 consequuti,
2763 3159 3000 3215 nondum
3031 3174 3250 3231 propter
3278 3172 3347 3227 te,
3375 3179 3440 3217 ac
3473 3178 3696 3234 propter

2105 3261 2245 3303 tuam
2275 3250 2580 3315 utilitatem,
2609 3262 2663 3305 ιιι
2692 3266 2813 3305 cum
2843 3252 2988 3307 illum
3017 3254 3266 3308 athletam
3297 3256 3390 3309 tibi
3412 3269 3540 3310 ante
3568 3273 3697 3311 ocu-

2099 3339 2180 3394 los
2210 3342 2472 3409 posueris,
2498 3342 2564 3396 ad
2593 3342 2839 3396 eumdem
2871 3358 3084 3398 cursum
3123 3347 3396 3399 exciteris.
3430 3347 3567 3400 Nam
3609 3349 3696 3403 isti

2097 3429 2312 3500 quidem
2360 3432 2563 3486 nullum
2594 3433 2972 3489 detrimentum
3004 3451 3066 3490 ex
3100 3436 3356 3491 dilatione
3393 3439 3692 3507 patiuntur,

2096 3532 2152 3576 at
2183 3523 2274 3576 tibi
2303 3527 2589 3578 maximam
2621 3523 2738 3580 hmo
2765 3525 2992 3592 occasio,
3007 3527 3294 3582 utilitatem
3324 3529 3482 3598 parit.
3513 3531 3695 3600 Siqui-

2098 3614 2219 3670 dem
2253 3616 2324 3670 illi
2357 3626 2541 3686 postea
2588 3619 2871 3690 recipient,
2903 3620 3023 3675 licet
3053 3635 3196 3675 nunc
3245 3637 3348 3674 non
3393 3623 3690 3692 recipiant:

2097 3708 2236 3778 quod
2265 3709 2309 3762 si
2349 3724 2441 3763 eos
2485 3709 2552 3763 de
2580 3711 2756 3764 medio
2798 3725 2936 3765 nunc
2979 3710 3300 3780 abripulsset
3331 3713 3491 3778 Deus,
3524 3713 3693 3767 multa

2099 3814 2198 3852 nos
2233 3800 2603 3853 cohortatione
2633 3800 2930 3870 solatioque
2974 3802 3253 3870 privasset,
3282 3801 3422 3870 quod
3469 3817 3535 3857 ex
3564 3819 3692 3860 san-

2097 3899 2305 3944 ctorum
2345 3891 2570 3944 istorum
2601 3893 2861 3960 sepulcris
2895 3892 2964 3946 ab
2994 3893 3296 3948 hominibus
3326 3897 3532 3948 cunctis
3559 3912 3690 3965 per-

2097 3982 2313 4050 cipitur.
2342 3981 2516 4051 Atque
2544 3997 2606 4037 ea
2636 3997 2755 4052 qua:
2781 3982 3025 4048 dicimus,
3050 4000 3146 4038 vos
3166 3996 3345 4041 vestro
3372 3989 3690 4044 testimonio

2096 4072 2474 4140 comprobatis.
2515 4072 2668 4142 Saepe
2697 4089 2926 4144 namque
2949 4077 3291 4145 quantumvis
3337 4077 3688 4144 minaremur,

2097 4164 2475 4230 blandiremur,
2525 4175 2850 4221 terreremus
2874 4209 2888 4230 ,
2919 4168 3353 4233 cohortaremur,
3402 4185 3507 4224 non
3538 4181 3691 4226 tanta

2101 4256 2320 4310 estisad
2350 4256 2610 4312 orandum
2641 4259 2801 4312 animi
2827 4258 3101 4315 alacritate
3129 4262 3380 4314 commoti
3415 4276 3514 4315 nec
3541 4267 3695 4317 exci-

2099 4347 2226 4412 tati;
2259 4363 2376 4401 cutn
2409 4363 2538 4402 vero
2583 4349 2652 4402 ad
2699 4358 2992 4420 martyrum
3038 4350 3320 4405 ecclesiam
3363 4367 3460 4406 vos
3495 4363 3692 4406 contn-

2099 4439 2254 4502 listis,
2294 4439 2507 4494 nemine
2535 4439 2868 4506 consulente,
2908 4441 3022 4494 solo
3061 4451 3364 4496 sanctorum
3397 4453 3691 4512 conspecto

2097 4532 2364 4601 st'pttlcro,
2407 4533 2653 4600 copiosos
2700 4533 3053 4604 lacryniarum
3097 4535 3267 4590 fontes
3315 4535 3596 4600 effudistis,
3637 4547 3693 4592 et

2099 4623 2236 4676 inter
2265 4623 2521 4678 orandmn
2551 4623 2759 4677 fervore
2791 4638 2894 4676 non
2923 4625 3175 4679 mediocri
3208 4626 3502 4680 exarsistis.
3524 4629 3690 4697 Atqui

2099 4727 2278 4770 mutus
2309 4731 2518 4770 summo
2556 4732 2675 4771 cum
2709 4717 2923 4770 silentio
2945 4717 3088 4786 jacet
3127 4729 3328 4790 martyr
3356 4735 3371 4773 :
3403 4719 3528 4789 quid
3556 4736 3692 4790 ergo

2101 4806 2311 4861 tandem
2339 4817 2440 4872 est,
2465 4807 2606 4877 quod
2642 4809 3022 4864 conscientiam
3072 4809 3278 4877 pungit,
3309 4809 3601 4880 efficitque,
3633 4825 3693 4866 ut

2098 4899 2450 4970 lacrymarum
2481 4900 2739 4954 scatebra:
2785 4909 3050 4969 tamquam
3099 4916 3164 4955 ex
3197 4900 3342 4957 fonte
3373 4903 3692 4970 prosiliant?

2099 4991 2249 5057 Quod
2277 4991 2525 5044 nimirum
2553 5001 2814 5062 martyres
2846 5001 3028 5046 mente
3057 4993 3300 5055 versetis,
3331 5002 3386 5047 et
3413 5009 3590 5047 rerum
3619 4996 3692 5049 ab

2099 5083 2201 5135 illis
2225 5092 2493 5152 gestarum
2525 5082 2678 5136 vobis
2722 5083 2976 5136 memoria
3005 5083 3302 5138 refricetur.
3333 5083 3464 5137 Nam
3492 5100 3689 5154 quem-

2099 5173 2383 5228 admodum
2431 5189 2716 5242 pauperes,
2743 5174 2830 5228 ubi
2859 5174 3049 5229 divites
3079 5175 3214 5229 alios
3242 5176 3471 5229 viderint
3512 5177 3563 5229 in
3609 5177 3692 5232 di-

2098 5267 2386 5337 gnitatibus
2416 5268 2756 5330 constitutos,
2785 5268 3035 5322 satellitio
3087 5268 3328 5337 stipatos,
3355 5269 3535 5323 multis
3585 5271 3690 5323 lto-

2098 5357 2318 5411 noribus
2362 5358 2429 5412 ab
2460 5357 2783 5426 lmperatore
2809 5359 3127 5425 cumulatas,
3155 5360 3280 5413 dum
3331 5360 3521 5414 melius
3557 5356 3691 5429 δεθ-

2099 5457 2288 5504 statem
2336 5463 2485 5504 suam
2534 5465 2597 5504 ex
2655 5435 2879 5506 aliorum
2934 5452 3283 5520 prosperitate
3335 5465 3690 5520 cognoscunt,

2099 5542 2449 5612 ingemiscant
2486 5561 2499 5596 :
2543 5543 2612 5597 ita
2661 5558 2760 5598 nos
2810 5558 3020 5613 quoque
3068 5544 3194 5597 dum
3239 5554 3492 5614 quantam
3547 5547 3690 5614 apud

2101 5634 2470 5688 uiiiversorum
2501 5634 2701 5704 Regem
2749 5635 2912 5690 Deum
2963 5634 3206 5689 fiduciam
3261 5635 3493 5690 habeant
3539 5652 3688 5690 mar-

2103 5740 2268 5802 tyres,
2299 5733 2667 5796 recordamur,
2712 5740 3015 5802 quantoque
3062 5730 3345 5800 splendore
3389 5739 3446 5784 et
3490 5739 3688 5800 quanta

2103 5825 2267 5898 gloria
2311 5823 2563 5896 fulgeant,
2598 5835 2885 5897 nostraque
2913 5824 3065 5879 nobis
3115 5825 3165 5878 in
3214 5822 3527 5879 memoriam
3562 5837 3684 5895 pec-
