3860 6286
177 255 311 312 (ἶ.ίῖ
398 302 403 313 .

181 376 524 450 ἡμετέρους
569 379 797 453 ἀπῆλθε.
846 382 954 435 Kal
987 381 1238 455 καθάπερ
1286 385 1387 456 τῆς
1436 386 1631 458 ἑορτῆς
1685 386 1793 442 τῶν

184 460 591 516 Μακκαϐαίων
627 464 1067 536 ἐπιτελουμένης,
1110 469 1260 521 πᾶσα
1298 469 1332 539 ή
1383 469 1537 539 χώρα
1575 471 1655 532 εἰς
1701 469 1800 542 τὴν

187 545 380 600 πόλιν
402 546 632 620 ἐξεχύθη
654 566 668 578 ·
700 549 843 603 οὕτω
868 551 968 619 τῆς
995 553 1188 624 ἑορτῆς
1220 553 1330 607 τῶν
1360 557 1476 609 ἐκεῖ
1504 555 1799 627 μαρτύρων

190 630 519 700 ἀγομένης,
547 629 642 686 νῦν
671 634 958 702 τὴν,πόλιν
991 635 1204 690 ἃπασαν
1235 637 1371 709 πρὸς
1414 639 1654 702 ἐκείνους
1702 657 1803 710 μεο

188 714 484 783 ταστῆναι
518 716 708 787 ἐχρῆν.
739 717 837 771 Διά
867 718 977 792 γάρ
1010 721 1168 775 τοῦτο
1192 723 1294 776 οὐκ
1320 723 1378 775 ἐν
1413 723 1621 803 πόλεσι,
1633 726 1796 795 μόνον

187 799 594 866 κατεφύτευσε
642 801 923 873 μάρτυρας
963 806 991 857 6
1027 804 1188 870 Θεὸς,
1238 806 1375 861 ἀλλά
1418 809 1513 862 καὶ
1550 799 1644 862 ἐπὶ
1694 809 1794 878 τῆς

188 880 403 952 χώρας
455 884 657 955 αὐτῆς,
708 885 795 938 ἵνα
825 887 890 939 ἐκ
930 889 1029 958 τῆς
1076 889 1184 942 τῶν
1233 891 1434 962 ἑορτῶν
1487 893 1797 958 ὑποθέσεως

191 965 493 1033 πρόφασιν
526 966 739 1038 ἔχωμεν
773 970 1073 1036 ἀναγκαίαν
1101 973 1199 1043 τῆς
1232 968 1367 1045 πρὸς
1395 975 1656 1046 ἀλλήλους
1686 978 1796 1031 ἑπι-

194 1048 423 1119 μιξίας,
463 1053 559 1105 καὶ
596 1053 813 1118 πλείους
863 1055 956 1108 ἐπὶ
1002 1056 1100 1127 τῆς
1136 1056 1320 1129 χώρας
1363 1058 1520 1129 ἥὲπὶ
1569 1060 1666 1131 τῆς
1700 1059 1797 1112 πό-

188 1132 372 1216 λεως.
404 1133 496 1205 Τῷ
523 1134 633 1206 γὰρ
683 1136 998 1209 ὑστεροῦντι
1043 1139 1142 1211 τὴν
1181 1143 1575 1216 περισσοτέραν
1628 1144 1793 1216 τιμὴν

190 1214 415 1269 ἔδωκεν
444 1219 474 1270 6
502 1218 662 1281 θεός·
700 1220 1091 1294 ἀσθενέστερον
1141 1225 1248 1294 γάρ
1305 1226 1451 1280 ἐστιν
1478 1214 1696 1280 ⁷ἐκεῖνο
1729 1214 1791 1281 τὸ

195 1299 411 1369 μέροςο
439 1300 527 1354 διά
559 1300 718 1356 τοῦτο
747 1303 991 1369 πλείονος
1023 1307 1308 1378 ἀπήλαυσε
1336 1308 1440 1380 τῆς
1470 1308 1786 1382 θεραπείας.

188 1382 263 1434 Οἱ
313 1383 418 1452 μὲν
469 1383 580 1456 γὰρ
630 1384 729 1450 τὰς
780 1387 963 1452 πόλεις
1000 1389 1276 1455 οἰκοῦντες
1326 1392 1583 1463 συνεχοῦς
1638 1393 1790 1446 ἀπο-

188 1463 432 1519 λαύουσι
481 1466 848 1534 διδασκαλίας,
889 1472 938 1523 οί
979 1470 1037 1525 δέ
1071 1473 1128 1526 ἐν
1166 1473 1424 1546 ἀγροικίᾳ.
1473 1474 1692 1543 ζῶντες,
1723 1478 1783 1530 οὐ

186 1548 478 1621 τοσαύτης
517 1551 834 1623 μετέχουσιν
869 1554 1147 1623 ἀφθονίας.

269 1632 391 1704 Τὴν
428 1634 617 1689 πενίαν
649 1636 829 1691 τοίνυν
875 1638 985 1693 τῶν
1030 1639 1387 1696 διδασκόντων
1430 1642 1489 1696 ἐν
1519 1646 1585 1716 τῇ
1623 1644 1784 1715 δαψι-

190 1715 325 1788 λείᾳ
356 1716 467 1772 τῶν
514 1720 805 1793 μαρτύρων
847 1724 1342 1796 παραμυθούμενος
1379 1728 1409 1781 6
1440 1715 1602 1792 Θεὸς,
1644 1729 1787 1800 ᾠκο-

190 1801 412 1871 νόμησε
470 1802 689 1867 πλείους
738 1807 869 1876 παρ’
916 1807 1144 1871 ἐκείνοις
1187 1809 1427 1880 ταφῆναι
1478 1811 1782 1883 μάρτυρας.

191 1883 317 1936 Οὐκ
368 1885 627 1940 ἀκούουσι
662 1888 1001 1942 διδασκάλων
1051 1889 1298 1962 γλώττης
1348 1893 1546 1946 ἐκεῖνοι
1591 1894 1784 1965 διηνεέ

191 1966 337 2033 κῶς,
367 1968 503 2024 άλλά
553 1970 847 2043 μαρτύρων
886 1973 1069 2045 φωνῆς
1097 1974 1205 2028 ἀπὸ
1245 1974 1340 2029 τοῦ
1370 1977 1541 2045 τάφου
1598 1976 1780 2031 διαλε-

190 2052 441 2123 γομένης
484 2055 668 2118 αὐτοῖς
694 2055 787 2109 καὶ
817 2055 1040 2125 μείζονα
1072 2059 1224 2128 ἰσχὺν
1259 2058 1509 2130 ἐχούσης.
1546 2062 1656 2114 Καὶ
1694 2061 1783 2117 ἴνα

194 2135 437 2207 μάθητε,
461 2139 544 2191 ὅτι
575 2138 797 2209 μείζονα
830 2140 982 2211 ίσχὺν
1011 2142 1192 2212 ἔχουσι
1227 2144 1498 2214 μάρτυρες
1530 2144 1623 2198 καὶ
1656 2161 1783 2199 σιω-

190 2220 411 2287 πῶντες
459 2224 616 2295 ήμῶν
660 2225 769 2278 τῶν
817 2225 1230 2296 φθεγγομένων,
1277 2228 1464 2282 πολλοὶ
1515 2228 1780 2294 πολλάκις

189 2304 568 2375 διαλεγόμενοι
615 2308 828 2372 πολλοῖς
883 2310 1014 2381 περὶ
1066 2311 1269 2383 ἀρετῆς
1332 2312 1484 2366 οὐδὲν
1536 2313 1776 2384 ήνυσαψ

190 2388 376 2460 ἕτεροι
424 2391 481 2445 δὲ
536 2392 799 2461 σιγῶντες
843 2394 1077 2466 μέγιστα
1126 2394 1502 2465 κατώρθωσαν
1541 2397 1631 2451 διά
1679 2395 1778 2469 τὴν

190 2474 290 2528 τοῦ
330 2475 445 2546 βίου
494 2477 887 2550 λαμπρότητα’
917 2477 1059 2533 ὥστε
1109 2479 1289 2551 πολλῷ
1333 2481 1494 2535 πλέον
1536 2483 1587 2535 oi
1638 2482 1779 2555 μάρ-

190 2579 360 2632 τυρες
386 2565 544 2620 τοῦτο
562 2568 905 2639 εἰργάσαντο,
931 2569 1028 2641 τὴν
1062 2569 1160 2640 μὲν
1179 2570 1266 2625 διὰ
1287 2572 1385 2643 τῆς
1410 2569 1656 2642 γλώττης
1678 2574 1778 2627 οὐκ

191 2651 448 2719 ἀφιέντες
490 2653 693 2726 φωνὴν,
733 2655 829 2727 τὴν
862 2656 920 2709 δὲ
946 2657 1035 2709 διὰ
1076 2656 1186 2710 τῶν
1221 2659 1565 2735 πραγμάτων
1594 2659 1776 2713 αὐτῶν

192 2739 332 2793 πολὺ
358 2740 457 2810 τῆς
488 2741 597 2795 ἀπὸ
643 2741 738 2797 τοῦ
799 2743 1067 2815 στόματος
1095 2742 1261 2799 οὖσαν
1307 2747 1667 2820 ὑψηλοτέραν,
1704 2748 1774 2802 δι’

190 2820 265 2898 ἦς
306 2829 443 2900 πρὸς
478 2832 656 2884 πᾶσαν
684 2831 782 2903 τὴν
814 2831 924 2886 τῶν
967 2833 1272 2905 ἀνθρώπων
1299 2834 1636 2904 διαλέγονται
1672 2836 1774 2906 φύ-

195 2936 303 2981 σιν,
326 2919 498 2997 ταῦτα
513 2922 581 2973 τά
599 2921 820 2992 ῥήματα
836 2921 1103 2992 λέγοντες·
1138 2923 1479 2995 Ἑμϐλέψατε
1502 2928 1582 2989 είς
1600 2927 1768 2997 ἡμᾶς,

193 3006 294 3061 ὅσα
314 2992 587 3080 ἐπάθομεν
613 3010 777 3065 δεινά.
797 3010 861 3063 Τί
888 3010 997 3082 γάρ
1018 2992 1290 3083 ἐπάθομεν
1316 2992 1533 3086 θανάτῳ
1562 2992 1774 3069 καταδιέ

192 3095 503 3161 κασθέντες,
537 3097 634 3151 καὶ
661 3096 807 3170 ζωήν
829 3098 1079 3170 εὑρόντες
1105 3100 1362 3172 διηνεκῆ;
1413 3092 1771 3176 κατηξιώθη-

197 3202 295 3254 μεν
320 3183 620 3238 ἀποθέσθαι
647 3185 714 3239 τὰ
745 3185 974 3257 σώματα
994 3185 1084 3241 διὰ
1104 3187 1195 3240 τὸν
1224 3188 1459 3260 Χριστόν
1478 3206 1492 3221 ·
1524 3193 1572 3244 εἰ
1600 3191 1657 3244 δὲ
1681 3193 1770 3247 διά

190 3272 284 3327 τὸν
312 3273 550 3344 Χριστὸν
591 3274 666 3346 μὴ
701 3276 1176 3347 παρεχωρήσαμεν
1210 3276 1389 3330 αὐτῶν
1423 3278 1538 3344 νῦν,
1575 3281 1769 3351 μικρὸν

193 3360 418 3433 ὕστερον
448 3360 600 3435 [652]
629 3362 927 3435 ἐμέλλομεν
951 3364 1044 3421 καὶ
1072 3364 1296 3429 ἄκοντες
1320 3367 1500 3423 αὐτῶν
1527 3372 1769 3445 ἀποστή-

193 3451 380 3505 σεσθαι
407 3453 507 3522 τῆς
553 3452 888 3524 προσκαίρου
918 3451 1082 3524 ζωῆς.
1128 3455 1191 3508 El
1228 3456 1324 3510 καὶ
1356 3456 1431 3528 μὴ
1468 3459 1768 3541 μαρτύριον

192 3538 459 3611 παρελθὸν
488 3539 698 3604 ἐλαϐεν,
723 3540 839 3594 ἀλλ’
865 3541 895 3593 6
933 3542 1110 3604 κοινὸς
1147 3542 1251 3613 τῆς
1280 3543 1496 3613 φύσεως
1535 3538 1767 3613 θάνατος

195 3628 432 3682 ἐπελθὼν
475 3629 773 3683 κατέλυσεν
818 3630 979 3684 αὐτά.
1031 3630 1131 3684 Διά
1176 3631 1349 3686 ταῦτα
1380 3635 1442 3687 οὐ
1477 3636 1765 3706 παυόμεθα

192 3717 636 3789 εὐχαριστοῦντες
674 3717 754 3789 τῷ
790 3717 929 3789 Θεῷ,
971 3720 1054 3773 ὃτι
1091 3721 1429 3789 κατηξίωσεν
1481 3726 1630 3795 ήμᾶς
1684 3724 1764 3797 τῷ

194 3807 405 3870 πάντως
459 3805 792 3877 ὀφειλομένη»
851 3806 1066 3880 θανάτῳ
1127 3810 1265 3882 πρὸς
1333 3813 1607 3884 σωτηρίαν
1653 3814 1763 3869 τῶν

193 3895 470 3968 ἡμετέρων
496 3894 914 3967 ἀποχρήσασθαι
951 3896 1157 3968 ψυχῶν,
1189 3900 1284 3953 καὶ
1320 3901 1381 3954 τὸ
1422 3904 1544 3956 κατ’
1589 3903 1760 3973 ἀνάγ-

194 4000 292 4051 κην
332 3983 676 4052 ὀφειλόμενον
704 3984 763 4038 ἐν
798 3983 1004 4056 δωρεᾶς
1050 3985 1200 4052 τάξει
1227 3987 1385 4042 ἔλαϐε
1422 3989 1553 4062 παρ’
1581 3993 1759 4063 ήμῶν,

193 4071 283 4123 καὶ
319 4070 454 4141 μετά
476 4073 575 4142 τῆς
609 4072 871 4144 μεγίστης
902 4075 1088 4144 τιμῆς.
1132 4075 1270 4128 Ἀλλ’
1297 4078 1353 4129 αί
1382 4076 1604 4146 βάσανοι
1635 4098 1763 4151 φορ-

193 4160 356 4222 τικαὶ,
388 4161 482 4212 καὶ
523 4160 798 4231 ἐπαχθεῖς.
835 4160 973 4214 Ἀλλ’
1008 4164 1067 4214 ἐν
1098 4160 1327 4235 βραχείᾳ
1357 4165 1547 4237 καιροῦ
1593 4170 1756 4241 ῥοπῇ,

195 4246 230 4317 ή
269 4247 324 4300 δὲ
370 4248 435 4300 ἐκ
478 4246 682 4301 τούτων
732 4247 916 4313 ἄνεσις
958 4251 1016 4302 ἰν
1057 4253 1170 4313 τοῖς
1218 4251 1509 4317 ἀθανάτοις
1553 4255 1715 4310 αἰῶσι
1742 4274 1757 4288 ·

198 4335 385 4409 μᾶλλον
409 4334 465 4389 δὲ
497 4335 619 4388 οὐδὲ
646 4336 704 4387 ἐν
745 4335 974 4410 βραχείᾳ
1003 4338 1195 4410 καιροῦ
1236 4341 1376 4411 ῥοπῇ
1415 4345 1672 4415 φορτικαὶ
1699 4345 1756 4399 αῖ

194 4428 405 4499 βάσανοι
431 4429 546 4488 τοῖς
572 4427 652 4489 είς
683 4425 751 4479 τὰ
786 4426 1047 4496 μέλλοντα
1076 4427 1354 4499 βλέπουσι,
1381 4432 1475 4485 καὶ
1499 4433 1637 4503 πρὸς
1665 4434 1756 4489 τὸν

190 4515 522 4584 ἀγωνοθέτην
557 4515 864 4584 κεχηνόσιν.
898 4515 1051 4568 Ἐπεὶ
1075 4519 1169 4570 καὶ
1195 4519 1224 4571 6
1258 4520 1526 4591 μακάριος
1553 4522 1757 4591 Στέφα-

1221 254 1310 311 DE
1349 254 1643 314 SANCTIS
1680 256 2133 316 MARTYRIBUS
2171 258 2422 318 SERMO.

3383 274 3488 328 613

1913 380 2020 447 δον,
2054 382 2186 436 ὅταν
2225 379 2429 455 ἀναζέῃ
2476 381 2583 436 τῶν
2625 384 2845 456 θερμῶν
2879 385 3087 441 ὑδάτων
3125 389 3159 459 ἡ
3204 390 3484 465 κολυμϐή-

1909 484 2034 558 θρα,
2072 486 2165 540 καὶ
2199 487 2386 559 μηδεὶς
2417 487 2592 561 θαρῤῇ
2621 488 2993 554 καταϐαίνειν,
3021 492 3128 557 ἓως
3163 493 3261 566 μὲν
3299 494 3365 550 ἂν
3395 496 3483 552 διὰ

1903 588 2079 656 λόγων
2133 590 2525 662 παρακαλῶσιν
2571 591 2834 664 ἀλλήλους
2877 594 2928 648 οί
2983 596 3078 648 ἐπὶ
3124 594 3220 650 τοῦ
3271 596 3485 669 χείλους

1905 691 2225 763 καθήμενοι,
2250 693 2442 748 οὐδένα
2474 694 2673 766 μᾶλλον
2701 695 3014 751 πείθουσιν·
3051 698 3273 753 ἐπειδὰν
3309 699 3367 753 δὲ
3400 698 3482 766 εἷς

1901 811 1985 858 τις
2008 795 2067 867 ἐξ
2091 795 2271 850 αὐτῶν
2300 796 2334 869 ἢ
2365 796 2464 869 τὴν
2495 799 2652 869 χεῖρα
2674 797 2861 871 καθίῃ,
2889 798 2923 870 ἦ
2948 799 3040 854 τὸν
3072 800 3208 856 πόδα
3236 800 3484 872 χαλάσας

1905 897 2043 968 μετά
2068 897 2163 952 τοῦ
2209 898 2430 972 θαρρεῖν
2468 900 2588 954 ὅλον
2622 903 2818 976 ἐναφίῃ
2848 902 2915 956 τὸ
2953 902 3136 976 σῶμα,
3170 904 3340 974 σιγῶν
3372 905 3482 959 τῶν

1901 1001 2072 1056 πολλά
2121 1001 2508 1074 φθεγγομένων
2566 1006 2767 1076 μᾶλλον
2825 1008 2891 1061 ἂν
2950 1007 3137 1064 ἔπεισε
3185 1011 3312 1076 τοὺς
3352 1008 3515 1097 ὶάεθω’

1901 1103 2242 1174 καθημένους
2290 1108 2697 1180 κατατολμῆσαι
2738 1110 2838 1180 τῆς
2874 1111 3284 1183 κολυμϐήθραςυ
3332 1114 3481 1169 οὕτω

1898 1205 1994 1259 καὶ
2038 1206 2266 1259 ἐπὶτῶν
2307 1208 2633 1281 μαρτύρων·
2669 1212 2765 1265 καὶ
2801 1211 2910 1283 γάρ
2942 1213 3182 1270 ἐνταῦθα
3223 1216 3346 1270 ἀντὶ
3377 1218 3478 1289 τῆς

1898 1304 2284 1378 κολυμϐήθρας
2313 1307 2423 1362 τῶν
2446 1309 2653 1364 ὑδάτων
2693 1313 2725 1383 ή
2759 1312 2911 1384 πυρά
2939 1315 3245 1386 πρόκειται.
3274 1319 3337 1372 Οἱ
3376 1319 3478 1389 μὲν

1897 1403 1990 1461 οῦν
2022 1406 2220 1474 ἔξωθεν
2255 1410 2678 1483 περιεστηκότες
2708 1413 2812 1468 κᾶν
2844 1417 3057 1487 μυρίοις
3092 1418 3273 1488 λόγοις
3302 1440 3478 1494 παρα-

1895 1509 2154 1575 καλῶσιν,
2193 1511 2254 1565 οὑ
2286 1512 2492 1583 σφόδρα
2519 1514 2826 1570 πείθουσιν·
2864 1518 2992 1571 ὅταν
3023 1519 3080 1573 δὲ
3123 1514 3204 1584 εἷς
3238 1540 3322 1586 τις
3366 1524 3477 1579 τῶν

1898 1611 2190 1684 μαρτύρων
2226 1613 2301 1685 μὴ
2332 1614 2423 1668 τὸν
2461 1615 2618 1684 πόδα,
2666 1618 2803 1688 μηδὲ
2842 1620 2943 1692 τὴν
2980 1624 3138 1693 χεῖρα
3183 1624 3342 1694 μόνον
3371 1645 3474 1697 χα-

1891 1711 2028 1784 λάσῃ
2070 1715 2241 1775 κάτω,
2286 1715 2400 1769 ἀλλ’
2433 1716 2553 1771 ὅλον
2589 1720 2773 1793 ἐπαφῇ
2804 1722 2866 1775 τὸ
2901 1720 3081 1794 σῶμα,
3117 1726 3299 1798 πάσης
3332 1746 3470 1801 παρα

1889 1814 2149 1881 αινέσεως
2192 1819 2286 1872 καὶ
2330 1819 2642 1892 συμϐουλῆς
2681 1822 3058 1895 δυνατωτέραν
3097 1830 3471 1901 παρεχόμενος

1886 1913 1987 1986 τὴν
2016 1915 2102 1970 διὰ
2130 1916 2238 1970 τῶν
2279 1920 2620 1992 πραγμάτων
2652 1925 2870 1993 πεῖραν,
2918 1925 3171 1983 ἐκϐάλλει
3220 1931 3330 1987 τῶν
3372 1951 3470 1987 πε-

1888 2020 2253 2090 ριεστηκότων
2276 2020 2376 2091 τήν
2402 2022 2663 2091 ἀγωνίαν.

1955 2118 2141 2175 Εἴδετε
2202 2121 2322 2187 πῶς
2374 2124 2723 2202 δυνατωτέρα
2777 2131 2875 2186 καὶ
2925 2133 3261 2209 σιγώντωνή
3314 2122 3467 2213 φωνή

1882 2221 1992 2275 τῶν
2034 2223 2356 2296 μαρτύρων;
2384 2225 2486 2281 Διά
2512 2228 2670 2284 τοῦτο
2711 2214 2923 2302 ἀφῆκεν
2966 2235 3098 2305 ἡμῖν
3126 2235 3197 2292 τὰ
3238 2237 3467 2310 σώματα

1881 2323 2062 2377 αὐτῶν
2093 2326 2121 2378 6
2155 2325 2319 2391 856;'
2353 2326 2441 2383 διά
2481 2328 2639 2385 τοῦτο
2679 2332 2848 2388 πάλαι
2878 2336 3222 2408 νικήσαντες,
3251 2341 3467 2397 οὐδέπω

1882 2428 1976 2484 καὶ
2008 2425 2102 2480 νῦν
2140 2415 2468 2500 ἀνέστησαν,
2505 2431 2646 2486 ἀλλά
2675 2436 2801 2498 τοὺς
2852 2437 3177 2508 μὲνάθλους
3231 2444 3463 2516 ὑπέμει-

1880 2542 1977 2580 ναν
2012 2528 2118 2600 πρὸ
2140 2531 2397 2585 τοσούτου
2427 2533 2642 2604 χρόνου,
2669 2536 2773 2608 τῆς
2796 2538 2854 2591 δὲ
2876 2540 3226 2608 ἀναστάσεως
3250 2547 3463 2603 οὐδέπω

1878 2629 2160 2701 ἐπέτυχον,
2212 2633 2425 2688 οὐδέπω
2471 2637 2559 2691 διὰ
2617 2639 2678 2692 σέ
2733 2641 2827 2694 καὶ
2886 2641 2986 2714 τήν
3037 2642 3309 2710 ὠφέλειαν
3359 2652 3459 2721 τὴν

1881 2730 1999 2803 σὴν,
2030 2732 2119 2786 ῐνα
2146 2734 2258 2787 -καὶ
2295 2736 2360 2788 σὺ
2406 2738 2615 2793 ἐκεῖνον
2660 2741 2752 2796 τὸν
2800 2743 3040 2818 ἀθλητὴν
3084 2749 3282 2804 ἐννοῶν
3323 2752 3462 2824 πρὸς

1876 2832 1969 2886 τὸν
2006 2835 2170 2890 αὐτὸν
2202 2836 2401 2909 δρόμον
2434 2840 2738 2915 διεγερθῇς.
2769 2844 2992 2912 Τούτοις
3029 2848 3128 2921 μὲν
3158 2852 3266 2923 γάρ
3308 2855 3459 2910 οὐδὲν

1878 2932 2074 3004 βλάϐος
2109 2938 2218 2991 ἀπὸ
2243 2938 2345 3010 τῆς
2378 2939 2673 3024 ἀναϐολῆς.
2695 2945 2934 3013 γίνεται·
2969 2951 3052 3004 col
3101 2952 3158 3007 δὲ
3203 2955 3459 3024 μέγιστον

1874 3031 2065 3101 ὄφελος
2087 3034 2153 3088 ἐκ
2177 3035 2276 3106 τῆς
2305 3037 2614 3105 ὑποθέσεως
2642 3016 2906 3098 τίκτεται.
2950 3048 3181 3104 Ἐκεῖνοι
3203 3016 3313 3121 ’μὲν
3347 3054 3456 3128 γὰρ

1877 3132 2027 3209 [655]
2058 3136 2195 3209 μετά
2221 3140 2396 3196 ταῦτα
2420 3142 2810 3216 ἀπολήψονται,
2842 3148 2945 3201 κᾶν
2977 3151 3051 3222 μή
3082 3152 3177 3206 νῦν
3210 3156 3458 3230 ἀπολαμ-

1874 3236 2136 3294 ϐάνωσιψ
2168 3242 2218 3295 εί
2256 3240 2312 3296 δὲ
2347 3244 2654 3316 ἐξήρπασεν
2681 3248 2881 3328 αὐτοὺς
2910 3251 2974 3304 ἐκ
3005 3251 3100 3306 τοῦ
3132 3254 3300 3325 μέσου
3334 3258 3451 3323 νῦν,

1875 3341 2072 3415 πολλὴν
2109 3342 2173 3398 ἂν
2212 3344 2367 3416 ήμῶν
2406 3347 2750 3423 παράκλησιν
2788 3353 2884 3407 καὶ
2917 3358 3271 3429 παραμυθίαν
3299 3361 3455 3430 ἀφεί-

1870 3442 2018 3497 λετο·
2054 3447 2286 3520 μεγίστη
2324 3449 2433 3519 γάρ
2468 3449 2638 3518 ὅντως
2676 3455 3021 3530 παράκλησις
3067 3461 3157 3514 καλ⁵
3193 3479 3454 3534 παραμυ-

1870 3541 1961 3599 θία
2001 3546 2111 3600 ἀπὸ
2159 3547 2269 3602 τῶν
2318 3550 2504 3622 τάφων
2535 3552 2646 3608 τῶν
2683 3556 2855 3625 ἁγίων
2886 3559 3094 3614 τούτων
3144 3564 3310 3619 πᾶσιν
3353 3568 3449 3620 ἀν-

1870 3644 2109 3716 θρώποις
2169 3652 2544 3721 προσγίνεται.
2603 3657 2716 3711 Καὶ
2763 3658 2875 3712 τῶν
2933 3660 3240 3733 λεγομένων
3293 3666 3451 3737 ὑμεῖς

1874 3747 2168 3821 μάρτυρες.
2208 3738 2474 3818 Πολλάκις
2509 3753 2642 3824 γοῦν
2678 3758 2835 3828 ἡμῶν
2865 3760 3253 3828 ἀπειλούντων,
3284 3769 3444 3820 κολα-

1870 3851 2157 3915 κευόντων,
2195 3853 2521 3923 φοϐούντων,
2583 3862 3022 3931 προτρεπόντων,
3075 3865 3138 3918 οὐ
3178 3868 3449 3942 τοσαύτην

1869 3953 2119 4021 ἐδέξασθε
2149 3957 2458 4029 προθυμίαν
2488 3962 2568 4025 είς
2606 3961 2789 4033 εὐχήν,
2819 3965 2938 4019 οὐδὲ
2972 3967 3328 4042 διηγέρθητεο
3364 3976 3447 4040 είς

1864 4053 1921 4107 δὲ
1957 4057 2255 4141 μαρτύριον
2306 4058 2661 4126 ἀπελθόντες,
2699 4064 2915 4129 οὐδενὸς
2963 4069 3443 4142 συμϐουλεύοντος,

1844 4160 1953 4213 ’τὸν
1991 4161 2161 4231 τάφον
2191 4161 2351 4232 μόνον
2382 4163 2601 4231 ίδόντες,
2628 4165 2733 4219 τῶν
2763 4167 2933 4236 άγίων
2963 4170 3164 4236 πολλὰς
3189 4173 3442 4246 ἐξεχέατε

1863 4260 2114 4332 δακρύων
2155 4263 2360 4334 πηγάς,
2396 4264 2491 4351 καὶ
2519 4264 2946 4341 διεθερμάνθητε
2992 4251 3049 4326 ἐν
3080 4276 3201 4339 ταῖς
3233 4278 3440 4349 εὐχαῖς.

1862 4362 2055 4417 Καίτοι
2083 4380 2148 4432 γε
2180 4365 2394 4435 ἄφωνος
2412 4366 2442 4420 6
2469 4365 2680 4439 μάρτυς
2707 4372 2885 4424 κεῖται
2909 4372 2967 4424 ἐν
2996 4373 3161 4445 πολλῇ
3191 4379 3255 4447 τῇ
3289 4382 3437 4451 σιγῇ.

1862 4467 1926 4520 Τί
1963 4469 2082 4521 ποτ’
2107 4462 2201 4522 οὖν
2237 4468 2354 4522 ἐστι
2382 4467 2443 4523 τὸ
2474 4470 2700 4525 κεντοῦν
2724 4472 2786 4526 τὸ
2818 4475 3084 4543 συνειδὸς,
3124 4479 3220 4533 καὶ
3252 4482 3440 4538 ποιοῦν

1861 4567 2051 4640 ὥσπερ
2100 4572 2165 4624 ἐκ
2227 4570 2411 4642 πηγῆς
2462 4571 2787 4638 ἀναϐλύζειν
2844 4577 2971 4640 τοὺς
3021 4578 3132 4632 τῶν
3184 4580 3437 4654 δακρύων

1859 4670 2156 4741 κρουνούς;
2187 4671 2334 4743 Αὐτὴ
2364 4670 2460 4725 τοῦ
2496 4673 2775 4747 μάρτυρος
2802 4677 2835 4746 ή
2871 4679 3163 4746 φαντασία,
3195 4682 3289 4736 καὶ
3328 4686 3437 4739 τῶν

1859 4771 2314 4842 κατορθωθέντων
2355 4774 2572 4829 πάντων
2606 4776 2640 4847 ἡ
2681 4778 2891 4849 μνήμη.
2934 4781 3204 4855 Καθάπερ
3246 4785 3356 4856 γὰρ
3384 4788 3435 4841 οἱ

1856 4872 2110 4945 πένητες,
2136 4874 2356 4928 ἐπειδὰν
2385 4874 2535 4929 ῐδωσι
2567 4875 2931 4945 πλουτοῦντας
2950 4882 3171 4957 ἑτέρους
3190 4888 3249 4940 ἐν
3279 4888 3453 4956 ἀξιὼ-

1858 4992 2021 5045 μσσιν
2064 4974 2246 5039 ὂντας,
2291 4975 2812 5050 δορυφορουμένους,
2861 4984 3063 5055 πολλῆς
3094 4989 3244 5059 παρὰ
3275 4989 3431 5059 βασι-

1853 5075 1989 5138 λέως
2019 5076 2185 5148 τιμῆς
2227 5077 2624 5146 ἀπολαύοντας,
2668 5081 3056 5155 ἀκριϐέστερον
3088 5087 3186 5156 τήν
3220 5088 3428 5145 ἑαυτῶν

1852 5173 2044 5229 πενίαν
2074 5176 2131 5229 ἐν
2159 5178 2279 5240 ταῖς
2306 5177 2507 5250 ἐτέρων
2532 5180 2860 5252 εὐπραγίαις
2895 5184 3256 5254 μανθάνοντες
3287 5188 3427 5243 ἀποε-

190 5274 271 5330 ;““’
1037 5274 1062 5298 ’⁸
1099 5274 1273 5299 "‘"""
1328 5274 1450 5296 ’”⁶”
1492 5274 1587 5302 "'"
1647 5274 1744 5341 λῖν
1850 5274 2129 5347 δύρονται·
2160 5274 2303 5332 οὕτω
2344 5277 2408 5350 δὴ
2451 5279 2546 5334 καὶ
2577 5281 2757 5351 ἡμεῖς,
2796 5282 3016 5337 ἐπειδὰν
3060 5286 3422 5359 ἀναμνησθῶ-

189 5334 248 5369 αν
294 5315 424 5368 εἴπω
470 5331 552 5368 οτι
600 5314 753 5368 ουδὲν
787 5314 898 5386 ἔχει
950 5317 1274 5388 φορτικὸνή
1330 5317 1592 5388 βάσανος,
1643 5339 1743 5377 ουκ
2017 5375 2044 5387 ,
2162 5375 2186 5388 ,,
2426 5378 2438 5388 ,
2678 5383 2728 5388 ,,
2818 5382 2829 5388 ,
2960 5383 2977 5388 ,
3065 5384 3084 5388 _.

186 5403 301 5472 είμὶ,
317 5402 623 5467 ἀξιόπιστος
646 5378 1057 5472 ταῦταηλέγων·
1087 5402 1232 5474 λόγῳ
1263 5378 1378 5476 ’γάρ
1412 5407 1479 5460 τὰ
1514 5378 1739 5463 evoluam
1852 5392 1952 5446 μεν
1982 5378 2082 5445 τῆς
2119 5378 2227 5430 τῶν
2265 5378 2557 5450 μαρτύρων
2585 5382 2917 5455 παρρησίας.
2951 5383 3018 5456 ἢν
3060 5384 3243 5456 ἔχουσι
3287 5391 3425 5461 πρὸς

187 5488 474 5560 φιλοσοφεῖν
501 5490 652 5544 οὐδὲν
683 5490 940 5545 δύσκολον
959 5506 975 5523 ·
1009 5494 1037 5544 6
1063 5491 1120 5544 δὲ
1149 5493 1358 5565 μάρτυς
1383 5496 1484 5566 τὴν
1516 5496 1602 5550 διά
1629 5497 1739 5551 τῶν
1847 5478 1940 5532 τὸν
1973 5476 2197 5548 βασιλέα
2238 5478 2350 5533 τῶν
2384 5480 2522 5535 ὅλων
2563 5480 2719 5548 θεὸν,
2766 5483 2863 5537 καὶ
2909 5484 3011 5556 τῆς
3040 5486 3424 5563 λαμπρότητος

187 5579 506 5648 πραγμάτων
541 5579 723 5650 φωνὴν
769 5579 972 5647 ἀφιεὶς,
1015 5580 1203 5634 οὐδένα
1253 5581 1366 5653 ἔχει
1401 5583 1492 5637 τὸν
1533 5586 1742 5640 ἀντιλέ-
1848 5581 1945 5633 καὶ
1968 5579 2069 5650 τῆς
2094 5578 2273 5652 δόξης,
2295 5582 2390 5634 καὶ
2419 5583 2526 5635 τῶν
2547 5582 2764 5639 οἰκείων
2783 5586 3223 5661 ἀναμνησθῶμεν
3250 5592 3424 5667 ἁμαρ·

186 5682 348 5737 γοντα.
374 5665 485 5721 Καὶ
523 5665 774 5734 καθάπερ
810 5667 903 5723 ἐπὶ
942 5667 1048 5721 τῶν
1077 5668 1372 5741 βαλανείων
1408 5670 1615 5742 γίνεται
1654 5674 1736 5730 ἐν·
1854 5680 2115 5752 τημάτων
2158 5681 2546 5755 ἀκριϐέστερον
2593 5687 2691 5758 τὴν
2737 5687 2948 5745 ἑαυτῶν
2986 5691 3176 5751 πενίαν
3208 5695 3273 5749 ἐκ
3318 5665 3420 5767 τῆς

190 4622 308 4668 νος,
350 4604 533 4676 ἐπειδὴ
587 4605 678 4657 τὸν
729 4604 964 4674 Χριστὸν
1010 4603 1157 4676 ἐώρα
1204 4611 1317 4672 τοῖς
1362 4610 1461 4681 τῆς
1513 4612 1752 4677 πίστεως

189 4693 503 4767 ῥεθαλμοῖς,
552 4692 641 4746 διὰ
690 4692 851 4747 τοῦτο
881 4693 990 4747 τῶν
1024 4693 1187 4748 λίθων
1236 4696 1335 4760 τὰς
1384 4698 1613 4767 νιφάδας
1652 4701 1752 4755 οὐκ

188 4764 340 4844 εἶδεν,
373 4781 485 4834 ἀλλ’
512 4781 626 4834 ἀντ’
649 4779 874 4835 ἐκείνων
900 4781 967 4836 τὰ
996 4782 1226 4854 βραϐεῖα
1256 4785 1353 4839 καὶ
1392 4764 1518 4851 τοῦς
1551 4788 1749 4859 στεφά-

189 4888 305 4933 νους
335 4869 575 4941 ἠρίθμει.
622 4871 733 4923 Kal
773 4872 838 4924 σὺ
880 4871 1062 4925 τοίνυν
1112 4874 1603 4944 μετάστησον-ἀπὸ
1641 4878 1750 4933 τῶν

189 4958 457 5030 παρόντων
482 4959 620 5030 πρὸς
640 4959 702 5012 τὸ
727 4958 918 5030 μέλλον
946 4960 1007 5014 τὸ
1031 4960 1141 5032 δμμ
1151 4979 1204 5027 α,
1228 4964 1322 5016 καὶ
1345 4963 1464 5018 οὐδὲ
1491 4964 1749 5037 βραχεῖαν

187 5047 288 5101 τῶν
310 5045 493 5100 δεινῶν
529 5045 675 5117 λήψῃ
703 5048 803 5117 τὴν
833 5047 1110 5117 αἴσθησιν.

255 5135 313 5207 β’.
333 5134 513 5191 Ταῦτα
537 5137 630 5189 καὶ
655 5135 873 5190 πλείονα
892 5136 1097 5191 τούτων
1115 5138 1164 5192 οἱ
1199 5138 1474 5212 μάρτυρες
1504 5141 1743 5211 λέγουσι,

188 5228 271 5285 καὶ
300 5226 537 5279 πείθουσι
573 5224 751 5295 πολλῷ
784 5226 1002 5296 μᾶλλον,
1030 5228 1062 5298 ἢ
1093 5230 1273 5299 ἡμεῖς.
1313 5228 1452 5296 Ἐγὼ
1492 5231 1592 5302 μὲν
1635 5234 1744 5307 γάρ
