3844 6280
434 245 536 302 θὶθ

427 359 651 413 ἐκείνων
697 355 959 427 εὐπορίας
1013 357 1318 419 κατιδόντες
1359 354 1628 426 ἀλγοῦμεν
1671 355 1765 408 καὶ
1799 354 1996 408 ὀδυνώ-

431 442 607 513 μεθα,
660 440 1168 511 καταμανθάνοντες
1219 441 1342 492 ὅσον
1393 438 1572 491 αὐτῶν
1624 439 1995 509 ἀπολιμπανόο

432 527 603 596 μεθα·
632 525 726 578 καὶ
753 523 904 575 τοῦτό
931 524 1044 574 ἐστι
1073 522 1133 573 τὸ
1159 521 1345 574 ποιοῦν
1371 523 1438 573 τά
1463 521 1692 592 δάκρυα.
1721 523 1818 576 Διά
1847 522 2005 576 τοῦτο

430 612 560 679 ήμῖν
598 609 664 662 τά
699 607 920 678 σώματα
959 606 1170 676 ἀφῆκεν
1202 605 1434 658 ἐνταῦθα
1467 607 1495 658 6
1528 605 1680 667 Θεὸς,
1711 605 1777 658 ἶν’
1811 607 1940 660 ὅταν
1977 607 2005 659 ὁ

427 693 538 745 τῶν
582 690 924 762 πραγμάτων
972 688 1128 758 όχλος
1163 688 1258 741 καί⁵
1295 689 1592 758 φροντίδων
1629 688 1835 758 πλῆθος
1876 689 2006 758 βιω-

428 774 596 827 τικῶν
639 773 829 835 σκότος
872 769 1006 823 πολὺ
1055 770 1156 840 τῆς
1193 770 1433 833 διανοίας
1485 771 1866 843 κατασκεδάσῃ
1906 772 2006 842 τῆς

429 857 728 928 ἡμετέρας,
771 855 803 924 ἢ
836 854 894 920 ἐξ
942 853 1225 906 ἰδιωτικῶν
1268 853 1300 923 ἢ
1335 855 1398 906 ἐκ
1433 854 1708 924 δημοσίων
1747 855 2006 926 πραγμά-

430 959 536 992 των
574 937 766 1004 (πολλὰ
811 937 868 990 δὲ
918 935 1188 1006 τοιαῦτα),
1236 936 1333 1008 τὴν
1379 937 1558 989 οίκίαν
1609 937 1860 1006 ἀφέντες,
1907 938 2008 1006 τῆς

429 1023 639 1085 πόλεως
703 1020 1040 1086 ἐξελθόντες,
1092 1018 1264 1074 πολλὰ
1314 1019 1527 1091 χαίρειν
1587 1023 1701 1084 τοῖς
1758 1019 2006 1090 θορύϐοις

424 1106 638 1167 τούτοις
693 1104 972 1168 εἰπόντες,
1028 1103 1475 1174 ἁναχωρήσωμεν
1530 1105 1610 1166 εἰς
1685 1095 2004 1174 μαρτύριον,

426 1189 826 1257 ἀπολαύσωμεν
859 1186 960 1255 τῆς
1001 1185 1173 1256 αὖρας
1219 1185 1436 1256 ἐκείνης
1471 1185 1570 1256 τῆς
1607 1186 2005 1256 πνευματικῆς,

429 1271 814 1342 ἐπιλαθώμεθα
850 1270 950 1340 τῆς
996 1270 1195 1338 πολλῆς
1231 1269 1449 1338 σχολῆς,
1483 1268 1906 1339 ἐντρυφήσωμεν
1940 1271 2006 1339 τῇ

428 1356 656 1426 ἡσυχίᾳ,
706 1351 1095 1422 συγγενώμεθα
1142 1354 1251 1415 τοῖς
1301 1351 1502 1419 ἁγίοις,
1537 1351 2007 1422 παρακαλέσωμεν

428 1440 607 1496 αὐτῶν
651 1439 742 1490 τὴν
781 1436 1122 1504 ἀγωνοθέτην
1161 1435 1301 1505 ὑπὲρ
1352 1434 1453 1505 τῆς
1503 1435 1775 1505 ἡμετέρας
1829 1451 2007 1504 σωτη-

435 1526 574 1595 ρίας,
621 1521 821 1581 πολλάς
862 1520 1141 1590 ἱκετηρίας
1175 1517 1474 1587 ἐκχέωμεν,
1519 1517 1608 1572 διὰ
1640 1517 1844 1573 τούτων
1875 1519 2008 1571 πάν-

431 1623 536 1658 των
606 1603 932 1672 ἀποθέμενοι
986 1601 1048 1654 τὸ
1100 1601 1264 1671 βάρος
1312 1600 1407 1653 τοῦ
1472 1599 1806 1664 συνειδότος,
1870 1599 2007 1671 μετά

433 1688 635 1758 πολλῆς
704 1685 803 1756 τῆς
873 1685 1478 1755 ψυχαγωγίας.οίκαδε
1547 1683 1710 1737 πάλιν
1775 1683 2006 1736 ἐπανέλ-

433 1773 635 1842 θωμεν.

502 1854 812 1926 Μαρτύρων
850 1852 1013 1923 θῆκαι
1043 1850 1195 1904 οὐδὲν
1235 1851 1360 1905 ἄλλο
1391 1851 1551 1916 εἰσὶν,
1585 1849 1758 1922 ἀλλ’ἢ
1792 1851 2007 1924 λιμένες

428 1939 716 2008 ἀσφαλεῖς,
773 1936 866 1990 καὶ
918 1935 1092 2004 πηγαὶ
1142 1934 1400 2004 ναμάτων
1452 1935 1859 2005 πνευματικῶν,
1913 1939 2006 1989 καὶ

430 2021 692 2093 θησαυροὶ
751 2018 1066 2089 περιουσίας
1107 2017 1408 2092 ἀνάλωτοι,
1453 2017 1725 2088 μηδέποτε
1787 2019 2008 2090 ἐλεγχό-

431 2121 604 2180 μενοιε
626 2106 733 2159 Καὶ
759 2103 1010 2174 καθάπερ
1028 2104 1077 2155 οἱ
1107 2102 1321 2168 λιμένες
1348 2102 1732 2174 ὑποδεχόμενοι
1752 2103 1820 2156 τά
1847 2104 2006 2156 πλοῖα

429 2192 642 2253 πολλοῖς
687 2187 893 2258 κύμασι
928 2186 1393 2258 περιαντληθέντα
1425 2188 1482 2239 ἐν
1529 2187 1798 2258 ἀσφαλείᾳ
1849 2188 2006 2240 καθι-

431 2276 648 2336 στῶσιν,
676 2273 816 2326 οῦτω
843 2271 908 2342 δὴ
944 2271 1038 2324 καὶ
1067 2269 1173 2322 τῶν
1207 2270 1500 2342 μαρτύρων
1529 2271 1586 2322 αἰ
1620 2270 1782 2340 θῆκαι
1818 2271 2008 2324 ὑποδε-

431 2360 662 2430 ξάμεναι
705 2357 803 2419 τάς
843 2355 1120 2426 ἡμετέρας
1159 2353 1337 2424 ψυχάς
1398 2353 1673 2422 βιωτικοῖς
1718 2355 2006 2425 πράγμασι

434 2439 938 2514 περιαντλουμένας
985 2439 1043 2490 ἐν
1090 2435 1259 2506 πολλῇ
1311 2435 1610 2488 καθιστῶσι
1659 2435 1870 2508 γαλήνῃ
1914 2435 2008 2489 καὶ

430 2525 736 2596 ἀσφαλείᾳ·
765 2523 866 2588 ,καὶ
895 2522 1086 2592 ὥσπερ
1118 2521 1174 2573 αί
1214 2519 1394 2591 πηγαὶ
1423 2519 1532 2573 τῶν
1575 2518 1800 2589 ψυχρῶν
1834 2520 2010 2589 ναμά-

429 2631 538 2666 των
572 2609 640 2664 τὰ
680 2607 1023 2678 πεπονηκότα
1063 2606 1158 2659 καὶ
1192 2603 1632 2674 καταφλεχθέντα
1669 2603 2007 2657 ἀνακτῶνται

433 2697 680 2766 σώματα,
727 2693 870 2746 οὕτω
911 2691 974 2761 δὴ
1019 2691 1112 2743 καὶ
1144 2683 1301 2744 αὗται
1340 2687 1438 2751 τὰς
1485 2687 1592 2740 ἀπὸ
1637 2687 1744 2740 τῶν
1791 2687 2008 2740 ἀτόπων

430 2779 618 2835 παθῶν
643 2773 1073 2835 κατακαυθείσας
1106 2771 1282 2841 ψυχὰς
1307 2769 1700 2840 καταψύχουσι,
1733 2767 1883 2840 [654]
1914 2769 2008 2821 καὶ

431 2862 727 2932 ἐπιθυμίαν
775 2860 994 2923 ἄτοπον,
1037 2857 1130 2909 καὶ
1171 2857 1364 2925 φθόνον
1407 2856 1662 2925 τήκοντα,
1694 2855 1788 2906 καὶ
1837 2853 2006 2924 θυμὸν

432 2948 643 3012 ζέοντα,
680 2946 773 2998 καὶ
808 2943 939 2995 εἴτι
971 2939 1210 2993 τοιοῦτον
1240 2939 1425 3010 ἕτερον
1462 2937 1877 3007 διενοχλήσειεν,
1901 2936 2007 2989 ἀπὸ

427 3035 526 3106 τῆς
564 3033 737 3104 ὄψεως
767 3033 931 3102 μόνης
963 3026 1379 3089 κατασϐέννυσι,
1407 3027 1501 3078 καὶ
1531 3024 1821 3096 θησαυρῶν
1847 3024 1904 3076 δὲ
1942 3025 2007 3077 ἐκ

430 3124 628 3194 πολλῆς
657 3122 754 3193 τῆς
794 3118 1110 3190 περιουσίας
1161 3115 1402 3186 βελτίους
1453 3118 1612 3170 εἰσίν.
1658 3117 1721 3170 Οἱ
1772 3116 1870 3186 μὲν
1897 3117 2006 3188 γὰρ

429 3215 535 3269 τῶν
565 3212 862 3285 χρημάτων
906 3208 1170 3280 θησαυροὶ
1224 3206 1452 3269 πολλοὺς
1491 3206 1793 3278 παρέχουσι
1825 3205 2008 3260 κινδύ-

426 3319 553 3365 νους
589 3303 702 3362 τοῖς
743 3298 1088 3369 εὑρίσκουσιν
1129 3295 1346 3360 αὐτοὺς,
1380 3294 1473 3347 καὶ
1508 3296 1588 3357 εἰς
1636 3294 1808 3348 πολλά
1865 3295 2004 3366 μέρη

425 3388 810 3460 διαιρεθέντες,
840 3385 1094 3447 ἐλάττους
1127 3383 1362 3450 γίνονται
1393 3384 1457 3452 τῇ
1486 3382 1743 3453 διανομῇ·
1775 3382 2008 3435 ἐνταῦθα

426 3481 484 3534 δὲ
514 3479 664 3532 οὐδὲν
696 3474 936 3528 τοιοῦτόν
965 3475 1132 3536 ἐστιν,
1172 3472 1286 3525 ἀλλ’
1323 3471 1605 3534 ἀκίνδυνος
1640 3472 1739 3540 μὲν
1769 3473 1802 3542 ή
1848 3471 2006 3543 εὔρε-

430 3584 534 3631 σις,
567 3563 837 3636 ἀμείωτος
863 3560 919 3614 δὲ
969 3562 1002 3632 ἡ
1040 3558 1334 3629 διαίρεσις,
1379 3558 1710 3621 ἀπεναντίας
1755 3562 1868 3624 τοῖς
1917 3562 2004 3614 αἰ-

429 3655 650 3724 σθητοῖς
683 3651 996 3721 θησαυροῖς.
1035 3648 1258 3700 Ἐκεῖνοι
1297 3647 1395 3717 μὲν
1439 3647 1566 3718 γὰρ,
1612 3647 1688 3710 ὡς
1719 3646 1890 3720 ἔφθην
1927 3651 2006 3702 ει-

428 3740 568 3807 πῶν,
613 3734 1215 3808 κατακερματισθέντες
1255 3734 1518 3798 ἐλάττους
1551 3735 1824 3802 γίνονται·
1858 3728 2004 3790 οὗτοι

421 3831 481 3887 δὲ
525 3832 653 3884 ὅταν
699 3827 777 3889 εἰς
816 3824 1041 3887 πολλοὺς
1091 3821 1435 3890 διαιρεθῶσι,
1488 3822 1609 3876 τότε
1666 3823 1864 3893 μᾶλλον
1909 3823 2004 3895 τὴν

423 3916 634 3972 οἰκείαν
685 3913 1048 3968 ἐνδείκνυνται
1117 3909 1400 3980 εὐπορίαν.
1442 3909 1679 3980 Τοιαύτη
1741 3911 1849 3982 γάρ
1896 3912 2005 3967 τῶν

427 4001 812 4074 πνευματικῶν
854 3999 1253 4072 πραγμάτωνή
1294 3997 1488 4066 φύσις·
1520 3998 1743 4065 αὒξεται
1781 4003 1847 4071 τῇ
1887 4001 2005 4053 δια-

424 4094 587 4162 νομῇ,
615 4091 708 4144 καὶ
739 4089 937 4142 πλείων
966 4087 1174 4155 γίνεται
1197 4088 1263 4158 τῇ
1286 4085 1568 4158 διαιρέσει.
1597 4087 1707 4157 Ούχ
1730 4087 1871 4140 οὕτω
1893 4087 2000 4140 λει-

428 4177 607 4250 μῶνές
637 4178 741 4231 εἰσι
781 4175 1031 4247 τερπνοί,
1077 4173 1204 4245 ῥόδα
1247 4174 1341 4227 καὶ
1383 4175 1438 4227 ῐα
1483 4175 1847 4245 παρεχόμενοι
1890 4177 2003 4240 τοῖς

423 4267 741 4338 θεωμένοις,
767 4265 841 4327 ώς
875 4264 1167 4334 μαρτύρων
1194 4263 1378 4330 τάφοι,
1414 4263 1726 4334 ἀμάραντόν
1755 4282 1878 4319 τινα
1905 4266 2002 4318 καὶ

424 4355 762 4412 ἀκατάλυτον
794 4355 913 4416 ταῖς
942 4351 1138 4422 ψυχαῖς
1169 4351 1533 4423 παρεχόμενοι
1569 4353 1678 4408 τῶν
1714 4355 2002 4426 θεωμένων

423 4447 524 4518 τὴν
553 4445 770 4516 ἡδονήν.

500 4533 568 4602 γ’.
611 4528 901 4600 Ἀψώμεθα
919 4528 1094 4581 τοίνυν
1131 4525 1238 4584 τῶν
1272 4526 1455 4598 θηκῶν
1489 4529 1714 4583 ἐκείνων
1749 4530 1886 4600 μετά
1913 4531 2004 4584 πί-

431 4635 637 4681 στεως,
684 4615 1166 4688 διαθερμανθῶμεν
1224 4616 1321 4683 τὴν
1375 4615 1632 4676 διάνοιαν,
1688 4618 2000 4690 κινήσωμεν

426 4705 714 4774 ὀδυρμούς.
742 4704 919 4758 Πολλά
947 4706 1079 4773 ἡμῖν
1111 4702 1422 4773 ἡμάρτηται
1458 4702 1549 4754 καί
1579 4703 1788 4771 μεγάλα
1824 4706 2001 4778 ἁμαρ-

429 4793 678 4860 τήματα·
721 4791 806 4842 διὰ
839 4788 994 4842 τοῦτο
1031 4789 1230 4858 πολλῆς
1278 4788 1508 4859 δεόμεθα
1546 4791 1644 4860 τῆς
1677 4789 1997 4860 θεραπείας,

432 4877 668 4949 σφοδρᾶς
696 4878 795 4947 τῆς
815 4875 1270 4946 ἐξομολογήσεως.
1293 4878 1598 4949 Ἐρρευσαν
1625 4880 1672 4931 οἱ
1701 4879 1844 4947 ἁγιοι
1871 4882 2002 4953 μάρ-

426 4984 590 5039 τυρες
628 4961 798 5038 αἷμα,
849 4965 1194 5036 ρευσάτωσάν
1232 4981 1313 5018 σοι
1358 4967 1407 5018 οἱ
1446 4967 1714 5039 ὀφθαλμοὶ
1753 4969 1996 5041 δάκρυα·

423 5057 679 5110 δύνανται
706 5063 799 5107 καὶ
825 5052 1034 5123 δάκρυα
1072 5051 1248 5121 πυρὰν
1282 5053 1691 5126 ἁμαρτημάτων
1729 5059 1997 5112 κατασϐέ-

428 5161 557 5198 σαι·
613 5142 1016 5213 κατεξάνθησαν
1068 5142 1263 5194 ἐκεῖνοι
1308 5141 1407 5206 τὰς
1458 5143 1715 5215 πλευράς,
1769 5146 1999 5217 δημίους

426 5230 563 5288 εἶδον
596 5229 1001 5304 περιεστῶτας·
1047 5229 1206 5282 τοῦτο
1247 5234 1341 5284 καὶ
1395 5232 1459 5284 σὺ
1507 5233 1729 5305 ποίησον
1779 5235 1870 5288 ἐπὶ
1922 5235 1998 5306 τῷ

427 5321 716 5375 συνειδότι·
752 5320 973 5374 κάθισον
1005 5319 1094 5372 τὸν
1124 5318 1382 5390 λογισμὸν
1425 5321 1712 5384 δικάζοντα
1763 5325 1855 5377 ἐπὶ
1900 5325 1995 5378 τοῦ

425 5410 616 5482 θρόνου
647 5409 748 5479 τῆς
778 5406 1073 5462 ἀδεκάστου
1103 5406 1362 5471 διανοίας,
1400 5410 1686 5480 παράγαγε
1711 5411 1779 5464 τά
1813 5413 1994 5484 ἡμαρ-

422 5497 636 5568 τημένα
685 5512 764 5548 σοι
813 5495 990 5549 πάντα
1034 5497 1114 5557 εἰς
1158 5493 1344 5565 μέσον,
1392 5497 1654 5566 φοϐεροὺς
1703 5499 1998 5570 ἐπίστησον

421 5587 537 5647 τοῖς
594 5583 1026 5652 πλημμελήμασι
1076 5581 1398 5653 λογισμοὺς,
1449 5584 1674 5638 κόλασον
1723 5585 1822 5649 τὰς
1867 5588 1992 5641 ἀτό-

428 5685 560 5730 πους
604 5668 960 5738 ἐνθυμήσεις,
1002 5669 1060 5734 ἐξ
1111 5663 1186 5723 ὧν
1234 5669 1301 5724 τὰ
1348 5673 1718 5743 ἁμαρτήματα
1768 5675 1989 5742 γέγονε,

1129 245 1184 298 S.
1226 244 1509 298 103Nle
1544 243 2037 299 CIIIHSUSTUMI
2067 244 2384 304 ARCHIEP.
2422 249 2974 313 CONSTANTINOP.

3584 260 3698 319 650

2109 361 2247 428 μετὰ
2292 363 2494 436 πολλῆς
2538 367 2946 434 καταξαινέσθω
2993 369 3093 440 τῆς
3137 371 3523 442 σφοδρότητος.
3578 375 3715 430 Ἐάν

2111 455 2251 510 οὕτω
2316 459 2701 533 μελετήσωμεν
2776 463 3017 530 δικάζειν
3075 467 3344 536 ἑαυτοὺς,
3408 468 3507 522 καὶ
3577 488 3710 540 φευ-

2107 555 2316 628 ξόμεθα
2347 559 2408 613 τὸ
2459 561 2690 632 φοϐερὸν
2730 564 2908 618 ἐκεῖνο
2966 568 3270 638 κριτήριον.
3331 568 3461 621 ’Ότι
3520 570 3643 638 γὰρ
3689 571 3718 625 6

2106 653 2305 724 κρίνων
2363 657 2554 714 ἑαυτὸν
2606 657 2732 724 νῦν,
2793 662 2888 715 καὶ
2947 661 3057 715 τῶν
3127 664 3549 736 ἡμαρτημένων
3617 667 3716 720 εὑ·-

2107 749 2270 816 θύνας
2317 753 2508 808 ἐαυτὸν
2577 756 2826 812 ἀπαιτῶν
2878 759 3168 832 ἀκριϐεῖς,
3214 761 3276 813 οὐ
3347 761 3518 814 δώσει
3570 762 3719 816 κατὰ

2105 846 2165 900 τὸ
2206 847 2399 918 μέλλον
2451 851 2627 923 δίκην,
2687 855 2920 911 ἄκουσον
2974 854 3070 909 τοῦ
3135 857 3352 912 Παύλου
3406 858 3680 927 λέγοντος
3704 876 3717 888 ·

2107 944 2180 997 Ei
2234 943 2343 1016 γὰρ
2397 947 2711 1019 ἐκρίνομεν
2763 952 3038 1020 ἑαυτοὺς,
3072 956 3184 1008 οὐκ
3219 955 3296 1008 ἂν
3347 955 3718 1024 ἐκρινόμεθα

2105 1041 2225 1096 ὑπὸ
2257 1042 2363 1096 τοῦ
2401 1045 2638 1111 Κυρίου.
2687 1047 2812 1111 Τοῖς
2846 1051 2955 1122 γάρ
2993 1050 3226 1116 ἀναξίως
3261 1052 3570 1122 μετέχουσι
3606 1052 3714 1104 τῶν

2111 1137 2425 1210 μυστηρίων
2461 1141 2728 1210 ἐγκαλῶν,
2777 1145 2948 1209 οὕτως
2989 1146 3193 1216 ἔλεγεν·
3241 1149 3304 1202 '0
3335 1150 3576 1204 ἐσθίων
3618 1151 3713 1202 καί

2109 1234 2298 1287 πίνων
2341 1237 2620 1304 ἀναξίως,
2656 1241 2872 1310 ἔνοχος
2906 1244 3078 1297 ἔσται
3121 1245 3227 1298 τοῦ
3277 1244 3572 1314 σώματος
3622 1247 3716 1300 καί

2108 1329 2214 1384 τοῦ
2235 1332 2482 1400 αἵματος
2504 1335 2610 1388 τοῦ
2633 1337 2874 1404 Κυρίου.
2908 1341 2974 1391 '0
2993 1339 3048 1392 δὲ
3074 1339 3221 1408 λέγει
3249 1340 3501 1394 τοιοῦτόν
3530 1343 3685 1394 ἐστιν
3702 1359 3713 1372 ·

2109 1425 2297 1500 ὥσπερ
2347 1431 2396 1482 οι
2455 1430 2890 1504 σταυρώσαντες,
2949 1435 3103 1505 φησὶ,
3153 1436 3244 1489 τὸν
3286 1435 3528 1508 Ἰησοῦν,
3574 1437 3714 1490 οὕτω

2111 1524 2206 1577 καὶ
2231 1527 2279 1578 οί
2335 1525 2445 1580 τῶν
2497 1529 2812 1602 μυστηρίων
2865 1530 3100 1596 ἀναξίως
3159 1533 3494 1603 μετέχοντες
3555 1532 3709 1605 δίκην

2109 1617 2385 1676 δώσουσιν.
2420 1625 2531 1678 Καὶ
2565 1625 2638 1696 μὴ
2670 1626 3064 1694 καταγνώσωσί
3101 1645 3244 1692 τινες
3268 1627 3595 1700 ὑπερϐολὴν
3621 1628 3708 1682 τοῦ

2111 1717 2286 1787 λόγου.
2324 1720 2557 1790 Ἰμάτιόν
2582 1722 2698 1776 ἐστι
2726 1723 3003 1792 βασιλικὸν
3044 1724 3106 1777 τὸ
3154 1725 3308 1795 σῶμα
3351 1724 3413 1778 τὸ
3459 1725 3710 1778 δεσποτι-

2111 1815 2206 1868 κόν
2232 1831 2246 1844 ·
2280 1816 2379 1888 τὴν
2401 1817 2457 1871 δὲ
2477 1818 2768 1889 ἁλουργίδα
2796 1820 2894 1892 τὴν
2919 1820 3205 1894 βασιλικὴν
3229 1823 3321 1875 καὶ
3348 1823 3378 1874 6
3397 1820 3706 1893 διαρρήξας

2114 1914 2206 1967 καὶ
2242 1916 2270 1967 6
2308 1916 2494 1986 χερσὶν
2527 1915 2860 1988 ἀκαθάρτοις
2906 1918 3140 1988 μολύνας
3178 1919 3384 1990 ὁμοίως
3424 1918 3704 1990 ὕϐρισαν·

2111 2011 2193 2065 διὸ
2221 2012 2315 2065 καὶ
2344 2014 2544 2084 ὁμοίως
2572 2014 2894 2080 κολάζονται
2920 2034 2934 2049 ·
2964 2015 3106 2071 οὕτω
3135 2019 3228 2072 καὶ
3253 2019 3348 2071 ἐπὶ
3376 2015 3482 2070 τοῦ
3519 2016 3703 2086 σώμαο

2107 2126 2199 2172 τος
2229 2109 2322 2163 τοῦ
2355 2110 2590 2182 Χριστοῦ
2622 2113 2849 2181 γίνεται.
2896 2114 3134 2168 Ἰουδαῖοι
3173 2114 3269 2185 μὲν
3303 2114 3442 2168 αὐτὸ
3482 2114 3701 2186 διέρρη-

2110 2205 2206 2272 ξαν
2236 2208 2346 2268 τοῖς
2376 2207 2524 2277 ῆλοις
2555 2209 2645 2261 ἐπὶ
2670 2209 2762 2262 τοῦ
2793 2209 3049 2281 σταυροῦ,
3076 2212 3139 2264 σὺ
3163 2211 3217 2263 δὲ
3246 2211 3302 2263 ἐν
3329 2211 3702 2282 ἁμαρτήμασι

2109 2304 2238 2369 ζῶν,
2273 2306 2567 2377 ἀκαθάρτῳ
2604 2323 2663 2359 τε
2711 2306 2925 2380 γλώττῃ
2972 2307 3066 2361 καὶ
3106 2307 3333 2378 διανοίᾳ.
3384 2308 3496 2361 Διά
3549 2307 3704 2361 τοῦτο

2109 2401 2204 2454 καὶ
2235 2401 2332 2471 τὴν
2363 2401 2531 2473 αὐτὴν
2558 2403 2841 2474 ἐπήρτησέ
2890 2421 2970 2457 σοι
3017 2403 3174 2476 δίκην
3222 2407 3252 2458 6
3301 2403 3551 2468 Παῦλος,
3615 2403 3705 2458 καὶ

2109 2497 2301 2566 ἐπάγει
2330 2497 2521 2566 λέγων·
2556 2499 2659 2552 Διά
2687 2500 2862 2555 τοῦτο
2893 2501 2963 2555 ἐν
2990 2501 3133 2572 ὑμῖν
3162 2500 3384 2555 πολλοὶ
3418 2499 3703 2566 ἀσθενεῖς

2107 2596 2206 2649 καὶ
2253 2595 2564 2664 ἄρρωστοι,
2599 2597 2749 2670 [655]
2804 2597 2906 2653 καί
2943 2598 3258 2668 κοιμῶνται
3293 2599 3522 2653 ἱκανοί.
3575 2593 3701 2650 Εἶτα

2108 2691 2316 2755 δεικνὺς
2344 2693 2488 2748 ὅτιοί
2511 2693 2608 2758 τὰς
2635 2694 2865 2760 εὐθύνας
2895 2695 3004 2750 τῶν
3030 2696 3446 2768 ἁμαρτημάτων
3480 2696 3700 2756 ἑαυτοὺς

2108 2788 2462 2854 ἀπαιτοῦντες
2491 2789 2746 2856 ἐνταῦθα,
2788 2790 3099 2856 δικάζοντες
3133 2789 3308 2846 αὐτῶν
3347 2793 3469 2854 τοῖς
3519 2792 3699 2861 πλημ-

2113 2886 2406 2957 μελήμασι,
2463 2886 2557 2940 καὶ
2603 2886 2800 2958 μηκέτι
2849 2890 2963 2951 τοῖς
3007 2888 3190 2950 αὐτοῖς
3246 2887 3697 2958 περιπίπτοντες,

2107 2984 2421 3057 δυνήσονται
2451 2985 2757 3058 ἐξαρπάσαι
2787 2986 2888 3057 τῆς
2924 2986 3222 3058 μελλούσης
3254 2987 3493 3050 ἑαυτοὺς
3521 2986 3697 3057 ψήφου

2107 3081 2206 3152 τῆς
2250 3081 2486 3154 φοϐερᾶς
2539 3082 2754 3152 ἐκείνης
2799 3082 2894 3138 καὶ
2946 3083 3343 3154 ἀπαραιτήτου,
3383 3083 3698 3154 προσέθηκε

2107 3175 2280 3246 λέγων
2301 3193 2316 3210 ’
2347 3179 2420 3233 El
2442 3180 2552 3246 γὰρ
2581 3177 2834 3245 ἑαυτοὺς
2859 3179 3193 3248 ἐκρίναμεν,
3221 3179 3337 3234 οὐκ
3364 3179 3446 3232 ἂν
3474 3179 3699 3248 ἐκρινό-
3719 3177 3738 3182 ’

2102 3278 2256 3344 μεθα
2275 3291 2290 3306 ·
2315 3273 2456 3330 νυνί
2500 3273 2570 3328 δὲ
2603 3276 2940 3345 κρινόμενοι
2972 3276 3089 3332 ὑπὸ
3132 3275 3239 3330 τοῦ
3284 3275 3524 3344 Κυρίου
3570 3293 3697 3330 παι-

2107 3371 2417 3441 δευόμεθα,
2453 3371 2554 3426 ἵνα
2579 3371 2666 3442 μὴ
2705 3372 2828 3426 σὺν
2865 3372 2946 3438 τῷ
2983 3374 3190 3442 κόσμῳ
3221 3372 3694 3442 κατακριθῶμεν.

2108 3467 2515 3539 Καταξάνωμεν
2548 3467 2728 3522 τοίνυν
2778 3469 2936 3540 ήμῶν
2987 3469 3083 3541 τὴν
3131 3468 3394 3534 διάνοιαν,
3448 3471 3697 3541 σφοδρῶς

2108 3563 2468 3634 ἐπιτιμῶντες
2513 3566 2628 3627 τοῖς
2669 3565 2988 3628 ἀκολάστοις
3032 3565 3141 3619 τῶν
3187 3564 3473 3635 λογισμῶν
3501 3583 3518 3596 ·
3566 3568 3696 3618 ἀπο-

2110 3659 2404 3731 σμήξωμεν
2459 3659 2620 3732 ήμῶν
2676 3659 2777 3724 τάς
2825 3661 3043 3731 κηλῖδας
3096 3660 3184 3714 διὰ
3235 3659 3348 3714 τῶν
3399 3661 3694 3730 δακρύων·

2111 3757 2287 3827 μέγας
2331 3756 2441 3811 τῶν
2489 3757 2740 3829 ὀδυρμῶν
2776 3757 2981 3811 τούτων
3013 3760 3042 3811 ό
3071 3757 3300 3829 καρπὸς,
3340 3758 3566 3832 μεγάλη
3603 3776 3699 3812 πα-

2112 3853 2371 3926 ράκλησις
2417 3852 2512 3906 καὶ
2562 3853 2903 3926 παραμυθία.
2939 3855 3148 3925 Ὠσπερ
3191 3853 3300 3926 γάρ
3345 3855 3574 3927 μεγάλη
3609 3855 3696 3908 τοῦ

2106 3949 2340 4018 γέλωτος
2385 3950 2478 4003 καὶ
2519 3950 2619 4021 τῆς
2671 3949 3032 4022 διαχύσεωςή
3071 3950 3310 4017 κόλασις,
3351 3951 3506 4004 οῦτω
3549 3954 3696 4006 καὶὸ

2105 4045 2357 4118 διηνεκὴς
2410 4046 2642 4118 ὀδυρμὸς
2704 4045 3044 4119 παράκλησιν
3103 4049 3342 4118 ἐμποιεῖ.
3405 4049 3696 4117 Μακάριοι

2106 4145 2234 4216 γάρ,
2268 4143 2451 4215 φησὶν,
2483 4146 2537 4198 οὶ
2564 4143 2944 4210 πενθοῦντες,
2973 4142 3062 4196 ὅτι
3094 4143 3694 4212 παρακληθήσονται.

2100 4243 2246 4297 Οὐαί
2288 4241 2414 4308 τοῖς
2454 4239 2734 4310 γελῶσιν,
2790 4239 2882 4295 ὅτι
2926 4241 3095 4294 αὐτοὶ
3141 4240 3553 4295 κλαύσονται.
3608 4241 3696 4293 Διά

2105 4339 2261 4392 τοῦτο
2303 4339 2397 4392 καὶ
2436 4339 2465 4391 6
2503 4336 2736 4404 Παῦλος,
2791 4335 2966 4392 καίτοι
3015 4336 3181 4408 μηδὲν
3215 4335 3399 4406 ἐαυτῷ
3437 4337 3696 4400 cuvef‘u;

2103 4434 2431 4506 ἁμάρτημα,
2484 4436 2540 4487 ἐν
2582 4433 2812 4503 δάκρυσι
2856 4433 2952 4486 καὶ
2997 4431 3217 4504 θρήνοις
3273 4432 3370 4486 τὸν
3406 4434 3600 4487 πάντα
3627 4434 3697 4486 διο

2104 4530 2286 4601 έτριϐε
2329 4530 2540 4602 χρόνον.
2582 4530 2678 4594 Τίς
2712 4531 2886 4586 ταῦτά
2919 4547 3116 4601 φησιν;
3154 4528 3327 4592 Αὐτὸς
3365 4530 3397 4583 6
3425 4532 3696 4603 μακάριος

2105 4625 2308 4685 ἐκεῖνος
2337 4637 2352 4653 ·
2394 4623 2653 4690 Τριετίαν
2685 4623 2874 4676 νύκτα
2919 4622 3018 4676 καὶ
3059 4621 3307 4691 ἡμέραν,
3349 4623 3554 4692 φησὶν,
3595 4626 3696 4678 οὐκ

2103 4713 2462 4782 ἐπαυσάμην
2481 4713 2630 4782 μετὰ
2659 4713 2934 4782 δακρύων
2961 4713 3261 4768 νουθετῶν
3287 4714 3402 4767 ἕνα
3431 4715 3698 4771 ἕκαστον

2103 4803 2292 4874 ὑμῶν.
2338 4806 2573 4868 Ἐκεῖνος
2631 4806 2889 4877 τριετίαν,
2947 4807 3110 4877 ήμεῖς
3163 4805 3268 4860 κᾶν
3335 4807 3496 4876 μῆνα
3567 4809 3694 4862 ἕνα·

2103 4901 2309 4964 ἐκεῖνος
2336 4902 2536 4965 νύκτας
2575 4903 2668 4955 καὶ
2706 4902 2940 4973 ἡμέρας,
2977 4903 3183 4966 ἐκεῖνος
3215 4902 3359 4973 ὑπὲρ
3395 4903 3695 4977 ἀλλοτρίων

2102 5000 2535 5070 ἁμαρτημάτων,
2569 5001 2727 5070 ἡμεῖς
2756 4999 2856 5054 κᾶν
2885 4999 3026 5071 ὑπὲρ
3057 5000 3160 5052 τῶν
3191 5000 3411 5053 οἰκείων
3435 5001 3550 5074 πλη
3560 5021 3695 5073 p.51;-

2102 5097 2358 5169 λημάτων
2389 5113 2402 5126 ·
2439 5097 2641 5160 ἐκεῖνος
2674 5096 2825 5149 οὐδὲν
2856 5095 3035 5166 ἐαυτῷ
3081 5095 3352 5160 συνειδὼς,
3394 5099 3571 5169 ἡμεῖς
3604 5100 3694 5153 κάν

2101 5193 2187 5248 διὰ
2229 5195 2328 5266 τὴν
2373 5194 2595 5265 βαρεῖαν
2641 5193 2796 5264 ἡμῶν
2847 5193 3166 5264 συνείδησιν.
3215 5193 3372 5256 Τίνος
3414 5195 3475 5248 δὲ
3515 5197 3695 5249 ἕνεκεν

2102 5291 2306 5354 κλαίεις
2338 5292 2425 5346 διὰ
2456 5292 2508 5344 τί
2544 5291 2617 5362 μὴ
2652 5290 2889 5344 διδάσκει
2920 5289 3012 5344 καὶ
3047 5293 3304 5362 παραινεῖ
3335 5291 3532 5360 μόνον,
3568 5293 3692 5347 ἀλλὰ
3793 5345 3795 5370 ε

2101 5389 2194 5443 καὶ
2217 5389 2427 5461 δάκρυα
2453 5387 2805 5460 προστίθησι;
2832 5386 3095 5458 Καθάπερ
3125 5388 3309 5460 πατὴρ
3335 5390 3689 5463 φιλόστοργος

2102 5486 2270 5540 παῖδα
2324 5485 2462 5556 ἔχων
2519 5484 2781 5555 μονογενῆ
2833 5483 3115 5555 ἀρρωστίᾳ
3167 5489 3571 5556 περιπεσόντα,
3624 5490 3686 5558 μὴ

2101 5581 2455 5651 προσιέμενον
2488 5581 2555 5634 τά
2595 5580 2862 5651 φάρμακα
2900 5580 3009 5634 τῶν
3041 5581 3259 5652 ἰατρῶν,
3301 5582 3443 5638 ἀλλά
3473 5585 3688 5640 διωθούο

2106 5698 2282 5752 μενον,
2324 5677 2781 5750 παρακαθήμενος
2827 5679 3131 5746 κολακεύει,
3174 5681 3338 5751 φιλεῖ,
3381 5683 3681 5755 περιπτύσ-
