3844 6280
1143 171 1168 186 κ

99 286 221 340 649

73 412 215 455 cata
253 397 513 466 redeunt,
536 395 664 452 dum
693 395 968 466 penuriam
995 405 1232 451 nostram
1264 396 1452 452 melius
1478 413 1548 454 ex
1577 398 1700 454 illo-

76 507 221 546 rum
273 490 471 560 opibus
513 488 1006 552 animadvertimus,
1049 488 1292 543 dolemus
1337 499 1393 543 et
1437 491 1698 560 angimur,

82 583 231 636 dum
282 580 658 650 intelligimus,
689 589 888 648 quanto
918 579 984 633 ab
1015 578 1119 634 illis
1166 579 1450 635 intervallo
1477 596 1699 650 separe-

90 690 228 729 mur
276 691 290 726 :
345 684 506 743 atque
558 671 661 725 hoc
701 680 802 738 est,
833 670 974 740 quod
1023 671 1176 726 nobis
1227 671 1488 743 lacrymas
1535 673 1697 728 elicit.

86 765 401 836 Propterea
451 763 605 818 nobis
654 762 739 817 hic
784 777 1010 832 corpora
1057 762 1273 833 reliquit
1322 764 1498 831 Deus,
1547 774 1606 818 ut
1653 767 1699 820 si

77 858 322 926 quando
374 856 710 926 negotiorum
757 855 932 921 turba,
976 869 1332 924 curarumque
1361 855 1697 911 saecularium

81 949 394 1003 multitudo
424 949 588 1003 menti
619 957 818 1002 nostra:
844 947 1126 1017 caliginem
1157 948 1379 1003 multam
1427 948 1693 1016 olIuderit,

75 1042 215 1094 sive
261 1055 330 1094 ex
373 1038 680 1094 domesticis
720 1038 833 1092 sive
865 1035 1094 1106 publicis
1139 1052 1208 1092 ex
1239 1038 1486 1109 negotiis,
1521 1042 1695 1110 qualia

75 1133 271 1187 multa
305 1133 452 1188 nasci
497 1132 672 1186 solent
718 1129 1096 1200 impedimenta
1127 1147 1140 1184 :
1183 1139 1294 1184 tum
1323 1131 1507 1186 relicta
1537 1131 1696 1186 domo

71 1241 163 1280 ex
220 1227 359 1281 urbe
406 1224 628 1296 egressi,
678 1223 762 1278 his
809 1223 1124 1277 tumultibus
1178 1223 1297 1278 vale
1344 1223 1583 1279 dicentes
1628 1224 1694 1279 ad

74 1327 399 1390 martyrum
430 1316 714 1372 ecclesiam
764 1328 862 1369 nos
887 1312 1244 1381 conferamus,
1272 1328 1400 1369 aura
1453 1315 1541 1368 illa
1585 1315 1694 1385 spi-

71 1410 278 1464 rituali
322 1409 584 1474 fruamur,
632 1406 918 1462 multarum
964 1407 1370 1477 occupationum
1417 1407 1693 1463 oblivisca-

75 1518 240 1567 mur,
271 1501 452 1572 quiete
496 1516 594 1554 nos
621 1499 973 1566 oblectemus,
1002 1514 1122 1554 cum
1165 1500 1366 1554 sanctis
1393 1515 1688 1567 versemur,

75 1608 195 1662 pro
226 1593 401 1648 salute
422 1601 602 1648 nostra
631 1590 913 1663 praesidem
942 1591 1295 1646 certaminum
1343 1592 1582 1662 ipsorum
1627 1607 1691 1649 ac

75 1692 493 1739 muneratorcm
523 1699 759 1752 oremus,
776 1683 971 1738 multas
988 1698 1181 1753 preces
1209 1682 1508 1748 fundamus,
1525 1693 1688 1756 atque

72 1775 286 1828 horum
322 1775 564 1830 omnium
613 1789 772 1844 opera
803 1789 924 1829 cum
969 1788 1106 1828 onus
1134 1774 1478 1830 conscientia:
1519 1776 1686 1846 depo-

81 1869 395 1931 suerimus,
425 1866 587 1921 multa
611 1880 732 1921 cum
758 1864 922 1921 animi
961 1867 1227 1935 voluptate
1251 1865 1468 1922 domum
1494 1866 1684 1923 iterum

74 1967 454 2013 revertamur.

162 2049 292 2104 Cum
321 2049 564 2120 portubus
591 2058 638 2104 et
664 2049 886 2120 fontibus
909 2060 1272 2122 comparantur
1294 2051 1520 2122 reliquiae
1541 2051 1686 2105 Mar-

72 2148 258 2210 tyrum
282 2156 302 2204 ;
325 2157 405 2194 res
443 2141 730 2211 spirituales
768 2141 1118 2201 distributione
1161 2151 1432 2208 crescunt;
1475 2143 1682 2214 indigne

71 2234 524 2287 communicantes
555 2233 816 2304 puniendi.
845 2263 918 2274 —
943 2233 1082 2288 Nihil
1113 2233 1257 2288 aliud
1301 2243 1425 2290 sunt
1476 2245 1671 2307 marty-

71 2341 207 2380 rum
234 2327 484 2395 capsulae,
517 2341 678 2396 quam
702 2326 874 2381 securi
904 2335 1110 2396 portus,
1139 2341 1202 2382 ac
1219 2327 1573 2398 spiritualium
1605 2329 1680 2384 la-

70 2417 251 2471 ticum
280 2418 450 2472 fontes
471 2457 486 2481 ,
515 2417 748 2472 inviolati
779 2432 938 2486 opum
968 2416 1202 2472 thesauri
1228 2459 1242 2483 ,
1271 2419 1358 2489 qui
1385 2434 1677 2490 numquam

69 2507 492 2563 exhauriuntur.
540 2509 603 2562 Et
625 2508 1075 2578 quemadmodum
1107 2517 1291 2578 portus
1337 2509 1463 2564 dum
1495 2510 1677 2566 multis

67 2597 337 2652 fluctibus
362 2597 709 2653 circumfusas
735 2612 899 2653 naves
929 2598 1222 2668 excipiunt,
1251 2599 1302 2653 in
1324 2607 1434 2654 tuto
1455 2615 1548 2655 eas
1567 2601 1674 2656 col-

64 2688 261 2742 locant
288 2705 301 2742 :
327 2688 406 2742 sic
450 2688 698 2742 nimirum
729 2697 782 2742 et
809 2696 1100 2758 martyrum
1120 2689 1371 2759 capsulat,
1403 2689 1530 2746 dum
1565 2705 1672 2746 sa:-

63 2778 356 2833 cularibus
383 2779 606 2848 negotiis
643 2777 989 2833 circumfusas
1023 2781 1226 2836 animas
1266 2768 1477 2836 nostras
1523 2783 1673 2838 exci-

64 2868 270 2937 piunt,
305 2868 356 2922 in
385 2869 550 2923 multa
573 2868 688 2923 illas
715 2869 1093 2938 tranquillitate
1125 2885 1188 2925 ac
1229 2871 1511 2928 securitate
1537 2888 1672 2930 con-

61 2959 309 3012 stituunt
335 2975 348 3011 :
378 2967 432 3012 et
482 2957 928 3028 quemadmodum
971 2958 1268 3029 gelidarum
1302 2959 1473 3016 fontes
1502 2977 1671 3033 aqua-

63 3063 199 3102 rum
242 3046 435 3102 afﬂicta
483 3048 749 3103 laboribus
792 3056 847 3104 et
886 3049 1064 3104 calore
1096 3049 1304 3105 defessa
1330 3065 1553 3122 corpora
1580 3070 1669 3110 re-

62 3149 296 3196 creant:
327 3141 402 3195 sic
432 3141 680 3196 nimirum
701 3151 758 3196 et
803 3141 917 3196 ista:
945 3142 1122 3212 pravis
1151 3141 1501 3199 inflammatas
1542 3145 1671 3201 alle-

65 3232 258 3286 ctibus
284 3231 488 3286 animas
513 3231 848 3302 refrigerant,
873 3241 927 3287 et
955 3233 1263 3288 obscmnam
1285 3233 1628 3303 cupiditatem
1648 3279 1664 3304 ,

63 3324 330 3378 invidiam
354 3323 693 3390 exedentem,
727 3324 967 3394 iramque
1011 3323 1303 3379 ferventem
1331 3367 1346 3393 ,
1372 3333 1426 3380 et
1469 3327 1512 3380 si
1540 3327 1666 3396 quid

61 3416 217 3470 aliud
241 3415 505 3485 ejusmodi
535 3417 804 3486 negotium
828 3416 1061 3482 facessit,
1090 3416 1205 3472 solo
1230 3427 1474 3488 aSpectus
1504 3417 1665 3474 edant

63 3519 122 3562 et
150 3508 518 3578 exstinguunt.
550 3507 832 3562 Enimvero
859 3507 1124 3562 thesauris
1172 3510 1329 3562 etiam
1356 3509 1513 3580 longe
1540 3519 1665 3566 sunt

60 3599 352 3666 potiores:
384 3595 644 3666 siquidem
688 3597 1032 3666 pecuniarum
1063 3596 1298 3652 thesauri
1317 3599 1480 3653 multa
1511 3599 1615 3654 illis
1644 3641 1659 3666 ,

63 3704 94 3742 a
127 3688 329 3760 quibus
372 3687 570 3742 inventi
615 3686 841 3754 fuerint,
889 3699 1071 3744 creant
1116 3690 1390 3759 pericula,
1433 3705 1661 3762 cumque

62 3783 271 3835 multas
292 3779 442 3834 divisi
469 3780 519 3834 in
545 3791 722 3850 partes
752 3780 968 3848 fuerint,
996 3781 1257 3838 divisione
1303 3783 1612 3840 minuuntur
1641 3804 1656 3842 :

65 3871 157 3926 hic
190 3886 323 3925 vero
343 3871 472 3925 nihil
497 3872 600 3927 tale
627 3879 728 3939 est,
760 3872 853 3927 sed
884 3887 1081 3942 espers
1110 3874 1332 3942 periculi
1369 3883 1452 3930 est
1477 3875 1660 3931 inven-

65 3965 184 4028 tio;
221 3977 394 4031 neque
440 3961 845 4018 diminutionem
898 3964 1052 4017 affert
1108 3964 1337 4032 divisio,
1398 3966 1657 4038 planeque

66 4052 403 4108 contrarium
431 4053 627 4119 evenit,
660 4055 801 4124 quod
854 4054 1128 4108 sensilium
1159 4070 1338 4110 rerum
1369 4056 1651 4114 thesauris.

67 4146 204 4201 Nam
238 4147 316 4201 illi
346 4148 578 4218 quidem,
615 4158 670 4204 ut
713 4157 837 4204 ante
875 4149 1004 4213 dixi,
1055 4150 1098 4203 si
1127 4150 1319 4203 multas
1344 4149 1558 4207 dissecti
1601 4153 1652 4208 in

67 4249 254 4307 partes
288 4237 502 4307 fuerint,
532 4241 767 4296 minores
794 4241 958 4306 ﬁunt;
993 4241 1078 4294 isti
1119 4255 1250 4296 vero
1278 4256 1397 4295 cum
1428 4243 1480 4296 in
1511 4245 1652 4298 mul-

67 4339 148 4384 tos
180 4329 377 4384 fuerint
420 4331 723 4398 distributi,
778 4340 886 4385 tum
918 4346 1067 4385 suam
1111 4331 1277 4400 magis
1328 4333 1650 4402 opulentiam

63 4421 374 4474 ostendunt.
409 4420 552 4476 Talis
602 4421 796 4492 quippe
826 4437 1003 4476 rerum
1047 4430 1130 4476 est
1175 4421 1526 4491 spiritualium
1555 4441 1652 4480 na-

65 4520 179 4564 tura
207 4529 221 4576 ;
259 4510 628 4567 distributione
657 4513 870 4578 crescit,
894 4512 1223 4568 etdivisione
1250 4513 1648 4584 multiplicatur.

63 4600 176 4656 Non
218 4603 290 4656 ita
335 4618 433 4658 nos
479 4612 626 4672 prata
682 4603 986 4669 delectant,
1024 4603 1150 4658 dum
1196 4618 1346 4659 rosas
1378 4605 1652 4677 violasque

61 4693 386 4762 Spectandas
435 4694 816 4764 suppeditant,
855 4710 918 4750 ac
962 4706 1252 4767 martyrum
1283 4697 1488 4763 tumuli,
1522 4698 1648 4754 dum

60 4799 353 4856 numquam
385 4797 800 4842 marcescentem
845 4797 900 4842 et
935 4787 1352 4845 indissolubilem
1375 4798 1649 4861 spectato-

61 4889 176 4928 rum
210 4877 407 4932 animis
436 4877 668 4933 afferunt
697 4879 1043 4949 voluptatem.

132 4967 184 5022 3.
249 4967 457 5022 Thecas
488 4969 646 5039 igitur
698 4969 816 5024 illas
863 4986 983 5025 cum
1033 4970 1138 5026 fide
1189 4970 1643 5041 complectamur,

65 5054 463 5112 inardescatnus
514 5067 711 5123 mente,
761 5061 988 5129 gemitus
1043 5058 1446 5129 profundamus.
1484 5061 1645 5116 Multa

64 5157 185 5201 sunt
213 5164 242 5202 a
283 5147 432 5203 nobis
463 5149 693 5204 admissa
724 5151 941 5230 delicta,
983 5159 1038 5204 et
1068 5165 1257 5220 magna
1287 5161 1414 5205 sunt
1463 5163 1644 5206 nostra

65 5252 280 5306 peccata
305 5259 317 5293 :
341 5251 619 5311 propterea
649 5243 810 5297 multa
843 5242 1127 5307 medicina,
1166 5251 1221 5296 et
1250 5241 1485 5313 diligenti
1517 5257 1647 5298 con-

66 5329 297 5389 fessione
349 5334 670 5404 indigemus.
723 5333 1038 5388 Effuderunt
1097 5335 1409 5404 sanguinem
1475 5339 1642 5394 sancti

66 5433 327 5494 martyres
351 5466 365 5487 ,
393 5425 531 5479 oculi
559 5425 633 5478 tui
665 5425 930 5496 lacrymas
959 5425 1052 5479 tibi
1081 5423 1356 5480 effundant
1381 5443 1394 5480 :
1423 5435 1647 5496 possunt

67 5520 119 5566 et
145 5513 392 5588 lacrymae
419 5525 761 5586 peccatorum
790 5530 978 5586 rogum
1004 5517 1378 5586 exstinguere;
1414 5517 1644 5575 lacerata

71 5603 279 5661 fuerunt
305 5607 406 5662 illis
428 5607 614 5675 latera,
637 5607 915 5662 carnifices
932 5606 1180 5663 videbant
1203 5608 1640 5670 circumstantes:

75 5693 298 5767 ldipsum
327 5708 382 5756 tu
411 5715 619 5772 quoque
642 5699 900 5757 adversus
932 5709 1072 5756 tuam
1102 5700 1479 5758 conscientiam
1501 5717 1640 5773 pra:-

1151 279 1238 335 DE
1278 280 1563 339 SANCTIS
1602 282 2045 341 MARTYRIBUS
2083 282 2337 342 SERMO.

3294 298 3395 354 650

1811 403 1892 449 sta
1925 412 1939 450 :
1966 401 2224 452 ratlonem
2252 408 2518 472 tamquam
2538 402 2896 476 incorruptmu
2924 405 3154 476 judicem
3183 409 3234 464 in
3263 413 3399 466 solio

1809 486 2002 540 mentis
2031 488 2230 544 colloca
2251 531 2265 556 ,
2297 500 2351 546 et
2394 507 2510 562 qua:
2538 507 2568 547 a
2616 504 2666 550 te
2713 498 2995 552 commissa
3047 509 3190 566 sunt,
3219 503 3396 557 omnia

1807 577 1990 647 profer
2017 583 2068 634 in
2105 581 2340 637 medium
2372 624 2388 649 ,
2437 600 2652 641 severas
2687 603 2750 643 ac
2781 589 3044 645 terribiles
3097 592 3398 661 praeficiens

1807 671 2156 739 cogitationes
2183 677 2434 744 peccatis,
2459 676 2741 734 obscmuos
2776 681 2937 735 animi
2969 693 3144 738 motus
3172 687 3396 756 castiga,

1807 774 1872 814 ex
1904 763 2095 831 quibus
2126 777 2337 834 peccata
2359 776 2484 821 sunt
2505 777 2647 833 nata,
2676 778 2730 824 et
2752 773 2945 826 acriter
2965 775 3262 844 acerbeque
3286 787 3396 831 tor-

1805 862 2086 918 queantur.
2111 853 2167 910 Si
2195 871 2292 911 nos
2313 855 2384 911 ita
2404 856 2468 911 ad
2481 856 2739 928 judicium
2770 861 2822 915 in
2851 864 3212 932 nosmetipsos
3230 882 3392 922 exer-

1804 942 2030 997 cendum
2059 959 2453 1017 comparemus,
2485 952 2818 1008 tremendum
2861 954 2986 1008 illud
3013 955 3242 1010 tribunal
3273 960 3392 1012 evi-

1804 1031 2056 1090 tabimus.
2085 1036 2155 1092 Ut
2196 1035 2337 1093 enim
2365 1041 2503 1096 scias
2522 1057 2666 1109 eum,
2699 1045 2788 1114 qui
2819 1047 3052 1116 seipsqu
3085 1063 3227 1102 nunc
3249 1049 3390 1118 judi-

1802 1135 1906 1192 cat,
1927 1137 1980 1182 et
2007 1128 2364 1187 admissorum
2391 1143 2731 1204 peccatorum
2760 1151 3004 1193 severam
3040 1155 3068 1193 a
3123 1155 3180 1196 se
3228 1144 3390 1196 ratio-

1802 1231 1924 1272 nem
1947 1220 2128 1290 exigit,
2161 1237 2345 1292 poenas
2375 1224 2426 1278 in
2455 1223 2687 1280 futurum
2721 1228 2939 1283 minime
2963 1229 3231 1298 daturum,
3263 1234 3386 1288 audi

1802 1318 2080 1368 testantem
2109 1314 2163 1370 id
2194 1309 2545 1380 Apostolum:
2573 1318 2636 1374 Si
2662 1320 2793 1374 enim
2822 1323 3150 1394 nosmetipsos
3180 1325 3388 1394 judico-

1798 1419 1984 1470 remus,
2013 1422 2114 1461 non
2134 1407 2303 1475 utique
2331 1425 2362 1460 a
2391 1402 2612 1463 Domino
2644 1411 2994 1482 judicaremur
3023 1413 3101 1484 (l.
3135 1413 3254 1471 Cor.
3294 1418 3381 1470 ll.

1798 1491 1909 1564 '51).
1939 1493 2359 1564 Reprehendens
2385 1500 2526 1552 enim
2556 1514 2672 1564 eos,
2719 1502 2807 1570 qui
2857 1502 3070 1573 indigne
3099 1507 3380 1574 mysterio-

1797 1599 1914 1638 rum
1943 1585 2138 1640 fiebant
2160 1587 2466 1658 participes,
2512 1588 2582 1642 ita
2613 1589 2824 1646 dicebat
2859 1609 2870 1644 :
2908 1591 3006 1659 Qui
3031 1594 3303 1647 manducat
3333 1607 3383 1650 et

1796 1674 1916 1730 bibit
1945 1677 2170 1750 indigne,
2212 1695 2327 1734 reus
2370 1681 2464 1734 erit
2507 1684 2734 1752 corporis
2773 1693 2820 1736 et
2846 1686 3106 1754 sanguinis
3152 1685 3379 1742 Domini.

1794 1765 1924 1835 Ejus
1991 1778 2168 1823 autem
2226 1771 2507 1826 verborum
2561 1773 2646 1827 hic
2702 1787 2889 1829 sensus
2959 1786 3040 1830 est
3074 1777 3383 1846 :Quemad-

1793 1857 2008 1912 modum
2045 1860 2140 1926 illi,
2184 1861 2272 1931 qui
2310 1861 2492 1917 Jesum
2525 1864 2937 1932 crucifixerunt,
2972 1867 3173 1937 inquit,
3206 1871 3283 1924 sic
3328 1883 3382 1926 et

1791 1947 1864 2001 illi
1897 1949 1990 2018 qui
2023 1949 2236 2021 indigne
2263 1953 2396 2006 fiunt
2421 1955 2798 2025 mysteriorum
2855 1958 3160 2028 participes,
3196 1975 3380 2030 pinnas

1789 2038 2008 2094 dabunt.
2039 2041 2220 2112 Neque
2246 2059 2370 2099 vero
2396 2047 2734 2114 severitatem
2758 2049 3013 2104 orationis
3043 2051 3185 2107 illius
3220 2055 3373 2124 quis-

1788 2145 1944 2200 quam
1993 2131 2334 2188 condemnet.
2391 2135 2554 2206 Regia
2584 2137 2752 2193 vestis
2776 2147 2860 2192 est
2906 2153 3097 2208 corpus
3133 2141 3384 2197 Domini--

1787 2237 1907 2276 cum
1943 2241 1954 2275 :
1987 2239 2146 2294 porro
2167 2234 2221 2281 et
2249 2227 2338 2297 qui
2381 2230 2580 2298 regiam
2614 2245 2902 2300 purpuram
2949 2232 3279 2301 dilaceravit,
3323 2247 3375 2290 et

1785 2313 1876 2383 qui
1906 2315 2151 2370 manibus
2201 2317 2490 2373 immundis
2521 2319 2850 2390 inquinavit,
2902 2324 3013 2390 pari
3045 2338 3163 2377 eam
3191 2336 3378 2380 contu-

1785 2406 1942 2460 melia
1971 2406 2298 2476 aﬂ‘ecerunt;
2331 2411 2678 2480 quamobrem
2724 2424 2774 2468 et
2807 2415 2922 2484 pari
2951 2417 3213 2484 supplicio
3254 2418 3372 2487 ple-

1782 2506 2000 2551 eluntur
2032 2516 2045 2552 :
2079 2499 2151 2554 ita
2189 2500 2248 2555 lit
2275 2509 2329 2556 et
2357 2501 2410 2556 in
2455 2516 2681 2573 corpore
2714 2503 2935 2558 Christi.
2966 2503 3136 2560 Judaei
3161 2508 3374 2576 quidem

1781 2583 1910 2641 illud
1937 2588 2101 2644 clavis
2130 2591 2182 2644 in
2210 2605 2368 2647 cruce
2394 2591 2759 2664 disruperunt,
2778 2603 2836 2650 tu
2861 2611 2987 2650 vero
3008 2596 3132 2650 dum
3167 2598 3218 2652 in
3247 2614 3374 2668 pec-

1783 2680 1916 2733 catis
1944 2687 2002 2735 et
2054 2681 2328 2737 immunda
2371 2684 2547 2754 lingua
2596 2699 2659 2739 ac
2707 2697 2888 2740 mente
2917 2687 3262 2757 vivis:quam
3303 2690 3372 2743 ob

1781 2780 1997 2824 causam
2018 2780 2072 2826 et
2098 2771 2238 2827 idem
2284 2773 2373 2829 tibi
2403 2773 2724 2844 supplicium
2747 2776 3028 2834 imminere
3053 2777 3186 2831 dixit
3232 2778 3370 2833 Pati-

1777 2857 1860 2913 lus
1883 2900 1898 2926 ,
1925 2869 1980 2916 et
2007 2861 2192 2933 adjicit
2219 2863 2402 2920 dicens
2433 2881 2445 2917 :
2479 2863 2608 2920 Ideo
2645 2866 2775 2920 inter
2800 2882 2885 2920 vos
2902 2867 3046 2920 multi
3069 2867 3292 2936 inﬁrmi,
3323 2881 3369 2924 et

1775 2954 2066 3022 imbecilles,
2098 2965 2144 3008 et
2171 2955 2425 3010 dormiunt
2450 2957 2618 3011 multi.
2647 2958 2868 3026 Deinde,
2895 2968 2951 3014 ut
2971 2962 3361 3028 ostendatforc,

1777 3055 1834 3100 ut
1862 3045 1950 3115 qui
1974 3056 2313 3116 peccatorum
2351 3049 2667 3104 rationema
2702 3050 2892 3120 seipsis
2918 3051 3134 3121 exigunt
3179 3052 3227 3105 in
3263 3053 3362 3108 hac

1774 3138 1902 3202 vita,
1933 3147 1987 3192 et
2009 3139 2059 3191 in
2086 3152 2181 3192 sua
2207 3138 2399 3193 delicta
2416 3138 2674 3208 judicium
2696 3152 2970 3207 exercent,
3001 3159 3104 3199 nec
3132 3145 3360 3214 amplius

1748 3228 1826 3283 in
1853 3229 2040 3284 eadem
2071 3229 2337 3298 recidunt,
2364 3229 2522 3286 facile
2549 3231 2755 3301 possint
2781 3234 3112 3289 tremendam
3132 3235 3275 3290 illam
3305 3247 3361 3290 et

1775 3319 2166 3389 implacabilem
2212 3323 2532 3376 sententiam
2576 3322 2806 3378 futuram
2838 3325 3086 3391 evadere,
3117 3327 3360 3398 adjunxit

1769 3411 1952 3466 dicens
1981 3430 1995 3467 :
2025 3411 2230 3468 Etenim
2253 3415 2296 3469 si
2341 3417 2668 3487 nosmetipsos
2685 3419 3058 3489 judicaremus,
3108 3438 3207 3476 non
3253 3427 3357 3478 uti-

1767 3521 1863 3573 que
1875 3505 2230 3575 judicaremur
2257 3523 2277 3563 :
2302 3525 2438 3562 nunc
2487 3518 2652 3563 autem
2677 3511 2796 3565 dum
2835 3514 3153 3582 judicamur,
3183 3532 3214 3570 a
3241 3517 3354 3572 Do-

1765 3596 1903 3650 mino
1929 3597 2251 3667 corripimur,
2275 3608 2458 3654 utnon
2504 3617 2618 3654 cum
2659 3604 2849 3656 mundo
2893 3605 3211 3662 damnentur.
3243 3609 3350 3664 No-

1765 3693 1932 3740 stram
1957 3686 2115 3757 igitur
2129 3696 2361 3745 mentem
2376 3698 2737 3761 torqueamus,
2760 3694 2987 3750 lascivas
3003 3699 3354 3768 cogitationes

1763 3777 2099 3846 castigemus,
2127 3780 2365 3834 maculas
2407 3791 2616 3836 nostras
2645 3783 2894 3854 lacrymis
2925 3787 3294 3858 abstergamus
3325 3810 3339 3846 :

1762 3882 1984 3937 magnus
2009 3869 2271 3939 ejusmodi
2296 3872 2602 3940 planctuum
2627 3873 2831 3930 fructus
2851 3885 3203 3948 est,magnum
3228 3884 3359 3936 sub-

1761 3959 1954 4015 sidium
1983 3970 2038 4016 et
2063 3962 2330 4016 solatium.
2364 3962 2434 4019 Ut
2455 3965 2596 4018 enim
2624 3966 2753 4020 risui
2781 3981 2843 4021 ac
2871 3967 3073 4024 deliciis
3099 3987 3355 4043 magnum.

1760 4052 2072 4120 supplicium
2101 4053 2360 4120 imminet,
2392 4056 2470 4110 sic
2489 4065 2542 4110 et
2563 4059 2810 4127 perennis
2837 4059 3078 4128 planctus
3102 4064 3346 4120 solatium

1760 4143 1900 4211 parit
1924 4161 1936 4195 :
1963 4142 2108 4197 Beati
2131 4145 2348 4215 quippe,
2373 4147 2459 4215 qui
2484 4148 2672 4218 lugent,
2692 4151 2930 4219 quoniam
2955 4155 3350 4209 consolabuntur

1761 4231 1975 4301 (Matth.
2009 4234 2062 4289 5.
2094 4233 2170 4305 5).
2209 4233 2298 4288 Va:
2322 4236 2423 4289 illis
2452 4238 2535 4306 qui
2565 4238 2745 4301 rident,
2769 4241 3008 4309 quoniam
3035 4243 3132 4314 ipsi
3156 4247 3347 4314 flebunt

1761 4321 1912 4392 (Luc.
1941 4323 1992 4378 6.
2024 4323 2138 4397 25).
2167 4323 2368 4380 Idcirco
2397 4328 2556 4380 etiam
2587 4327 2780 4384 Paulus
2810 4334 3018 4386 tametsi
3045 4335 3239 4389 nullius
3269 4340 3346 4391 si-

1756 4415 1810 4469 bi
1838 4417 2084 4470 conscius
2106 4418 2306 4486 peccati
2331 4427 2494 4486 esset,
2526 4421 2578 4474 in
2601 4423 2852 4493 lacrymis
2882 4434 2935 4479 et
2962 4427 3107 4490 luctu
3138 4437 3344 4501 tempus

1757 4521 1918 4562 omne
1947 4509 2279 4565 traducebat.
2323 4511 2454 4580 Quis
2500 4514 2605 4568 hoc
2638 4514 2811 4570 dicit?
2854 4517 2945 4572 llle
2968 4518 3081 4591 ipse
3109 4523 3188 4576 vir
3216 4523 3344 4578 bea-

1757 4607 1841 4654 tus
1869 4616 1882 4653 :
1908 4598 2012 4654 Per
2039 4602 2345 4670 triennium,
2391 4604 2598 4674 inquit,
2642 4617 2786 4661 nocte
2827 4617 2874 4661 et
2907 4611 2988 4663 die
3011 4628 3110 4665 non
3157 4618 3346 4670 cessavi

1756 4707 1872 4744 cum
1919 4689 2156 4763 lacrymis
2186 4709 2392 4749 monens
2417 4711 2819 4766 unumquemque
2842 4711 3057 4755 vestrum
3083 4702 3216 4776 (Act.
3248 4705 3346 4763 20.

1754 4782 1868 4854 51).
1888 4781 1982 4838 llle
2001 4798 2094 4853 per
2122 4783 2425 4851 triennium,
2457 4802 2554 4841 nos
2580 4788 2767 4843 saltem
2799 4790 2865 4844 ad
2883 4807 3119 4848 mensem
3141 4811 3300 4852 unum
3327 4816 3342 4852 :

1754 4875 1844 4930 ille
1873 4886 2031 4932 nocte
2055 4885 2109 4932 et
2131 4876 2237 4944 die,
2267 4879 2357 4934 ille
2377 4889 2599 4950 propter
2618 4881 2790 4938 aliena
2817 4895 3055 4954 peccata,
3089 4903 3188 4944 nos
3237 4892 3342 4944 sal-

1755 4976 1860 5022 tem
1925 4977 2144 5039 propter
2186 4980 2368 5026 nostra
2421 4971 2660 5027 delicta:
2717 4975 2806 5031 ille
2868 4979 3067 5033 nullius
3117 4981 3193 5034 rei
3236 4981 3340 5036 sibi

1752 5058 2000 5114 conscius
2031 5101 2047 5127 ,
2093 5073 2191 5114 nos
2255 5061 2447 5116 saltem
2519 5071 2576 5118 ut
2645 5076 2884 5124 nostram
2957 5070 3338 5129 conscientiam

1751 5165 1915 5206 onere
1967 5167 2202 5229 pressam
2249 5151 2506 5209 levemus.
2559 5155 2673 5224 Qua
2713 5171 2842 5213 vero
2896 5158 2964 5213 de
3030 5174 3189 5214 causa
3223 5161 3340 5229 plo-

1751 5244 1877 5299 rat?
1923 5257 2020 5298 cur
2069 5225 2175 5298 non
2225 5244 2383 5300 docet
2431 5255 2486 5300 et
2534 5246 2787 5302 admonet
2836 5257 3081 5314 tantum,
3135 5225 3240 5306 sedi
3284 5264 3338 5308 et

1751 5335 2017 5407 lacrymas
2044 5335 2318 5408 adjungit?
2346 5338 2805 5406 Quemadmodum
2853 5350 3002 5410 pater
3029 5342 3333 5415 indulgens,

1750 5428 1840 5499 qui
1887 5428 2056 5483 tilium
2105 5428 2266 5484 habet
2313 5432 2646 5502 unigenitum
2715 5433 2905 5488 morbo
2985 5449 3332 5507 correptum,

1749 5518 2140 5576 medicamenta
2203 5535 2312 5576 non
2359 5521 2728 5578 admittentem
2761 5563 2776 5588 ,
2823 5523 2917 5578 sed
2978 5525 3328 5596 rejicientem,

1749 5611 1991 5668 assidens
2068 5611 2145 5668 illi
2205 5613 2505 5682 blanditur,
2556 5613 2917 5681 deosculatur,
2993 5616 3331 5685 amplectitur

1753 5702 2001 5774 omnique
2045 5718 2240 5775 genere
2286 5704 2667 5764 blanditiarum
2709 5707 2925 5766 ﬂectere
2966 5717 3212 5775 conatur,
3263 5721 3332 5761 ac
