3860 6286
485 353 572 409 631
1197 345 1252 400 5.
1295 341 1571 399 ,ΙΟᾹΝΝΙΞ
1600 331 2077 394 CllltYSOSTOMl

488 467 851 535 persuadere,
911 471 969 517 ut
1025 460 1301 516 medicina:
1348 455 1597 510 remediis
1646 452 1890 506 morbum
1951 447 2075 502 velit

486 559 756 628 depellere
784 575 795 609 :
823 559 899 612 sic
925 565 975 609 et
1003 553 1196 608 Paulus
1227 559 1336 604 toto
1361 547 1632 616 dispersos
1653 544 1782 599 orbe
1813 550 2071 596 terrarum

491 650 670 706 tideles
690 657 950 718 tamquam
965 643 1292 714 unigenitum
1308 641 1470 694 lilium
1489 652 1672 692 amore
1688 635 2070 704 complectens,

488 757 606 795 cum
637 739 892 809 plurimos
920 736 1120 790 videret
1149 734 1200 788 in
1235 741 1447 800 peccata
1477 730 1771 800 prolapsos,
1800 735 1855 780 et
1883 725 2072 778 imme-

487 829 981 886 dicahilibus'animi
1014 827 1212 881 morbis
1240 830 1536 893 correptos,
1567 820 1758 874 deinde
1788 815 2074 888 reprehen-

485 923 650 976 sionis
675 932 725 974 et
754 918 1118 989 castigationis
1150 913 1407 969 medelam
1453 927 1558 965 non
1610 909 1891 964 admittere
1912 947 1926 970 ,
1977 904 2072 959 sed

485 1013 784 1081 repudiare,
815 1025 878 1064 ac
907 1009 1129 1072 resilire,
1157 1004 1405 1077 lacrymis
1434 1017 1528 1057 eos
1557 999 1849 1064 detinebat,
1881 1006 2070 1050 utcum

480 1112 781 1172 gementem
826 1116 889 1155 ac
947 1101 1212 1169 lugentem
1259 1096 1407 1150 illum
1453 1098 1757 1155 cernerent,
1809 1090 1924 1158 ipso
1951 1085 2072 1156 ejus

483 1203 700 1264 aspectu
758 1192 1010 1248 commoti
1069 1189 1386 1245 medicinam
1447 1186 1684 1250 ferrent,
1735 1196 1799 1236 ac
1855 1179 2071 1250 depulsa

485 1284 799 1355 aegritudine
833 1284 1106 1353 priStinam
1129 1279 1486 1334 valetudinem
1512 1279 1923 1344 recuperarent:
1951 1283 2073 1340 pro.

484 1389 665 1446 pterea
692 1390 914 1428 monens
943 1386 1157 1440 semper
1183 1369 1589 1439 tacrymabatur.

554 1466 783 1522 Tristitia
820 1463 1094 1518 secundum
1130 1459 1310 1514 Deum.
1339 1488 1410 1497 —
1437 1454 1588 1523 Quod
1618 1454 1660 1509 si
1710 1459 1908 1508 tantam
1936 1450 2071 1504 alie-

486 1577 674 1615 norum
703 1566 1048 1630 peccatorum
1097 1567 1279 1606 curam
1333 1549 1470 1620 gerit
1505 1546 1722 1609 Paulus,
1746 1553 1945 1614 quanto
1973 1555 2071 1595 nos

483 1650 647 1702 animi
676 1647 853 1702 Studio
882 1662 978 1716 par
1007 1642 1173 1700 estad
1203 1649 1504 1694 nostrorum
1529 1636 1957 1692 emendationem
1984 1632 2071 1685 in-

482 1739 787 1794 cumbere?
828 1739 1014 1807 Magna
1056 1735 1196 1789 enim
1253 1735 1332 1787 vis
1380 1740 1461 1786 est
1511 1729 1735 1783 tristitia:
1777 1725 2068 1782 secundum

489 1831 676 1896 Deum,
711 1829 1029 1898 prodestque
1059 1825 1343 1895 plurimum
1369 1839 1382 1875 ε
1412 1819 1554 1890 quod
1577 1833 1697 1873 cum
1729 1817 1881 1871 nobis
1908 1815 2070 1870 Isaias

483 1921 646 1975 vellet
697 1932 995 1987 exponere,
1028 1917 1099 1970 ita
1144 1913 1390 1978 diccbat,
1443 1911 1523 1964 vel
1573 1910 1748 1979 potius
1797 1907 1938 1961 Deus
1974 1921 2070 1975 per

483 2011 671 2065 Isaiam
699 2027 710 2061 :
743 2006 1242 2078 Prtiptcr'peccatum
1275 2003 1343 2056 ad
1364 2001 1616 2056 modicum
1643 1998 1930 2052 contristari
1953 2013 2069 2050 eum

483 2100 634 2171 (Isai.
659 2101 749 2156 57.
784 2100 896 2169 t7).
924 2097 1002 2154 Ne
1025 2114 1118 2167 pro
1138 2096 1340 2150 meritis
1361 2093 1593 2164 quidem,
1624 2090 1813 2160 inquit,
1842 2089 2068 2143 delicto-

483 2208 599 2247 rum
627 2193 692 2246 ab
731 2205 796 2247 eo
826 2203 1010 2261 paruas
1038 2189 1208 2258 exegi.
1240 2187 1370 2240 Nam
1403 2186 1454 2239 in
1484 2192 1632 2238 recte
1665 2181 1815 2235 factis
1852 2180 2068 2250 quidem

487 2285 893 2339 rcrnunerandis
937 2283 1078 2336 Deus
1123 2272 1355 2350 praemiis
1385 2278 1496 2332 suis
1549 2271 2066 2338 modunrexcedit;

484 2393 604 2430 eum
636 2387 813 2430 autem
847 2383 1059 2445 peccata
1087 2370 1392 2441 castiganda
1422 2379 1542 2422 sunt
1571 2409 1587 2435 ,
1637 2382 1743 2436 pra:
1784 2363 1943 2418 nimia
1973 2377 2068 2418 sua

485 2470 811 2539 benigni:ate
839 2467 1048 2522 modico
1077 2464 1336 2534 supplicio
1383 2461 1576 2515 delicta
1622 2458 1884 2512 vindieat:
1910 2455 2068 2525 idque

487 2573 541 2614 ut
573 2562 673 2614 hoc.
706 2561 822 2614 loco
845 2561 1108 2622 inﬂueret,
1140 2556 1291 2619 dixit,
1328 2552 1548 2622 Propter
1581 2559 1837 2622 peccatum
1859 2548 1925 2600 ad
1955 2563 2066 2600 mo-

485 2654 653 2704 dicum
682 2649 972 2703 contristaui
1007 2665 1120 2702 eum
1151 2664 1169 2701 :
1198 2655 1246 2700 et
1269 2645 1368 2698 vidi
1396 2685 1408 2708 ,
1441 2643 1558 2714 quia
1584 2643 1903 2694 contristatus
1953 2647 2025 2692 est
2050 2680 2064 2704 ,

483 2754 528 2796 et
555 2741 827 2795 ambulavit
855 2740 1027 2803 tristia,
1054 2747 1099 2791 et
1127 2738 1232 2791 vias
1273 2736 1380 2806 ejus
1405 2734 1577 2788 δαηαυὶ
1612 2730 1717 2803 (Ib.
1741 2747 1788 2784 υ.
1810 2728 1923 2800 18).

555 2835 608 2888 4.
638 2832 797 2889 Vides
825 2841 880 2886 ut
911 2829 1188 2886 celerrima
1220 2829 1308 2893 sit,
1337 2834 1389 2880 et
1429 2838 1635 2879 summa
1666 2823 1861 2877 utilitas
1893 2819 2064 2890 poeni-

486 2924 701 2981 tentia)?
725 2924 858 2980 Cum
884 2937 1169 2994 parumper
1194 2937 1313 2976 eum
1337 2927 1554 2989 propter
1576 2923 1790 2986 peccata
1815 2915 2068 2984 castigas-

483 3035 619 3082 sem,
652 3018 840 3087 inquit,
875 3016 1122 3086 quoniam
1151 3023 1399 3068 mmstum
1442 3012 1586 3065 illum
1625 3024 1688 3063 ac
1717 3009 1918 3062 tristem
1945 3021 2066 3062 esse

482 3110 676 3168 factum
704 3111 834 3179 vidi,
867 3109 1024 3165 etiam
1047 3108 1309 3163 modicam
1331 3105 1472 3158 illam
1494 3117 1706 3174 poenam
1735 3099 2064 3156 condonavi:

480 3207 614 3261 adeo
638 3214 918 3278 promptus
947 3218 1009 3258 ac
1029 3211 1246 3272 paratus
1275 3207 1356 3253 est
1383 3206 1441 3252 ut
1483 3193 1858 3266 reconcilietur
1889 3192 2067 3246 nobis-

479 3314 598 3352 cmn
641 3298 801 3361 Deus,
829 3303 883 3350 ct
911 3294 1246 3365 perexiguam
1281 3298 1482 3344 tantum
1511 3286 1846 3342 occasionem
1882 3283 2065 3354 requi-

482 3389 571 3442 rit.
597 3387 935 3442 Pra-beamus
960 3383 1202 3454 igiturilli
1227 3380 1559 3436 occasionem
1579 3377 1776 3431 amoris
1793 3390 1917 3445 erga
1941 3389 2059 3440 nos,

481 3487 535 3532 ct
562 3493 591 3531 a
615 3477 847 3545 peccatis
876 3490 973 3529 nos
998 3475 1263 3529 immunes
1289 3484 1609 3527 conservare
1639 3467 1869 3522 nitamur
1891 3483 1903 3518 :
1924 3465 2065 3536 quod

483 3572 526 3624 si
559 3570 694 3624 forte
716 3566 1042 3637 supplantati
1075 3565 1334 3620 fuerimus
1361 3559 1667 3632 aliquando,
1691 3560 1797 3613 cito
1846 3573 2068 3612 consur-

482 3676 691 3724 gamus,
725 3673 788 3713 ac
816 3657 1006 3712 delicta
1047 3666 1228 3711 nostra
1276 3653 1624 3708 vehementer
1663 3649 1938 3718 lugeamus
1963 3691 1976 3715 ,
2008 3657 2068 3703 ut

482 3750 732 3823 gaudium
765 3748 1055 3805 secundum
1106 3747 1710 3813 Deumconsequamur.
1739 3739 1793 3795 Si
1819 3741 1964 3795 enim
2001 3755 2066 3795 eo

480 3843 621 3914 tpiod
650 3837 992 3897 contristatu‘s
1009 3846 1168 3898 esset,
1197 3847 1250 3891 et
1276 3834 1570 3889 ambularet
1601 3841 1854 3898 maestus,
1898 3831 2063 3886 Deum

481 3935 582 3989 sibi
611 3930 976 3987 reconciliavit
1008 3948 1021 3982 :
1051 3929 1139 3997 qui
1166 3929 1327 3984 etiam
1362 3926 1626 3996 lacrymas
1645 3922 1811 3988 addit,
1836 3937 2065 3992 eumque

484 4026 711 4081 maxima
739 4040 860 4078 eum
886 4022 1045 4076 animi
1077 4019 1418 4075 contentione
1439 4027 1610 4080 vocat,
1643 4015 1768 4086 quid
1796 4031 1900 4070 non
1924 4030 2065 4084 pra:-

481 4118 683 4175 stabit?
715 4118 838 4172 Scio
859 4126 1091 4170 vestram
1114 4121 1346 4168 mentem
1366 4109 1744 4165 inﬂammatam
1775 4122 1926 4172 esse;
1975 4122 2067 4161 ve-

481 4229 599 4267 rum
629 4220 685 4266 ut
707 4210 846 4266 foras
865 4209 1097 4279 egressis
1118 4206 1270 4260 nobis
1298 4203 1456 4258 ardor
1474 4203 1572 4257 iste
1602 4215 1705 4255 non
1730 4199 2062 4268 refrigescat,

479 4306 574 4360 sed
620 4307 672 4360 in
722 4303 876 4358 nobis
925 4302 1070 4354 illum
1100 4298 1377 4354 foveamus
1401 4335 1417 4362 ,
1453 4295 1553 4349 hoc
1581 4306 1816 4362 agamus.
1853 4289 2065 4344 Fertilis

479 4408 560 4454 est
589 4413 716 4467 ager
742 4394 935 4450 mentis
957 4400 1145 4446 vestrae
1169 4430 1183 4454 ,
1214 4389 1414 4442 semina
1454 4385 1674 4453 suscipit
1702 4392 1756 4437 et
1782 4379 2061 4436 confestim

481 4493 657 4559 spicas
684 4485 950 4557 producit,
985 4497 1091 4536 non
1145 4478 1344 4548 indiget
1383 4476 1633 4530 dilatione
1674 4473 1753 4527 vel
1787 4483 2060 4541 tempore:

480 4580 576 4636 sed
605 4576 874 4632 inimicum
901 4579 1133 4626 vestrum
1154 4566 1464 4622 reformido.

557 4670 800 4724 Diabolus
837 4665 1094 4721 ecclesiam
1139 4678 1239 4715 non
1280 4657 1578 4729 ingreditur.
1629 4653 1860 4708 Lucerna
1889 4653 2066 4706 mentis

484 4759 988 4819 doctrinm—Extra
1009 4754 1291 4811 ecclesiam
1334 4761 1438 4804 stat
1470 4748 1728 4812 diabolus,
1754 4747 1948 4815 quippe
1974 4760 2065 4799 sa-

481 4869 633 4910 crum
682 4851 822 4905 istud
879 4851 931 4902 in
990 4846 1128 4901 ovile
1171 4859 1276 4899 non
1325 4839 1486 4896 audet
1523 4837 1872 4892 iutmrezuhi
1921 4837 2064 4890 enim

484 4943 680 5002 Christi
708 4957 835 5011 grex
861 4947 963 5005 est,
990 4939 1145 5006 lupus
1173 4949 1276 4989 non
1298 4939 1591 5002 comparet,
1623 4927 1716 4983 sed
1759 4925 1888 4981 foris
1913 4935 2019 4982 stat
2045 4968 2060 4995 ,

482 5035 622 5108 quod
668 5042 932 5104 pastorem
960 5026 1288 5084 reformidet.
1319 5025 1375 5081 Si
1396 5021 1596 5094 egressi
1619 5021 1745 5076 hinc
1769 5019 2024 5074 fuerimus
2045 5061 2059 5084 ,

481 5143 550 5183 ne
581 5126 756 5181 statim
787 5137 883 5178 nos
907 5121 970 5175 ad
997 5117 1390 5188 intempestivos
1417 5128 1757 5187 congressus,
1786 5120 1876 5166 aut
1895 5111 2064 5165 otiosa

480 5218 746 5291 colloquia
795 5227 850 5272 et
894 5213 1108 5270 inutiles
1135 5211 1508 5280 occ-ipationes
1551 5206 1929 5269 traducamus;
1969 5201 2063 5257 sed

481 5313 607 5369 dum
641 5327 829 5367 recens
873 5308 1048 5362 adhuc
1085 5304 1300 5375 vigetin
1351 5302 1504 5356 nobis
1547 5314 1730 5356 eorum
1759 5312 1878 5368 qua:
1925 5295 2063 5350 dicta

479 5416 606 5463 sunt
634 5403 912 5470 memoria,
941 5401 1155 5456 domum
1183 5408 1548 5467 pr0peremus,
1573 5402 1770 5448 etcum
1797 5403 1960 5443 uxore
2001 5402 2065 5442 ac

483 5501 666 5556 liberis
685 5498 880 5553 sedens
902 5493 1267 5563 unusquisque
1301 5495 1545 5543 accurate
1563 5527 1578 5550 ,
1608 5499 1726 5554 qua:
1754 5479 2016 5535 audiverit
2045 5519 2062 5545 ,

488 5592 789 5648 meditetur.
843 5585 994 5654 Quod
1036 5585 1079 5638 si
1132 5582 1347 5637 domum
1405 5576 1610 5648 regredi
1660 5572 1836 5628 nolitis
1867 5613 1882 5636 ,
1915 5570 2066 5626 vobis

482 5686 682 5742 amicos
708 5682 960 5752 colligite,
993 5687 1150 5747 atque
1181 5678 1233 5730 in
1261 5671 1691 5729 canununiouem
1731 5680 1914 5721 eorum
1947 5678 2066 5733 qua:

483 5775 755 5831 audieritis
773 5788 864 5830 eos
887 5780 1135 5828 vocantes
1160 5767 1400 5839 privatim
1415 5763 1706 5832 considetc,
1731 5769 1886 5831 atque
1905 5770 2066 5813 unus—

2119 333 2432 388 AltCllli-ll’.
2474 330 3006 389 CUNSTAXTINUP.

2711 215 2736 226 ρ

3690 329 3793 383 ὗέιίἶ

2187 448 2409 518 quisque
2439 447 2714 516 proferens
2739 464 2858 517 qua:
2887 447 3056 517 potuit
3081 447 3334 501 memoria
3363 456 3572 512 tenere,
3599 461 3798 499 rursus

2183 538 2402 593 alteram
2421 539 2675 594 doctrina:
2701 554 2866 594 sacra:
2890 540 3169 594 lectionem
3193 540 3471 603 instituite,
3490 554 3563 594 ne
3583 538 3794 592 frustra

2184 632 2271 689 hic
2293 631 2601 687 interfuisse
2644 633 2890 687 concioni
2936 633 3237 687 videamini.
3286 631 3532 687 Lucerna
3584 631 3798 701 quippe

2183 734 2307 779 sunt
2323 725 2414 778 Dei
2440 724 2684 777 mandata
2710 741 2722 776 :
2749 724 3010 794 siquidem
3037 724 3334 777 Mandatum
3363 723 3492 793 legis
3508 735 3583 777 est
3611 724 3795 775 lucc-r-

2180 832 2268 882 πα,
2285 827 2330 871 et
2351 817 2442 870 lux
2467 828 2515 869 et
2533 815 2652 883 vita,
2673 826 2718 871 et
2733 817 2998 886 correptio,
3014 825 3060 868 ει
3072 815 3339 883 disciplina
3363 814 3557 887 (Prov.
3573 814 3630 868 6.
3648 815 3753 883 ‘25)
3780 829 3797 867 :

2181 924 2345 979 porro
2388 908 2478 977 qui
2518 908 2790 963 lucernam
2829 908 3090 975 accendit,
3141 921 3245 961 non
3294 906 3346 960 in
3392 905 3513 960 foro
3557 907 3794 972 residet,

2183 998 2276 1052 sed
2320 999 2536 1052 domum
2595 1008 2887 1068 properat,
2936 1013 3004 1052 ne
3049 1010 3324 1053 ventorum
3382 998 3611 1053 incursu
3649 1001 3793 1068 ignis

2181 1093 2579 1162 exstinguatur,
2615 1107 2747 1146 neve
2792 1093 2942 1162 longa
2983 1108 3130 1146 mora
3177 1091 3444 1146 flammam
3495 1095 3787 1150 absumat:

2181 1183 2250 1235 ita
2281 1183 2529 1237 nimirum
2557 1192 2610 1238 et
2647 1198 2745 1238 nos
2775 1183 3048 1238 faciamus.
3077 1183 3240 1238 Nobis
3281 1182 3518 1252 Spiritus
3566 1196 3788 1240 sanctus

2180 1290 2329 1329 suam
2369 1275 2664 1330 doctrinam
2706 1277 2986 1331 accendit:
3028 1278 3228 1346 egressi
3253 1291 3380 1348 ergo
3403 1288 3575 1348 atque
3603 1280 3783 1334 audita

2179 1382 2428 1422 sermone
2448 1368 2657 1440 repleti,
2688 1370 2799 1424 sive
2817 1368 3070 1434 amicum,
3093 1369 3207 1423 sive
3237 1370 3604 1438 propinquum
3627 1413 3642 1434 ,
3671 1373 3784 1426 sive

2177 1459 2550 1526 domesticum,
2577 1460 2689 1514 sive
2732 1459 2895 1513 alium
2921 1460 3160 1529 quemvis
3188 1459 3341 1513 nobis
3366 1459 3658 1514 videamus
3685 1476 3782 1515 oc-

2177 1567 2415 1618 eurrere,
2448 1563 2846 1622 praetereamus,
2889 1567 2955 1607 ne
2975 1553 3021 1607 si
3045 1567 3166 1606 cum
3191 1551 3283 1606 illo
3309 1552 3691 1622 colloquamur
3715 1556 3781 1607 de

2176 1646 2336 1700 rebus
2370 1644 2642 1699 inutilibus
2676 1660 2739 1698 ac
2763 1642 3066 1712 superﬂuis,
3100 1643 3356 1697 doctrina:
3376 1642 3541 1697 nobis
3564 1644 3779 1698 interim

2177 1739 2540 1808 exstinguatur
2571 1737 2724 1807 ignis,
2749 1736 2842 1791 sed
2865 1736 2916 1790 in
2941 1744 3117 1790 mente
3137 1743 3408 1803 tamquam
3433 1736 3484 1789 in
3509 1735 3679 1791 domo
3699 1739 3778 1790 vi-

2176 1840 2314 1900 geat,
2343 1839 2397 1884 et
2426 1829 2476 1882 in
2523 1827 2734 1883 sublimi
2778 1828 2984 1882 ratione
3028 1835 3294 1896 tamquam
3340 1826 3392 1880 in
3446 1827 3778 1884 candelabro

2175 1922 2401 1992 quodam
2428 1935 2716 1976 succensus
2733 1931 2942 1987 cuncta,
2989 1936 3105 1990 quae
3131 1919 3273 1974 domi
3300 1928 3446 1987 sunt,
3483 1921 3778 1977 illuminet.

2177 2015 2478 2069 Absurdqu
2521 2015 2664 2068 enim
2703 2015 2858 2073 estsi
2893 2013 3109 2068 domum
3148 2012 3364 2083 quidem
3395 2015 3618 2084 vesperi
3663 2018 3779 2070 sine

2175 2107 2389 2162 lucerna
2417 2119 2469 2161 et
2499 2107 2699 2161 lumine
2719 2121 2840 2162 esse
2868 2105 3009 2160 ferre
3038 2122 3383 2176 nequeamus,
3417 2109 3660 2163 animam
3681 2126 3778 2164 au-

2176 2211 2283 2258 tem
2327 2210 2606 2272 expertem
2632 2201 2890 2278 doctrinte
2927 2216 3229 2256 cernamus.
3258 2202 3390 2257 llinc
3421 2204 3585 2258 nobis
3613 2206 3777 2259 multa

2174 2306 2390 2368 peccata
2423 2307 2733 2361 nascuntur,
2772 2293 2911 2365 quod
2949 2309 3052 2349 non
3100 2295 3346 2350 celeriter
3367 2296 3571 2349 anima:
3599 2298 3778 2352 lucer—

2173 2405 2294 2444 nam
2325 2389 2718 2455 accendamus;
2758 2388 2880 2442 hinc
2908 2389 2966 2442 fit
3007 2397 3062 2441 ut
3105 2389 3327 2458 singulis
3369 2389 3572 2444 diebus
3603 2390 3778 2445 oﬂ‘en-

2173 2485 2397 2550 damus;
2448 2484 2680 2539 hinc‘fit
2708 2493 2764 2540 ut
2819 2494 3019 2540 temere
3068 2493 3124 2540 et
3184 2483 3553 2554 perfunctorie
3609 2492 3773 2542 multa

2173 2584 2352 2631 mente
2395 2577 2948 2648 comprehendamus,
2992 2577 3131 2647 quod
3177 2576 3356 2631 audita
3408 2579 3569 2633 verbi
3605 2581 3775 2635 divini

2173 2673 2430 2735 lectione,
2533 2670 2842 2741 priusquam
2913 2678 3063 2722 extra
3135 2669 3374 2723 ecclesiae
3442 2671 3773 2726 vestibulum

2171 2762 2363 2836 pedem
2393 2761 2698 2828 efferamus,
2729 2777 2788 2815 ea
2817 2760 3095 2816 confestim
3119 2760 3455 2830 abjiciamus,
3487 2772 3545 2817 et
3570 2766 3774 2820 exstin-

2172 2867 2258 2913 cto
2289 2856 2490 2911 lumine
2520 2855 2571 2910 in
2622 2854 2855 2910 tenebris
2883 2853 3237 2908 ambulemus.

2245 2951 2368 3005 Non
2397 2950 2576 3003 domus
2605 2947 2854 3014 ornanda,
2879 2950 2967 3001 scd
2994 2949 3181 3000 anima.
3209 2948 3364 3002 —At
3386 2950 3534 3004 enim
3563 2951 3609 3005 si
3637 2951 3773 3008 forte

2170 3043 2488 3114 contigerint
2517 3040 2700 3096 isthmc
2727 3047 2881 3094 antea
2901 3080 2916 3105 ,
2963 3054 3028 3093 ne
3053 3037 3303 3110 deinceps
3330 3040 3567 3111 amplius
3612 3043 3768 3109 tiam;

2169 3136 2266 3193 aed
2311 3148 2587 3190 accensam
2656 3133 2708 3187 in
2749 3140 2929 3186 mente
2976 3130 3245 3186 lucernam
3309 3145 3531 3199 semper
3576 3132 3773 3190 habea-

2173 3248 2311 3298 tnus,
2362 3242 2417 3289 et
2453 3232 2684 3286 animam
2739 3231 2915 3300 potius
2961 3242 3120 3297 quam
3150 3227 3370 3281 domum
3416 3242 3769 3284 exornemus.

2171 3329 2297 3384 Haec
2314 3326 2455 3383 enim
2476 3326 2562 3380 hic
2582 3331 2841 3389 remanet,
2869 3321 3024 3376 atilla
3046 3319 3320 3374 nobiscum
3348 3330 3629 3390 assumpta
3647 3321 3772 3377 hinc

2169 3418 2493 3476 discedimus
2521 3434 2534 3469 :
2558 3423 2838 3487 propterea
2881 3414 3002 3483 plus
3029 3412 3079 3466 in
3105 3427 3222 3465 eam
3257 3411 3640 3466 sollicitudinis
3666 3414 3768 3468 im-

2171 3511 2507 3585 pendendum
2538 3519 2638 3564 est.
2669 3507 2786 3563 .lam
2811 3521 2936 3561 vero
2963 3504 3201 3559 nonnulli
3223 3503 3503 3558 suntadeo
3527 3505 3768 3560 infelices

2169 3621 2232 3660 ac
2257 3607 2452 3660 misere
2478 3601 2675 3665 affecti,
2705 3607 2762 3652 ut
2785 3597 2928 3651 aedes
2949 3596 3162 3666 quidem
3186 3594 3361 3648 aureis
3392 3592 3762 3662 laquearibus,

2169 3709 2219 3755 et
2249 3697 2522 3753 tesserulis
2548 3694 2849 3763 pavimento
2870 3690 3145 3754 distincto,
3172 3685 3375 3744 ﬂoridis
3396 3687 3647 3756 picturis,
3678 3703 3768 3742 co-

2171 3792 2471 3846 lumnarum
2499 3785 2805 3857 splendore,
2830 3784 3054 3852 aliisque
3079 3781 3284 3836 cunctis
3321 3789 3614 3844 exoment,
3649 3781 3765 3834 ani-

2169 3900 2310 3940 mmn
2343 3893 2518 3938 autem
2551 3882 2601 3934 in
2628 3878 2876 3934 deteriori
2917 3884 3057 3931 statu
3083 3890 3238 3945 quam
3275 3873 3552 3928 desertum
3589 3874 3767 3944 hospi.

2169 3981 2301 4034 tium
2333 3976 2724 4044 derelinquant.
2753 3973 2887 4034 luto,
2918 3968 3064 4023 fumo
3084 3982 3145 4021 ac
3184 3967 3351 4029 multo
3392 3968 3588 4021 fictore
3616 3983 3764 4020 com-

2168 4073 2388 4144 pletum,
2433 4069 2696 4140 planeque
2748 4063 3042 4118 desertum.
3096 4057 3357 4115 Caeterum
3406 4057 3529 4111 ideo
3556 4057 3767 4112 camino

2167 4175 2296 4236 gnnt
2315 4163 2428 4217 htec
2469 4160 2667 4222 omnia,
2695 4157 2834 4227 quod
2869 4154 3021 4209 nobis
3041 4151 3296 4206 doctrinm
3327 4152 3543 4204 lucerna
3573 4167 3766 4221 perpe-

2170 4268 2259 4312 tuo
2288 4271 2394 4311 non
2444 4252 2766 4309 accendatur
2794 4269 2806 4304 :
2837 4257 3117 4319 pr0pterea
3156 4261 3273 4316 qua:
3315 4242 3588 4297 fructuosa
3617 4254 3761 4308 sunt,

2169 4349 2597 4407 contemnimus;
2627 4359 2743 4412 qua:
2762 4357 2890 4396 vero
2913 4339 3107 4394 nullius
3128 4335 3284 4406 pretii
3316 4344 3459 4399 sunt,
3491 4335 3543 4388 iu
3571 4335 3659 4387 illa
3688 4335 3762 4388 di-

2169 4442 2391 4511 ligentcr
2411 4436 2782 4492 incumbimus.
2814 4433 2938 4486 Haec
2965 4445 3068 4484 non
3100 4428 3166 4484 ad
3191 4428 3387 4482 divites
3416 4438 3647 4496 tantum,
3667 4426 3760 4482 sed

2171 4537 2330 4589 etiam
2359 4531 2423 4586 ad
2455 4540 2715 4599 pauperes
2749 4541 2779 4580 a
2806 4541 2891 4579 me
2919 4532 3043 4579 sunt
3085 4521 3247 4576 dicta.
3279 4519 3410 4575 Nam
3441 4529 3497 4574 et
3534 4519 3611 4573 illi
3640 4535 3760 4574 cum

2167 4629 2356 4684 domos
2381 4641 2505 4681 suas
2529 4638 2622 4693 pro
2643 4621 2753 4676 suis
2774 4619 2974 4674 viribus
2995 4615 3303 4686 frequenter
3329 4622 3613 4678 exornent,
3642 4613 3761 4665 ani-

2168 4738 2309 4777 mam
2348 4735 2500 4775 suam
2540 4716 2835 4787 neglectam
2887 4719 2942 4766 et
2969 4709 3232 4780 abiectam
3281 4720 3500 4760 manere
3541 4704 3762 4773 permit—

2169 4827 2284 4873 tunt
2321 4836 2334 4870 :
2363 4829 2519 4887 quam
2547 4813 2616 4867 ob
2665 4823 2881 4864 causam
2924 4813 2979 4861 et
3002 4817 3336 4860 communem
3369 4800 3613 4866 utrisque
3640 4813 3761 4867 pro-

2169 4925 2307 4982 pono
2328 4907 2618 4963 doctrinam
2647 4913 2994 4964 commonens
3010 4895 3422 4963 consulensque,
3450 4901 3761 4946 utcontem-

2170 5004 2272 5074 ptis
2317 5001 2474 5070 hujus
2534 4999 2655 5052 vitae
2707 4993 2933 5064 negotiis
2974 4998 3138 5046 totum
3185 4988 3418 5044 Studium
3473 4984 3526 5039 in
3575 5001 3759 5039 rerum

2167 5093 2516 5164 Spiritualium
2573 5103 2635 5144 ac
2699 5085 3088 5141 fructuosarum
3142 5095 3327 5135 curam
3393 5075 3758 5131 conferamus.

2167 5188 2437 5243 lutueatur
2463 5196 2666 5252 pauper
2692 5177 2926 5242 viduam,
2981 5189 3098 5244 qua:
3124 5171 3260 5226 duos
3304 5168 3492 5223 obolos
3517 5167 3760 5235 erogavit

2171 5281 2318 5352 (Luc.
2359 5277 2449 5331 2|.
2475 5275 2572 5344 2),
2601 5285 2775 5340 neque
2805 5273 3168 5338 paupertatem
3197 5261 3486 5315 arbitretur
3517 5258 3758 5326 negoxia-

2169 5351 2299 5427 tioui
2361 5352 2719 5436 el'eemosynaa
2785 5375 2848 5415 ac
2907 5355 3246 5426 benignitatis
3315 5351 3758 5422 impedimentum

2169 5465 2425 5534 objicerc.
2453 5460 2643 5515 .lohum
2673 5453 2771 5508 sibi
2808 5459 2968 5523 ponat
2995 5449 3064 5505 ob
3107 5447 3291 5501 oculos
3322 5443 3472 5499 dives
3493 5483 3508 5509 ,
3537 5451 3592 5497 et
3623 5441 3760 5498 sicut

2170 5558 2259 5612 ille
2278 5570 2381 5610 non
2408 5566 2604 5624 prose,
2623 5563 2806 5605 verum
2833 5561 2928 5616 pro
2946 5540 3265 5614 pauperibus
3286 5537 3467 5592 omnia
3499 5551 3592 5591 sua
3622 5535 3758 5590 bona

2172 5647 2492 5722 possidebat,
2526 5633 2613 5697 ita
2655 5652 2709 5696 et
2745 5640 2857 5709 ipse
2897 5636 3053 5691 faciat
3079 5651 3090 5684 :
3115 5641 3399 5703 propterea
3428 5643 3662 5698 namque
3706 5639 3759 5679 se

2173 5750 2277 5805 illis
2304 5742 2495 5814 privari
2521 5739 2780 5812 patienter
2801 5735 2938 5802 tulit,
2969 5730 3106 5805 quod
3123 5738 3408 5800 antequam
3440 5728 3616 5797 reipsa
3638 5737 3757 5796 ςιιιι·
