3860 6286
453 314 559 369 (353

454 427 714 501 γενναίως
763 428 962 500 ἤνεγκε
999 425 1099 497 τὴν
1142 430 1434 499 ἀφαίρεσιν
1475 426 1678 495 αὐτῶν,
1710 428 1898 500 ἐπειδὴ
1932 430 2026 483 καὶ

454 513 563 586 πρὸ
590 513 691 582 τῆς
724 510 817 565 τοῦ
851 510 1098 564 διαϐόλου
1128 512 1321 583 πείρας
1352 510 1681 582 ἐμελέτησεν
1716 511 1897 564 αὑτῶν
1928 511 2026 582 τὴν

456 595 825 668 ἀλλοτρίωσιν.
876 595 986 647 Καὶ
1037 595 1101 649 σὺ
1142 595 1318 648 τοίνυν
1370 593 1701 665 καταφρόνει
1741 594 2027 666 παρόντων

463 680 563 733 τῶν
588 678 903 750 χρημάτων,
937 678 1025 731 ἵνα
1076 679 1171 731 καὶ
1211 676 1683 747 ἀναχωρησάντων
1734 676 1901 741 ποτέ,
1949 675 2024 747 μὴ

458 764 720 832 ἀλγήσῃς.
748 761 1028 815 Ἀνάλισκε
1054 762 1134 823 είς
1158 760 1276 813 δέον
1299 761 1426 813 ὅταν
1452 758 1601 830 ἔχῃς,
1620 759 1686 812 ἵν’
1709 760 1835 812 ὅταν
1860 760 2049 828 ἀφαιω

463 843 647 915 ρεθῇς,
675 843 894 896 διπλοῦν
923 843 1051 917 ἔχῃς
1072 843 1135 896 τὸ
1154 842 1362 914 κέρδος,
1387 842 1479 896 τόν
1502 858 1562 894 τε
1582 843 1647 895 ἐκ
1672 842 1771 912 τῆς
1798 842 2025 912 ἀρίστης

364 976 373 981 .
458 926 700 996 δαπάνης
752 926 1114 998 ἀποκείμενόν
1168 943 1250 978 σοι
1287 924 1508 995 μισθὸν,
1544 924 1638 978 καὶ
1684 922 1783 994 τὴν
1825 925 1889 977 ἐκ
1924 924 2027 994 τῆς

459 1008 758 1079 ὑπεροψίας
808 1008 1171 1080 ἐγγινομένην
1214 1006 1529 1076 φιλοσοφίαν
1580 1006 1658 1069 είς
1701 1006 1791 1058 τὸν
1836 1006 2026 1078 καιρὸν

459 1093 558 1162 τῆς
602 1093 869 1156 ἀπουσίας
910 1091 1089 1146 αὐτῶν
1127 1090 1591 1163 χρησιμεύουσαν.
1626 1090 1899 1161 Χρήματα
1922 1089 2030 1161 γάρ

461 1174 550 1228 διά
577 1173 735 1227 τοῦτο
760 1174 1027 1236 καλεῖται,
1045 1175 1134 1227 ἵνα
1160 1175 1343 1235 αὐτοῖς
1369 1174 1450 1235 είς
1472 1172 1588 1224 δέον
1616 1171 1902 1243 χρώμεθα,
1934 1173 2033 1243 οὑχ

465 1260 551 1313 ἵνα
582 1257 1034 1329 κατορύττωμεν·
1061 1258 1319 1327 κτήματα
1349 1255 1438 1308 διὰ
1468 1253 1624 1307 τοῦτο
1651 1254 1915 1323 λέγονται,
1949 1255 2036 1308 ἴνα

465 1342 625 1411 ἡμεῖς
668 1339 807 1393 αὺτά
861 1339 1219 1410 κτησώμεθα,
1269 1338 1362 1391 καὶ
1398 1338 1471 1408 μὴ
1522 1337 1701 1391 αὐτῶν
1754 1336 2038 1408 γενώμεθα

468 1425 745 1492 κτήματα.
779 1422 981 1493 Κύριος
1021 1418 1072 1475 εἴ
1123 1419 1421 1491 χρημάτων
1460 1419 1696 1481 πολλῶν,
1736 1420 1810 1490 μὴ
1860 1421 2037 1473 τοίνυν

469 1505 690 1560 δούλευε
726 1505 954 1572 τούτοις,
985 1498 1058 1559 ὧν
1088 1502 1317 1556 ἐποίησέ
1348 1519 1408 1555 σε
1434 1501 1699 1573 δεσπότην
1729 1506 1757 1555 ὁ
1783 1504 1914 1567 θεός
1935 1520 1948 1534 ·
1977 1504 2062 1562 οὑ,

482 1715 838 1725 ,ἦα-...α

1132 319 1190 373 S.
1222 314 1509 372 JOANNIS
1546 313 2037 373 CIIRYSOSTOMI
2075 312 2399 371 ARCHIEP.
2442 309 2983 368 CONSTANTINOP.

2119 427 2391 491 δουλεύεις
2421 425 2477 478 δὲ
2512 427 2592 488 εἰς
2626 424 2745 478 δέον
2770 424 2911 477 αὑτά
2940 422 3270 484 ἀναλίσκων,
3302 418 3443 473 ἀλλά
3477 418 3557 491 μὴ
3586 438 3691 475 κατ
3712 452 3749 463 α

2121 510 2381 581 ορύττων.
2431 507 2601 561 Οὑδέν
2641 506 2814 570 οὕτως
2845 506 3156 579 εύρίπιστον
3196 504 3271 566 ὡς
3302 501 3575 566 πλοῦτος·
3617 503 3723 557 οἰ.-

2119 594 2210 647 δέν
2234 592 2407 655 οὕτως
2439 591 2498 643 εὑ
2507 589 2864 662 μετάϐλητον,
2892 590 2968 653 ὡς
2987 588 3236 660 εὐπορία.
3276 587 3434 640 Ἐπεὶ
3458 582 3557 639 οὖν
3586 582 3731 640 5.63!-

2123 675 2275 738 ϐαιος
2315 671 2496 727 αὑτῶν
2530 674 2562 743 ή
2612 673 2837 743 κτῆσις,
2870 671 2964 726 καὶ
3006 669 3211 742 πτηνοῦ
3248 670 3450 733 παντὸς
3480 668 3728 739 ταχύτε-

3600 297 3717 352 ί)δὶ

2133 776 2223 831 ρον
2251 756 2511 821 πολλάκις
2539 756 2696 827 ήμῶν
2732 756 3058 825 ἀφίπταται,
3083 755 3178 808 καὶ
3205 754 3479 824 δραπέτου
3510 752 3731 831 παντὸς

2130 839 2606 911 ἀγνωμονέστερον
2640 839 2926 910 ἀποπηδᾷ,
2974 837 3064 891 τὸν
3101 837 3292 908 χρόνον
3341 836 3401 889 ὃν
3463 836 3535 889 ἂν
3563 830 3729 906 ὦμεν

2133 925 2285 998 [658]
2323 922 2602 985 δεσπόται,
2628 923 2710 985 είς
2756 921 2876 975 δέον
2913 921 3096 983 αὑτοῖς
3131 918 3492 991 χρησώμεθα,
3542 919 3618 973 ἶν’
3653 921 3729 972 ἐκ

2129 1008 2238 1062 τῶν
2289 1005 2561 1062 ἀϐεϐαίων
2608 1005 2904 1076 χρημάτων
2964 1004 3156 1074 βέϐαια
3203 1003 3611 1073 ἐνστησάμενοι
3651 1003 3726 1055 τὰ

2129 1090 2329 1160 ἀγαθά,
2374 1090 2466 1143 τὸν
2496 1089 2555 1142 ἐν
2587 1090 2835 1157 οὐρανοῖς
2864 1087 3226 1156 ἀποκείμενον
3277 1084 3721 1156 κληρονομήσειν

2135 1192 2232 1246 μεν
2274 1170 2548 1244 θησαυρόν
2569 1186 2581 1198 ⁸
2609 1165 2670 1224 οὗ
2716 1169 2926 1238 γένοιτο
2958 1171 3163 1234 πάντας
3197 1171 3345 1240 ἡμᾶς
3397 1170 3718 1238 ἐπιτυχεῖν,

2133 1258 2318 1327 χάριτι
2375 1255 2470 1308 καί
2529 1252 2908 1325 φιλανθρωπίᾳ
2936 1254 3030 1327 τοῦ
3072 1253 3275 1325 Κυρίου
3326 1252 3491 1323 ἡμῶν
3541 1252 3719 1322 Ἰησοῦ

2134 1323 2395 1408 Χριστοῦ,
2439 1335 2504 1388 δι’
2539 1329 2600 1388 οῦ
2648 1323 2741 1389 καί
2774 1323 2892 1406 μεθ⁴
2934 1323 2993 1390 οῦ
3023 1335 3098 1406 τῷ
3132 1323 3307 1406 Πατρί
3337 1337 3373 1405 ἡ
3414 1335 3570 1400 δόξα,
3607 1334 3725 1403 ἅμα

2132 1421 2210 1489 τῷ
2243 1421 2383 1491 ἀγίῳ
2408 1417 2707 1488 Πνεύματι,
2735 1419 2831 1473 νῦν
2859 1422 2954 1474 καὶ
2990 1421 3095 1487 ἀεὶ,
3128 1420 3221 1474 καὶ
3246 1420 3327 1482 εἰς
3350 1420 3483 1481 τοὺς
3516 1417 3724 1482 αἰῶνας

2135 1502 2244 1557 τῶν
2278 1503 2507 1557 αἰώνων.
2555 1502 2747 1574 Ἀμήν.

481 1943 607 1998 Ὀτι
629 1943 1014 1999 ἐπικίνδυνον
1047 1946 1146 1999 καί
1190 1944 1313 2012 τοῖς
1359 1943 1630 2013 λέγουσι,
1671 1944 1771 1997 καὶ
1812 1942 1935 2009 τοῖς
1965 1914 2258 1998 ἁκούουσί
2277 1939 2345 1993 τὸ
2377 1910 2543 2009 πρός(
2566 1940 2743 2010 χάριν
2771 1937 3148 2009 δημηγορεῖν,
3180 1936 3277 1990 καί
3304 1936 3393 1991 ὅτι
3422 1938 3734 2008 χρήσιμον

1106 2033 1206 2088 καί
1256 2035 1612 2103 δικαιοσύνη
1640 2033 1897 2104 μεγίστη
1925 2031 1991 2085 τὸ
2020 2030 2372 2102 κατηγορεῖν
2402 2029 2520 2084 τῶν
2538 2031 2773 2085 οἰκείων
2808 2027 3255 2099 ἁμαρτημάτων.

548 2331 615 2383 α’.
654 2329 874 2392 ’ῐκανῶς
905 2328 1080 2400 ὑμῶν,
1102 2322 1278 2398 οἶμαι,
1310 2325 1676 2398 καθηψάμεθα
1709 2328 1920 2400 πρώην,
1952 2329 2048 2383 καὶ

483 2412 784 2483 βαθυτέραν
832 2410 1115 2481 ἐδώκαμεν
1159 2411 1261 2481 τὴν
1305 2410 1554 2481 πληγήν⁹
1593 2411 1788 2464 οὐκοῦν
1835 2412 2046 2483 ἀνάγκη

480 2494 819 2566 θεραπεῦσαι
851 2495 1111 2565 τήμερον,
1137 2493 1231 2546 καὶ
1253 2493 1662 2566 προσηνέστερα
1688 2494 1952 2549 ἐπιθεῖναι
1982 2493 2052 2547 τὰ

484 2579 770 2648 φάρμακα.
795 2569 964 2639 Οὗτος
1006 2576 1113 2647 γάρ
1147 2576 1369 2648 ἀριστος
1412 2576 1654 2647 ἰατρείας
1700 2579 1938 2649 τρόπος,
1979 2578 2051 2648 μὴ

487 2664 647 2730 μόνον
680 2660 921 2729 τέμνειν,
957 2658 1094 2712 ἀλλά
1127 2661 1221 2712 καὶ
1245 2659 1557 2730 ἐπιδεσμεῖν
1599 2660 1667 2713 τὰ
1705 2661 1867 2731 ἐλκη·
1901 2652 2055 2724 οὗτος

487 2743 799 2814 θαυμαστὸς
834 2742 1182 2806 διδασκαλίας
1221 2743 1404 2812 νόμος,
1440 2742 1519 2813 μὴ
1573 2744 1732 2814 μόνον
1773 2745 2052 2815 ἐπιτιμᾷν,

487 2826 623 2880 ἀλλά
658 2827 754 2880 καὶ
773 2825 1114 2898 παρακαλεῖν
1146 2826 1241 2879 καὶ
1282 2826 1741 2897 παραμυθεῖσθαι.
1771 2825 1927 2881 Οὕτω
1964 2827 2058 2880 καὶ

489 2908 702 2972 Παῦλος
742 2908 1069 2963 ἐκέλευσενο
1113 2908 1425 2977 Ἔλεγξον,
1461 2909 1836 2979 ἐπιτίμησον,
1877 2925 2061 2979 παρα-

489 2992 775 3050 κάλεσον.
814 2993 939 3047 Ἐάν
974 3008 1037 3044 τε
1074 2992 1366 3063 παρακαλῇ
1401 3007 1484 3054 τις
1522 2991 1718 3058 διόλου,
1758 2993 2058 3065 ῥᾳθυμοτέ-

490 3093 620 3148 ρους
659 3079 804 3129 ποιεῖ
854 3078 980 3139 τοὺς
1020 3075 1330 3148 ἀκροατάς·
1371 3077 1466 3131 ἐάν
1515 3094 1574 3129 τε
1608 3077 1837 3149 ἐπιτιμᾷ
1880 3078 2059 3148 μόνον,

490 3162 854 3234 τραχυτέρους
881 3158 1172 3230 ἐργάζεται
1193 3176 1205 3191 ο
1236 3160 1295 3213 οὐ
1317 3159 1426 3231 γὰρ
1454 3160 1738 3232 δυνάμενοι
1759 3161 1819 3214 τὸ
1848 3161 2063 3232 φορτίον

484 3244 599 3297 τῶν
623 3241 887 3316 διηνεκῶν
914 3242 1150 3314 ἐλέγχων
1175 3244 1440 3312 ἐνεγκεῖν,
1458 3242 1814 3315 ἀποπηδῶσιν
1840 3244 2062 3308 εὑθέως.

492 3330 584 3381 Διὸ
612 3331 719 3399 χρὴ
742 3327 985 3380 ποικίλον
1013 3325 1135 3379 τινὰ
1159 3327 1297 3393 εἶναι
1327 3326 1416 3379 τὸν
1440 3328 1540 3397 τῆς
1565 3327 1911 3389 διδασκαλίας
1938 3326 2065 3399 τρό-

495 3430 616 3465 πον.
660 3413 816 3466 Ἑπεὶ
846 3407 940 3464 οὖν
964 3413 1028 3482 τῇ
1059 3411 1299 3482 προτέρᾳ
1334 3411 1687 3481 σφοδρότερον
1717 3410 1812 3481 τὴν
1836 3410 2066 3464 ἑκάστου

494 3495 732 3548 διάνοιαν
766 3493 957 3546 ἔδακεν
985 3496 1013 3546 ό
1030 3492 1209 3561 λόγος,
1238 3492 1678 3564 προσηνεστέρας
1707 3493 1838 3562 ἡμῖν
1866 3492 1945 3545 δεῖ
1967 3491 2069 3561 τῆς

495 3574 849 3638 διδασκαλίας
871 3575 1136 3646 τήμερον,
1157 3574 1255 3628 καὶ
1283 3576 1404 3637 ταῖς
1429 3574 1494 3627 ἐκ
1522 3575 1627 3627 τῶν
1654 3573 1890 3643 ἐλέγχων
1915 3590 2070 3642 γενο-

503 3658 696 3728 μέναις
728 3656 965 3721 ὀδύναις,
1002 3657 1192 3728 ὥσπερ
1216 3657 1418 3720 ἔλαιον,
1446 3657 1755 3725 ἀναγκαῖον.
1786 3655 2071 3720 ἐπιστάξαι

500 3741 598 3808 τοῦ
628 3741 787 3810 λόγου
819 3740 881 3793 τὺ
926 3740 1216 3810 προσηνὲς,
1254 3738 1518 3812 πρότερον
1547 3738 1726 3794 αὑτῶν
1756 3740 1897 3810 ὑμᾶς
1937 3739 2073 3793 ἀνα-

501 3826 807 3897 μνήσαντες
834 3822 942 3877 τῶν
969 3824 1228 3895 ἐλέγχων.

582 3908 921 3979 Ἀνέγνωμεν
954 3907 1083 3978 ὑμῖν
1130 3907 1319 3977 πρώην
1367 3906 1459 3959 τὸν
1492 3904 1706 3959 Παύλου
1748 3905 1912 3975 νόμον
1949 3905 2076 3973 περὶ

502 3989 605 4060 τῆς
632 3990 739 4044 τῶν
764 3990 1086 4060 μυστηρίων
1117 3988 1401 4053 κοινωνίας
1433 3988 1687 4059 κείμενον
1724 3988 1837 4050 τοῖς
1860 4003 2076 4057 μεμυη-

508 4073 690 4141 μένοις
718 4073 939 4126 ἀπασιν.
978 4072 1037 4124 '0
1074 4071 1129 4125 δὲ
1156 4072 1319 4141 νόμος
1344 4066 1413 4142 ἦν
1433 4065 1588 4134 οὗτος
1608 4085 1624 4100 ο
1655 4070 1808 4124 οὐδὲν
1839 4069 1947 4140 γὰρ
1972 4086 2079 4122 κω-

504 4156 623 4209 λύει
659 4156 755 4210 καὶ
798 4155 895 4210 νῦν
928 4155 1091 4210 αὑτὸν
1128 4153 1436 4225 ἀναγνῶναι
1473 4155 1679 4226 πάλινζ
1718 4149 2080 4221 Δοκιμαζέτω

468 4232 577 4294 ⁴δὲ
627 4240 884 4305 ἕκαστος
935 4239 1172 4302 ἑαυτὸν,
1224 4238 1328 4292 καί
1375 4239 1564 4302 οὕτως
1619 4236 1688 4290 ἐκ
1735 4235 1843 4290 τοῦ
1896 4234 2079 4302 ἄρτου

505 4323 771 4387 ἐσθιέτω,
807 4321 906 4376 καί
945 4322 1013 4375 ἐκ
1054 4320 1162 4374 τοῦ
1200 4322 1485 4390 ποτηρίου
1522 4318 1760 4373 πινέτω.
1793 4320 2000 4371 Ἰσασιν
2030 4317 2080 4369 οἱ

513 4406 855 4478 μεμυημένοι
881 4403 952 4456 τά
992 4402 1280 4473 λεγόμενα,
1312 4404 1406 4455 καὶ
1436 4402 1518 4463 τίς
1551 4401 1647 4472 μὲν
1674 4401 1701 4452 ὁ
1729 4402 1912 4469 ἄρτος,
1943 4401 1994 4451 τί
2026 4398 2083 4451 δὲ

509 4489 571 4542 τὸ
608 4489 887 4558 ποτήριον.
945 4486 1010 4538 Ὀ
1057 4486 1166 4554 γὰρ
1219 4482 1440 4538 ἐσθίων
1473 4482 1569 4534 καί
1620 4483 1843 4544 πίνων,
1888 4481 2081 4552 φησὶν,

508 4572 769 4637 ἀναξίως
802 4569 906 4624 τοῦ
947 4569 1190 4636 Κυρίου.
1228 4568 1443 4634 ἔνοχος
1467 4558 1638 4620 ἔσται
1679 4564 1783 4617 τοῦ
1812 4563 2087 4633 σώματος

511 4656 610 4709 καὶ
642 4653 749 4708 τοῦ
783 4654 1029 4721 αἵματος
1059 4649 1165 4704 τοῦ
1198 4650 1441 4717 Κυρίου.
1471 4646 1674 4700 Τοῦτον
1707 4646 1836 4716 ὑμῖν
1879 4646 1972 4698 τὸν
1997 4647 2085 4699 νό-

517 4753 618 4807 μον
662 4736 1007 4804 ἀνέγνωμενθ
1064 4729 1452 4803 ἐξηγησάμεθα
1492 4730 1550 4784 δέ
1585 4729 1680 4783 καὶ
1720 4729 1820 4798 τὴν
1850 4729 2087 4782 διάνοιαν

516 4816 838 4889 τοὺρητοῦ.
871 4818 1108 4886 Εἴπομεν
1159 4816 1210 4869 τί
1253 4818 1432 4883 ἐστιν,
1466 4816 1722 4882 Ἔνοχος
1765 4812 1935 4867 ἔσται
1981 4812 2088 4866 τοῦ

517 4900 791 4969 σώματος
836 4899 932 4951 καί
984 4898 1090 4952 τοῦ
1117 4899 1364 4966 αἳματος
1409 4895 1518 4950 τοῦ
1568 4894 1826 4964 Κιρίου,
1875 4895 1955 4948 ὅτι
1990 4892 2089 4965 τήν

517 4984 689 5057 αὑτὴν
722 4980 881 5034 δώσει
915 4979 1091 5050 δίκην,
1132 4981 1261 5052 ὅσην
1294 4981 1689 5051 ὑποστήσονται
1731 4977 2001 5049 τιμωρίαν
2038 4977 2090 5028 οἱ

518 5064 934 5138 σταυρώσαντες
975 5062 1066 5116 τὸν
1115 5064 1367 5134 Χριστόν.
1406 5062 1673 5133 Καθάπερ
1719 5060 1830 5132 γάρ
1869 5061 2087 5123 ἐκεῖνοι,

517 5152 703 5223 φησὶν,
733 5149 783 5203 οί
819 5149 1046 5217 σφαγεῖς
1074 5140 1257 5217 ἔνοχοι
1272 5146 1518 5214 ἐγένοντο
1541 5144 1632 5198 τοῦ
1662 5145 1913 5214 αἵματος,
1944 5140 2088 5195 οὓτω

514 5236 612 5290 καὶ
643 5228 791 5289 οὗτοι
818 5233 868 5285 οἰ
900 5228 1133 5296 ἀναξίως
1165 5228 1548 5292 κοινωνοῦντες
1591 5226 1700 5281 τῶν
1737 5225 2053 5297 μυστηρίων
2072 5241 2085 5254 ·

513 5317 672 5375 τοῦτο
700 5316 808 5387 γάρ
852 5320 1019 5379 ἐστιν,
1050 5316 1306 5382 Ἔνοχος
1332 5312 1504 5367 ἔσται
1542 5309 1648 5366 τοῦ
1680 5309 1956 5380 σώματος
1988 5307 2088 5360 καὶ

518 5400 623 5454 τοῦ
643 5401 890 5468 αἵματος
913 5398 1018 5454 τοῦ
1049 5400 1293 5468 Κυρίου.
1319 5396 1523 5451 Ἐδόκει
1551 5394 1750 5465 πολλὴν
1784 5391 2090 5463 ὑπερϐολὴν

518 5482 660 5555 ἐχειν
700 5482 762 5535 τὺ
806 5482 1094 5553 εἰρημένον
1145 5482 1240 5536 καὶ
1288 5480 1561 5551 ἀφόρητος
1591 5472 1730 5530 εἶναι
1775 5477 1808 5545 ἡ
1854 5470 2086 5543 ἀπειλή·

518 5564 937 5638 προσεθήκαμεν
973 5566 1065 5618 καί
1105 5563 1371 5635 λογισμὸν.
1401 5564 1466 5615 ἐκ
1493 5560 1932 5632 παραδείγματος
1961 5558 2089 5610 ἁκο-

518 5645 736 5699 λουθίαν
783 5647 973 5717 ἔχοντα
1021 5647 1239 5717 πολλήν.
1276 5647 1489 5718 Ὠσπερ
1519 5645 1660 5717 γάρ,
1710 5643 1875 5712 ἔφην,
1915 5640 1981 5694 ἀν
2029 5657 2089 5692 τε

521 5725 788 5799 διαρρήξῃ
823 5745 906 5792 τις
959 5733 1057 5799 τὴν
1105 5729 1413 5798 πορφυρίδα
1454 5730 1553 5800 τὴν
1589 5725 1893 5799 βασιλικὴν,
1926 5724 1989 5777 ἀν
2028 5741 2085 5775 τε

2153 2331 2357 2404 μολύνῃ
2386 2330 2650 2404 βορϐόρῳ,
2674 2327 3066 2402 παραπλησίως
3089 2327 3237 2402 [659]
3267 2328 3346 2391 είς
3380 2328 3476 2381 τὸν
3503 2328 3739 2382 ἐνδύντα

2150 2415 2317 2486 αὐτὴν
2352 2414 2539 2488 ὕϐρισε
2594 2413 2845 2483 βασιλέα·
2885 2412 3028 2467 οὑτω
3076 2413 3140 2484 δὴ
3170 2415 3270 2468 καὶ
3308 2411 3549 2467 ἐνταῦθα
3593 2412 3651 2464 οῖ
3678 2428 3740 2464 τε

2151 2499 2429 2561 ἀνελόντες
2473 2499 2535 2551 τὸ
2579 2498 2737 2569 σῶμα
2778 2499 2839 2551 τὸ
2872 2498 3211 2564 δεσποτικὸν,
3245 2498 3300 2551 οἵ
3330 2515 3393 2550 τε
3433 2495 3741 2567 ἀκαθάρτῳ

2151 2581 2427 2652 δεχόμενοι
2456 2585 2520 2653 τῇ
2550 2581 2779 2653 διανοίᾳ,
2812 2581 3015 2651 ὁμοίως
3042 2581 3434 2653 ἐμπαροινοῦσι
3464 2579 3549 2651 τῷ
3580 2578 3739 2632 ἐνεύ-

2158 2682 2287 2735 ματι
2308 2663 2385 2734 τῷ
2406 2665 2697 2735 βασιλικῷ.
2721 2663 3019 2736 Διέρῤηξαν
3047 2666 3146 2735 μὲν
3169 2661 3263 2719 οὖν
3287 2664 3421 2717 αὐτὸ
3447 2662 3741 2717 Ἰουδαῖοι.⁸

2155 2746 2233 2817 τῷ
2261 2748 2512 2819 σταυρῷ,
2562 2747 2779 2817 μολύνει
2810 2748 2866 2801 δέ
2907 2749 2997 2801 καὶ
3047 2751 3076 2801 ό
3106 2748 3402 2818 ἀκαθάρτῳ
3444 2746 3741 2817 δεχόμενος

2159 2829 2290 2883 αὑτὸ
2309 2829 2455 2901 ψυχῇ
2479 2847 2492 2860 ·
2516 2829 2657 2883 ὥστε
2687 2832 2735 2884 εί
2769 2832 2863 2884 καὶ
2893 2831 3126 2902 διάφορα
3145 2829 3217 2884 τὰ
3237 2832 3335 2901 τῆς
3362 2828 3740 2900 παρανομίας.

2159 2914 2296 2967 ἀλλά
2332 2914 2399 2967 τὰ
2442 2913 2541 2983 τῆς
2576 2912 2787 2982 ὕϐρεως
2833 2914 2942 2970 ίῗσα.
2984 2914 3153 2967 Τοῦτο
3189 2912 3398 2967 πολλῶν
3426 2912 3742 2982 καθήψατο.

2160 2997 2318 3051 τοῦτο
2356 2997 2581 3061 πολλοὺς
2619 2996 2949 3068 ἐθορύϐησεν
2975 3014 2988 3028 ο
3043 2997 3201 3051 ἔδακε
3240 2996 3302 3049 τὸ
3346 2995 3590 3059 συνειδὸς
3634 2994 3746 3046 τῶν

2163 3081 2488 3146 ἀκουόντων,
2532 3081 2731 3151 μᾶλλον
2769 3081 2827 3134 δὲ
2883 3080 3006 3152 οὐχὶ
3060 3081 3169 3135 τῶν
3216 3080 3529 3134 ἀκουόντων
3560 3079 3743 3151 μόνον,

2165 3165 2301 3219 ἀλλά
2336 3166 2426 3218 καὶ
2456 3166 2590 3235 ἐμοῦ
2628 3165 2721 3219 τοῦ
2744 3165 2994 3234 λέγοντος
3027 3164 3133 3238 πρὸ
3170 3163 3354 3235 ὑμῶν·
3387 3163 3549 3233 κοινὴ
3577 3163 3689 3233 γάρ
3711 3164 3745 3232 ἡ

2165 3250 2502 3314 διδασκαλία,
2537 3249 2688 3308 κοινὰ
2735 3249 2805 3304 τά
2840 3251 3159 3321 τραύματα·
3202 3249 3281 3301 διδ
3326 3247 3423 3301 καὶ
3470 3245 3637 3300 κοινά
3682 3244 3749 3297 τὰ

2169 3334 2438 3404 φάρμακα
2501 3331 2807 3403 ἐπιτίθημι.
2842 3332 3011 3386 Τοῦτο
3072 3333 3171 3403 τῆς
3203 3330 3302 3405 ,τοῦ
3353 3328 3494 3383 Θεοῦ
3561 3329 3751 3398 φιλανο

2171 3415 2415 3487 θρωπίας
2448 3414 2667 3483 ἐγένετο
2706 3414 2888 3487 ἔργον,
2918 3414 3058 3468 ὥστε
3109 3414 3203 3468 καὶ
3232 3414 3325 3466 τὸν
3369 3411 3610 3481 λέγοντα
3656 3411 3755 3464 καὶ

2172 3500 2296 3561 τοὺς
2331 3496 2625 3561 ἀκούοντας
2668 3500 2780 3560 τοῖς
2808 3498 2991 3560 αὐτοῖς
3036 3495 3355 3550 ὑποκεῖσθαι
3402 3495 3624 3565 νόμοις,
3654 3494 3753 3562 τῆς

2171 3581 2344 3652 αὑτῆς
2379 3582 2655 3635 κοινωνεῖν
2684 3580 2918 3649 φύσεως,
2949 3579 3150 3650 ὁμοίως
3174 3578 3406 3634 ἕκαστον
3444 3577 3752 3632 ὑπεύθυνον

2171 3659 2310 3720 εἶναι
2347 3662 2776 3735 παραϐαίνοντα.
2817 3663 2915 3716 Διά
2940 3662 3026 3728 τί;
3066 3664 3184 3716 Ἵνα
3232 3662 3372 3733 μετά
3399 3661 3755 3732 συμμετρίας

2172 3748 2393 3816 ποιῆται
2424 3746 2521 3818 τὴν
2554 3747 2891 3818 ἐπιτίμησιν,
2925 3746 3012 3800 ίνα
3051 3744 3497 3814 συγγνωμονικὺς
3527 3744 3755 3814 γένηται

2172 3831 2285 3893 τοῖς
2306 3828 2728 3900 ἁμαρτάνουσιν,
2748 3830 2834 3886 ἵνα
2859 3827 3402 3899 ἀναμιμνησκόμενος
3424 3826 3529 3897 τῆς
3548 3826 3756 3889 οἰκείας

2174 3910 2457 3976 ἀσθενείας
2508 3912 2582 3983 μὴ
2636 3912 2906 3983 ἀφόρητον
2958 3912 3178 3981 ποιῆται
3226 3910 3317 3964 τὸν
3361 3910 3613 3980 ἔλεγχον.
3657 3908 3753 3962 Διά

2175 3994 2332 4048 τοῦτο
2363 3995 2463 4048 οὑκ
2499 3994 2762 4064 ἀγγέλους
2806 3995 2872 4047 ἐκ
2914 3994 3022 4046 τῶν
3057 3992 3299 4065 οὐρανῶν
3344 3991 3688 4061 καταγαγὼν
3728 3992 3755 4043 ὁ

2176 4078 2308 4141 Θεὸς
2327 4080 2393 4148 τῇ
2415 4078 2522 4131 τῶν
2542 4077 2843 4146 ἀνθρώπιον
2868 4077 3029 4147 φύσει
3053 4075 3407 4138 διδασκάλους
3428 4076 3639 4147 ἐπέστη
3648 4091 3756 4137 σεν,

2178 4159 2266 4212 ἵνα
2299 4161 2373 4231 μὴ
2399 4157 2486 4213 διὰ
2508 4160 2570 4213 τὸ
2604 4160 2705 4237 τῆς
2739 4159 2953 4229 φύσεως
2978 4159 3266 4231 ὑπερέχον,
3297 4157 3393 4212 καὶ
3420 4158 3525 4227 τῆς
3544 4157 3761 4227 ἀνθρωο

2180 4243 2340 4313 πίνης
2368 4240 2653 4306 ἀσθενείας
2681 4243 2779 4317 τήν
2808 4243 3049 4310 ἄγνοιαν,
3079 4241 3459 4313 ἀφειδέστερον
3493 4240 3758 4294 ποιῶνται

2179 4326 2278 4389 τὰς
2309 4324 2430 4379 καθ’
2451 4325 2609 4396 ἡμῶν
2630 4325 2975 4395 ἐπιτιμήσεις
2992 4340 3006 4354 ο
3035 4324 3169 4378 ἀλλά
3186 4323 3283 4378 ἀνθ
3293 4323 3511 4395 ρώπους
3531 4323 3758 4394 θνητοὺς

2181 4410 2347 4464 ἔδωκε
2372 4408 2725 4473 διδασκάλους
2761 4409 2855 4462 καὶ
2880 4409 3080 4479 ἱερέας,
3108 4406 3429 4479 ἀνθρώπους
3466 4408 3759 4483 ἀσθένειαν

2184 4491 2627 4562 περικειμένους,
2658 4491 2726 4544 ἶν’
2787 4491 2917 4544 αὑτὸ
2958 4491 3022 4560 δὴ
3052 4490 3208 4549 τοῦτο
3229 4531 3242 4552 ,
3279 4489 3340 4543 τὸ
3376 4493 3488 4555 τοῖς
3515 4492 3543 4529 δ
3579 4491 3760 4551 αὐτοῖς

2189 4575 2485 4630 ὑπεύθυνον
2513 4570 2653 4628 εἶναι
2688 4575 2782 4628 καὶ
2805 4574 2894 4628 τὸν
2918 4575 3143 4643 λέγοντα
3164 4574 3258 4626 καὶ
3282 4573 3409 4636 τοὺς
3438 4573 3757 4637 ἀκούοντας,

2185 4657 2402 4730 χαλινὸς
2435 4658 2658 4728 γένηται
2687 4660 2756 4728 τῇ
2784 4656 2875 4710 τοῦ
2895 4657 3144 4726 λέγοντος
3170 4655 3405 4731 γλώττῃ,
3442 4657 3519 4727 μὴ
3552 4675 3762 4728 συγχω-

2189 4741 2299 4812 ρῶν
2323 4740 2467 4811 πέρα
2494 4739 2586 4794 τοῦ
2621 4740 2819 4811 μέτρου
2845 4740 3115 4794 ποιεῖσθαι
3139 4740 3239 4803 τὰς
3269 4742 3632 4815 κατηγορίας.
3658 4740 3760 4795 Καὶ

2188 4825 2270 4877 ὅτι
2298 4823 2455 4877 τοῦτό
2484 4824 2630 4877 ἐστιν
2658 4822 2876 4895 ἀληθὲς,
2907 4825 3066 4887 αὑτὸς
3103 4826 3131 4878 ὁ
3163 4824 3394 4889 Παῦλος,
3425 4828 3455 4878 ό
3480 4825 3577 4878 τὸν
3602 4826 3760 4896 νόμον

2189 4910 2393 4962 ἐκεῖνον
2428 4906 2563 4971 θεὶς,
2603 4907 2697 4961 καὶ
2733 4909 2937 4980 ταύτην
2975 4909 3123 4980 ἡμᾶς
3166 4910 3373 4975 ἐδίδαξε
3420 4911 3521 4978 τὴν
3562 4911 3758 4975 αἰτίαν,

2187 4990 2359 5054 οὕτως
2387 4989 2584 5044 εἰπών·
2620 4989 2746 5056 Πᾶς
2774 4992 2883 5059 γὰρ
2924 4992 3117 5062 ἱερεὺς
3142 4992 3210 5057 ἐξ
3245 4993 3578 5062 ἀνθρώπων
3614 4997 3761 5063 ,ιαμ-

2190 5074 2537 5143 ϐανόμενος,
2568 5072 2721 5141 ὑπὲρ
2756 5073 3081 5142 ἀνθρώπων
3125 5078 3496 5138 καθίσταται,
3530 5093 3759 5145 μετριο-

2193 5157 2402 5211 παθεῖν
2417 5156 2748 5226 δυνάμενος
2761 5157 2886 5224 τοῖς
2904 5158 3193 5227 ἀγνοοῦσι
3212 5159 3309 5213 καί
3325 5160 3756 5229 πλανωμένοις.

2194 5241 2364 5294 Πόθεν
2401 5240 2496 5295 καὶ
2538 5241 2624 5295 διά
2672 5241 2759 5306 τί;
2799 5241 3036 5311 Ἐπειδὴ
3078 5243 3176 5297 καί
3224 5243 3406 5311 αὐτὸς
3446 5246 3760 5313 περίκειται

2194 5323 2533 5380 ἀσθένειαν.
2577 5326 2737 5397 Ὁρᾷς
2782 5324 2863 5379 ὅτι
2914 5327 3230 5398 ήάσθένεια
3272 5329 3372 5399 τῆς
3420 5329 3758 5400 συμπαθείας

2192 5407 2449 5471 ὑπόθεσις
2474 5409 2701 5477 γίνεται,
2736 5409 2830 5462 καὶ
2857 5410 2919 5463 τὸ
2971 5412 3229 5479 συγγενὲς
3256 5412 3363 5484 ,τῆς
3414 5413 3635 5482 φύσεως
3668 5414 3755 5466 οὐκ

2191 5491 2417 5561 ἀφίησιν
2450 5493 2529 5555 είς
2547 5491 2815 5562 ἀμετρίαν
2846 5492 2974 5545 ποτὲ
3008 5495 3260 5549 ἐκπεσεῖν
3283 5495 3373 5550 τὸν
3404 5496 3752 5566 ἐπιτιμῶντα,

2190 5574 2293 5626 κᾶν
2322 5573 2525 5644 σφόδρα
2558 5573 2866 5646 φιλονεικῇ;
2894 5575 3050 5639 Τίνος
3076 5576 3132 5629 δέ
3164 5577 3349 5631 ἕνεκεν
3378 5577 3554 5632 ταῦτα
3580 5574 3748 5645 dum;

2252 5668 2423 5717 a(Iolb.
2449 5670 2584 5718 αὐτοὶ
2614 5669 2850 5719 Ἰουδαῖοι.

2251 5729 2279 5770 δ
2308 5730 2388 5779 Sic
2412 5742 2499 5780 nos
2522 5743 2551 5780 e
2572 5732 2785 5795 Savilio;
2808 5732 2974 5785 Monll‘.
3000 5733 3158 5797 τοῦτο,
3178 5736 3259 5785 καὶ
3281 5734 3392 5792 τοῖς.
3424 5736 3559 5786 Εοιτ.
