3844 6280
99 372 208 430 6'53

102 486 326 540 liaretur
350 500 378 540 a
405 484 621 542 diabolo
643 529 657 552 ,
691 486 956 558 iacturam
999 503 1058 546 se
1084 492 1295 548 illorum
1327 508 1485 565 posse
1529 496 1704 553 facere

1011 376 1147 435 NON
1187 379 1355 439 ESSE
1396 382 1488 438 AD
1528 384 1840 443 GRATIAM
1878 386 2428 451 CONCIONANDUSI.

3290 402 3393 461 65E

1806 515 1912 555 non
1937 504 2139 559 servies
2177 514 2378 574 autem,
2410 506 2472 573 si,
2512 516 2567 563 ut
2613 508 2789 579 decet,
2821 509 2937 567 illas
2968 510 3259 582 expendas,
3295 530 3399 569 non

104 578 391 633 meditatus
419 588 583 671 esset.
608 579 672 633 Et
701 588 755 634 tu
785 581 944 651 igitur
968 596 1098 653 opes
1127 592 1434 653 contemne,
1453 586 1581 644 dum
1610 588 1705 644 ad-
1802 590 1956 647 humi
1982 592 2237 650 defodias.
2262 596 2403 652 Nihil
2429 598 2497 653 ita
2517 599 2776 656 lubricum
2807 612 2908 665 est,
2938 613 2993 657 ιιι
3015 578 3211 659 diviti:e
3230 578 3254 671 ;V
3271 605 3400 660 nihil

104 677 249 734 sunt,
280 677 358 736 ut,
384 684 507 724 cum
533 670 820 741 aliquando
856 672 1049 730 ablata:
1093 673 1312 743 fuerint,
1367 692 1701 751 nequaquam

103 761 293 816 dolore
337 760 620 834 frangaris.
662 764 921 835 Expende
971 767 1090 823 illas
1133 768 1187 824 in
1233 784 1319 825 res
1353 771 1530 840 utiles,
1576 772 1702 828 dum

105 862 418 924 suppetunt,
447 863 506 909 ut
526 897 542 923 ,
586 870 708 910 cum
735 867 933 928 ereptae
953 857 1172 928 fuerint,
1203 862 1403 933 duplex
1435 864 1527 920 tibi
1557 880 1737 936 quth

102 957 220 1002 stus
248 947 519 1014 obveniat,
552 957 663 1004 tum
690 951 761 1006 oh
792 961 1031 1022 paratam
1063 954 1157 1010 tibi
1200 956 1526 1024 mercedem,
1562 958 1702 1029 quod

104 1054 198 1094 eas
223 1040 426 1109 optime
451 1042 788 1112 expenderis,
821 1053 932 1100 tum
960 1046 1031 1102 ob
1075 1049 1385 1119 acquisitam
1408 1065 1472 1106 ex
1517 1065 1701 1106 earum

104 1142 419 1204 contemptu
449 1134 843 1207 philosophiam
862 1147 919 1194 et
950 1140 1281 1211 patientiam,
1317 1157 1437 1213 quae
1467 1143 1559 1199 tibi
1587 1129 1701 1198 ium

103 1226 213 1282 erit
236 1226 377 1293 usui,
403 1241 523 1281 cum
556 1227 661 1282 illis
690 1227 855 1285 fueris
894 1230 1199 1289 destitutus.
1234 1234 1518 1305 Propterea
1548 1249 1701 1289 nam-

1809 684 1879 738 ita
1909 685 2164 742 mutabile
2190 696 2292 756 est,
2342 697 2401 744 ut
2445 704 2595 761 opes.
2628 692 2853 760 Quando
2883 693 3044 763 igitur
3069 695 3203 750 adeo
3233 697 3398 751 insta~

1810 773 1931 832 bilis
1960 782 2044 831 cst
2070 777 2273 832 illarum
2302 781 2571 848 possessio
2591 822 2606 846 ,
2639 796 2701 837 ac
2729 783 2955 839 celerius
2988 784 3092 839 illa:
3114 801 3271 855 quam
3305 802 3405 840 vr-

1808 862 1972 920 lucris
1999 881 2029 920 a
2052 867 2202 922 nobis
2218 870 2465 937 avolant,
2489 872 2817 943 etinjustius
2838 890 2995 944 quam
3021 876 3267 945 fugitivus
3287 879 3405 948 qui-

1809 956 1890 1011 vis
1919 957 2190 1030 aufugiunt
2222 977 2237 1015 :
2265 976 2369 1031 quo
2404 973 2647 1033 tempore
2688 963 2889 1019 domini
2938 965 3146 1020 illarum
3195 982 3402 1034 sumus,

1808 1048 1911 1104 illis
1934 1059 2165 1119 utamur,
2212 1061 2268 1107 ut
2303 1054 2478 1119 decet,
2531 1070 2639 1126 quo
2678 1058 2943 1126 pessimus
2980 1072 3046 1112 ex
3070 1057 3402 1115 inStabilibus

1809 1144 2052 1210 pecuniis
2088 1144 2298 1200 stabilia
2334 1146 2489 1201 nobis
2515 1147 2653 1203 bona
2689 1163 3023 1217 comparare,
3050 1165 3112 1206 ac
3154 1152 3405 1206 recondi-

1810 1241 1920 1288 tum
1969 1234 2125 1291 nobis
2168 1236 2220 1291 in
2256 1237 2400 1293 caelis
2430 1238 2742 1295 thesaurum
2790 1241 3221 1313 possidet-mque
3251 1243 3408 1300 nobis

104 1330 476 1386 (ιιιειχτςήματα
522 1320 762 1389 pecunia:
806 1331 1097 1392 vocantur,
1139 1335 1197 1379 ut
1226 1325 1330 1381 illis
1373 1333 1604 1392 utamur,
1647 1333 1705 1381 ut
1804 1325 2053 1382 omnibus
2082 1327 2278 1382 utinam
2304 1329 2461 1400 potiri
2486 1331 2777 1401 contingat,
2809 1334 2976 1403 gratia
2994 1328 3397 1406 et'benignitate

104 1408 284 1471 decet,
307 1422 410 1463 non
430 1418 487 1463 ut
507 1424 598 1464 eas
624 1409 959 1468 defodiamus
989 1429 1003 1468 :
1031 1417 1395 1482 possessiones
1415 1424 1701 1488 prepterea

107 1499 376 1567 dicuntur,
407 1508 467 1556 ut
493 1516 592 1557 nos
618 1517 710 1557 eas
739 1503 1130 1573 possideamus,
1160 1521 1267 1561 non
1293 1506 1361 1563 ab
1387 1508 1491 1563 illis
1528 1508 1700 1577 possi-

109 1591 358 1648 deamur.
384 1592 636 1649 Dominus
664 1611 724 1651 es
742 1596 1083 1666 pecuniarum
1101 1600 1403 1664 multarum,
1434 1600 1541 1655 noli
1571 1615 1701 1671 ergo

109 1685 216 1739 illis
258 1685 481 1751 servire,
531 1702 755 1757 quorum
805 1689 1078 1745 dominum
1118 1700 1170 1747 te
1206 1692 1482 1747 constituit
1520 1694 1702 1749 Deus:

664 1817 881 1823 -.ο-...μμ
892 1818 1119 1825 -m“
1130 1818 1411 1824 ___.—_..._.——..—e..
1421 1819 1497 1823 .-.-ή
1512 1818 1643 1824 .____-7

1662 1815 2001 1823 ..Μ

1809 1418 2017 1473 Domini
2042 1421 2207 1476 nostri
2232 1419 2359 1476 Jesu
2382 1420 2600 1488 Christi,
2636 1439 2732 1493 per
2760 1439 2918 1494 quem
2941 1434 2996 1480 et
3023 1441 3143 1480 cum
3172 1442 3279 1498 quo
3306 1428 3407 1482 Pa-

1804 1513 1876 1565 tri
1903 1510 2070 1581 gloria
2119 1512 2385 1583 simulque
2413 1513 2632 1584 Spiritui
2654 1509 2877 1570 Sancte.
2896 1531 3036 1573 nunc
3068 1526 3123 1573 et
3168 1533 3402 1589 seraper,

1807 1610 1860 1656 et
1888 1602 1939 1656 in
1956 1602 2149 1657 saecula
2169 1603 2509 1659 saeculorum.
2538 1607 2731 1662 Amen.

113 1894 250 1937 RBM
295 1895 439 1939 ESSE
484 1895 781 1940 PERICULI
825 1898 1079 1942 PLENAM
1122 1897 1253 1941 CUM
1300 1898 1380 1941 IIS
1426 1897 1533 1950 QUI
1578 1894 1838 1952 DICUNT,
1883 1897 2019 1940 TUM
2062 1895 2144 1939 IIS
2188 1895 2297 1950 QUI
2329 1896 2638 1951 AUDIUNT,
2683 1896 2768 1939 ΔΙ)
2811 1894 3096 1939 GRATIAM
3143 1894 3408 1939 CONCIO‘

354 1994 507 2038 NAR!
552 1995 568 2036 2

192 2229 241 2282 Ι.
271 2227 410 2283 Satis
428 2268 444 2295 ,
471 2226 664 2299 Opinor
685 2267 701 2295 ,
730 2242 824 2284 vos
854 2243 1023 2298 nuper
1047 2229 1455 2302 increpavimus,
1484 2244 1547 2285 ac
1580 2246 1707 2301 pro-

114 2318 417 2375 fundiorem
444 2320 649 2390 plagam
673 2319 961 2375 indiximus
989 2336 1005 2374 :
1024 2322 1200 2391 itaque
1216 2335 1436 2377 necesse
1448 2328 1532 2377 est
1553 2322 1711 2378 hodie

116 2412 430 2469 medeamur
448 2456 462 2477 ,
491 2428 557 2470 ac
582 2414 789 2469 mitiora
837 2413 1225 2470 medicamenta
1267 2415 1511 2486 quaedam
1540 2429 1710 2485 appo-

116 2519 332 2559 uanius.
362 2504 460 2560 llic
502 2505 648 2561 enim
693 2506 927 2575 optimus
973 2513 1057 2561 est
1094 2506 1374 2563 medicina;
1414 2507 1625 2572 modus,
1655 2518 1713 2562 ut

116 2612 227 2651 non
257 2596 418 2651 modo
446 2608 697 2653 secentur
720 2598 904 2653 ulcera
926 2638 942 2664 ,
972 2613 1157 2654 verum
1183 2599 1341 2654 etiam
1371 2599 1707 2670 obligentur:

116 2688 235 2743 inec
257 2690 509 2759 praeclara
537 2688 795 2745 doctrinae
820 2690 903 2744 lex
923 2698 1022 2755 est,
1048 2699 1106 2745 ut
1120 2706 1225 2745 non
1241 2689 1403 2745 modo
1419 2690 1712 2760 reprehen-

115 2781 316 2835 dantur
341 2782 605 2852 discipuli.
634 2796 820 2837 verum
847 2783 1005 2837 etiam
1024 2781 1481 2838 cohortationibus
1508 2793 1564 2837 et
1585 2796 1713 2836 con-

116 2872 472 2928 solationibus
532 2874 869 2944 adjurentur.
928 2873 1001 2930 Ita
1073 2889 1286 2946 quoque
1347 2874 1543 2929 Paulus
1598 2874 1713 2929 fieri

115 2965 280 3033 jussit
304 2982 318 3019 :
340 2964 528 3035 Argue,
552 2964 778 3033 ittcrepa,
799 2965 1065 3022 exlwrtare
1092 2964 1168 3039 (2.
1201 2964 1336 3021 Tim.
1367 2966 1421 3021 4.
1449 2962 1527 3035 2).
1560 2963 1711 3032 Quod

119 3057 165 3110 si
199 3071 415 3126 semper
442 3055 760 3112 exhortetur
785 3058 1065 3128 quispiam,
1098 3056 1512 3128 negligentiores
1538 3055 1717 3112 reddit

119 3148 486 3203 auditores:si
520 3156 725 3207 tantum
753 3148 1011 3219 increpet,
1042 3149 1340 3218 asperiores
1366 3147 1565 3204 efﬁcit:
1592 3162 1714 3203 cum

120 3241 269 3295 enim
285 3239 618 3295 assiduarnm
643 3254 780 3295 onus
798 3240 1273 3311 reprehensionum
1303 3238 1441 3295 ferre
1468 3252 1573 3293 non
1595 3252 1719 3308 pos-

120 3332 263 3397 sint,
292 3330 572 3386 eonfestim
615 3330 929 3387 abscedunt.
970 3331 1233 3400 Quocirca
1280 3334 1459 3387 varius
1499 3330 1716 3403 quidam

121 3423 462 3479 adhibendus
479 3434 561 3479 est
575 3424 801 3480 docendi
818 3424 1024 3480 modus.
1045 3424 1266 3492 Quando
1283 3424 1441 3496 igitur
1455 3424 1720 3494 superiori

122 3517 349 3571 collecta
395 3516 654 3586 cujusque
687 3523 921 3571 mentem
948 3516 1126 3571 acrius
1154 3529 1340 3571 sermo
1368 3516 1718 3585 perstrinxit,

122 3608 322 3665 leniori
360 3623 503 3663 nunc
534 3608 761 3664 docendi
790 3608 950 3664 modo
978 3607 1133 3663 nobis
1167 3617 1251 3663 est
1277 3622 1414 3678 opus
1462 3607 1721 3662 hodierno

123 3701 219 3755 die
242 3741 256 3764 ,
285 3714 348 3754 ac
383 3699 656 3755 doloribus
678 3740 697 3767 ,
722 3714 857 3770 quos
888 3699 1333 3770 reprehensiones
1376 3700 1719 3764 inusserunt,

126 3805 354 3848 necesse
376 3800 459 3848 est
482 3803 750 3861 tamquam
776 3792 953 3847 oleum
977 3792 1245 3847 lenitatem
1269 3791 1530 3846 sermonis
1548 3790 1722 3845 instil-

126 3887 337 3952 lcmus,
367 3886 411 3940 si
456 3886 607 3955 prius
637 3884 788 3940 vobis
822 3885 874 3939 in
924 3884 1237 3940 memoriam
1280 3883 1724 3954 reprehensiones

126 3981 279 4051 ipsas
310 3980 754 4038 revocaverimus.

208 4073 316 4129 Lex
337 4072 493 4129 Pauli
514 4076 577 4130 de
600 4076 682 4144 iis,
704 4077 788 4145 qui
808 4076 1012 4147 indigne
1035 4075 1425 4129 cmnmum'rant.
1443 4102 1513 4115 —
1529 4073 1723 4143 Legem

128 4165 287 4221 Pauli
332 4166 484 4222 vobis
524 4183 693 4237 nuper
714 4167 784 4223 de
823 4176 1280 4222 sacramentorum
1320 4166 1725 4237 participatione

127 4260 498 4325 recitavimus,
527 4276 630 4330 qua
657 4260 856 4327 cuncti,
884 4260 973 4330 qui
1003 4259 1274 4331 mysteriis
1328 4257 1518 4313 initiati
1560 4265 1684 4311 sunt
1706 4298 1723 4325 ,

127 4352 557 4423 obstringuntur.
581 4353 709 4408 Hmc
733 4362 908 4408 autem
938 4352 1021 4407 lex
1047 4358 1163 4407 erat
1186 4367 1198 4403 :
1225 4350 1357 4405 nihil
1376 4349 1518 4405 enim
1542 4362 1727 4403 rursus

126 4446 280 4500 illam
320 4444 566 4513 prohibet
607 4445 819 4499 recitari
848 4461 862 4501 :
898 4442 1079 4497 Probet
1117 4452 1283 4495 autem
1311 4441 1536 4510 seipsum
1566 4454 1726 4494 unus-

128 4537 364 4608 quisque,
405 4544 453 4589 et
491 4534 564 4589 sic
592 4536 655 4590 de
678 4552 809 4606 pane
834 4534 928 4589 ilio
957 4535 1071 4588 edat
1095 4574 1110 4598 ,
1144 4535 1279 4587 etde
1305 4533 1459 4586 calice
1484 4531 1619 4586 bibat
1641 4531 1661 4602 (
1674 4533 1724 4586 Ι.

128 4627 253 4683 Cor.
283 4628 368 4682 il.
394 4626 513 4698 ‘28).
540 4627 746 4694 Sciunt,
779 4626 868 4696 qui
900 4625 1167 4697 mysteriis
1191 4624 1383 4679 initiati
1406 4633 1529 4677 sunt
1557 4664 1577 4690 ,
1601 4622 1730 4693 quid

126 4722 396 4786 dicamus,
421 4728 474 4775 et
502 4720 623 4791 quis
651 4720 736 4776 hic
764 4718 913 4790 panis
935 4718 1037 4785 sit,
1071 4717 1254 4788 quisve
1279 4714 1440 4771 calix.
1469 4715 1570 4783 Qui
1596 4716 1729 4769 enim

126 4815 409 4871 mandarat
437 4824 485 4868 et
513 4814 631 4868 bibit
655 4855 669 4879 ,
702 4813 913 4883 inquit,
943 4811 1150 4882 indigne
1186 4806 1406 4864 Domino
1427 4850 1441 4871 ,
1469 4824 1587 4862 reus
1634 4806 1729 4860 erit

122 4907 365 4978 corporis
394 4915 440 4959 et
470 4905 729 4978 sanguinis
760 4900 964 4958 Domini
995 4898 1155 4974 (Ibid.
1184 4916 1232 4954 ιι.
1260 4900 1373 4971 27).
1402 4899 1553 4955 Hanc
1576 4897 1729 4953 vobis

125 5002 308 5070 legem
336 4997 707 5060 recitavimus,
734 5005 789 5050 et
811 4995 1094 5050 verborum
1120 4998 1335 5047 sensum
1365 4990 1727 5060 exposuimus.

129 5046 379 5146 Dijtimus
406 5088 530 5159 quid
572 5088 677 5153 sit,
708 5085 842 5142 Reus
882 5087 974 5140 erit
1010 5083 1235 5154 corporis
1263 5091 1308 5136 et
1335 5082 1597 5152 sanguinis
1623 5078 1732 5133 Do-

127 5184 255 5238 mini
282 5226 300 5249 ,
330 5181 546 5237 easdem
577 5180 824 5239 nimirum
854 5193 1040 5249 pmnas
1069 5177 1316 5231 daturum
1336 5217 1350 5240 ,
1374 5189 1509 5244 quas
1534 5184 1588 5227 et
1613 5172 1686 5227 illi
1709 5212 1727 5240 ,

125 5277 222 5349 qui
253 5275 524 5331 Christum
570 5270 884 5330 crucillxere
926 5269 1278 5325 sustinebant.
1308 5266 1441 5322 Nam
1471 5265 1731 5337 quemad-

124 5368 353 5425 modum
384 5365 663 5421 hdmicida:
702 5365 774 5420 illi
820 5365 899 5420 rei
929 5362 1050 5419 iacti
1065 5370 1195 5418 sunt
1217 5359 1490 5431 sanguinis
1515 5401 1531 5428 ,
1560 5359 1638 5414 sic
1678 5366 1732 5415 et

120 5462 219 5516 isti
252 5461 344 5532 qui
378 5456 726 5513 sacramentis
754 5456 967 5527 indigne
992 5452 1389 5511 communicant
1416 5469 1430 5505 :
1456 5451 1563 5506 hoc
1584 5451 1730 5505 enim

126 5564 215 5612 est
237 5596 252 5618 ,
282 5550 419 5607 Reus
447 5551 539 5606 erit
568 5550 795 5620 corporis
819 5556 864 5603 et
893 5547 1155 5618 sanguinis
1185 5542 1411 5598 Domini.
1440 5541 1732 5597 Videbatur

123 5649 336 5705 dictum
361 5638 488 5701 illud
510 5644 667 5716 plane
695 5645 909 5698 modum
935 5638 1220 5701 exmdere,
1244 5646 1402 5708 atque
1422 5633 1731 5691 iutolerabi-
1786 5696 1787 5699 η

102 5743 211 5798 les
243 5741 402 5795 mima
428 5737 785 5794 censebantur
813 5755 826 5791 :
856 5737 1113 5791 rationein
1141 5732 1481 5802 adjunximus
1519 5729 1731 5784 ductam

193 5857 270 5921 (a)
294 5855 473 5906 collata
495 5866 608 5904 cum
627 5852 736 5902 Cod.
763 5850 895 5901 Colb.
927 5849 1060 5910 1050,
1099 5849 1182 5913 qui
1206 5860 1303 5899 non
1326 5845 1531 5897 multum
1559 5842 1731 5897 variat.

866 6046 901 6061 κ

616 1995 823 2050 ATQUE
855 1997 1040 2040 UTILE
1084 1997 1256 2055 ESSE,
1303 1998 1384 2041 ET
1425 1996 1759 2040 JUSTITULM

1804 1995 2113 2041 mnsam
2143 1996 2413 2040 rnorem
2455 1997 2765 2041 mcusane
2810 1978 3208 2060 unaunam).

1814 2231 1882 2285 ab
1920 2230 2202 2300 exemplo,
2225 2244 2345 2301 quas
2386 2230 2611 2286 mirifice
2656 2230 2973 2301 quadrabat.
3005 2230 3076 2288 Ut
3103 2233 3248 2287 enim
3293 2232 3409 2290 sire

1814 2324 1933 2394 quis
1960 2324 2160 2394 regiam
2192 2338 2481 2394 purpuram
2506 2323 2790 2388 discindat,
2815 2324 3139 2394 inquiebam,
3163 2325 3276 2381 sive
3298 2326 3408 2381 luta

1815 2414 2144 2484 coinquinet,
2179 2428 2245 2468 ex
2271 2429 2426 2485 aequo
2453 2429 2656 2485 regem,
2690 2415 2779 2484 qui
2810 2430 2872 2470 ea
2904 2415 3117 2470 indutus
3142 2425 3224 2471 est
3243 2458 3258 2484 ,
3288 2418 3407 2470 affl-

1814 2506 2221 2561 citcontumelia
2242 2523 2256 2560 :
2276 2507 2354 2562 sic
2379 2507 2628 2562 nimirum
2654 2505 2755 2562 hoc
2773 2507 2893 2563 loco
2917 2521 3037 2562 eum
3067 2508 3162 2573 illi,
3190 2511 3280 2580 qui
3303 2510 3410 2565 Do-

1815 2600 2065 2655 miuienm
2089 2613 2283 2671 corpus
2308 2610 2585 2665 necarunt,
2607 2611 2716 2655 tum
2737 2601 2826 2671 qui
2851 2601 3120 2657 imunmda
3148 2603 3411 2672 recipiunt

1816 2692 2013 2758 anima,
2030 2704 2209 2762 parem
2226 2690 2470 2761 iniuriam
2487 2692 2634 2762 regio
2646 2690 2876 2746 inferunt
2889 2691 3225 2747 vestimento.
3242 2692 3412 2748 Disci-

1815 2783 2008 2839 derunt
2031 2784 2245 2855 quidem
2273 2784 2399 2839 illud
2424 2782 2476 2838 in
2499 2798 2658 2839 cruce
2684 2783 2874 2849 Judaei;
2903 2784 3210 2854 coinquinat
3228 2793 3412 2840 autem

1818 2874 1882 2941 is,
1903 2875 1991 2944 qui
2025 2875 2293 2931 immunda
2320 2873 2542 2946 suscipit
2568 2875 2695 2930 illud
2728 2875 2904 2931 anima
2931 2893 2943 2929 :
2970 2877 3151 2946 itaque
3180 2875 3305 2931 licet
3330 2875 3412 2930 di—

1816 2981 1970 3022 versa
1997 2976 2211 3037 peccata
2236 2966 2363 3034 sint,
2382 2975 2558 3021 tamen
2572 2968 2790 3037 :equalis
2803 2975 2886 3023 est
2912 2966 3124 3036 injuria.
3142 2965 3256 3021 Hoc
3274 2965 3412 3021 mal-

1819 3066 1904 3113 tos
1923 3058 2254 3129 perstrinxit,
2269 3059 2368 3113 hoc
2382 3058 2578 3113 multos
2600 3057 2947 3127 perturbavit,
2962 3066 3016 3112 et
3030 3056 3413 3112 conscientiam

1818 3149 2124 3204 auditorum
2143 3149 2380 3219 pupugit,
2403 3162 2502 3203 nec
2528 3148 2829 3202 auditorum
2858 3156 3084 3214 tantum,
3102 3147 3197 3202 sed
3212 3162 3410 3214 meam,

1819 3241 1910 3310 qui
1929 3239 1995 3294 ad
2017 3254 2114 3294 vos
2125 3253 2433 3295 sermonem
2451 3238 2638 3306 habeo,
2655 3239 2800 3310 prius
2815 3253 2971 3309 quam
2984 3250 3234 3293 vestram.
3249 3239 3381 3294 Com
3393 3269 3413 3282 -

1822 3332 2000 3387 munis
2030 3341 2113 3386 est
2141 3331 2339 3402 quippe
2365 3330 2604 3386 doctrina
2623 3371 2639 3397 ,
2662 3320 2965 3385 commtinia
2992 3338 3111 3385 sunt
3149 3329 3368 3385 vulnera
3395 3347 3413 3383 :

1820 3430 2147 3493 quapropter
2185 3431 2239 3477 et
2263 3421 2564 3478 communia
2593 3420 2822 3476 adhibeo
2865 3420 3272 3475 medicamenta.
3299 3419 3412 3475 lloc

1822 3512 2019 3583 divina:
2046 3513 2387 3584 benignitatis
2429 3526 2563 3584 opus
2593 3512 2724 3580 fuit,
2750 3521 2813 3567 ut
2837 3520 2891 3568 et
2920 3512 2965 3567 is
2991 3512 3082 3583 qui
3111 3527 3419 3570 sermonem

1826 3604 2017 3672 habet,
2066 3615 2120 3661 et
2160 3608 2248 3677 qui
2292 3606 2550 3673 audiunt,
2590 3605 2780 3661 iisdem
2827 3604 3134 3674 subiaceant
3174 3605 3416 3675 legibtls,

1823 3697 2063 3768 ejusdem
2081 3698 2366 3769 participes
2385 3699 2493 3753 sint
2511 3708 2735 3764 naturai,
2754 3706 2807 3754 et
2835 3697 3033 3768 pariter
3047 3712 3170 3752 reus
3191 3699 3418 3768 quisque

1826 3791 1933 3855 sit,
1958 3791 2045 3845 ubi
2078 3801 2438 3861 transgressus
2468 3793 2639 3862 legem
2682 3791 2860 3848 fuerit.
2888 3790 2999 3856 Qua
3029 3790 3100 3845 de
3122 3789 3325 3844 causa?
3350 3788 3419 3846 Ut

1831 3884 2162 3938 moderatam
2195 3883 2444 3939 adhibeat
2472 3868 2931 3952 increpationem,
2960 3888 3018 3935 ut
3055 3879 3413 3951 indulgentior

1829 3976 1920 4030 liat
1945 3976 1999 4029 in
2029 3990 2122 4030 eos
2148 3975 2240 4046 qui
2268 3982 2513 4044 peccant,
2544 3982 2603 4028 nt
2633 3989 2718 4039 ne,
2749 3974 2978 4044 propriae
3004 3986 3216 4026 memor
3243 3971 3428 4027 imbe—

1828 4071 2084 4136 cillita‘tis,
2098 4069 2487 4126 intolerandam
2505 4064 2753 4123 adhibeat
2772 4066 3267 4137 reprehensionem.
3286 4065 3428 4121 Pro-

1828 4168 2012 4235 pterea
2042 4176 2150 4216 non
2178 4161 2392 4232 angelos
2422 4175 2458 4216 e
2478 4159 2613 4214 caelo
2637 4158 2884 4228 delapsos
2911 4157 3194 4228 magistros
3222 4154 3417 4210 huma—

1828 4272 1913 4312 na:
1939 4240 2141 4311 natura:
2169 4254 2431 4325 praefecit,
2453 4268 2518 4307 ne
2543 4259 2764 4323 propter
2787 4250 3163 4306 excellentiam
3187 4259 3394 4304 natura
3409 4293 3427 4320 ,

1830 4357 1990 4418 atque
2026 4348 2278 4400 humana:
2332 4343 2657 4399 infirmitatis
2698 4342 3080 4412 ignorationem
3122 4340 3425 4410 asperiores

1830 4439 2275 4510 reprehensiones
2304 4436 2461 4492 nobis
2488 4436 2801 4491 adhiberent
2830 4452 2845 4489 :
2873 4434 2966 4489 sed
2997 4434 3240 4488 homines
3270 4446 3419 4487 mor-

1830 4533 1967 4588 tales
1991 4533 2270 4603 magistres
2297 4545 2361 4585 ac
2383 4529 2686 4585 sacerdotes
2720 4528 3019 4594 concessit,
3051 4526 3293 4580 homines
3334 4524 3421 4578 in-

1828 4625 2082 4681 ﬁmitate
2112 4623 2467 4680 circumdatos
2490 4664 2504 4687 ,
2533 4628 2591 4677 ut
2620 4621 2721 4675 hoc
2747 4620 2863 4689 ipso
2887 4659 2905 4686 ,
2927 4617 3068 4689 quod
3096 4616 3296 4672 eisdem
3320 4614 3422 4670 ob-

1833 4718 1980 4773 noxii
2007 4717 2133 4783 sint,
2146 4722 2201 4770 et
2216 4716 2261 4770 is
2275 4715 2363 4786 qui
2382 4726 2682 4770 sermonem
2707 4711 2887 4776 habet,
2904 4716 2960 4764 et
2982 4708 3162 4779 illiqui
3179 4706 3422 4774 audiunt,

1832 4808 2223 4865 concionatoris
2252 4808 2443 4878 lingute
2473 4804 2680 4860 frenum
2709 4799 3149 4873 injiciatnr,quod
3177 4814 3298 4854 eum
3317 4812 3425 4853 non

1833 4901 1974 4957 sinat
1996 4901 2132 4957 ultra
2157 4898 2372 4955 modum
2393 4912 2518 4952 suas
2536 4895 2909 4965 castigationes
2922 4889 3233 4948 extendere.
3253 4890 3427 4958 Atque

1836 4994 2149 5049 hocvernm
2170 5005 2292 5047 esse
2309 4988 2541 5045 declarat
2565 4985 2782 5052 Paulus,
2805 4983 2894 5053 qui
2921 4983 3089 5054 legem
3110 4980 3255 5034 illam
3283 4978 3425 5043 tulit,

1832 5098 1888 5144 et
1926 5086 2064 5141 hanc
2106 5096 2324 5139 causam
2364 5093 2462 5135 nos
2498 5077 2679 5134 docuit
2702 5075 2787 5130 bis
2816 5073 2994 5130 vetitis
3018 5081 3173 5126 utens
3204 5087 3219 5124 :
3248 5067 3426 5122 Omnis

1835 5179 1967 5234 enim
2011 5176 2241 5250 pontifex
2268 5190 2330 5228 ex
2362 5169 2647 5227 hominibus
2690 5174 2982 5233 assumptus
3011 5179 3107 5234 pro
3145 5157 3429 5214 hominibus

1836 5272 2186 5332 constituitur,
2219 5270 2304 5338 qui
2344 5264 2609 5320 cendolere
2636 5262 2792 5332 possit
2828 5260 2893 5312 iis
2912 5297 2926 5322 ,
2953 5256 3041 5323 qui
3079 5254 3317 5324 ignorent
3336 5289 3358 5317 ,
3381 5259 3428 5304 et

1836 5373 2007 5421 errant
2034 5359 2232 5435 (Hebr.
2254 5360 2308 5414 5.
2340 5359 2390 5412 l.
2418 5367 2465 5410 et
2491 5353 2588 5422 Ξ).
2614 5354 2729 5419 Qua
2757 5346 3038 5404 occasione
3056 5385 3074 5413 ,
3102 5351 3160 5400 et
3180 5356 3281 5397 cur
3306 5349 3430 5396 tn-

1837 5460 1995 5518 dem?
2017 5457 2267 5526 Quoniam
2287 5462 2332 5508 et
2356 5453 2466 5523 ipse
2489 5446 2829 5504 circumdatus
2851 5439 3246 5511 “tinﬁrmitate.
3268 5435 3430 5493 Vides

1837 5553 2202 5612 infirmitatem
2245 5540 2631 5614 compassionis
2682 5533 3017 5592 occasionem
3068 5542 3228 5595 esse,
3259 5540 3432 5597 neque

1838 5647 2015 5703 sinere
2049 5640 2417 5711 cognationem
2468 5624 2973 5697 natur:e,utquisin
2991 5619 3435 5711 reprehendendo

1839 5737 2055 5794 modum
2098 5710 2358 5794 excedat,
2410 5725 2509 5781 etsi
2557 5719 2905 5777 vehementer
2948 5712 3281 5771 contundat?
3321 5710 3428 5766 Sed

1842 5843 2001 5903 quam
2046 5827 2113 5884 oh
2140 5834 2355 5881 causam
2382 5818 2483 5874 ista
2522 5813 2665 5871 dixi?
2692 5809 2770 5868 Ne
2799 5808 2934 5865 forte
2974 5805 3163 5863 dicatis
3193 5802 3313 5860 :1‘u
3344 5800 3433 5871 qui
3496 5798 3502 5803 ’
