3844 6280
382 382 387 387 -
440 356 549 431 oss

439 473 670 527 mundus
696 485 755 526 es
782 485 810 525 a
839 470 1102 542 peccatis,
1128 481 1181 525 et
1211 486 1240 524 a
1269 471 1532 538 molestia,
1555 486 1712 541 quam
1742 471 2034 543 increpatio

441 564 603 636 parit,
632 563 881 621 immunis
907 576 968 616 ac
994 560 1130 615 liber
1153 576 1232 624 es,
1257 577 1443 633 magna
1471 577 1591 617 cum
1622 569 1884 633 potestate
1911 577 2034 632 pro-

444 655 743 710 fundiorcm
802 654 954 709 nobis
1008 655 1298 709 sectionem
1349 654 1560 724 inﬂigis.
1613 655 1883 725 Siquidem
1936 670 2037 726 ego

440 750 593 820 prior
638 749 934 804 molesuam
976 749 1152 803 sentio
1177 790 1192 812 ,
1224 749 1652 819 quandoquidem
1683 759 1737 805 et
1777 750 1890 819 ipse
1935 752 2036 805 ob-

449 841 639 894 noxius
685 855 802 895 sum
845 839 1097 908 peccatis.
1141 839 1326 895 Omnes
1369 842 1501 894 enim
1545 842 1598 894 in
1642 841 2037 911 correptiont'bus

446 946 618 984 sumus
638 928 822 1002 (Eccli.
852 930 903 984 8.
931 932 1010 999 6),
1036 940 1109 997 et,
1131 929 1295 984 Nemo
1322 932 1618 1005 gloriabitur
1644 942 1837 986 castum
1859 948 1913 986 se
1939 932 2036 984 Iut-

440 1008 559 1075 ἔργα
584 1037 672 1074 ων
702 1021 720 1088 (
747 1020 900 1075 Prov.
940 1021 1029 1077 20.
1063 1022 1141 1092 9).
1194 1023 1375 1092 Itaque
1418 1038 1525 1077 non
1569 1023 1709 1093 quod
1755 1025 1807 1077 in
1848 1024 2036 1079 alienis

446 1110 852 1179 philosopharer
872 1112 1043 1178 malis,
1069 1129 1242 1183 neque
1267 1128 1335 1169 ex
1360 1113 1742 1170 inhumanitate
1765 1115 2033 1185 quapiam,

447 1199 540 1254 sed
566 1216 674 1268 pra:
707 1201 864 1255 nimia
893 1203 1249 1257 sollicitudine
1278 1205 1723 1274 reprehensiones
1750 1204 1866 1259 illas
1887 1205 2039 1259 adhi-

448 1292 557 1348 bui.
592 1294 723 1348 Nam
745 1295 802 1348 in
834 1311 1118 1365 corporum
1149 1295 1361 1366 quidem
1391 1297 1687 1364 curatione,
1718 1296 1805 1367 qui
1831 1297 2035 1367 plagam

449 1383 637 1455 inﬂigit
658 1424 673 1450 ,
706 1386 907 1440 nultum
937 1387 1103 1457 plagae
1128 1402 1342 1443 sensum
1369 1389 1530 1458 capit,
1563 1389 1657 1444 sed
1688 1389 1799 1455 ille,
1831 1390 1920 1459 qui
1946 1402 2038 1445 se-

445 1485 622 1542 catur,
638 1478 786 1531 solus
804 1478 1077 1534 doloribus
1098 1480 1394 1534 cruciatur:
1416 1492 1473 1534 at
1490 1480 1540 1534 in
1557 1481 1852 1536 animarum
1879 1496 2038 1536 cura-

450 1568 598 1622 tione
626 1584 729 1622 non
758 1569 827 1622 ita
849 1610 865 1633 ,
888 1569 987 1623 nisi
1018 1570 1153 1624 forte
1181 1569 1335 1625 fallar
1356 1612 1373 1638 ,
1402 1571 1529 1626 dum
1556 1587 1620 1626 ex
1649 1573 1781 1626 meis
1807 1572 1872 1626 de
1901 1572 2039 1626 alio-

452 1676 572 1714 rum
608 1660 767 1713 rebus
787 1661 1005 1731 judico;
1028 1661 1121 1718 sed
1149 1663 1263 1733 ipse
1291 1663 1433 1734 prior
1457 1666 1752 1731 cruciatur,
1788 1666 1876 1735 qui
1905 1680 2037 1721 con-

452 1751 661 1806 cionem
695 1751 870 1818 habet,
899 1753 1112 1822 quando
1137 1762 1361 1809 caeteros
1388 1755 1646 1825 increpat.
1675 1755 1858 1826 Neque
1880 1757 2036 1812 enim

453 1843 531 1897 sic
572 1859 601 1897 a
640 1844 847 1898 caeteris
876 1844 1183 1914 reprehensi
1211 1844 1489 1913 dolemus,
1522 1861 1584 1901 ac
1608 1846 1652 1901 si
1679 1847 1811 1902 alios
1854 1862 2040 1917 repre-

450 1935 747 1991 hendamus
773 1936 843 1991 ob
868 1947 1104 2006 peccata,
1136 1953 1361 2007 quorum
1394 1938 1492 2008 ipsi
1522 1941 1600 1994 rei
1629 1940 1816 1995 simus.
1850 1940 2036 1995 Statim

455 2027 597 2080 enim
650 2027 1081 2084 concionatorem
1110 2029 1352 2101 objurgat
1403 2031 1727 2086 conscientia
1753 2074 1768 2097 ,
1794 2032 2039 2103 quodque

452 2133 512 2175 se
561 2119 737 2173 videat
780 2121 1068 2190 magisterii
1108 2121 1369 2192 dignitate
1403 2122 1712 2178 decoratum
1751 2125 1803 2180 in
1852 2122 2039 2179 eadem

446 2225 572 2264 cum
607 2210 882 2280 discipulis
914 2221 1136 2280 peccata
1167 2213 1403 2283 prolabi,
1435 2223 1594 2284 atque
1634 2214 1821 2270 iisdem
1852 2230 2040 2285 repreo

455 2302 797 2357 hensionihus
820 2302 1072 2373 indigere,
1091 2304 1386 2374 graviorem
1416 2306 1776 2361 ooncionatori
1800 2306 2040 2361 dolorem

450 2394 638 2448 imlt'it.

522 2484 581 2538 2.
620 2485 790 2540 illotus
833 2503 991 2555 parum
1031 2499 1236 2558 peccata
1262 2490 1461 2577 urinam.
1484 2519 1555 2531 -—
1575 2492 1748 2561 Atque
1780 2491 1895 2546 haec
1934 2507 2039 2546 non

451 2577 574 2634 sine
609 2593 768 2633 causa
813 2597 953 2635 nime
991 2596 1323 2652 conqueror;
1365 2583 1461 2639 sed
1503 2584 1751 2653 quoniam
1793 2586 2041 2655 permulti

456 2684 641 2723 eorum
669 2686 786 2739 quas
817 2671 956 2726 dicta
985 2682 1110 2728 sunt
1133 2674 1475 2731 acerbitatem
1507 2692 1611 2731 non
1640 2676 1892 2743 ferentes,
1918 2693 2042 2733 cum

454 2759 581 2814 hinc
618 2761 994 2827 recessissent,
1044 2765 1357 2820 accedentes
1396 2766 1803 2837 indignabantur
1844 2776 1898 2822 et
1945 2785 2044 2825 ex-

453 2851 871 2919 caudescebant;
902 2853 1104 2910 Avoeas
1131 2872 1260 2922 nos,
1290 2857 1533 2924 aiebant,
1567 2872 1599 2912 a
1625 2872 1777 2912 sacra
1820 2873 2003 2927 mensa
2023 2898 2039 2925 ,

454 2951 510 2996 et
565 2956 596 2995 a
640 2945 1019 3001 communione
1050 2946 1286 3016 repellis.
1314 2945 1520 3003 Idcirco
1549 2950 1665 3005 haec
1702 2949 1884 3005 dicere
1922 2965 2040 3005 sunt

454 3040 670 3119 coactus
692 3072 706 3097 ,
734 3042 790 3087 ut
824 3032 1132 3105 intelligatis
1171 3052 1257 3095 me
1298 3051 1405 3092 non
1435 3052 1660 3094 avocare
1682 3081 1697 3103 .
1728 3039 1823 3097 sed
1866 3041 2041 3119 potius

455 3114 750 3180 convocare
769 3168 784 3191 ,
809 3141 918 3186 non
947 3127 1209 3197 repellere
1233 3168 1249 3193 ,
1277 3144 1377 3184 nec
1400 3145 1607 3195 arcere,
1639 3131 1736 3186 sed
1767 3147 1862 3201 per
1901 3114 2042 3201 ipsas

454 3215 901 3284 reprehensiones
931 3220 1098 3289 magis
1123 3220 1355 3275 allicere.
1386 3220 1555 3277 Metus
1577 3223 1718 3278 enim
1744 3223 2039 3279 dentmtiati

453 3307 718 3375 supplicii,
748 3324 867 3363 cum
890 3319 1159 3381 tamquam
1189 3312 1323 3381 ignis
1347 3313 1398 3366 in
1425 3322 1600 3368 ceram
1621 3314 1673 3371 in
1697 3330 1882 3370 eorum
1906 3331 2007 3371 con
2024 3347 2039 3359 ο

454 3396 763 3461 scientiam,
795 3399 883 3467 qui
910 3410 1167 3469 peccant,
1198 3402 1460 3469 inciderit,
1493 3403 1681 3458 delicta
1711 3405 1951 3459 dissolvit
1977 3421 2041 3461 ac

453 3488 688 3554 discutit,
709 3489 834 3542 dum
853 3505 1064 3559 semper
1081 3492 1338 3561 imminet,
1352 3502 1411 3548 et
1432 3510 1614 3562 puram
1632 3510 1695 3565 ac
1708 3495 2037 3564 splendidam

455 3586 688 3633 utentem
730 3578 997 3645 reddens,
1022 3581 1278 3650 majorem
1323 3583 1567 3638 ﬁduciam
1609 3585 1764 3640 nobis
1806 3585 2033 3641 inserit:

455 3683 615 3736 porro
657 3668 847 3724 fiducia
894 3681 1153 3741 concepta
1191 3673 1361 3743 major
1384 3674 1623 3730 exoritur
1649 3676 1811 3730 animi
1854 3692 2036 3744 prom-

453 3760 659 3829 ptitudo
694 3763 762 3815 ad
797 3760 1137 3833 frequentem
1167 3764 1509 3821 ineﬁ‘abilium
1537 3783 1603 3822 ac
1640 3768 2036 3825 tremendorum

451 3854 828 3922 mysteriorum
854 3857 1284 3912 communionem
1324 3858 1642 3914 obeundam.
1676 3858 1746 3914 Et
1773 3859 2035 3930 quemado

452 3944 667 3999 modum
692 3945 780 4014 qui
807 3947 1000 4003 acerba
1023 3948 1406 4004 medicamenta
1434 3950 1654 4020 porrigit
1679 3950 1744 4005 iis
1767 3992 1783 4018 ,
1809 3951 1898 4021 qui
1923 3961 2037 4007 sto-

448 4037 626 4099 machi
667 4039 792 4094 vitio
819 4041 969 4097 cibos
996 4041 1307 4113 fastidiunt,
1335 4057 1398 4097 ac
1433 4058 1627 4113 pravos
1651 4053 1911 4115 expurgat
1938 4043 2038 4098 hu-

448 4146 650 4197 mores,
677 4131 943 4204 dejcctum
968 4135 1166 4191 excitat
1188 4136 1513 4206 appetitum,
1537 4145 1589 4192 et
1624 4137 1807 4200 efﬁcit,
1834 4146 1897 4191 ut
1918 4152 2035 4191 nta-

445 4226 549 4293 jori
574 4224 845 4282 alacritate
863 4236 1148 4283 consuetos
1176 4228 1326 4283 cibos
1353 4228 1663 4298 degustent:
1687 4229 1766 4285 sic
1785 4230 2034 4284 nimirum

450 4317 496 4370 is
523 4317 612 4387 qui
643 4317 832 4372 acerba
859 4318 1063 4388 profert
1090 4319 1250 4373 verba
1268 4360 1284 4385 ,
1312 4319 1597 4390 pravisque
1626 4328 1859 4376 mentem
1887 4321 2035 4390 cogi-

451 4408 739 4464 tationibus
770 4419 992 4478 purgat,
1020 4418 1075 4463 et
1097 4425 1258 4479 grave
1284 4421 1623 4480 peccatorum
1651 4428 1786 4468 onus
1811 4413 2031 4478 excutit,

448 4502 613 4558 cflicit
654 4511 711 4557 ut
738 4503 1063 4558 conscientia
1088 4503 1315 4572 reSpiret
1341 4519 1405 4558 ac
1428 4505 1595 4563 multa
1619 4520 1738 4560 cum
1764 4506 2035 4576 voluptate

452 4593 782 4647 Dominicnm
806 4608 1001 4662 corpus
1028 4593 1291 4664 degustet.
1315 4594 1430 4649 Non
1452 4607 1534 4651 est
1562 4596 1720 4666 igitur
1739 4597 1808 4652 ob
1831 4613 1892 4653 ea
1914 4613 2035 4669 qua:

448 4685 588 4740 dicta
622 4695 749 4741 sunt
773 4685 1193 4757 succensendum
1211 4727 1228 4754 ,
1255 4687 1348 4742 sed
1374 4703 1439 4743 ea
1466 4689 1808 4759 approbanda
1832 4699 2035 4747 suntet

445 4776 726 4863 laudanda.

518 4866 938 4923 Concionatorum
956 4869 1191 4941 adiciunt.
1222 4901 1294 4911 —
1316 4869 1464 4938 Quod
1491 4871 1535 4926 si
1560 4870 1697 4928 forte
1723 4871 2035 4931 imbecillio-

446 4973 535 5015 res
578 4958 684 5013 sint
726 4959 938 5028 quidam
963 5002 979 5026 ,
1008 4976 1180 5031 neque
1216 4960 1577 5018 defensionem
1619 4963 1756 5019 hanc
1794 4975 2030 5020 nostram

445 5054 621 5108 ferant
641 5093 655 5120 ,
682 5051 750 5105 ita
777 5067 898 5106 cum
922 5052 1026 5107 illis
1050 5067 1202 5121 agam
1227 5094 1243 5119 ,
1272 5063 1330 5107 ut
1354 5068 1598 5109 moneam
1636 5071 1721 5110 me
1749 5070 1853 5109 non
1883 5071 1913 5111 a
1946 5073 2032 5112 me

444 5143 560 5214 ipso
588 5142 725 5200 latas
753 5142 897 5214 leges
920 5157 1208 5214 esponere,
1236 5144 1329 5200 sed
1352 5144 1420 5201 de
1438 5146 1571 5200 cado
1588 5146 1831 5217 delapsas
1853 5146 2031 5203 literas

442 5238 642 5308 legero,
663 5252 725 5292 ac
758 5236 979 5307 proinde
1005 5237 1362 5293 necessarium
1386 5253 1528 5302 esse.
1555 5248 1614 5293 ut
1632 5254 1752 5293 eum
1781 5240 1880 5295 hoc
1900 5240 2029 5294 mihi

442 5329 701 5387 creditum
738 5331 808 5382 sit
844 5329 1200 5385 ministerium
1226 5371 1241 5395 ,
1268 5340 1360 5396 aut
1399 5347 1519 5401 quae
1547 5333 1889 5386 continentur
1925 5331 2031 5386 illis

441 5421 777 5478 conﬁdenter
799 5436 864 5476 ac
893 5422 1063 5479 libere
1083 5431 1275 5479 cuncta
1301 5422 1496 5486 dicam.
1528 5433 1581 5479 et
1609 5423 1888 5477 utilitatem
1913 5423 2029 5478 ubi-

439 5520 565 5581 que,
589 5527 693 5566 non
722 5512 1065 5581 voluptatem,
1089 5529 1325 5582 quierant
1344 5514 1666 5581 auditorum,
1696 5523 1789 5569 aut
1815 5529 2029 5570 eorum-

439 5602 561 5655 dem
591 5603 773 5658 odium
803 5604 1143 5659 reformidem
1164 5644 1180 5669 ,
1207 5612 1262 5658 et
1287 5603 1390 5658 hoc
1419 5604 1793 5674 intempestivo
1826 5604 2029 5660 beneﬁ-

441 5691 525 5743 cio
547 5692 773 5748 salutem
803 5709 977 5749 meam
1006 5696 1163 5749 simul
1202 5705 1256 5750 et
1284 5696 1494 5752 illorum
1530 5698 1772 5768 prodam.
1803 5695 1935 5752 Nam
1975 5706 2028 5752 et

438 5779 806 5838 concionatori
825 5776 982 5841 simul
1002 5796 1056 5842 et
1079 5785 1413 5844 auditoribus
1441 5787 1729 5845 admodum
1760 5788 2024 5862 periculo-

1160 357 1218 414 S.
1259 356 1539 414 JOASMS
1577 353 2044 414 CllllYSOSTOMl
2087 353 2407 411 ARCIIIEP.
2451 355 2987 414 CONSTANTINOP.
3646 351 3735 409 655

2144 486 2262 526 sum
2291 485 2414 527 esse
2435 470 2705 543 quidpiam
2734 487 2800 527 ex
2826 471 3029 541 legibus
3049 466 3245 523 divinis
3267 466 3447 522 celare
3469 507 3485 530 ,
3516 479 3587 521 ac
3616 475 3737 519 tam-

2142 577 2300 633 quam
2332 562 2493 618 cmdis
2518 571 2738 632 patratae
2767 561 3147 632 reosjudicarc
3174 559 3450 623 doctores,
3483 557 3594 612 nisi
3628 557 3736 612 abs-

2141 669 2247 724 que
2296 665 2441 710 metu
2484 665 2672 709 cuncta
2713 654 2807 709 Dei
2835 655 2954 723 jura
2996 667 3059 708 ac
3095 653 3311 707 decreta
3357 651 3738 722 promulgant,

2144 748 2294 803 Pauli
2332 748 2487 805 vobis
2517 748 2820 803 testimonio
2845 746 3226 817 comprobabo.
3258 745 3562 814 Propterea
3595 760 3739 797 nam-

2143 854 2244 908 que
2274 840 2327 894 in
2353 840 2599 895 omnibus
2626 839 2784 894 rebus
2811 837 2879 894 ad
2905 839 3112 893 beatam
3144 837 3287 892 illam
3324 837 3577 890 animum
3609 850 3739 904 sa‘pe

2140 930 2420 1001 confugio,
2465 930 2605 1001 quod
2650 929 2934 986 fructuosae
2982 928 3249 997 quaadam,
3269 943 3561 998 saumque
3609 928 3737 997 leges

2143 1022 2293 1077 Pauli
2321 1021 2426 1077 sint
2453 1023 2632 1077 verba.
2659 1021 2773 1077 Non
2799 1022 2940 1078 enim
2972 1021 3164 1076 Paulus
3192 1030 3307 1086 est,
3340 1022 3431 1091 qui
3466 1020 3737 1087 loquitur,
3802 1066 3803 1089 ξ

2142 1112 2237 1170 sed
2277 1113 2365 1184 qui
2395 1116 2512 1183 ejus
2539 1114 2769 1168 animam
2813 1122 2997 1168 movet
3024 1111 3297 1174 Christus.
3328 1110 3613 1181 siquidem
3660 1126 3733 1179 per

2144 1206 2290 1260 illum
2318 1215 2509 1261 cuncta
2541 1207 2810 1276 loquitur,
2836 1220 2956 1276 quae
2986 1205 3072 1260 ille
3099 1203 3435 1273 pronuntiat.
3470 1201 3622 1269 Quid
3655 1202 3733 1272 igi-

2146 1305 2228 1351 tur
2252 1298 2328 1351 ait
2351 1297 2578 1352 Paulus?
2603 1298 2737 1352 Cum
2764 1312 2858 1353 eos
2883 1296 2972 1367 qui
3002 1295 3272 1366 Ephesum
3300 1293 3625 1348 incolebant
3656 1308 3732 1347 vo-
3802 1293 3803 1359 Τ

2140 1399 2318 1445 casset
2340 1429 2355 1455 ,
2380 1404 2444 1445 ac
2472 1398 2793 1460 postremam
2828 1388 2895 1443 ad
2932 1389 3052 1443 illos
3077 1387 3390 1447 concionem
3420 1385 3731 1449 habuisset,

2144 1491 2423 1548 propterea
2449 1478 2592 1549 quod
2627 1480 2695 1534 ab
2725 1479 2828 1535 illis
2856 1479 3108 1548 deinceps
3135 1477 3478 1533 discesmrus
3508 1484 3667 1540 erat,
3688 1486 3733 1529 ut

2144 1572 2356 1627 illorum
2398 1571 2897 1642 praisules‘doceret
2919 1613 2935 1636 ,
2964 1584 3069 1627 non
3099 1570 3273 1623 minus
3298 1583 3466 1638 quam
3505 1569 3600 1638 qui
3625 1583 3732 1621 san-

2141 1662 2353 1734 guinem
2395 1662 2679 1718 funderent
2721 1662 3098 1732 discipulorum
3126 1702 3141 1727 ,
3170 1676 3264 1716 eos
3307 1660 3402 1731 qui
3452 1676 3548 1714 res
3593 1662 3733 1717 utiles

2142 1756 2376 1810 celarent
2395 1756 2563 1824 pmnis
2580 1769 2700 1810 esse
2715 1754 2972 1810 obnoxios
2988 1769 3050 1807 ac
3065 1752 3359 1822 suppliciis,
3380 1753 3455 1805 ita
3474 1752 3706 1821 loquitur
3720 1770 3732 1806 :

2146 1845 2370 1900 Mundus
2383 1863 2493 1900 sum
2506 1862 2598 1917 ego
2613 1862 2644 1898 α
2658 1832 2902 1918 sanguine
2917 1845 3161 1898 omnium.
3180 1843 3315 1910 Quid
3335 1844 3408 1897 ita
3426 1846 3453 1896 ἐ
3477 1842 3605 1897 Non
3621 1846 3735 1897 adat

2143 1937 2447 2010 subterfugi,
2467 1955 2566 2008 quo
2591 1940 2755 1992 minus
2775 1937 3127 1990 annuntiarem
3148 1937 3283 1989 vobis
3304 1951 3461 1988 omne
3480 1936 3736 1988 consilium
3802 1936 3803 1959 ‘

2144 2030 2238 2085 Dei
2266 2032 2401 2102 (Act.
2431 2031 2522 2086 20.
2555 2031 2645 2085 ‘26.
2667 2030 2761 2100 27)
2795 2048 2809 2084 :
2845 2032 3019 2100 itaque
3071 2018 3114 2084 si
3172 2027 3618 2096 subterfugisset,
3648 2044 3736 2097 quo
3802 2046 3803 2053 η

2145 2126 2319 2180 minus
2360 2125 2726 2187 annuntiarcl,
2762 2122 2992 2178 mundus
3021 2137 3052 2176 a
3084 2121 3343 2192 sanguine
3372 2136 3489 2175 non
3523 2120 3735 2187 fuisset,

2144 2234 2328 2273 verum
2359 2228 2418 2273 ut
2463 2217 2726 2274 homicida
2754 2217 3037 2271 damnatus
3063 2224 3236 2278 esset;
3265 2228 3331 2270 ac
3362 2214 3572 2268 merito
3600 2230 3733 2267 sane.

2142 2306 2280 2362 Nam
2316 2307 2576 2363 homicida
2620 2306 2833 2376 quidem
2877 2319 3072 2375 corpus
3102 2312 3305 2358 tantum
3339 2303 3634 2367 interﬁcit;
3660 2302 3735 2370 qui

2144 2415 2272 2456 vero
2293 2398 2361 2454 ad
2398 2398 2624 2470 gratiam
2652 2399 3020 2461 concionatnr,
3049 2405 3102 2452 et
3126 2397 3403 2466 segniores
3436 2395 3621 2450 reddit
3651 2412 3735 2448 au-

2144 2494 2372 2558 ditores,
2402 2492 2631 2547 animam
2673 2490 3063 2559 perdit:atque
3102 2488 3194 2543 ille
3235 2487 3463 2558 quidem
3498 2488 3735 2558 pra‘senti

2145 2585 2302 2639 morti
2335 2583 2526 2649 tradit,
2562 2583 2648 2638 hic
2671 2598 2800 2638 vero
2831 2580 3001 2651 perdit
3031 2581 3265 2634 animam
3284 2619 3302 2644 ,
3326 2588 3389 2633 et
3414 2579 3491 2633 ad
3522 2590 3736 2635 aeterm
3768 2600 3775 2607 ·

2147 2690 2333 2745 poenas
2372 2674 2738 2745 suppliciaque
2775 2671 3105 2729 transmittit.
3134 2671 3214 2724 An
3256 2670 3427 2738 igitur
3470 2671 3629 2725 solus
3651 2670 3735 2723 hoc

2144 2768 2273 2823 dicit
2319 2768 2546 2823 Paulus?
2583 2766 2965 2837 Nequaquam,
2993 2764 3088 2820 sed
3139 2772 3265 2819 ante
3313 2762 3555 2818 Paulum
3616 2764 3734 2817 Deus

2145 2874 2331 2914 rursus
2352 2858 2493 2914 istud
2521 2860 2688 2928 ipsum
2715 2872 2813 2928 per
2848 2855 3161 2927 prophetam
3186 2855 3504 2910 subindicat
3530 2898 3546 2922 ,
3572 2856 3639 2909 ita
3661 2856 3732 2909 di-

2144 2965 2275 3006 cens
2305 2969 2317 3004 :
2367 2951 2749 3020 Speculatorem
2787 2949 2904 3004 dedi
2955 2958 3003 3003 te
3036 2947 3208 3002 domui
3244 2946 3419 3001 Israel
3444 2946 3729 3016 (Eucti).

2146 3040 2259 3110 17).
2286 3041 2423 3107 Quid
2452 3051 2534 3095 est
2563 3040 2665 3095 hoc
2689 3081 2703 3098 .
2733 3040 3119 3110 Speculatorem
3142 3038 3167 3092 .9
3194 3037 3533 3108 Speculator
3561 3038 3732 3091 dicitur

2144 3131 2191 3185 is
2210 3170 2223 3194 ,
2250 3131 2341 3201 qui
2365 3171 2379 3195 ,
2401 3130 2527 3185 dum
2558 3129 2823 3186 exercitus
2847 3127 3072 3184 inferius
3097 3126 3384 3182 consident
3409 3169 3424 3192 ,
3460 3127 3728 3181 sublimem

2142 3232 2197 3278 et
2223 3222 2545 3277 eminentem
2578 3220 2628 3274 in
2658 3210 2797 3276 colle
2826 3221 2999 3275 locum
3041 3229 3303 3288 occupat,
3338 3227 3396 3273 et
3435 3218 3570 3273 inde
3596 3220 3728 3272 inva-

2142 3314 2329 3369 dentes
2359 3312 2539 3369 ho.~tcs
2579 3312 2886 3382 speculatur
2907 3352 2923 3377 ,
2951 3319 3111 3380 atque
3152 3310 3224 3364 in‘
3244 3309 3389 3365 valle
3431 3310 3729 3365 sedentibus

2140 3419 2325 3460 eorum
2347 3404 2633 3459 adventum
2652 3401 2960 3465 denuntiat,
2984 3412 3042 3457 ut
3084 3399 3152 3455 ad
3183 3414 3419 3470 pugnam
3448 3415 3729 3469 capessen-

2141 3495 2263 3550 dam
2293 3510 2387 3552 eos
2413 3495 2644 3559 excitet,
2669 3508 2740 3549 ne
2765 3494 2812 3549 si
2841 3494 2895 3548 in
2921 3493 3042 3548 illos
3070 3493 3309 3547 incautos
3341 3493 3563 3546 irruant
3581 3533 3600 3560 ,
3628 3507 3728 3545 ma-

2139 3601 2241 3656 gna
2304 3586 2425 3641 illos
2469 3599 2590 3640 cum
2643 3583 2897 3639 facilitate
2949 3582 3231 3637 trucident.
3281 3581 3526 3648 Quando
3589 3582 3730 3652 igitur

2139 3677 2304 3732 multa
2326 3716 2342 3741 ,
2369 3692 2488 3746 qua:
2519 3675 2672 3731 nobis
2710 3675 3006 3737 imminent,
3036 3673 3173 3727 mala
3206 3687 3314 3726 non
3344 3671 3604 3727 videmus
3626 3687 3725 3737 nos,

2138 3770 2229 3839 qui
2259 3768 2406 3823 humi
2437 3782 2711 3823 versamur
2733 3807 2748 3831 ,
2782 3767 2852 3820 ita
2878 3765 3063 3821 divina
3087 3763 3256 3834 gratia
3292 3763 3634 3832 disponente
3659 3765 3724 3815 ta-

2137 3870 2281 3916 ctum
2311 3869 2413 3927 est,
2433 3870 2490 3914 ut
2516 3868 2782 3929 tamquam
2811 3858 2863 3912 in
2889 3857 3103 3913 subl-inti
3127 3856 3247 3911 loco
3262 3854 3577 3924 prophetia
3603 3866 3729 3909 stau-

2141 3960 2219 4005 tes
2250 3950 2521 4020 prophetae
2548 3950 2716 4004 sancti
2746 3948 3047 4002 irruituram
3077 3947 3129 4001 in
3155 3961 3254 4001 nos
3280 3946 3420 3999 iratn
3452 3946 3726 4001 divinam:

2138 4048 2297 4117 longe
2337 4044 2789 4116 praenuntiarcnt,
2820 4054 2877 4098 ut
2905 4057 3004 4098 nos
3034 4057 3128 4111 per
3166 4040 3554 4111 penitentiam
3594 4054 3728 4107 ηρα-
3802 4088 3803 4129 ἦ

2137 4148 2340 4201 rantes.
2370 4138 2710 4207 animamque
2738 4144 2972 4190 nostram
2999 4135 3199 4205 lapsam
3223 4133 3510 4203 erigentes
3533 4174 3548 4195 .
3579 4134 3726 4187 multo

2137 4239 2262 4285 ante
2288 4226 2626 4299 iuﬂigendam
2668 4242 2699 4280 a
2739 4227 2848 4281 Deo
2876 4226 3081 4296 plagam
3109 4223 3462 4294 repellamus.
3496 4221 3722 4283 Idcirco.

2138 4320 2519 4393 Speculatorem
2539 4356 2556 4385 ,
2586 4318 2758 4388 inquit
2778 4358 2794 4384 ,
2824 4315 2942 4372 dedi
2970 4314 3018 4371 te
3045 4315 3217 4369 domui
3256 4312 3432 4369 Israel
3462 4330 3485 4369 :
3514 4325 3576 4369 ut
3597 4314 3724 4369 calao

2138 4414 2376 4469 mitatem
2421 4411 2793 4466 imminentem
2840 4408 3164 4479 praenunties
3194 4448 3209 4472 ,
3266 4408 3721 4477 quenadmodum

2137 4501 2319 4559 hostes
2348 4502 2457 4556 ille.
2482 4499 2666 4570 Neque
2687 4514 2814 4555 vero
2845 4498 3167 4555 mediocrem
3199 4512 3418 4568 [mnam
3451 4500 3725 4554 concinna-

2137 4596 2273 4665 tori,
2304 4594 2392 4664 qui
2438 4592 2675 4648 divinant
2718 4592 2852 4646 iram
2896 4605 3002 4645 non
3032 4589 3412 4659 pnenuntiarit
3437 4630 3457 4657 ,
3490 4590 3722 4662 imponit.

2135 4688 2302 4756 Quam
2319 4702 2448 4743 vero
2473 4685 2721 4743 tandem?
2741 4685 2961 4740 Animas
2985 4699 3193 4751 eorum,
3222 4683 3315 4754 qui
3345 4685 3639 4753 perierint,
3657 4686 3723 4737 ia-
3802 4696 3803 4721 ι

2092 4772 2251 4849 ‘quit
2272 4821 2288 4844 ,
2315 4778 2385 4835 de
2421 4791 2579 4833 manu
2614 4785 2703 4831 tua
2730 4776 2995 4847 requiram
3022 4772 3042 4848 (
3068 4780 3093 4833 1
3101 4784 3152 4839 δ.
3192 4792 3243 4830 υ.
3286 4774 3373 4843 5).
3404 4775 3550 4841 Quis
3584 4776 3725 4845 igitur

2134 4879 2218 4926 est
2239 4869 2327 4925 ille
2356 4879 2461 4924 tam
2491 4867 2721 4923 crudelis
2745 4875 2801 4922 et
2824 4864 3179 4930 inhumanus,
3207 4872 3264 4919 et
3302 4864 3723 4928 immiscrieots.
3802 4890 3803 4921 ι

2135 4964 2224 5033 qui
2250 4962 2614 5018 concionatori
2640 4961 2769 5016 vitio
2797 4969 2964 5015 vertat
2993 4957 3213 5024 dicenti,
3238 4956 3417 5027 deque
3448 4959 3533 5013 ira
3564 4960 3729 5013 divina

2134 5051 2441 5123 frequenter
2461 5053 2617 5109 verba
2645 5052 2880 5116 facienti,
2912 5067 3032 5105 cum
3061 5060 3233 5117 tantas
3263 5049 3503 5105 luiturus
3526 5051 3601 5106 sit
3632 5066 3731 5121 pa:-

2136 5160 2247 5210 nas,
2280 5146 2327 5200 si
2354 5146 2613 5200 tacuerit!
2641 5143 2805 5199 Nobis
2830 5158 2958 5213 ergo
2979 5143 3067 5213 qui
3092 5143 3503 5208 concionamur,
3541 5158 3736 5215 nequa—
3802 5216 3803 5219 η

2134 5252 2292 5309 quam
2333 5236 2623 5307 prodesse,
2651 5236 2696 5290 si
2752 5234 2874 5292 talia
2922 5233 3229 5289 siluerimus
3254 5273 3269 5297 ,
3296 5233 3649 5290 sufﬁcienter
3688 5243 3733 5288 et

2134 5330 2396 5400 propheta
2439 5342 2538 5384 nos
2564 5327 2780 5393 docuit,
2813 5336 2871 5382 et
2897 5324 3205 5403 apostolus;
3233 5323 3330 5379 sed
3364 5340 3551 5393 neque
3593 5324 3735 5379 vobis

2135 5422 2422 5492 prodesse,
2454 5422 2542 5492 qui
2585 5419 2963 5486 auditis,inde
2990 5416 3276 5473 constabit.
3322 5414 3467 5471 Nam
3511 5417 3559 5472 si
3604 5432 3729 5486 ego,

2132 5513 2257 5567 dum
2285 5512 2420 5567 sileo
2443 5554 2458 5575 .
2483 5521 2697 5583 peccata
2726 5510 2937 5566 silentio
2961 5507 3350 5564 absconderem
3376 5550 3393 5571 ,
3428 5516 3587 5564 recte
3614 5522 3729 5561 suco
3802 5507 3803 5543 ι

2132 5615 2373 5663 censeret
2411 5606 2804 5677 unusquisque,
2833 5619 2896 5659 ac
2944 5605 3137 5658 merito
3190 5598 3610 5671 indignaretur,
3640 5600 3727 5653 nisi

2130 5699 2342 5754 silerem
2373 5716 2387 5753 :
2414 5697 2496 5754 εἰη
2525 5706 2700 5754 autem
2726 5739 2742 5764 ,
2773 5696 3109 5768 quantumvis
3138 5694 3249 5764 jam
3281 5708 3392 5749 non
3439 5695 3720 5753 sileamus.

2132 5789 2354 5848 omnino
2399 5805 2621 5850 necesse
2663 5800 2746 5847 est
2782 5799 2840 5846 ut
2882 5789 2991 5846 illic
3038 5787 3230 5844 delicta
3276 5784 3713 5843 manifestcntar.
3802 5806 3803 5819 ι
