3844 6280
110 311 219 371 οδε

108 405 225 476 ἰνα
259 422 334 493 μὴ
381 419 573 492 λέγητε
623 423 702 477 ὅτι
737 425 808 477 Σὺ
834 424 1069 495 καθαρὸς
1111 426 1187 478 ῶν
1237 430 1671 500 ἁμαρτημάτων,

114 503 530 576 ἀπηλλαγμένος
552 505 653 575 τῆς
691 506 883 576 ὀδύνης
914 506 1011 577 τῆς
1043 509 1185 560 κατά
1212 503 1310 579 τὴν
1338 512 1677 581 ἐπιτίμησιν,

109 586 247 657 μετά
276 587 475 656 πολλῆς
508 586 757 651 ἐξουσίας
789 590 1070 660 ἐπιφέρεις
1094 593 1226 661 ἡμῖν
1254 591 1553 663 βαθυτέραν
1583 592 1680 663 τὴν

105 672 302 741 τομήν.
335 670 476 739 Ἐγὼ
519 671 626 742 γὰρ
659 672 921 741 πρότερος
967 673 1294 744 αἰσθάνομαι
1326 668 1426 744 τῆς
1468 674 1675 746 ὀδύνης.

107 753 295 826 ἐπειδὴ
332 755 424 807 καὶ
454 754 613 817 αὐτὸς
662 754 959 817 ὑπεύθυνός
1002 757 1115 826 εἰμι
1158 759 1270 821 τοῖς
1299 757 1676 828 ἁμαρτήμασι.

104 839 335 902 Πάντες
360 836 471 906 γάρ
492 837 679 905 ἐσμεν
704 838 774 890 ἐν
792 839 1106 907 ἐπιτιμίοις
1122 856 1135 869 ο
1170 841 1285 905 καὶ,
1312 839 1519 904 Οὐδείς
1541 856 1681 892 καυ-

105 922 357 989 χήσεται
390 920 586 989 ἁγνὴν
608 920 771 989 ἔχειν
807 921 1079 986 καρδίαν.
1121 923 1281 975 Ὥστε
1314 925 1412 976 οὐκ
1438 925 1495 975 ἐν
1529 923 1680 976 ἀλλο-

103 1004 276 1073 τρίοις
299 995 602 1073 φιλοσοφῶν
627 1004 834 1065 κακοῖς,
860 1003 981 1055 οὐδέ
1006 1004 1064 1069 ἐξ
1091 1004 1487 1076 ἀπανθρωπίας
1517 1005 1678 1068 τινὸς,

103 1085 220 1139 ἀλλ’
253 1086 361 1139 ἀπὸ
388 1085 713 1156 κηδεμονίας
743 1085 943 1155 πολλῆς
980 1086 1106 1148 τοὺς
1136 1086 1390 1156 ἐλέγχους
1419 1086 1681 1156 ἐποιησά-

107 1186 217 1240 μην
256 1169 516 1230 ἐκείνους.
554 1168 676 1220 Ἐπὶ
717 1168 817 1237 μὲν
849 1169 953 1238 γὰρ
984 1168 1093 1221 τῶν
1122 1168 1191 1222 τά
1214 1172 1444 1240 σώματα
1471 1171 1682 1239 ἰατρευ-

104 1253 295 1315 όντων,
323 1252 349 1302 6
386 1249 482 1319 μέν
500 1250 734 1317 -ἐπάγων
761 1251 857 1319 τὴν
891 1250 1102 1322 πληγὴν
1133 1252 1385 1323 οὐδεμίαν
1416 1252 1680 1322 λαμϐάνει

102 1337 203 1405 τῆς
234 1334 448 1404 πληγῆς
473 1332 743 1403 αἴσθησιν,
773 1333 801 1385 6
832 1334 887 1386 δὲ
918 1336 1269 1405 τεμνόμενος,
1299 1330 1454 1398 οὗτός
1478 1337 1625 1387 ἐστιν
1653 1335 1682 1386 6

102 1416 486 1486 διασπώμενος
521 1417 641 1477 ταῖς
694 1414 950 1485 ἀλγηδόσι
987 1416 1181 1486 μόνοςο
1217 1418 1309 1470 ἐπὶ
1347 1416 1404 1469 δέ
1442 1416 1549 1470 τῶν
1585 1416 1681 1481 τάς

103 1498 285 1569 ψυχάς
311 1495 720 1566 θεραπευόντων
748 1499 844 1566 οὐχ
873 1498 1066 1565 οὕτως,
1099 1500 1147 1551 εί
1190 1499 1321 1570 μήτι
1361 1515 1424 1567 γε
1454 1499 1683 1568 σφάλλο-

108 1600 210 1652 μαι
239 1581 299 1645 ἐξ
331 1579 522 1632 ἑαυτοῦ
553 1578 620 1632 τὰ
650 1580 759 1633 τῶν
787 1579 987 1633 λοιπῶν
1014 1570 1344 1653 δοκιμάζων,
1381 1583 1494 1637 ἀλλ’
1521 1582 1682 1646 αὐτὸς

106 1665 371 1736 πρότερος
390 1662 640 1716 όδυνᾶται
660 1665 686 1715 ό
711 1663 904 1730 λέγων,
927 1664 1089 1734 ἡνίκα
1112 1664 1177 1719 ἂν
1205 1666 1411 1738 ἐτέροις
1433 1666 1677 1736 ἐπιτιμᾷ.

105 1748 241 1800 οὐδέ
276 1744 384 1815 γὰρ
412 1743 583 1806 οὕτως
611 1745 954 1815 ἐλεγχόμενοι
989 1750 1116 1818 παρ’
1154 1747 1354 1819 ἐτέρων
1388 1749 1678 1818 ἀλγοῦμεν,

103 1830 180 1893 ὡς
202 1828 513 1897 ἐλέγχοντες
539 1827 756 1898 ἐτέρους
789 1828 931 1898 ὑπὲρ
960 1830 1391 1900 ἁμαρτημάτων,
1411 1825 1486 1885 ὧν
1515 1833 1680 1901 ἐσμεν

105 1913 416 1966 ὑπεύθυνοι.
452 1910 912 1982 Ἑπιλαμϐάνεται
945 1911 1055 1984 γὰρ
1095 1912 1297 1977 εὐθέως
1343 1914 1405 1967 τὸ
1444 1914 1681 1977 συνειδὸς

103 1996 198 2052 τοῦ
226 1996 494 2066 λέγοντος,
529 1995 623 2049 καὶ
646 1995 708 2048 τὸ
741 1995 1086 2060 διδασκαλίας
1114 1996 1265 2069 [660]
1301 1998 1680 2069 περικείμενον

102 2081 358 2151 ἀξίωμα,
408 2080 487 2143 είς
546 2079 615 2132 τὰ
663 2079 800 2132 αὐτά
852 2082 962 2142 τοῖς
1007 2080 1273 2152 μαθηταῖς
1322 2082 1678 2135 καταπίπτειν

103 2166 505 2234 ἁμαρτήματα,
555 2163 649 2214 καὶ
685 2160 793 2213 τῶν
838 2162 1015 2215 αὐτῶν
1048 2163 1252 2217 δεῖσθαι
1290 2165 1546 2235 ἐλέγχων,
1587 2182 1677 2217 πι-

102 2246 373 2318 κροτέραν
401 2245 479 2315 τῷ
508 2244 718 2312 λέγοντι
751 2248 896 2297 ποιεῖ
922 2246 1020 2316 τὴν
1042 2245 1252 2316 ὀδύνην.

174 2329 241 2397 β’.
260 2330 367 2381 Καὶ
378 2328 550 2382 ταῦτα
566 2329 663 2398 οὐχ
674 2327 858 2392 ἁπλῶς
876 2329 1211 2401 ἁποδύρομαι
1232 2329 1344 2384 νῦν·
1362 2330 1475 2383 ἀλλ’
1493 2330 1678 2400 ἐπειδὴ

99 2412 290 2466 πολλοὶ
310 2410 371 2462 τὸ
405 2411 568 2481 βάρος
595 2411 702 2463 τῶν
732 2410 1035 2482 εἰρημένων
1058 2413 1156 2466 οὐκ
1183 2412 1513 2481 ἐνεγκόντες,
1543 2412 1680 2483 μετά

98 2494 199 2565 τὴν
239 2492 586 2564 ἀναχώρησιν
616 2492 1000 2564 προσελθόντες
1042 2493 1439 2564 ἐδυσχέραινον,
1474 2496 1679 2564 ἠγανά-

98 2595 287 2639 κτιυν,
321 2576 579 2644 Ἀπάγεις
610 2578 779 2647 ἡμᾶς,
800 2576 1066 2644 λέγοντες,
1082 2577 1182 2648 τῆς
1205 2579 1355 2648 ἱερᾶς
1375 2580 1676 2650 τραπέζης,

96 2661 195 2713 καὶ
239 2660 340 2728 τῆς
378 2657 661 2721 κοινωνίας
700 2659 1010 2723 ἀποσοϐεἶς.
1064 2661 1161 2712 Διά
1204 2659 1363 2715 τοῦτο
1398 2661 1571 2715 ταῦτα
1610 2663 1678 2731 ἡ·

96 2743 421 2813 ναγκάσθην
457 2744 650 2808 εἰπεῖν,
683 2741 770 2795 ἵνα
799 2742 1006 2814 μάθητε
1040 2744 1120 2796 ὃτι
1155 2745 1254 2798 οὐκ
1294 2745 1513 2815 ἁπάγω,
1544 2746 1679 2801 ἀλλὰ

96 2827 326 2894 συνάγω
369 2823 567 2895 μᾶλλον
591 2841 605 2855 ·
656 2825 755 2877 οὐκ
784 2824 1038 2878 ἀποσοϐῶ
1076 2827 1198 2879 οὐδὲ
1249 2828 1518 2899 ἁπείργω,
1560 2829 1676 2882 ἀλλ’

99 2907 425 2976 ἐπισπῶμαι
455 2907 542 2961 διὰ
569 2906 675 2960 τῶν
702 2908 937 2977 ἐλέγχων
965 2908 1139 2962 πλέον.
1174 2910 1231 2962 Ὁ
1258 2910 1364 2983 γὰρ
1391 2910 1553 2979 φόϐος
1577 2910 1678 2982 τῆς

95 2991 401 3062 εἰρημένης
430 2990 718 3062 τιμωρίας,
750 2992 997 3064 καθάπερ
1024 2991 1135 3064 πῦρ
1166 2996 1242 3055 εἰς
1282 2995 1481 3066 κηρὸν,
1505 2994 1678 3058 οὑτως

94 3076 178 3138 tl;
197 3075 262 3126 τὸ
287 3074 523 3134 συνειδὸς
536 3074 644 3127 τῶν
657 3076 1077 3147 ἁμαρτανόντων
1094 3077 1405 3147 ἐμπίπτων,
1436 3078 1548 3132 λύει
1579 3079 1678 3150 μὲν

93 3159 262 3230 ἡμῶν
293 3157 388 3211 καὶ
426 3158 583 3229 τήκει
609 3157 677 3211 τὰ
706 3158 1171 3230 πλημμελήματα,
1207 3159 1468 3231 διηνεκῶς
1508 3164 1676 3232 ἐγκα-

93 3241 364 3311 θήμενος,
387 3240 630 3312 καθαρὰν
652 3241 708 3294 δὲ
739 3242 832 3294 καὶ
858 3241 1286 3297 ἀποστίλϐουσαν
1315 3245 1678 3316 ἐργαζόμενος

92 3326 194 3397 τὴν
233 3325 494 3386 διάνοιαν,
544 3325 765 3378 πλείονα
810 3326 907 3397 τὴν
946 3327 1258 3398 παρρησίαν
1305 3329 1435 3399 ἡμῖν
1469 3330 1678 3403 ἐντίθη-

93 3424 183 3461 σιν
204 3420 235 3449 8
259 3425 274 3439 ·
310 3407 419 3460 ἀπὸ
454 3408 511 3460 δέ
530 3407 630 3477 τῆς
657 3410 969 3479 παρρησίας
1001 3411 1093 3463 καὶ
1132 3410 1440 3482 προθυμίας
1478 3413 1678 3469 πλείων

92 3490 305 3561 γένοιτ’
334 3490 401 3543 ἂν
438 3488 571 3561 πρὸς
595 3491 657 3545 τὸ
692 3491 931 3563 συνεχῶς
955 3492 1413 3568 τῶν-ἀπορρήτων
1441 3497 1532 3550 καὶ
1556 3514 1679 3568 φρι-

93 3575 252 3627 κτῶν
267 3578 542 3628 κοινωνεῖν
558 3575 890 3646 μυστηρίων.
911 3577 1018 3630 Καὶ
1044 3564 1255 3632 καθά-πε
1264 3564 1298 3648 ρ
1312 3580 1340 3632 ὁ
1360 3579 1531 3649 πικρά
1549 3564 1681 3651 φάρ·

34 3708 35 3729 1
98 3676 257 3727 μακα
281 3661 397 3720 τοῖς
424 3658 729 3721 κακοσίτοις
752 3658 946 3722 διδοὺς,
961 3660 1053 3713 καὶ
1076 3663 1198 3724 τοὺς
1228 3665 1496 3735 πονηροὺς
1518 3667 1680 3719 ἐκκα-

34 3806 35 3811 η
94 3742 314 3813 θαίρων
351 3742 579 3811 χυμοὺς,
612 3741 865 3812 διεγείρει
896 3742 994 3814 τὴν
1037 3744 1518 3816 καταδεδλημένην
1558 3747 1681 3819 ὄρε-

94 3825 203 3891 ξιν,
238 3824 341 3880 καὶ
366 3826 504 3895 μετά
533 3824 773 3888 πλείονος
807 3828 1214 3896 παρασκευάζει
1247 3832 1346 3900 τῆς
1373 3830 1680 3902 προθυμίας

92 3909 197 3979 τῆς
225 3906 497 3976 συνήθους
524 3907 787 3961 ἅπτεσθαι
810 3910 1043 3981 τροφῆς·
1075 3909 1216 3964 οὕτω
1242 3911 1304 3982 δὴ
1338 3914 1431 3966 καὶ
1453 3915 1481 3966 6
1509 3916 1681 3987 πικρὰ

34 3986 35 4009 ³
92 3991 281 4060 λέγων
326 3991 566 4061 ῥήματα,
611 3992 703 4044 καὶ
757 3992 1029 4062 καθαίρων
1055 3993 1181 4056 τοὺς
1222 3996 1492 4066 πονηροὺς
1539 3986 1682 4065 λογι-

34 4100 35 4111 ι
94 4074 280 4143 σμοὺς
308 4072 413 4142 τῆς
441 4073 695 4137 διανοίας,
736 4077 830 4128 καὶ
865 4074 926 4127 τὸ
958 4074 1095 4144 βαρὺ
1134 4075 1242 4130 τῶν
1271 4078 1683 4149 ἁμαρτημάτων

90 4155 618 4226 ἁποσκευαξόμενος
670 4157 907 4228 φορτίον,
958 4157 1170 4210 δίδωσιν
1226 4159 1558 4214 ἀναπνεῦσαι
1605 4163 1682 4233 τῷ

91 4237 395 4304 συνειδότι,
431 4239 525 4291 καὶ
560 4238 697 4308 μετά
749 4239 948 4310 πολλῆς
991 4240 1092 4309 τῆς
1135 4240 1327 4311 ἡδονῆς
1372 4243 1682 4311 ἀπογεύσα-

34 4358 35 4365 η
93 4319 227 4375 σθαι
263 4320 363 4373 τοῦ
402 4320 648 4391 σώματος
684 4320 1094 4394 παρασκευάζει
1118 4322 1212 4375 τοῦ
1242 4323 1580 4380 δεσποτικοῦ.
1606 4328 1680 4380 Οὐ

34 4452 37 4481 λ
91 4408 287 4459 τοίνυν
319 4405 691 4477 δυσχεραίνειν
723 4408 864 4478 ὑπὲρ
908 4408 1016 4462 τῶν
1057 4408 1361 4479 είρημένων
1404 4411 1530 4481 χρὴ,
1566 4412 1681 4466 ἀλλ’

90 4486 475 4556 ἀποδέχεσθαι
502 4491 596 4541 καὶ
617 4491 877 4543 ἐπαινεῖν.

169 4572 237 4623 Εἰ
279 4570 343 4623 δέ
381 4587 525 4635 τινες
560 4571 946 4642 ἀσθενέστερον
967 4571 1285 4637 διάκεινται,
1323 4576 1418 4628 καὶ¹
1453 4577 1554 4631 οὐκ
1590 4579 1683 4631 ἁν-

34 4662 37 4669 ’
88 4657 330 4726 έχονται
347 4653 716 4728 ταύτηςημῶν
735 4656 831 4725 τῆς
857 4656 1167 4724 ἀπολογίας,
1184 4659 1358 4712 ἐκεῖνο
1384 4659 1449 4714 ἂν
1473 4662 1681 4733 εἴποιμι

34 4732 37 4767 τ
87 4742 237 4811 πρὸς
271 4737 506 4802 αὐτοὺς,
540 4741 620 4792 ὅτι
656 4740 770 4792 Οὐκ
802 4738 1036 4808 ἐμαυτοῦ
1067 4740 1260 4810 νόμους
1296 4742 1423 4813 ὑμῖν
1457 4732 1681 4812 ἐξηγοῦ-

88 4840 220 4894 μαι,
263 4820 385 4874 ἀλλ’
434 4821 499 4874 ἐκ
531 4822 637 4874 τῶν
680 4822 924 4893 οὐρανῶν
969 4823 1279 4877 καταϐάντα
1324 4826 1682 4894 ἀναγινώσκω

34 4914 39 4951 :
83 4906 436 4977 γράμματα’
459 4905 552 4957 καὶ
575 4903 786 4975 ἀνάγκη
811 4905 899 4957 τὸν
916 4907 1118 4975 ταύτην
1134 4907 1565 4976 ἐμπιστευθέντα
1585 4909 1681 4982 τὴν

33 5008 39 5041 τ
82 4988 405 5051 διακονίαν,
425 4988 456 5058 ἢ
480 4989 654 5042 πάντα
674 4989 809 5058 μετά
833 4989 1140 5061 παρρησίας
1160 4992 1331 5042 εἰπεῖν
1343 4990 1411 5044 τὰ
1431 4994 1682 5064 ἐγκείμε-

83 5092 175 5137 va;
206 5073 276 5126 τὸ
307 5071 605 5141 συμφέρον,
630 5072 764 5125 ἀλλά
796 5071 869 5143 μὴ
890 5073 951 5124 τὸ
975 5073 1070 5142 ήδύ
1096 5075 1205 5136 τοῖς
1229 5074 1524 5145 ἀκροαταῖς
1548 5094 1683 5130 παν-

81 5157 270 5228 ταχοῦ
310 5154 607 5225 ζητοῦντα·
647 5155 807 5227 ἢτὴν
846 5155 956 5207 τῶν
993 5156 1299 5210 ἀκουόντων
1334 5158 1682 5229 ὑπειδόμενον

34 5300 39 5309 _
83 5239 430 5312 ἀπέχθειαν,
459 5239 553 5291 καὶ
580 5238 678 5308 τὴν
705 5239 899 5290 ἐαυτοῦ
922 5239 1015 5290 καὶ
1046 5238 1144 5307 τὴν
1171 5237 1393 5294 ἐκείνων
1418 5241 1681 5310 προέσθαι

34 5320 39 5395 ξ
84 5324 411 5395 σωτηρίαν,
440 5322 528 5375 διά
550 5323 646 5393 τῆς
681 5322 911 5393 ἀκαίρου
940 5321 1143 5392 ταύτης
1173 5323 1391 5393 χάριτος
1418 5324 1540 5376 Ὅτι
1573 5324 1681 5395 γὰρ

34 5388 40 5419 ἰ

34 5666 41 5703 ι

80 5411 185 5462 καί
223 5407 315 5476 τῷ
336 5403 546 5471 λέγοντι
577 5405 671 5458 καὶ
695 5408 808 5468 τοῖς
830 5404 1085 5459 ἀκούουσι
1111 5406 1312 5476 σφόδρα
1346 5406 1680 5460 ἐπικίνδυνον

78 5493 147 5547 τὸ
170 5490 299 5543 τῶν
332 5486 489 5539 θείων
514 5487 957 5558 ἀποκρύπτεσθαί
980 5506 1029 5541 τι
1049 5488 1244 5557 νόμων⁷
1266 5490 1359 5542 καὶ
1391 5489 1470 5541 ὅτι
1504 5489 1679 5557 φόνων

148 5740 175 5767 τι
208 5732 344 5785 Colb
392 5731 663 5798 ἐπιτίθησιν.

418 5812 682 5868 Pyrum"
727 5812 842 5870 Gn.
896 5813 960 5873 L-

1018 308 1155 367 NON
1194 312 1361 367 ESSE
1401 311 1490 367 ΑΙ)
1529 315 1839 370 GRATIAM
1876 316 2433 371 CONCIONANDUM.

3252 315 3358 370 656

1787 429 2076 484 ὑπεύθυνοι
2125 432 2173 483 οί
2219 431 2525 484 διδάσκαλοι
2574 430 2866 501 κρίνονται,
2913 417 3040 485 ὅταν
3075 433 3149 501 μὴ
3183 431 3357 486 πάντα

1785 522 1952 601 χωρὶς
1984 521 2284 591 ὑποστολῆς
2304 521 2608 592 ἐξηγῶνται
2627 521 2721 574 τοῦ
2748 521 2883 575 Θεοῦ
2903 521 2971 575 τά
2994 520 3356 591 δικαιώματα,

1784 611 1995 675 Παῦλον
2026 614 2153 683 ὑμῖν
2182 613 2387 666 τούτων
2419 614 2579 666 πάλιν
2615 614 2919 685 παρέξομαι
2952 613 3226 685 μάρτυρα.
3260 615 3356 667 Διά
3458 654 3467 667 .

1782 702 1890 773 γὰρ
1945 703 2103 756 τοῦτο
2141 703 2381 773 συνεχῶς
2427 703 2568 775 ὑπὲρ
2625 704 2878 757 ἁπάντων
2920 703 3012 755 ἐπὶ
3048 701 3145 772 τὴν
3197 702 3357 769 ἁγίαν

1784 794 1999 866 ἐκείνην
2047 796 2378 864 καταφεύγω
2423 796 2619 866 ψυχὴν,
2668 797 2748 849 ὅτι
2777 794 3036 866 χρήσιμοί
3077 795 3223 858 τινές
3251 797 3356 847 εἰσι

1782 888 1876 939 καὶ
1915 887 2048 940 θεῖοι
2071 888 2225 957 νόμοι
2272 890 2341 941 τά
2368 888 2579 941 Παύλου
2605 888 2846 961 ῥήματα.
2873 891 2945 941 Οὐ
2993 887 3103 958 γὰρ
3148 886 3358 949 Παῦλός

1784 980 1933 1031 ἐστιν
1962 980 1989 1032 ὁ
2017 979 2213 1043 λαλῶν,
2260 979 2372 1033 ἀλλ’
2410 983 2437 1034 6
2469 981 2701 1051 Χριστὸς
2725 982 2752 1032 ὁ
2790 982 2895 1051 τὴν
2935 979 3143 1033 ἐκείνου
3182 977 3357 1048 ψυχὴν

1783 1069 1947 1122 κινῶν
1966 1085 1979 1099 ·
2014 1070 2082 1122 δι’
2109 1072 2316 1123 ἐκείνου
2354 1071 2462 1140 γὰρ
2491 1070 2787 1139 φθέγγεται
2818 1070 3012 1132 πάντα,
3047 1067 3188 1140 ἅπερ
3217 1070 3358 1121 ἐκεί-

1780 1178 1869 1223 νος
1912 1154 2052 1215 εἷπε.
2090 1163 2153 1214 Τί
2183 1161 2360 1215 τοίνυν
2389 1161 2553 1232 φησὶν
2589 1164 2616 1215 ό
2663 1159 2908 1225 ΙΙαῦλος;
2942 1161 3191 1223 Καλέσας
3229 1161 3357 1222 τοὺς

1782 1252 1881 1323 τὴν
1918 1252 2149 1322 Ἔφεσον
2197 1246 2512 1319 οἰκοῦντας,
2561 1255 2655 1306 καὶ
2702 1253 2939 1325 ἐσχάτην
2982 1252 3118 1322 πρὸς
3159 1247 3357 1314 αὐτοὺς

1781 1344 2119 1416 δημηγορίαν
2148 1346 2338 1411 εἰπὼν,
2376 1346 2562 1417 ἐπειδὴ
2604 1346 2789 1399 λοιπὸν
2818 1347 2997 1398 αὐτῶν
3025 1345 3355 1399 ἀπίστασθαι

1784 1435 2005 1506 ἤμελλε,
2031 1436 2296 1490 διδάσκων
2331 1438 2455 1499 τοὺς
2482 1437 2847 1506 ἐφεστηκότας
2881 1438 3085 1499 αὐτοῖς,
3112 1437 3193 1488 δτι
3225 1437 3355 1489 καθ-

1783 1526 1927 1596 άπερ
1962 1529 2008 1579 οἱ
2052 1526 2114 1579 τὸ
2158 1522 2299 1597 αἷμα
2341 1528 2621 1597 ἐκχέοντες
2658 1527 2766 1580 τῶν
2795 1528 3070 1597 μαθητῶν,
3106 1527 3280 1589 οὕτως
3306 1529 3354 1579 οί

1780 1617 1849 1670 τά
1881 1618 2226 1689 συμφέροντα
2251 1617 2400 1690 [661]
2434 1619 2507 1690 μὴ
2534 1619 2781 1687 λέγοντες
2801 1619 3004 1685 αὐτοῖς,
3028 1620 3163 1671 εἰσὶν
3183 1617 3355 1670 ὑπεύ-

1782 1707 1931 1761 θυνοι
1958 1708 2232 1773 κολάσεως
2262 1709 2355 1763 καὶ
2382 1711 2675 1780 τιμωρίας,
2720 1708 2865 1761 οὕτω
2891 1707 3008 1771 πώς
3037 1725 3170 1779 φησι
3189 1724 3203 1739 ·
3236 1708 3355 1760 Κα-

1781 1801 1959 1867 θαρός
1992 1803 2109 1870 εἶμι
2136 1802 2251 1871 ἐγὼ
2281 1802 2399 1855 ἀπὸ
2421 1801 2529 1855 τοῦ
2564 1803 2812 1870 αἵματος
2840 1799 3102 1855 πάντων.
3132 1798 3230 1853 Διά
3264 1798 3317 1852 τί
3334 1815 3350 1864 ;

1784 1891 2003 1967 οὐγὰρ
2051 1893 2507 1961 ὑπεστειλάμην
2548 1892 2655 1945 τοῦ
2693 1891 2779 1962 μὴ
2827 1891 3171 1960 ἀναγγεῖλαι
3211 1888 3355 1958 ὑμῖν

1779 1983 1989 2037 πᾶσαν
2020 1984 2135 2052 τὴν
2163 1981 2412 2051 ,βουλὴν
2443 1984 2548 2037 τοῦ
2587 1984 2733 2038 Θεοῦ
2753 2001 2764 2012 ·
2798 1980 2874 2047 ὡς
2903 1985 2950 2036 εί
2997 1980 3353 2037 ὑπεστείλατο

1778 2074 1872 2128 τοῦ
1905 2075 1977 2146 μὴ
2009 2076 2350 2144 ἀναγγεῖλαι.
2384 2077 2483 2129 οὐκ
2509 2072 2576 2147 ἦν
2606 2076 2840 2147 καθαρὸς
2870 2079 2935 2130 ἐκ
2967 2074 3059 2129 τοῦ
3098 2072 3350 2146 αἵματος,

1779 2167 1896 2220 ἀλλ’
1930 2169 2004 2231 ώς
2036 2169 2361 2239 ἀνδροφόνος
2404 2169 2668 2240 ἐκρίνετο,
2705 2168 2797 2222 καὶ
2835 2168 2978 2240 μάλα
3014 2167 3254 2230 εἰκότως.
3292 2168 3352 2220 Ὀ

1783 2259 1880 2328 μέν
1912 2258 2020 2329 γάρ
2066 2259 2389 2330 ἀνδροφόνος
2430 2260 2489 2313 τὸ
2537 2260 2696 2331 σῶμα
2745 2261 2961 2330 ἀναιρεῖ
2991 2259 3183 2328 μόνον,
3227 2260 3256 2310 6
3291 2256 3353 2310 δέ

1780 2350 1916 2421 πρὸς
1972 2354 2132 2423 χάριν
2177 2352 2528 2423 δημηγορῶν,
2569 2354 2663 2405 καὶ
2729 2352 3132 2423 ῥᾳθυμοτέρως
3183 2348 3351 2402 ποιῶν

1778 2437 1904 2501 τοὺς
1935 2438 2230 2508 ἀκροατὰς,
2269 2439 2368 2509 τὴν
2411 2439 2589 2510 ψυχὴν
2624 2440 2921 2492 ἀπόλλυσι·
2959 2440 3209 2499 κάκεῖνος
3254 2436 3351 2506 μὲν

1778 2523 1856 2595 τῷ
1899 2527 2125 2598 παρόντι
2155 2526 2448 2597 προδίδωσι
2491 2528 2722 2598 θανάτῳ,
2764 2522 2916 2590 οὗτος
2942 2526 3005 2579 δὲ
3043 2525 3141 2597 τὴν
3172 2524 3351 2595 ψυχὴν

1779 2612 2063 2676 ἀπόλλυσι,
2095 2614 2188 2668 καὶ
2222 2616 2360 2686 πρὸς
2387 2614 2484 2679 τὰς
2527 2616 2823 2678 ἀθανάτους
2872 2614 3234 2685 παραπέμπει
3263 2627 3352 2665 κο-

1778 2700 1963 2766 λάσεις
1992 2705 2084 2757 καὶ
2114 2705 2406 2776 τιμωρίας.
2443 2702 2589 2776 Ἀρα
2618 2701 2711 2759 οὖν
2756 2705 2967 2766 Παῦλος
3001 2704 3160 2773 μόνος
3196 2701 3351 2755 τοῦτό

1780 2807 1976 2861 φησιν;
2027 2791 2324 2862 Οὐδαμῶς,
2375 2792 2510 2846 ἀλλά
2561 2793 2655 2847 καὶ
2702 2792 2806 2863 πρὸ
2851 2791 3063 2845 Παύλου
3116 2790 3276 2843 πάλιν
3323 2790 3352 2841 6

1779 2877 1912 2941 Θεὸς
1950 2878 2042 2932 διά
2100 2880 2194 2932 τοῦ
2240 2882 2520 2952 προφήτου
2564 2880 2624 2933 τὸ
2663 2879 2792 2933 αὐτὸ
2844 2879 3001 2931 τοῦτο
3059 2878 3351 2933 αίνίττεται

1778 2965 1921 3019 οὕτω
1951 2965 2124 3035 λέγων
2147 2985 2160 2998 ·
2194 2969 2435 3022 Σκοπὸν
2465 2966 2693 3021 δέδωκά
2716 2984 2789 3022 σε
2819 2965 2896 3032 τῷ
2919 2967 3061 3028 οἴκῳ
3090 2964 3346 3032 Ἰσραήλ.

1780 3055 1844 3107 Τί
1881 3056 2035 3114 ἐστι.
2078 3059 2354 3122 Σκοπόν;
2387 3057 2597 3119 Σκοπὸς
2638 3054 2858 3124 λέγεται
2906 3057 2934 3108 6
2964 3053 3071 3109 τῶν
3121 3068 3350 3123 στρατο-

1780 3143 1956 3198 πέδων
1989 3145 2138 3199 κάτω
2181 3145 2505 3215 καθημένων
2540 3144 2742 3215 ὑψηλὸν
2790 3142 2881 3197 καλ.
2927 3141 3198 3211 γεώλοφον
3246 3158 3353 3211 χω-

1780 3232 1895 3302 ρίον
1924 3233 2246 3287 καταλαϐὼν
2295 3234 2549 3287 κάκεῖθεν
2594 3230 3012 3295 ἐπιόνταςοτούς
3064 3226 3351 3298 πολεμίους

1782 3320 2086 3384 σκοπεύων,
2132 3323 2225 3375 καὶ
2260 3324 2371 3385 τοῖς
2415 3320 2566 3374 κάτω
2616 3318 2953 3389 καθημένοις
2987 3312 3203 3387 μηνύων
3251 3314 3350 3386 τὴν

1780 3407 1986 3478 ἔφοδον,
2020 3407 2112 3461 καὶ
2137 3408 2419 3479 διεγείρων
2443 3408 2576 3479 πρὸς
2599 3406 2697 3476 τὴν
2719 3404 2810 3458 τοῦ
2836 3404 3074 3475 πολέμου
3101 3402 3345 3474 παράτα-

1780 3497 1883 3564 ξιν,
1915 3496 2053 3549 ὥστε
2091 3496 2163 3568 μὴ
2194 3497 2520 3566 ἀφυλάκτοις
2561 3493 2938 3556 ἐπιπεσόντας,
2972 3491 3110 3563 μετά
3151 3490 3352 3560 πολλῆς

1779 3584 2211 3663 διαχειρίσασθαι
2252 3586 2348 3656 τῆς
2382 3583 2649 3648 εὐκολίας.
2704 3582 2857 3635 Ἐπεί
2893 3576 2985 3635 οὖν
3028 3578 3197 3634 πολλά
3240 3578 3351 3633 τῶν

1781 3672 2042 3725 ἐπιόντων
2084 3671 2274 3725 δεινῶν
2309 3673 2404 3742 οὐχ
2454 3672 2669 3742 ὁρῶμεν
2701 3671 2860 3740 ἡμεῖς
2902 3669 2952 3722 οἱ
3002 3664 3174 3739 χαμαὶ
3209 3665 3353 3736 βαδί-

1782 3760 1984 3822 ζοντες,
2019 3760 2368 3831 ᾡκονόμησεν
2415 3761 2449 3828 ἡ
2491 3759 2586 3812 τοῦ
2629 3758 2763 3810 Θεοῦ
2809 3757 2987 3828 χάρις,
3036 3750 3222 3823 ὥσπερ
3264 3755 3352 3821 ἐφ’

1783 3847 1988 3919 ὑψηλοῦ
2032 3848 2235 3919 χωρίου
2264 3848 2361 3916 τῆς
2400 3846 2737 3917 προφητείας
2770 3846 2896 3906 τοὺς
2923 3844 3110 3913 ἁγίους
3140 3843 3349 3912 προφήσ

1780 3951 1879 3999 τας
1922 3934 2158 3998 ἑστῶτας
2180 3978 2194 3999 ,
2234 3933 2529 4003 μέλλουσαν
2567 3933 2661 3986 τοῦ
2708 3931 2844 3985 Θεοῦ
2882 3931 2978 4001 τὴν
3010 3930 3178 4004 ὀργὴν
3215 3932 3348 4001 ἡμῖν

1782 4022 1994 4076 ἐπιέναι
2024 4021 2307 4094 πόρρωθεν
2330 4020 2685 4092 προμηνύειν,
2718 4019 2805 4073 ἵνα
2833 4018 2920 4072 διὰ
2940 4018 3038 4089 τῆς
3062 4018 3347 4089 μετανοίας

1782 4110 2006 4173 ἑαυτοὺς
2038 4108 2510 4179 ἀνακτησάμενοι,
2544 4108 2636 4161 καὶ
2671 4107 3022 4159 πεπτωκυῖαν
3057 4106 3215 4176 ἡμῶν
3251 4105 3348 4177 τὴν

1780 4195 1958 4266 ψυχὴν
2005 4193 2413 4265 ἀνορθώσαντες
2432 4234 2448 4259 ,
2481 4193 2580 4262 τὴν
2607 4191 2865 4262 θεήλατον
2901 4190 3183 4263 πόρρωθεν
3209 4192 3349 4244 ἀπο-

1782 4283 2143 4356 κρουσώμεθα
2183 4282 2417 4353 πληγήν.
2451 4280 2548 4334 Διὰ
2581 4280 2740 4334 τοῦτό
2775 4296 2939 4350 φης-ι’
2985 4278 3226 4335 Σκοπὸν
3253 4278 3350 4333 δέ-

1781 4372 1943 4427 δωκά
1975 4387 2048 4426 σε
2078 4371 2155 4436 τῷ
2182 4371 2324 4434 οἴκῳ
2363 4368 2607 4438 Ἰσραήλ
2632 4387 2643 4398 ·
2678 4369 2763 4422 ἵνα
2806 4368 3099 4438 μέλλουσαν
3136 4367 3347 4421 ἐπιέναι

1780 4459 1879 4531 τὴν
1914 4457 2198 4529 συμφορὰν
2246 4455 2631 4529 προμηνύσῃς,
2674 4453 2927 4526 καθάπερ
2972 4458 3177 4518 ἐκεῖνος
3224 4456 3348 4517 τοὺς

1783 4542 2107 4616 πολεμίουςί
2130 4546 2240 4599 Καὶ
2266 4543 2535 4615 τιμωρίαν
2564 4543 2635 4596 δὲ
2654 4544 2715 4597 οὐ
2751 4543 2954 4616 μικρὰν
2977 4544 3249 4613 ἐπιτίθησι
3274 4542 3349 4611 τῷ

1787 4633 1862 4706 μὴ
1900 4632 2217 4703 προλέγοντι
2256 4632 2350 4684 τοῦ
2384 4630 2517 4685 Θεοῦ
2556 4631 2655 4701 τὴν
2686 4631 2876 4702 ὀργήν.
2914 4632 3081 4684 Ποίαν
3111 4630 3176 4701 δὴ
3218 4631 3351 4706 ταύτ

1782 4704 1911 4793 τηνς
1944 4720 2054 4785 Ta;
2094 4718 2271 4791 ψυχὰς
2312 4720 2419 4775 τῶν
2462 4719 2870 4789 ἀπολλυμένων,
2917 4718 3102 4789 φησὶν,
3149 4722 3213 4773 ἐκ
3249 4704 3350 4790 τῆς

1782 4809 1960 4880 χειρός
1992 4824 2085 4861 σου
2119 4808 2422 4878 ἐκζητήσω.
2451 4802 2680 4870 Τίς.οῦν
2717 4805 2888 4870 οὕτως
2930 4803 3079 4877 ὠμὸς
3112 4807 3202 4860 καὶ
3241 4808 3349 4860 ἀπ-

1782 4897 2064 4968 άνθρωπος
2107 4895 2201 4948 καὶ¹
2240 4892 2568 4965 ἀσυμπαθὴς
2588 4932 2603 4956 ,
2641 4893 2717 4956 ὡς
2745 4892 2998 4961 ἐγκαλεῖν
3030 4892 3108 4964 τῷ
3139 4893 3347 4961 λέγοντι

1783 4985 1878 5038 καὶ
1910 4984 2158 5055 περὶτῆς
2186 4982 2278 5034 τοῦ
2316 4982 2452 5035 Θεοῦ
2484 4981 2850 5052 διαλεγομένῳ
2889 4982 3127 5052 συνεχῶς
3156 4981 3345 5052 ὀργῆς,

1781 5072 2049 5138 τοσαύτην
2071 5069 2289 5122 κόλασιν
2311 5067 2640 5138 ὑφίστασθαι
2671 5067 2940 5139 μέλλοντι,
2958 5071 3007 5121 εί
3039 5069 3344 5137 σιγήσειενς

1784 5159 1906 5210 Ὅτι
1962 5157 2059 5226 μὲν
2104 5151 2197 5208 οῦν
2246 5157 2378 5225 ἡμῖν
2432 5155 2495 5208 οὐ
2546 5156 2816 5228 συμφέρει
2859 5158 2972 5218 τοῖς
3018 5154 3234 5221 λέγουσι
3279 5152 3347 5206 τὰ

1779 5244 2003 5298 τοιαῦτα
2038 5243 2213 5312 σιγᾷν,
2236 5241 2435 5306 ἱκανῶς
2464 5244 2556 5296 καὶ
2578 5244 2606 5295 6
2633 5244 2917 5313 προφήτης
2943 5241 3036 5294 καὶ¹
3060 5242 3087 5293 6
3112 5238 3344 5293 ἀπόστο-

1780 5334 1870 5395 λος
1892 5335 2037 5403 ἠμᾶς
2068 5331 2407 5384 ἐπαίδευσεν·
2436 5332 2516 5385 ὅτι
2541 5330 2596 5384 δέ
2624 5333 2746 5384 οὐδὲ
2777 5331 2905 5400 ὑμῖν
2929 5333 3038 5393 τοῖς
3066 5326 3343 5393 ἀκούουσι,

1779 5420 1937 5491 δῆλον
1970 5417 2198 5472 ἐκεῖθεν.
2230 5419 2292 5470 Εἰ
2326 5418 2422 5488 μὲν
2450 5418 2558 5489 γάρ
2591 5416 2701 5487 ἐγὼ
2737 5418 2962 5485 σιγήσας
2997 5416 3347 5486 ἀπέκρυπτον

1779 5512 1845 5579 τῇ
1882 5511 2006 5577 σιγῇ
2046 5506 2116 5560 τὰ
2151 5492 2542 5577 ἁμαρτήματα,
2591 5504 2770 5568 καλῶς
2799 5503 3180 5577 ἐδυσχέραινεν
3212 5502 3345 5555 ἕκα-

1781 5612 1907 5657 στος
1944 5591 2037 5647 καὶ
2069 5592 2365 5663 ἠγανάκτει
2389 5592 2642 5655 δικαίως,
2678 5589 2753 5662 μη
2788 5590 3047 5658 σιγῶντος
3088 5586 3220 5660 ἐμοῦ
3246 5604 3257 5616 '
3296 5589 3345 5640 εί

1778 5678 1835 5733 δέ
1890 5680 1984 5734 καὶ
2035 5681 2193 5750 ἡμῶν
2237 5678 2511 5746 σιγώντων
2553 5677 2665 5743 νῦν,
2712 5677 2922 5747 ἀνάγκη
2973 5676 3185 5739 πάντως
3230 5673 3343 5730 ἐκεῖ

2958 5828 3032 5892 16
