3860 6286
453 324 560 379 ϐἴὶθ

457 446 578 494 tite:
608 449 661 493 at
689 448 742 492 tu
766 436 1067 500 recordare,
1119 443 1172 487 ut
1204 434 1559 503 castigationis
1587 442 1768 503 captes
1805 434 2040 487 occasio-

458 546 602 587 nem.
635 530 759 584 Ilaec
785 544 906 582 cum
927 527 1178 582 audiissct
1204 525 1413 589 Paulus,
1440 534 1797 595 peccatorum,
1820 538 2040 593 quorum

461 637 567 675 non
605 619 982 675 recordabatur
1012 619 1170 682 Deus,
1206 626 1461 687 perpetuo
1491 615 1889 680 recordabatur,
1920 630 2040 671 cum

459 712 531 766 ita
554 711 754 765 diceret
784 727 799 763 :
831 707 949 762 Non
998 724 1109 762 sum
1157 708 1338 777 dignus
1381 706 1549 760 vocari
1598 705 1874 777 apostolus,
1927 720 2045 774 quo-

461 804 597 856 niam
636 810 961 871 persequutus
987 816 1100 853 sum
1126 796 1405 853 Ecclesium
1439 796 1530 851 Dei
1557 797 1634 867 (l.
1666 795 1782 851 Cor.
1814 796 1901 850 15.
1942 794 1996 865 9)
2026 813 2040 851 :

455 903 529 957 ct,
556 892 786 947 Christus
832 891 961 946 venit
993 892 1044 944 in
1071 890 1311 943 mundum
1356 898 1638 958 peccatores
1666 888 1830 942 salvos
1858 891 2041 958 ματα,

457 1002 670 1056 quarunt
711 986 903 1053 primus
928 1001 1017 1055 ego
1054 1001 1165 1037 sum
1198 984 1272 1053 (ι.
1316 981 1448 1035 Tim.
1483 983 1549 1039 l._
1584 980 1707 1051 15).
1751 980 1864 1034 Non
1893 979 2043 1041 dixit,

460 1075 641 1143 Eram,
661 1075 776 1143 sed,
797 1075 945 1130 Sum.
972 1074 1129 1129 Facta
1152 1083 1261 1128 erat
1291 1072 1533 1127 remissio
1553 1080 1889 1142 peccatorum
1907 1067 2047 1138 apud

459 1168 646 1233 Deum,
676 1174 729 1221 ct
756 1165 894 1235 apud
923 1165 1143 1220 Paulum
1167 1174 1504 1233 peccatorum
1536 1163 1790 1216 memoria
1820 1178 1923 1214 non
1942 1160 2039 1214 de-

457 1261 696 1323 lebatur;
729 1274 848 1328 qua:
890 1257 1145 1312 Dominus
1172 1257 1468 1317 deleverat,
1503 1254 1620 1309 [nec
1658 1255 1771 1323 ipse
1808 1252 2051 1322 divulga-

456 1348 566 1406 bat.
616 1348 852 1402 Audistis
904 1346 1045 1401 enim
1093 1346 1405 1414 prOphetam
1457 1343 1723 1398 dicentem
1768 1360 1780 1397 :
1841 1341 1901 1395 Et
1950 1358 2051 1396 non

458 1439 763 1496 recordabar
793 1437 943 1508 (Isai.
968 1439 1037 1492 4'5
1063 1438 1081 1508 )
1112 1454 1125 1490 :
1154 1447 1207 1489 at
1234 1444 1289 1489 tu
1311 1435 1616 1490 recordare.
1645 1435 1782 1488 Deus
1814 1449 1906 1487 vas
1936 1433 2046 1487 ele-

464 1530 659 1585 ctionis
689 1530 863 1599 ipsum
889 1538 1039 1582 vocat
1065 1528 1209 1598 (Act.
1253 1526 1430 1597 9.:15)
1453 1568 1467 1590 ,
1496 1536 1548 1580 et
1583 1526 1682 1580 iste
1711 1540 1769 1580 se
1811 1532 2053 1593 peccato-

462 1638 581 1678 rum
615 1622 843 1693 primum
873 1631 1045 1676 vocat.
1080 1622 1230 1687 Quod
1281 1620 1322 1674 si
1356 1627 1694 1689 peccatorum
1724 1633 1830 1671 nun
1860 1615 2051 1671 oblivi-

462 1714 731 1778 scebatur,
759 1713 928 1783 cogita
957 1729 1061 1799 quo
1090 1722 1242 1783 pacto
1272 1713 1362 1765 Dei
1396 1711 1773 1767 beneficiorum
1811 1707 2057 1763 recorda—

461 1812 630 1860 retur.
664 1805 799 1872 Quid
832 1820 930 1875 ego
967 1803 1087 1859 dico
1126 1804 1433 1857 memoriam
1470 1811 1805 1872 peccatorum
1841 1800 2056 1854 minimc

465 1895 661 1965 probro
692 1894 943 1951 afficere?
971 1911 1076 1949 non
1110 1895 1179 1949 ita
1221 1910 1316 1949 nos
1344 1894 1597 1948 memoria
1625 1902 1769 1948 recte
1799 1892 2056 1948 factorum

466 1988 640 2043 reddit
684 1989 936 2054 illustres,
988 1998 1044 2042 ut
1083 1989 1337 2042 memoria
1371 1997 1706 2056 peccaturum
1740 2004 1753 2040 :
1799 1987 1905 2039 into
1932 2001 2058 2040 vero

466 2097 571 2137 non
602 2081 761 2137 modo
789 2097 896 2136 non
928 2081 1098 2136 reddit
1142 2082 1375 2136 illustres
1404 2081 1656 2134 memoria
1709 2091 1854 2134 recte
1897 2079 2062 2133 facto-

466 2188 605 2240 rum,
635 2173 729 2228 sed
776 2175 936 2228 etiam
988 2174 1277 2243 opprobrio
1316 2171 1479 2226 aflicit
1528 2180 1582 2225 et
1618 2171 1971 2233 condemnat;
2008 2179 2062 2223 at

468 2273 810 2333 peccatorum
854 2263 1108 2321 memoria
1165 2263 1352 2318 ﬁdltCta
1399 2278 1497 2317 nos
1535 2277 1597 2316 ac
1636 2262 1837 2331 justitia
1892 2261 2059 2315 multa

471 2354 723 2409 cumulat.
778 2354 906 2421 Quis
935 2354 1036 2408 hoc
1061 2353 1234 2408 dicit?
1280 2352 1580 2407 I‘ltarisreus
1625 2363 1679 2406 et
1726 2350 2060 2420 publicanus.

471 2432 604 2501 Nam
637 2446 721 2500 hic
745 2446 955 2515 quidem
987 2461 1106 2502 cum
1146 2461 1241 2499 sua
1282 2456 1496 2515 peccata
1526 2445 1765 2509 dixisset,
1802 2443 2061 2513 justifica-

480 2547 565 2590 tus
601 2535 903 2600 descendit;
934 2536 1021 2592 ille
1052 2551 1176 2591 vero
1205 2550 1325 2591 cum
1356 2550 1449 2589 sua
1477 2544 1622 2590 recte
1647 2534 1784 2589 facta
1817 2534 2059 2599 dixisset,

476 2626 757 2697 publicano
807 2625 976 2681 factus
1023 2624 1241 2681 inferior
1280 2624 1573 2681 descendit.
1626 2625 1783 2681 Vides
1812 2637 2065 2696 quantum

479 2719 668 2774 afferat
695 2719 874 2774 damni
918 2731 1060 2775 recte
1109 2718 1366 2794 factorum
1417 2719 1769 2774 meminisse:
1816 2728 2067 2789 quautam

478 2813 651 2882 pariat
704 2813 985 2867 utilitatem
1038 2821 1375 2881 peccatorum
1428 2811 1646 2866 minime
1688 2811 1964 2866 oblivisci?
1995 2813 2070 2865 Ac

483 2907 673 2961 merito
702 2921 829 2960 sane
860 2924 873 2960 :
901 2905 988 2974 qui
1016 2919 1242 2974 namque
1267 2912 1411 2960 recte
1436 2903 1695 2959 factorum
1727 2903 1988 2969 meminit,
2017 2904 2066 2956 in

482 2998 787 3067 superbiam
853 2996 1111 3062 effertur,
1164 3005 1386 3052 cat-teres
1436 2996 1677 3051 homines
1726 3004 2068 3065 aspernatur,

482 3090 622 3158 quod
655 3098 706 3144 et
734 3088 925 3143 accidit
967 3087 1233 3142 Pharisaeo
1262 3104 1275 3140 :
1303 3101 1478 3158 neque
1501 3086 1640 3142 enim
1670 3086 1720 3139 in
1751 3095 1947 3140 tantam
1976 3100 2072 3139 ve.

484 3186 654 3241 uisset
676 3185 1030 3254 arrogantiam
1050 3225 1065 3250 ,
1096 3198 1202 3237 non
1231 3181 1471 3246 dixisset,
1506 3179 1627 3234 Non
1661 3196 1771 3233 sum
1798 3180 1927 3233 sicut
1970 3194 2073 3232 ια’-

492 3280 583 3332 teri
609 3279 835 3332 homines
871 3276 1020 3348 (Luc.
1065 3277 1152 3331 18.
1195 3276 1255 3330 Η
1282 3274 1335 3345 ),
1370 3273 1468 3327 nisi
1519 3272 1704 3342 jejunii
1735 3272 1813 3325 sui
1842 3271 2077 3326 decima-

412 3408 421 3419 ι
486 3385 711 3439 rumque
739 3368 1099 3432 meminisset;
1127 3367 1381 3421 memoria
1407 3379 1531 3420 vero
1558 3372 1893 3434 peccatorum
1922 3377 2073 3415 men-

490 3473 596 3518 tem
624 3462 884 3531 reprimit,
911 3460 1259 3514 humilitatem
1290 3459 1498 3523 suadet,
1527 3472 1591 3513 ac
1615 3473 1706 3526 per
1723 3457 2075 3511 humilitatem

493 3555 918 3611 benevolentiam
952 3556 1039 3609 Dei
1069 3555 1335 3609 conciliat.
1361 3554 1516 3616 Audi,
1558 3568 1761 3622 quaeso,
1789 3568 1894 3622 quo
1924 3561 2079 3622 pacto

499 3662 599 3703 nos
650 3647 892 3703 Christus
933 3657 1079 3702 recte
1125 3647 1261 3702 facta
1292 3646 1545 3701 oblivioni
1598 3645 1807 3701 tradere
1847 3646 2028 3714 jnbeat
2064 3664 2077 3700 :

494 3737 624 3794 Cum
664 3740 877 3809 feceritis
924 3738 1031 3792 [nec
1060 3738 1246 3802 omnia,
1276 3737 1449 3799 dicite,
1495 3736 1641 3791 Servi
1684 3737 1887 3790 inutiles
1911 3753 2081 3791 sumus

497 3831 648 3903 (Luc.
694 3833 780 3886 i7.
808 3832 872 3887 10
902 3830 944 3900 ).
997 3831 1074 3886 Tu
1100 3831 1186 3886 dic
1213 3832 1451 3885 inutilem
1481 3845 1599 3886 esse
1629 3838 1679 3885 te
1705 3845 1941 3893 servum,
1972 3845 2076 3883 non

503 3940 604 3995 ego
626 3935 677 3979 te
704 3924 940 3981 inutilem
973 3924 1139 3981 reddo
1169 3942 1181 3977 :
1209 3934 1261 3978 tu
1289 3923 1332 3978 si
1366 3935 1507 3977 tuam
1539 3924 1651 3992 ipse
1672 3923 1927 3976 vilitatem
1950 3936 2081 3976 con-

499 4018 669 4073 fessus
696 4017 877 4085 fueris,
909 4031 1009 4087 ego
1030 4025 1080 4073 te
1111 4016 1366 4071 illustrem
1392 4015 1576 4080 reddo,
1606 4024 1657 4069 et
1683 4028 1877 4070 corona
1910 4028 2086 4068 remu-

500 4124 632 4164 ΙιῦΓο

572 4195 911 4254 Peccatorttm
953 4200 1210 4255 recordari
1246 4216 1397 4271 quam
1438 4200 1577 4253 utile.
1621 4198 1849 4253 Eamuen
1889 4197 2085 4251 consci-

501 4292 647 4345 entiae
697 4292 994 4345 ineundum.
1035 4322 1106 4331 —
1143 4292 1302 4346 Vides
1350 4300 1479 4361 quot
1531 4290 1850 4344 testimoniis
1904 4288 2085 4342 utilem

504 4397 625 4438 esse
660 4393 1001 4451 peccatorum
1032 4383 1344 4436 memoriam
1375 4381 1526 4435 nobis
1570 4381 1730 4434 fuerit
1769 4379 2086 4448 comproba-

504 4484 636 4535 tum,
666 4483 721 4529 et
745 4475 957 4528 noxiam
981 4474 1289 4527 memoriam
1319 4481 1463 4527 recte
1489 4470 1747 4525 factorum
1778 4490 1791 4526 :
1823 4482 1875 4526 et
1904 4481 2086 4525 contra

504 4580 691 4621 rursus
742 4565 1072 4636 supplicium.
1103 4563 1255 4617 uehis
1303 4578 1365 4617 ex
1416 4562 1681 4616 oblivione
1726 4573 2088 4632 peccatorum,

507 4657 785 4712 utilitatem
830 4663 1006 4710 autem
1028 4669 1093 4709 ex
1126 4653 1391 4708 ohl.vione
1444 4662 1587 4707 recte
1630 4651 1885 4706 factorum
1927 4653 2092 4707 oriri?

507 4750 600 4802 Vis
628 4749 788 4803 etiam
821 4746 1036 4802 aliunde
1083 4760 1405 4815 cognoscere
1447 4744 1734 4798 maximum
1781 4758 1898 4799 esse
1950 4755 2095 4801 recte

509 4841 706 4896 factum
746 4848 1078 4911 peccatorum
1110 4838 1409 4893 recordari?
1449 4838 1580 4893 Audi
1607 4838 1816 4893 Johum.
1849 4840 1918 4895 Ut
1954 4842 2094 4895 enim

509 4931 721 4989 cmteris
767 4929 1108 5001 gloriabatur,
1153 4931 1222 4984 ita
1262 4941 1315 4986 et
1355 4930 1687 4986 confessione
1728 4943 2093 5000 peccatorum,

544 5039 631 5080 um
674 5024 743 5080 ita
791 5022 1029 5078 diceret:
1065 5021 1212 5086 Quod
1240 5023 1283 5075 si
1320 5039 1431 5075 cum
1453 5034 1631 5092 sponte
1666 5039 1965 5092 peccassent,
2007 5041 2096 5078 οπο

512 5117 626 5187 pavi
655 5115 987 5183 frequentiam
1014 5113 1386 5178 multitudinis;
1423 5123 1473 5165 ut
1501 5130 1601 5167 non
1646 5115 1955 5168 enuntiarem
1981 5132 2097 5185 pec—

496 5241 502 5251 ς
537 5217 631 5260 ata
663 5224 770 5261 mea
818 5204 948 5276 (Job
982 5207 1073 5261 '51.
1108 5204 1226 5277 '54).
1255 5205 1450 5259 Horum
1486 5194 1668 5259 autem
1705 5207 1985 5261 verborum
2015 5207 2100 5263 hic

512 5312 702 5353 sensus
744 5308 825 5353 est
870 5315 880 5351 :
913 5312 1196 5366 numquam
1229 5296 1355 5349 mihi
1381 5305 1551 5352 cattas
1593 5312 1968 5352 conservorum
2001 5314 2098 5368 pu-

513 5391 699 5444 dorem
743 5391 1011 5458 imposuit.
1057 5387 1191 5454 Quid
1237 5388 1379 5441 cuim
1429 5388 1643 5457 prodest
1699 5390 1934 5459 ignotum
1981 5406 2101 5446 esse

519 5480 843 5547 hominibus,
869 5481 1174 5537 cmuJudex
1203 5480 1384 5534 omnia
1413 5480 1656 5545 noverit?
1683 5481 1808 5550 quid
1838 5497 1964 5535 vero
1996 5496 2094 5535 no-

517 5584 625 5640 cet,
658 5573 799 5643 quod
844 5573 896 5625 lti
939 5589 1062 5643 quze
1088 5589 1115 5624 a
1149 5572 1302 5625 nobis
1331 5572 1611 5625 commissa
1659 5579 1801 5636 sunt,
1835 5573 2097 5634 noverint,

524 5669 569 5719 si
602 5683 695 5719 nos
726 5667 814 5720 ille
858 5668 1009 5734 paena
1036 5665 1260 5720 voluerit
1291 5665 1560 5721 liberare?
1587 5665 1733 5720 Licet
1756 5680 1943 5721 omnes
1968 5681 2097 5718 con-

523 5755 798 5818 deuntem,
824 5759 866 5809 si
895 5773 977 5812 me
1009 5756 1215 5812 calculo
1236 5757 1517 5813 squudex
1540 5758 1801 5827 absolvat,
1833 5757 1961 5815 nihil
1981 5758 2100 5814 illo-

1202 318 1259 375 S.
1299 317 1572 376 JO‘NNIS
1611 318 2080 375 CIIRYSOSTOM!
2123 320 2435 377 Αιιοιιιειι.
2478 323 3001 381 CU‘NSTANTINUP.

3650 320 3759 378 61ἱὶ

2154 449 2266 487 rum
2294 436 2610 489 sententiam
2653 451 2781 491 curo
2817 455 2830 492 :
2876 437 2997 491 licet
3038 450 3223 491 omnes
3256 438 3475 492 laudent
3516 449 3576 493 et
3602 434 3761 486 ccle.

2148 527 2323 588 hrcnt,
2353 527 2396 579 si
2422 541 2504 581 me
2529 528 2617 581 ille
2652 529 2993 594 condemnet,
3027 529 3159 583 nihil
3184 529 3311 583 mihi
3336 530 3603 596 judicium
3635 532 3763 585 illo-

2149 633 2265 671 rum
2303 620 2535 687 prodest.
2568 618 2790 687 Semper
2830 621 2970 674 cnim
3012 622 3195 675 oculos
3225 623 3274 675 in
3330 623 3481 675 illum
3535 635 3767 692 oportet

2149 717 2477 775 convertere,
2506 709 2751 779 idemque
2774 711 3128 780 pnesumdnm
3146 722 3224 766 est
3251 713 3300 765 iu
3321 714 3582 781 peccatis,
3608 715 3764 783 quod

2148 799 2201 856 in
2234 801 2572 869 pecuniantm
2618 802 2858 871 impensa
2890 812 3221 872 prrestamus.
3262 802 3451 857 Statim
3493 805 3642 857 enim
3680 816 3767 856 at-

2148 905 2253 962 que
2299 907 2330 946 e
2367 892 2526 946 cubili
2570 893 2920 957 surreximus,
2975 904 3258 963 antequam
3313 895 3507 962 pedem
3570 895 3624 946 in
3678 893 3754 946 fu.

2148 999 2266 1038 rum
2318 984 2628 1050 inferamus,
2684 993 2777 1038 aut
2824 982 3037 1054 aliquod
3088 986 3349 1052 "privarm
3408 984 3765 1053 publicumve

2152 1075 2421 1144 negotium
2475 1074 2844 1144 aggrediamur
2872 1117 2886 1140 ,
2929 1085 3118 1130 vocato
3166 1087 3321 1129 servo
3359 1076 3634 1129 rationem
3688 1076 3760 1136 ab

2151 1181 2216 1221 eo
2268 1166 2527 1236 exigimus
2571 1180 2957 1235 expensarum,
3016 1176 3072 1220 ut
3125 1166 3399 1220 videamus
3447 1165 3581 1234 quid
3642 1180 3763 1234 pcr-

2153 1272 2372 1326 pcratn,
2431 1256 2554 1325 quid
2601 1257 2656 1310 in
2708 1258 2967 1327 legitimos
3015 1271 3143 1311 usus
3196 1257 3524 1325 insumptum
3573 1247 3757 1319 fuerit,

2154 1357 2515 1418 quantumque
2536 1348 2605 1402 sit
2634 1348 2898 1418 reliquum
2922 1367 2933 1403 :
2952 1348 3090 1418 quod
3110 1349 3152 1401 si
3178 1347 3527 1417 perexiguum
3546 1360 3673 1400 esse
3689 1347 3764 1399 vi-

2155 1438 2322 1493 derim
2334 1455 2395 1493 us
2414 1440 2486 1504 id,
2506 1440 2644 1510 quod
2666 1448 2852 1503 restat,
2881 1454 3067 1493 omnes
3083 1438 3193 1494 vias
3220 1438 3592 1509 augendarum
3618 1438 3760 1491 redi-

2162 1540 2312 1583 tumn
2336 1531 2719 1599 excogitamus,
2741 1545 2808 1584 ne
2834 1529 2971 1584 forte
3001 1530 3196 1584 incauti
3214 1529 3350 1583 fame
3376 1529 3763 1583 conficiamur.

2167 1621 2281 1676 lloc
2323 1620 2481 1690 igitur
2519 1632 2570 1675 et
2606 1620 2656 1675 in
2696 1622 2994 1676 actionibus
3034 1621 3229 1675 nostris
3275 1621 3557 1674 faciamus.
3582 1620 3768 1674 Advo-

2114 1756 2121 1763 ..
2158 1725 2273 1768 cata
2304 1714 2623 1768 conscientia
2665 1724 2844 1767 nostra
2882 1714 3116 1767 rationes
3151 1712 3424 1782 exigamus
3444 1712 3517 1765 ab
3547 1728 3614 1766 ea
3648 1728 3759 1765 ver-

2160 1805 2369 1883 borum,
2411 1806 2701 1868 actionum,
2744 1804 3159 1874 cogitationum;
3212 1804 3576 1873 disquiramus
3628 1802 3758 1873 quid

2161 1896 2441 1950 commode
2495 1897 2799 1966 utiliterque
2849 1896 2918 1949 sit
2976 1895 3336 1965 insumptum,
3392 1895 3521 1964 quid
3565 1896 3620 1948 in
3666 1910 3765 1947 no-

2162 1999 2329 2041 strum
2352 1987 2600 2042 damnum
2622 2004 2635 2054 ;
2661 1988 2779 2056 quis
2806 2001 2984 2041 sermo
3005 2001 3281 2056 perperam
3303 1985 3458 2040 fuerit
3482 1986 3768 2056 impensus

2164 2083 2215 2136 in
2248 2082 2622 2148 detractiones,
2656 2081 2707 2135 in
2739 2081 3078 2151 turpiloquia,
3115 2081 3166 2133 in
3185 2072 3576 2143 contumelias;
3613 2095 3765 2149 quae-

2166 2191 2287 2229 nam
2315 2176 2566 2244 cogitatio
2602 2174 2668 2228 ad
2717 2173 2983 2227 lasciviam
3031 2172 3242 2226 oculum
3284 2171 3591 2236 concitarit,
3617 2171 3763 2239 quod

2166 2266 2445 2321 consilium
2477 2267 2527 2321 iu
2550 2266 2803 2321 damnum
2846 2274 3085 2320 nostrum
3118 2264 3169 2318 in
3200 2278 3333 2333 opus
3373 2265 3599 2329 exierit,
3650 2266 3766 2317 sive

2170 2360 2415 2415 manibus
2460 2358 2585 2413 illud
2612 2400 2627 2425 ,
2679 2358 2791 2411 sive
2837 2357 3047 2426 lingua,
3091 2356 3202 2409 sive
3246 2355 3418 2409 oculis
3459 2356 3595 2425 ipsis
3648 2356 3767 2408 fue-

2168 2451 2334 2505 rimus
2361 2449 2641 2519 exsequuti
2671 2468 2686 2503 :
2718 2457 2771 2504 et
2799 2448 2866 2502 ab
2887 2446 3268 2515 intempestivis
3284 2445 3502 2515 quidem
3531 2446 3769 2514 sumpti-

2169 2543 2269 2597 bus
2293 2542 2559 2598 abstinerc
2587 2539 2914 2606 Studeamus,
2937 2539 2989 2593 in
3016 2539 3186 2594 locum
3211 2550 3384 2591 autem
3412 2553 3765 2607 eorum,qu:u

2172 2636 2309 2691 male
2353 2636 2617 2703 insumpta
2646 2645 2788 2697 sunt,
2818 2634 2953 2687 alios
2984 2631 3186 2686 reditus
3211 2631 3572 2685 recondamus
3602 2649 3616 2683 :
3652 2630 3769 2685 loco

2173 2735 2456 2787 verborum
2481 2740 2683 2787 temere
2710 2729 3034 2799 prolaturum
3064 2730 3268 2796 preces,
3298 2725 3419 2779 loco
3447 2734 3768 2793 aspectum]:

2175 2826 2490 2879 lascivorum
2542 2823 2911 2891 elecmosynas
2953 2828 3009 2874 et
3045 2817 3266 2887 jejunia.
3293 2816 3349 2872 Si
3377 2817 3527 2870 enim
3571 2816 3767 2870 intem—

2175 2918 2376 2987 pestive
2416 2915 2584 2970 simus
2629 2912 2943 2982 insmnpturi
2967 2953 2982 2979 ,
3017 2910 3150 2963 nihil
3191 2918 3365 2963 autem
3392 2906 3730 2961 recondituri
3753 2947 3768 2967 ,

2178 3025 2350 3078 neque
2373 3008 2495 3076 bpni
2517 3005 2802 3077 quidquam
2822 3004 2973 3058 nobis
3003 3003 3053 3056 in
3083 3000 3344 3055 thesauris
3371 2999 3689 3068 reposituri,
3717 2997 3768 3052 in

2178 3110 2468 3153 extremam
2506 3104 2793 3165 egestatem
2821 3093 3065 3148 redactos
3108 3092 3346 3145 incautos
3392 3090 3447 3142 in
3491 3098 3752 3142 aeternum

2181 3189 2316 3259 ignis
2360 3188 2674 3257 supplicium
2717 3185 3016 3257 prmeipites
3045 3196 3279 3253 agemus.
3309 3184 3387 3236 Ac
3421 3182 3769 3251 pecuniarum

2178 3282 2389 3352 quidem
2421 3295 2629 3334 summo
2655 3293 2811 3332 mane
2827 3276 3031 3331 olemus
3051 3276 3283 3328 rationes
3311 3273 3466 3338 inire,
3498 3273 3767 3326 actionum

2181 3388 2308 3427 vero
2338 3381 2457 3442 post
2485 3368 2783 3441 prandium,
2816 3369 2897 3423 vel
2925 3368 3024 3422 sub
3051 3367 3220 3436 ipsam
3247 3379 3528 3433 vesperam
3553 3364 3607 3418 in
3638 3364 3772 3418 lecto

2176 3468 2438 3538 jacentes,
2468 3464 2678 3519 nemine
2720 3460 3109 3531 interpellante,
3142 3457 3352 3512 nemine
3380 3456 3771 3511 interturbante

2183 3576 2212 3614 a
2242 3560 2394 3615 nobis
2424 3557 2551 3628 ipsis
2578 3556 2837 3620 omnium,
2856 3570 2972 3623 qua:
3003 3551 3222 3606 fecimus
3241 3564 3304 3604 ac
3319 3548 3577 3613 diximus,
3608 3548 3771 3601 ratio-

2183 3665 2305 3706 nem
2333 3634 2623 3718 exigamus.
2655 3644 2805 3713 Quod
2830 3644 2874 3697 si
2898 3643 3019 3713 quid
3045 3649 3320 3710 peccatum
3365 3653 3489 3693 esse
3532 3636 3770 3691 animati.

2185 3750 2475 3804 vertamus,
2519 3739 2841 3806 castigemus
2886 3733 3288 3794 conscientiam,
3321 3741 3562 3784 mentem
3606 3729 3772 3783 incre-

2186 3845 2392 3902 pcmus,
2421 3845 2514 3884 cor
2548 3836 2785 3882 nostrum
2828 3824 2899 3879 ita
2943 3822 3288 3876 vehementer
3326 3834 3770 3903 compungamus,

2191 3933 2247 3976 ut
2272 3936 2374 3975 non
2400 3920 2646 3988 amplius,
2675 3915 2763 3969 ubi
2786 3917 3198 3978 surrexerimus,
3224 3912 3274 3964 in
3294 3910 3433 3964 idem
3458 3911 3665 3977 peccati
3694 3910 3776 3962 ha-

2187 4012 2426 4068 rathrum
2452 4026 2549 4064 nos
2574 4007 2862 4061 audeamus
2888 4003 3181 4073 impellere,
3209 4001 3528 4070 vespertina:
3570 4012 3769 4053 memo-

2189 4119 2277 4161 res
2301 4103 2578 4159 sectionis.

2260 4196 2315 4251 5.
2336 4196 2446 4249 lloc
2462 4195 2600 4248 enim
2622 4203 2827 4260 tempus
2855 4188 3028 4258 aptius
3049 4201 3166 4241 esse
3192 4184 3258 4238 ad
3283 4182 3550 4252 ejusmodi
3578 4180 3776 4236 ratioci-

2193 4291 2357 4353 nium,
2377 4287 2496 4341 audi
2510 4301 2614 4356 quo
2635 4292 2786 4354 pacto
2808 4291 3027 4337 testetur
3044 4275 3607 4348 prOpheta,cumdicat
3626 4292 3638 4326 :
3660 4274 3776 4340 Qua

2193 4381 2357 4434 dicitis
2370 4380 2418 4432 iu
2431 4376 2663 4431 cordibus
2674 4374 2865 4437 vestris,
2883 4372 2933 4424 iu
2946 4369 3187 4424 cubilibus
3203 4368 3374 4421 vestris
3386 4383 3497 4419 com
3501 4364 3777 4436 pungimini

2196 4471 2422 4545 (PsalJt.
2439 4469 2516 4539 5).
2535 4465 2690 4520 Multa
2706 4462 2931 4518 interdiu
2951 4477 3055 4514 non
3073 4471 3128 4513 ut
3144 4458 3385 4513 volumus
3401 4472 3431 4509 a
3448 4457 3609 4510 nobis
3625 4456 3774 4516 fiunt;

2196 4572 2249 4619 et
2286 4561 2439 4616 amici
2488 4556 2792 4620 offendunt,
2840 4563 2894 4608 et
2931 4559 3247 4620 exasperant
3284 4548 3453 4611 servi,
3504 4548 3773 4601 contristat

2199 4660 2351 4716 uxOr,
2380 4651 2518 4704 ﬁlius
2555 4649 2739 4703 dolore
2780 4645 2956 4708 afticit,
2988 4642 3317 4711 negotiorum
3354 4640 3697 4693 smcularimn
3723 4652 3776 4689 ac

2200 4745 2528 4816 publicorum
2557 4756 2653 4796 nos
2683 4739 2835 4794 turba
2875 4734 3236 4795 circumsidet,
3284 4747 3455 4801 neque
3503 4746 3777 4801 possumus

2156 4838 2511 4907 ‘intelligere,
2545 4850 2612 4889 ne
2639 4833 2854 4904 quidem
2890 4847 2990 4901 qua
3032 4830 3235 4883 ratione
3263 4822 3693 4896 supplantemttr.
3723 4831 3776 4877 At

2202 4930 2286 4983 his
2330 4926 2575 4982 omnibus
2622 4922 2892 4994 expediti,
2938 4936 3059 4974 eum
3110 4919 3207 4974 soli
3254 4918 3515 4971 fuerimus
3551 4916 3772 4984 vesperi,

2204 5025 2474 5091 multaque
2500 5019 2600 5074 frui
2628 5015 2833 5072 licuerit
2857 5013 3259 5083 tranquillitate,
3281 5008 3543 5079 judicium
3575 5010 3627 5062 in
3656 5010 3777 5061 lecto

2204 5114 2516 5177 excitemus,
2543 5118 2600 5165 ut
2627 5109 2791 5163 Deum
2818 5107 2969 5161 nobis
3000 5104 3281 5173 propitium
3306 5100 3577 5170 ejusmodi
3613 5100 3776 5153 habita

2203 5205 2498 5275 quaestione
2538 5201 2842 5256 reddamus.
2871 5197 3022 5264 Quod
3044 5200 3086 5250 si
3116 5193 3350 5264 quotidie
3399 5207 3709 5260 peccemus,
3736 5199 3779 5241 et

2205 5299 2437 5353 animum
2468 5303 2706 5347 nostrum
2746 5291 3103 5347 \‘ttlneretutts,
3139 5298 3424 5352 numquam
3453 5292 3634 5336 autem
3672 5297 3779 5333 sen-

2209 5393 2419 5453 tiamus,
2443 5398 2497 5441 ut
2519 5387 2605 5456 qui
2630 5384 2849 5439 vulnera
2876 5381 3178 5448 frequenter
3205 5375 3490 5443 accipiunt,
3516 5389 3580 5428 ac
3597 5372 3775 5428 deinde

2207 5481 2524 5550 contemptis
2564 5479 2664 5532 illis
2714 5476 2899 5530 febrim
2926 5473 3024 5527 sibi
3056 5472 3138 5526 vel
3173 5468 3565 5523 intolerandum
3606 5479 3775 5519 accer—

2208 5585 2323 5628 sunt
2350 5573 2616 5627 interitum
2650 5587 2663 5622 :
2694 5570 2769 5622 sie
2786 5577 2839 5622 et
2855 5582 2952 5620 nos
2972 5565 3071 5618 hoc
3095 5563 3347 5615 continuo
3370 5570 3609 5628 stupore,
3636 5556 3780 5614 inevi-

2218 5665 2360 5719 tabili
2384 5679 2480 5717 nos
2506 5660 2762 5716 obnoxios
2791 5657 3045 5727 supplicio
3079 5652 3427 5708 reddidimus.
3466 5650 3593 5704 Scio
3623 5648 3773 5702 mole-

2211 5770 2290 5816 sta
2317 5772 2433 5813 esse
2462 5771 2578 5826 quae
2613 5751 2857 5821 dicimus,
2881 5750 2974 5805 sed
3004 5750 3219 5805 multam
3250 5746 3459 5818 pariunt
3490 5745 3771 5801 utilitatem-
