3860 6286
94 464 99 469 θ
126 384 234 439 σξιο

125 493 183 549 δὲ
209 495 505 566 μνήσθητι,
541 497 625 550 ἵνα
654 503 1032 572 σωφρονισμοῦ
1067 504 1237 578 λάϐῃς
1268 508 1542 568 ὑπόθεσιν.
1571 514 1698 566 Τού-

126 594 237 629 των
280 578 519 640 ἀκούσας
550 582 578 632 6
608 581 814 645 Παῦλος
839 623 851 645 ,
881 585 1316 657 ἁμαρτημάτων,
1347 585 1420 643 ὧν
1446 595 1545 646 οὑκ
1571 596 1698 664 ἐμέ-

129 676 299 729 μνητο
323 662 352 712 6
380 660 512 723 Θεὸς
536 703 551 726 ,
581 663 744 725 αὐτὸς
781 666 1040 734 διηνεκῶς
1072 669 1344 741 ἐμέμνητο
1375 675 1572 728 οὑτωσὶ
1603 660 1698 729 ⁷λέ-

124 757 273 806 γων·
306 745 429 795 Οὐκ
467 743 584 811 εἰμί
621 746 825 811 ίκανύς
865 749 1176 804 καλεῖσθαι
1216 753 1578 823 ἀπόστολος,
1608 758 1696 812 ὅτι

124 822 341 907 ἐδίωξα
366 823 479 892 τὴν
511 827 901 895 Ἐκκλησίαν·
953 832 1044 884 καὶ
1062 874 1077 897 ,
1105 836 1354 902 Χριστὸς
1400 822 1586 907 ἦλθεν
1609 843 1697 906 εἰς

123 905 234 957 τὸν
254 907 487 974 κόσμον
513 908 897 987 ἁμαρτωλοὺς
924 910 1072 985 [664]
1114 915 1330 981 σῶσαι,
1355 905 1441 972 ὦκ’
1466 905 1696 987 πρῶτός

121 991 237 1056 εἰμι
271 988 409 1075 ἐγώ..
437 991 550 1042 Οὐκ
582 986 754 1075 εἶπεν,
785 994 994 1065 Ἤμην,
1033 996 1168 1062 ἀλλ’,
1196 999 1348 1067 Ειμί.
1389 1001 1450 1054 Ἡ
1484 986 1696 1075 συγχὼζ

123 1070 533 1155 ρησιςέγένετο
556 1071 664 1125 τῶν
692 1075 1104 1146 ἁμαρτημάτων
1139 1081 1288 1152 ποιρὰ
1323 1083 1400 1152 τῷ
1434 1070 1574 1155 Θεῷ,
1589 1070 1694 1140 καὶ

121 1155 153 1221 ἡ
202 1154 392 1236 μνήμη
442 1152 548 1206 τῶν
595 1159 1099 1228 συγκεχωρημένων
1148 1152 1558 1236 ἁμαρτημάτων
1595 1169 1694 1223 οὐκ

116 1234 415 1302 ἠφανίζετο
466 1237 611 1307 παρά
639 1238 715 1308 τῷ
746 1239 937 1310 Παύλῳ
960 1258 972 1272 ⁸
1008 1242 1151 1315 άπερ
1182 1247 1210 1298 6
1255 1234 1529 1320 Δεσπότης
1583 1251 1692 1304 ἀπ-

116 1316 328 1386 ήλειψε,
356 1318 526 1371 ταῦτα
554 1319 713 1383 αὐτὸς
728 1320 1115 1392 ἐξεπόμπευεν.
1143 1327 1438 1384 Ἠκούσατε
1466 1316 1573 1403 γάρ
1599 1333 1691 1386 τοῦ

116 1401 399 1486 προφήτου
430 1400 707 1486 φλέγοντος,
733 1403 840 1456 Καὶ
866 1408 939 1460 οὺ
965 1406 1052 1475 μὴ
1072 1410 1354 1477 μνησθῶ·
1391 1414 1454 1467 σύ
1482 1400 1694 1486 δὲ’μνή-

117 1482 300 1551 σθητι.
339 1481 395 1535 Ὀ
418 1483 550 1546 Θεὸς
580 1484 771 1549 σκεῦος
795 1487 1025 1559 ἐκλογῆς
1048 1492 1209 1545 αὐτὸν
1228 1493 1400 1565 καλεῖ,
1416 1497 1511 1548 καὶ
1537 1481 1691 1562 οὗτος

115 1565 335 1635 πρῶτον
372 1565 479 1619 τῶν
524 1568 865 1638 ἁμαρτωλῶν
914 1572 1101 1628 ἐαυτὸν
1168 1576 1339 1629 καλεῖ.
1378 1578 1441 1630 El
1482 1579 1539 1630 δὲ
1568 1580 1691 1633 τῶν

118 1650 623 1719 συγκεχωρημένων
673 1648 1085 1724 ἁμαρτημάτων
1128 1658 1228 1711 οὐκ
1278 1659 1687 1727 ἐπελανθάνετο,

113 1732 370 1800 ἐννόησον
404 1732 519 1793 πῶς
552 1732 658 1785 τῶν
701 1735 1028 1805 εὐεργεσιῶν
1072 1740 1351 1811 ἐμέμνητο
1389 1740 1482 1795 τοῦ
1531 1743 1686 1798 Θεοῦ.

112 1811 234 1866 Καὶ
268 1813 509 1898 τίλέγω,
554 1815 634 1868 ὃτι
660 1816 720 1868 οὑ
764 1819 1114 1890 καταισχύνει
1146 1825 1331 1895 μνήμη
1364 1827 1688 1898 ἁμαρτημά-

113 1913 262 1962 tum;
297 1897 393 1966 οὐχ
411 1894 579 1960 οὑτως
606 1900 753 1968 ἡμᾶς
772 1904 912 1953 ποιεῖ
937 1902 1223 1975 λαμπροὺς
1250 1894 1688 1980 κατορθωμάτων

112 1979 331 2063 μγήμη,
359 1979 435 2042 ὡς
461 1982 492 2049 ἡ
528 1981 632 2063 τῶν
669 1983 1080 2053 ἁμαρτημάτων
1106 1989 1295 2059 μνήμη
1312 2007 1324 2021 ·
1358 1979 1554 2061 μᾶλλον
1576 1992 1630 2045 δέ
1655 1995 1687 2063 ἡ

109 2061 216 2128 μὲν
246 2060 356 2115 τῶν
397 2061 829 2133 κατορθωμάτων
887 2067 1073 2138 μνήμη
1120 2070 1181 2121 οὑ
1231 2060 1388 2141 μόνον
1435 2076 1495 2130 οὐ
1548 2060 1691 2129 ποιεῖ

108 2142 429 2214 λαμπροὺς,
470 2144 604 2197 ἀλλά
638 2146 729 2198 καὶ
760 2147 1020 2220 αἰσχύνης
1053 2149 1249 2222 πληροῖ
1286 2155 1379 2209 καὶ
1409 2158 1689 2226 καταγνώ-

108 2242 285 2287 σεως·
337 2229 369 2297 ή
518 2227 624 2280 τῶν
674 2229 1083 2301 ἁμαρτημάτων
1141 2236 1327 2307 μνήμη
1384 2240 1687 2312 παρρησίας

105 2309 261 2377 ἡμᾶς
297 2309 601 2381 ἐμπίπλησι
629 2312 725 2364 καὶ
752 2313 1094 2386 δικαιοσύνης
1135 2318 1354 2389 πολλῆς.
1397 2309 1505 2386 Τίς
1527 2309 1687 2377 τοῦτό

106 2407 316 2476 φησινς
356 2393 416 2444 Ὁ
447 2395 735 2464 Φαρισαῖος
775 2398 869 2449 καὶ
902 2400 929 2452 6
956 2399 1211 2470 τελώνης.
1257 2403 1315 2456 '0
1343 2405 1440 2474 μὲν
1466 2405 1572 2476 γάρ
1610 2407 1686 2459 εί·

105 2474 228 2526 πὼν
257 2475 327 2528 τά
367 2476 753 2547 ἁμαρτήματα,
795 2481 1027 2552 κατῆλθε
1078 2474 1593 2556 δεδικαιωμένοςίδ
1628 2488 1684 2541 δέ

100 2556 281 2609 εἰπὼν
303 2558 371 2610 τὰ
392 2559 806 2631 κατορθώματα,
837 2565 1102 2635 κατῆλθεν
1136 2567 1372 2622 ἐλάττων
1397 2571 1493 2625 τοῦ
1517 2571 1685 2625 τελώ-

99 2657 197 2692 νου
230 2642 537 2711 γενόμενος.
578 2643 737 2727 Ὁρᾷς
785 2646 880 2716 ὅση
927 2648 1099 2719 βλάϐη
1138 2652 1444 2722 μεμνῆσθαι
1489 2673 1686 2727 κατορ-

99 2724 414 2810 θωμάτων,
444 2727 541 2810 ὅση
572 2726 807 2795 ὠφέλεια
858 2731 931 2800 μὴ
978 2733 1326 2805 ἐπιλελῆσθαι
1352 2724 1683 2810 ἁμαρτημά-

94 2823 247 2873 των;
278 2808 386 2860 Καὶ
416 2808 561 2877 μάλα
591 2810 912 2875 εἰκότως.⁹0
943 2817 1040 2884 μὲν
1072 2817 1180 2888 γὰρ
1201 2818 1306 2871 τῶν
1333 2808 1685 2892 κατορθωμά-

94 2907 214 2943 των
264 2892 609 2961 μεμνημένος
635 2896 714 2956 εἰς
747 2894 1001 2950 ἀπόνοιαν
1032 2900 1266 2969 αἴρεται,
1299 2903 1539 2975 ὑπερορᾷ
1574 2906 1681 2961 τῶν

93 2973 311 3028 λοιπῶν
334 2972 653 3045 ἀνθρώπων,
679 2977 815 3048 ὅπερ
842 2980 870 3031 6
903 2981 1194 3050 Φαρισαῖος
1229 2972 1429 3040 ἔπαθεν
1447 2972 1546 3040 ·ὀύ
1573 2988 1678 3060 γὰρ

95 3058 167 3110 ἂν
207 3059 291 3119 εἰς
343 3057 608 3126 τοσαύτην
655 3058 970 3125 ἀλαζονείαν
1016 3059 1202 3134 ἦλθεν,
1245 3068 1344 3121 οὑκ
1389 3069 1455 3123 ἂν
1507 3057 1678 3137 εἶπεν,

96 3142 229 3192 Οὐκ
257 3139 374 3207 εἰμὶ
405 3140 483 3205 ὡς
509 3143 562 3194 οι
586 3143 786 3196 λοιποὶ
829 3143 1148 3214 ἅνθρωποι,
1199 3151 1248 3202 εὶ
1291 3151 1366 3222 μὴ
1410 3153 1681 3223 ἐμέμνητο

89 3223 199 3291 τῆς
231 3223 487 3292 νηστείας
518 3223 677 3309 αὐτοῦ
733 3226 823 3279 διαὶ
853 3227 953 3297 τῆς
985 3228 1213 3309 δεκάτης
1234 3249 1248 3263 ·
1293 3235 1325 3302 ἡ
1376 3233 1432 3287 δὲ
1487 3238 1677 3309 μνήμη

91 3304 214 3358 τῶν
240 3306 654 3376 ἁμαρτημάτων
695 3300 1177 3384 καταστέλλείτήν
1205 3314 1460 3383 διάνοιαν,
1490 3336 1677 3372 ταπειο

88 3390 382 3456 νοιρρονεῖν
414 3390 587 3440 πείθει
607 3430 621 3454 ,
663 3391 754 3443 καὶ
784 3392 872 3445 διά
903 3394 1003 3464 τῆς
1034 3399 1530 3471 ταπεινοφροσύνης
1558 3403 1677 3454 ἐπι-

90 3472 309 3523 σπᾶται
342 3470 434 3523 τοῦ
463 3470 595 3523 Ε)εοῦ
623 3473 719 3543 τὴν
752 3474 1259 3533 εὐνοιαν.”Ακουσον
1289 3480 1419 3549 γοῦν
1444 3484 1560 3547 πῶς
1581 3484 1676 3537 καὶ

86 3557 117 3607 ὁ
144 3555 393 3627 Χριστὸς
419 3554 625 3608 κελεύει
655 3556 792 3629 λήθῃ
825 3561 1379 3634 παραπέμπεινήμᾶς
1394 3566 1462 3619 τὰ
1477 3583 1673 3638 7:07:09-

87 3638 352 3709 θώματα.
383 3639 558 3691 Ὅταν
583 3640 769 3693 ταῦτα
795 3640 993 3696 πάντα
1016 3644 1330 3712 ποιήσητε,
1351 3648 1555 3716 λέγετε
1582 3650 1674 3703 ὅτι

101 3722 153 3773 ‘A
162 3719 359 3789 χρεῖοι
392 3718 598 3774 δοῦλοί
625 3722 917 3791 ἐσμεν-,Σὺ
949 3724 1073 3794 λέγε
1105 3728 1184 3781 ὅτι
1225 3729 1439 3799 ἀχρεῖος
1474 3730 1666 3796 δοῦλος

82 3799 163 3864 εἴ,
213 3801 327 3871 ἐγώ
365 3820 424 3855 σε
452 3804 510 3855 οὑ
543 3804 679 3856 ποιῶ
710 3806 923 3876 ἀχρεῖον
943 3825 956 3838 ·
988 3811 1050 3862 σὺ
1079 3810 1174 3862 ἐάν
1200 3811 1544 3885 ὁμολογήσῃς
1575 3813 1673 3884 τήν

82 3885 379 3939 εὐτέλειαν
423 3885 521 3957 τὴν
556 3887 805 3952 σεαυτοῦ,
850 3888 962 3957 ἐγώ
1009 3907 1069 3943 σε
1118 3892 1365 3964 λαμπρὸν
1403 3896 1542 3950 ποιῶ
1578 3898 1672 3951 καὶ

80 3969 372 4037 στεφανῶ.

170 4053 347 4123 Ὁρᾷς
373 4050 462 4104 διὰ
485 4052 663 4108 πόσων
697 4057 831 4126 ήμῖν
858 4056 1230 4114 ἀποδέδεικται
1256 4060 1445 4131 κέρδος
1472 4062 1669 4133 ἔχουσα

74 4136 201 4189 τῶν
232 4137 649 4206 ἁμαρτημάτων
677 4141 709 4209 ή
745 4142 953 4210 μνήμη,
990 4142 1084 4194 καὶ
1108 4143 1304 4213 βλάϐος
1329 4144 1436 4197 τῶν
1470 4163 1667 4218 κατορ-

75 4218 367 4288 θωμάτων
403 4222 433 4290 ή
467 4221 652 4292 μνήμη
675 4262 688 4284 ,
736 4223 826 4275 καὶ
871 4224 1178 4278 τούναντίον
1222 4227 1412 4293 πάλιν,
1447 4229 1668 4294 κόλασις

78 4305 191 4372 μὲν
234 4303 347 4356 ἀπὸ
373 4304 470 4372 τῆς
512 4303 679 4374 λήθης
716 4306 825 4358 τῶν
859 4307 1290 4377 ἁμαρτημάτων,
1332 4311 1573 4379 ὠφέλεια
1608 4314 1665 4367 δὲ

74 4387 200 4437 ἀπ’)
236 4388 339 4455 τῆς
376 4385 545 4456 λήθης
574 4386 683 4438 τῶν
725 4389 1162 4459 κατορθωμάτων
1204 4392 1334 4463 ἡμῖν
1373 4395 1660 4467 γινομένη;

72 4468 284 4521 Βούλει
312 4468 501 4537 μαθεῖν
530 4468 624 4522 καὶ
649 4470 911 4541 ἑτέρωθεν
944 4473 1025 4525 ὅτι
1054 4473 1384 4545 κατόρθωμα
1411 4479 1663 4547 μέγιστον

68 4554 140 4604 τὸ
213 4551 525 4620 μεμνῆσθαι
576 4552 1019 4622 ἀμαρτημάτων;
1067 4556 1329 4610 Ἀκουσον
1374 4560 1468 4612 τοῦ
1521 4560 1658 4617 Ἰὼϐ.

67 4635 309 4702 Ὠσπερ
339 4635 446 4703 γὰρ
474 4633 566 4717 ἐπὶ
607 4638 718 4699 τοῖς
760 4635 939 4699 ἄλλοις
968 4637 1388 4706 ἐκαλλωπίζετο,
1424 4642 1565 4697 οὕτω
1596 4645 1660 4717 δὴ

64 4719 176 4771 καὶ
215 4718 313 4769 ἐπὶ
345 4720 411 4788 τῇ
436 4716 821 4788 ἐξομολογήσει
850 4719 957 4771 τῶν
998 4720 1430 4794 ἁμαρτημάτων,
1463 4716 1660 4781 οὑτωσὶ

63 4801 301 4867 λέγων·
340 4802 411 4852 El
456 4798 524 4851 δὲ
556 4800 654 4854 καὶ
691 4800 967 4870 ἁμαρτὼν
1004 4803 1296 4872 ἑκουσίως
1336 4806 1661 4877 διετράπην

60 4881 472 4946 πολυοχλίαν
519 4882 671 4936 ,λαοῦ
719 4900 860 4951 μου,
907 4883 1013 4937 τοῦ
1046 4886 1130 4955 μὴ
1175 4888 1513 4958 ἐξαγγεῖλαι
1555 4891 1660 4957 τὰς

58 4965 380 5034 ἁμαρτίας
400 4982 539 5032 μου.
578 4967 642 5019 Ὃ
666 4965 723 5018 δέ
747 4965 895 5034 λέγει
927 4969 1162 5022 τοιοῦτον
1193 4971 1339 5023 ἐστιν
1362 4987 1375 5001 ·
1406 4973 1659 5028 οὐδέποτέ

64 5066 147 5118 με
194 5045 458 5113 σύλλογος
493 5047 602 5100 τῶν
632 5048 926 5102 συνδούλων
960 5053 1037 5114 είς
1068 5054 1327 5124 αἰσχύνην
1356 5055 1551 5124 ἤγαγε.
1593 5057 1658 5109 Τί

56 5133 143 5200 γὲ
152 5147 189 5201 ρ
215 5129 411 5197 ὄφελος
438 5132 501 5183 ἐκ
525 5131 624 5200 τῆς
648 5132 870 5199 ἀγνοίας
887 5132 993 5185 τῶν
1018 5134 1336 5205 ἀνθρώπων,
1354 5137 1446 5190 τοῦ
1470 5139 1656 5209 κριτοῦ

58 5215 263 5267 πάντα
300 5211 533 5278 εἰδότος;
562 5213 616 5264 τί
648 5213 704 5265 δὲ
734 5213 927 5283 βλάϐος
962 5218 1025 5268 ἐκ
1061 5218 1154 5269 τοῦ
1187 5218 1385 5272 εἰδέναι
1428 5222 1655 5286 τούτους

51 5297 138 5349 τὰ
176 5293 698 5364 πεπλημμελημένοι
719 5338 733 5361 ,
765 5298 893 5350 ὅταν
932 5300 1135 5361 ἐκεῖνος
1162 5300 1430 5355 ἀπολῦσαι
1459 5302 1653 5376 βούλη-

47 5396 163 5432 ται
196 5379 301 5446 τῆς
333 5377 516 5447 δίκηςς
550 5379 667 5432 Κᾶν
697 5382 894 5444 πάντες
920 5382 1228 5446 δικάζωσιν,
1258 5386 1286 5437 6
1314 5384 1369 5437 δὲ
1396 5386 1655 5460 δικαστὴς

46 5460 520 5530 ἀποψηφίσηται,
562 5463 735 5527 οὐδείς
766 5482 855 5532 μοι
882 5464 1036 5532 λόγος
1065 5466 1163 5535 τῆς
1190 5468 1411 5523 ἐκείνων
1433 5470 1616 5542 ψήφου
1635 5491 1648 5504 ·

44 5544 177 5599 κᾶν
209 5544 455 5607 ἅπαντες
481 5546 815 5600 ἐπαινέσωσι
834 5548 925 5600 καὶ
954 5548 1323 5617 θαυμάσωσιν,
1356 5555 1562 5617 ἐκεῖνος
1595 5555 1651 5608 δέ

44 5645 137 5699 με
175 5625 552 5699 καταδικάζῃ,
589 5630 740 5683 οὐδέν
779 5648 867 5701 μοι
906 5632 1066 5686 πάλιν
1097 5631 1286 5701 ὄφελος
1306 5637 1405 5707 τῆς
1427 5638 1652 5692 ἐκείνων

40 5713 336 5783 κρίσεως.
368 5711 648 5783 Πανταχοῦ
678 5715 784 5785 γὰρ
817 5715 951 5785 πρὸς
981 5717 1186 5770 ἐκεῖνον
1225 5721 1357 5791 ὁρᾷν
1389 5722 1514 5793 χρὴ,
1556 5725 1649 5778 καὶ

37 5794 243 5848 ταὺτὸ
292 5799 465 5847 ποιεῖν
494 5796 586 5849 ἐπὶ
619 5796 724 5849 τῶν
756 5799 1192 5867 ἁμαρτημάτων,
1228 5804 1366 5872 ὅπερ
1390 5805 1648 5869 ποιοῦμεν

1040 392 1172 445 NON
1216 393 1382 449 ESSE
1416 398 1507 451 AD
1545 400 1854 457 GBATLUI
1889 404 2446 463 CONCIONXNDL'M.

3266 417 3367 473 660

1805 518 1898 571 ἐπὶ
1948 520 2055 591 τῆς·
2091 523 2197 576 τῶν
2250 525 2545 595 χρημάτων
2604 525 2865 596 δαπάνης.
2923 526 3135 592 Εὐθέως
3189 530 3370 607 665]

1804 615 2133 681 ἀναστάντες
2163 617 2270 671 ἀπὸ
2299 619 2398 688 τῆς
2429 618 2634 690 κλίνης,
2676 621 2801 694 πρὶν
2850 623 2928 685 εἰς
2969 623 3171 696 ἀγοράν
3196 628 3370 707 €9.60:-

1805 708 1947 776 λε’ίν,
1980 711 2012 783 ἢ
2063 714 2438 784 μεταχειρίσαι
2480 732 2534 767 τι
2560 715 2670 771 τῶν
2706 716 2988 772 ἰδιωτικῶν
3029 719 3061 790 ἢ
3095 720 3369 791 δημοσίων

1806 808 2144 877 πραγμάτων
2168 848 2182 872 ,
2235 810 2323 863 τὸν
2382 811 2596 878 οἰκέτην
2660 813 2984 879 καλέσαντες
3033 816 3369 889 ἀπαιτοῦμεν

1804 900 1957 969 λόγον
1987 904 2095 957 τῶν
2120 903 2555 978 δαπανηθέντων,
2582 911 2630 962 ἵν
2653 910 2906 981 ἐἰδῶμεν
2943 912 2994 964 τί
3036 913 3133 984 μὲν
3163 917 3365 980 κακῶς,

1801 996 1854 1049 τί
1883 998 1939 1051 δὲ
1968 1001 2047 1061 εἰς
2071 999 2189 1054 δέον
2211 1002 2502 1072 ἀνήλωται,
2538 1006 2702 1058 πόσον
2733 1006 2791 1059 δέ
2828 1007 3233 1065 ὑπολέλειπται·
3267 1012 3366 1066 κᾶν

1803 1094 2032 1165 εἰδῶμεν
2075 1096 2253 1166 ὀλίγον
2290 1098 2349 1152 ὃν
2378 1101 2439 1153 τὸ
2476 1101 2949 1174 ὑπολελειμμένον,
2993 1107 3154 1160 παντὶ
3184 1108 3369 1179 τρόπῳ

1804 1193 2082 1263 προσόδων
2104 1194 2358 1267 ἀφορμὰς
2383 1196 2727 1268 ἐπινοοῦμεν,
2761 1199 2849 1252 ἵνα
2879 1199 2952 1270 μὴ
2985 1200 3236 1273 λάθωμεν
3262 1204 3370 1257 δια-

1803 1288 2101 1359 φθαρέντες
2135 1291 2296 1362 λιμῷ.
2344 1293 2514 1347 Τοῦτο
2537 1294 2714 1348 τοίνυν
2752 1298 2844 1350 καὶ
2873 1298 2965 1350 ἐπὶ
2990 1300 3096 1353 τῶν
3119 1301 3370 1373 πράξεων

1800 1383 1909 1437 τῶν
1937 1386 2219 1458 ἡμετέρων
2245 1387 2506 1459 ποιῶμεν.
2529 1389 2602 1442 T6
2629 1390 2863 1456 συνειδὸς
2886 1393 2944 1446 τὸ
2969 1395 3236 1467 ήμέτερον
3264 1415 3365 1451 κα-

1800 1481 2055 1544 λέσαντες
2085 1485 2398 1555 ποιήσωμεν
2436 1485 2584 1557 αὐτῷ
2623 1486 2778 1555 λόγον
2810 1488 2919 1544 τῶν
2949 1492 3226 1562 ῥημάτων,
3257 1493 3367 1547 τῶν

1802 1578 2166 1649 πραγμάτων,
2202 1578 2310 1647 τῶν
2341 1581 2692 1652 ἐνθυμήσεων
2715 1597 2727 1610 ·
2765 1582 3129 1657 ἐξετάσωμεν,
3168 1589 3218 1641 τί
3269 1590 3365 1659 μὲν

1800 1675 1879 1736 εἰς
1902 1673 2019 1727 δέον
2043 1674 2338 1745 ἀνήλωται,
2360 1675 2413 1728 τί
2433 1676 2488 1728 δὲ
2514 1678 2605 1730 ἐπὶ
2632 1677 2801 1750 βλάϐῃ
2827 1683 2892 1751 τῇ
2922 1682 3164 1754 ἡμετέρᾳ
3182 1701 3196 1715 ·
3218 1686 3367 1748 ποῖος

1798 1769 1951 1838 λόγος
1980 1770 2292 1844 ἐδαπανήθη
2319 1772 2529 1837 κακῶς,
2558 1776 2637 1838 εἰς
2667 1775 2953 1848 λοιδορίας,
2977 1781 3056 1843 εἰς
3084 1781 3368 1852 αἰσχρολο-

1798 1866 1943 1934 γίας,
1991 1868 2072 1931 εἰς
2113 1866 2333 1940 ὕϐρεις·
2373 1873 2521 1925 ποῖον
2552 1872 2838 1945 ἐνθύμημα
2865 1874 2956 1928 τὸν
2986 1876 3260 1948 ὀφθαλμὸν
3287 1881 3367 1953 είς

1797 1961 2091 2016 ἀκολασίαν
2117 1961 2362 2035 ἐκίνησε·
2393 1966 2478 2029 τίς
2508 1966 2766 2039 λογισμὸς
2810 1970 2902 2023 ἐπὶ
2935 1970 3106 2043 βλάϐῃ
3134 1976 3199 2045 τῇ
3225 1974 3364 2044 ήμε-

1796 2059 1930 2131 τέρᾳ
1958 2061 2037 2123 είς
2068 2060 2227 2131 ἔργον
2256 2062 2517 2135 ἐξηνέχθη
2539 2106 2554 2130 ,
2587 2064 2619 2135 ἥ
2656 2065 2743 2119 διὰ
2774 2065 2989 2137 χειρῶν,
3015 2069 3048 2137 ἣ
3075 2067 3163 2123 διὰ
3194 2069 3364 2137 γλώτ-

1796 2172 1927 2226 της,
1958 2156 1991 2227 ἢ
2025 2157 2113 2211 διά
2151 2157 2259 2212 τῶν
2293 2160 2556 2230 ὀμμάτων
2599 2161 2806 2215 αὐτῶν·
2846 2161 2938 2215 καὶ
2976 2163 3363 2235 σπουδάσωμεν

1796 2254 1893 2324 τῆς
1938 2254 2035 2324 μὲν
2067 2254 2299 2327 ἀκαίρου
2337 2256 2578 2328 δαπάνης
2622 2258 2964 2331 ἀποστῆναι,
3012 2259 3132 2313 ἀντὶ
3160 2261 3219 2314 δέ
3254 2261 3362 2314 τῶν

1796 2349 1945 2414 ἅπαξ
1970 2351 2351 2406 ἀναλωθέντων
2376 2353 2582 2417 κακῶς,
2627 2355 2819 2426 ἑτέραν
2852 2354 3148 2409 ἀποθέσθαι
3193 2357 3362 2426 πρόσ-

1796 2447 1939 2514 οδον,
1966 2448 2089 2501 ἀντὶ
2119 2436 2227 2501 τῶν
2272 2449 2532 2519 ῥημάτων
2560 2449 2669 2503 τῶν
2710 2451 2831 2521 εἰκῆ
2870 2452 3357 2522 προσενεχθέντων,

1794 2543 1993 2613 εὐχὰς,
2028 2544 2149 2597 ἀντὶ
2192 2544 2300 2598 τῶν
2333 2544 2507 2613 ὄψεων
2549 2547 2657 2598 τῶν
2695 2546 3005 2611 ἀκολάστως
3032 2548 3357 2618 γενομένων,

1794 2639 2182 2711 ἐλεημοσύνας,
2231 2641 2502 2710 νηστείας.
2551 2643 2612 2694 Εἰ
2645 2643 2753 2714 γὰρ
2784 2643 3071 2714 μέλλοιμεν
3114 2645 3360 2715 δαπανᾷν

1796 2738 1893 2808 μὲν
1918 2738 2182 2810 ἀκαίρως,
2204 2739 2366 2809 μηδὲν
2391 2739 2447 2793 δέ
2464 2740 2835 2806 ἀποτίθεσθαι,
2857 2742 2991 2812 μηδέ
3013 2741 3358 2812 θησαυρίζειν

1792 2817 2006 2897 ἑαυτοῖς
2037 2834 2273 2904 ἀγαθὸν,
2326 2838 2405 2899 είς
2434 2837 2666 2907 ἐσχάτην
2696 2837 3108 2907 κατενεχθέντες
3147 2841 3356 2905 πενίαν,

1792 2933 2028 3004 λήσομεν
2060 2933 2197 3004 πρὸς
2228 2933 2328 3004 τὴν
2351 2933 2614 2987 ἀθάνατον
2659 2933 2749 2986 τοῦ
2790 2935 2958 3004 πυρὸς
2996 2936 3221 2999 ἑαυτοὺς
3249 2952 3357 2989 πα-

1793 3029 2169 3101 ραπέμποντες
2215 3028 2454 3084 κόλασιν.
2497 3029 2621 3082 Τῶν
2642 3030 2738 3098 μὲν
2787 3025 2879 3083 οὖν
2911 3031 3207 3101 χρημάτων
3250 3031 3356 3084 ὑπὸ

1786 3127 1884 3197 τὴν
1911 3126 1985 3179 ἓω
2013 3125 2105 3178 τὸν
2149 3125 2306 3194 λόγον
2335 3129 2506 3179 ποιεῖν
2532 3125 2825 3196 εἰώθαμεν,
2853 3126 2962 3179 τῶν
3003 3126 3059 3179 δὲ
3102 3126 3356 3197 πράξεων

1791 3223 1928 3294 μετὰ
1980 3223 2041 3276 τὸ
2091 3224 2303 3277 δεῖπνον
2336 3224 2429 3277 καὶ
2464 3223 2562 3295 τὴν
2609 3222 2845 3293 ἑσπέραν
2877 3223 3066 3292 αὑτὴν,
3117 3225 3209 3276 ἐπὶ
3255 3224 3355 3294 τῆς

1787 3321 1972 3392 κλίνης
2005 3319 2279 3390 κείμενοι,
2309 3319 2520 3383 οὐδενὸς
2550 3318 2887 3389 ἐνοχλοῦντος
2911 3359 2926 3384 ,
2955 3319 3162 3381 οὐδενὸς
3195 3319 3356 3391 0090—

1786 3416 2036 3479 ὀοῦντος,
2072 3415 2180 3469 τῶν
2232 3415 2350 3486 μεθ’
2389 3415 2598 3486 ἡμέραν
2645 3416 2777 3486 ἡμῖν
2820 3415 3221 3486 πεπραγμένων
3259 3417 3353 3469 καὶ

1784 3512 2127 3582 λελεγμένων
2163 3511 2419 3565 ἀπάντων
2448 3511 2770 3582 ἀπαιτῶμεν
2811 3512 2909 3575 τάς
2941 3511 3167 3574 εὐθύνας
3203 3513 3354 3582 ἡμᾶς

1783 3611 2009 3675 ἐαυτούς
2027 3627 2040 3641 ·
2070 3611 2170 3665 κᾶν
2203 3610 2400 3681 ἴδωμέν
2431 3628 2484 3663 τι
2512 3610 2919 3682 ἡμαρτημένον,
2942 3611 3260 3681 κολάσωμεν
3286 3611 3347 3664 τὸ

1784 3706 2055 3772 συνειδὸς,
2106 3706 2519 3776 ἐπιτιμήσωμεν
2565 3709 2631 3777 τῇ
2681 3706 2908 3778 διανοίᾳ,
2961 3706 3351 3777 κατανύξωμεν

1778 3804 1870 3859 τὸν
1920 3804 2180 3875 λογισμὸν
2225 3802 2366 3856 οὕτω
2398 3802 2640 3874 σφοδρῶς
2667 3845 2680 3867 ,
2717 3803 2792 3865 ὡς
2842 3802 3036 3873 μηκέτι
3082 3802 3348 3873 τολμῆσαι

1778 3899 2165 3962 διαναστάντας
2206 3896 2370 3969 ἡμᾶς
2421 3897 2556 3968 πρὸς
2613 3896 2674 3948 τὸ
2739 3896 2870 3949 αὐτὸ
2917 3896 3014 3967 τῆς
3073 3895 3349 3968 ἁμαρτίας

1779 3999 2004 4068 ἀγαγεῖν
2050 3995 2318 4068 βάραθρον
2363 3995 2462 4065 τῆς
2502 3996 2558 4047 ἐν
2600 3992 2810 4064 ἑσπέρα
2869 3993 3077 4064 πληγῆς
3134 4011 3347 4066 μεμνη-

1780 4096 1960 4166 μένον.

1845 4191 1906 4246 ε’.
1942 4191 2065 4243 Ὅτι
2094 4189 2201 4261 γάρ
2220 4180 2373 4252 οὗτος
2404 4189 2432 4241 ὁ
2455 4185 2645 4257 καιρὸς
2664 4185 3093 4258 ἐπιτηδειότερος
3128 4186 3263 4257 πρὸς
3283 4188 3344 4240 τὸ

1773 4288 2012 4343 τοιοῦτον
2042 4286 2370 4355 λογοθέσιον,
2393 4285 2620 4340 ἄκουσον
2638 4282 2733 4337 τοῦ
2755 4284 3032 4353 προφήτου
3060 4283 3307 4349 λέγοντος
3324 4302 3338 4315 ·

1781 4384 1838 4437 Ἀ
1869 4383 2076 4453 λέγετε
2100 4382 2169 4434 ἐν
2193 4379 2320 4442 ταῖς
2347 4376 2615 4446 καρδίαις
2636 4376 2824 4446 ὑμῶν,
2842 4377 2938 4430 ἐπὶ
2963 4376 3092 4442 ταῖς
3115 4378 3342 4455 κοίταις

1772 4481 1937 4549 ὑμῶν
1965 4480 2356 4549 καταγὺγητε.
2392 4475 2568 4529 Πολλά
2602 4475 2720 4546 μεθ’
2746 4475 2960 4547 ἡμέραν
2989 4476 3086 4545 οὐχ
3113 4476 3189 4540 ὡς
3219 4476 3341 4548 βου-

1772 4576 1975 4648 λόμεθα
2020 4576 2362 4647 πράττομεν·
2404 4574 2494 4626 καὶ
2519 4572 2661 4642 φίλοι
2687 4571 3066 4662 παροξύνουσι,
3119 4572 3212 4625 καὶ
3262 4574 3340 4625 ol-

1772 4673 1925 4725 κέται
1978 4670 2323 4741 ἐκθηριοῦσι,
2369 4669 2466 4723 καὶ
2524 4668 2659 4739 γυνὴ
2711 4669 2905 4734 λυπεῖ,
2974 4669 3068 4725 καὶ
3128 4668 3338 4721 παιδίον

1769 4770 1949 4840 ὀδυνᾷ,
1981 4770 2073 4822 καὶ
2093 4768 2247 4838 ὄχλος
2278 4767 2616 4839 πραγμάτων
2648 4764 2915 4836 βιωτικῶν
2944 4766 3037 4820 καὶ
3064 4765 3337 4836 δημοσίων

1770 4865 2146 4939 περιίσταται·
2183 4865 2276 4917 καὶ
2323 4864 2384 4915 οὐ
2431 4861 2705 4932 δυνάμεθα
2753 4854 2979 4915 συνιδεῖν
3021 4863 3166 4927 τότε,
3218 4864 3337 4916 οὐδὲ

1769 4963 1916 5025 ὅπως
1959 4959 2442 5028 ὑποπελιζὸμεθα.
2490 4959 2714 5013 Πάντων
2758 4958 2815 5012 δὲ
2849 4958 3054 5013 τούτων
3096 4961 3337 5014 ἀπαλλα-

1768 5060 1990 5127 γέντες,
2019 5057 2113 5110 καὶ
2143 5055 2265 5108 καθ’
2300 5055 2524 5118 ἑαυτοὺς
2561 5056 2842 5124 γενόμενοι
2872 5056 3011 5109 κατὰ
3043 5055 3140 5126 τὴν
3175 5058 3335 5109 ἐσπέ-

1768 5173 1892 5227 ραν,
1923 5154 2019 5208 καὶ
2047 5152 2247 5223 πολλῆς
2276 5152 2641 5223 ἀπολαύοντες
2665 5152 2913 5223 ἡσυχίας,
2947 5153 3334 5223 συγκροτῶμεν

1766 5252 1859 5304 ἐπὶ
1901 5249 1999 5319 τῆς
2041 5247 2227 5318 κλίνης
2261 5248 2321 5300 τὸ
2363 5248 2730 5319 δικαστήριον,
2766 5249 2853 5302 ἵνα
2883 5249 2974 5302 τὸν
3010 5249 3140 5302 Θεὸν
3174 5249 3331 5301 ἵλεων

1764 5348 1851 5401 διὰ
1879 5348 1979 5418 τῆς
2010 5345 2263 5419 τοιαύτης
2293 5346 2528 5417 κρίσεως
2560 5345 2789 5416 ἔχωμεν.
2819 5347 2917 5398 Ἂν
2952 5343 3008 5397 δὲ
3046 5344 3167 5397 καθ’
3201 5344 3331 5400 ἐγ-άηι

1767 5458 1899 5510 στην
1928 5439 2143 5510 ἡμέραν
2177 5437 2598 5508 ἀμαρτάνωμεν,
2625 5437 2716 5491 καὶ
2746 5436 2995 5505 παίωμεν
3028 5436 3127 5506 τὴν
3152 5434 3328 5503 ψυχὴν

1764 5533 1861 5605 τὴν
1895 5532 2203 5603 ἡμετέραν,
2236 5529 2505 5601 μηδέποτε
2540 5529 2596 5583 δὲ
2632 5526 3045 5598 αἰσθανώμεθα,
3078 5525 3327 5593 καθάπερ

1760 5625 1809 5677 οἱ
1859 5623 2050 5692 συνεχῆ
2110 5621 2399 5692 τραύματα
2446 5620 2841 5691 λαμϐάνοντες,
2892 5617 3007 5672 εἶτα
3056 5633 3327 5690 καταφρο-

1761 5715 2005 5778 νοῦντες,
2052 5712 2318 5783 πυρετοὺς
2368 5712 2463 5766 καὶ
2513 5711 2740 5767 θάνατον
2798 5711 3008 5773 ἑαυτοῖς
3057 5710 3325 5781 ἀφόρητον

1760 5805 2130 5859 ἐπισπῶνται·
2178 5803 2319 5858 οὑτω
2371 5801 2435 5871 δὴ
2477 5803 2570 5857 καὶ
2611 5803 2772 5872 ἡμεῖς
2812 5804 2877 5856 ἐκ
2918 5803 3016 5872 τῆς
3072 5801 3321 5874 συνεχοῦς
