3844 6280
492 392 590 448 661

490 503 697 572 ταύτης
730 499 1082 569 ἀναισθησίας
1114 500 1486 571 ἀπαραίτητον
1518 498 1879 570 ἐπισπώμεθα
1914 498 2065 571 [666]

491 585 782 657 τιμωρίαν.
818 577 947 637 Οἶδα
977 582 1058 634 ὅτι
1086 583 1317 652 φορτικά
1343 581 1412 634 τὰ
1447 582 1713 653 εἰρημένα
1735 624 1750 647 ,
1784 583 1900 637 ἀλλ’
1952 582 2065 653 ἔχει

492 669 627 723 πολὺ
676 666 738 721 τὸ
782 665 989 736 κέρδος.
1037 664 1282 735 Ἤμερον
1329 664 1524 736 ἔχομεν
1584 666 1888 735 Δεσπότην·
1940 682 2069 736 προ-

492 752 709 820 φάσεως
766 744 1118 801 ἐπιλαδέσθαι
1174 747 1422 817 βούλεται
1477 748 1675 818 μόνον,
1740 748 1835 802 καὶ
1887 749 2067 801 πᾶσαν

491 832 692 895 εὐθέως
742 829 1110 884 ἐπιδείκνυται
1165 830 1263 901 τὴν
1326 830 1760 903 φιλανθρωπίαν.
1831 832 1894 885 El
1955 830 2065 904 γάρ

492 914 894 986 ἁμαρτάνοντες
944 912 1040 968 καὶ
1076 913 1325 982 μένοντες
1370 913 1706 986 ἀτιμώρητοι
1759 914 1832 987 μὴ
1886 915 2064 983 ἐγινό-

494 997 629 1066 μεθα
663 997 904 1067 χείρους,
949 995 1052 1051 κᾶν
1094 996 1305 1067 ἀφῆκεν
1340 998 1473 1067 ἡμῖν
1516 997 1617 1068 τὴν
1649 997 1901 1051 κόλασινο
1950 996 2065 1051 ἀλλ’

490 1076 598 1133 οἵδε
618 1078 777 1133 τοῦτο
810 1079 998 1149 σαφῶς
1018 1120 1036 1147 ,
1078 1079 1159 1133 ὅτι
1188 1080 1298 1133 τῶν
1330 1081 1740 1153 ἁμαρτημάτων
1762 1080 1940 1135 αὐτῶν
1963 1081 2065 1135 οὐκ

491 1163 710 1217 ἔλαττον
739 1164 885 1234 ἡμᾶς
926 1162 986 1218 τὺ
1022 1163 1097 1233 μὴ
1140 1163 1465 1229 κολάζεσθαι
1499 1165 1912 1237 ἁμαρτάνοντας
1940 1164 2066 1235 βλά-

491 1263 637 1300 πτει.
682 1246 783 1300 Διά
831 1244 990 1300 τοῦτο
1036 1246 1311 1317 ἐπιτίθησι
1361 1247 1461 1321 τὴν
1508 1248 1800 1319 τιμωρίαν,
1845 1249 1905 1301 οὐ
1956 1248 2064 1301 τῶν

491 1329 833 1383 ἀπελθόντων
870 1329 1115 1383 ἀπαιτῶν
1142 1329 1319 1402 δίκην,
1358 1330 1493 1385 ἀλλᾶ
1518 1330 1587 1384 τὰ
1616 1330 1877 1403 μέλλοντα
1921 1331 2064 1404 διορ-

492 1412 774 1486 θούμενος.
820 1412 930 1466 Καὶ
973 1413 1060 1467 ἵνα
1105 1413 1281 1486 μάθῃς
1326 1415 1407 1467 ὅτι
1455 1414 1611 1468 τοῦτό
1656 1417 1805 1469 ἐστιν
1842 1414 2062 1486 ἀληθὲς,

486 1476 745 1550 ἄκουσον
768 1496 822 1549 τί
867 1513 998 1567 φησι
1033 1476 1168 1568 πρδς
1313 1496 1551 1551 Μωῦσέα
1571 1513 1585 1527 ·
1614 1497 1790 1565 Ἄφες
1811 1513 1888 1567 με
1911 1476 1946 1561 ,’

494 1579 785 1648 θυμωθεὶς
809 1578 1069 1647 ἐκτρίψω
1086 1580 1507 1647 αὑτούς.”Αφες
1538 1596 1626 1649 με,
1643 1577 1959 1650 ἔλεγεν,οὐχ
1982 1579 2064 1632 δτι

494 1662 734 1733 Μωῦσῆς
764 1660 923 1715 αὑτὸν
961 1664 1243 1731 κατεῖχεν·
1275 1660 1425 1714 οὐδὲν
1458 1660 1571 1731 γὰρ
1595 1660 1892 1729 ἐφθέγξατο
1929 1661 2064 1731 πρὸς

495 1745 674 1812 αὐτὸν,
708 1745 841 1799 ἀλλὰ
866 1749 990 1817 σιγῇ
1021 1746 1410 1817 παρειστήκει·
1442 1743 1577 1799 ἀλλὰ
1608 1744 1883 1814 πρόφασιν
1910 1743 2059 1815 αὑτῷ

494 1828 674 1883 δοῦναι
702 1828 1022 1900 βουλόμενος
1043 1829 1143 1897 τῆς
1166 1828 1307 1899 ὑπὲρ
1340 1828 1519 1880 αὐτῶν
1553 1828 1852 1900 ἱκετηρίας.
1884 1827 2062 1881 Ἐπει-

495 1911 561 1983 δὴ
597 1911 706 1984 γάρ
738 1912 865 1979 ἄξια
895 1914 992 1984 μὲν
1021 1912 1295 1975 κολάσεως
1320 1911 1566 1982 ἥμαρτον
1595 1912 1815 1975 ἐκεῖνοι,
1850 1910 1943 1964 καὶ
1967 1927 2063 1963 κο-

493 1993 704 2057 λάσεως
732 1997 1134 2066 ἀπαραιτήτου,
1181 1993 1406 2047 κολάσαι
1438 1993 1495 2071 δέ
1534 1994 1728 2058 αὐτοὺς
1772 1995 1872 2046 οὐκ
1919 1992 2065 2046 ἐϐού-

494 2078 638 2141 λετο,
656 2077 795 2131 ἀλλὰ
815 2076 1591 2149 φιλανθρωπεύσασθαι,τοῦτο
1603 2077 1659 2131 δὲ
1680 2077 1876 2140 αὐτοὺς
1902 2076 2064 2148 ρᾳθυ-

499 2160 760 2232 μοτέρους
778 2161 972 2227 ἐποίει,
996 2162 1279 2232 ἀμφότερα
1305 2160 1726 2224 κατεσκεύαζεν,
1763 2158 1903 2212 ὥστε
1927 2159 2064 2230 μήτε

495 2241 594 2314 τὴν
625 2244 898 2314 τιμωρίαν
919 2244 1297 2315 ἐπενεχθῆναι,
1332 2243 1469 2313 μήτε
1498 2244 1737 2306 ἐκείνους
1765 2241 2066 2314 ῥᾳθυμοτέ-

499 2342 627 2396 ρους
660 2328 726 2379 ἐκ
744 2327 842 2397 τῆς
874 2327 1249 2398 ἀτιμωρησίας
1282 2325 1555 2395 γενέσθαι.
1589 2324 1857 2396 μαθόντας
1889 2325 1970 2378 ὅτι
2000 2325 2063 2377 οὐ

495 2408 649 2479 παρὰ
670 2409 772 2479 τὴν
789 2410 993 2464 οἰκείαν
1029 2410 1205 2476 ἀξίαν,
1232 2409 1369 2465 ἀλλὰ
1388 2408 1537 2479 παρά
1557 2410 1656 2478 τὴν
1676 2407 1772 2462 τοῦ
1792 2407 2063 2471 Μωῦσέως

496 2492 831 2562 προστασίαν
862 2493 959 2565 τὴν
977 2493 1147 2567 ὀργὴν
1176 2493 1269 2546 τοῦ
1291 2492 1559 2545 Δεσπότου
1593 2491 1864 2562 διέφυγον.
1896 2491 2066 2544 Τοῦτο

498 2576 771 2647 καὶήμετς
798 2576 1055 2641 πολλάκις
1087 2574 1370 2645 ποιοῦμεν,
1399 2576 1492 2628 καὶ
1512 2574 1730 2638 οἰκέτας
1757 2574 1882 2638 ἀξια
1913 2573 2067 2630 κολά-

500 2675 638 2723 σεως
667 2658 1164 2731 πλημμελήσαντας
1186 2658 1309 2712 οὔτε
1337 2658 1561 2712 κολάσαι
1595 2655 2065 2727 βουλόμενοι,οῠτε

496 2740 591 2794 τοῦ
607 2743 669 2793 ἐκ
685 2741 784 2811 τῆς
799 2742 1071 2805 κολάσεως
1083 2740 1385 2809 ἀπαλλάξαι
1398 2740 1762 2811 φόϐου,φίλοις
1773 2739 2066 2811 κελεύομεν

496 2822 607 2875 τῶν
620 2823 903 2894 ἡμετέρων
920 2825 1118 2887 αὐτοὺς
1129 2823 1436 2896 ἐξαρπάσαι
1451 2823 1671 2896 χειρῶν,
1692 2822 1836 2877 ὥστε
1862 2822 1959 2876 καὶ¹
1974 2822 2069 2877 τὸν

498 2905 663 2976 φόϐον
689 2907 872 2971 αὐτοῖς
898 2905 1276 2978 ἐνακμάζοντα
1306 2908 1509 2979 μένειν,
1525 2906 1737 2971 καὶτὰς
1758 2907 1887 2976 παρ’
1907 2905 2067 2978 ἡμῶν

418 3014 427 3019 ~
497 2989 713 3059 πληγὰς
742 2989 1041 3060 διαφυγεῖν.
1092 2990 1263 3049 Τοῦτο
1301 2990 1396 3043 καὶ
1441 2992 1469 3045 ὁ
1500 2988 1633 3053 Θεὸς
1670 2989 1894 3060 ἐποίησε
1914 3006 1928 3021 ·
1972 2989 2065 3043 καὶ

498 3075 582 3127 ὅτι
609 3073 755 3126 ἐστὶν
796 3073 1026 3145 ἀληθὲς,
1065 3075 1159 3129 ἀπ’
1204 3074 1384 3128 αὐτῶν
1424 3072 1534 3128 τῶν
1584 3073 1844 3146 ῥημάτων
1881 3072 2060 3144 δῆλον·

501 3158 685 3225 ’Ἄφες
707 3173 805 3226 με,
830 3158 986 3228 φησὶ,
1007 3157 1107 3212 καὶ
1133 3158 1439 3227 θυμωθείς.
1458 3157 1569 3211 Καὶ
1588 3155 1693 3227 μὴν
1721 3157 1848 3210 ὅταν
1884 3154 2064 3228 βουλο-

499 3239 692 3310 μένους
716 3240 1131 3311 τιμωρήσασθαι
1172 3240 1359 3311 μηδεὶς
1392 3241 1526 3311 ἀφῇ,
1564 3239 1682 3292 τότε
1712 3238 2061 3310 θυμούμεθα·

495 3322 656 3385 αὐτὸς
681 3322 738 3375 δὲ
757 3322 925 3391 λέγει,
954 3323 1124 3393 ’Δφες
1150 3339 1217 3391 με
1241 3323 1335 3376 καὶ
1351 3322 1764 3393 θυμωθήσομαι,
1785 3322 1872 3377 ἴνα
1891 3321 2067 3397 μάθῃς

495 3407 580 3459 ὅτι
608 3405 779 3476 θυμὸς
805 3408 865 3459 οὐ
894 3406 1065 3470 πάθος
1088 3406 1208 3460 ἐστὶ
1238 3407 1367 3477 περὶ
1384 3406 1538 3471 Θεὸν,
1562 3406 1677 3459 ἀλλ’
1705 3409 1738 3477 ἡ
1767 3406 1890 3459 καθ’
1909 3405 2069 3477 ήμῶν

497 3489 759 3558 γινομένη
805 3489 1025 3552 κόλασις
1068 3489 1240 3561 ταύτῃ
1289 3490 1534 3544 καλεῖται
1587 3492 1653 3560 τῇ
1703 3489 2064 3562 προσηγορίᾳ.

500 3572 671 3624 Ὅταν
699 3566 794 3625 οὖν
827 3571 1065 3642 ἀκούσῃς
1096 3571 1190 3624 τοῦ
1231 3571 1508 3636 Μωῡσέως
1528 3572 1816 3640 ¹λέγοντος,
1851 3575 1923 3628 El
1952 3573 2070 3641 μὲν

499 3652 663 3724 ἀφῇς
701 3653 904 3720 αὐτοῖς
929 3653 1043 3722 τὴν
1067 3654 1379 3724 ἁμαρτίαν,
1409 3654 1578 3725 ἄφες,
1613 3655 1720 3727 πρὸ
1743 3654 1836 3709 τοῦ
1879 3655 2065 3709 δούλου

496 3738 591 3791 τὸν
624 3737 901 3807 Δεσπότην
925 3735 1249 3808 ἐκπλάγηθι,
1280 3738 1364 3791 ὅτι
1397 3738 1559 3804 αὐτὸς
1586 3738 1735 3809 αὐτῷ
1762 3739 1862 3810 τῆς
1884 3738 2067 3807 φιλαν-

499 3819 746 3893 θρωπίας
772 3821 973 3894 ταύτης
1002 3822 1245 3894 παρέσχε
1273 3822 1371 3885 τὰς
1399 3822 1671 3894 ἀφορμάς.
1703 3823 1818 3877 Οὐκ
1836 3822 2067 3877 ἐνταῦθα

496 3904 556 3959 δὲ
596 3904 755 3975 μόνον
787 3903 945 3958 τοῦτο
978 3905 1265 3977 ἐποίησεν,
1310 3904 1444 3959 ἀλλά
1473 3906 1566 3959 καὶ
1600 3905 1732 3977 πρὸς
1771 3905 1862 3959 τὸν
1906 3906 2067 3978 Ἱερε-

493 4059 1420 4093 W

1218 390 1274 442 S.
1312 386 1595 442 JOANNIS
1630 383 2113 442 CHRYSOSTOMI
2154 377 2472 437 ARCHIEP.
2521 374 3065 434 CONSTANTINOP.
3655 372 3744 428 663

2171 496 2321 567 μίαν,
2367 494 2461 549 καὶ
2520 492 2654 563 πρὸς
2690 492 2781 545 τὸν
2821 490 3081 559 Ἰεζεκιὴλ
3108 490 3168 541 το
3216 486 3347 540 αὐτὸ
3383 485 3545 539 τοῦτό
3592 503 3743 556 φησι·

2167 577 2558 648 Περιδράμετε
2587 575 2684 629 καὶ
2708 574 2862 628 ἴδετε
2885 574 2953 628 ἐν
2972 573 3102 638 ταῖς
3126 570 3289 637 ὁδοῖς
3323 571 3745 640 Ἰερουσαλὴμ,

2166 665 2219 716 ει
2255 663 2387 717 ἐστι
2420 678 2510 727 τις
2542 657 2731 713 ποιῶν
2755 658 2936 728 κρίμα
2962 656 3061 709 καὶ
3101 654 3541 721 δικαιοσύνην-ο
3574 653 3744 721 ἵλεως

2165 746 2378 816 ἔσομαι
2406 743 2631 809 αὐτοῖς.
2674 736 2829 805 Εἶδες
2866 739 3310 810 φιλανθρωπίαν;
3343 738 3460 808 Τῆς
3495 736 3609 809 μὴν
3641 740 3746 803 ἐνὸς

2165 828 2369 899 ἀρετῆς
2398 826 2584 881 πολλοὶ,
2602 823 3030 901 συναπολαύουσι
3050 824 3145 876 καὶ
3166 820 3276 876 τῶν
3296 821 3578 894 πονηρῶν*
3612 824 3745 893 τῇδὲ

2163 910 2272 965 τῶν
2313 910 2525 964 πολλῶν
2568 908 2735 979 κακίᾳ
2753 948 2769 972 ,
2816 906 2921 963 κᾶν
2950 903 3029 970 εἷς
3071 907 3102 958 ὁ
3146 905 3429 977 κατορθῶν
3528 906 3733 975 μεταξῦ

2163 996 2335 1067 δήμου
2372 993 2593 1059 πολλοῦ,
2620 994 2682 1047 οὐ
2723 989 3220 1062 συγκαταφέρεται·
3254 989 3369 1043 ἀλλ’
3403 983 3491 1053 εἷς
3526 990 3633 1061 μὲν
3662 990 3743 1044 άν-

2165 1081 2381 1152 θρωπος
2449 1079 2627 1152 ὀρθῶς
2685 1077 2795 1143 ζῶν
2845 1077 3019 1148 δῆμον
3079 1072 3375 1146 ὁλόκληρον
3435 1073 3745 1146 ἐξαρπάσαι

2162 1166 2443 1237 δυνήσεται
2476 1164 2576 1233 τῆς
2606 1162 2775 1236 ὀργῆς
2802 1159 2899 1214 τοῦ
2934 1157 3081 1213 Θεοῦ
3102 1197 3118 1221 ,
3160 1158 3313 1221 πόλις
3352 1157 3411 1210 δὲ
3448 1157 3745 1228 ὁλόκληρος

2163 1249 2532 1320 διεφθαρμένη
2562 1247 2698 1318 πρὸς
2730 1244 2828 1317 τὴν
2855 1243 3065 1298 οἰκείαν
3095 1242 3315 1296 κόλασιν
3347 1242 3443 1294 καὶ
3471 1242 3744 1311 τιμωρίαν

2165 1333 2572 1388 ἐπισπάσασθαι
2600 1331 2693 1385 τὸν
2720 1326 2779 1384 εὖ
2810 1329 3027 1401 βιοῦντα
3065 1327 3160 1380 καὶ
3190 1325 3442 1379 καθελεῖν
3484 1327 3549 1378 οὐ
3588 1325 3741 1396 δυνή-

2165 1433 2339 1472 σεται.
2377 1417 2489 1471 Καὶ
2527 1414 2686 1469 τοῦτο
2734 1404 2843 1467 ἀπὸ
2869 1410 2965 1464 τοῦ
2998 1410 3122 1463 Νῶε
3151 1409 3329 1480 δῆλον·
3362 1409 3595 1463 πάντων
3625 1409 3741 1477 γοῦν

2164 1501 2367 1555 ἀπολλυ
2378 1500 2552 1572 μένων
2575 1496 2863 1562 διεσώζετο
2896 1496 3076 1567 μόνοςο
3106 1495 3202 1573 καὶ
3216 1493 3323 1548 ἀπὸ
3352 1494 3443 1547 τοῦ
3466 1495 3743 1558 Μωῦσὲως

2164 1583 2417 1654 φανερόν·
2473 1581 2632 1654 μόνος
2664 1580 2797 1650 γοῦν
2824 1579 3010 1649 ῐσχυσε
3047 1578 3219 1649 δῆμον
3250 1575 3513 1630 τοσοῦτον
3548 1594 3742 1649 παραι-

2164 1663 2453 1736 τήσασθαι.
2502 1661 2645 1732 Ἐγὼ
2672 1663 2730 1716 δὲ
2760 1661 2854 1716 καὶ
2886 1661 3073 1732 ἕτερον
3096 1656 3279 1729 μεῖζον
3304 1659 3414 1729 ἔχω
3433 1660 3541 1731 τῆς
3564 1660 3741 1727 φιλαν-

2165 1746 2413 1819 θρωπίας
2442 1746 2538 1800 τοῦ
2562 1745 2701 1799 Θεοῦ
2729 1746 2931 1814 δεῖγμα
2962 1745 3157 1797 εἰπεῖν.
3194 1744 3365 1796 Ὀταν
3384 1744 3500 1814 γὰρ
3544 1742 3744 1808 ζῶντας

2164 1829 2487 1901 ἀνθρώπους
2511 1828 2606 1882 καὶ
2634 1828 2949 1898 παρρησίαν
2977 1825 3199 1897 ἔχοντας
3234 1826 3308 1896 μὴ
3343 1824 3484 1896 εὕρῃ
3520 1825 3745 1897 δυναμέ-

2165 1929 2290 1977 νους
2320 1910 2711 1981 ἐξαιτήσασθαι
2748 1911 2874 1974 τοὺς
2908 1910 3319 1982 ἡμαρτηκότας,
3365 1910 3461 1963 ἐπὶ
3511 1910 3648 1974 τοὺς
3677 1928 3746 1963 τεο

2162 1994 2529 2066 λευτήσαντας
2583 1991 2953 2062 καταφεύγει,
3011 1994 3105 2046 καὶ
3161 1992 3230 2045 δι’
3287 1993 3542 2057 ἐκείνους
3586 1995 3743 2063 φησιν

2163 2078 2384 2147 ἀφιέναι
2405 2076 2474 2130 τά
2502 2077 2900 2148 ἁμαρτήματα,
2931 2076 3121 2148 ὥσπερ
3146 2071 3239 2131 οῦν
3277 2076 3354 2147 τῷ
3393 2077 3627 2149 Ἐζεκίᾳ
3653 2096 3744 2148 φη-

2166 2162 2274 2215 σίν·
2321 2158 2703 2229 ’Υπερασπιῶ
2730 2158 2841 2227 τῆς
2873 2160 3107 2224 πόλεως
3134 2160 3355 2227 ταύτης
3377 2159 3454 2213 δι’
3495 2160 3630 2231 ἐμὲ,
3659 2161 3747 2214 καί

2163 2243 2263 2299 διὰ
2281 2244 2466 2298 Δαυὶδ
2491 2243 2598 2297 τὸν
2621 2241 2804 2296 παῖδά
2818 2259 2958 2314 μου,
2984 2243 3091 2296 τὸν
3116 2241 3233 2311 ἤδη
3254 2244 3743 2312 τετελευτηκότα.

2165 2326 2331 2382 Ταῦτ’
2366 2323 2459 2381 οὖν
2488 2327 2689 2391 εἰδότες
2721 2326 2804 2379 ὅτι
2833 2325 3011 2379 πάντα
3042 2329 3181 2379 κινεῖ
3209 2326 3304 2380 καὶ
3347 2326 3749 2397 πραγματεύεο

2162 2427 2253 2465 ται
2281 2412 2309 2465 ὁ
2334 2410 2488 2475 Θεὸς,
2521 2409 2661 2464 ὥστε
2691 2410 2840 2481 ἡμᾶς
2878 2410 3187 2477 ἀπαλλάξαι
3222 2410 3505 2476 κολάσεως
3536 2413 3639 2466 καὶ
3674 2430 3747 2466 τι·

2168 2493 2397 2565 μωρίας,
2419 2491 2615 2555 πολλάς
2633 2491 2961 2564 παρέχωμεν
2982 2491 3130 2562 αὐτῷ
3148 2490 3248 2556 τὰς
3267 2493 3743 2565 ἀφορμὰς,ἐξομο-

2164 2575 2506 2646 λογούμενοι,
2572 2574 2982 2646 μετανοοῦντες,
3033 2574 3379 2647 δακρύοντες,
3431 2577 3743 2648 εὐχόμενοι,

2163 2661 2276 2723 τοῖς
2306 2658 2532 2729 πλησίον
2565 2657 2666 2729 τὴν
2712 2657 2883 2728 ὀργὴν
2934 2656 3189 2725 ἀφιέντες
3210 2700 3224 2722 ,
3277 2657 3378 2728 τὴν
3422 2659 3539 2711 τῶν
3584 2659 3747 2722 πέλας

2166 2740 2357 2795 πενίαν
2382 2738 2793 2811 διορθούμενοι,
2842 2741 2900 2792 ἐν
2938 2742 3057 2804 ταῖς
3097 2739 3284 2809 εὐχαῖς
3315 2741 3615 2811 νήφοντες,
3656 2759 3746 2795 τα-

2165 2820 2595 2894 πεινοφροσύνην
2644 2820 3113 2893 ἐπιδεικνύμενοι,
3161 2822 3272 2877 τῶν
3329 2823 3747 2896 ἁμαρτημάτων

2169 2906 2508 2979 μεμνημένοι
2537 2904 2797 2976 συνεχῶς.

2240 2989 2315 3045 Οὐ
2350 2988 2460 3062 γὰρ
2487 2990 2649 3060 ἀρκεῖ
2667 2988 2729 3042 τὺ
2763 2990 2958 3054 εἰπεῖν,
2985 2989 3068 3044 δτι
3099 2990 3421 3063 ἁμαρτωλός
3450 2993 3596 3062 εἰμι,
3621 2992 3748 3047 ἀλλὰ

2170 3073 2368 3129 δεῖκαὶ
2403 3072 2522 3127 κατ’
2561 3068 2699 3136 εἶδος
2726 3070 2905 3126 αὐτῶν
2932 3072 3240 3145 μεμνῆσθαι
3271 3074 3382 3127 τῶν
3412 3075 3529 3147 πλη
3538 3076 3744 3147 μμελη-

2174 3158 2379 3228 μάτων.
2432 3154 2701 3225 Καθάπερ
2745 3154 2856 3226 γάρ
2910 3154 3024 3228 πῦρ
3075 3155 3155 3218 είς
3204 3156 3451 3221 ἀκάνθας
3510 3160 3747 3228 ἐμπεσὸν

2170 3239 2421 3309 ἀφανίζει
2452 3237 2650 3311 ῥαδίως
2680 3237 2873 3302 αὑτὰς,
2899 3236 3043 3292 οὕτω
3072 3238 3167 3292 καὶ
3198 3237 3464 3310 λογισμὸς
3513 3241 3744 3313 συνεχῶς

2168 3323 2303 3395 παρ’
2329 3322 2508 3392 ἐαυτῷ
2550 3321 2928 3393 περιστρέφων
2960 3321 3028 3375 τὰ
3055 3321 3584 3394 πεπλημμελημένα
3605 3366 3621 3389 ,
3659 3328 3750 3396 ρᾳ.

2166 3405 2295 3470 δίως
2322 3404 2462 3459 αὐτὰ
2490 3403 2750 3460 ἀπόλλυσι
2776 3404 2870 3457 καὶ¹
2894 3402 3170 3457 καταδύει.
3207 3404 3265 3458 Ὁ
3282 3404 3340 3458 δὲ
3362 3405 3505 3470 Θεὸς
3534 3409 3564 3460 ό
3585 3408 3749 3479 ὑπερ-

2168 3489 2367 3544 ϐαίνων
2392 3488 2641 3560 ἀνομίας,
2672 3486 2901 3558 ἐξαίρων
2936 3487 3171 3553 ἀδικίας,
3199 3490 3294 3542 καὶ
3321 3488 3432 3543 τῶν
3462 3491 3750 3563 ἁμαρτιῶν

2166 3574 2317 3643 ἡμᾶς
2359 3571 2710 3639 ἀπαλλάξειε,
2755 3571 2849 3625 καὶ
2894 3572 2994 3642 τῆς
3036 3569 3310 3640 βασιλείας
3355 3572 3473 3626 τῶν
3507 3574 3749 3645 οὐρανῶν

2172 3654 2445 3720 ἀξιώσειε,
2478 3655 2660 3726 χάριτι
2686 3654 2781 3707 καὶ
2809 3653 3190 3724 φιλανθρωπία
3223 3653 3319 3707 τοῦ
3354 3656 3572 3727 Κυρίου
3602 3657 3748 3727 ήμῶν

2188 3737 2361 3808 Ἰησοῦ
2395 3737 2651 3809 Χριστοῦ.
2684 3736 2751 3789 δι’
2795 3729 2855 3790 οῦ
2886 3736 2978 3789 καὶ
3021 3735 3139 3806 μεθ’
3169 3729 3228 3789 οὗ
3260 3736 3340 3808 τῷ
3378 3739 3563 3810 Πατρι
3592 3739 3746 3805 δόξα,

2176 3821 2292 3891 ἅμα
2320 3819 2398 3892 τῷ
2444 3822 2582 3892 ἁγίῳ
2612 3819 2909 3890 Πνεύματι,
2950 3819 3044 3873 νῦν
3086 3819 3182 3874 καὶ
3224 3820 3345 3887 ἀεὶ,
3375 3822 3474 3875 καὶ
3510 3824 3594 3885 είς
3630 3825 3748 3888 me;

2175 3903 2378 3967 αἰῶνας
2397 3904 2506 3958 τῶν
2532 3902 2762 3958 αἰώνων.
2802 3902 2997 3973 Ἀμήν.

2323 4062 2686 4077 ημ-Ω--ῌ

2375 4061 3724 4097 W

1940 4230 2293 4291 MONITUM

555 4418 708 4475 lianc
736 4419 1121 4476 brevissimam
1155 4422 1457 4487 bomiliam,
1487 4437 1611 4478 cum
1641 4437 1748 4478 non
1796 4421 2141 4478 commodior
2166 4431 2419 4493 suppetat
2450 4423 2626 4487 locus,
2666 4423 3054 4495 subiungimus
3093 4425 3357 4495 homilize,
3382 4406 3498 4482 'eui
3553 4428 3756 4494 tituies,

487 4530 609 4589 Non
660 4548 772 4587 esse
797 4532 867 4589 ad
905 4535 1137 4604 gratiam
1172 4532 1615 4600 concionandum,
1651 4536 1843 4591 eodem
1894 4536 2106 4593 scilicet
2137 4534 2268 4599 situ,
2298 4551 2411 4605 quo
2460 4537 2514 4591 in
2548 4537 2788 4594 editione
2819 4538 3112 4595 Frontonis
3138 4538 3345 4595 Ducti.
3385 4539 3751 4613 Suspicamnr

483 4650 711 4722 quidam
740 4649 843 4704 viri
864 4649 1031 4713 doeti,
1068 4657 1180 4704 tum
1208 4664 1275 4707 ex
1298 4651 1582 4716 brevitate,
1619 4660 1734 4707 tum
1758 4668 1825 4707 ex
1851 4653 2102 4710 ordiendi
2124 4654 2311 4718 modo,
2341 4669 2460 4710 eam
2488 4655 2644 4709 initio
2672 4669 2796 4711 esse
2820 4655 3091 4710 mutilam.
3127 4655 3199 4709 At
3230 4669 3296 4710 ex
3327 4656 3611 4712 brevitate
3637 4656 3752 4726 qui-

485 4763 609 4817 dem
644 4760 781 4814 nihil
812 4758 1014 4815 inferre
1045 4775 1360 4830 possumus,
1391 4761 1831 4833 quandoquidem
1866 4778 1934 4819 ex
1959 4765 2314 4823 concionibus
2346 4767 2687 4838 panegyricis
2715 4768 2771 4823 in
2826 4767 3056 4824 Sanctos
3095 4767 3216 4825 alia:
3253 4767 3501 4838 proferri
3530 4778 3755 4840 possunt

488 4879 593 4935 bac
626 4877 935 4946 breviores,
967 4893 1090 4950 qua:
1134 4887 1311 4935 tamen
1343 4889 1474 4935 sunt
1507 4880 1764 4936 omnibus
1781 4888 1835 4936 et
1874 4883 2117 4939 numeris
2145 4893 2201 4939 et
2229 4884 2477 4953 partibus
2509 4884 2626 4940 suis
2653 4884 2939 4941 absolutae.
2974 4883 3052 4939 Ex
3079 4885 3331 4941 ordicndi
3363 4895 3555 4944 autem
3599 4886 3755 4942 modo

489 5007 600 5049 non
630 4991 800 5061 liquet
826 4990 959 5047 mihi
990 5007 1060 5047 an
1101 4992 1283 5065 aliqua
1310 4993 1714 5051 desint-initio.
1751 4993 1820 5050 Ut
1850 5010 1983 5052 vero
2008 5004 2177 5067 patet,
2220 4997 2335 5052 haec
2360 4996 2580 5051 homilia
2615 4997 2669 5053 in
2719 5014 2850 5070 agro
2888 4997 3235 5055 Antiochcno
3265 4999 3465 5058 habita
3513 5011 3620 5067 est,
3653 5017 3757 5073 quo

1872 5157 3733 5189 ________________________________

1475 5319 1645 5405 ΕΙΣ
1719 5320 2287 5408 ΜΑΡΤΥΡΑΣ
2354 5323 2775 5410 ΟΜΙΛΙΑ.

572 5687 638 5740 Δί
661 5685 770 5741 τῶν
815 5687 1104 5760 μαρτύρων
1144 5688 1327 5757 ἑορταὶ
1370 5691 1469 5745 οὐκ
1510 5692 1567 5745 ὲν
1600 5696 1665 5762 τῇ
1697 5691 1927 5763 περιόδῳ
1954 5692 2056 5743 τῶν

501 5765 723 5837 ἡμερῶν
755 5771 933 5838 μόνον,
980 5768 1115 5824 ἀλλὰ
1156 5771 1245 5822 καὶ
1290 5773 1353 5842 τῇ
1394 5772 1585 5844 γνώμῃ
1616 5776 1718 5830 τῶν
1753 5774 2058 5829 ἐπιτελούν-

2166 5708 2271 5746 των
2302 5693 2593 5762 κρίνονται.
2645 5692 2769 5749 Οἷόν
2825 5713 2876 5749 τι
2912 5694 3074 5763 λέγω·
3130 5699 3403 5771 ἐμιμήσω
3449 5703 3727 5775 μάρτυρα;

2171 5776 2447 5846 ἐζήλωσας
2490 5779 2650 5832 αὑτοῦ
2690 5779 2785 5849 τὴν
2826 5780 3052 5851 ἀρετήν;
3098 5784 3216 5834 κατ’
3257 5784 3405 5854 ἴχνος
3448 5788 3605 5841 αὐτῷ
3642 5788 3731 5853 τῆς
