3860 6286
137 370 249 426 661

132 461 478 517 Clementem
509 458 785 515 Dominum
814 457 1069 513 habemus
1102 475 1113 509 :
1144 455 1478 512 occasionem
1524 464 1725 510 tantum

132 551 388 622 arripere
436 551 574 615 vult,
602 561 655 605 et
680 565 892 605 onmem
942 547 1216 603 confestim
1247 545 1461 603 exhibet
1487 545 1727 601 humani-

132 651 330 696 tatem.
362 642 418 697 Si
450 642 590 697 enim
617 655 734 695 cum
762 656 1042 708 peccamus
1072 649 1122 694 et
1152 639 1394 708 impuniti
1432 653 1726 701 manemus,

130 733 443 789 deteriores
469 749 573 788 non
601 733 866 795 lieremus,
897 731 1082 786 saltem
1112 731 1265 785 nobis
1292 745 1501 800 pmnam
1544 729 1728 783 remit-

133 833 316 890 teret;
348 824 440 881 sed
470 823 571 879 hoc
601 824 764 894 probe
802 823 968 890 novit,
1000 833 1106 876 non
1151 821 1324 875 minus
1369 819 1548 875 damni
1578 819 1732 874 nobis

132 925 486 983 peccatorum
514 915 898 985 impunitatem,
922 927 1078 984 quam
1118 913 1340 982 ipsamet
1368 909 1559 966 alierre
1601 923 1726 980 pec-

135 1015 280 1059 cata.
315 1007 605 1076 Propterea
651 1006 964 1075 supplicium
1005 1003 1181 1067 infert,
1216 1017 1322 1057 non
1350 1008 1408 1055 ut
1431 1001 1726 1070 praeterito-

132 1112 261 1150 rum
288 1111 476 1167 pcenas
499 1097 696 1168 exigat,
729 1095 822 1150 sed
851 1107 907 1150 ut
927 1097 977 1148 in
1005 1096 1238 1148 futurum
1267 1091 1534 1148 emendet.
1560 1091 1731 1160 Atque

133 1194 199 1239 ut
235 1188 338 1242 hoc
382 1203 567 1243 verum
615 1202 736 1242 esse
776 1186 1008 1251 noveris,
1060 1185 1181 1239 audi
1219 1182 1346 1254 quid
1392 1182 1458 1236 ad
1497 1181 1730 1252 Moysem

134 1275 294 1332 dicat
341 1277 483 1332 Deus
511 1295 523 1330 :
553 1276 765 1330 Dimitte
789 1293 886 1343 me,
914 1287 959 1329 et
987 1275 1276 1345 indignatus
1302 1275 1382 1328 ira
1413 1281 1625 1327 atteram
1649 1287 1732 1325 eos

135 1365 347 1439 (Exod.
373 1369 462 1423 32.
487 1367 596 1437 l0).
631 1367 845 1422 Dimitte
872 1381 981 1428 mc,
1009 1367 1237 1430 dicebat,
1272 1379 1376 1419 non
1425 1363 1564 1432 quod
1607 1376 1731 1416 eum

133 1456 358 1528 Moyses
387 1459 677 1513 retineret:
707 1456 834 1512 nihil
861 1457 1004 1512 enim
1028 1456 1091 1511 ad
1120 1457 1292 1526 ipsum
1318 1454 1566 1524 loquutus
1595 1461 1727 1518 erat,

135 1547 243 1601 sed
294 1549 485 1602 tacitus
533 1561 712 1601 coram
734 1559 800 1599 eo
823 1547 1028 1611 stabat;
1074 1559 1260 1601 verum
1303 1544 1634 1600 occasionem
1681 1542 1731 1597 ei

133 1637 392 1706 prtebere
434 1637 646 1692 volebat
688 1651 786 1706 pro
828 1637 929 1690 illis
975 1635 1182 1690 orandi.
1225 1633 1355 1688 Nam
1382 1632 1627 1705 quoniam
1654 1631 1732 1688 illi

136 1728 413 1798 supplicio
455 1728 614 1799 digna
653 1737 866 1798 peccata
911 1727 1324 1792 commiserant,
1374 1735 1430 1782 et
1472 1727 1734 1796 supplicio

139 1818 464 1885 inevitabili,
493 1833 592 1874 nec
621 1827 798 1874 tamen
827 1818 947 1872 illos
977 1817 1187 1873 volebat
1209 1817 1411 1887 punire,
1431 1817 1526 1873 sed
1544 1817 1733 1872 buma-

137 1907 371 1962 nitatcm
402 1909 454 1962 in
483 1922 580 1962 eos
603 1919 872 1974 exercere,
892 1907 993 1961 hoc
1017 1922 1144 1962 vero
1169 1906 1442 1978 segniores
1467 1909 1585 1963 illos
1605 1908 1731 1964 red-

137 1997 312 2054 debat
341 2016 355 2053 :
389 2008 672 2069 utrumque
699 1999 1000 2069 prmstabat,
1023 2007 1082 2052 ut
1121 2012 1292 2068 neque
1316 1998 1628 2068 supplicium
1653 1999 1733 2054 ἰιιο

139 2088 398 2157 ferretur,
420 2105 517 2146 nec
537 2090 828 2146 deteriores
860 2090 1170 2160 impunitate
1198 2089 1274 2145 illi
1291 2089 1496 2156 ﬁerent,
1515 2102 1634 2146 cum
1653 2091 1736 2145 in-

138 2180 470 2251 telligerent,
518 2196 578 2238 se
612 2189 718 2237 nan
759 2198 858 2237 suo
898 2182 1107 2249 merito,
1139 2182 1235 2237 sed
1283 2191 1498 2252 propter
1536 2183 1734 2254 Moysis

134 2272 504 2340 patrocian
551 2272 684 2328 iram
731 2273 940 2329 Domini
981 2274 1228 2329 evitasse.
1273 2274 1386 2331 Hoc
1431 2289 1530 2330 nos
1573 2276 1733 2331 etiam

138 2375 522 2431 saepenumero
547 2363 790 2429 facimus,
806 2363 935 2418 dum
956 2379 1141 2420 servos
1155 2365 1244 2435 qui
1267 2365 1734 2423 animadversione

135 2451 306 2522 digna
351 2454 542 2510 delicta
581 2456 966 2523 commiserint,
1014 2471 1186 2526 neque
1226 2457 1414 2526 punire
1456 2457 1730 2525 volumus,

138 2558 324 2613 neque
359 2559 634 2613 pinnarum
661 2555 805 2602 metu
832 2546 1081 2614 liberare,
1107 2548 1291 2602 amicis
1316 2548 1656 2618 iniungimus,
1677 2558 1735 2604 ut

136 2649 171 2689 e
208 2637 454 2691 manibus
496 2637 693 2693 nostris
738 2653 834 2692 eos
880 2639 1128 2708 eripiant,
1172 2649 1232 2694 ut
1277 2647 1332 2695 et
1372 2647 1546 2695 metus
1574 2641 1625 2695 in
1655 2642 1734 2697 eis

136 2741 304 2796 aeque
329 2729 619 2783 vehemens
657 2737 887 2795 maneat,
920 2739 975 2784 et
993 2731 1173 2799 plagas
1199 2745 1231 2785 a
1256 2730 1410 2785 nobis
1434 2730 1734 2787 inferendas

134 2819 418 2891 effugiant.
451 2821 580 2876 Tale
605 2821 731 2892 quid
771 2823 928 2878 etiam
955 2822 1097 2877 Deus
1140 2822 1385 2892 praestitit
1412 2839 1426 2877 :
1455 2823 1614 2892 idque
1639 2838 1732 2878 ve-

136 2927 269 2966 rum
299 2926 437 2979 esse,
459 2912 626 2982 ipsius
652 2920 860 2968 constat
884 2927 951 2967 ex
978 2913 1176 2978 verbis,
1194 2911 1402 2966 Dimitte
1425 2928 1523 2980 me,
1544 2912 1732 2982 inquit,

135 3013 190 3059 et
223 3003 516 3073 indignatus
540 3006 640 3058 ira.
673 3004 834 3074 Atqui
859 3019 957 3060 nos
981 3019 1102 3060 cum
1129 3019 1315 3074 pinnas
1346 3018 1559 3060 sumere
1585 3004 1737 3060 volu-

137 3110 292 3160 mus,
320 3103 374 3150 et
400 3109 558 3152 nemo
592 3097 869 3164 permittit,
899 3104 1008 3150 tum
1035 3095 1295 3165 indignari
1324 3095 1589 3160 solemus;
1621 3094 1736 3166 ipse

136 3199 280 3240 vero
328 3184 479 3251 dicit,
506 3185 742 3251 Dimitte,
771 3193 826 3241 et
853 3185 1168 3256 indignabor
1209 3186 1287 3240 ira
1315 3201 1328 3238 :
1357 3192 1416 3240 ut
1444 3184 1730 3255 intelligas,

138 3276 285 3329 iram
311 3275 364 3328 in
383 3275 493 3330 Deo
521 3275 972 3347 perturbationem
992 3290 1096 3330 non
1120 3290 1259 3339 esse,
1283 3275 1378 3331 sed
1397 3275 1732 3345 supplicium,

137 3379 256 3433 quo
284 3379 383 3420 nos
405 3364 590 3432 afﬁcit,
624 3368 723 3420 hac
748 3365 1102 3435 appellatione
1121 3364 1408 3435 designari.
1424 3362 1557 3419 Cum
1577 3365 1736 3435 igitur

139 3455 386 3527 Moysem
403 3457 669 3513 dicentem
711 3457 978 3513 audiveris
1020 3474 1034 3512 :
1076 3456 1140 3512 Si
1179 3457 1381 3527 quidem
1419 3457 1627 3510 remittis
1665 3456 1734 3510 eis

140 3556 428 3616 peccatum,
451 3549 644 3602 remitte
673 3547 866 3620 (Exod.
890 3548 979 3603 '52.
1001 3547 1091 3617 5i)
1116 3565 1129 3601 :
1150 3548 1297 3619 prius
1315 3563 1473 3619 quam
1501 3563 1735 3614 servum,

146 3638 441 3692 Dominum
468 3638 686 3706 mirare,
713 3639 854 3709 quod
879 3639 1034 3710 hujus
1063 3640 1177 3710 ipse
1200 3640 1536 3710 benignitatis
1577 3653 1735 3694 occa-

1329 362 1600 421 llOMlLlA
1640 364 1704 419 LV
1745 365 2139 422 MARTYRES.

3308 373 3411 429 662

1837 456 2006 526 ipsum
2031 458 2260 525 loquitur
2288 475 2300 511 :
2327 457 2732 524 Circumcurrite,
2767 468 2812 512 et
2839 460 2993 512 videte
3019 460 3070 512 in
3103 461 3191 514 viis
3213 461 3416 519 Jerusa-

1835 547 1951 613 lem,
1985 550 2027 602 si
2054 559 2127 603 est
2151 550 2336 620 aliquis
2380 551 2566 622 faciens
2597 551 2840 621 iudicium
2867 561 2911 605 et
2929 553 3204 621 justitiam,
3236 563 3280 607 et
3303 571 3422 623 pro-

1837 638 1991 708 pitius
2029 656 2112 694 cro
2156 641 2200 693 ei
2252 639 2382 709 (Jcr.
2416 640 2469 695 5.
2500 641 2574 711 1).
2611 639 2767 695 Vides
2811 640 3221 710 benignitatem?
3256 643 3421 699 Unius

1836 729 2027 782 virtute
2070 728 2220 784 multi
2269 731 2426 786 etiam
2471 733 2613 801 pravi
2667 732 2822 786 simul
2869 731 3113 787 fruuntur
3143 753 3155 786 :
3183 743 3237 788 at
3266 735 3309 789 si
3337 737 3420 790 vel

1835 837 1971 876 unus
1995 822 2154 878 fuerit
2195 824 2386 879 virtute
2430 825 2678 893 prmditus
2723 839 2842 878 cum
2893 838 3176 878 numeroso
3223 825 3421 894 populo

1838 911 2054 978 mixtus,
2085 928 2190 966 non
2215 913 2474 982 abripitur
2495 913 2683 979 simul;
2713 913 2803 968 sed
2835 913 2997 968 homo
3017 913 3228 982 quidem
3253 929 3412 978 unus,

1838 1005 1929 1074 qui
1957 1015 2100 1060 recte
2129 1007 2288 1072 vivat,
2309 1007 2566 1076 integrum
2600 1007 2846 1075 p0pulum
2874 1007 3079 1075 eripere
3107 1007 3301 1075 poterit
3323 1006 3415 1062 irte

1839 1095 2054 1162 divinae,
2080 1096 2173 1150 sed
2201 1095 2401 1167 integra
2432 1097 2616 1151 civitas
2661 1096 2944 1165 depravata
2984 1095 3252 1150 hominem
3297 1096 3421 1151 vitae

1836 1186 2012 1255 proba:
2032 1186 2097 1240 ad
2127 1187 2431 1242 societatem
2457 1202 2625 1256 paenae
2646 1201 2708 1241 ac
2727 1187 2967 1256 supplicii
2997 1187 3080 1241 sui
3109 1185 3418 1255 pertrahere

1835 1292 1942 1331 non
1984 1278 2196 1346 poterit,
2229 1291 2290 1332 ac
2336 1277 2494 1331 simul
2539 1277 2784 1348 perdere.
2833 1279 3008 1347 Atque
3053 1277 3154 1332 hoc
3198 1293 3265 1332 ex
3307 1277 3418 1331 Noe

1835 1365 1998 1436 liquet
2026 1383 2039 1420 :
2068 1367 2160 1438 qui
2189 1365 2531 1436 pereuntibus
2561 1365 2764 1421 cunctis
2805 1366 2949 1420 solus
2995 1367 3176 1420 salvus
3216 1366 3418 1431 evasit;

1835 1467 1992 1530 atque
2015 1475 2082 1515 ex
2108 1461 2222 1530 ipso
2248 1459 2429 1530 Moyse
2456 1467 2621 1528 patet,
2639 1458 2727 1528 qui
2749 1458 2891 1513 solus
2914 1459 3123 1512 veniam
3150 1467 3294 1512 tanto
3321 1472 3421 1526 po-

1835 1549 1960 1618 pulo
2003 1549 2168 1604 valuit
2215 1549 2520 1620 impetrare.
2570 1548 2681 1618 Ego
2729 1563 2856 1602 vero
2912 1551 3127 1617 poséum
3171 1557 3226 1602 et
3274 1547 3418 1602 aliud

1836 1639 2001 1694 multo
2031 1639 2200 1709 majus
2243 1639 2438 1694 divina:
2485 1638 2823 1708 benignitatis
2865 1637 3114 1692 indicium
3156 1638 3418 1707 proferre.

1837 1731 1970 1785 Cum
1996 1731 2137 1785 enim
2171 1731 2414 1786 homines
2442 1731 2699 1797 viVentes,
2729 1741 2781 1784 et
2807 1729 2895 1799 qui
2917 1720 3084 1800 gratia
3131 1729 3338 1784 valeant
3358 1743 3420 1782 ac

1838 1823 2047 1888 fiducia,
2079 1838 2184 1878 non
2213 1824 2431 1885 invenit,
2463 1822 2549 1892 qui
2573 1821 2774 1890 peccati
2804 1835 2924 1876 reos
2963 1821 3172 1890 possint
3212 1820 3420 1889 pericu-

1841 1913 1904 1968 lis
1933 1914 2178 1978 liberare,
2210 1913 2275 1968 ad
2301 1914 2404 1968 vita
2431 1913 2640 1967 functos
2668 1911 2921 1982 confugit,
2954 1920 3008 1966 et
3037 1919 3254 1981 propter
3299 1911 3436 1965 illos‘

1839 2003 1910 2057 ait
1937 2017 1994 2058 se
2035 2002 2226 2058 delicta
2271 2002 2555 2068 dimittere,
2601 2000 3046 2072 quemadmodum
3085 2009 3141 2057 et
3181 1995 3421 2056 Ezechize

1837 2093 1972 2149 dixit
2002 2112 2014 2148 :
2049 2095 2318 2166 Protegam
2362 2095 2532 2148 urbem
2569 2093 2719 2148 istam
2763 2103 2964 2164 propter
3006 2108 3105 2158 me,
3138 2102 3184 2146 et
3213 2101 3417 2162 propter

1837 2184 2002 2239 David
2042 2203 2239 2240 servum
2268 2202 2432 2239 meum
2462 2185 2537 2256 (4.
2565 2183 2690 2254 Reg.
2707 2183 2798 2238 20.
2831 2182 2910 2253 6),
2936 2181 3025 2253 qui
3046 2182 3155 2252 jam
3182 2190 3422 2236 mortuus

1835 2286 1968 2333 erat.
1999 2277 2132 2333 Cum
2161 2277 2318 2347 igitur
2337 2276 2451 2331 haec
2493 2275 2644 2331 nobis
2667 2275 2937 2344 explorata
2958 2274 3083 2339 sint,
3109 2269 3274 2326 Deum
3303 2286 3420 2326 om-

1836 2371 1922 2425 nia
1948 2384 2163 2425 movere
2187 2384 2250 2425 ac
2276 2367 2471 2434 moliri,
2505 2378 2560 2423 ut
2587 2381 2684 2422 nos
2709 2366 2881 2437 pmnis
2906 2380 2969 2420 ac
2995 2363 3254 2434 supplicio
3285 2363 3416 2417 libe-

1835 2469 1939 2524 ret,
1989 2460 2182 2515 multas
2226 2461 2532 2515 occasiones
2577 2459 2653 2514 illi
2691 2458 3038 2528 praebeamus,
3088 2453 3422 2522 confitentes,

1836 2552 2201 2622 pmnitentiam
2245 2563 2484 2622 agentes,
2536 2550 2795 2621 lacrymas
2836 2547 3151 2612 fundentes,
3181 2556 3413 2610 orantes,

1838 2644 1967 2699 iram
1999 2643 2252 2713 proximis
2289 2635 2633 2707 dimittentes,
2663 2640 3083 2710 propinquorum
3130 2644 3420 2706 egestatem

1837 2733 2210 2798 sublevantes,
2248 2733 2302 2786 in
2346 2730 2672 2786 orationibus
2715 2729 2993 2801 vigilantes
3017 2770 3030 2793 ,
3067 2727 3416 2782 humilitatem

1837 2825 2168 2891 exhibentes,
2193 2833 2526 2894 peccatorum
2555 2821 2767 2877 assidue
2793 2821 3150 2876 recordantes.

1911 2914 2132 2970 Peccata
2170 2914 2462 2984 singulatim
2487 2911 2834 2981 exprimenda.
2860 2940 2933 2949 —
2957 2907 3070 2963 Non
3100 2909 3239 2962 enim
3268 2905 3415 2961 suffi-

1843 3009 1919 3062 cit
1945 3006 2144 3069 dicere,
2174 3005 2428 3060 Peccator
2454 3018 2592 3068 sum,
2621 3002 2716 3057 sed
2735 3009 2788 3056 et
2812 3000 3032 3071 singulae
3052 3009 3173 3054 sunt
3202 2998 3426 3054 delicto-

1843 3111 1961 3150 rum
1993 3094 2199 3165 Species
2242 3092 2617 3162 cxprimendac.
2668 3090 2734 3146 Ut
2761 3090 2901 3144 enim
2928 3089 2976 3143 si
3003 3088 3056 3143 in
3081 3089 3260 3157 Spinas
3287 3077 3422 3158 ignis

1840 3186 2108 3253 inciderit,
2142 3184 2296 3239 facile
2325 3183 2442 3238 illas
2459 3181 2762 3237 consumit:
2794 3182 2871 3235 sic
2895 3180 3054 3235 etiam
3103 3189 3254 3233 mens
3303 3195 3422 3248 qua:

1839 3278 2031 3335 delicta
2051 3292 2145 3333 sua
2168 3278 2474 3346 frequenter
2493 3275 2634 3343 apud
2664 3285 2723 3329 se
2740 3281 2935 3339 versat,
2963 3265 3119 3326 facile
3141 3270 3226 3324 illa
3248 3270 3420 3340 perdit

1839 3385 1902 3426 ac
1929 3367 2210 3438 demergit,
2239 3367 2379 3423 Deus
2408 3373 2585 3420 autem
2625 3364 2713 3435 qui
2745 3353 3071 3419 transcendit
3093 3360 3416 3432 iniquitates.

1839 3470 1895 3516 et
1909 3462 2077 3515 aufert
2096 3458 2397 3529 injustitias,
2427 3471 2526 3511 nos
2543 3465 2598 3512 et
2625 3470 2656 3509 a
2678 3454 2912 3526 peccatis
2940 3453 3148 3517 liberet,
3179 3461 3234 3507 et
3261 3451 3420 3506 casio-

1840 3568 1959 3607 rum
1988 3565 2152 3622 regno
2177 3551 2361 3616 donet,
2391 3548 2556 3618 gratia
2582 3555 2636 3603 et
2663 3546 2989 3616 benignitate
3017 3544 3227 3599 Domini
3253 3543 3421 3596 nostri

1847 3642 1974 3698 Jesu
2003 3640 2222 3702 Christi.
2255 3653 2348 3709 per
2373 3653 2528 3708 quem
2559 3645 2613 3691 et
2649 3651 2770 3691 cum
2792 3647 2896 3705 quo
2917 3629 3060 3689 Patri
3103 3632 3291 3703 gloria,
3318 3646 3421 3684 una

142 3727 361 3780 sionem
411 3728 488 3781 illi
532 3730 851 3798 praebuerit.
897 3729 1078 3800 Neque
1123 3745 1250 3786 vero
1290 3739 1492 3785 tantum
1534 3729 1589 3784 id
1635 3729 1742 3784 hoc-

145 3817 274 3870 loeo
317 3815 462 3883 fecit,
492 3819 584 3873 sed
610 3829 662 3873 et
687 3820 753 3874 ad
782 3819 1067 3874 Jcrcmiam
1088 3830 1143 3876 et
1182 3821 1249 3876 ad
1283 3820 1619 3877 Ezechielem
1651 3821 1733 3875 id-

1846 3745 1966 3786 cum
1993 3731 2192 3800 Spiritu
2217 3736 2422 3794 sancto,
2451 3741 2589 3782 nunc
2611 3735 2666 3781 et
2692 3740 2921 3794 semper,
2948 3732 3002 3778 et
3026 3723 3079 3776 in
3101 3722 3291 3777 szecula
3316 3733 3419 3775 sae-

1846 3821 2108 3875 culorum.
2133 3821 2321 3872 Amen.

155 3971 3385 4013 “ww

1185 4167 1289 4228 AD
1337 4166 1768 4227 CONCIONEM
1816 4166 1895 4226 IN
1943 4166 2378 4226 MARTYRES.

141 4383 493 4442 confluebant
527 4397 595 4437 ex
629 4379 847 4437 civitate
873 4381 1066 4449 multi;
1109 4380 1210 4436 sed
1254 4387 1545 4450 postquam
1588 4387 1642 4434 et
1671 4378 1878 4436 cultum
1915 4379 2251 4450 martyribus
2281 4377 2668 4443 exhibuerant,
2704 4388 2758 4434 et
2786 4379 3080 4436 conciones
3109 4382 3416 4448 audierant,

141 4499 215 4556 ad
246 4500 476 4571 popinas
502 4507 557 4553 et
593 4497 1029 4568 computationes
1060 4496 1422 4553 divertebant.
1457 4496 1576 4564 Qua
1615 4496 1683 4553 de
1723 4512 1781 4553 rc
1806 4498 1860 4552 in
1900 4512 1994 4553 eos
2037 4496 2239 4562 acriter
2282 4497 2565 4554 invehitur
2594 4507 2822 4555 sanctus
2867 4497 3079 4553 doctor.
3117 4496 3415 4568 Perpende,

143 4615 350 4686 inquit,
378 4631 537 4684 quam
559 4615 842 4669 ridiculum
871 4617 961 4683 sit,
992 4623 1110 4684 post
1132 4614 1394 4685 ejusmodi
1423 4625 1756 4681 conventum,
1782 4625 1898 4682 post
1930 4615 2162 4687 vigilias,
2193 4625 2310 4686 post
2334 4634 2617 4673 sacrarum
2645 4617 2964 4672 auditionem
2994 4614 3415 4686 Scripturarum,

141 4744 264 4804 post
294 4733 597 4791 divinorum
631 4739 1092 4808 participationem
1117 4739 1510 4808 mysteriorum,
1547 4746 1596 4792 et
1619 4747 1738 4806 post
1763 4739 2099 4808 spiritualem
2129 4740 2492 4812 largitionem,
2516 4739 2686 4792 virum
2717 4748 2811 4794 aut
2835 4739 3111 4793 mulierem
3144 4745 3280 4793 totos
3309 4735 3420 4791 dies

145 4851 203 4906 in
238 4849 447 4918 popinis
485 4853 834 4923 transigentes
865 4853 1052 4908 videri.

219 4967 604 5036 lnterprctatio
629 4965 820 5022 Latina
855 4977 938 5024 est
970 4966 1265 5024 Frontonis
1298 4968 1502 5025 Ducaei.

1063 5377 1178 5450 IN
1237 5373 1827 5447 MARTYRES
1875 5367 2340 5444 HOMILIA
2386 5357 2495 5442 (α).

1543 5515 1788 5557 -α-ΘΘ

1795 5523 1953 5538 ἡ*

1807 5605 1979 5659 schola
2004 5604 2261 5658 virtutum.
2284 5635 2355 5646 —
2376 5605 2665 5676 Martyrum
2684 5601 2816 5658 festa
2843 5617 2947 5658 non
2966 5616 3036 5658 ex
3057 5601 3264 5657 dierum
3277 5602 3386 5657 cir-

1805 5697 1948 5750 cuitu
1978 5697 2146 5752 solum
2166 5697 2292 5763 ,sed
2318 5697 2478 5752 etiam
2499 5711 2565 5753 ex
2597 5711 2781 5752 eorum
2805 5695 3017 5763 animo,
3035 5693 3122 5764 qui
3151 5707 3213 5748 ea
3243 5694 3381 5748 cele-

1802 5788 1973 5858 brant,
1992 5790 2336 5851 aestimantur.
2360 5788 2601 5860 Exempli
2623 5803 2780 5845 causa
2809 5787 3144 5842 :imitatuses
3173 5794 3369 5858 marty-
3457 5821 3476 5831 ρ

191 5641 450 5710 Martyres
486 5638 785 5691 vere‘colere
812 5633 931 5705 quid
955 5633 1040 5688 sit.
1085 5630 1371 5700 Martyrum
1416 5627 1705 5682 solemnitas

183 5797 258 5860 (α)
289 5794 471 5845 Collata
493 5806 602 5844 cum
617 5794 725 5844 Cod.
750 5792 938 5871 coistin.
965 5805 1010 5840 ο.
1037 5789 1140 5849 195,
1167 5789 1249 5853 qui
1276 5793 1350 5840 est
1368 5793 1438 5837 x1.
1470 5788 1652 5839 sccculi.
