3844 6280
382 314 487 371 663

384 425 791 487 remivirtuten:
811 441 922 495 eius
936 422 1212 479 aemulatus
1228 421 1315 475 es?
1330 415 1677 490 philosophia:
1690 413 1857 483 ipsius
1873 424 1966 461 ve-

386 521 557 591 stigiis
581 520 816 575 institisti
834 519 857 571 ’ἒ
883 517 1039 571 etiam
1059 530 1178 569 cum
1197 514 1384 567 festum
1404 525 1506 564 non
1526 515 1674 564 esset
1699 503 1968 575 martyris,

394 612 735 667 festivitatem
758 606 1006 676 martyris
1022 603 1328 659 celebrasti.
1352 601 1537 656 Honor
1559 598 1754 669 quippe
1770 601 1972 663 marty-

395 720 470 758 rts
493 701 713 756 imitatio
734 707 816 754 est
841 697 1105 768 martyris.
1142 696 1210 751 Ut
1229 694 1368 749 enim
1390 692 1480 762 qui
1505 689 1708 746 scelera
1730 684 1973 742 commit-

393 804 530 857 tunt,
555 794 711 849 etiam
735 790 786 844 in
806 784 1178 844 festivitatibus
1204 786 1320 839 sine
1347 783 1482 839 festo
1508 790 1703 837 suntet
1727 777 1929 850 profani
1957 794 1971 829 :

392 885 471 938 sic
492 884 580 953 qui
598 884 840 936 virtutem
864 888 1148 936 exercent.
1174 878 1334 932 etiam
1358 890 1479 930 cum
1508 874 1649 928 nulla
1674 882 1757 926 est
1776 870 1974 926 solem-

394 978 551 1041 nitas,
581 974 771 1030 festum
793 972 1097 1028 celebrant:
1119 971 1379 1043 siquidem
1394 965 1734 1023 conscientire
1751 962 1978 1032 puritate

396 1068 584 1121 festum
605 1067 938 1134 exprimitur.
970 1065 1081 1118 lloc
1096 1064 1254 1117 etiam
1269 1062 1507 1116 indicans
1530 1059 1721 1112 Paulus
1735 1055 1975 1109 dicebat:

395 1157 576 1227 Itaque
601 1160 779 1229 festum
801 1155 1101 1209 celebremus
1123 1170 1222 1207 non
1248 1154 1302 1206 in
1328 1152 1572 1222 fermento
1599 1148 1751 1202 veteri
1769 1144 1982 1199 malitia:

397 1262 442 1304 et
466 1252 717 1321 nequitiw,
745 1251 833 1305 sed
859 1250 910 1302 in
933 1249 1124 1319 azymis
1148 1246 1449 1301 sinceritatis
1465 1253 1511 1299 et
1531 1242 1748 1297 veritatis
1765 1240 1813 1309 (Ι
1828 1279 1840 1292 .
1859 1237 1978 1293 Cor.

399 1343 451 1396 5.
484 1343 559 1410 8).
587 1340 911 1410 Suutigiturv
929 1353 1114 1410 azyma
1141 1335 1541 1408 apudJudatos,
1590 1342 1712 1387 sunt
1737 1340 1793 1387 et
1843 1326 1982 1397 apud

400 1448 498 1485 nos
525 1450 536 1485 :
564 1447 748 1487 verum
778 1430 916 1499 apud
947 1430 1070 1484 illos
1093 1427 1304 1498 quidem
1332 1440 1576 1499 azymum
1599 1432 1681 1479 est
1705 1438 1769 1476 ex
1816 1419 1981 1474 farina

402 1520 726 1583 confectum,
758 1518 899 1590 apud
920 1533 1016 1573 nos
1037 1528 1211 1573 autem
1240 1519 1360 1572 vita:
1384 1515 1603 1586 puritas,
1661 1523 1714 1568 ct
1764 1524 1989 1565 conver-

402 1613 542 1667 satio
566 1613 634 1667 ab
661 1612 809 1669 omni
830 1611 1064 1682 nequitia
1090 1611 1283 1665 aliena.
1305 1608 1406 1680 Qui
1429 1622 1557 1678 ergo
1572 1607 1639 1661 ab
1663 1606 1805 1660 omni
1829 1601 1987 1658 sorde

405 1719 470 1759 ac
497 1704 701 1759 macula
732 1719 915 1773 puram
938 1703 1100 1758 vitam
1132 1717 1281 1758 suam
1307 1707 1610 1764 conservat,
1645 1694 1880 1767 quotidie
1906 1692 1986 1747 fe-

409 1805 550 1850 stum
578 1796 891 1851 celebratae
914 1796 1327 1860 solemnitatem,
1349 1794 1472 1848 licet
1502 1807 1599 1846 nec
1628 1792 1677 1844 in
1709 1789 1794 1844 die
1823 1787 1988 1842 necin

410 1891 622 1959 templis
644 1897 957 1961 martyrum,
978 1889 1070 1944 sed
1100 1889 1239 1943 domi
1262 1887 1465 1943 sedeat.
1491 1886 1672 1940 Potest
1693 1884 1832 1938 enim
1851 1879 1990 1951 apud

410 1994 470 2034 se
502 1981 864 2051 unusquisque
893 1980 1085 2034 festtnn
1138 1988 1428 2051 martyrum
1469 1977 1763 2033 celebrare.
1815 1976 1991 2044 Atque

412 2071 527 2124 lucc
577 2087 605 2125 a
658 2086 744 2125 ute
784 2072 1049 2136 dicuntur,
1082 2087 1186 2124 non
1232 2081 1287 2125 ιιι
1328 2070 1393 2125 ad
1430 2078 1722 2140 martyrum
1751 2064 1992 2138 sepulcra

411 2177 515 2214 non
534 2161 851 2221 accedamus
871 2178 887 2230 ς
917 2162 1009 2217 sed
1034 2171 1089 2215 ut
1112 2162 1428 2217 accedentes
1470 2175 1589 2214 cum
1629 2174 1689 2214 ca
1712 2173 1812 2229 qua
1839 2155 1995 2209 decet

412 2255 687 2309 alacritate
708 2255 874 2307 animi
901 2256 1198 2319 veniamus,
1223 2264 1277 2308 et
1308 2270 1412 2309 non
1441 2253 1609 2308 solum
1642 2252 1851 2305 illorum
1883 2248 1996 2303 die-

416 2349 535 2412 Ιιιιε,
560 2347 654 2401 sed
683 2348 788 2401 alio
817 2363 1027 2418 quoque
1047 2358 1285 2417 tempore
1319 2349 1569 2417 pietatem
1598 2343 1841 2399 eamdem
1886 2355 1996 2410 pra:

417 2439 569 2493 nobis
622 2438 876 2495 feramus.
925 2441 1053 2509 Quis
1100 2443 1241 2494 enim
1289 2439 1544 2493 hodierno
1592 2437 1679 2492 die
1729 2450 1832 2489 non
1879 2448 1995 2489 ete-

420 2542 528 2585 tzim
575 2541 814 2587 nostrum
860 2542 1102 2596 miretur,
1147 2531 1482 2603 splendidum
1529 2528 1667 2584 istud
1710 2527 1994 2591 theatrum,

416 2623 688 2677 raritatem
763 2626 1084 2688 ferventem,
1139 2624 1385 2677 allectum
1451 2621 1763 2685 ardentem,
1845 2618 1999 2673 indo-

420 2713 606 2767 mitum
647 2715 924 2768 amorem?
979 2715 1049 2768 Ita
1097 2723 1203 2767 tota
1231 2712 1614 2782 propemodum
1665 2711 1850 2766 civitas
1898 2709 2001 2766 huc

420 2811 815 2880 commigravit,
867 2821 920 2867 et
964 2828 1136 2883 neque
1170 2827 1382 2866 servum
1426 2811 1626 2867 domini
1673 2813 1830 2866 timor
1876 2810 2002 2865 reti—

421 2901 570 2967 nuit,
602 2917 800 2972 .neque
847 2918 1129 2973 pauperem
1175 2906 1423 2974 egestatis
1470 2905 1788 2968 necessitas,
1834 2918 2004 2973 neque

422 3005 604 3046 senem
631 2995 804 3049 tetatis
857 2994 1193 3052 imbecillitas
1227 3037 1242 3061 ,
1300 3010 1470 3066 neque
1520 2997 1795 3050 mulierem
1844 3010 2004 3050 sexus

421 3081 708 3149 mollities;
736 3099 841 3141 non
870 3080 1085 3142 divitein
1119 3086 1283 3141 fastus
1306 3102 1486 3156 opum,
1512 3102 1616 3141 non
1641 3087 2005 3157 magistratum

422 3175 675 3248 superbia
702 3178 977 3245 potestatis
1008 3196 1021 3232 :
1051 3178 1146 3234 scd
1196 3195 1346 3233 amor
1375 3189 1692 3251 martyrum,
1714 3181 1813 3234 hac
1860 3181 2006 3233 onmi

424 3264 632 3324 sublata
652 3268 1028 3338 inaequalitate,
1048 3279 1249 3327 natura:
1277 3270 1660 3337 imbecillitate,
1692 3286 1754 3326 ac
1778 3287 2004 3342 pauper-

424 3360 550 3412 tatis
590 3362 939 3426 ncccssitate,
985 3371 1185 3417 tantam
1224 3364 1614 3419 multitudinem
1661 3380 1765 3419 una
1820 3376 2009 3420 catena

428 3447 732 3505 devinctam
758 3449 861 3505 huc
877 3452 1117 3517 attraxit,
1144 3461 1198 3507 et
1228 3452 1420 3508 affectu
1471 3452 1522 3506 in
1550 3463 1814 3524 martyres
1858 3456 2008 3523 quasi

430 3539 628 3608 pennis
659 3540 964 3608 subvectos,
988 3544 1132 3597 velut
1159 3545 1223 3597 ad
1265 3545 1427 3598 vitam
1481 3545 1536 3599 in
1573 3546 1721 3601 caelis
1747 3547 2007 3616 agendam

432 3630 711 3686 incitavit:
736 3632 996 3702 siquidem
1023 3636 1166 3690 onmi
1193 3635 1424 3691 lasciviae
1453 3638 1776 3709 luxurimque
1800 3648 2009 3709 pertur-

430 3722 646 3780 batione
663 3736 933 3796 superata,
964 3739 1255 3800 martyrum
1280 3745 1462 3787 amore
1485 3733 1728 3788 succensi
1751 3733 1898 3793 estis.
1942 3732 2014 3789 Ut

433 3817 576 3871 enim
604 3832 724 3871 cum
754 3819 981 3887 primum
1005 3823 1136 3876 radii
1164 3824 1291 3877 solis
1321 3824 1580 3891 oriuntur,
1616 3826 1891 3896 aufugittut
1932 3826 2011 3882 fe-

435 3922 532 3974 rte,
565 3922 728 3979 seque
750 3910 983 3967 latibulis
1012 3915 1122 3968 suis
1152 3915 1484 3970 abscondunt
1513 3935 1526 3971 :
1572 3918 1641 3972 ita
1686 3932 1806 3972 cum
1849 3918 2013 3974 menti

430 4007 631 4054 nostra:
670 4011 962 4076 martyrum
992 4004 1171 4060 lumen
1191 4007 1468 4072 atl‘ulscrit,
1500 4010 1677 4063 omnia
1711 4010 1834 4063 vitia
1866 4025 2013 4064 mor-

430 4090 590 4160 bique
614 4106 675 4148 se
703 4094 987 4159 occultant,
1013 4111 1074 4151 ac
1100 4098 1375 4167 splendida
1407 4099 1758 4170 philosophiae
1800 4099 2013 4157 flamma

431 4185 789 4241 succenditur.
817 4187 920 4243 Sed
944 4198 1000 4244 ut
1028 4208 1130 4245 non
1161 4192 1332 4246 solum
1387 4193 1485 4246 hoc
1538 4202 1796 4265 tempore,
1831 4210 2013 4250 verum

433 4275 592 4332 etiam
620 4291 850 4348 semper,
886 4289 940 4334 et
967 4291 1243 4351 postquam
1272 4284 1501 4359 solutum
1535 4283 1691 4340 fuerit
1719 4284 1819 4339 hoc
1854 4285 2015 4355 spiri-

435 4370 573 4423 tuale.
593 4371 854 4426 theatrum
882 4414 896 4435 ,
946 4372 1212 4426 flammam
1247 4375 1398 4429 istam
1425 4390 1799 4430 conservemus
1825 4418 1838 4442 ,
1894 4392 2015 4432 cum

434 4461 621 4515 eadem
654 4462 816 4516 animi
836 4462 1116 4517 devotione
1135 4463 1353 4517 domum
1377 4464 1710 4530 recedamus,
1731 4482 1902 4536 neque
1921 4482 2017 4522 nos

436 4556 645 4625 popinis
674 4571 737 4610 ac
764 4556 967 4620 lustris,
999 4556 1242 4611 ebrietati
1282 4566 1334 4610 et
1364 4557 1840 4612 comessationibus
1866 4558 2018 4613 addi-

433 4661 637 4701 camus.
666 4647 888 4704 Nouem
921 4648 1257 4703 convcrtistis
1288 4646 1339 4701 in
1367 4647 1509 4705 diem
1540 4663 1633 4717 per
1661 4662 1840 4705 sacras
1891 4651 2019 4705 istas

435 4736 683 4806 vigilias:
717 4738 882 4792 nolite
905 4753 1090 4792 rursus
1111 4738 1251 4793 diem
1286 4739 1335 4792 in
1365 4748 1572 4793 noctem
1596 4755 1692 4809 per
1706 4740 2017 4797 ebrietatem

436 4839 492 4883 et
513 4827 783 4896 crapulam
802 4844 865 4883 ac
891 4830 1223 4884 meretricios
1251 4839 1440 4885 cantus
1460 4841 1801 4886 convertere.
1834 4831 2018 4887 Hono-

437 4919 571 4973 rasti
599 4927 882 4991 martyres,
911 4920 1034 4975 dum
1063 4921 1297 4988 adfuisti,
1322 4922 1446 4977 dum
1475 4922 1740 4985 audivisti,
1769 4923 1893 4978 dum
1912 4932 2023 4977 stu-

435 5013 586 5068 dium
614 5028 725 5083 pra:
766 5024 817 5069 tc
845 5013 1007 5068 tulisti
1039 5032 1051 5068 :
1087 5015 1285 5071 honora
1313 5017 1472 5071 etiam
1508 5017 1625 5071 illos
1654 5017 1892 5071 modeste
1921 5017 2020 5071 do-

444 5120 584 5160 mum
605 5105 927 5173 recedendo,
963 5123 1028 5163 ne
1046 5108 1162 5177 quis
1194 5109 1278 5162 ubi
1311 5118 1359 5163 tc
1388 5124 1572 5180 parum
1614 5108 1807 5162 decore
1834 5124 2023 5177 geren-

440 5208 544 5252 tem
569 5197 761 5252 viderit
780 5197 832 5251 in
858 5198 1073 5268 popina,
1100 5209 1150 5254 te
1168 5215 1275 5254 non
1301 5208 1521 5269 propter
1540 5209 1797 5272 martyres
1817 5200 2024 5254 venisse

438 5288 603 5358 dicat,
630 5289 725 5345 sed
755 5299 815 5345 ut
844 5292 1030 5346 vitium
1046 5308 1304 5362 .augeres,
1363 5301 1419 5345 ut
1450 5292 1705 5360 improbat
1748 5293 2022 5362 cupiditati

437 5384 692 5436 servires.
716 5381 843 5439 Haec
865 5399 969 5438 non
992 5399 1058 5439 eo
1083 5384 1225 5448 dico,
1253 5391 1310 5436 ut
1339 5382 1543 5437 deliciis
1568 5382 1762 5451 perfrui
1803 5392 1974 5437 vetem
2005 5425 2019 5447 ,

438 5472 533 5526 sed
557 5479 613 5527 ut
642 5484 857 5542 peccata
878 5473 1147 5531 committi
1167 5482 1341 5528 vetem
1369 5490 1382 5525 :
1415 5489 1518 5527 non
1549 5473 1688 5543 quod
1717 5473 1897 5528 bibere
1929 5489 2023 5527 ve-

441 5571 572 5628 tem,
597 5565 691 5619 sed
724 5574 779 5619 ut
799 5568 1009 5622 ebrium
1056 5566 1170 5620 fieri
1193 5574 1387 5621 vetem.
1414 5564 1528 5619 Non
1557 5566 1697 5620 enim
1722 5565 1917 5624 malum
1947 5575 2028 5619 est

441 5657 651 5720 vinum,
668 5658 760 5709 sed
787 5657 1103 5713 immodicus
1129 5659 1244 5726 ejus
1263 5671 1390 5712 usus
1412 5670 1494 5711 εει
1515 5672 1708 5726 pravus
1730 5672 1740 5709 :
1765 5672 1826 5711 ac
1848 5657 2024 5710 vinunt

444 5743 657 5813 quidem
687 5744 779 5799 Dei
801 5747 999 5802 donum
1030 5756 1132 5813 est,
1154 5763 1280 5802 usus
1305 5756 1479 5802 autent
1500 5746 1814 5803 immodicus
1830 5746 2023 5802 diaboli

1088 305 1147 359 S.
1186 298 1463 359 JOANNIS
1500 286 1975 351 Οιιιιῖδοδῑοιιι
2016 284 2333 343 ARCHIEP.
2375 274 2908 336 CONSTANTINOP.

3567 258 3684 313 εει

2080 409 2164 458 est
2198 402 2491 456 inventum.
2525 395 2720 451 Serrite
2754 393 2905 462 igitur
2936 385 3155 442 Domino
3180 384 3231 436 in
3262 382 3442 433 (inter:
3469 419 3481 435 .
3521 386 3575 429 et
3599 394 3691 429 er-

2080 494 2259 548 suitate
2282 491 2328 544 ei
2346 491 2398 544 in
2430 502 2643 541 tremore
2674 483 2848 555 (Psal.
2880 480 2933 533 Ξ.
2969 480 3079 549 il).

2154 648 2199 702 Α
2245 646 2444 718 pOpinis
2488 643 2745 698 auditores
2787 637 2982 693 auertit.
3028 664 3098 674 ——
3136 632 3231 686 Vis
3274 626 3483 684 deliciis
3532 623 3689 678 frui?

2082 738 2229 794 domi
2263 714 2463 801 fruere,
2489 733 2612 795 ubi.
2645 732 2771 787 licet
2814 730 2867 783 in
2911 726 3222 781 ebrietatem
3256 718 3493 780 incidas,
3530 714 3693 767 multi

2083 838 2228 894 sunt,
2256 828 2345 898 qtti
2395 837 2445 881 te
2493 830 2715 895 possunt
2755 821 3010 889 obtegere
3042 833 3055 868 :
3088 829 3193 869 non
3243 813 3296 868 in
3352 809 3558 879 popina
3580 846 3598 871 ,
3626 823 3700 859 ne

2085 920 2444 991 spectaculum
2477 916 2571 971 [ias
2599 913 2970 986 praesentibus,
3003 919 3058 965 et
3086 905 3394 963 scandalum
3443 901 3690 956 caeteris.

2085 990 2258 1082 Atque
2280 1011 2395 1065 hinc
2422 1023 2521 1079 ego
2541 1006 2682 1071 dico,
2706 1020 2811 1059 non
2839 1003 2982 1074 quod
3020 999 3224 1055 ebrium
3252 995 3367 1050 ﬁeri
3407 992 3567 1049 domi
3605 990 3693 1058 ju-

2085 1104 2260 1169 beant,
2283 1102 2378 1158 sed
2420 1099 2560 1171 quod
2591 1100 2643 1154 in
2694 1097 2905 1169 popinis
2954 1092 3154 1150 versari
3189 1089 3537 1161 prohibeam.
3571 1086 3681 1139 Per

2087 1196 2262 1265 pende
2288 1209 2446 1265 quam
2471 1190 2751 1247 ridiculum
2785 1189 2875 1255 sit,
2900 1197 3019 1257 post
3041 1181 3308 1254 ejusmodi
3328 1187 3697 1241 conventum,

2089 1297 2210 1359 post
2236 1286 2479 1356 vigilias,
2510 1292 2632 1353 post
2672 1293 2945 1336 sacrarum
2992 1274 3317 1329 auditionem
3366 1270 3692 1338 Scriptum

2090 1393 2230 1444 rum,
2267 1386 2386 1447 post
2427 1374 2728 1429 divinorum
2774 1365 3232 1441 participationem
3260 1361 3656 1432 mysteriorum
3680 1397 3698 1421 .

2092 1480 2145 1523 et
2169 1476 2288 1539 post
2315 1463 2644 1537 spiritualem
2672 1460 3006 1530 largitionem
3034 1498 3048 1523 ,
3074 1455 3246 1508 virum
3277 1461 3371 1505 aut
3397 1449 3696 1504 mulierem

2093 1537 2234 1615 totos
2271 1559 2386 1614 dies
2411 1558 2464 1612 in
2506 1554 2715 1626 p0pinis
2753 1550 3104 1619 transigentes
3133 1544 3321 1599 videri.
3356 1545 3439 1595 An
3471 1537 3705 1594 nescitis

2093 1659 2347 1721 quantum
2403 1648 2567 1704 ebriis
2619 1643 2931 1715 suppliCium
2982 1634 3298 1693 immineat?
3340 1634 3622 1704 siquidem
3670 1647 3705 1684 υ

2092 1756 2258 1812 regno
2286 1740 2378 1795 Dei
2423 1737 2793 1808 expelluntur,
2832 1741 2887 1787 et
2933 1727 3290 1786 inefl‘abilihus
3338 1723 3503 1779 bonis
3560 1721 3707 1776 exci-

2094 1834 2230 1889 dunt
2253 1874 2266 1897 ,
2296 1840 2455 1902 atque
2479 1828 2537 1884 in
2562 1829 2737 1899 ignem
2766 1833 3025 1880 aeternum
3052 1818 3385 1888 ablegantur.
3416 1812 3559 1881 Quis
3590 1811 3708 1865 hac

2095 1926 2267 1982 dicit?
2310 1925 2504 1979 Beatus
2550 1920 2788 1977 Paulus:
2820 1915 2997 1987 Neque
3045 1912 3226 1979 avari,
3268 1909 3480 1979 inquit,
3541 1920 3709 1975 neque

2098 2020 2297 2087 ebriosi,
2322 2033 2480 2087 neque
2509 2012 2766 2076 maledici,
2792 2025 2949 2078 neque
2976 2020 3186 2077 rapaces
3213 2017 3425 2072 regnum
3454 1998 3557 2052 Dei
3582 2012 3706 2066 pos-

2098 2109 2326 2165 sidebunt
2367 2109 2444 2179 (l.
2476 2104 2594 2162 Cor.
2636 2104 2690 2159 6.
2738 2099 2861 2173 10).
2892 2097 3032 2167 Quid
3075 2095 3224 2151 ebrio
3272 2091 3528 2148 miserius
3592 2087 3708 2141 ﬁeri

2102 2208 2308 2271 potest,
2341 2198 2428 2269 qui
2459 2196 2529 2251 ob
2557 2195 2805 2264 exiguam
2825 2190 3153 2259 voluptatem
3181 2191 3357 2240 tantas
3384 2181 3541 2250 regni
3570 2179 3708 2233 deli-

2101 2269 2211 2347 cias
2231 2289 2461 2345 amittit?
2509 2287 2621 2341 lmo
2651 2298 2782 2339 vero
2811 2296 2879 2337 ne
2907 2279 3180 2347 voluptate
3210 2273 3428 2346 quidem
3460 2272 3571 2326 ulla
3604 2269 3705 2324 frui

2102 2389 2278 2452 potest
2301 2380 2484 2436 ebrius
2515 2394 2531 2444 ;
2563 2374 2826 2446 siquidem
2868 2373 2921 2427 in
2975 2376 3270 2439 temperato
3312 2379 3416 2420 usu
3450 2364 3709 2432 voluptas

2104 2474 2385 2539 consistit,
2420 2472 2471 2526 in
2525 2469 2809 2525 immodico
2854 2474 3030 2521 autem
3054 2504 3069 2530 ,
3110 2471 3295 2530 stupor
3332 2467 3388 2514 et
3442 2471 3708 2512 sensuum

2104 2570 2355 2643 privatio.
2388 2570 2558 2623 Porro
2584 2565 2672 2635 qui
2699 2562 2899 2618 sentire
2939 2557 3122 2628 nequit
3147 2555 3234 2610 ubi
3276 2553 3466 2608 sedeat
3497 2560 3598 2604 aut
3626 2550 3706 2618 ja-

2105 2641 2245 2727 ceat,
2268 2661 2355 2731 qui
2387 2657 2579 2729 poterit
2606 2653 2894 2724 voluptatis
2934 2651 2988 2705 in
3036 2659 3160 2719 potu
3197 2660 3415 2701 sensum
3463 2641 3705 2709 tngere!

2106 2755 2197 2826 qui
2245 2769 2312 2808 ne
2340 2753 2510 2808 solem
2556 2747 2771 2819 quidem
2814 2745 2987 2815 ipsum
3033 2740 3104 2795 ob
3149 2738 3370 2794 densam
3424 2732 3713 2790 ebrietatis

2109 2825 2358 2902 nebulam
2400 2841 2569 2912 possit
2614 2837 2849 2902 intueri,
2899 2830 3167 2905 quomodo
3216 2827 3400 2883 la‘titia
3454 2825 3711 2879 fruatur?

2110 2938 2296 2993 Tanta:
2320 2934 2568 2990 nimirum
2597 2932 2771 3001 ipsum
2802 2933 3065 2994 occupant
3092 2920 3347 2981 tenebrae,
3367 2926 3428 2971 ut
3460 2916 3528 2969 ad
3559 2914 3709 2968 illam

2110 3027 2495 3085 discutiendam
2522 3016 2799 3093 caliginem
2828 3019 2928 3089 ipsi
2952 3016 3081 3072 radii
3104 3028 3208 3068 non
3234 3010 3530 3069 sufficiant.
3555 3007 3710 3063 Sem-

2111 3135 2208 3191 per
2235 3118 2473 3189 quidem,
2509 3111 2861 3174 dilectissimi,
2893 3108 3088 3163 malum
3115 3114 3200 3161 est
3225 3104 3481 3167 ebrietas,
3517 3101 3710 3172 praci-

2113 3226 2216 3282 pue
2246 3226 2374 3266 vero
2400 3209 2535 3263 festo
2558 3214 2853 3275 martyrum
2882 3201 2987 3257 die.
3017 3198 3152 3254 Nam
3194 3206 3389 3267 praeter
3426 3203 3709 3264 peccatum

2111 3299 2434 3356 contumelia
2485 3304 2569 3353 est
2624 3294 2875 3357 maxima,
2904 3298 2960 3346 et
3015 3286 3272 3352 stultitia,
3321 3298 3715 3352 sacrorumque

2113 3393 2445 3463 eloquiorum
2484 3394 2820 3457 contemptus
2853 3401 2865 3436 :
2899 3398 3059 3453 quam
3093 3380 3162 3435 ob
3199 3392 3414 3432 causam
3452 3386 3509 3431 et
3535 3376 3713 3445 dupli-

2114 3501 2231 3541 cem
2260 3498 2469 3555 poenam
2510 3489 2763 3536 meretur.
2788 3477 2845 3533 Si
2871 3490 3000 3545 ergo
3037 3481 3315 3543 postquam
3344 3469 3412 3524 ad
3445 3478 3714 3539 martyres

2115 3575 2386 3632 acccssisti
2410 3616 2422 3639 ,
2448 3582 2723 3643 postquam
2756 3569 2878 3623 hinc
2909 3564 3224 3621 discesseris
3246 3605 3261 3629 ,
3284 3560 3538 3616 ebrietati
3562 3575 3712 3615 vaca.

2118 3679 2267 3725 turus
2294 3683 2372 3735 es,
2400 3666 2591 3721 melius
2619 3672 2701 3719 est
2724 3703 2740 3728 ,
2773 3670 2829 3716 ut
2869 3659 3013 3714 domi
3044 3670 3263 3711 maneas
3284 3696 3300 3721 ,
3328 3669 3430 3709 nec
3462 3653 3714 3707 indecore

2120 3772 2171 3816 te
2201 3775 2351 3830 geras
2371 3799 2386 3824 ,
2414 3772 2585 3826 neque
2617 3766 2906 3825 martyrum
2937 3749 3331 3805 solemnitatem
3359 3745 3562 3815 probro
3594 3744 3710 3797 alti-

2119 3852 2228 3906 cias
2250 3892 2265 3916 ,
2297 3864 2471 3918 neque
2501 3846 2742 3918 proximo
2769 3845 2844 3900 sis
2874 3839 3193 3897 oliendiculo
3212 3879 3228 3905 ,
3254 3852 3433 3907 neque
3476 3844 3713 3890 mentem

2119 3943 2388 4009 obsidens,
2421 3956 2591 4011 neque
2636 3945 2850 4008 peccata
2904 3934 2997 3988 tibi
3039 3930 3365 3985 accutnules.
3399 3927 3616 3982 Venisti
3664 3936 3715 3979 ut

2121 4034 2364 4089 homines
2387 4030 2665 4087 tormentis
2684 4030 2943 4082 laceratos
2960 4024 3191 4088 videres,
3209 4034 3404 4075 cruore
3425 4018 3714 4077 stillantes.

2121 4127 2401 4181 vulnerum
2460 4123 2706 4179 examine
2758 4119 3075 4180 decoratos,
3131 4113 3222 4185 qui
3282 4110 3544 4181 praesenti
3615 4109 3716 4162 vita

2123 4217 2288 4279 exuti,
2316 4215 2380 4269 ad
2409 4214 2640 4269 futuram
2665 4211 2943 4267 evolarunt
2972 4225 2985 4260 :
3016 4207 3083 4261 da
3129 4219 3352 4274 operam
3400 4211 3461 4256 ut
3508 4200 3717 4255 athletis

2126 4309 2241 4362 istis
2266 4307 2454 4377 dignus
2482 4305 2696 4360 evadas.
2730 4303 3178 4365 Contempserunt
3199 4295 3274 4349 illi
3307 4295 3479 4347 vitam
3503 4335 3518 4358 ,
3545 4304 3602 4345 tu
3627 4293 3715 4344 tle-

2126 4398 2275 4452 lieias
2320 4395 2603 4451 contcninc
2636 4411 2650 4445 -.
2679 4392 2987 4462 abiecerunt
3041 4390 3112 4443 illi
3162 4388 3325 4442 vitam
3371 4393 3717 4454 pnesentcm,

2128 4498 2181 4544 tu
2209 4487 2480 4543 ebrietatis
2505 4498 2740 4539 amorem
2766 4481 2956 4551 abjice.

2201 4644 2331 4698 Ossa
2375 4653 2419 4696 et
2460 4639 2695 4711 sepulcra
2740 4637 3023 4706 Martyrum
3053 4629 3484 4686 benedictionibus
3510 4636 3717 4682 scatent.

2127 4734 2318 4790 —-Sed
2342 4732 2547 4787 deliciis
2575 4730 2674 4784 frui
2703 4729 2893 4800 cupis?
2924 4728 3098 4780 asside
3138 4724 3391 4795 sepulcro
3433 4722 3719 4793 martyris,

2130 4830 2484 4899 lacrymarum
2535 4827 2645 4880 illic
2686 4824 2861 4877 fontes
2913 4818 3148 4883 effunde,
3195 4818 3432 4870 animam
3482 4825 3718 4875 contere,

2132 4919 2557 4975 benedictionem
2576 4934 2602 4970 a
2617 4916 2861 4985 sepulcro
2879 4915 2993 4980 ejus
3010 4912 3167 4977 refer;
3187 4911 3415 4980 ejusque
3433 4907 3721 4976 patrocinio

2133 5013 2297 5066 fretus
2330 5012 2380 5062 in
2413 5010 2680 5077 precibus,
2716 5004 3113 5058 narrationibus
3155 5000 3517 5055 certaminum
3564 4997 3723 5066 ipsius

2135 5101 2374 5171 legendis
2404 5110 2454 5154 te
2491 5099 2797 5168 frequenter
2834 5110 3028 5149 exerce
3049 5136 3062 5157 ,
3086 5093 3318 5148 loculum
3362 5091 3721 5160 amplectere,

2136 5194 2370 5262 ςίιιιευὶιυ
2402 5192 2748 5262 reliquiarum
2775 5190 2967 5243 afﬁxus
3009 5195 3164 5242 esto:
3197 5201 3303 5239 non
3353 5198 3481 5237 ossa
3527 5190 3718 5251 marty-

2135 5303 2252 5342 rum
2300 5295 2524 5350 tantum,
2554 5281 2646 5337 sed
2677 5290 2730 5337 et
2758 5281 2993 5352 ipsorum
3024 5278 3266 5349 sepulcra
3292 5287 3346 5330 ct
3370 5274 3609 5345 capsula!
3636 5273 3719 5324 he-

2137 5376 2528 5435 nedictionibus
2552 5375 2734 5429 multis
2759 5380 2983 5428 scatent.
3013 5371 3268 5426 Sanctum
3321 5367 3508 5421 oleum
3559 5381 3715 5421 sume.

2137 5482 2413 5539 totumque
2437 5477 2581 5522 tuum
2613 5480 2809 5535 corpus
2829 5465 3023 5533 inunge
3043 5503 3059 5528 ,
3089 5461 3323 5530 linguam
3345 5498 3361 5523 ,
3398 5458 3548 5513 labra
3569 5498 3585 5520 ,
3617 5470 3715 5510 cer-

2136 5566 2329 5628 vicem,
2362 5561 2564 5624 oculos,
2596 5575 2696 5614 nec
2723 5564 2973 5628 umquam
3006 5556 3059 5609 in
3090 5553 3367 5608 ebrietatis
3398 5550 3715 5620 naufragium

2142 5656 2365 5714 incides.
2397 5653 2668 5721 Siquidem
2700 5652 2874 5706 oleum
2914 5648 3093 5703 odoris
3128 5647 3393 5701 suavitate
3439 5655 3712 5699 martvrum

2146 5751 2238 5806 tibi
2289 5749 2579 5803 certamina
2630 5746 2682 5798 in
2734 5742 3045 5800 memmium
3109 5749 3370 5809 revocat,
3426 5751 3479 5795 et
3528 5752 3717 5795 omnm
