3844 6280
413 312 520 369 665

413 430 473 482 ἐν
500 426 672 497 πολλῇ
702 428 987 498 καρτερίᾳ,
1028 429 1121 481 καὶ
1166 432 1505 501 περιγίνεται
1539 433 1648 487 τῶν
1682 436 1782 507 τῆς
1811 434 1992 506 ψυχῆς

413 510 759 580 νοσημάτων.
780 511 939 564 Ἀλλά
971 514 1163 582 κήποις
1184 514 1520 586 ἐνδιατρίψαι
1548 515 1748 586 βούλει,
1778 519 1869 572 καὶ
1884 518 1994 571 λει-

418 594 559 665 μῶσι
596 597 686 647 καὶ
711 595 1093 664 παραδείσοις;
1123 597 1212 669 Μὴ
1235 596 1353 661 νῦν,
1384 600 1474 653 ὅτε
1499 600 1671 671 δῆμος
1715 600 1989 666 τοσοῦτος,

415 674 531 727 ἀλλ’
564 674 622 726 ἐν
642 672 804 744 ἑτέρᾳ
834 674 1034 744 ἡμέρα·
1062 675 1300 748 σήμερον
1318 676 1428 750 γὰρ
1454 677 1849 749 παλαισμάτων
1870 696 1994 733 και-

417 760 531 831 ρὸς,
564 759 800 827 σήμερον
831 756 1033 829 Θεωρία
1064 758 1484 831 ἀγωνισμάτων,
1517 761 1578 815 οὐ
1607 763 1839 833 τρυφῆς,
1874 762 1994 816 οὐδὲ

415 841 668 921 ἀνέσεως.
689 835 891 902 *Ηλθες
913 841 1164 921 ἐνταιξθα,
1187 843 1287 913 οὐχ
1309 843 1395 896 ἵνα
1413 845 1493 908 είς
1516 843 1798 916 ῥᾳστώνην
1818 843 1995 916 δώσῃς

421 918 667 986 σεαυτὸν,
687 921 803 975 ἀλλ’
833 923 918 975 ἵνα
936 918 1114 994 μάθῂς
1131 924 1519 993 ἀγωνίζεσθαι,
1536 928 1993 1000 παγκρατιάζειν,

416 1006 508 1059 καὶ
535 1005 821 1077 ἄνθρωπος
847 1005 921 1059 ὣν
946 1007 1056 1060 τῶν
1086 1007 1331 1077 ἀοράτων
1367 1009 1636 1081 δαιμόνων
1667 1011 1995 1080 συγκόπτειν

415 1089 511 1160 τὴν
550 1088 721 1160 ἰσχύν.
763 1089 959 1153 Οὐδεὶς
979 1090 1085 1163 γὰρ
1112 1094 1191 1154 εἰς
1222 1092 1557 1166 παλαίστραν
1589 1094 1757 1148 ἐλθὼν
1778 1092 1992 1166 τρυφᾷ,

415 1174 535 1228 οὐδὲ
559 1176 640 1237 είς
659 1173 850 1246 καιρὸν
872 1174 1267 1246 παλαισμάτων
1295 1178 1737 1248 παραγενόμενος
1760 1179 1992 1250 ὡραΐζε-

414 1276 528 1321 ται,
564 1258 681 1311 οὐδὲ
723 1260 781 1311 ἐν
817 1257 994 1331 καιρῷ
1023 1259 1377 1332 παρατάξεως
1407 1260 1688 1332 τραπέζας
1724 1263 1992 1332 ἐπιζητεῖ.

417 1342 507 1414 Μὴ
533 1344 712 1415 τοίνυν
737 1343 913 1397 καὶσὺ
929 1343 1108 1414 ψυχῆς
1127 1344 1380 1416 ἀνδρείαν
1398 1345 1492 1399 καὶ
1505 1344 1732 1416 γνώμης
1752 1346 1999 1401 εὐτονίαν

419 1424 587 1479 ἐλθὼν
615 1425 933 1488 θεάσασθαι,
964 1426 1059 1479 καὶ
1074 1426 1330 1497 τρόπαιον
1353 1427 1537 1480 καινὸν
1559 1429 1651 1481 καὶ
1669 1426 1992 1498 παράδοξον,

417 1510 515 1563 καὶ
553 1508 733 1580 μάχην
761 1509 883 1562 τινὰ
911 1508 1339 1579 ἐξηλλαγμένην,
1357 1510 1451 1562 καὶ
1475 1508 1764 1580 τραύματα
1795 1511 1995 1563 καὶπο-

417 1592 636 1662 λέμους,
674 1593 767 1646 καὶ
797 1592 1135 1661 παγκράτιον
1158 1592 1467 1663 ἀνθρώπου,
1500 1592 1728 1663 πράξεις
1755 1593 1998 1662 δαιμονι-

420 1674 523 1736 κὰς
551 1675 875 1746 εἰσαγάγῃς,
921 1674 1058 1744 μετά
1092 1676 1191 1746 τὴν
1225 1672 1382 1746 ξένην
1410 1675 1502 1728 καὶ
1530 1672 1764 1745 φρικτὴν
1791 1674 1991 1747 ταύτην

420 1759 653 1829 Θεωρίαν
705 1758 844 1831 μέθῃ
884 1758 976 1811 καὶ
1029 1759 1205 1829 τρυφῇ
1255 1758 1447 1810 ἐαυτὸν
1500 1757 1709 1823 ἐκδοὺς,
1760 1755 1894 1810 ἀλλά
1934 1759 1999 1813 τὲ

422 1842 588 1913 κέρδη
615 1840 715 1911 τῆς
740 1840 916 1911 ψυχῆς
938 1838 1283 1909 συναγαγὼν,
1306 1839 1480 1902 οὕτως
1503 1840 1686 1894 οἶκαδε
1712 1840 1889 1902 ἄπιθι,
1912 1840 1998 1896 διὰ

418 1924 518 1994 τῆς
543 1923 717 1994 ὅψεως
747 1926 912 1977 πᾶσιν
953 1923 1360 1994 ἐνδεικνύμενος
1380 1964 1393 1986 ,
1424 1925 1506 1977 ὅτι
1540 1924 1826 1995 μάρτυρας
1860 1924 2000 1977 θεω-

423 2008 595 2079 ρήσας
642 2008 1013 2079 ἀνεχώρησας.
1071 2009 1280 2078 Ὠσπερ
1325 2007 1433 2078 γὰρ
1474 2008 1525 2060 οἱ
1567 2007 1675 2061 ἀπὸ
1721 2007 1828 2060 τῶν
1876 2007 2000 2061 θεά-

420 2107 564 2160 τρων
601 2092 901 2157 κατιόντες,
943 2091 1091 2163 δῆλοι
1121 2091 1288 2145 πᾶσίν
1321 2093 1428 2145 είσι
1467 2090 1999 2162 συντεταραγμένοι,

1124 314 1181 370 S.
1225 314 1509 373 JOANNIS
1548 312 2041 374 CHRYSOSTOMI
2095 313 2415 377 ARCHIET’.
2460 315 3010 395 CONSTANTINOP.

3592 321 3707 380 666

2098 438 2491 510 συγκεχυμένοι
2517 477 2533 503 ,
2586 435 3046 508 μαλακιζόμενοι,
3100 434 3168 488 τὰ
3220 434 3420 488 εἴδωλα
3464 435 3704 493 πάντων

2093 521 2203 574 τῶν
2230 523 2348 575 ἐκεῖ
2381 520 2765 590 γεγενημένων
2801 519 3079 589 φέροντες·
3120 517 3260 570 οὓτω
3312 519 3410 571 καὶ
3441 520 3542 571 τὸν
3585 521 3700 573 ἀπὺ

2095 603 2328 675 θεωρίας
2374 602 2667 675 μαρτύρων
2706 602 3002 657 ἐπανιόντα
3041 601 3175 654 πᾶσι
3226 600 3511 671 γνώριμον
3552 600 3701 658 εἶναι

2095 687 2222 758 χρὴ,
2255 686 2333 757 τῷ
2365 686 2659 757 βλέμματι,
2686 685 2767 757 τῷ
2811 685 3071 755 σχήματι,
3106 684 3173 756 τῇ
3223 682 3455 754 βαδίσει,
3488 688 3561 756 τῇ
3596 705 3703 740 κα-

2092 768 2331 834 τανύξει,
2358 771 2424 840 τῇ
2446 770 2736 840 συναγωγῇ
2753 769 2852 839 τῆς
2870 766 3126 831 διανοίας
3151 767 3262 837 πῦρ
3285 768 3547 826 πνέοντα.
3571 787 3703 823 συν-

2095 852 2444 922 εσταλμένον,
2483 851 2964 923 συντετριμμένον,
2995 851 3267 920 νήφοντα,
3305 852 3698 922 ἐγρηγορότα,

2089 936 2182 1012 ’διὰ
2210 936 2319 990 τῶν
2349 935 2670 1006 κινημάτων
2698 934 2794 987 τοῦ
2830 931 3083 1003 σώματος
3100 932 3199 1003 τὴν
3230 932 3443 987 ἔνδοθεν
3476 934 3701 1006 ἀνακηο

2098 1018 2359 1091 ρύττοντα
2386 1018 2725 1088 φιλοσοφίαν.
2753 1015 2911 1071 Οὐτω
2935 1016 3115 1071 τοίνυν
3143 1018 3225 1081 εἰς
3244 1017 3345 1088 τὴν
3386 1017 3553 1071 πόλιν
3582 1022 3692 1072 ἐπ-

2096 1101 2358 1172 ανίωμεν,
2392 1101 2531 1172 μετά
2554 1100 2657 1171 τῆς
2683 1097 3069 1172 προσηκούσης
3099 1098 3386 1166 εὐταξίας,
3422 1099 3574 1170 μετὰ
3611 1103 3700 1155 εὐ-

2095 1183 2294 1238 τάκτου
2350 1182 2639 1252 βαδίσεως,
2683 1182 2820 1253 μετά
2854 1182 3123 1245 συνέσεως
3159 1182 3254 1235 καὶ
3284 1182 3696 1254 σωφροσύνης,

2100 1264 2358 1335 μετὰήμέ
2367 1282 2459 1336 ρου
2483 1264 2579 1318 καὶ
2606 1264 2844 1335 γαληνοῦ
2865 1264 3195 1335 βλέμματος.
3212 1265 3563 1332 Στολισμός
3582 1268 3699 1335 γὰρ

2095 1348 2336 1416 ἀνδρὸς,
2354 1349 2450 1402 καὶ
2469 1348 2657 1418 γέλως
2673 1348 2954 1409 ὀδόντων,
2974 1348 3070 1401 καὶ
3088 1347 3262 1417 βλῆμα
3277 1348 3469 1416 ποδὸς
3486 1351 3697 1419 ἀπατ-

2086 1425 2265 1496 ,τελεῖ
2282 1422 2355 1478 τὰ
2381 1425 2513 1493 περὶ
2539 1423 2743 1479 αὐτοῦ.
2767 1424 2955 1489 Οὕτως
2980 1425 3070 1479 ἀεὶ
3092 1426 3201 1480 ἀπὸ
3233 1427 3543 1498 μαρτύρων
3566 1430 3701 1481 ἐπα-

2096 1508 2320 1578 νίωμεν,
2341 1508 2450 1562 ἀπὸ
2478 1506 2666 1579 μύρων
2698 1509 3104 1579 πνευματικῶν,
3138 1510 3248 1564 ἀπὸ
3278 1510 3580 1580 λειμώνων
3602 1512 3699 1564 οὐ-

2102 1589 2320 1675 ρανίων,
2347 1590 2455 1643 ἀπὸ
2497 1590 2784 1675 θεριμάτων
2822 1591 3027 1675 καινῶν
3071 1592 3166 1646 καὶ
3207 1593 3565 1664 παραδόξων,
3605 1596 3697 1647 ἴνα

2102 1672 2197 1727 ml
2241 1674 2395 1727 αὐτοὶ
2434 1672 2635 1744 πολλὴν
2660 1674 3082 1746 καρπωσώμεθα
3126 1674 3225 1745 τὴν
3271 1676 3560 1743 εὐκολίαν,
3600 1679 3697 1731 καὶ

2099 1756 2307 1827 ἑτέροις
2354 1755 2669 1827 ἐλευθερίας
2709 1756 2958 1828 πρόξενοι
2990 1756 3385 1829 μνησώμεθα,
3443 1761 3546 1813 καλ
3583 1761 3697 1813 τῶν

2101 1839 2400 1909 μελλόντων
2433 1838 2843 1910 ἐπιτευξώμεθα
2871 1839 3111 1906 ἀγαθῶν,
3140 1841 3324 1912 γάριτι
3356 1844 3456 1896 καὶ
3499 1843 3698 1913 φιλαν-

2097 1922 2313 1993 θρωπίᾳ
2338 1922 2431 1974 τοῦ
2468 1920 2673 1993 Κυρίου
2690 1922 2849 1993 ἡμῶν
2884 1924 3059 1994 Ἰησοῦ
3089 1922 3350 1996 Χριστοῦ,
3371 1927 3499 1996 μεθ’
3523 1920 3591 1980 οὗ
3616 1928 3697 1996 τῷ

2097 2006 2289 2075 Πατρὶ,
2325 2005 2441 2076 άμα
2463 2004 2541 2075 τῷ
2576 2005 2714 2075 ἁγίῳ
2745 2004 3041 2076 Πνεύματι,
3073 2007 3223 2074 δόξα,
3254 2008 3481 2078 κράτος,
3523 2013 3690 2080 τιμὴ,

2095 2088 2191 2142 νῦν
2223 2090 2317 2142 καὶ
2344 2090 2452 2153 ἀεὶ,
2485 2089 2579 2143 καὶ
2602 2090 2683 2152 είς
2715 2088 2842 2153 τοὺς
2864 2088 3066 2153 αἰῶνας
3084 2089 3192 2143 τῶν
3220 2090 3459 2145 αἰώνων.
3486 2090 3674 2164 ’Δμὴν

1889 2794 2244 2857 MONITUM
2346 2756 2352 2777 ’

525 3125 673 3197 lianc
693 3139 978 3198 homiliam
1007 3138 1312 3196 Antiochiae
1343 3137 1588 3195 habitam
1634 3135 1809 3194 fuisse
1831 3136 2179 3207 exploratum
2224 3143 2331 3201 est,
2361 3143 2479 3190 tum
2506 3133 2665 3189 exiis
2695 3147 2817 3204 qua:
2850 3132 2920 3189 de
2953 3132 3206 3203 Daphnes
3229 3132 3504 3190 suburhio
3532 3134 3714 3206 deque

448 3256 940 3315 comessationibus
977 3262 1140 3326 atque
1163 3230 1416 3325 tripudiis
1446 3252 1645 3308 ibidem
1672 3250 1858 3307 haberi
1891 3249 2071 3306 solitis
2104 3257 2500 3306 commemorat
2535 3247 3002 3319 Chrysostomus;
3032 3254 3145 3303 tum
3176 3249 3368 3314 etiam,
3398 3249 3533 3319 quia
3564 3248 3699 3319 ejus

447 3371 570 3426 dem
606 3371 778 3426 sancti
809 3370 1053 3441 reliquiae
1082 3368 1429 3424 Antiochiam
1467 3365 1745 3421 translatae
1793 3362 2014 3419 fuerant
2044 3380 2060 3417 ε
2089 3369 2317 3433 eratque
2339 3362 2528 3418 eadem
2558 3360 2615 3415 in
2646 3360 2782 3416 urbe
2803 3360 3060 3426 ecclesia,
3093 3360 3341 3431 ejusdem
3380 3363 3565 3419 sancti
3612 3379 3713 3419 no-

450 3484 596 3538 mine
621 3480 771 3554 [671]
800 3491 1139 3550 consecrata,
1170 3498 1292 3552 qua:
1315 3481 1370 3535 in
1401 3479 1631 3536 historia
1664 3477 2050 3534 Ecclesiastica
2086 3490 2198 3532 non
2232 3473 2605 3546 infrequenter
2632 3472 2964 3528 celebratur.
2986 3471 3066 3528 De
3089 3487 3234 3528 anno
3259 3488 3371 3543 quo
3396 3474 3545 3529 hanc
3572 3489 3711 3529 con-

449 3597 661 3652 cioncm
706 3594 900 3651 habuit
927 3572 1348 3667 Chrysostomus
1379 3609 1448 3648 ne
1485 3591 1592 3665 γρῦ
1647 3592 1868 3663 quidem
1916 3589 2187 3661 expiscari
2241 3602 2555 3661 possumus.
2583 3587 2755 3659 Porro
2783 3589 2926 3645 diem
2969 3604 3079 3658 quo
3104 3603 3300 3659 passus
3345 3596 3435 3643 est
3456 3586 3717 3641 Julianus

448 3713 693 3784 assignat
718 3712 1164 3786 Martyrologium
1190 3709 1498 3767 Romanum
1521 3708 1790 3765 decimam
1819 3717 2027 3764 sextam
2055 3706 2237 3763 Martii
2262 3722 2277 3774 ;
2311 3704 2677 3779 Menologium
2704 3720 2836 3762 vero
2862 3703 3175 3761 Graecorum
3236 3703 3560 3760 vicesimam
3595 3704 3711 3773 pri-

448 3843 593 3882 mam
616 3826 787 3884 Junii.
811 3826 925 3885 Hac
952 3836 1137 3884 autem
1170 3827 1236 3882 de
1265 3841 1326 3880 re
1355 3822 1662 3880 audiendus
1694 3821 1900 3877 Fronto
1938 3820 2192 3877 Ducaaus.

524 3959 544 3992 ι
578 3939 768 3999 Plures
793 3952 1189 4001 commemorat
1214 3942 1464 4000 Iulianos
1497 3940 1945 4014 Martyrologium
1977 3939 2310 4004 Romanum,
2350 3936 2446 3994 sed
2494 3937 2642 3994 hunc
2664 3952 2789 3995 esse
2820 3937 2973 3993 illum
3003 3937 3162 4007 cujus
3195 3934 3491 3990 historiam
3520 3930 3718 4002 paucis

450 4056 764 4130 perstringit
817 4056 883 4112 l6
909 4056 1110 4126 Martii,
1140 4065 1358 4114 constat
1387 4070 1454 4112 ex
1494 4053 1799 4124 Menologio
1833 4051 2151 4108 Grazcorum
2198 4048 2443 4106 Venetiis
2493 4047 2680 4105 Graece
2707 4056 2920 4104 tantum
2951 4048 3121 4113 edito,
3169 4045 3317 4116 quod
3348 4046 3419 4100 ad
3460 4044 3528 4098 il
3563 4043 3716 4101 Junii

449 4148 759 4248 passionem
788 4176 909 4246 ejus
934 4176 1120 4231 refert.
1171 4173 1367 4230 Narrat
1415 4188 1548 4245 ergo
1583 4187 1710 4229 eum
1746 4183 1935 4227 natum
1968 4168 2139 4225 fuisse
2178 4166 2447 4223 Anazarbi
2482 4167 2537 4221 in
2564 4165 2782 4230 Cilicia,
2828 4175 2983 4236 patre
3020 4164 3115 4237 qui
3154 4164 3422 4235 dignitate
3462 4174 3714 4231 senator,

453 4300 624 4347 matre
650 4304 773 4361 quae
804 4290 1068 4361 religione
1084 4286 1395 4344 Christiana
1425 4296 1543 4344 erat
1573 4298 1589 4341 ε
1616 4301 1647 4341 a
1679 4301 1787 4356 qua
1813 4287 1938 4341 cum
1963 4285 2019 4340 in
2049 4282 2254 4341 Christi
2288 4284 2394 4340 ﬁde
2427 4281 2620 4341 fuisset
2655 4282 2959 4352 institutus,
2989 4292 3044 4338 et
3065 4298 3347 4339 sacrarum
3374 4282 3713 4338 Litterarum

452 4424 514 4467 se
544 4402 740 4466 studiis
760 4406 1111 4470 excoluissct,
1138 4419 1342 4460 annum
1374 4417 1541 4475 agens
1560 4401 1650 4470 18,
1667 4402 1811 4475 apud
1835 4401 2164 4459 Martianum
2187 4401 2475 4474 praesidem
2501 4408 2813 4468 accusatus,
2842 4415 2967 4457 cum
2991 4400 3301 4458 sacriﬁcare
3327 4401 3500 4458 nollet
3528 4403 3714 4470 idolis,

453 4538 510 4595 in
536 4532 770 4591 diversis
791 4532 1040 4603 partibus
1068 4525 1321 4598 corporis
1366 4538 1543 4581 casus
1569 4531 1675 4581 est.
1700 4522 1841 4583 Tum
1868 4525 1924 4581 in
1945 4539 2226 4582 carcerem
2260 4521 2564 4593 coniectus,
2592 4519 2829 4578 consilio
2856 4520 3053 4579 matris
3083 4519 3447 4596 obsequutus,
3475 4538 3606 4580 cum
3656 4522 3712 4578 in

705 5217 1291 5307 ΕΓΚΩΜΙΟΝ
1346 5214 1518 5300 ΕΙΣ
1573 5207 1799 5297 TON
1846 5197 2181 5290 ΑΓΙΟΝ
2236 5191 2742 5288 ΜΑΡΤΥΡΛ
2777 5190 3421 5285 ΙΟΥΛΙΑΝΟΝ.

535 5547 834 5619 α⁸.Είὲντῇ
853 5548 923 5616 γῇ
941 5542 1315 5605 τοιαύταιτοῖς
1336 5540 2030 5613 μάρτυσιναίτιμαὶ,μετά
2133 5542 2232 5611 τῆς
2264 5534 2616 5619 ἀναστάσεως
2664 5531 2904 5603 τοσαύτη
2947 5530 3185 5619 ηᾲδόξα,
3235 5535 3382 5619 πόση
3427 5538 3567 5609 μετὰ
3616 5538 3705 5606 τὴν

464 5632 562 5703 τὴν
586 5616 834 5685 ἐντεῦθεν
861 5628 1168 5699 ἀποδημίαν
1200 5624 1433 5679 ποταποὶ
1468 5623 1759 5678 πλέκονται
1784 5628 1841 5680 ἐν
1867 5626 2032 5695 οὐρα⁴
2136 5624 2432 5703 ἀνάστασιν
2446 5621 2493 5703 ζὴ
2537 5617 2860 5703 λαμπρότης
2880 5632 2916 5703 ;_
2956 5617 3005 5703 εί
3048 5616 3199 5687 παρά
3254 5618 3367 5703 τῶν
3418 5623 3707 5676 συνδούλων

471 5695 577 5772 viz;
603 5715 651 5767 ω
687 5695 1077 5775 στέφανοιτάές
1109 5708 1291 5776 ἁγίαις
1316 5705 1493 5760 αὐτῶν
1528 5707 1821 5776 κεφαλαῖς
1850 5710 1898 5761 εξ
1930 5709 2033 5780 πρ,
2136 5702 2406 5771 τοσαύτης
2446 5698 2744 5770 θεραπείας
2794 5695 3148 5764 ἀπολαύουσι,
3213 5702 3388 5765 πόσης
3438 5704 3704 5768 πύξου-ται
