3860 6286
205 374 311 430 (£65

200 490 476 548 lasciviam
501 489 753 558 refrenat,
787 501 944 562 atque
971 494 1020 546 in
1044 491 1227 546 .multa
1253 491 1450 546 detinet
1493 491 1742 561 patientia
1770 533 1784 554 ,

201 584 474 654 animique
500 585 716 640 morbos
747 585 1513 656 expugnat.Verumeuimvero
1541 584 1592 637 in
1618 581 1788 636 hortis

198 677 408 730 versari
436 677 609 746 cupis,
637 678 688 731 in
721 679 886 747 pratis
911 717 926 743 ,
957 687 1011 733 et
1047 677 1354 732 viridariis?
1382 676 1458 731 Ne
1497 676 1607 745 jam
1638 675 1686 728 id
1711 676 1787 728 fa-

200 765 340 830 cias,
369 779 490 821 cum
523 776 700 821 tantus
726 769 900 822 adstat
929 769 1176 837 pepulus,
1206 768 1299 822 sed
1332 768 1436 822 alio
1463 767 1548 822 die
1579 785 1592 820 :
1627 766 1788 822 hodie

199 871 436 928 namque
457 859 719 914 luctarum
749 869 960 930 tempus
987 871 1088 929 est,
1118 861 1275 917 hodie
1303 861 1662 931 Spectaculum
1705 869 1789 916 est

195 951 577 1016 certaminum,
607 967 713 1007 non
740 953 1051 1008 deliciarum
1084 963 1173 1009 aut
1203 955 1550 1023 voluptatum.
1585 953 1784 1008 Venisti

198 1039 325 1105 huc,
361 1057 466 1095 non
497 1051 554 1097 ut
587 1043 814 1113 teipsum
856 1045 1084 1116 pigritia:
1129 1046 1292 1101 dedas
1314 1086 1328 1111 ,
1364 1045 1459 1102 sed
1490 1055 1546 1100 ut
1577 1055 1787 1101 certare

195 1129 376 1185 discas
395 1173 409 1196 ,
440 1135 715 1202 pancratio
745 1135 960 1191 vincere
980 1177 995 1202 ,
1025 1145 1079 1191 et
1105 1135 1266 1192 homo
1295 1152 1414 1192 cum
1442 1137 1518 1192 sis
1537 1176 1553 1203 ,
1581 1138 1786 1192 dmmo-

196 1237 329 1274 num
377 1221 718 1278 invisibilium
749 1227 891 1280 vires
921 1226 1230 1298 infringere.
1260 1228 1429 1283 Nemo
1455 1229 1651 1300 quippe
1689 1245 1785 1284 ve-

195 1313 364 1366 uitad
397 1314 693 1383 palmstram
718 1357 734 1378 ,
767 1325 824 1372 ut
847 1317 1048 1376 deliciis
1081 1327 1265 1384 vacet,
1293 1335 1468 1390 neque
1496 1336 1616 1376 cum
1649 1331 1786 1376 teni-

195 1418 331 1472 pore
363 1406 625 1462 luctarum
647 1409 919 1480 ingressns
950 1411 1112 1466 fuerit
1140 1454 1155 1479 ,
1181 1414 1405 1469 formam
1430 1430 1580 1469 suam
1619 1431 1784 1470 exco-

195 1495 279 1561 lit,
325 1507 415 1552 aut
451 1514 570 1554 cum
613 1502 756 1556 acies
793 1503 1099 1584 ordinanda
1121 1513 1203 1560 est
1227 1547 1242 1571 ,
1271 1521 1487 1562 mensas
1533 1507 1784 1576 exquirit.

199 1587 280 1642 Ne
308 1590 467 1659 igitur
499 1601 552 1646 tu
579 1608 792 1666 quoque
837 1611 958 1650 cum
1007 1598 1074 1652 ad
1105 1599 1294 1654 anima:
1319 1599 1681 1655 fortitudinem
1722 1617 1786 1658 ac

195 1681 394 1735 mentis
425 1681 661 1752 vigorem
691 1685 1035 1754 spectandum
1077 1688 1356 1744 adveneris
1379 1731 1394 1755 ,
1425 1691 1491 1745 ad
1523 1701 1780 1761 tropaeum

195 1784 394 1825 novum
421 1781 475 1826 ct
499 1774 832 1842 admirabile,
860 1792 1087 1848 pugnam
1114 1780 1440 1850 inusitatam,
1470 1783 1535 1836 ad
1563 1784 1784 1839 vulnera

196 1870 256 1914 et
309 1862 531 1929 pra-lia,
583 1872 637 1918 et
679 1869 1011 1934 pancratium
1051 1869 1320 1938 hominis,
1369 1887 1438 1928 ne
1481 1875 1782 1930 daemonum

194 1952 441 2006 actiones
486 1954 812 2022 introducas,
841 1969 895 2014 et
940 1969 1060 2029 post
1099 1963 1290 2017 mirum
1338 1973 1393 2019 et
1449 1966 1784 2024 tremendum

195 2041 303 2098 hoc
321 2047 681 2114 spectaculum
709 2049 950 2104 ebrietati
979 2066 1041 2107 ac
1065 2053 1268 2124 deliciis
1295 2055 1517 2126 teipsum
1544 2057 1781 2128 addicas,

194 2134 293 2188 sed
319 2136 556 2193 collectis
583 2139 777 2195 anima:
805 2141 968 2197 lucris
997 2143 1214 2200 domum
1251 2146 1443 2202 deinde
1471 2159 1739 2206 revertere
1762 2194 1777 2218 ,

191 2232 354 2292 atque
381 2226 495 2294 ipso
520 2229 596 2284 tui
625 2241 918 2300 conspectu
945 2243 1141 2291 testare
1161 2238 1406 2292 omnibus
1425 2254 1456 2294 a
1486 2251 1780 2312 martyrum

192 2322 252 2370 te
271 2320 582 2384 spectaculo
621 2321 816 2378 redire.
843 2323 972 2379 Nam
994 2327 1442 2397 quemadmodum
1462 2331 1550 2402 qui
1573 2348 1602 2386 a
1634 2333 1783 2389 thea-

1384 380 1447 436 ΙΝ
1490 383 1544 434 S.
1588 375 1925 432 JULIANUM
1966 376 2371 435 MARTYREM.

3378 382 3482 435 666

1899 489 1992 544 tris
2034 489 2381 556 descendunt,
2433 491 2585 546 facile
2631 491 2876 547 omnibus
2940 492 3308 558 innotescunt,
3363 507 3484 562 per.

1895 582 2108 646 turbati,
2129 583 2358 650 confusi,
2379 583 2620 649 emolliti,
2646 592 2700 637 et
2725 598 2907 638 eorum
2935 599 3053 653 qua:
3078 583 3183 638 illic
3211 583 3344 636 facta
3361 597 3482 637 sunt

1894 674 2177 730 simulacra
2235 684 2504 745 gestantes
2538 695 2552 729 :
2583 675 2650 729 ita
2699 683 2755 728 et
2798 689 2920 730 eum
2969 675 3057 744 qui
3097 690 3128 728 a
3179 675 3485 744 spectaculo

1894 774 2188 838 martyrum
2235 777 2570 834 revertatur,
2616 767 2770 822 facile
2821 768 2889 821 ab
2960 768 3206 822 oniuibus
3273 777 3485 836 Oportet

1895 859 2110 927 agnosci
2153 874 2218 913 ex
2245 869 2483 929 aspectu,
2515 876 2579 914 ex
2612 859 2790 914 habitu
2811 903 2824 926 ,
2866 877 2932 914 ex
2980 859 3211 926 incessu,
3243 875 3309 915 ex
3335 875 3486 915 com-

1895 952 2200 1020 punctioue,
2229 966 2294 1007 ex
2326 954 2516 1008 mentis
2542 954 2784 1008 collecta:
2811 953 3103 1008 attentione
3127 971 3142 1020 ;
3174 955 3348 1024 ignem
3371 956 3485 1025 spi-

1899 1051 2103 1096 rantem
2129 1085 2144 1110 ,
2177 1043 2497 1112 modestum,
2525 1045 2832 1109 contritum,
2862 1045 3123 1110 sobrium,
3154 1046 3480 1116 vigilantem,

1894 1142 1949 1188 et
1972 1132 2280 1188 interiorem
2314 1136 2714 1205 temperantiam
2745 1152 2807 1190 ac
2831 1137 3216 1206 philosophiam
3243 1140 3485 1208 corporis

1895 1225 2132 1279 moribus
2155 1227 2537 1296 propalantem.
2555 1227 2643 1282 Sic
2660 1228 2817 1297 igitur
2836 1229 2901 1282 ad
2921 1230 3104 1284 urbem
3128 1239 3480 1295 revertamur,

1893 1329 2012 1370 cum
2043 1332 2107 1371 ca
2137 1333 2236 1386 qua
2262 1333 2356 1387 par
2372 1328 2452 1372 est
2481 1319 2760 1383 modestia,
2781 1335 2900 1374 cum
2926 1322 3135 1375 incessu
3162 1321 3478 1391 composito,

1893 1420 2014 1462 cum
2069 1408 2347 1476 prudentia
2393 1420 2446 1464 et
2489 1412 2849 1477 continentia,
2904 1426 3024 1465 cum
3077 1413 3284 1480 placido
3335 1421 3482 1467 tran-

1893 1497 2162 1566 quilloque
2178 1509 2416 1567 aspectu.
2445 1499 2668 1552 Amictus
2694 1501 2823 1553 enim
2855 1501 2947 1553 riri
2969 1542 2982 1564 ,
3005 1511 3050 1554 el
3075 1501 3205 1553 risus
3233 1502 3480 1566 dentium,

1895 1597 1943 1642 et
1971 1590 2227 1658 ingressus
2252 1589 2469 1646 hominis
2495 1592 2773 1645 euuntiabit
2820 1592 2882 1644 de
2922 1591 3012 1644 illo
3044 1590 3228 1664 (Eccli.
3253 1593 3338 1647 l9.
3361 1591 3480 1662 27).

1893 1682 1966 1738 lta
2008 1699 2274 1754 sempera
2319 1685 2642 1756 martyribus
2687 1695 3053 1754 revertamur,
3084 1686 3153 1742 ab
3201 1688 3484 1757 unguentis

1893 1776 2278 1845 spiritualibus,
2304 1791 2334 1830 a
2364 1777 2665 1832 cmlestibus
2709 1778 2910 1846 pratis,
2953 1793 2983 1830 a
3029 1778 3182 1833 novis
3228 1779 3484 1849 mirisque

1891 1867 2230 1938 spectaculis,
2255 1879 2310 1924 ut
2335 1878 2390 1925 et
2411 1869 2511 1939 ipsi
2543 1870 2760 1924 multam
2789 1869 3093 1926 facilitatem
3120 1873 3477 1940 experiamur,

1892 1973 1946 2018 et
1989 1965 2197 2018 caneris
2252 1964 2548 2020 libertatem
2600 1964 2966 2030 conciliemus,
3013 1979 3075 2018 ac
3122 1963 3294 2018 futura
3343 1964 3481 2019 bona

1891 2071 2310 2126 consequamur,
2364 2057 2532 2126 gratia
2585 2067 2638 2111 et
2678 2057 3003 2126 benignitate
3051 2055 3258 2109 Domini
3312 2057 3482 2110 nostri

1891 2151 2017 2206 Jesu
2043 2149 2259 2216 Christi,
2290 2165 2409 2206 cum
2431 2165 2538 2220 quo
2568 2149 2709 2203 Patri
2749 2149 3010 2219 simulque
3047 2147 3266 2218 Spiritui
3285 2148 3481 2202 Sancto

1891 2244 2075 2312 gloria,
2104 2242 2407 2312 imperium,
2429 2240 2620 2308 honor,
2646 2255 2785 2296 nunc
2809 2248 2863 2296 ct
2887 2253 3118 2308 semper,
3137 2249 3190 2294 et
3214 2239 3264 2292 in
3287 2237 3479 2292 szrcula

1890 2335 2232 2390 sa‘culorum.
2262 2337 2453 2389 Amen.

879 3016 980 3080 AD
1013 3016 1391 3080 IIOMILIAM
1417 3018 1495 3078 IN
1527 3018 1880 3079 SANCTUM
1917 3017 2300 3079 JULIANUM
2329 3020 2780 3082 MARTYREM.

203 3356 560 3414 confessione
598 3353 801 3410 Christi
847 3369 906 3410 se
936 3354 1004 3408 ad
1039 3362 1347 3408 extremum
1379 3367 1552 3423 usque
1585 3350 1839 3421 Spiritum
1876 3359 2349 3420 perseveraturum
2391 3353 2622 3420 diceret,
2658 3355 2712 3409 iu
2753 3371 2973 3412 saccum
3013 3372 3178 3413 arena
3214 3367 3266 3415 ct
3294 3374 3460 3415 vene-

206 3474 355 3529 natis
380 3473 662 3544 reptilibus
679 3471 936 3528 refertum
958 3471 1222 3535 inclusus,
1243 3477 1295 3527 ln
1312 3487 1460 3527 mare
1482 3471 1752 3543 projectus
1768 3477 1934 3536 est,et
1954 3470 2200 3540 martyrii
2223 3486 2479 3527 coronam
2502 3474 2749 3544 adeptus.
2767 3473 3049 3530 Postremo
3063 3475 3278 3530 additur
3296 3495 3310 3531 :
3330 3475 3463 3528 Τοῦ-

205 3603 303 3642 τον
334 3591 363 3643 ὁ
387 3589 558 3661 μέγας
591 3591 970 3661 Χρυσόστομος
1007 3589 1304 3660 ἐγκωμίοις
1331 3587 1610 3660 ἐτίμησεν.
1639 3585 1783 3640 Ilum

1892 3602 2046 3656 tgnus
2082 3582 2488 3658 Chrysostomus
2513 3589 2759 3644 laudibus
2792 3591 3085 3645 exornavit.
3119 3590 3175 3646 ln
3203 3593 3464 3665 Catalego

205 3713 530 3782 Augustano
565 3719 828 3767 tractatus
858 3710 944 3765 hic
973 3719 1056 3766 est
1081 3711 1272 3766 ordine
1307 3706 1744 3779 septuagesimus
1776 3717 1783 3761 I

1892 3708 1990 3773 ius,
2020 3709 2103 3771 εὶς
2137 3708 2230 3762 τὸν
2258 3708 2512 3780 μάρτυρα
2548 3707 2856 3766 Ἰουλιανόν.
2892 3709 2954 3762 Εἰ
2977 3711 3034 3761 ὲν
3055 3713 3123 3781 τῇ
3155 3713 3246 3781 γῇ.
3281 3709 3461 3766 Codex

207 3834 485 3890 Mediceus
515 3835 793 3905 prazfixum
834 3835 1030 3889 habuit
1055 3835 1196 3890 diem
1229 3831 1281 3906 μ’
1333 3833 1537 3905 Ἰουνίῳ
1563 3838 1672 3889 κα’.
1697 3832 1756 3886 1η
1786 3829 2080 3902 llorologio
2111 3847 2327 3902 quoque
2355 3831 2665 3888 Graecorum
2693 3833 2831 3903 apud
2875 3830 3105 3888 Usuardi
3135 3831 3460 3904 Martyrolo-

211 3951 363 4021 gium
395 3967 424 4006 a
469 3951 686 4008 Molano
716 3952 943 4019 editum,
972 3953 1036 4006 21
1071 3952 1264 4019 Junii,
1300 3951 1641 4009 Sacrosancti
1680 3952 1940 4024 Martyris
1978 3951 2188 4007 Juliani
2235 3954 2407 4007 Tarsi.
2449 3951 2707 4008 Diversus
2737 3961 2822 4008 est
2853 3953 2946 4008 hic
2980 3953 3049 4008 ab
3089 3952 3182 4007 illo
3219 3950 3461 4018 Juliano,

210 4069 372 4138 cujus
405 4071 463 4126 lit
515 4071 722 4125 mentio
772 4069 827 4124 in
861 4069 1162 4141 Menologio
1194 4071 1414 4142 vulgato
1444 4072 1694 4142 Antiquae
1720 4071 1994 4126 Lectionis
2019 4069 2084 4124 Τ.
2123 4070 2259 4125 Vlll.
2290 4069 2476 4140 Neque
2502 4071 2646 4125 enim
2689 4071 2743 4124 in
2773 4069 3027 4140 ngypto,
3077 4069 3171 4126 sed
3198 4070 3252 4124 in
3272 4069 3459 4124 Cilicia

208 4195 410 4250 passus
442 4191 526 4236 est
553 4199 568 4236 :
605 4182 678 4237 ita
709 4190 768 4237 ut
795 4182 936 4252 quod
965 4183 1056 4238 ille
1085 4199 1114 4236 a
1144 4182 1535 4255 Chrysostomo
1563 4185 1818 4240 laudatus
1841 4183 2060 4248 dicitur,
2095 4184 2164 4239 ab
2196 4185 2297 4240 hoc
2323 4193 2510 4240 nostro
2539 4183 2607 4238 ad
2635 4184 2787 4240 illum
2817 4199 3096 4254 perperam
3135 4182 3458 4238 translatum

210 4293 383 4356 fuisse
424 4301 690 4358 videatur.
746 4306 805 4359 ln
846 4305 1044 4360 Codice
1108 4304 1276 4375 Regio
1328 4305 1548 4362 llenrici
1601 4307 1666 4370 ll,
1715 4315 1770 4360 et
1825 4303 2088 4358 Bavarico
2128 4304 2210 4358 sic
2265 4303 2663 4360 inscribebatur
2716 4301 2805 4356 hic
2869 4309 3131 4357 tractatus
3172 4317 3186 4353 :
3221 4298 3315 4360 Εἰς
3367 4295 3460 4348 τὸν

207 4411 367 4480 ἅγιον
415 4414 874 4487 μεγαλομάρτυρα
921 4417 1230 4475 Ἰουλιανόν.
1283 4437 1302 4471 ι
1333 4416 1494 4473 Plura
1537 4419 1664 4474 vide
1695 4419 1749 4472 in

1892 4416 1945 4471 .is
1978 4415 2305 4472 Sanctorum
2349 4415 2594 4472 Bollandi
2621 4416 2690 4472 ad
2717 4415 2986 4508 decimam
3023 4422 3239 4471 sextam
3282 4410 3459 4468 Martii

207 4525 379 4581 diem.

284 4676 663 4750 Interpretatio
693 4679 882 4735 Latina
913 4689 996 4736 est
1025 4679 1320 4738 Frontonis
1350 4681 1553 4738 Ducati.

692 5277 1244 5354 LAUDATIO
1287 5281 1669 5356 SANCTI
1732 5285 2320 5362 MARTYRIS
2381 5286 2807 5362 JULIANI
2875 5269 2983 5356 (α).

260 5597 311 5651 l.
349 5593 406 5651 Si
426 5593 561 5650 tales
580 5594 632 5649 in
659 5595 815 5651 terris
843 5596 1072 5650 honores
1098 5595 1418 5666 martyribus
1441 5596 1774 5660 deferuntur,

194 5693 468 5757 pstquam
511 5686 836 5742 excesserint
887 5701 953 5742 ex
998 5687 1096 5741 hac
1137 5688 1272 5752 vita,
1328 5686 1510 5756 quales
1558 5702 1773 5744 corona:

1883 5601 2079 5656 sanctis
2110 5615 2293 5656 eorum
2325 5601 2586 5671 capitibus
2615 5600 2666 5655 in
2707 5599 2854 5655 ca'lis
2883 5599 3203 5654 nectuntur?
3245 5597 3289 5655 si
3329 5608 3467 5654 tanta

1883 5702 1962 5749 cst
2000 5702 2122 5749 ante
2166 5694 2607 5749 resurrectionem
2645 5693 2832 5764 gloria.
2859 5700 3088 5763 quantus
3121 5702 3244 5764 post
3287 5709 3469 5747 resar-

249 5799 326 5864 (ω)
351 5799 646 5850 contulimus
664 5815 771 5851 cum
801 5809 896 5862 Mss,
926 5800 1083 5863 Regiis
1113 5799 1246 5862 l970,
1265 5800 1404 5858 “21129,
1436 5808 1484 5850 ct
1509 5800 1654 5850 2552.
1886 5789 2175 5846 rectionem
2214 5789 2312 5845 erit
2341 5789 2623 5858 splendor?
2654 5790 2696 5844 si
2739 5797 2885 5845 tanto
2913 5801 3007 5845 eos
3042 5789 3286 5845 conscivi
3321 5788 3465 5843 cuitu
