3860 6286
407 336 509 391 607

403 450 722 522 dignantur,
763 462 958 522 quanta
1003 467 1094 507 eos
1141 452 1394 506 Dominus
1431 449 1797 506 benevolentia
1838 461 1988 502 com-

407 545 708 614 plectetur?
736 546 779 598 si
811 560 908 600 nos
935 545 1057 598 mali
1088 559 1394 607 conservos,
1427 545 1516 614 qui
1547 550 1692 598 recte
1721 558 1778 596 se
1805 556 1990 611 gesse-

404 645 560 698 runt,
595 635 672 690 sic
719 636 1006 690 honoribus
1047 635 1261 690 afﬁcere
1301 637 1542 690 novimus
1580 650 1643 690 ac
1683 636 1987 704 suSpicere,

405 729 525 797 quia
566 741 659 796 pro
701 727 912 781 Christo
953 728 1287 782 deeertarunt
1313 769 1326 794 ,
1379 737 1576 797 quanto
1621 726 1789 798 magis
1837 727 1992 782 Pater

402 826 588 872 noster
611 817 838 871 caelestis
867 817 1144 873 innumera
1178 821 1316 873 liena
1335 818 1483 872 dabit
1505 819 1588 884 iis,
1619 819 1706 889 qui
1744 833 1840 888 pro
1877 818 1990 888 ipso
2023 851 2034 861 ι

401 906 614 962 labores
654 907 1032 962 exautlarunt?
1077 909 1172 962 Est
1217 910 1359 963 enim
1413 910 1694 964 munilicus
1735 919 1790 963 ct
1835 909 1990 962 beni-

401 1011 574 1066 gnus;
610 1012 794 1052 verum
833 1014 937 1052 non
977 999 1046 1053 ob
1080 999 1178 1053 hoc
1207 999 1377 1068 ipsum
1419 1001 1578 1054 modo
1619 999 1859 1068 ingentes
1895 1014 1990 1054 eos

405 1089 635 1142 honores
666 1101 876 1144 manent
905 1131 920 1154 ,
962 1092 1055 1144 sed
1091 1091 1338 1160 quoniam
1377 1090 1590 1145 debitor
1619 1100 1697 1144 cst
1729 1089 1986 1160 ipsorum.

402 1178 506 1234 l’ro
537 1181 689 1234 nobis
715 1191 975 1252 martyres
1013 1184 1223 1236 mactati
1259 1198 1362 1236 non
1393 1192 1535 1247 sunt,
1569 1191 1746 1236 tamen
1794 1185 1843 1236 in
1889 1183 1988 1236 ho.

407 1286 590 1325 norem
626 1271 834 1327 illorum
863 1273 1210 1327 convenimus
1240 1289 1254 1326 :
1296 1273 1436 1342 quod
1465 1273 1511 1327 si
1543 1288 1638 1326 nos
1665 1289 1760 1342 pro
1797 1273 1990 1342 quibus

407 1364 616 1417 mactati
647 1379 749 1418 non
780 1376 922 1428 sunt,
949 1365 1316 1430 convenimus,
1341 1363 1606 1427 Christus,
1641 1379 1736 1432 pro
1763 1380 1868 1432 quo
1895 1379 1990 1418 sua

402 1454 571 1522 capita
599 1453 949 1519 devoverunt,
979 1454 1104 1523 qttid
1133 1471 1236 1507 non
1263 1453 1574 1522 pra-stabit?
1609 1455 1866 1523 siquibus
1904 1454 1988 1507 ni-

405 1545 476 1598 hil
499 1546 724 1600 debebat
752 1553 896 1600 tanta
927 1547 1062 1598 bona
1089 1545 1253 1608 dedit,
1285 1545 1400 1610 hos,
1425 1545 1614 1612 quibus
1653 1545 1861 1599 debi'or
1883 1553 1986 1609 est,

405 1637 596 1705 quibus
628 1637 784 1690 donis
827 1653 930 1691 non
979 1638 1445 1691 retnunerabitur?
1475 1637 1612 1690 Nihil
1642 1646 1796 1692 antea
1826 1649 1990 1692 terra-

405 1743 523 1780 rum
578 1728 693 1781 orbi
759 1729 1032 1802 debebat;
1079 1727 1266 1782 Omnes
1316 1730 1448 1782 enim
1501 1742 1863 1800 peccaverunt,
1917 1733 1992 1785 ait

405 1819 634 1886 Paulus,
665 1831 712 1872 et
745 1825 886 1890 egent
930 1821 1094 1890 gloria
1129 1821 1222 1874 Dei
1252 1821 1424 1891 (liam.
1455 1823 1507 1876 5.
1535 1821 1630 1892 25)
1658 1841 1670 1875 :
1711 1823 1816 1878 imo
1861 1840 1988 1878 vero

409 1927 616 1980 patriam
667 1928 730 1966 ac
765 1913 1082 1982 supplicium
1131 1913 1398 1979 debebat;
1451 1924 1814 1969 verumtamen
1865 1931 1986 1969 cum

407 2017 618 2070 primum
661 2003 812 2056 nobis
837 2019 900 2058 ac
927 2004 1245 2074 SUppliciunt
1281 2004 1520 2071 deberet,
1551 2007 1708 2060 vitam
1735 2019 1988 2060 :etcruatn

409 2093 626 2161 largitus
668 2104 770 2148 est.
819 2094 873 2148 Si
913 2094 1105 2163 quibus
1153 2095 1310 2164 igitur
1353 2095 1672 2165 supplicium
1721 2095 1941 2150 debebat
1971 2137 1987 2161 ,

407 2183 488 2236 bis
515 2171 731 2252 regnum
763 2183 902 2238 dedit
933 2201 946 2237 :
979 2184 1170 2252 quibus
1201 2185 1356 2238 vitam
1387 2171 1638 2239 aeternam
1657 2185 1834 2254 debet,
1864 2187 1991 2256 quid

405 2292 510 2329 non
553 2278 734 2330 dabit?
761 2278 951 2346 quibus
993 2293 1097 2332 non
1138 2293 1232 2332 eos
1262 2279 1550 2334 honoribus
1585 2280 1917 2334 cumulahit?
1945 2283 1990 2336 si

411 2383 506 2435 pro
531 2368 651 2432 illis,
693 2370 779 2438 qui
814 2369 984 2437 ipsum
1033 2371 1291 2433 oderant,
1323 2371 1607 2426 cruciﬁxus
1636 2380 1748 2437 est,
1791 2381 1843 2426 et
1869 2389 1991 2428 san—

407 2460 619 2528 guinem
652 2460 782 2514 fudit
812 2479 824 2512 :
857 2477 954 2530 pro
985 2461 1108 2522 illis.
1139 2463 1228 2531 qui
1259 2464 1570 2531 sanguinem
1602 2479 1698 2532 pro
1723 2463 1838 2533 ejus
1863 2480 1994 2519 con-

409 2553 637 2606 fessione
668 2553 930 2617 fuderunt,
973 2554 1096 2622 quid
1145 2569 1246 2606 non
1289 2553 1570 2622 perﬁciet?
1611 2555 1654 2608 si
1683 2565 1990 2611 aversantes

410 2659 474 2697 ac
519 2643 812 2698 resilientes
853 2644 922 2697 ita
951 2645 1135 2698 dilexit
1161 2654 1216 2697 ut
1259 2661 1350 2713 pro
1380 2646 1506 2712 ipsis
1536 2657 1850 2712 moreretur,
1897 2663 1990 2702 eos

407 2737 496 2806 qui
547 2751 790 2790 mensura
838 2737 1010 2805 ipsum
1074 2739 1300 2790 maxima
1352 2738 1682 2801 dilexerunt;
1739 2739 1990 2809 Majorem

408 2830 548 2882 enim
586 2829 680 2900 (me
730 2830 1042 2884 dilectionem
1089 2847 1232 2884 nemo
1276 2830 1456 2898 habet,
1502 2839 1556 2884 ut
1589 2833 1810 2885 animout
1847 2850 1990 2886 suam

411 2933 564 2989 ponat
590 2923 701 2993 quis
735 2941 826 2993 pro
855 2925 1029 2976 amicis
1056 2925 1158 2978 suis
1187 2923 1360 2993 (Joau.
1394 2925 1478 2978 l5.
1511 2923 1618 2996 l5),
1647 2934 1840 2996 quanta
1869 2941 1988 2980 sus-

405 3013 566 3081 cipiet
620 3015 1040 3070 benevolentia?
1091 3016 1282 3086 quibus
1339 3015 1530 3069 ofﬁciis
1597 3016 1988 3085 prosequetur?

409 3105 636 3158 Athleta:
676 3106 889 3175 qu’dem
932 3107 1279 3160 certaminum
1325 3118 1663 3162 externorum
1705 3108 1892 3162 eodem
1936 3107 1988 3161 in

405 3211 695 3254 scammate
723 3201 1026 3266 decertant,
1055 3209 1109 3254 et
1149 3205 1402 3265 vincunt,
1427 3201 1656 3254 victores
1683 3201 1991 3255 renuntian-

409 3299 512 3356 tnr,
537 3300 588 3344 et
617 3301 940 3345 coronantur
979 3307 991 3343 :
1041 3299 1094 3344 at
1130 3292 1210 3344 isti
1258 3291 1465 3360 pietatis
1495 3290 1707 3344 athletm
1748 3306 1852 3345 non
1880 3291 1985 3357 ita;

407 3380 500 3433 sed
533 3381 584 3433 in
629 3381 874 3448 praesenti
907 3381 1119 3450 quidem
1161 3381 1356 3434 szecnlo
1390 3380 1683 3447 decertant,
1732 3381 1782 3432 in
1816 3379 1990 3434 futuro

408 3483 583 3523 autem
620 3481 945 3525 coronantur
974 3487 986 3523 :
1015 3483 1312 3540 pugnatum
1339 3470 1423 3524 hic
1447 3485 1566 3524 cum
1598 3470 1808 3525 diabolo
1834 3479 1990 3538 atque

411 3563 690 3626 vicerunt,
741 3561 846 3615 illic
893 3570 1071 3614 autem
1117 3561 1342 3616 victores
1388 3560 1777 3614 renuntiantur.
1825 3561 1888 3614 Et
1935 3568 1994 3614 ut

408 3676 528 3715 esse
569 3675 750 3714 verum
794 3659 928 3712 istud
975 3658 1299 3728 intelligatis,
1351 3673 1450 3712 nec
1495 3657 1614 3712 illos
1656 3657 1742 3712 hic
1779 3657 1992 3712 coronis

411 3753 620 3818 donari,
653 3767 836 3807 verum
871 3752 976 3806 illic
1006 3751 1150 3820 ipsos
1189 3751 1364 3805 omnia
1399 3767 1615 3806 manere
1643 3751 1803 3817 dona,
1848 3751 1989 3806 Pau-

410 3845 516 3898 lmn
557 3845 820 3898 dicentem
859 3845 1058 3910 audite,
1088 3842 1288 3898 Bonum
1331 3853 1579 3898 certamen
1617 3846 1827 3911 certari,
1871 3861 1990 3898 cur-

407 3951 518 3988 sum
547 3937 906 4000 consummari,
930 3935 1079 4002 [idem
1109 3935 1297 3988 servavi
1321 3950 1341 3988 :
1377 3935 1430 3988 in
1459 3936 1647 4004 reliquo
1675 3937 1892 4004 reposita
1920 3943 1991 3988 est

413 4027 532 4080 mihi
557 4043 740 4080 corona
756 4028 972 4096 justitia:
993 4027 1067 4096 (2.
1095 4026 1226 4080 Tim.
1255 4027 1310 4080 4.
1339 4027 1390 4080 7.
1416 4028 1472 4097 8)
1505 4045 1518 4080 :
1561 4027 1646 4078 ubi
1674 4036 1725 4081 et
1745 4026 1991 4096 quando?

419 4120 576 4183 Quam
604 4119 776 4172 reddet
817 4119 940 4172 mihi
979 4119 1226 4173 Dominus
1265 4119 1318 4172 in
1359 4119 1450 4173 illa
1478 4119 1576 4184 die,
1597 4120 1768 4189 justus
1804 4119 1990 4189 judex.

411 4210 505 4264 llic
549 4212 801 4279 cucurrit,
846 4213 952 4266 illic
991 4223 1313 4273 coronatur;
1361 4212 1447 4266 hic
1490 4214 1647 4278 vicit,
1680 4213 1786 4268 illic
1824 4214 1992 4267 victor

411 4305 766 4378 renuntiatur.
795 4305 1031 4359 Audistis
1055 4305 1224 4374 ipsum
1250 4304 1408 4358 hodie
1437 4321 1646 4374 quoque
1673 4306 1988 4359 clamantem

410 4409 471 4449 ac
511 4395 772 4452 dicentem
807 4414 821 4450 :
867 4397 1027 4450 Juxta
1056 4397 1205 4465 ﬁdem
1245 4396 1468 4466 defuncti
1508 4406 1623 4450 sunt
1653 4413 1824 4450 omnes
1869 4397 1986 4462 isti,

418 4504 516 4539 non
557 4488 772 4557 acceptis
811 4487 1280 4556 repromissionibus
1303 4527 1318 4550 ,
1355 4485 1443 4539 sed
1481 4502 1512 4538 a
1551 4487 1695 4556 longe
1730 4503 1817 4540 eos
1856 4486 1994 4558 aspi-

411 4577 594 4630 cientes
620 4587 666 4632 et
697 4577 973 4632 salutantes
1013 4576 1196 4648 (Hebr.
1229 4574 1318 4631 Η.
1351 4575 1462 4648 15).
1494 4576 1601 4631 Cur
1634 4577 1791 4645 igitur
1818 4587 1997 4632 exter.

414 4670 496 4720 nis
531 4669 742 4736 quidem
777 4683 840 4723 ac
885 4668 1120 4738 profanis
1157 4667 1373 4722 athletis
1415 4667 1574 4721 simul
1612 4667 1898 4723 obveniunt
1941 4676 1996 4723 et

413 4759 646 4812 victoria:
674 4767 728 4814 et
751 4773 986 4822 coronrc,
1017 4759 1224 4827 pictatis
1253 4767 1430 4812 autem
1461 4757 1676 4812 athletis
1700 4774 1804 4811 non
1833 4759 1994 4813 simul

411 4860 464 4904 et
493 4849 726 4902 victoria:
769 4857 823 4902 et
849 4864 1080 4916 corona‘,
1112 4849 1204 4904 sed
1248 4857 1451 4903 tantum
1474 4859 1594 4919 post
1625 4849 1878 4918 temporis
1907 4849 1992 4902 in-

417 4939 739 4995 tervallum?
779 4939 1066 5006 Sudarunt,
1108 4941 1316 4996 labores
1355 4941 1438 4996 hic
1471 4941 1843 5007 exantlarunt,
1875 4956 1995 4995 sex-

410 5039 561 5086 centa
597 5033 812 5086 vulnera
853 5040 1209 5100 exceperunt,
1251 5049 1348 5088 nec
1373 5034 1548 5087 statim
1589 5033 1995 5113 eis\obveniunt

407 5123 660 5178 coromc?
703 5122 1077 5193 Nequaquam,
1111 5123 1278 5190 inquit
1309 5140 1322 5177 :
1355 5140 1460 5178 non
1499 5124 1642 5178 enim
1686 5125 1806 5178 vita:
1851 5139 1992 5193 prae-

411 5215 580 5267 sentis
617 5224 802 5268 natura
831 5214 1244 5284 magnitudinem
1282 5213 1500 5269 honoris
1529 5215 1664 5270 illius
1692 5216 1832 5284 capit
1862 5232 1875 5268 :
1905 5231 1993 5270 ca-

409 5305 602 5358 ducum
647 5315 730 5360 est
767 5305 1020 5360 Stcculum
1061 5321 1334 5376 praesens,
1381 5319 1444 5360 ac
1487 5305 1681 5373 breve;
1731 5307 1992 5361 inﬁnitum

407 5397 558 5463 illud,
588 5397 888 5454 immortale
936 5406 988 5452 et
1008 5407 1286 5452 aeternum.

481 5489 818 5564 Temporanei
846 5491 1041 5546 labores
1076 5508 1288 5545 coronas
1325 5491 1547 5559 referunt
1592 5489 1996 5543 immortales.—

411 5581 700 5650 I'ropterca
743 5584 954 5638 labores
993 5583 1205 5652 quidem
1234 5598 1356 5637 cum
1387 5581 1534 5636 brevi
1575 5596 1636 5636 ac
1675 5585 1798 5649 ιριιή
1819 5583 1996 5634 01⁵31⁵Ϊο

412 5673 608 5728 satculo
650 5675 750 5727 isto
775 5677 1086 5742 etmncxuit,
1131 5689 1357 5730 coronas
1385 5683 1560 5728 autem
1607 5683 1808 5728 attcrno
1837 5680 1996 5740 atque

415 5765 698 5819 itsnner'ali
740 5768 1052 5834 reservavit,
1081 5777 1134 5821 ut
1173 5776 1224 5820 et
1257 5766 1496 5821 laborum
1527 5765 1767 5820 molestia
1801 5763 1990 5832 ιιι-ςυρὶ-

1165 337 1221 393 S.
1262 332 1540 392 JOANNIS
1569 327 2040 389 CllRYSOSTOMl
2081 327 2395 383 ARClllEP.
2437 329 2971 386 CUNS’I‘ANTINOP.

3591 333 3698 390 6‘38

2098 442 2292 507 datur,
2341 451 2459 514 quae
2489 460 2610 499 cum
2657 445 2912 514 temporis
2957 445 3215 500 brevitate
3259 443 3613 515 dissolvatur,
3642 462 3702 506 et

2099 536 2350 604 perennis
2387 549 2450 590 ac
2498 545 2780 605 perpetuus
2817 549 3134 609 coronarum
3183 551 3312 592 usus
3351 547 3692 608 permaneat,

2097 629 2186 698 qui
2223 643 2326 682 una
2357 643 2476 682 cum
2523 629 2849 684 inﬁnitarum
2881 629 3197 683 surculorum
3229 629 3440 684 illorum
3471 631 3685 686 immor-

2099 723 2297 776 talitate
2339 722 2628 790 -perduret.
2669 723 2820 788 Quod
2881 723 3039 790 igitur
3091 723 3382 791 majoribus
3431 738 3538 796 eos
3597 724 3691 777 bo-

2098 814 2318 869 noribus
2347 829 2539 870 ornare
2578 816 2758 879 vellet,
2793 831 2984 870 munus
3009 816 3212 870 distulit
3241 835 3254 870 :
3289 832 3387 872 nec
3415 817 3538 872 ideo
3571 829 3690 871 tan-

2101 916 2209 957 tum
2235 947 2248 969 ,
2291 905 2386 960 sed
2427 914 2483 958 ut
2520 921 2648 974 pura
2692 905 2940 976 deinceps
2981 907 3252 976 voluptate
3282 908 3690 976 perfunduntur.

2099 996 2230 1050 Nam
2271 998 2721 1067 quemadmodum
2765 999 2830 1064 is,
2873 1000 2962 1070 qui
3019 1001 3166 1068 prius
3212 1000 3417 1055 deliciis
3447 1016 3514 1056 ac
3541 1003 3694 1056 volu-

2102 1089 2334 1157 ptatibus
2361 1088 2572 1154 fruitur,
2597 1105 2660 1144 ac
2700 1089 2891 1144 deinde
2921 1090 3193 1144 vexandus
3227 1100 3342 1156 est,
3393 1103 3694 1161 prmsentrs

2098 1181 2314 1234 delicias
2356 1181 2427 1235 ob
2457 1181 2749 1236 futurorum
2793 1181 3055 1235 malorum
3093 1184 3550 1251 exspectationem
3593 1184 3693 1237 mi-

2100 1272 2241 1326 nimc
2267 1273 2464 1326 sentit:
2504 1274 2581 1327 sic
2612 1273 2698 1327 ille
2729 1274 2816 1343 qui
2846 1273 2990 1342 prius
3019 1283 3215 1342 pugnat
3242 1289 3305 1328 ac
3328 1274 3607 1339 decertat,
3637 1287 3688 1330 et

2098 1375 2348 1418 sexcenta
2380 1364 2515 1417 mala
2562 1363 2770 1426 tolerat,
2806 1363 2998 1418 deinde
3042 1379 3168 1419 vero
3205 1377 3516 1430 coronatur,
3551 1381 3690 1434 pra:—

2099 1455 2326 1509 sentiutn
2371 1457 2630 1510 malorum
2679 1473 2895 1522 sensum
2945 1472 3050 1510 non
3097 1458 3258 1526 capit,
3305 1457 3434 1511 dum
3478 1459 3690 1513 fotum-

2097 1561 2214 1600 rum
2242 1546 2501 1601 bonorum
2531 1563 2626 1618 Spe
2663 1557 2953 1603 recreatur.
2981 1547 3162 1618 Neque
3191 1564 3319 1603 vero
3347 1549 3535 1604 labore
3568 1559 3686 1604 tan-

2097 1647 2208 1693 tum
2246 1655 2338 1694 eos
2367 1641 2613 1708 praesenti
2654 1655 2746 1708 per
2773 1641 2908 1695 hanc
2952 1639 3246 1696 futurorum
3273 1657 3423 1713 spem
3464 1641 3683 1709 levavit,

2097 1731 2190 1786 sed
2228 1734 2386 1786 etiam
2416 1732 2557 1801 quod
2597 1732 2852 1798 olfecerit,
2897 1743 2955 1787 ut
2997 1732 3183 1787 ordine
3212 1734 3361 1804 prior
3407 1734 3686 1802 voluptate

2095 1832 2238 1877 esset
2266 1822 2526 1877 afﬂictio:
2577 1837 2644 1877 ne
2682 1823 3024 1879 vehementer
3051 1838 3080 1878 a
3121 1825 3472 1894 pnesentibus
3502 1825 3684 1891 malis,

2097 1913 2221 1967 dum
2248 1913 2314 1966 ad
2345 1913 2432 1967 illa
2462 1913 2752 1982 respiciunt
2781 1923 3144 1984 torqueantur.
3171 1915 3259 1971 Sic
3277 1916 3350 1970 illi
3375 1916 3563 1984 etiam,
3591 1920 3686 1988 qui

2097 2003 2389 2073 pugilatum
2434 1996 2640 2058 certant
2661 2045 2676 2068 ,
2709 2005 2954 2061 alacriter
2991 2007 3208 2061 vulnera
3235 2007 3544 2076 excipiunt,
3573 2025 3683 2063 non

2097 2095 2330 2160 dolores,
2363 2095 2456 2150 sed
2487 2111 2741 2152 coronam
2785 2106 3088 2166 Spectantes
3113 2114 3127 2164 ;
3160 2098 3320 2162 sicct
3350 2110 3528 2154 nauta:
3557 2117 3684 2156 sex-

2098 2196 2251 2240 centa
2289 2187 2522 2256 pericula
2553 2187 2842 2242 subeuntes
2867 2229 2888 2252 ,.
2927 2197 3306 2258 tempestates,
3335 2198 3389 2245 et
3427 2189 3683 2246 infestum

2097 2277 2365 2346 quoddam
2407 2277 2626 2342 bellum,
2667 2292 2731 2332 ae
2773 2279 2930 2332 szevis
2959 2294 3019 2334 se
3057 2279 3268 2345 belluis,
3309 2283 3686 2350 etgrassanti-

2096 2369 2194 2423 bus
2238 2369 2290 2421 in
2345 2369 2478 2422 mari
2529 2368 2870 2436 praidonihus
2915 2368 3264 2440 objicicntes,
3311 2371 3442 2426 nihil
3485 2371 3682 2426 horum

2099 2467 2275 2515 mente
2305 2467 2538 2527 versant,
2567 2460 2660 2515 sed
2705 2459 2770 2513 ad
2801 2470 2988 2532 portus
3016 2475 3078 2514 ac
3103 2460 3313 2516 divitias
3343 2477 3408 2516 ex
3437 2464 3680 2533 negotia-

2099 2555 2242 2608 tione
2287 2553 2614 2622 colligendas
2668 2554 2997 2624 respiciunt:
3041 2555 3112 2609 ita
3149 2563 3200 2609 et
3254 2565 3518 2628 martyres
3561 2573 3683 2613 sex-

2095 2656 2248 2699 centa
2280 2647 2414 2698 mala
2441 2646 2746 2709 tolerantes,
2789 2661 3014 2716 corpore
3053 2647 3211 2701 variis
3238 2650 3520 2704 tormentis
3547 2665 3682 2704 con-

2095 2739 2228 2799 ciso,
2276 2739 2404 2791 nihil
2450 2739 2670 2790 istorum
2720 2739 3056 2806 Spectabant,
3105 2739 3196 2794 sed
3223 2739 3354 2794 caelo
3391 2750 3448 2794 ct
3491 2741 3680 2806 bonis,

2097 2845 2214 2898 qua:
2253 2827 2376 2882 inde
2403 2839 2704 2897 sperantur,
2753 2829 3043 2884 inhiab-nt.
3077 2831 3248 2898 Atque
3291 2841 3348 2884 ut
3373 2830 3684 2900 intelligatis

2096 2935 2178 2985 ea,
2223 2934 2342 2989 qua:
2373 2929 2554 2972 natura
2601 2935 2693 2972 sua
2732 2920 2910 2988 gravia
2950 2928 3076 2974 sunt
3112 2929 3166 2978 et
3194 2921 3548 2987 intoleranda,
3587 2937 3682 2992 spe

2097 3012 2392 3067 futurorum
2423 3012 2554 3066 levia
2583 3011 2728 3066 reddi
2759 3029 2821 3067 ac
2859 3012 3128 3076 facillima,
3161 3008 3462 3082 prtelectnfn
3494 3014 3679 3069 taliqu

2096 3107 2355 3161 bonorum
2387 3106 2650 3160 dicentem
2679 3105 2858 3160 audite
2887 3121 2900 3156 :
2931 3103 2996 3158 Id
3037 3105 3168 3159 enim
3194 3106 3329 3175 quod
3365 3107 3414 3158 in
3447 3106 3682 3176 prtcscnti

2095 3207 2170 3252 est
2212 3204 2608 3250 momentaueum
2647 3205 2694 3248 et
2736 3197 2839 3249 leve
2881 3194 3215 3249 tribulationis
3263 3206 3480 3260 nostraz,
3523 3212 3682 3264 supra

2097 3288 2298 3342 modum
2327 3288 2377 3342 in
2406 3287 2707 3342 sublimitate
2733 3297 2976 3340 cateruam
3016 3284 3196 3356 gloria:
3219 3286 3416 3356 pondus
3443 3297 3680 3356 operatur

2096 3381 2236 3434 nobis
2261 3379 2338 3448 (2.
2370 3378 2488 3433 Cor.
2519 3379 2572 3433 4.
2602 3379 2708 3444 Π).
2741 3377 2858 3443 Quo
2887 3375 3097 3430 tandem
3127 3387 3279 3444 pacto
3302 3379 3528 3448 quaeso?
3557 3377 3680 3432 Non

2097 3468 2549 3539 contemplantibus
2591 3469 2730 3522 nobis
2756 3483 2867 3536 qua:
2912 3467 3158 3534 videntur,
3189 3467 3278 3521 sed
3318 3483 3432 3536 qua:
3479 3484 3582 3522 non
3608 3467 3681 3522 tri--

2097 3562 2278 3616 dertur
2315 3561 2422 3634 (Ib.
2451 3577 2500 3615 υ.
2530 3561 2638 3630 18).

2167 3653 2222 3706 2.
2267 3653 2390 3706 “(CC
2427 3663 2603 3706 autem
2649 3665 2751 3706 non
2801 3649 2895 3704 abs
2941 3665 3000 3704 re
3043 3649 3180 3704 dicta
3227 3659 3351 3703 sunt
3377 3664 3406 3702 a
3436 3665 3543 3712 me,
3587 3649 3678 3704 sed

2098 3751 2316 3816 propter
2357 3758 2473 3806 vos,
2524 3749 2580 3794 ut
2616 3754 2737 3795 c-m
2777 3741 3003 3808 aliquem
3046 3739 3097 3792 in
3135 3739 3234 3793 hac
3257 3739 3364 3792 vita
3391 3738 3595 3792 deliciis
3621 3750 3694 3792 ac‘

2097 3836 2450 3906 voluptatibus
2473 3833 2826 3904 perfrucutcm
2847 3831 3104 3897 videritis,
3123 3831 3215 3885 sed
3246 3831 3358 3884 illic
3374 3839 3558 3900 postea
3583 3846 3682 3899 pu-

2099 3929 2370 3992 niendum,
2389 3941 2493 3980 non
2517 3941 2636 3980 eum
2652 3934 2866 3994 propter
2895 3931 3184 3992 praesentes
3213 3922 3431 3976 delicias
3449 3921 3680 3988 beatum,

2097 4022 2190 4077 sed
2222 4028 2437 4090 propter
2463 4017 2700 4072 futurum
2729 4015 3045 4086 supplicium
3083 4014 3332 4068 miserum
3363 4014 3681 4082 prtedicetis.

2099 4115 2330 4168 Rursum
2364 4111 2450 4166 ubi
2473 4109 2774 4180 quempiam
2799 4123 3005 4169 eorum,
3031 4105 3120 4176 qui
3147 4106 3313 4160 multo
3339 4106 3450 4160 illic
3482 4107 3683 4162 bonum

2099 4205 2384 4262 decorandi
2431 4213 2577 4268 sunt,
2622 4201 2906 4256 afﬂictione
2933 4215 2996 4254 ac
3023 4199 3379 4262 tribulatione,
3411 4208 3572 4270 atque
3598 4199 3680 4252 in-

2101 4297 2336 4353 numeris
2362 4295 2512 4349 malis
2543 4295 2594 4348 in
2619 4294 2716 4348 bac
2737 4291 3009 4362 temporali
3035 4290 3136 4344 vita
3162 4289 3400 4344 videritis
3425 4289 3678 4344 obsideri.

2107 4404 2175 4444 ne
2222 4395 2440 4458 propter
2483 4384 2762 4454 prtescntia
2805 4383 2942 4436 mala
2989 4381 3297 4450 deploretis,
3341 4381 3436 4434 sed
3480 4381 3682 4434 felicem

2094 4478 2342 4550 judicetis
2369 4493 2432 4532 ac
2457 4477 2666 4531 beatum
2694 4482 2910 4544 pr0pter
2939 4471 3198 4542 repositas
3228 4470 3326 4539 ipsi
3374 4470 3425 4523 in
3471 4470 3685 4523 inﬁnitis

2101 4573 2204 4626 illis
2234 4571 2444 4627 sarculis
2485 4582 2710 4622 coronas
2735 4565 3014 4620 censeatis.
3058 4564 3212 4618 llunc
3239 4563 3417 4632 itaque
3444 4573 3682 4617 sanctum

2099 4663 2323 4718 Cilicum
2369 4661 2512 4714 natio
2559 4659 2694 4721 tulit,
2743 4672 2864 4728 qum
2902 4655 3125 4711 Paulum
3173 4655 3332 4708 etiam
3365 4653 3524 4708 tulit:
3555 4655 3683 4708 civis

2101 4757 2242 4813 enim
2274 4756 2410 4810 illius
2437 4754 2554 4820 fuit,
2580 4762 2635 4808 et
2663 4760 2882 4820 uterque
2906 4748 3061 4803 nobis
3088 4747 3210 4802 inde
3227 4746 3472 4801 minister
3503 4745 3685 4800 Eccle-

2102 4851 2194 4905 site
2227 4848 2438 4918 prodiit.

2175 4939 2481 4993 Diuturnum
2521 4935 2720 4989 Iuliani
2761 4932 3156 5004 martyrium.—
3175 4931 3462 4999 Postquam
3511 4937 3684 4982 autem

2103 5031 2316 5102 pietatis
2345 5037 2584 5098 apertum
2612 5035 2694 5080 est
2721 5024 2966 5088 stadium,
3001 5032 3053 5076 et
3079 5023 3144 5077 ad
3158 5021 3456 5076 certamina
3482 5029 3687 5089 tempus

2103 5125 2274 5194 ipsum
2319 5121 2546 5186 vocavit,
2599 5119 2650 5172 in
2700 5131 2893 5172 swvam
2935 5114 3120 5170 incidit
3147 5114 3396 5176 belluam,
3425 5129 3546 5181 quae
3575 5119 3683 5164 tum

2097 5213 2350 5284 judicium
2375 5209 2673 5264 exercebat.
2698 5209 2776 5262 Ac
2799 5204 2972 5260 videte
2992 5212 3348 5259 commentum
3369 5219 3386 5254 ι
3407 5217 3528 5256 cum
3545 5201 3682 5255 enim

2103 5320 2224 5361 eum
2261 5303 2379 5356 forti
2407 5301 2585 5355 animo
2617 5297 2892 5368 przcditum
2921 5296 3144 5357 videret,
3175 5308 3348 5363 neque
3375 5307 3535 5362 posse
3559 5308 3684 5360 sup~

2103 5395 2243 5466 plicii
2279 5393 2610 5448 vehementia
2645 5389 2869 5461 rigidum
2899 5387 3025 5443 illud
3060 5386 3225 5440 animi
3255 5386 3418 5442 robur
3449 5385 3682 5451 infringi,

2102 5489 2153 5543 in
2184 5483 2686 5556 procrastinationes
2723 5482 2866 5534 illum
2911 5479 3124 5549 conjicit
3159 5493 3222 5532 ac
3259 5477 3560 5532 dilationes.
3605 5477 3684 5528 iu-

2105 5579 2386 5634 trodncens
2416 5575 2700 5629 identidem
2747 5583 2802 5626 et
2848 5571 3100 5626 cducens.
3133 5570 3250 5624 Non
3276 5570 3418 5624 enim
3445 5584 3550 5622 uno
3577 5566 3684 5627 die,

2105 5689 2225 5727 cum
2253 5671 2508 5733 audisset,
2543 5667 2614 5721 illi
2641 5675 2799 5736 caput
2823 5663 3062 5729 abscidit,
3098 5678 3166 5717 ne
3189 5660 3430 5730 supplicii
3455 5657 3683 5714 brevitas

2111 5762 2394 5818 faciliorem
2425 5759 2499 5813 illi
2541 5771 2752 5812 cursum
2799 5754 3077 5822 redderet;
3123 5752 3213 5808 sed
3245 5751 3434 5808 diebus
3471 5744 3681 5818 singulis
