  <div class='ocr_page' id='page_1' title='image "/cluster/home/n/w/nwhite01/storage/ocr_20150623/50/mdp.39015066055818/265.png"; bbox 0 0 3800 6282; ppageno 0'>
   <div class='ocr_carea' id='block_1_1' title="bbox 392 345 497 401">
    <p class='ocr_par' dir='ltr' id='par_1_1' title="bbox 392 345 497 401">
     <span class='ocr_line' id='line_1_1' title="bbox 392 345 497 401; baseline -0.057 0"><span class='ocrx_word' id='word_1_1' title='bbox 392 345 497 401; x_wconf 71' lang='grc'>669</span> 
     </span>
    </p>
   </div>
   <div class='ocr_carea' id='block_1_2' title="bbox 390 459 1960 533">
    <p class='ocr_par' dir='ltr' id='par_1_2' title="bbox 390 459 1960 533">
     <span class='ocr_line' id='line_1_2' title="bbox 390 459 1960 533; baseline 0.001 -20"><span class='ocrx_word' id='word_1_2' title='bbox 390 459 608 531; x_wconf 72' lang='grc' dir='ltr'>ἡμέραν</span> <span class='ocrx_word' id='word_1_3' title='bbox 639 460 880 529; x_wconf 77' lang='grc' dir='ltr'>εἰσῆγεν,</span> <span class='ocrx_word' id='word_1_4' title='bbox 909 459 1125 530; x_wconf 79' lang='grc' dir='ltr'>ἐξῆγεν.</span> <span class='ocrx_word' id='word_1_5' title='bbox 1159 461 1378 525; x_wconf 75' lang='grc' dir='ltr'>πεύσεις</span> <span class='ocrx_word' id='word_1_6' title='bbox 1406 461 1673 533; x_wconf 84' lang='grc' dir='ltr'>προσῆγε,</span> <span class='ocrx_word' id='word_1_7' title='bbox 1701 460 1960 531; x_wconf 77' lang='grc' dir='ltr'>βασάνους</span> 
     </span>
    </p>
   </div>
   <div class='ocr_carea' id='block_1_3' title="bbox 398 542 1962 612">
    <p class='ocr_par' dir='ltr' id='par_1_3' title="bbox 398 542 1962 612">
     <span class='ocr_line' id='line_1_3' title="bbox 398 542 1962 612; baseline 0.003 -18"><span class='ocrx_word' id='word_1_8' title='bbox 398 542 600 612; x_wconf 89' lang='grc' dir='ltr'>μυρίας</span> <span class='ocrx_word' id='word_1_9' title='bbox 637 543 870 612; x_wconf 81' lang='grc' dir='ltr'>ἠπείλει,</span> <span class='ocrx_word' id='word_1_10' title='bbox 901 543 1079 611; x_wconf 86' lang='grc' dir='ltr'>λόγοις</span> <span class='ocrx_word' id='word_1_11' title='bbox 1097 544 1504 607; x_wconf 84' lang='grc' dir='ltr'>κολακευτικοῖς</span> <span class='ocrx_word' id='word_1_12' title='bbox 1554 545 1825 610; x_wconf 82' lang='grc' dir='ltr'>ἐδελέαζε,</span> <span class='ocrx_word' id='word_1_13' title='bbox 1856 546 1962 599; x_wconf 80' lang='grc' dir='ltr'>πᾶ-</span> 
     </span>
    </p>
   </div>
   <div class='ocr_carea' id='block_1_4' title="bbox 397 625 1965 700">
    <p class='ocr_par' dir='ltr' id='par_1_4' title="bbox 397 625 1965 700">
     <span class='ocr_line' id='line_1_4' title="bbox 397 625 1965 700; baseline 0.002 -23"><span class='ocrx_word' id='word_1_14' title='bbox 397 643 497 679; x_wconf 83' lang='grc' dir='ltr'>σαν</span> <span class='ocrx_word' id='word_1_15' title='bbox 523 625 693 679; x_wconf 78' lang='grc' dir='ltr'>ἐκίνει</span> <span class='ocrx_word' id='word_1_16' title='bbox 726 629 973 698; x_wconf 82' lang='grc' dir='ltr'>μηχανὴν</span> <span class='ocrx_word' id='word_1_17' title='bbox 999 627 1090 679; x_wconf 70' lang='grc' dir='ltr'>τὸν</span> <span class='ocrx_word' id='word_1_18' title='bbox 1120 627 1368 683; x_wconf 82' lang='grc' dir='ltr'>ἄσειστον</span> <span class='ocrx_word' id='word_1_19' title='bbox 1393 628 1641 700; x_wconf 80' lang='grc' dir='ltr'>θεμέλιον</span> <span class='ocrx_word' id='word_1_20' title='bbox 1671 629 1965 699; x_wconf 80' lang='grc' dir='ltr'>ἐπιχειρῶν</span> 
     </span>
    </p>
   </div>
   <div class='ocr_carea' id='block_1_5' title="bbox 394 709 1964 784">
    <p class='ocr_par' dir='ltr' id='par_1_5' title="bbox 394 709 1964 784">
     <span class='ocr_line' id='line_1_5' title="bbox 394 709 1964 784; baseline 0.002 -21"><span class='ocrx_word' id='word_1_21' title='bbox 394 709 753 763; x_wconf 79' lang='grc' dir='ltr'>διασαλεύειν·</span> <span class='ocrx_word' id='word_1_22' title='bbox 784 711 876 762; x_wconf 76' lang='grc' dir='ltr'>καὶ</span> <span class='ocrx_word' id='word_1_23' title='bbox 914 710 1178 781; x_wconf 80' lang='grc' dir='ltr'>περιῆγεν</span> <span class='ocrx_word' id='word_1_24' title='bbox 1201 710 1361 765; x_wconf 82' lang='grc' dir='ltr'>αὐτὸν</span> <span class='ocrx_word' id='word_1_25' title='bbox 1398 712 1642 769; x_wconf 82' lang='grc' dir='ltr'>ἐνιαυτὸν</span> <span class='ocrx_word' id='word_1_26' title='bbox 1666 712 1964 784; x_wconf 87' lang='grc' dir='ltr'>ὁλόκληρον</span> 
     </span>
    </p>
   </div>
   <div class='ocr_carea' id='block_1_6' title="bbox 397 792 1964 867">
    <p class='ocr_par' dir='ltr' id='par_1_6' title="bbox 397 792 1964 867">
     <span class='ocr_line' id='line_1_6' title="bbox 397 792 1964 867; baseline 0.003 -23"><span class='ocrx_word' id='word_1_27' title='bbox 397 793 675 862; x_wconf 84' lang='grc' dir='ltr'>πανταχοῦ</span> <span class='ocrx_word' id='word_1_28' title='bbox 707 793 805 862; x_wconf 83' lang='grc' dir='ltr'>τῆς</span> <span class='ocrx_word' id='word_1_29' title='bbox 835 792 1087 856; x_wconf 83' lang='grc' dir='ltr'>Κιλικίας</span> <span class='ocrx_word' id='word_1_30' title='bbox 1117 794 1516 865; x_wconf 80' lang='grc' dir='ltr'>καταισχύνων,</span> <span class='ocrx_word' id='word_1_31' title='bbox 1547 796 1747 867; x_wconf 82' lang='grc' dir='ltr'>μᾶλλον</span> <span class='ocrx_word' id='word_1_32' title='bbox 1776 796 1856 859; x_wconf 81' lang='grc' dir='ltr'>δέ,</span> <span class='ocrx_word' id='word_1_33' title='bbox 1890 795 1964 858; x_wconf 85' lang='grc' dir='ltr'>ὡς</span> 
     </span>
    </p>
   </div>
   <div class='ocr_carea' id='block_1_7' title="bbox 395 874 1965 951">
    <p class='ocr_par' dir='ltr' id='par_1_7' title="bbox 395 874 1965 951">
     <span class='ocr_line' id='line_1_7' title="bbox 395 874 1965 951; baseline 0.003 -24"><span class='ocrx_word' id='word_1_34' title='bbox 395 877 494 928; x_wconf 77' lang='grc' dir='ltr'>οὐκ</span> <span class='ocrx_word' id='word_1_35' title='bbox 540 874 708 946; x_wconf 76' lang='grc' dir='ltr'>ᾤετο,</span> <span class='ocrx_word' id='word_1_36' title='bbox 764 875 1148 947; x_wconf 85' lang='grc' dir='ltr'>λαμπρότερον</span> <span class='ocrx_word' id='word_1_37' title='bbox 1189 878 1537 947; x_wconf 82' lang='grc' dir='ltr'>ἀποφαίνων·</span> <span class='ocrx_word' id='word_1_38' title='bbox 1585 881 1613 933; x_wconf 92' lang='lat'>6</span> <span class='ocrx_word' id='word_1_39' title='bbox 1653 880 1710 934; x_wconf 88' lang='grc' dir='ltr'>δέ</span> <span class='ocrx_word' id='word_1_40' title='bbox 1755 879 1965 951; x_wconf 83' lang='grc' dir='ltr'>μάρτυς</span> 
     </span>
    </p>
   </div>
   <div class='ocr_carea' id='block_1_8' title="bbox 394 958 1966 1032">
    <p class='ocr_par' dir='ltr' id='par_1_8' title="bbox 394 958 1966 1032">
     <span class='ocr_line' id='line_1_8' title="bbox 394 958 1966 1032; baseline 0.003 -21"><span class='ocrx_word' id='word_1_41' title='bbox 394 959 524 1012; x_wconf 85' lang='grc' dir='ltr'>ἐϐόα</span> <span class='ocrx_word' id='word_1_42' title='bbox 546 972 572 999; x_wconf 78' lang='grc' dir='ltr'>ιι</span> <span class='ocrx_word' id='word_1_43' title='bbox 605 958 699 1012; x_wconf 81' lang='grc' dir='ltr'>καὶ</span> <span class='ocrx_word' id='word_1_44' title='bbox 726 958 889 1024; x_wconf 81' lang='grc' dir='ltr'>αὐτὸς</span> <span class='ocrx_word' id='word_1_45' title='bbox 914 959 1124 1028; x_wconf 81' lang='grc' dir='ltr'>συνῳδὰ</span> <span class='ocrx_word' id='word_1_46' title='bbox 1155 958 1233 1030; x_wconf 80' lang='grc' dir='ltr'>τῷ</span> <span class='ocrx_word' id='word_1_47' title='bbox 1275 961 1503 1032; x_wconf 85' lang='grc' dir='ltr'>Παύλῳ,</span> <span class='ocrx_word' id='word_1_48' title='bbox 1532 960 1710 1031; x_wconf 73' lang='grc' dir='ltr'>Χάρις</span> <span class='ocrx_word' id='word_1_49' title='bbox 1741 961 1822 1028; x_wconf 85' lang='grc' dir='ltr'>τῷ</span> <span class='ocrx_word' id='word_1_50' title='bbox 1845 960 1966 1026; x_wconf 87' lang='grc' dir='ltr'>Θεῷ</span> 
     </span>
    </p>
   </div>
   <div class='ocr_carea' id='block_1_9' title="bbox 394 1038 1968 1111">
    <p class='ocr_par' dir='ltr' id='par_1_9' title="bbox 394 1038 1968 1111">
     <span class='ocr_line' id='line_1_9' title="bbox 394 1038 1968 1111; baseline 0.004 -19"><span class='ocrx_word' id='word_1_51' title='bbox 394 1038 475 1104; x_wconf 78' lang='grc' dir='ltr'>τῷ</span> <span class='ocrx_word' id='word_1_52' title='bbox 511 1042 919 1108; x_wconf 75' lang='grc' dir='ltr'>θριαμϐεύοντι</span> <span class='ocrx_word' id='word_1_53' title='bbox 948 1040 1105 1110; x_wconf 74' lang='grc' dir='ltr'>ἡμᾶς</span> <span class='ocrx_word' id='word_1_54' title='bbox 1126 1041 1196 1095; x_wconf 79' lang='grc' dir='ltr'>ἑν</span> <span class='ocrx_word' id='word_1_55' title='bbox 1218 1042 1450 1111; x_wconf 81' lang='grc' dir='ltr'>Χριστῷ</span> <span class='ocrx_word' id='word_1_56' title='bbox 1474 1045 1698 1111; x_wconf 84' lang='grc' dir='ltr'>Ἰησοῦ,</span> <span class='ocrx_word' id='word_1_57' title='bbox 1729 1046 1829 1098; x_wconf 75' lang='grc' dir='ltr'>καὶ</span> <span class='ocrx_word' id='word_1_58' title='bbox 1853 1043 1968 1111; x_wconf 72' lang='grc' dir='ltr'>τὴν</span> 
     </span>
    </p>
   </div>
   <div class='ocr_carea' id='block_1_10' title="bbox 394 1122 1969 1194">
    <p class='ocr_par' dir='ltr' id='par_1_10' title="bbox 394 1122 1969 1194">
     <span class='ocr_line' id='line_1_10' title="bbox 394 1122 1969 1194; baseline 0.003 -19"><span class='ocrx_word' id='word_1_59' title='bbox 394 1123 596 1192; x_wconf 76' lang='grc' dir='ltr'>ὀσμὴν</span> <span class='ocrx_word' id='word_1_60' title='bbox 624 1122 734 1191; x_wconf 78' lang='grc' dir='ltr'>τῆς</span> <span class='ocrx_word' id='word_1_61' title='bbox 764 1123 1042 1192; x_wconf 79' lang='grc' dir='ltr'>γνώσεως</span> <span class='ocrx_word' id='word_1_62' title='bbox 1079 1125 1266 1179; x_wconf 83' lang='grc' dir='ltr'>αὐτοῦ</span> <span class='ocrx_word' id='word_1_63' title='bbox 1299 1126 1655 1194; x_wconf 74' lang='grc' dir='ltr'>φανεροῦντι</span> <span class='ocrx_word' id='word_1_64' title='bbox 1684 1126 1759 1183; x_wconf 84' lang='grc' dir='ltr'>δι’</span> <span class='ocrx_word' id='word_1_65' title='bbox 1797 1125 1969 1194; x_wconf 73' lang='grc' dir='ltr'>ἡμῶν</span> 
     </span>
    </p>
   </div>
   <div class='ocr_carea' id='block_1_11' title="bbox 394 1207 1968 1282">
    <p class='ocr_par' dir='ltr' id='par_1_11' title="bbox 394 1207 1968 1282">
     <span class='ocr_line' id='line_1_11' title="bbox 394 1207 1968 1282; baseline 0.001 -22"><span class='ocrx_word' id='word_1_66' title='bbox 394 1208 464 1261; x_wconf 78' lang='grc' dir='ltr'>ἐν</span> <span class='ocrx_word' id='word_1_67' title='bbox 488 1207 663 1260; x_wconf 77' lang='grc' dir='ltr'>παντὶ</span> <span class='ocrx_word' id='word_1_68' title='bbox 694 1208 873 1270; x_wconf 79' lang='grc' dir='ltr'>τόπῳ.</span> <span class='ocrx_word' id='word_1_69' title='bbox 913 1207 1185 1278; x_wconf 84' lang='grc' dir='ltr'>Καθάπερ</span> <span class='ocrx_word' id='word_1_70' title='bbox 1208 1208 1317 1280; x_wconf 84' lang='grc' dir='ltr'>γὰρ</span> <span class='ocrx_word' id='word_1_71' title='bbox 1356 1227 1527 1282; x_wconf 87' lang='grc' dir='ltr'>μυρον</span> <span class='ocrx_word' id='word_1_72' title='bbox 1555 1210 1659 1274; x_wconf 76' lang='grc' dir='ltr'>ἕως</span> <span class='ocrx_word' id='word_1_73' title='bbox 1685 1211 1782 1281; x_wconf 72' lang='grc' dir='ltr'>μὲν</span> <span class='ocrx_word' id='word_1_74' title='bbox 1808 1212 1865 1264; x_wconf 93' lang='grc' dir='ltr'>ἐν</span> <span class='ocrx_word' id='word_1_75' title='bbox 1887 1209 1968 1263; x_wconf 70' lang='grc' dir='ltr'>ἐνὶ</span> 
     </span>
    </p>
   </div>
   <div class='ocr_carea' id='block_1_12' title="bbox 393 1291 1967 1364">
    <p class='ocr_par' dir='ltr' id='par_1_12' title="bbox 393 1291 1967 1364">
     <span class='ocr_line' id='line_1_12' title="bbox 393 1291 1967 1364; baseline -0.002 -17"><span class='ocrx_word' id='word_1_76' title='bbox 393 1292 545 1363; x_wconf 82' lang='grc' dir='ltr'>τόπῳ</span> <span class='ocrx_word' id='word_1_77' title='bbox 583 1293 775 1356; x_wconf 86' lang='grc' dir='ltr'>κεῖται,</span> <span class='ocrx_word' id='word_1_78' title='bbox 823 1292 1032 1344; x_wconf 88' lang='grc' dir='ltr'>ἐκεῖνον</span> <span class='ocrx_word' id='word_1_79' title='bbox 1077 1291 1237 1359; x_wconf 87' lang='grc' dir='ltr'>μόνον</span> <span class='ocrx_word' id='word_1_80' title='bbox 1281 1292 1652 1364; x_wconf 82' lang='grc' dir='ltr'>ἀναχρώννυσι</span> <span class='ocrx_word' id='word_1_81' title='bbox 1697 1293 1786 1346; x_wconf 74' lang='grc' dir='ltr'>τὸν</span> <span class='ocrx_word' id='word_1_82' title='bbox 1831 1292 1967 1361; x_wconf 88' lang='grc' dir='ltr'>ἀέρα</span> 
     </span>
    </p>
   </div>
   <div class='ocr_carea' id='block_1_13' title="bbox 393 1374 1965 1449">
    <p class='ocr_par' dir='ltr' id='par_1_13' title="bbox 393 1374 1965 1449">
     <span class='ocr_line' id='line_1_13' title="bbox 393 1374 1965 1449; baseline 0 -20"><span class='ocrx_word' id='word_1_83' title='bbox 393 1377 491 1445; x_wconf 85' lang='grc' dir='ltr'>τῆς</span> <span class='ocrx_word' id='word_1_84' title='bbox 523 1375 773 1439; x_wconf 83' lang='grc' dir='ltr'>εὐωδίας,</span> <span class='ocrx_word' id='word_1_85' title='bbox 806 1374 1026 1427; x_wconf 84' lang='grc' dir='ltr'>ἐπειδὰν</span> <span class='ocrx_word' id='word_1_86' title='bbox 1052 1374 1109 1427; x_wconf 87' lang='grc' dir='ltr'>δὲ</span> <span class='ocrx_word' id='word_1_87' title='bbox 1141 1376 1221 1439; x_wconf 83' lang='grc' dir='ltr'>είς</span> <span class='ocrx_word' id='word_1_88' title='bbox 1247 1375 1418 1428; x_wconf 86' lang='grc' dir='ltr'>πολλὰ</span> <span class='ocrx_word' id='word_1_89' title='bbox 1446 1376 1745 1448; x_wconf 83' lang='grc' dir='ltr'>προενεχθῇ</span> <span class='ocrx_word' id='word_1_90' title='bbox 1769 1376 1965 1449; x_wconf 84' lang='grc' dir='ltr'>χωρία,</span> 
     </span>
    </p>
   </div>
   <div class='ocr_carea' id='block_1_14' title="bbox 394 1456 1969 1529">
    <p class='ocr_par' dir='ltr' id='par_1_14' title="bbox 394 1456 1969 1529">
     <span class='ocr_line' id='line_1_14' title="bbox 394 1456 1969 1529; baseline 0 -18"><span class='ocrx_word' id='word_1_91' title='bbox 394 1459 575 1511; x_wconf 86' lang='grc' dir='ltr'>πάντα</span> <span class='ocrx_word' id='word_1_92' title='bbox 605 1456 913 1527; x_wconf 77' lang='grc' dir='ltr'>ἐμπίπλησι</span> <span class='ocrx_word' id='word_1_93' title='bbox 946 1456 1043 1525; x_wconf 82' lang='grc' dir='ltr'>τῆς</span> <span class='ocrx_word' id='word_1_94' title='bbox 1074 1456 1281 1521; x_wconf 82' lang='grc' dir='ltr'>οἰκείας</span> <span class='ocrx_word' id='word_1_95' title='bbox 1304 1458 1505 1529; x_wconf 79' lang='grc' dir='ltr'>ἀρετῆς</span> <span class='ocrx_word' id='word_1_96' title='bbox 1533 1456 1583 1497; x_wconf 71' lang='grc' dir='ltr'>ι’·</span> <span class='ocrx_word' id='word_1_97' title='bbox 1606 1458 1749 1512; x_wconf 77' lang='grc' dir='ltr'>οὕτω</span> <span class='ocrx_word' id='word_1_98' title='bbox 1776 1459 1841 1529; x_wconf 84' lang='grc' dir='ltr'>δὴ</span> <span class='ocrx_word' id='word_1_99' title='bbox 1874 1457 1969 1511; x_wconf 73' lang='grc' dir='ltr'>καὶ</span> 
     </span>
    </p>
   </div>
   <div class='ocr_carea' id='block_1_15' title="bbox 394 1539 1968 1614">
    <p class='ocr_par' dir='ltr' id='par_1_15' title="bbox 394 1539 1968 1614">
     <span class='ocr_line' id='line_1_15' title="bbox 394 1539 1968 1614; baseline 0 -19"><span class='ocrx_word' id='word_1_100' title='bbox 394 1541 489 1595; x_wconf 75' lang='grc' dir='ltr'>ἐπὶ</span> <span class='ocrx_word' id='word_1_101' title='bbox 514 1540 610 1593; x_wconf 87' lang='grc' dir='ltr'>τοῦ</span> <span class='ocrx_word' id='word_1_102' title='bbox 640 1540 914 1612; x_wconf 87' lang='grc' dir='ltr'>μάρτυρος</span> <span class='ocrx_word' id='word_1_103' title='bbox 937 1539 1219 1594; x_wconf 84' lang='grc' dir='ltr'>συνέϐαινε</span> <span class='ocrx_word' id='word_1_104' title='bbox 1239 1540 1382 1595; x_wconf 87' lang='grc' dir='ltr'>τότε.</span> <span class='ocrx_word' id='word_1_105' title='bbox 1405 1543 1708 1614; x_wconf 86' lang='grc' dir='ltr'>Περιήγετο</span> <span class='ocrx_word' id='word_1_106' title='bbox 1742 1542 1839 1613; x_wconf 82' lang='grc' dir='ltr'>μὲν</span> <span class='ocrx_word' id='word_1_107' title='bbox 1859 1541 1968 1612; x_wconf 86' lang='grc' dir='ltr'>γὰρ</span> 
     </span>
    </p>
   </div>
   <div class='ocr_carea' id='block_1_16' title="bbox 394 1623 1969 1697">
    <p class='ocr_par' dir='ltr' id='par_1_16' title="bbox 394 1623 1969 1697">
     <span class='ocr_line' id='line_1_16' title="bbox 394 1623 1969 1697; baseline 0.002 -23"><span class='ocrx_word' id='word_1_108' title='bbox 394 1625 471 1688; x_wconf 80' lang='grc' dir='ltr'>ὡς</span> <span class='ocrx_word' id='word_1_109' title='bbox 519 1623 669 1697; x_wconf 66' lang='grc'>[674]</span> <span class='ocrx_word' id='word_1_110' title='bbox 719 1624 926 1693; x_wconf 79' lang='grc' dir='ltr'>μέλλων</span> <span class='ocrx_word' id='word_1_111' title='bbox 975 1623 1428 1695; x_wconf 87' lang='grc' dir='ltr'>καταισχύνεσθαι</span> <span class='ocrx_word' id='word_1_112' title='bbox 1448 1665 1463 1689; x_wconf 93' lang='grc'>,</span> <span class='ocrx_word' id='word_1_113' title='bbox 1512 1625 1573 1678; x_wconf 86' lang='grc' dir='ltr'>τὸ</span> <span class='ocrx_word' id='word_1_114' title='bbox 1621 1625 1678 1679; x_wconf 79' lang='grc' dir='ltr'>δὲ</span> <span class='ocrx_word' id='word_1_115' title='bbox 1729 1624 1969 1678; x_wconf 82' lang='grc' dir='ltr'>ἐναντίον</span> 
     </span>
    </p>
   </div>
   <div class='ocr_carea' id='block_1_17' title="bbox 396 1705 1968 1779">
    <p class='ocr_par' dir='ltr' id='par_1_17' title="bbox 396 1705 1968 1779">
     <span class='ocr_line' id='line_1_17' title="bbox 396 1705 1968 1779; baseline 0.008 -20"><span class='ocrx_word' id='word_1_116' title='bbox 396 1707 663 1773; x_wconf 84' lang='grc' dir='ltr'>ἑξέϐαινε·</span> <span class='ocrx_word' id='word_1_117' title='bbox 711 1705 1090 1776; x_wconf 80' lang='grc' dir='ltr'>λαμπρότερος</span> <span class='ocrx_word' id='word_1_118' title='bbox 1128 1709 1158 1759; x_wconf 98' lang='lat'>6</span> <span class='ocrx_word' id='word_1_119' title='bbox 1200 1707 1441 1779; x_wconf 78' lang='grc' dir='ltr'>ἀθλητὴς</span> <span class='ocrx_word' id='word_1_120' title='bbox 1490 1707 1579 1761; x_wconf 83' lang='grc' dir='ltr'>διὰ</span> <span class='ocrx_word' id='word_1_121' title='bbox 1608 1708 1710 1777; x_wconf 82' lang='grc' dir='ltr'>τῆς</span> <span class='ocrx_word' id='word_1_122' title='bbox 1743 1707 1968 1778; x_wconf 82' lang='grc' dir='ltr'>πομπῆς</span> 
     </span>
    </p>
   </div>
   <div class='ocr_carea' id='block_1_18' title="bbox 395 1789 1968 1861">
    <p class='ocr_par' dir='ltr' id='par_1_18' title="bbox 395 1789 1968 1861">
     <span class='ocr_line' id='line_1_18' title="bbox 395 1789 1968 1861; baseline -0.001 -17"><span class='ocrx_word' id='word_1_123' title='bbox 395 1790 613 1861; x_wconf 77' lang='grc' dir='ltr'>ἐκείνης</span> <span class='ocrx_word' id='word_1_124' title='bbox 641 1789 907 1859; x_wconf 90' lang='grc' dir='ltr'>ἐγίγνετο,</span> <span class='ocrx_word' id='word_1_125' title='bbox 921 1789 1017 1842; x_wconf 75' lang='grc' dir='ltr'>καὶ</span> <span class='ocrx_word' id='word_1_126' title='bbox 1035 1790 1243 1853; x_wconf 83' lang='grc' dir='ltr'>πάντας</span> <span class='ocrx_word' id='word_1_127' title='bbox 1269 1791 1395 1855; x_wconf 80' lang='grc' dir='ltr'>τοὺς</span> <span class='ocrx_word' id='word_1_128' title='bbox 1413 1791 1510 1861; x_wconf 83' lang='grc' dir='ltr'>τὴν</span> <span class='ocrx_word' id='word_1_129' title='bbox 1526 1790 1766 1845; x_wconf 80' lang='grc' dir='ltr'>Κιλίκων</span> <span class='ocrx_word' id='word_1_130' title='bbox 1787 1789 1968 1861; x_wconf 82' lang='grc' dir='ltr'>χώραν</span> 
     </span>
    </p>
   </div>
   <div class='ocr_carea' id='block_1_19' title="bbox 395 1873 1969 1947">
    <p class='ocr_par' dir='ltr' id='par_1_19' title="bbox 395 1873 1969 1947">
     <span class='ocr_line' id='line_1_19' title="bbox 395 1873 1969 1947; baseline -0.003 -16"><span class='ocrx_word' id='word_1_131' title='bbox 395 1875 682 1939; x_wconf 75' lang='grc' dir='ltr'>οἰκοῦντας</span> <span class='ocrx_word' id='word_1_132' title='bbox 712 1874 813 1945; x_wconf 82' lang='grc' dir='ltr'>τῆς</span> <span class='ocrx_word' id='word_1_133' title='bbox 839 1873 1050 1938; x_wconf 82' lang='grc' dir='ltr'>οἰκείας</span> <span class='ocrx_word' id='word_1_134' title='bbox 1087 1874 1263 1928; x_wconf 87' lang='grc' dir='ltr'>ἐποίει</span> <span class='ocrx_word' id='word_1_135' title='bbox 1305 1873 1554 1946; x_wconf 79' lang='grc' dir='ltr'>ζηλωτὰς</span> <span class='ocrx_word' id='word_1_136' title='bbox 1588 1874 1807 1947; x_wconf 81' lang='grc' dir='ltr'>ἀρετῆς.</span> <span class='ocrx_word' id='word_1_137' title='bbox 1862 1874 1969 1927; x_wconf 87' lang='grc' dir='ltr'>Πε-</span> 
     </span>
    </p>
   </div>
   <div class='ocr_carea' id='block_1_20' title="bbox 400 1956 1969 2032">
    <p class='ocr_par' dir='ltr' id='par_1_20' title="bbox 400 1956 1969 2032">
     <span class='ocr_line' id='line_1_20' title="bbox 400 1956 1969 2032; baseline 0 -19"><span class='ocrx_word' id='word_1_138' title='bbox 400 1960 622 2032; x_wconf 88' lang='grc' dir='ltr'>ριήγετο</span> <span class='ocrx_word' id='word_1_139' title='bbox 655 1956 956 2029; x_wconf 84' lang='grc' dir='ltr'>πανταχοῦ,</span> <span class='ocrx_word' id='word_1_140' title='bbox 997 1958 1086 2012; x_wconf 77' lang='grc' dir='ltr'>ἵνα</span> <span class='ocrx_word' id='word_1_141' title='bbox 1138 1960 1213 2029; x_wconf 84' lang='grc' dir='ltr'>μὴ</span> <span class='ocrx_word' id='word_1_142' title='bbox 1249 1958 1410 2030; x_wconf 86' lang='grc' dir='ltr'>μόνον</span> <span class='ocrx_word' id='word_1_143' title='bbox 1458 1959 1519 2024; x_wconf 82' lang='grc' dir='ltr'>ἐξ</span> <span class='ocrx_word' id='word_1_144' title='bbox 1554 1960 1725 2030; x_wconf 81' lang='grc' dir='ltr'>ἀκοῆς</span> <span class='ocrx_word' id='word_1_145' title='bbox 1757 1959 1969 2031; x_wconf 88' lang='grc' dir='ltr'>μάθωσι</span> 
     </span>
    </p>
   </div>
   <div class='ocr_carea' id='block_1_21' title="bbox 396 2040 1969 2113">
    <p class='ocr_par' dir='ltr' id='par_1_21' title="bbox 396 2040 1969 2113">
     <span class='ocr_line' id='line_1_21' title="bbox 396 2040 1969 2113; baseline 0 -17"><span class='ocrx_word' id='word_1_146' title='bbox 396 2043 467 2097; x_wconf 74' lang='grc' dir='ltr'>τά</span> <span class='ocrx_word' id='word_1_147' title='bbox 495 2042 868 2113; x_wconf 82' lang='grc' dir='ltr'>παλαίσματα,</span> <span class='ocrx_word' id='word_1_148' title='bbox 892 2040 1028 2096; x_wconf 90' lang='grc' dir='ltr'>ἀλλά</span> <span class='ocrx_word' id='word_1_149' title='bbox 1062 2040 1155 2094; x_wconf 81' lang='grc' dir='ltr'>καὶ</span> <span class='ocrx_word' id='word_1_150' title='bbox 1183 2041 1343 2103; x_wconf 82' lang='grc' dir='ltr'>αὑτὸν</span> <span class='ocrx_word' id='word_1_151' title='bbox 1383 2040 1624 2112; x_wconf 82' lang='grc' dir='ltr'>βλέπωσι</span> <span class='ocrx_word' id='word_1_152' title='bbox 1644 2043 1735 2096; x_wconf 87' lang='grc' dir='ltr'>τὸν</span> <span class='ocrx_word' id='word_1_153' title='bbox 1770 2060 1969 2111; x_wconf 85' lang='grc' dir='ltr'>στεφα-</span> 
     </span>
    </p>
   </div>
   <div class='ocr_carea' id='block_1_22' title="bbox 396 2125 1970 2199">
    <p class='ocr_par' dir='ltr' id='par_1_22' title="bbox 396 2125 1970 2199">
     <span class='ocr_line' id='line_1_22' title="bbox 396 2125 1970 2199; baseline -0.001 -17"><span class='ocrx_word' id='word_1_154' title='bbox 396 2129 548 2196; x_wconf 81' lang='grc' dir='ltr'>νίτην</span> <span class='ocrx_word' id='word_1_155' title='bbox 591 2128 641 2181; x_wconf 79' lang='grc' dir='ltr'>οἱ</span> <span class='ocrx_word' id='word_1_156' title='bbox 680 2125 888 2181; x_wconf 86' lang='grc' dir='ltr'>θεαταί·</span> <span class='ocrx_word' id='word_1_157' title='bbox 920 2125 1015 2180; x_wconf 72' lang='grc' dir='ltr'>καὶ</span> <span class='ocrx_word' id='word_1_158' title='bbox 1055 2125 1164 2196; x_wconf 84' lang='grc' dir='ltr'>ὅσῳ</span> <span class='ocrx_word' id='word_1_159' title='bbox 1213 2127 1585 2199; x_wconf 83' lang='grc' dir='ltr'>μακροτέρους</span> <span class='ocrx_word' id='word_1_160' title='bbox 1616 2128 1765 2199; x_wconf 82' lang='grc' dir='ltr'>αὐτῷ</span> <span class='ocrx_word' id='word_1_161' title='bbox 1795 2128 1970 2181; x_wconf 83' lang='grc' dir='ltr'>ἐποίει</span> 
     </span>
    </p>
   </div>
   <div class='ocr_carea' id='block_1_23' title="bbox 395 2207 1970 2283">
    <p class='ocr_par' dir='ltr' id='par_1_23' title="bbox 395 2207 1970 2283">
     <span class='ocr_line' id='line_1_23' title="bbox 395 2207 1970 2283; baseline 0.001 -18"><span class='ocrx_word' id='word_1_162' title='bbox 395 2212 522 2274; x_wconf 78' lang='grc' dir='ltr'>τοὺς</span> <span class='ocrx_word' id='word_1_163' title='bbox 554 2209 827 2274; x_wconf 82' lang='grc' dir='ltr'>διαύλους,</span> <span class='ocrx_word' id='word_1_164' title='bbox 864 2207 1102 2279; x_wconf 87' lang='grc' dir='ltr'>τοσούτῳ</span> <span class='ocrx_word' id='word_1_165' title='bbox 1138 2208 1509 2281; x_wconf 86' lang='grc' dir='ltr'>λαμπρότεροι</span> <span class='ocrx_word' id='word_1_166' title='bbox 1541 2213 1590 2264; x_wconf 88' lang='grc' dir='ltr'>οἱ</span> <span class='ocrx_word' id='word_1_167' title='bbox 1611 2211 1803 2283; x_wconf 85' lang='grc' dir='ltr'>δρόμοι</span> <span class='ocrx_word' id='word_1_168' title='bbox 1832 2211 1970 2266; x_wconf 88' lang='grc' dir='ltr'>πάν-</span> 
     </span>
    </p>
   </div>
   <div class='ocr_carea' id='block_1_24' title="bbox 395 2293 1969 2366">
    <p class='ocr_par' dir='ltr' id='par_1_24' title="bbox 395 2293 1969 2366">
     <span class='ocr_line' id='line_1_24' title="bbox 395 2293 1969 2366; baseline -0.001 -17"><span class='ocrx_word' id='word_1_169' title='bbox 395 2313 486 2359; x_wconf 88' lang='grc' dir='ltr'>τες</span> <span class='ocrx_word' id='word_1_170' title='bbox 509 2296 803 2364; x_wconf 86' lang='grc' dir='ltr'>ἐγίγνοντο·</span> <span class='ocrx_word' id='word_1_171' title='bbox 835 2294 947 2365; x_wconf 81' lang='grc' dir='ltr'>ὅσῳ</span> <span class='ocrx_word' id='word_1_172' title='bbox 972 2293 1194 2364; x_wconf 81' lang='grc' dir='ltr'>μείζονα</span> <span class='ocrx_word' id='word_1_173' title='bbox 1222 2293 1391 2347; x_wconf 86' lang='grc' dir='ltr'>ἐτίθει</span> <span class='ocrx_word' id='word_1_174' title='bbox 1422 2293 1491 2347; x_wconf 89' lang='grc' dir='ltr'>τά</span> <span class='ocrx_word' id='word_1_175' title='bbox 1524 2294 1844 2366; x_wconf 87' lang='grc' dir='ltr'>σκάμματα,</span> <span class='ocrx_word' id='word_1_176' title='bbox 1879 2312 1969 2349; x_wconf 81' lang='grc' dir='ltr'>το-</span> 
     </span>
    </p>
   </div>
   <div class='ocr_carea' id='block_1_25' title="bbox 386 2376 1971 2452">
    <p class='ocr_par' dir='ltr' id='par_1_25' title="bbox 386 2376 1971 2452">
     <span class='ocr_line' id='line_1_25' title="bbox 386 2376 1971 2452; baseline 0.001 -20"><span class='ocrx_word' id='word_1_177' title='bbox 386 2381 576 2452; x_wconf 57' lang='grc' dir='ltr'>⁴σούτῳ</span> <span class='ocrx_word' id='word_1_178' title='bbox 608 2378 1028 2450; x_wconf 86' lang='grc' dir='ltr'>θαυμαστότερα</span> <span class='ocrx_word' id='word_1_179' title='bbox 1068 2378 1335 2445; x_wconf 81' lang='grc' dir='ltr'>ἀπέφαινε</span> <span class='ocrx_word' id='word_1_180' title='bbox 1367 2376 1438 2430; x_wconf 89' lang='grc' dir='ltr'>τά</span> <span class='ocrx_word' id='word_1_181' title='bbox 1465 2378 1838 2448; x_wconf 88' lang='grc' dir='ltr'>παλαίσματα·</span> <span class='ocrx_word' id='word_1_182' title='bbox 1861 2380 1971 2449; x_wconf 83' lang='grc' dir='ltr'>ὅσῳ</span> 
     </span>
    </p>
   </div>
   <div class='ocr_carea' id='block_1_26' title="bbox 397 2460 1971 2536">
    <p class='ocr_par' dir='ltr' id='par_1_26' title="bbox 397 2460 1971 2536">
     <span class='ocr_line' id='line_1_26' title="bbox 397 2460 1971 2536; baseline -0.002 -18"><span class='ocrx_word' id='word_1_183' title='bbox 397 2466 498 2536; x_wconf 82' lang='grc' dir='ltr'>τὴν</span> <span class='ocrx_word' id='word_1_184' title='bbox 533 2464 710 2533; x_wconf 76' lang='grc' dir='ltr'>θλῖψιν</span> <span class='ocrx_word' id='word_1_185' title='bbox 745 2463 1023 2516; x_wconf 74' lang='grc' dir='ltr'>ἐπέτεινεν</span> <span class='ocrx_word' id='word_1_186' title='bbox 1050 2462 1132 2525; x_wconf 86' lang='grc' dir='ltr'>εἱς</span> <span class='ocrx_word' id='word_1_187' title='bbox 1152 2460 1345 2533; x_wconf 89' lang='grc' dir='ltr'>χρόνου</span> <span class='ocrx_word' id='word_1_188' title='bbox 1386 2461 1582 2532; x_wconf 80' lang='grc' dir='ltr'>μῆκος,</span> <span class='ocrx_word' id='word_1_189' title='bbox 1611 2461 1851 2534; x_wconf 86' lang='grc' dir='ltr'>τοσούτῳ</span> <span class='ocrx_word' id='word_1_190' title='bbox 1872 2463 1971 2534; x_wconf 83' lang='grc' dir='ltr'>τὴν</span> 
     </span>
    </p>
   </div>
   <div class='ocr_carea' id='block_1_27' title="bbox 399 2544 1971 2620">
    <p class='ocr_par' dir='ltr' id='par_1_27' title="bbox 399 2544 1971 2620">
     <span class='ocr_line' id='line_1_27' title="bbox 399 2544 1971 2620; baseline -0.002 -16"><span class='ocrx_word' id='word_1_191' title='bbox 399 2549 679 2620; x_wconf 85' lang='grc' dir='ltr'>ὑπομονὴν</span> <span class='ocrx_word' id='word_1_192' title='bbox 733 2546 899 2601; x_wconf 86' lang='grc' dir='ltr'>αὑτοῦ</span> <span class='ocrx_word' id='word_1_193' title='bbox 931 2544 1305 2616; x_wconf 88' lang='grc' dir='ltr'>δοκιμωτέραν</span> <span class='ocrx_word' id='word_1_194' title='bbox 1352 2544 1663 2616; x_wconf 74' lang='grc' dir='ltr'>εἰργάζετο.</span> <span class='ocrx_word' id='word_1_195' title='bbox 1704 2546 1814 2600; x_wconf 84' lang='lat' dir='ltr'><strong><em>Kal</em></strong></span> <span class='ocrx_word' id='word_1_196' title='bbox 1862 2547 1971 2617; x_wconf 79' lang='grc' dir='ltr'>γάρ</span> 
     </span>
    </p>
   </div>
   <div class='ocr_carea' id='block_1_28' title="bbox 399 2626 1968 2705">
    <p class='ocr_par' dir='ltr' id='par_1_28' title="bbox 399 2626 1968 2705">
     <span class='ocr_line' id='line_1_28' title="bbox 399 2626 1968 2705; baseline -0.001 -20"><span class='ocrx_word' id='word_1_197' title='bbox 399 2633 622 2705; x_wconf 83' lang='grc' dir='ltr'>χρυσίον</span> <span class='ocrx_word' id='word_1_198' title='bbox 653 2629 871 2683; x_wconf 86' lang='grc' dir='ltr'>πλείονα</span> <span class='ocrx_word' id='word_1_199' title='bbox 899 2629 1090 2699; x_wconf 83' lang='grc' dir='ltr'>χρόνον</span> <span class='ocrx_word' id='word_1_200' title='bbox 1112 2630 1179 2698; x_wconf 81' lang='grc' dir='ltr'>τῇ</span> <span class='ocrx_word' id='word_1_201' title='bbox 1204 2626 1299 2680; x_wconf 90' lang='grc' dir='ltr'>τοῦ</span> <span class='ocrx_word' id='word_1_202' title='bbox 1326 2626 1501 2697; x_wconf 86' lang='grc' dir='ltr'>πυρὸς</span> <span class='ocrx_word' id='word_1_203' title='bbox 1530 2626 1753 2698; x_wconf 77' lang='grc' dir='ltr'>ὁμιλοῦν</span> <span class='ocrx_word' id='word_1_204' title='bbox 1789 2629 1968 2695; x_wconf 87' lang='grc' dir='ltr'>φύσει,</span> 
     </span>
    </p>
   </div>
   <div class='ocr_carea' id='block_1_29' title="bbox 399 2708 1968 2786">
    <p class='ocr_par' dir='ltr' id='par_1_29' title="bbox 399 2708 1968 2786">
     <span class='ocr_line' id='line_1_29' title="bbox 399 2708 1968 2786; baseline -0.004 -16"><span class='ocrx_word' id='word_1_205' title='bbox 399 2713 780 2786; x_wconf 84' lang='grc' dir='ltr'>καθαρώτερον</span> <span class='ocrx_word' id='word_1_206' title='bbox 806 2712 1034 2780; x_wconf 87' lang='grc' dir='ltr'>γίνεται·</span> <span class='ocrx_word' id='word_1_207' title='bbox 1058 2709 1307 2781; x_wconf 88' lang='grc' dir='ltr'>καθάπερ</span> <span class='ocrx_word' id='word_1_208' title='bbox 1338 2709 1461 2762; x_wconf 88' lang='grc' dir='ltr'>τότε</span> <span class='ocrx_word' id='word_1_209' title='bbox 1502 2708 1596 2763; x_wconf 71' lang='grc' dir='ltr'>καὶ</span> <span class='ocrx_word' id='word_1_210' title='bbox 1636 2710 1673 2779; x_wconf 86' lang='grc' dir='ltr'>ή</span> <span class='ocrx_word' id='word_1_211' title='bbox 1695 2708 1788 2762; x_wconf 90' lang='grc' dir='ltr'>τοῦ</span> <span class='ocrx_word' id='word_1_212' title='bbox 1815 2709 1968 2779; x_wconf 81' lang='grc' dir='ltr'>ἁγίου</span> 
     </span>
    </p>
   </div>
   <div class='ocr_carea' id='block_1_30' title="bbox 397 2791 1971 2869">
    <p class='ocr_par' dir='ltr' id='par_1_30' title="bbox 397 2791 1971 2869">
     <span class='ocr_line' id='line_1_30' title="bbox 397 2791 1971 2869; baseline -0.002 -19"><span class='ocrx_word' id='word_1_213' title='bbox 397 2797 544 2869; x_wconf 82' lang='grc' dir='ltr'>ψυχὴ</span> <span class='ocrx_word' id='word_1_214' title='bbox 573 2793 971 2867; x_wconf 75' lang='grc' dir='ltr'>βασανιζομένη</span> <span class='ocrx_word' id='word_1_215' title='bbox 993 2791 1068 2864; x_wconf 84' lang='grc' dir='ltr'>τῷ</span> <span class='ocrx_word' id='word_1_216' title='bbox 1094 2792 1272 2864; x_wconf 82' lang='grc' dir='ltr'>χρόνῳ</span> <span class='ocrx_word' id='word_1_217' title='bbox 1295 2791 1495 2864; x_wconf 79' lang='grc' dir='ltr'>μᾶλλον</span> <span class='ocrx_word' id='word_1_218' title='bbox 1531 2791 1844 2863; x_wconf 84' lang='grc' dir='ltr'>ἀπέλαμπε,</span> <span class='ocrx_word' id='word_1_219' title='bbox 1877 2794 1971 2847; x_wconf 76' lang='grc' dir='ltr'>καὶ</span> 
     </span>
    </p>
   </div>
   <div class='ocr_carea' id='block_1_31' title="bbox 397 2873 1968 2949">
    <p class='ocr_par' dir='ltr' id='par_1_31' title="bbox 397 2873 1968 2949">
     <span class='ocr_line' id='line_1_31' title="bbox 397 2873 1968 2949; baseline -0.003 -14"><span class='ocrx_word' id='word_1_220' title='bbox 397 2881 551 2935; x_wconf 74' lang='grc' dir='ltr'>οὐδὲν</span> <span class='ocrx_word' id='word_1_221' title='bbox 583 2880 791 2949; x_wconf 71' lang='grc' dir='ltr'>ἕτερον,</span> <span class='ocrx_word' id='word_1_222' title='bbox 823 2877 938 2930; x_wconf 89' lang='grc' dir='ltr'>ἀλλ’</span> <span class='ocrx_word' id='word_1_223' title='bbox 971 2876 1005 2947; x_wconf 87' lang='grc' dir='ltr'>ἢ</span> <span class='ocrx_word' id='word_1_224' title='bbox 1048 2876 1309 2945; x_wconf 87' lang='grc' dir='ltr'>τρόπαιον</span> <span class='ocrx_word' id='word_1_225' title='bbox 1350 2875 1471 2928; x_wconf 84' lang='grc' dir='ltr'>καθ’</span> <span class='ocrx_word' id='word_1_226' title='bbox 1499 2873 1697 2931; x_wconf 82' lang='grc' dir='ltr'>ἑαυτοῦ</span> <span class='ocrx_word' id='word_1_227' title='bbox 1736 2876 1829 2929; x_wconf 78' lang='grc' dir='ltr'>καὶ</span> <span class='ocrx_word' id='word_1_228' title='bbox 1875 2876 1968 2930; x_wconf 84' lang='grc' dir='ltr'>τοῦ</span> 
     </span>
    </p>
   </div>
   <div class='ocr_carea' id='block_1_32' title="bbox 398 2959 1970 3034">
    <p class='ocr_par' dir='ltr' id='par_1_32' title="bbox 398 2959 1970 3034">
     <span class='ocr_line' id='line_1_32' title="bbox 398 2959 1970 3034; baseline -0.005 -14"><span class='ocrx_word' id='word_1_229' title='bbox 398 2965 668 3028; x_wconf 89' lang='grc' dir='ltr'>διαϐόλου,</span> <span class='ocrx_word' id='word_1_230' title='bbox 706 2963 797 3018; x_wconf 80' lang='grc' dir='ltr'>τὸν</span> <span class='ocrx_word' id='word_1_231' title='bbox 832 2961 1080 3034; x_wconf 83' lang='grc' dir='ltr'>μάρτυρα</span> <span class='ocrx_word' id='word_1_232' title='bbox 1118 2960 1463 3032; x_wconf 85' lang='grc' dir='ltr'>περιέφερεν,</span> <span class='ocrx_word' id='word_1_233' title='bbox 1498 2959 1718 3030; x_wconf 78' lang='grc' dir='ltr'>ἔλεγχον</span> <span class='ocrx_word' id='word_1_234' title='bbox 1744 2960 1843 3030; x_wconf 81' lang='grc' dir='ltr'>τῆς</span> <span class='ocrx_word' id='word_1_235' title='bbox 1863 2960 1970 3014; x_wconf 86' lang='grc' dir='ltr'>τῶν</span> 
     </span>
    </p>
   </div>
   <div class='ocr_carea' id='block_1_33' title="bbox 410 3039 1970 3119">
    <p class='ocr_par' dir='ltr' id='par_1_33' title="bbox 410 3039 1970 3119">
     <span class='ocr_line' id='line_1_33' title="bbox 410 3039 1970 3119; baseline -0.004 -17"><span class='ocrx_word' id='word_1_236' title='bbox 410 3048 678 3119; x_wconf 84' lang='grc' dir='ltr'>Ἐλλήνων</span> <span class='ocrx_word' id='word_1_237' title='bbox 704 3045 1016 3117; x_wconf 81' lang='grc' dir='ltr'>ὠμότητος,</span> <span class='ocrx_word' id='word_1_238' title='bbox 1053 3042 1330 3109; x_wconf 78' lang='grc' dir='ltr'>ἀπόδειξιν</span> <span class='ocrx_word' id='word_1_239' title='bbox 1355 3043 1454 3113; x_wconf 86' lang='grc' dir='ltr'>τῆς</span> <span class='ocrx_word' id='word_1_240' title='bbox 1491 3039 1601 3097; x_wconf 84' lang='grc' dir='ltr'>τῶν</span> <span class='ocrx_word' id='word_1_241' title='bbox 1630 3042 1970 3115; x_wconf 82' lang='grc' dir='ltr'>Χριστιανῶν</span> 
     </span>
    </p>
   </div>
   <div class='ocr_carea' id='block_1_34' title="bbox 399 3126 1969 3201">
    <p class='ocr_par' dir='ltr' id='par_1_34' title="bbox 399 3126 1969 3201">
     <span class='ocr_line' id='line_1_34' title="bbox 399 3126 1969 3201; baseline -0.004 -15"><span class='ocrx_word' id='word_1_242' title='bbox 399 3132 712 3197; x_wconf 83' lang='grc' dir='ltr'>εὐσεϐείας,</span> <span class='ocrx_word' id='word_1_243' title='bbox 767 3129 1022 3201; x_wconf 90' lang='grc' dir='ltr'>μέγιστον</span> <span class='ocrx_word' id='word_1_244' title='bbox 1068 3128 1370 3199; x_wconf 86' lang='grc' dir='ltr'>τεκμήριον</span> <span class='ocrx_word' id='word_1_245' title='bbox 1435 3127 1534 3193; x_wconf 83' lang='grc' dir='ltr'>τῆς</span> <span class='ocrx_word' id='word_1_246' title='bbox 1585 3127 1683 3180; x_wconf 86' lang='grc' dir='ltr'>τοῦ</span> <span class='ocrx_word' id='word_1_247' title='bbox 1733 3126 1969 3198; x_wconf 79' lang='grc' dir='ltr'>Χριστοῦ</span> 
     </span>
    </p>
   </div>
   <div class='ocr_carea' id='block_1_35' title="bbox 396 3210 1969 3288">
    <p class='ocr_par' dir='ltr' id='par_1_35' title="bbox 396 3210 1969 3288">
     <span class='ocr_line' id='line_1_35' title="bbox 396 3210 1969 3288; baseline -0.004 -18"><span class='ocrx_word' id='word_1_248' title='bbox 396 3216 700 3288; x_wconf 88' lang='grc' dir='ltr'>δυνάμεως,</span> <span class='ocrx_word' id='word_1_249' title='bbox 726 3214 1052 3286; x_wconf 84' lang='grc' dir='ltr'>παραίνεσιν</span> <span class='ocrx_word' id='word_1_250' title='bbox 1081 3212 1174 3265; x_wconf 73' lang='grc' dir='ltr'>καὶ</span> <span class='ocrx_word' id='word_1_251' title='bbox 1221 3210 1529 3282; x_wconf 84' lang='grc' dir='ltr'>συμϐουλὴν</span> <span class='ocrx_word' id='word_1_252' title='bbox 1560 3212 1677 3274; x_wconf 86' lang='grc' dir='ltr'>τοῖς</span> <span class='ocrx_word' id='word_1_253' title='bbox 1721 3214 1969 3276; x_wconf 85' lang='grc' dir='ltr'>πιστοῖς,</span> 
     </span>
    </p>
   </div>
   <div class='ocr_carea' id='block_1_36' title="bbox 397 3294 1969 3371">
    <p class='ocr_par' dir='ltr' id='par_1_36' title="bbox 397 3294 1969 3371">
     <span class='ocr_line' id='line_1_36' title="bbox 397 3294 1969 3371; baseline -0.003 -19"><span class='ocrx_word' id='word_1_254' title='bbox 397 3299 539 3353; x_wconf 81' lang='grc' dir='ltr'>ὥστε</span> <span class='ocrx_word' id='word_1_255' title='bbox 591 3296 890 3371; x_wconf 79' lang='grc' dir='ltr'>προθύμως</span> <span class='ocrx_word' id='word_1_256' title='bbox 937 3297 1051 3359; x_wconf 90' lang='grc' dir='ltr'>τοῖς</span> <span class='ocrx_word' id='word_1_257' title='bbox 1103 3294 1287 3356; x_wconf 87' lang='grc' dir='ltr'>αὐτοῖς</span> <span class='ocrx_word' id='word_1_258' title='bbox 1340 3294 1703 3371; x_wconf 77' lang='grc' dir='ltr'>ἐγκαρτερεῖν</span> <span class='ocrx_word' id='word_1_259' title='bbox 1756 3295 1969 3364; x_wconf 83' lang='grc' dir='ltr'>ἀγῶσι,</span> 
     </span>
    </p>
   </div>
   <div class='ocr_carea' id='block_1_37' title="bbox 396 3364 1972 3452">
    <p class='ocr_par' dir='ltr' id='par_1_37' title="bbox 396 3364 1972 3452">
     <span class='ocr_line' id='line_1_37' title="bbox 396 3364 1972 3452; baseline -0.002 -17"><span class='ocrx_word' id='word_1_260' title='bbox 396 3384 617 3452; x_wconf 83' lang='grc' dir='ltr'>κήρυκα</span> <span class='ocrx_word' id='word_1_261' title='bbox 636 3364 892 3449; x_wconf 33' lang='grc' dir='ltr'>’τῆς-τοῦ</span> <span class='ocrx_word' id='word_1_262' title='bbox 945 3377 1081 3431; x_wconf 85' lang='grc' dir='ltr'>Θεοῦ</span> <span class='ocrx_word' id='word_1_263' title='bbox 1124 3375 1304 3446; x_wconf 88' lang='grc' dir='ltr'>δόξης,</span> <span class='ocrx_word' id='word_1_264' title='bbox 1367 3364 1684 3431; x_wconf 77' lang='grc' dir='ltr'>διδάσκαλον</span> <span class='ocrx_word' id='word_1_265' title='bbox 1730 3378 1831 3449; x_wconf 86' lang='grc' dir='ltr'>τῆς</span> <span class='ocrx_word' id='word_1_266' title='bbox 1863 3378 1972 3432; x_wconf 83' lang='grc' dir='ltr'>τῶν</span> 
     </span>
    </p>
   </div>
   <div class='ocr_carea' id='block_1_38' title="bbox 399 3460 1973 3533">
    <p class='ocr_par' dir='ltr' id='par_1_38' title="bbox 399 3460 1973 3533">
     <span class='ocr_line' id='line_1_38' title="bbox 399 3460 1973 3533; baseline -0.002 -15"><span class='ocrx_word' id='word_1_267' title='bbox 399 3464 653 3518; x_wconf 87' lang='grc' dir='ltr'>τοιούτων</span> <span class='ocrx_word' id='word_1_268' title='bbox 696 3460 1090 3530; x_wconf 82' lang='grc' dir='ltr'>παλαισμάτων</span> <span class='ocrx_word' id='word_1_269' title='bbox 1137 3460 1466 3531; x_wconf 80' lang='grc' dir='ltr'>ἐπιστήμης.</span> <span class='ocrx_word' id='word_1_270' title='bbox 1521 3460 1827 3530; x_wconf 86' lang='grc' dir='ltr'>Παρεκάλει</span> <span class='ocrx_word' id='word_1_271' title='bbox 1864 3462 1973 3533; x_wconf 83' lang='grc' dir='ltr'>γὰρ</span> 
     </span>
    </p>
   </div>
   <div class='ocr_carea' id='block_1_39' title="bbox 402 3541 1974 3615">
    <p class='ocr_par' dir='ltr' id='par_1_39' title="bbox 402 3541 1974 3615">
     <span class='ocr_line' id='line_1_39' title="bbox 402 3541 1974 3615; baseline -0.002 -15"><span class='ocrx_word' id='word_1_272' title='bbox 402 3548 650 3608; x_wconf 80' lang='grc' dir='ltr'>ἃπαντας</span> <span class='ocrx_word' id='word_1_273' title='bbox 676 3543 811 3615; x_wconf 76' lang='grc' dir='ltr'>πρὸς</span> <span class='ocrx_word' id='word_1_274' title='bbox 864 3542 954 3596; x_wconf 77' lang='grc' dir='ltr'>τὸν</span> <span class='ocrx_word' id='word_1_275' title='bbox 992 3543 1189 3595; x_wconf 80' lang='grc' dir='ltr'>οἰκεῖον</span> <span class='ocrx_word' id='word_1_276' title='bbox 1218 3541 1378 3611; x_wconf 82' lang='grc' dir='ltr'>ζῆλον</span> <span class='ocrx_word' id='word_1_277' title='bbox 1404 3542 1825 3612; x_wconf 76' lang='grc' dir='ltr'>μεταναστῆναι.</span> <span class='ocrx_word' id='word_1_278' title='bbox 1853 3544 1974 3613; x_wconf 77' lang='grc' dir='ltr'>οὐχὶ</span> 
     </span>
    </p>
   </div>
   <div class='ocr_carea' id='block_1_40' title="bbox 400 3623 1975 3698">
    <p class='ocr_par' dir='ltr' id='par_1_40' title="bbox 400 3623 1975 3698">
     <span class='ocr_line' id='line_1_40' title="bbox 400 3623 1975 3698; baseline -0.003 -15"><span class='ocrx_word' id='word_1_279' title='bbox 400 3629 488 3683; x_wconf 79' lang='grc' dir='ltr'>διὰ</span> <span class='ocrx_word' id='word_1_280' title='bbox 512 3629 613 3698; x_wconf 80' lang='grc' dir='ltr'>τῆς</span> <span class='ocrx_word' id='word_1_281' title='bbox 645 3626 827 3697; x_wconf 86' lang='grc' dir='ltr'>φωνῆς</span> <span class='ocrx_word' id='word_1_282' title='bbox 864 3626 1023 3696; x_wconf 89' lang='grc' dir='ltr'>μόνον</span> <span class='ocrx_word' id='word_1_283' title='bbox 1062 3623 1463 3693; x_wconf 88' lang='grc' dir='ltr'>συμϐουλεύων,</span> <span class='ocrx_word' id='word_1_284' title='bbox 1498 3623 1633 3678; x_wconf 79' lang='grc' dir='ltr'>ἀλλὰ</span> <span class='ocrx_word' id='word_1_285' title='bbox 1664 3625 1756 3678; x_wconf 76' lang='grc' dir='ltr'>καὶ</span> <span class='ocrx_word' id='word_1_286' title='bbox 1781 3625 1848 3679; x_wconf 87' lang='grc' dir='ltr'>δι’</span> <span class='ocrx_word' id='word_1_287' title='bbox 1878 3627 1975 3679; x_wconf 80' lang='grc' dir='ltr'>αύ-</span> 
     </span>
    </p>
   </div>
   <div class='ocr_carea' id='block_1_41' title="bbox 398 3705 1975 3781">
    <p class='ocr_par' dir='ltr' id='par_1_41' title="bbox 398 3705 1975 3781">
     <span class='ocr_line' id='line_1_41' title="bbox 398 3705 1975 3781; baseline -0.004 -13"><span class='ocrx_word' id='word_1_288' title='bbox 398 3713 509 3768; x_wconf 83' lang='grc' dir='ltr'>τῶν</span> <span class='ocrx_word' id='word_1_289' title='bbox 539 3711 645 3765; x_wconf 83' lang='grc' dir='ltr'>τῶν</span> <span class='ocrx_word' id='word_1_290' title='bbox 680 3709 1018 3781; x_wconf 83' lang='grc' dir='ltr'>πραγμάτων</span> <span class='ocrx_word' id='word_1_291' title='bbox 1053 3707 1351 3774; x_wconf 83' lang='grc' dir='ltr'>σάλπιγγος</span> <span class='ocrx_word' id='word_1_292' title='bbox 1377 3705 1763 3778; x_wconf 85' lang='grc' dir='ltr'>λαμπροτέραν</span> <span class='ocrx_word' id='word_1_293' title='bbox 1796 3709 1975 3777; x_wconf 71' lang='grc' dir='ltr'>ἀφιεὶς</span> 
     </span>
    </p>
   </div>
   <div class='ocr_carea' id='block_1_42' title="bbox 401 3789 1972 3867">
    <p class='ocr_par' dir='ltr' id='par_1_42' title="bbox 401 3789 1972 3867">
     <span class='ocr_line' id='line_1_42' title="bbox 401 3789 1972 3867; baseline -0.003 -18"><span class='ocrx_word' id='word_1_294' title='bbox 401 3797 606 3867; x_wconf 88' lang='grc' dir='ltr'>φωνήν.</span> <span class='ocrx_word' id='word_1_295' title='bbox 638 3794 750 3847; x_wconf 78' lang='grc' dir='ltr'>Καὶ</span> <span class='ocrx_word' id='word_1_296' title='bbox 799 3791 1051 3861; x_wconf 84' lang='grc' dir='ltr'>καθάπερ</span> <span class='ocrx_word' id='word_1_297' title='bbox 1100 3792 1148 3843; x_wconf 79' lang='grc' dir='ltr'>οἱ</span> <span class='ocrx_word' id='word_1_298' title='bbox 1199 3790 1418 3858; x_wconf 74' lang='grc' dir='ltr'>οὐρανοὶ</span> <span class='ocrx_word' id='word_1_299' title='bbox 1464 3789 1775 3859; x_wconf 85' lang='grc' dir='ltr'>διηγοῦνται</span> <span class='ocrx_word' id='word_1_300' title='bbox 1815 3791 1972 3857; x_wconf 81' lang='grc' dir='ltr'>δόξαν</span> 
     </span>
    </p>
   </div>
   <div class='ocr_carea' id='block_1_43' title="bbox 400 3872 1973 3948">
    <p class='ocr_par' dir='ltr' id='par_1_43' title="bbox 400 3872 1973 3948">
     <span class='ocr_line' id='line_1_43' title="bbox 400 3872 1973 3948; baseline -0.003 -15"><span class='ocrx_word' id='word_1_301' title='bbox 400 3878 559 3942; x_wconf 83' lang='grc' dir='ltr'>Θεοῦ,</span> <span class='ocrx_word' id='word_1_302' title='bbox 589 3877 710 3948; x_wconf 66' lang='grc' dir='ltr'>οὐχὶ</span> <span class='ocrx_word' id='word_1_303' title='bbox 737 3874 917 3946; x_wconf 78' lang='grc' dir='ltr'>φωνὴν</span> <span class='ocrx_word' id='word_1_304' title='bbox 942 3874 1214 3943; x_wconf 81' lang='grc' dir='ltr'>ἀφιέντες,</span> <span class='ocrx_word' id='word_1_305' title='bbox 1236 3872 1372 3927; x_wconf 82' lang='grc' dir='ltr'>ἀλλά</span> <span class='ocrx_word' id='word_1_306' title='bbox 1401 3875 1468 3944; x_wconf 80' lang='grc' dir='ltr'>τῇ</span> <span class='ocrx_word' id='word_1_307' title='bbox 1504 3872 1847 3946; x_wconf 84' lang='grc' dir='ltr'>λαμπρότητι</span> <span class='ocrx_word' id='word_1_308' title='bbox 1873 3879 1973 3946; x_wconf 81' lang='grc' dir='ltr'>τῆς</span> 
     </span>
    </p>
   </div>
   <div class='ocr_carea' id='block_1_44' title="bbox 400 3955 1972 4031">
    <p class='ocr_par' dir='ltr' id='par_1_44' title="bbox 400 3955 1972 4031">
     <span class='ocr_line' id='line_1_44' title="bbox 400 3955 1972 4031; baseline -0.003 -16"><span class='ocrx_word' id='word_1_309' title='bbox 400 3961 577 4031; x_wconf 74' lang='grc' dir='ltr'>ὅψεως</span> <span class='ocrx_word' id='word_1_310' title='bbox 610 3960 701 4013; x_wconf 79' lang='grc' dir='ltr'>τὸν</span> <span class='ocrx_word' id='word_1_311' title='bbox 741 3956 937 4029; x_wconf 80' lang='grc' dir='ltr'>θεατὴν</span> <span class='ocrx_word' id='word_1_312' title='bbox 988 3957 1123 4028; x_wconf 77' lang='grc' dir='ltr'>πρὸς</span> <span class='ocrx_word' id='word_1_313' title='bbox 1168 3955 1229 4009; x_wconf 86' lang='grc' dir='ltr'>τὸ</span> <span class='ocrx_word' id='word_1_314' title='bbox 1275 3955 1458 4027; x_wconf 88' lang='grc' dir='ltr'>θαῦμα</span> <span class='ocrx_word' id='word_1_315' title='bbox 1502 3956 1595 4010; x_wconf 91' lang='grc' dir='ltr'>τοῦ</span> <span class='ocrx_word' id='word_1_316' title='bbox 1639 3958 1972 4028; x_wconf 82' lang='grc' dir='ltr'>δημιουργοῦ</span> 
     </span>
    </p>
   </div>
   <div class='ocr_carea' id='block_1_45' title="bbox 402 4039 1974 4116">
    <p class='ocr_par' dir='ltr' id='par_1_45' title="bbox 402 4039 1974 4116">
     <span class='ocr_line' id='line_1_45' title="bbox 402 4039 1974 4116; baseline -0.003 -18"><span class='ocrx_word' id='word_1_317' title='bbox 402 4043 895 4116; x_wconf 86' lang='grc' dir='ltr'>παραπέμποντες·</span> <span class='ocrx_word' id='word_1_318' title='bbox 950 4039 1094 4093; x_wconf 79' lang='grc' dir='ltr'>οὕτω</span> <span class='ocrx_word' id='word_1_319' title='bbox 1154 4039 1217 4111; x_wconf 84' lang='grc' dir='ltr'>δή</span> <span class='ocrx_word' id='word_1_320' title='bbox 1281 4040 1373 4093; x_wconf 75' lang='grc' dir='ltr'>καὶ</span> <span class='ocrx_word' id='word_1_321' title='bbox 1420 4039 1449 4090; x_wconf 92' lang='lat'>6</span> <span class='ocrx_word' id='word_1_322' title='bbox 1499 4039 1710 4111; x_wconf 88' lang='grc' dir='ltr'>μάρτυς</span> <span class='ocrx_word' id='word_1_323' title='bbox 1771 4041 1974 4105; x_wconf 87' lang='grc' dir='ltr'>ἐκεῖνος</span> 
     </span>
    </p>
   </div>
   <div class='ocr_carea' id='block_1_46' title="bbox 401 4121 1974 4198">
    <p class='ocr_par' dir='ltr' id='par_1_46' title="bbox 401 4121 1974 4198">
     <span class='ocr_line' id='line_1_46' title="bbox 401 4121 1974 4198; baseline -0.004 -17"><span class='ocrx_word' id='word_1_324' title='bbox 401 4129 640 4198; x_wconf 87' lang='grc' dir='ltr'>διηγεῖτο</span> <span class='ocrx_word' id='word_1_325' title='bbox 670 4125 790 4179; x_wconf 87' lang='grc' dir='ltr'>τότε</span> <span class='ocrx_word' id='word_1_326' title='bbox 818 4123 973 4190; x_wconf 82' lang='grc' dir='ltr'>δόξαν</span> <span class='ocrx_word' id='word_1_327' title='bbox 1003 4121 1161 4186; x_wconf 86' lang='grc' dir='ltr'>Θεοῦ,</span> <span class='ocrx_word' id='word_1_328' title='bbox 1193 4121 1421 4194; x_wconf 83' lang='grc' dir='ltr'>οὐρανὸς</span> <span class='ocrx_word' id='word_1_329' title='bbox 1439 4122 1514 4176; x_wconf 85' lang='grc' dir='ltr'>ὢν</span> <span class='ocrx_word' id='word_1_330' title='bbox 1541 4122 1632 4176; x_wconf 81' lang='grc' dir='ltr'>καὶ</span> <span class='ocrx_word' id='word_1_331' title='bbox 1661 4123 1844 4186; x_wconf 81' lang='grc' dir='ltr'>αὐτὸς,</span> <span class='ocrx_word' id='word_1_332' title='bbox 1880 4124 1974 4176; x_wconf 79' lang='grc' dir='ltr'>καὶ</span> 
     </span>
    </p>
   </div>
   <div class='ocr_carea' id='block_1_47' title="bbox 404 4205 2033 4279">
    <p class='ocr_par' dir='ltr' id='par_1_47' title="bbox 404 4205 2033 4279">
     <span class='ocr_line' id='line_1_47' title="bbox 404 4205 2033 4279; baseline -0.003 -15"><span class='ocrx_word' id='word_1_333' title='bbox 404 4212 536 4265; x_wconf 79' lang='grc' dir='ltr'>πολὺ</span> <span class='ocrx_word' id='word_1_334' title='bbox 573 4209 668 4264; x_wconf 87' lang='grc' dir='ltr'>τοῦ</span> <span class='ocrx_word' id='word_1_335' title='bbox 709 4207 1039 4279; x_wconf 80' lang='grc' dir='ltr'>φαινομένου</span> <span class='ocrx_word' id='word_1_336' title='bbox 1067 4205 1255 4260; x_wconf 90' lang='grc' dir='ltr'>τούτου</span> <span class='ocrx_word' id='word_1_337' title='bbox 1287 4205 1636 4278; x_wconf 79' lang='grc' dir='ltr'>φαιδρότερος</span> <span class='ocrx_word' id='word_1_338' title='bbox 1663 4217 1684 4245; x_wconf 75' lang='grc' dir='ltr'><strong>ο</strong></span> <span class='ocrx_word' id='word_1_339' title='bbox 1709 4244 1723 4258; x_wconf 94' lang='grc'>.</span> <span class='ocrx_word' id='word_1_340' title='bbox 1760 4207 1833 4259; x_wconf 84' lang='grc' dir='ltr'>Οὐ</span> <span class='ocrx_word' id='word_1_341' title='bbox 1865 4206 1974 4277; x_wconf 81' lang='grc' dir='ltr'>γάρ</span> <span class='ocrx_word' id='word_1_342' title='bbox 2014 4234 2033 4247; x_wconf 69' lang='grc' dir='ltr'><em>ο</em></span> 
     </span>
    </p>
   </div>
   <div class='ocr_carea' id='block_1_48' title="bbox 402 4288 1974 4363">
    <p class='ocr_par' dir='ltr' id='par_1_48' title="bbox 402 4288 1974 4363">
     <span class='ocr_line' id='line_1_48' title="bbox 402 4288 1974 4363; baseline -0.005 -15"><span class='ocrx_word' id='word_1_343' title='bbox 402 4294 544 4349; x_wconf 73' lang='grc' dir='ltr'>οὕτω</span> <span class='ocrx_word' id='word_1_344' title='bbox 593 4293 685 4346; x_wconf 81' lang='grc' dir='ltr'>τὸν</span> <span class='ocrx_word' id='word_1_345' title='bbox 728 4291 955 4363; x_wconf 75' lang='grc' dir='ltr'>οὐρανὸν</span> <span class='ocrx_word' id='word_1_346' title='bbox 1011 4288 1264 4360; x_wconf 86' lang='grc' dir='ltr'>λαμπρὸν</span> <span class='ocrx_word' id='word_1_347' title='bbox 1323 4289 1715 4357; x_wconf 79' lang='grc' dir='ltr'>ἀποφαίνουσιν</span> <span class='ocrx_word' id='word_1_348' title='bbox 1772 4291 1821 4342; x_wconf 79' lang='grc' dir='ltr'>οἱ</span> <span class='ocrx_word' id='word_1_349' title='bbox 1865 4289 1974 4341; x_wconf 88' lang='grc' dir='ltr'>τῶν</span> 
     </span>
    </p>
   </div>
   <div class='ocr_carea' id='block_1_49' title="bbox 404 4371 1977 4450">
    <p class='ocr_par' dir='ltr' id='par_1_49' title="bbox 404 4371 1977 4450">
     <span class='ocr_line' id='line_1_49' title="bbox 404 4371 1977 4450; baseline -0.006 -18"><span class='ocrx_word' id='word_1_350' title='bbox 404 4378 618 4450; x_wconf 82' lang='grc' dir='ltr'>ἄστρων</span> <span class='ocrx_word' id='word_1_351' title='bbox 664 4375 837 4446; x_wconf 72' lang='grc' dir='ltr'>χοροὶ,</span> <span class='ocrx_word' id='word_1_352' title='bbox 883 4373 961 4437; x_wconf 85' lang='grc' dir='ltr'>ὡς</span> <span class='ocrx_word' id='word_1_353' title='bbox 993 4372 1055 4425; x_wconf 77' lang='grc' dir='ltr'>τὸ</span> <span class='ocrx_word' id='word_1_354' title='bbox 1088 4371 1183 4424; x_wconf 90' lang='grc' dir='ltr'>τοῦ</span> <span class='ocrx_word' id='word_1_355' title='bbox 1221 4371 1499 4442; x_wconf 84' lang='grc' dir='ltr'>μάρτυρος</span> <span class='ocrx_word' id='word_1_356' title='bbox 1527 4371 1691 4444; x_wconf 82' lang='grc' dir='ltr'>σῶμα</span> <span class='ocrx_word' id='word_1_357' title='bbox 1719 4371 1977 4443; x_wconf 65' lang='grc' dir='ltr'>λαμπρός</span> 
     </span>
    </p>
   </div>
   <div class='ocr_carea' id='block_1_50' title="bbox 404 4451 1975 4532">
    <p class='ocr_par' dir='ltr' id='par_1_50' title="bbox 404 4451 1975 4532">
     <span class='ocr_line' id='line_1_50' title="bbox 404 4451 1975 4532; baseline -0.004 -17"><span class='ocrx_word' id='word_1_358' title='bbox 404 4451 560 4532; x_wconf 76' lang='grc' dir='ltr'>τερον</span> <span class='ocrx_word' id='word_1_359' title='bbox 581 4459 870 4528; x_wconf 86' lang='grc' dir='ltr'>ἀπέφηναν</span> <span class='ocrx_word' id='word_1_360' title='bbox 908 4456 958 4508; x_wconf 81' lang='grc' dir='ltr'>οἱ</span> <span class='ocrx_word' id='word_1_361' title='bbox 994 4455 1102 4507; x_wconf 88' lang='grc' dir='ltr'>τῶν</span> <span class='ocrx_word' id='word_1_362' title='bbox 1136 4454 1465 4524; x_wconf 82' lang='grc' dir='ltr'>τραυμάτων</span> <span class='ocrx_word' id='word_1_363' title='bbox 1501 4453 1714 4524; x_wconf 82' lang='grc' dir='ltr'>ἰχῶρες.</span> <span class='ocrx_word' id='word_1_364' title='bbox 1748 4455 1860 4509; x_wconf 76' lang='grc' dir='ltr'>Καὶ</span> <span class='ocrx_word' id='word_1_365' title='bbox 1890 4456 1975 4508; x_wconf 79' lang='grc' dir='ltr'>ἵνα</span> 
     </span>
    </p>
   </div>
   <div class='ocr_carea' id='block_1_51' title="bbox 410 4535 1978 4617">
    <p class='ocr_par' dir='ltr' id='par_1_51' title="bbox 410 4535 1978 4617">
     <span class='ocr_line' id='line_1_51' title="bbox 410 4535 1978 4617; baseline -0.013 -18"><span class='ocrx_word' id='word_1_366' title='bbox 410 4546 617 4617; x_wconf 87' lang='grc' dir='ltr'>μάθητε</span> <span class='ocrx_word' id='word_1_367' title='bbox 650 4543 730 4597; x_wconf 83' lang='grc' dir='ltr'>ὅτι</span> <span class='ocrx_word' id='word_1_368' title='bbox 759 4540 831 4594; x_wconf 77' lang='grc' dir='ltr'>τὰ</span> <span class='ocrx_word' id='word_1_369' title='bbox 878 4537 1170 4609; x_wconf 86' lang='grc' dir='ltr'>τραύματα</span> <span class='ocrx_word' id='word_1_370' title='bbox 1201 4535 1296 4589; x_wconf 90' lang='grc' dir='ltr'>τοῦ</span> <span class='ocrx_word' id='word_1_371' title='bbox 1347 4536 1622 4608; x_wconf 86' lang='grc' dir='ltr'>μάρτυρος</span> <span class='ocrx_word' id='word_1_372' title='bbox 1657 4538 1765 4591; x_wconf 83' lang='grc' dir='ltr'>τῶν</span> <span class='ocrx_word' id='word_1_373' title='bbox 1795 4540 1851 4590; x_wconf 71' lang='grc' dir='ltr'>ἐν</span> <span class='ocrx_word' id='word_1_374' title='bbox 1886 4539 1978 4592; x_wconf 72' lang='grc' dir='ltr'>οὺ-</span> 
     </span>
    </p>
   </div>
   <div class='ocr_carea' id='block_1_52' title="bbox 411 4619 1869 4700">
    <p class='ocr_par' dir='ltr' id='par_1_52' title="bbox 411 4619 1869 4700">
     <span class='ocr_line' id='line_1_52' title="bbox 411 4619 1869 4700; baseline -0.01 -18"><span class='ocrx_word' id='word_1_375' title='bbox 411 4628 553 4700; x_wconf 86' lang='grc' dir='ltr'>ρανῴ</span> <span class='ocrx_word' id='word_1_376' title='bbox 578 4625 903 4695; x_wconf 85' lang='grc' dir='ltr'>πεπηγότων</span> <span class='ocrx_word' id='word_1_377' title='bbox 925 4623 1139 4692; x_wconf 82' lang='grc' dir='ltr'>ἄστρων</span> <span class='ocrx_word' id='word_1_378' title='bbox 1167 4619 1521 4690; x_wconf 89' lang='grc' dir='ltr'>λαμπρότερα</span> <span class='ocrx_word' id='word_1_379' title='bbox 1538 4660 1552 4685; x_wconf 90' lang='grc'>,</span> <span class='ocrx_word' id='word_1_380' title='bbox 1597 4624 1869 4676; x_wconf 78' lang='grc' dir='ltr'>σκοπεῖτε,</span> 
     </span>
    </p>
   </div>
   <div class='ocr_carea' id='block_1_53' title="bbox 480 4702 1979 4780">
    <p class='ocr_par' dir='ltr' id='par_1_53' title="bbox 480 4702 1979 4780">
     <span class='ocr_line' id='line_1_53' title="bbox 480 4702 1979 4780; baseline -0.003 -19"><span class='ocrx_word' id='word_1_381' title='bbox 480 4709 623 4780; x_wconf 81' lang='grc' dir='ltr'>Πρὸς</span> <span class='ocrx_word' id='word_1_382' title='bbox 649 4710 854 4760; x_wconf 78' lang='grc' dir='ltr'>ἐκεῖνον</span> <span class='ocrx_word' id='word_1_383' title='bbox 881 4705 980 4775; x_wconf 81' lang='grc' dir='ltr'>μὲν</span> <span class='ocrx_word' id='word_1_384' title='bbox 1006 4705 1098 4757; x_wconf 82' lang='grc' dir='ltr'>τὸν</span> <span class='ocrx_word' id='word_1_385' title='bbox 1126 4702 1354 4774; x_wconf 85' lang='grc' dir='ltr'>οὐρανὸν</span> <span class='ocrx_word' id='word_1_386' title='bbox 1381 4702 1611 4765; x_wconf 77' lang='grc' dir='ltr'>καὶτοὺς</span> <span class='ocrx_word' id='word_1_387' title='bbox 1628 4704 1862 4774; x_wconf 85' lang='grc' dir='ltr'>ἀστέρας</span> <span class='ocrx_word' id='word_1_388' title='bbox 1884 4704 1979 4757; x_wconf 66' lang='grc' dir='ltr'>καὶ</span> 
     </span>
    </p>
   </div>
   <div class='ocr_carea' id='block_1_54' title="bbox 407 4784 1980 4859">
    <p class='ocr_par' dir='ltr' id='par_1_54' title="bbox 407 4784 1980 4859">
     <span class='ocr_line' id='line_1_54' title="bbox 407 4784 1980 4859; baseline -0.005 -12"><span class='ocrx_word' id='word_1_389' title='bbox 407 4792 505 4847; x_wconf 75' lang='grc' dir='ltr'>ἀνθ</span> <span class='ocrx_word' id='word_1_390' title='bbox 515 4807 682 4859; x_wconf 84' lang='grc' dir='ltr'>ρωποι</span> <span class='ocrx_word' id='word_1_391' title='bbox 702 4791 791 4843; x_wconf 74' lang='grc' dir='ltr'>καὶ</span> <span class='ocrx_word' id='word_1_392' title='bbox 805 4789 1056 4857; x_wconf 87' lang='grc' dir='ltr'>δαίμονες</span> <span class='ocrx_word' id='word_1_393' title='bbox 1082 4786 1358 4858; x_wconf 83' lang='grc' dir='ltr'>βλέπουσι,</span> <span class='ocrx_word' id='word_1_394' title='bbox 1378 4784 1513 4856; x_wconf 80' lang='grc' dir='ltr'>πρὸς</span> <span class='ocrx_word' id='word_1_395' title='bbox 1531 4785 1586 4837; x_wconf 83' lang='grc' dir='ltr'>δὲ</span> <span class='ocrx_word' id='word_1_396' title='bbox 1602 4784 1671 4837; x_wconf 71' lang='grc' dir='ltr'>τά</span> <span class='ocrx_word' id='word_1_397' title='bbox 1690 4787 1980 4856; x_wconf 84' lang='grc' dir='ltr'>τραύματα</span> 
     </span>
    </p>
   </div>
   <div class='ocr_carea' id='block_1_55' title="bbox 407 4867 1978 4942">
    <p class='ocr_par' dir='ltr' id='par_1_55' title="bbox 407 4867 1978 4942">
     <span class='ocr_line' id='line_1_55' title="bbox 407 4867 1978 4942; baseline -0.011 -13"><span class='ocrx_word' id='word_1_398' title='bbox 407 4873 600 4928; x_wconf 89' lang='grc' dir='ltr'>τούτου</span> <span class='ocrx_word' id='word_1_399' title='bbox 631 4872 904 4942; x_wconf 83' lang='grc' dir='ltr'>ἄνθρωποι</span> <span class='ocrx_word' id='word_1_400' title='bbox 936 4871 1033 4941; x_wconf 82' lang='grc' dir='ltr'>μὲν</span> <span class='ocrx_word' id='word_1_401' title='bbox 1066 4869 1355 4940; x_wconf 82' lang='grc' dir='ltr'>βλέπουσιν</span> <span class='ocrx_word' id='word_1_402' title='bbox 1387 4869 1436 4921; x_wconf 84' lang='grc' dir='ltr'>οἱ</span> <span class='ocrx_word' id='word_1_403' title='bbox 1470 4869 1674 4933; x_wconf 78' lang='grc' dir='ltr'>πιστοὶ,</span> <span class='ocrx_word' id='word_1_404' title='bbox 1723 4867 1978 4937; x_wconf 79' lang='grc' dir='ltr'>δαίμονες</span> 
     </span>
    </p>
   </div>
   <div class='ocr_carea' id='block_1_56' title="bbox 408 4949 1979 5025">
    <p class='ocr_par' dir='ltr' id='par_1_56' title="bbox 408 4949 1979 5025">
     <span class='ocr_line' id='line_1_56' title="bbox 408 4949 1979 5025; baseline -0.004 -13"><span class='ocrx_word' id='word_1_405' title='bbox 408 4960 466 5012; x_wconf 74' lang='grc' dir='ltr'>δὲ</span> <span class='ocrx_word' id='word_1_406' title='bbox 492 4955 808 5025; x_wconf 73' lang='grc' dir='ltr'>ἀντιϐλέψαι</span> <span class='ocrx_word' id='word_1_407' title='bbox 840 4954 899 5007; x_wconf 76' lang='grc' dir='ltr'>οὐ</span> <span class='ocrx_word' id='word_1_408' title='bbox 922 4953 1211 5024; x_wconf 81' lang='grc' dir='ltr'>τολμῶσιν,</span> <span class='ocrx_word' id='word_1_409' title='bbox 1236 4952 1371 5007; x_wconf 85' lang='grc' dir='ltr'>ἀλλά</span> <span class='ocrx_word' id='word_1_410' title='bbox 1404 4949 1505 5004; x_wconf 86' lang='grc' dir='ltr'>κᾶν</span> <span class='ocrx_word' id='word_1_411' title='bbox 1557 4951 1979 5021; x_wconf 76' lang='grc' dir='ltr'>ἐπιχειρήσωσιν</span> 
     </span>
    </p>
   </div>
   <div class='ocr_carea' id='block_1_57' title="bbox 412 5028 1997 5104">
    <p class='ocr_par' dir='ltr' id='par_1_57' title="bbox 412 5028 1997 5104">
     <span class='ocr_line' id='line_1_57' title="bbox 412 5028 1997 5104; baseline -0.005 -11"><span class='ocrx_word' id='word_1_412' title='bbox 412 5041 561 5103; x_wconf 82' lang='grc' dir='ltr'>ἰδεῖν,</span> <span class='ocrx_word' id='word_1_413' title='bbox 584 5038 785 5101; x_wconf 80' lang='grc' dir='ltr'>εὐθέως</span> <span class='ocrx_word' id='word_1_414' title='bbox 814 5034 1247 5104; x_wconf 81' lang='grc' dir='ltr'>ἀποτυφλοῦνται</span> <span class='ocrx_word' id='word_1_415' title='bbox 1294 5035 1393 5099; x_wconf 81' lang='grc' dir='ltr'>τάς</span> <span class='ocrx_word' id='word_1_416' title='bbox 1428 5034 1600 5104; x_wconf 69' lang='grc' dir='ltr'>ὄψεις,</span> <span class='ocrx_word' id='word_1_417' title='bbox 1640 5032 1737 5103; x_wconf 83' lang='grc' dir='ltr'>τὴν</span> <span class='ocrx_word' id='word_1_418' title='bbox 1772 5028 1997 5086; x_wconf 63' lang='grc' dir='ltr'>ἐκεῖθεν</span> 
     </span>
    </p>
   </div>
   <div class='ocr_carea' id='block_1_58' title="bbox 411 5116 1980 5195">
    <p class='ocr_par' dir='ltr' id='par_1_58' title="bbox 411 5116 1980 5195">
     <span class='ocr_line' id='line_1_58' title="bbox 411 5116 1980 5195; baseline -0.006 -15"><span class='ocrx_word' id='word_1_419' title='bbox 411 5123 736 5195; x_wconf 80' lang='grc' dir='ltr'>ἐκπηδῶσαν</span> <span class='ocrx_word' id='word_1_420' title='bbox 772 5119 1141 5194; x_wconf 85' lang='grc' dir='ltr'>μαρμαρυγὴν</span> <span class='ocrx_word' id='word_1_421' title='bbox 1164 5117 1190 5158; x_wconf 73' lang='grc' dir='ltr'>ά</span> <span class='ocrx_word' id='word_1_422' title='bbox 1218 5119 1276 5171; x_wconf 87' lang='grc' dir='ltr'>οὑ</span> <span class='ocrx_word' id='word_1_423' title='bbox 1307 5117 1594 5189; x_wconf 88' lang='grc' dir='ltr'>δυνάμενοι</span> <span class='ocrx_word' id='word_1_424' title='bbox 1628 5116 1837 5188; x_wconf 89' lang='grc' dir='ltr'>φέρειν.</span> <span class='ocrx_word' id='word_1_425' title='bbox 1869 5116 1980 5170; x_wconf 78' lang='grc' dir='ltr'>Καὶ</span> 
     </span>
    </p>
   </div>
   <div class='ocr_carea' id='block_1_59' title="bbox 409 5196 1980 5271">
    <p class='ocr_par' dir='ltr' id='par_1_59' title="bbox 409 5196 1980 5271">
     <span class='ocr_line' id='line_1_59' title="bbox 409 5196 1980 5271; baseline -0.006 -11"><span class='ocrx_word' id='word_1_426' title='bbox 409 5208 568 5263; x_wconf 79' lang='grc' dir='ltr'>τοῦτο</span> <span class='ocrx_word' id='word_1_427' title='bbox 592 5207 689 5261; x_wconf 79' lang='grc' dir='ltr'>οὐκ</span> <span class='ocrx_word' id='word_1_428' title='bbox 713 5205 822 5260; x_wconf 77' lang='grc' dir='ltr'>ἀπὸ</span> <span class='ocrx_word' id='word_1_429' title='bbox 850 5204 958 5257; x_wconf 89' lang='grc' dir='ltr'>τῶν</span> <span class='ocrx_word' id='word_1_430' title='bbox 989 5201 1155 5257; x_wconf 88' lang='grc' dir='ltr'>πάλαι</span> <span class='ocrx_word' id='word_1_431' title='bbox 1180 5201 1602 5271; x_wconf 70' lang='grc' dir='ltr'>συμϐεϐηκότων</span> <span class='ocrx_word' id='word_1_432' title='bbox 1634 5196 1980 5269; x_wconf 88' lang='grc' dir='ltr'>πιστὼσομαι</span> 
     </span>
    </p>
   </div>
   <div class='ocr_carea' id='block_1_60' title="bbox 416 5281 1977 5363">
    <p class='ocr_par' dir='ltr' id='par_1_60' title="bbox 416 5281 1977 5363">
     <span class='ocr_line' id='line_1_60' title="bbox 416 5281 1977 5363; baseline -0.006 -18"><span class='ocrx_word' id='word_1_433' title='bbox 416 5293 597 5363; x_wconf 89' lang='grc' dir='ltr'>μόνον.</span> <span class='ocrx_word' id='word_1_434' title='bbox 636 5291 775 5345; x_wconf 74' lang='grc' dir='ltr'>ἀλλὰ.</span> <span class='ocrx_word' id='word_1_435' title='bbox 816 5289 912 5343; x_wconf 74' lang='grc' dir='ltr'>καὶ</span> <span class='ocrx_word' id='word_1_436' title='bbox 959 5285 1067 5343; x_wconf 84' lang='grc' dir='ltr'>ἀπὸ</span> <span class='ocrx_word' id='word_1_437' title='bbox 1099 5284 1206 5339; x_wconf 88' lang='grc' dir='ltr'>τῶν</span> <span class='ocrx_word' id='word_1_438' title='bbox 1258 5283 1337 5337; x_wconf 78' lang='grc' dir='ltr'>ἔτι</span> <span class='ocrx_word' id='word_1_439' title='bbox 1391 5285 1485 5338; x_wconf 75' lang='grc' dir='ltr'>καὶ</span> <span class='ocrx_word' id='word_1_440' title='bbox 1513 5284 1607 5339; x_wconf 91' lang='grc' dir='ltr'>νῦν</span> <span class='ocrx_word' id='word_1_441' title='bbox 1657 5281 1977 5352; x_wconf 86' lang='grc' dir='ltr'>γινομένων.</span> 
     </span>
    </p>
   </div>
   <div class='ocr_carea' id='block_1_61' title="bbox 412 5365 1981 5446">
    <p class='ocr_par' dir='ltr' id='par_1_61' title="bbox 412 5365 1981 5446">
     <span class='ocr_line' id='line_1_61' title="bbox 412 5365 1981 5446; baseline -0.008 -16"><span class='ocrx_word' id='word_1_442' title='bbox 412 5376 607 5429; x_wconf 86' lang='grc' dir='ltr'>Λαϐὼν</span> <span class='ocrx_word' id='word_1_443' title='bbox 628 5375 736 5446; x_wconf 85' lang='grc' dir='ltr'>γάρ</span> <span class='ocrx_word' id='word_1_444' title='bbox 759 5392 879 5427; x_wconf 89' lang='grc' dir='ltr'>τινα</span> <span class='ocrx_word' id='word_1_445' title='bbox 901 5370 1239 5443; x_wconf 86' lang='grc' dir='ltr'>δαιμονῶντα</span> <span class='ocrx_word' id='word_1_446' title='bbox 1256 5369 1350 5421; x_wconf 77' lang='grc' dir='ltr'>καὶ</span> <span class='ocrx_word' id='word_1_447' title='bbox 1378 5368 1699 5439; x_wconf 86' lang='grc' dir='ltr'>μαινόμενον</span> <span class='ocrx_word' id='word_1_448' title='bbox 1722 5365 1981 5434; x_wconf 81' lang='grc' dir='ltr'>εἰσάγαγε</span> 
     </span>
    </p>
   </div>
   <div class='ocr_carea' id='block_1_62' title="bbox 474 5477 1983 5550">
    <p class='ocr_par' dir='ltr' id='par_1_62' title="bbox 474 5477 1983 5550">
     <span class='ocr_line' id='line_1_62' title="bbox 474 5477 1983 5550; baseline -0.009 -14"><span class='ocrx_word' id='word_1_449' title='bbox 474 5489 502 5517; x_wconf 82' lang='grc'>⁸</span> <span class='ocrx_word' id='word_1_450' title='bbox 526 5486 697 5536; x_wconf 76' lang='lat' dir='ltr'>Morel.</span> <span class='ocrx_word' id='word_1_451' title='bbox 723 5486 1043 5550; x_wconf 82' lang='grc' dir='ltr'>λαμπρότερον</span> <span class='ocrx_word' id='word_1_452' title='bbox 1061 5483 1349 5550; x_wconf 61' lang='grc' dir='ltr'>ἀποφαίνων,</span> <span class='ocrx_word' id='word_1_453' title='bbox 1373 5483 1399 5529; x_wconf 92' lang='lat'>6</span> <span class='ocrx_word' id='word_1_454' title='bbox 1422 5482 1471 5550; x_wconf 73' lang='grc' dir='ltr'>δέ</span> <span class='ocrx_word' id='word_1_455' title='bbox 1697 5479 1825 5550; x_wconf 64' lang='grc' dir='ltr'>ἐϐόα.</span> <span class='ocrx_word' id='word_1_456' title='bbox 1848 5477 1983 5550; x_wconf 49' lang='lat' dir='ltr'>Ullus</span> 
     </span>
    </p>
   </div>
   <div class='ocr_carea' id='block_1_63' title="bbox 410 5538 1984 5611">
    <p class='ocr_par' dir='ltr' id='par_1_63' title="bbox 410 5538 1984 5611">
     <span class='ocr_line' id='line_1_63' title="bbox 410 5538 1984 5611; baseline -0.01 -12"><span class='ocrx_word' id='word_1_457' title='bbox 410 5549 536 5611; x_wconf 63' lang='lat' dir='ltr'>Reg.</span> <span class='ocrx_word' id='word_1_458' title='bbox 573 5538 894 5611; x_wconf 72' lang='grc' dir='ltr'>λαμπρότερον</span> <span class='ocrx_word' id='word_1_459' title='bbox 913 5538 1119 5611; x_wconf 73' lang='grc' dir='ltr'>ἀπέφηνε</span> <span class='ocrx_word' id='word_1_460' title='bbox 1154 5538 1240 5611; x_wconf 38' lang='grc' dir='ltr'>καὶ.</span> <span class='ocrx_word' id='word_1_461' title='bbox 1258 5544 1391 5611; x_wconf 58' lang='grc' dir='ltr'>ἐϐόα.</span> <span class='ocrx_word' id='word_1_462' title='bbox 1440 5538 1572 5593; x_wconf 39' lang='lat' dir='ltr'>Ibid;</span> <span class='ocrx_word' id='word_1_463' title='bbox 1600 5541 1749 5590; x_wconf 74' lang='lat' dir='ltr'><strong><em>Savil.</em></strong></span> <span class='ocrx_word' id='word_1_464' title='bbox 1784 5548 1833 5587; x_wconf 84' lang='lat' dir='ltr'>el</span> <span class='ocrx_word' id='word_1_465' title='bbox 1859 5538 1984 5592; x_wconf 83' lang='lat' dir='ltr'><strong>alius</strong></span> 
     </span>
    </p>
   </div>
   <div class='ocr_carea' id='block_1_64' title="bbox 414 5606 1354 5673">
    <p class='ocr_par' dir='ltr' id='par_1_64' title="bbox 414 5606 1354 5673">
     <span class='ocr_line' id='line_1_64' title="bbox 414 5606 1354 5673; baseline -0.009 -13"><span class='ocrx_word' id='word_1_466' title='bbox 414 5606 585 5673; x_wconf 49' lang='grc' dir='ltr'>κοξκ.ᾲό</span> <span class='ocrx_word' id='word_1_467' title='bbox 607 5606 658 5658; x_wconf 84' lang='grc' dir='ltr'>δέ</span> <span class='ocrx_word' id='word_1_468' title='bbox 680 5606 1204 5673; x_wconf 71' lang='grc' dir='ltr'>μάρτυςπεριαγόμενος</span> <span class='ocrx_word' id='word_1_469' title='bbox 1223 5606 1354 5653; x_wconf 79' lang='grc' dir='ltr'>ἐϐόα.</span> 
     </span>
    </p>
   </div>
   <div class='ocr_carea' id='block_1_65' title="bbox 474 5669 1208 5730">
    <p class='ocr_par' dir='ltr' id='par_1_65' title="bbox 474 5669 1208 5730">
     <span class='ocr_line' id='line_1_65' title="bbox 474 5669 1208 5730; baseline -0.004 -12"><span class='ocrx_word' id='word_1_470' title='bbox 474 5671 503 5709; x_wconf 76' lang='lat' dir='ltr'><strong>b</strong></span> <span class='ocrx_word' id='word_1_471' title='bbox 527 5671 623 5719; x_wconf 81' lang='lat' dir='ltr'><strong>Alii</strong></span> <span class='ocrx_word' id='word_1_472' title='bbox 645 5669 728 5726; x_wconf 69' lang='grc' dir='ltr'>τῆς</span> <span class='ocrx_word' id='word_1_473' title='bbox 747 5669 921 5725; x_wconf 80' lang='grc' dir='ltr'>οἰκείας</span> <span class='ocrx_word' id='word_1_474' title='bbox 939 5669 1208 5730; x_wconf 79' lang='grc' dir='ltr'>δυνάμεως.</span> 
     </span>
    </p>
   </div>
   <div class='ocr_carea' id='block_1_66' title="bbox 476 5729 1340 5804">
    <p class='ocr_par' dir='ltr' id='par_1_66' title="bbox 476 5729 1340 5804">
     <span class='ocr_line' id='line_1_66' title="bbox 476 5729 1340 5804; baseline -0.002 -27"><span class='ocrx_word' id='word_1_475' title='bbox 476 5732 503 5804; x_wconf 67' lang='grc' dir='ltr'>ξ</span> <span class='ocrx_word' id='word_1_476' title='bbox 528 5730 663 5804; x_wconf 54' lang='lat' dir='ltr'><strong>limis}</strong></span> <span class='ocrx_word' id='word_1_477' title='bbox 688 5731 992 5804; x_wconf 42' lang='lat' dir='ltr'>Regfoé‘tgu</span> <span class='ocrx_word' id='word_1_478' title='bbox 1008 5729 1340 5804; x_wconf 79' lang='grc' dir='ltr'>λαμπρότερος.</span> 
     </span>
    </p>
   </div>
   <div class='ocr_carea' id='block_1_67' title="bbox 474 5785 1199 5854">
    <p class='ocr_par' dir='ltr' id='par_1_67' title="bbox 474 5785 1199 5854">
     <span class='ocr_line' id='line_1_67' title="bbox 474 5785 1199 5854; baseline 0 -16"><span class='ocrx_word' id='word_1_479' title='bbox 474 5785 504 5829; x_wconf 70' lang='grc' dir='ltr'><em>δ</em></span> <span class='ocrx_word' id='word_1_480' title='bbox 523 5789 620 5839; x_wconf 82' lang='lat' dir='ltr'>Alii</span> <span class='ocrx_word' id='word_1_481' title='bbox 642 5785 923 5850; x_wconf 68' lang='grc' dir='ltr'>ἐκπηδῶσαν</span> <span class='ocrx_word' id='word_1_482' title='bbox 940 5785 1199 5854; x_wconf 60' lang='grc' dir='ltr'>ἀστραπήν.</span> 
     </span>
    </p>
   </div>
   <div class='ocr_carea' id='block_1_68' title="bbox 1083 340 2919 400">
    <p class='ocr_par' dir='ltr' id='par_1_68' title="bbox 1083 340 2919 400">
     <span class='ocr_line' id='line_1_68' title="bbox 1083 340 2919 400; baseline -0.002 -1"><span class='ocrx_word' id='word_1_483' title='bbox 1083 348 1142 399; x_wconf 77' lang='grc'>5.</span> <span class='ocrx_word' id='word_1_484' title='bbox 1182 344 1463 400; x_wconf 74' lang='lat' dir='ltr'>JOANNIS</span> <span class='ocrx_word' id='word_1_485' title='bbox 1499 342 1979 400; x_wconf 76' lang='lat' dir='ltr'>CHRYSOSTOMI</span> <span class='ocrx_word' id='word_1_486' title='bbox 2018 340 2335 399; x_wconf 71' lang='lat' dir='ltr'>AllClllEP.</span> <span class='ocrx_word' id='word_1_487' title='bbox 2375 340 2919 398; x_wconf 71' lang='lat' dir='ltr'>CONSTANTINOP.</span> 
     </span>
    </p>
   </div>
   <div class='ocr_carea' id='block_1_69' title="bbox 3544 334 3655 392">
    <p class='ocr_par' dir='ltr' id='par_1_69' title="bbox 3544 334 3655 392">
     <span class='ocr_line' id='line_1_69' title="bbox 3544 334 3655 392; baseline 0.036 -5"><span class='ocrx_word' id='word_1_488' title='bbox 3544 334 3655 392; x_wconf 75' lang='lat'>670</span> 
     </span>
    </p>
   </div>
   <div class='ocr_carea' id='block_1_70' title="bbox 2069 440 3661 530">
    <p class='ocr_par' dir='ltr' id='par_1_70' title="bbox 2069 440 3661 530">
     <span class='ocr_line' id='line_1_70' title="bbox 2069 440 3661 530; baseline -0.008 -15"><span class='ocrx_word' id='word_1_489' title='bbox 2069 459 2202 530; x_wconf 79' lang='grc' dir='ltr'>πρὸς</span> <span class='ocrx_word' id='word_1_490' title='bbox 2221 460 2313 515; x_wconf 82' lang='grc' dir='ltr'>τὸν</span> <span class='ocrx_word' id='word_1_491' title='bbox 2336 461 2492 530; x_wconf 80' lang='grc' dir='ltr'>ἆγιον</span> <span class='ocrx_word' id='word_1_492' title='bbox 2522 461 2693 530; x_wconf 84' lang='grc' dir='ltr'>τάφον</span> <span class='ocrx_word' id='word_1_493' title='bbox 2728 462 2955 522; x_wconf 85' lang='grc' dir='ltr'>ἐκεῖνον,</span> <span class='ocrx_word' id='word_1_494' title='bbox 2984 440 3112 510; x_wconf 69' lang='grc' dir='ltr'>ἔνθα</span> <span class='ocrx_word' id='word_1_495' title='bbox 3148 452 3240 508; x_wconf 85' lang='grc' dir='ltr'>τοῦ</span> <span class='ocrx_word' id='word_1_496' title='bbox 3269 452 3559 524; x_wconf 86' lang='grc' dir='ltr'>μάρτυρος</span> <span class='ocrx_word' id='word_1_497' title='bbox 3586 451 3661 504; x_wconf 81' lang='grc' dir='ltr'>τά</span> 
     </span>
    </p>
   </div>
   <div class='ocr_carea' id='block_1_71' title="bbox 2067 534 3657 613">
    <p class='ocr_par' dir='ltr' id='par_1_71' title="bbox 2067 534 3657 613">
     <span class='ocr_line' id='line_1_71' title="bbox 2067 534 3657 613; baseline -0.006 -18"><span class='ocrx_word' id='word_1_498' title='bbox 2067 542 2315 611; x_wconf 72' lang='grc' dir='ltr'>λείψανα,</span> <span class='ocrx_word' id='word_1_499' title='bbox 2330 543 2425 598; x_wconf 76' lang='grc' dir='ltr'>καὶ</span> <span class='ocrx_word' id='word_1_500' title='bbox 2447 543 2567 613; x_wconf 76' lang='grc' dir='ltr'>ὄψει</span> <span class='ocrx_word' id='word_1_501' title='bbox 2593 544 2808 606; x_wconf 84' lang='grc' dir='ltr'>πάντως</span> <span class='ocrx_word' id='word_1_502' title='bbox 2829 538 3195 610; x_wconf 83' lang='grc' dir='ltr'>ἀποπηδῶντα</span> <span class='ocrx_word' id='word_1_503' title='bbox 3230 537 3323 590; x_wconf 73' lang='grc' dir='ltr'>καὶ</span> <span class='ocrx_word' id='word_1_504' title='bbox 3347 534 3657 605; x_wconf 83' lang='grc' dir='ltr'>φεύγοντα.</span> 
     </span>
    </p>
   </div>
   <div class='ocr_carea' id='block_1_72' title="bbox 2066 616 3663 698">
    <p class='ocr_par' dir='ltr' id='par_1_72' title="bbox 2066 616 3663 698">
     <span class='ocr_line' id='line_1_72' title="bbox 2066 616 3663 698; baseline -0.011 -13"><span class='ocrx_word' id='word_1_505' title='bbox 2066 627 2335 698; x_wconf 81' lang='grc' dir='ltr'>Καθάπερ</span> <span class='ocrx_word' id='word_1_506' title='bbox 2355 628 2465 698; x_wconf 84' lang='grc' dir='ltr'>γὰρ</span> <span class='ocrx_word' id='word_1_507' title='bbox 2496 625 2783 698; x_wconf 76' lang='grc' dir='ltr'>ἀνθράκων</span> <span class='ocrx_word' id='word_1_508' title='bbox 2814 625 3023 695; x_wconf 86' lang='grc' dir='ltr'>μέλλων</span> <span class='ocrx_word' id='word_1_509' title='bbox 3043 621 3366 679; x_wconf 83' lang='grc' dir='ltr'>ἐπιϐαίνειν.</span> <span class='ocrx_word' id='word_1_510' title='bbox 3384 616 3569 680; x_wconf 74' lang='grc' dir='ltr'>οὓτως</span> <span class='ocrx_word' id='word_1_511' title='bbox 3596 616 3663 681; x_wconf 82' lang='grc' dir='ltr'>ἐξ</span> 
     </span>
    </p>
   </div>
   <div class='ocr_carea' id='block_1_73' title="bbox 2066 700 3661 780">
    <p class='ocr_par' dir='ltr' id='par_1_73' title="bbox 2066 700 3661 780">
     <span class='ocr_line' id='line_1_73' title="bbox 2066 700 3661 780; baseline -0.01 -13"><span class='ocrx_word' id='word_1_512' title='bbox 2066 710 2244 767; x_wconf 82' lang='grc' dir='ltr'>αὐτῶν</span> <span class='ocrx_word' id='word_1_513' title='bbox 2270 711 2471 774; x_wconf 75' lang='grc' dir='ltr'>εὐθέως</span> <span class='ocrx_word' id='word_1_514' title='bbox 2495 710 2777 775; x_wconf 75' lang='grc' dir='ltr'>ἐξάλλεται</span> <span class='ocrx_word' id='word_1_515' title='bbox 2796 709 2906 762; x_wconf 88' lang='grc' dir='ltr'>τῶν</span> <span class='ocrx_word' id='word_1_516' title='bbox 2927 705 3237 780; x_wconf 88' lang='grc' dir='ltr'>προθύρων,</span> <span class='ocrx_word' id='word_1_517' title='bbox 3251 701 3373 758; x_wconf 77' lang='grc' dir='ltr'>οὐδὲ</span> <span class='ocrx_word' id='word_1_518' title='bbox 3391 700 3536 773; x_wconf 73' lang='grc' dir='ltr'>πρὸς</span> <span class='ocrx_word' id='word_1_519' title='bbox 3555 700 3661 768; x_wconf 81' lang='grc' dir='ltr'>τὴν</span> 
     </span>
    </p>
   </div>
   <div class='ocr_carea' id='block_1_74' title="bbox 2066 784 3661 866">
    <p class='ocr_par' dir='ltr' id='par_1_74' title="bbox 2066 784 3661 866">
     <span class='ocr_line' id='line_1_74' title="bbox 2066 784 3661 866; baseline -0.01 -15"><span class='ocrx_word' id='word_1_520' title='bbox 2066 796 2243 866; x_wconf 83' lang='grc' dir='ltr'>θήκην</span> <span class='ocrx_word' id='word_1_521' title='bbox 2292 795 2463 865; x_wconf 81' lang='grc' dir='ltr'>αὐτὴν</span> <span class='ocrx_word' id='word_1_522' title='bbox 2504 794 2824 864; x_wconf 70' lang='grc' dir='ltr'>ἀντιϐλέψαι</span> <span class='ocrx_word' id='word_1_523' title='bbox 2860 791 3099 863; x_wconf 85' lang='grc' dir='ltr'>τολμῶν.</span> <span class='ocrx_word' id='word_1_524' title='bbox 3148 791 3212 843; x_wconf 79' lang='lat' dir='ltr'>El</span> <span class='ocrx_word' id='word_1_525' title='bbox 3258 787 3316 842; x_wconf 77' lang='grc' dir='ltr'>δὲ</span> <span class='ocrx_word' id='word_1_526' title='bbox 3359 785 3460 840; x_wconf 87' lang='grc' dir='ltr'>νῦν</span> <span class='ocrx_word' id='word_1_527' title='bbox 3514 784 3661 856; x_wconf 84' lang='grc' dir='ltr'>μετά</span> 
     </span>
    </p>
   </div>
   <div class='ocr_carea' id='block_1_75' title="bbox 2064 868 3661 952">
    <p class='ocr_par' dir='ltr' id='par_1_75' title="bbox 2064 868 3661 952">
     <span class='ocr_line' id='line_1_75' title="bbox 2064 868 3661 952; baseline -0.011 -15"><span class='ocrx_word' id='word_1_528' title='bbox 2064 880 2317 937; x_wconf 79' lang='grc' dir='ltr'>τοσοῦτον</span> <span class='ocrx_word' id='word_1_529' title='bbox 2353 879 2546 952; x_wconf 88' lang='grc' dir='ltr'>χρόνον</span> <span class='ocrx_word' id='word_1_530' title='bbox 2566 919 2581 940; x_wconf 87' lang='grc'>,</span> <span class='ocrx_word' id='word_1_531' title='bbox 2621 879 2710 935; x_wconf 82' lang='grc' dir='ltr'>ὅτε</span> <span class='ocrx_word' id='word_1_532' title='bbox 2767 878 2917 940; x_wconf 87' lang='grc' dir='ltr'>κόνις</span> <span class='ocrx_word' id='word_1_533' title='bbox 2965 874 3183 944; x_wconf 78' lang='grc' dir='ltr'>ἐγένετο</span> <span class='ocrx_word' id='word_1_534' title='bbox 3210 870 3304 925; x_wconf 80' lang='grc' dir='ltr'>καὶ</span> <span class='ocrx_word' id='word_1_535' title='bbox 3351 869 3564 952; x_wconf 75' lang='grc' dir='ltr'>τέφρα,</span> <span class='ocrx_word' id='word_1_536' title='bbox 3593 868 3661 952; x_wconf 74' lang='grc' dir='ltr'>ού</span> 
     </span>
    </p>
   </div>
   <div class='ocr_carea' id='block_1_76' title="bbox 2066 950 3665 1035">
    <p class='ocr_par' dir='ltr' id='par_1_76' title="bbox 2066 950 3665 1035">
     <span class='ocr_line' id='line_1_76' title="bbox 2066 950 3665 1035; baseline -0.01 -17"><span class='ocrx_word' id='word_1_537' title='bbox 2066 964 2339 1035; x_wconf 86' lang='grc' dir='ltr'>τολμῶσιν</span> <span class='ocrx_word' id='word_1_538' title='bbox 2393 950 2699 1031; x_wconf 80' lang='grc' dir='ltr'>ἀναϐλέψαι</span> <span class='ocrx_word' id='word_1_539' title='bbox 2748 962 2888 1033; x_wconf 80' lang='grc' dir='ltr'>πρὸς</span> <span class='ocrx_word' id='word_1_540' title='bbox 2914 960 2977 1014; x_wconf 76' lang='grc' dir='ltr'>τὸ</span> <span class='ocrx_word' id='word_1_541' title='bbox 3015 958 3223 1030; x_wconf 84' lang='grc' dir='ltr'>μνῆμα,</span> <span class='ocrx_word' id='word_1_542' title='bbox 3256 952 3383 1008; x_wconf 75' lang='grc' dir='ltr'>οὐδὲ</span> <span class='ocrx_word' id='word_1_543' title='bbox 3412 950 3563 1022; x_wconf 73' lang='grc' dir='ltr'>πρὸς</span> <span class='ocrx_word' id='word_1_544' title='bbox 3588 951 3665 1003; x_wconf 75' lang='grc' dir='ltr'>τά</span> 
     </span>
    </p>
   </div>
   <div class='ocr_carea' id='block_1_77' title="bbox 2066 1034 3663 1119">
    <p class='ocr_par' dir='ltr' id='par_1_77' title="bbox 2066 1034 3663 1119">
     <span class='ocr_line' id='line_1_77' title="bbox 2066 1034 3663 1119; baseline -0.011 -15"><span class='ocrx_word' id='word_1_545' title='bbox 2066 1034 2246 1119; x_wconf 84' lang='grc' dir='ltr'>γυμνὰ</span> <span class='ocrx_word' id='word_1_546' title='bbox 2270 1048 2403 1103; x_wconf 79' lang='grc' dir='ltr'>ὀστᾶ</span> <span class='ocrx_word' id='word_1_547' title='bbox 2418 1048 2511 1102; x_wconf 82' lang='grc' dir='ltr'>τοῦ</span> <span class='ocrx_word' id='word_1_548' title='bbox 2540 1047 2718 1115; x_wconf 80' lang='grc' dir='ltr'>ἁγίου,</span> <span class='ocrx_word' id='word_1_549' title='bbox 2736 1044 2960 1116; x_wconf 71' lang='grc' dir='ltr'>εὔδηλον</span> <span class='ocrx_word' id='word_1_550' title='bbox 2975 1045 3061 1098; x_wconf 88' lang='grc' dir='ltr'>ὃτι</span> <span class='ocrx_word' id='word_1_551' title='bbox 3082 1043 3178 1096; x_wconf 78' lang='grc' dir='ltr'>καὶ</span> <span class='ocrx_word' id='word_1_552' title='bbox 3196 1038 3443 1102; x_wconf 84' lang='grc' dir='ltr'>τότε,ὃτε</span> <span class='ocrx_word' id='word_1_553' title='bbox 3462 1034 3663 1106; x_wconf 75' lang='grc' dir='ltr'>ἑώρων</span> 
     </span>
    </p>
   </div>
   <div class='ocr_carea' id='block_1_78' title="bbox 2066 1119 3663 1202">
    <p class='ocr_par' dir='ltr' id='par_1_78' title="bbox 2066 1119 3663 1202">
     <span class='ocr_line' id='line_1_78' title="bbox 2066 1119 3663 1202; baseline -0.01 -16"><span class='ocrx_word' id='word_1_554' title='bbox 2066 1132 2230 1186; x_wconf 81' lang='grc' dir='ltr'>αὐτὸν</span> <span class='ocrx_word' id='word_1_555' title='bbox 2288 1131 2483 1202; x_wconf 78' lang='grc' dir='ltr'>αἵματι</span> <span class='ocrx_word' id='word_1_556' title='bbox 2531 1130 2941 1201; x_wconf 80' lang='grc' dir='ltr'>φοινισσόμενον</span> <span class='ocrx_word' id='word_1_557' title='bbox 3003 1123 3289 1184; x_wconf 86' lang='grc' dir='ltr'>πάντοθεν,</span> <span class='ocrx_word' id='word_1_558' title='bbox 3330 1119 3663 1191; x_wconf 77' lang='grc' dir='ltr'>τραύμασιν</span> 
     </span>
    </p>
   </div>
   <div class='ocr_carea' id='block_1_79' title="bbox 2067 1207 3665 1286">
    <p class='ocr_par' dir='ltr' id='par_1_79' title="bbox 2067 1207 3665 1286">
     <span class='ocr_line' id='line_1_79' title="bbox 2067 1207 3665 1286; baseline -0.011 -16"><span class='ocrx_word' id='word_1_559' title='bbox 2067 1214 2459 1271; x_wconf 87' lang='grc' dir='ltr'>ἀποστίλϐοντα</span> <span class='ocrx_word' id='word_1_560' title='bbox 2491 1214 2716 1286; x_wconf 77' lang='grc' dir='ltr'>μᾶλλον,</span> <span class='ocrx_word' id='word_1_561' title='bbox 2749 1213 2785 1285; x_wconf 82' lang='grc' dir='ltr'>ἦ</span> <span class='ocrx_word' id='word_1_562' title='bbox 2818 1212 2910 1266; x_wconf 81' lang='grc' dir='ltr'>τὸν</span> <span class='ocrx_word' id='word_1_563' title='bbox 2938 1211 3090 1282; x_wconf 76' lang='grc' dir='ltr'>ἣλιον</span> <span class='ocrx_word' id='word_1_564' title='bbox 3116 1211 3234 1269; x_wconf 64' lang='lat' dir='ltr'><strong><em>cui;</em></strong></span> <span class='ocrx_word' id='word_1_565' title='bbox 3254 1207 3470 1267; x_wconf 83' lang='grc' dir='ltr'>ἀκτῖσι,</span> <span class='ocrx_word' id='word_1_566' title='bbox 3528 1219 3665 1257; x_wconf 85' lang='grc' dir='ltr'>κατ-</span> 
     </span>
    </p>
   </div>
   <div class='ocr_carea' id='block_1_80' title="bbox 2036 1286 3590 1368">
    <p class='ocr_par' dir='ltr' id='par_1_80' title="bbox 2036 1286 3590 1368">
     <span class='ocr_line' id='line_1_80' title="bbox 2036 1286 3590 1368; baseline -0.01 -14"><span class='ocrx_word' id='word_1_567' title='bbox 2036 1322 2041 1327; x_wconf 53' lang='grc' dir='ltr'>ι</span> <span class='ocrx_word' id='word_1_568' title='bbox 2071 1297 2410 1367; x_wconf 83' lang='grc' dir='ltr'>επλάγησαν,</span> <span class='ocrx_word' id='word_1_569' title='bbox 2440 1298 2534 1353; x_wconf 78' lang='grc' dir='ltr'>καὶ</span> <span class='ocrx_word' id='word_1_570' title='bbox 2556 1296 2855 1368; x_wconf 76' lang='grc' dir='ltr'>πληγέντες</span> <span class='ocrx_word' id='word_1_571' title='bbox 2880 1293 2979 1357; x_wconf 84' lang='grc' dir='ltr'>τὰς</span> <span class='ocrx_word' id='word_1_572' title='bbox 3015 1292 3167 1361; x_wconf 66' lang='grc' dir='ltr'>ὄψεις</span> <span class='ocrx_word' id='word_1_573' title='bbox 3198 1286 3590 1358; x_wconf 79' lang='grc' dir='ltr'>ἀνεχώρησαν.</span> 
     </span>
    </p>
   </div>
   <div class='ocr_carea' id='block_1_81' title="bbox 2142 1368 3663 1449">
    <p class='ocr_par' dir='ltr' id='par_1_81' title="bbox 2142 1368 3663 1449">
     <span class='ocr_line' id='line_1_81' title="bbox 2142 1368 3663 1449; baseline -0.024 1"><span class='ocrx_word' id='word_1_574' title='bbox 2142 1380 2209 1449; x_wconf 75' lang='grc' dir='ltr'>γ’.</span> <span class='ocrx_word' id='word_1_575' title='bbox 2232 1376 2386 1443; x_wconf 74' lang='grc' dir='ltr'>Εἶδες</span> <span class='ocrx_word' id='word_1_576' title='bbox 2406 1380 2526 1444; x_wconf 84' lang='grc' dir='ltr'>πῶς</span> <span class='ocrx_word' id='word_1_577' title='bbox 2538 1378 2647 1433; x_wconf 84' lang='grc' dir='ltr'>τῶν</span> <span class='ocrx_word' id='word_1_578' title='bbox 2667 1378 2934 1446; x_wconf 82' lang='grc' dir='ltr'>οὐρανίων</span> <span class='ocrx_word' id='word_1_579' title='bbox 2948 1371 3277 1445; x_wconf 83' lang='grc' dir='ltr'>ἀστέρωντά</span> <span class='ocrx_word' id='word_1_580' title='bbox 3300 1369 3414 1423; x_wconf 85' lang='grc' dir='ltr'>τῶν</span> <span class='ocrx_word' id='word_1_581' title='bbox 3440 1368 3663 1438; x_wconf 73' lang='grc' dir='ltr'>μαρτὺ.</span> 
     </span>
    </p>
   </div>
   <div class='ocr_carea' id='block_1_82' title="bbox 2069 1451 3663 1536">
    <p class='ocr_par' dir='ltr' id='par_1_82' title="bbox 2069 1451 3663 1536">
     <span class='ocr_line' id='line_1_82' title="bbox 2069 1451 3663 1536; baseline -0.016 -11"><span class='ocrx_word' id='word_1_582' title='bbox 2069 1481 2177 1535; x_wconf 85' lang='grc' dir='ltr'>ρων</span> <span class='ocrx_word' id='word_1_583' title='bbox 2190 1463 2329 1535; x_wconf 84' lang='grc' dir='ltr'>τραύ</span> <span class='ocrx_word' id='word_1_584' title='bbox 2337 1482 2483 1536; x_wconf 86' lang='grc' dir='ltr'>ματα</span> <span class='ocrx_word' id='word_1_585' title='bbox 2498 1463 2826 1535; x_wconf 82' lang='grc' dir='ltr'>φαιδρότερα</span> <span class='ocrx_word' id='word_1_586' title='bbox 2843 1462 2938 1517; x_wconf 82' lang='grc' dir='ltr'>καί</span> <span class='ocrx_word' id='word_1_587' title='bbox 2961 1453 3513 1529; x_wconf 75' lang='grc' dir='ltr'>θαυμαστότερα,’καὶ</span> <span class='ocrx_word' id='word_1_588' title='bbox 3540 1451 3663 1521; x_wconf 67' lang='grc' dir='ltr'>μείς</span> 
     </span>
    </p>
   </div>
   <div class='ocr_carea' id='block_1_83' title="bbox 2068 1536 3661 1620">
    <p class='ocr_par' dir='ltr' id='par_1_83' title="bbox 2068 1536 3661 1620">
     <span class='ocr_line' id='line_1_83' title="bbox 2068 1536 3661 1620; baseline -0.008 -18"><span class='ocrx_word' id='word_1_589' title='bbox 2068 1547 2196 1611; x_wconf 77' lang='grc' dir='ltr'>ζονα</span> <span class='ocrx_word' id='word_1_590' title='bbox 2214 1548 2325 1619; x_wconf 80' lang='grc' dir='ltr'>ἔχει</span> <span class='ocrx_word' id='word_1_591' title='bbox 2344 1547 2444 1619; x_wconf 82' lang='grc' dir='ltr'>τὴν</span> <span class='ocrx_word' id='word_1_592' title='bbox 2479 1547 2662 1620; x_wconf 72' lang='grc' dir='ltr'>ίσχύνς</span> <span class='ocrx_word' id='word_1_593' title='bbox 2692 1548 2894 1615; x_wconf 85' lang='grc' dir='ltr'>Ἤγετο</span> <span class='ocrx_word' id='word_1_594' title='bbox 2908 1545 3088 1598; x_wconf 84' lang='grc' dir='ltr'>τοίνυν</span> <span class='ocrx_word' id='word_1_595' title='bbox 3109 1544 3188 1605; x_wconf 84' lang='grc' dir='ltr'>εἰς</span> <span class='ocrx_word' id='word_1_596' title='bbox 3220 1540 3388 1610; x_wconf 79' lang='grc' dir='ltr'>μέσον</span> <span class='ocrx_word' id='word_1_597' title='bbox 3413 1539 3442 1591; x_wconf 88' lang='lat'>6</span> <span class='ocrx_word' id='word_1_598' title='bbox 3475 1536 3661 1602; x_wconf 73' lang='grc' dir='ltr'>ἅγιος,</span> 
     </span>
    </p>
   </div>
   <div class='ocr_carea' id='block_1_84' title="bbox 2068 1622 3662 1705">
    <p class='ocr_par' dir='ltr' id='par_1_84' title="bbox 2068 1622 3662 1705">
     <span class='ocr_line' id='line_1_84' title="bbox 2068 1622 3662 1705; baseline -0.009 -17"><span class='ocrx_word' id='word_1_599' title='bbox 2068 1632 2515 1705; x_wconf 78' lang='grc' dir='ltr'>καὶ[675]πικραὶ</span> <span class='ocrx_word' id='word_1_600' title='bbox 2530 1631 2863 1703; x_wconf 85' lang='grc' dir='ltr'>πανταχόθεν</span> <span class='ocrx_word' id='word_1_601' title='bbox 2885 1629 3361 1700; x_wconf 86' lang='grc' dir='ltr'>περιειστήκεισαν</span> <span class='ocrx_word' id='word_1_602' title='bbox 3373 1622 3662 1705; x_wconf 53' lang='grc' dir='ltr'>κολάσεζ,</span> 
     </span>
    </p>
   </div>
   <div class='ocr_carea' id='block_1_85' title="bbox 2069 1703 3665 1786">
    <p class='ocr_par' dir='ltr' id='par_1_85' title="bbox 2069 1703 3665 1786">
     <span class='ocr_line' id='line_1_85' title="bbox 2069 1703 3665 1786; baseline -0.009 -16"><span class='ocrx_word' id='word_1_603' title='bbox 2069 1703 2233 1785; x_wconf 75' lang='grc' dir='ltr'>φόϐος</span> <span class='ocrx_word' id='word_1_604' title='bbox 2260 1703 2369 1769; x_wconf 83' lang='grc' dir='ltr'>τῶν</span> <span class='ocrx_word' id='word_1_605' title='bbox 2422 1703 2745 1786; x_wconf 82' lang='grc' dir='ltr'>μελλόντων.</span> <span class='ocrx_word' id='word_1_606' title='bbox 2785 1714 2946 1777; x_wconf 84' lang='grc' dir='ltr'>πόνος</span> <span class='ocrx_word' id='word_1_607' title='bbox 2978 1711 3085 1765; x_wconf 90' lang='grc' dir='ltr'>τῶν</span> <span class='ocrx_word' id='word_1_608' title='bbox 3102 1709 3410 1782; x_wconf 78' lang='grc' dir='ltr'>’παρόντων</span> <span class='ocrx_word' id='word_1_609' title='bbox 3436 1744 3451 1769; x_wconf 93' lang='grc'>,</span> <span class='ocrx_word' id='word_1_610' title='bbox 3491 1703 3665 1786; x_wconf 76' lang='grc' dir='ltr'>ὀδύνη</span> 
     </span>
    </p>
   </div>
   <div class='ocr_carea' id='block_1_86' title="bbox 2068 1785 3665 1867">
    <p class='ocr_par' dir='ltr' id='par_1_86' title="bbox 2068 1785 3665 1867">
     <span class='ocr_line' id='line_1_86' title="bbox 2068 1785 3665 1867; baseline -0.008 -15"><span class='ocrx_word' id='word_1_611' title='bbox 2068 1798 2178 1853; x_wconf 84' lang='grc' dir='ltr'>τῶν</span> <span class='ocrx_word' id='word_1_612' title='bbox 2203 1785 2561 1859; x_wconf 78' lang='grc' dir='ltr'>ἐπελθόντων,</span> <span class='ocrx_word' id='word_1_613' title='bbox 2586 1798 2793 1867; x_wconf 85' lang='grc' dir='ltr'>ἀγωνία</span> <span class='ocrx_word' id='word_1_614' title='bbox 2812 1797 2922 1851; x_wconf 88' lang='grc' dir='ltr'>τῶν</span> <span class='ocrx_word' id='word_1_615' title='bbox 2937 1791 3433 1865; x_wconf 78' lang='grc' dir='ltr'>προσδοκωμένων.</span> <span class='ocrx_word' id='word_1_616' title='bbox 3463 1785 3665 1840; x_wconf 79' lang='grc' dir='ltr'>Καθά-</span> 
     </span>
    </p>
   </div>
   <div class='ocr_carea' id='block_1_87' title="bbox 2070 1871 3667 1954">
    <p class='ocr_par' dir='ltr' id='par_1_87' title="bbox 2070 1871 3667 1954">
     <span class='ocr_line' id='line_1_87' title="bbox 2070 1871 3667 1954; baseline -0.021 0"><span class='ocrx_word' id='word_1_617' title='bbox 2070 1898 2177 1953; x_wconf 76' lang='grc' dir='ltr'>περ</span> <span class='ocrx_word' id='word_1_618' title='bbox 2196 1882 2305 1954; x_wconf 89' lang='grc' dir='ltr'>γάρ</span> <span class='ocrx_word' id='word_1_619' title='bbox 2331 1899 2474 1946; x_wconf 84' lang='grc' dir='ltr'>τινες</span> <span class='ocrx_word' id='word_1_620' title='bbox 2502 1881 2669 1954; x_wconf 81' lang='grc' dir='ltr'>θῆρες</span> <span class='ocrx_word' id='word_1_621' title='bbox 2694 1880 2943 1952; x_wconf 82' lang='grc' dir='ltr'>ἄγριοιοί</span> <span class='ocrx_word' id='word_1_622' title='bbox 2971 1879 3156 1948; x_wconf 84' lang='grc' dir='ltr'>δήμιοι</span> <span class='ocrx_word' id='word_1_623' title='bbox 3182 1871 3552 1945; x_wconf 84' lang='grc' dir='ltr'>περιστάντες</span> <span class='ocrx_word' id='word_1_624' title='bbox 3566 1871 3667 1954; x_wconf 45' lang='lat' dir='ltr'>al)-</span> 
     </span>
    </p>
   </div>
   <div class='ocr_carea' id='block_1_88' title="bbox 2070 1952 3668 2037">
    <p class='ocr_par' dir='ltr' id='par_1_88' title="bbox 2070 1952 3668 2037">
     <span class='ocr_line' id='line_1_88' title="bbox 2070 1952 3668 2037; baseline -0.008 -20"><span class='ocrx_word' id='word_1_625' title='bbox 2070 1952 2163 2017; x_wconf 89' lang='grc' dir='ltr'>τοῦ</span> <span class='ocrx_word' id='word_1_626' title='bbox 2195 1964 2256 2017; x_wconf 73' lang='grc' dir='ltr'>τὸ</span> <span class='ocrx_word' id='word_1_627' title='bbox 2274 1952 2441 2036; x_wconf 66' lang='grc' dir='ltr'>⁷σῶμα</span> <span class='ocrx_word' id='word_1_628' title='bbox 2465 1952 2760 2037; x_wconf 83' lang='grc' dir='ltr'>διώρυττον</span> <span class='ocrx_word' id='word_1_629' title='bbox 2777 1962 2875 2027; x_wconf 67' lang='grc' dir='ltr'>τὰς</span> <span class='ocrx_word' id='word_1_630' title='bbox 2905 1959 3169 2032; x_wconf 71' lang='grc' dir='ltr'>πλευράς,</span> <span class='ocrx_word' id='word_1_631' title='bbox 3195 1955 3530 2021; x_wconf 79' lang='grc' dir='ltr'>κατέξαινον</span> <span class='ocrx_word' id='word_1_632' title='bbox 3563 1952 3668 2037; x_wconf 65' lang='grc' dir='ltr'>τὰς</span> 
     </span>
    </p>
   </div>
   <div class='ocr_carea' id='block_1_89' title="bbox 2072 2036 3669 2120">
    <p class='ocr_par' dir='ltr' id='par_1_89' title="bbox 2072 2036 3669 2120">
     <span class='ocr_line' id='line_1_89' title="bbox 2072 2036 3669 2120; baseline -0.008 -20"><span class='ocrx_word' id='word_1_633' title='bbox 2072 2048 2307 2120; x_wconf 85' lang='grc' dir='ltr'>σάρκας,</span> <span class='ocrx_word' id='word_1_634' title='bbox 2330 2036 2685 2117; x_wconf 86' lang='grc' dir='ltr'>ἀπεγύμνουν</span> <span class='ocrx_word' id='word_1_635' title='bbox 2728 2048 2886 2109; x_wconf 80' lang='grc' dir='ltr'>ὀστᾶ,</span> <span class='ocrx_word' id='word_1_636' title='bbox 2916 2044 3055 2115; x_wconf 80' lang='grc' dir='ltr'>πρὸς</span> <span class='ocrx_word' id='word_1_637' title='bbox 3097 2040 3240 2098; x_wconf 85' lang='grc' dir='ltr'>αὐτά</span> <span class='ocrx_word' id='word_1_638' title='bbox 3264 2038 3336 2092; x_wconf 76' lang='grc' dir='ltr'>τὰ</span> <span class='ocrx_word' id='word_1_639' title='bbox 3364 2039 3507 2092; x_wconf 76' lang='grc' dir='ltr'>εἴσω</span> <span class='ocrx_word' id='word_1_640' title='bbox 3555 2036 3669 2089; x_wconf 83' lang='grc' dir='ltr'>τῶν</span> 
     </span>
    </p>
   </div>
   <div class='ocr_carea' id='block_1_90' title="bbox 2071 2121 3667 2203">
    <p class='ocr_par' dir='ltr' id='par_1_90' title="bbox 2071 2121 3667 2203">
     <span class='ocr_line' id='line_1_90' title="bbox 2071 2121 3667 2203; baseline -0.011 -14"><span class='ocrx_word' id='word_1_641' title='bbox 2071 2132 2398 2203; x_wconf 87' lang='grc' dir='ltr'>σπλάγχνων</span> <span class='ocrx_word' id='word_1_642' title='bbox 2430 2131 2695 2196; x_wconf 76' lang='grc' dir='ltr'>ἐϐάδιζον.</span> <span class='ocrx_word' id='word_1_643' title='bbox 2735 2131 2874 2185; x_wconf 83' lang='grc' dir='ltr'>Ἀλλ’</span> <span class='ocrx_word' id='word_1_644' title='bbox 2899 2131 3053 2200; x_wconf 82' lang='grc' dir='ltr'>ὅμως</span> <span class='ocrx_word' id='word_1_645' title='bbox 3088 2126 3184 2181; x_wconf 73' lang='grc' dir='ltr'>καὶ</span> <span class='ocrx_word' id='word_1_646' title='bbox 3218 2125 3401 2179; x_wconf 85' lang='grc' dir='ltr'>πάντα</span> <span class='ocrx_word' id='word_1_647' title='bbox 3441 2121 3667 2191; x_wconf 85' lang='grc' dir='ltr'>διερευ-</span> 
     </span>
    </p>
   </div>
   <div class='ocr_carea' id='block_1_91' title="bbox 2071 2203 3669 2287">
    <p class='ocr_par' dir='ltr' id='par_1_91' title="bbox 2071 2203 3669 2287">
     <span class='ocr_line' id='line_1_91' title="bbox 2071 2203 3669 2287; baseline -0.011 -16"><span class='ocrx_word' id='word_1_648' title='bbox 2071 2215 2302 2287; x_wconf 84' lang='grc' dir='ltr'>νώμενοι</span> <span class='ocrx_word' id='word_1_649' title='bbox 2324 2215 2415 2269; x_wconf 84' lang='grc' dir='ltr'>τὸν</span> <span class='ocrx_word' id='word_1_650' title='bbox 2448 2215 2721 2287; x_wconf 81' lang='grc' dir='ltr'>θησαυρὸν</span> <span class='ocrx_word' id='word_1_651' title='bbox 2758 2214 2861 2284; x_wconf 83' lang='grc' dir='ltr'>τῆς</span> <span class='ocrx_word' id='word_1_652' title='bbox 2899 2212 3136 2274; x_wconf 85' lang='grc' dir='ltr'>πίστεως</span> <span class='ocrx_word' id='word_1_653' title='bbox 3176 2205 3537 2275; x_wconf 71' lang='grc' dir='ltr'>ἀπωυλῆσαι</span> <span class='ocrx_word' id='word_1_654' title='bbox 3564 2203 3669 2256; x_wconf 69' lang='grc' dir='ltr'>οὐκ</span> 
     </span>
    </p>
   </div>
   <div class='ocr_carea' id='block_1_92' title="bbox 2073 2287 3665 2369">
    <p class='ocr_par' dir='ltr' id='par_1_92' title="bbox 2073 2287 3665 2369">
     <span class='ocr_line' id='line_1_92' title="bbox 2073 2287 3665 2369; baseline -0.007 -19"><span class='ocrx_word' id='word_1_655' title='bbox 2073 2298 2320 2369; x_wconf 74' lang='grc' dir='ltr'>ἴσχυσαν.</span> <span class='ocrx_word' id='word_1_656' title='bbox 2362 2298 2488 2352; x_wconf 80' lang='grc' dir='ltr'>Ἐπὶ</span> <span class='ocrx_word' id='word_1_657' title='bbox 2545 2300 2644 2369; x_wconf 81' lang='grc' dir='ltr'>μὲν</span> <span class='ocrx_word' id='word_1_658' title='bbox 2668 2293 2761 2352; x_wconf 87' lang='grc' dir='ltr'>οῦν</span> <span class='ocrx_word' id='word_1_659' title='bbox 2783 2297 2893 2351; x_wconf 85' lang='grc' dir='ltr'>τῶν</span> <span class='ocrx_word' id='word_1_660' title='bbox 2916 2294 3158 2365; x_wconf 78' lang='grc' dir='ltr'>ταμείων</span> <span class='ocrx_word' id='word_1_661' title='bbox 3196 2291 3303 2345; x_wconf 86' lang='grc' dir='ltr'>τῶν</span> <span class='ocrx_word' id='word_1_662' title='bbox 3333 2287 3665 2360; x_wconf 66' lang='grc' dir='ltr'>βασιλικῶν,</span> 
     </span>
    </p>
   </div>
   <div class='ocr_carea' id='block_1_93' title="bbox 2069 2372 3665 2453">
    <p class='ocr_par' dir='ltr' id='par_1_93' title="bbox 2069 2372 3665 2453">
     <span class='ocr_line' id='line_1_93' title="bbox 2069 2372 3665 2453; baseline -0.006 -19"><span class='ocrx_word' id='word_1_663' title='bbox 2069 2381 2197 2436; x_wconf 82' lang='grc' dir='ltr'>ἔνθα</span> <span class='ocrx_word' id='word_1_664' title='bbox 2219 2382 2439 2453; x_wconf 89' lang='grc' dir='ltr'>χρυσίον</span> <span class='ocrx_word' id='word_1_665' title='bbox 2460 2382 2747 2436; x_wconf 87' lang='grc' dir='ltr'>ἀπόκειται</span> <span class='ocrx_word' id='word_1_666' title='bbox 2779 2380 2879 2434; x_wconf 72' lang='grc' dir='ltr'>καὶ</span> <span class='ocrx_word' id='word_1_667' title='bbox 2925 2376 3154 2439; x_wconf 79' lang='grc' dir='ltr'>πλοῦτος</span> <span class='ocrx_word' id='word_1_668' title='bbox 3202 2374 3396 2444; x_wconf 70' lang='grc' dir='ltr'>ἔτερος</span> <span class='ocrx_word' id='word_1_669' title='bbox 3423 2372 3665 2439; x_wconf 69' lang='grc' dir='ltr'>ἄφατός.</span> 
     </span>
    </p>
   </div>
   <div class='ocr_carea' id='block_1_94' title="bbox 2071 2453 3663 2536">
    <p class='ocr_par' dir='ltr' id='par_1_94' title="bbox 2071 2453 3663 2536">
     <span class='ocr_line' id='line_1_94' title="bbox 2071 2453 3663 2536; baseline -0.008 -17"><span class='ocrx_word' id='word_1_670' title='bbox 2071 2465 2138 2519; x_wconf 86' lang='grc' dir='ltr'>ἂν</span> <span class='ocrx_word' id='word_1_671' title='bbox 2164 2467 2288 2529; x_wconf 87' lang='grc' dir='ltr'>τοὺς</span> <span class='ocrx_word' id='word_1_672' title='bbox 2324 2465 2533 2536; x_wconf 83' lang='grc' dir='ltr'>τοίχους</span> <span class='ocrx_word' id='word_1_673' title='bbox 2566 2464 2745 2535; x_wconf 78' lang='grc' dir='ltr'>διέλῃς</span> <span class='ocrx_word' id='word_1_674' title='bbox 2778 2462 2959 2534; x_wconf 88' lang='grc' dir='ltr'>μόνον,</span> <span class='ocrx_word' id='word_1_675' title='bbox 2983 2462 3051 2515; x_wconf 83' lang='grc' dir='ltr'>ἂν</span> <span class='ocrx_word' id='word_1_676' title='bbox 3086 2458 3186 2522; x_wconf 78' lang='grc' dir='ltr'>τάς</span> <span class='ocrx_word' id='word_1_677' title='bbox 3212 2456 3390 2528; x_wconf 82' lang='grc' dir='ltr'>θύρας</span> <span class='ocrx_word' id='word_1_678' title='bbox 3411 2453 3663 2524; x_wconf 73' lang='grc' dir='ltr'>ἀνοίξῃς,</span> 
     </span>
    </p>
   </div>
   <div class='ocr_carea' id='block_1_95' title="bbox 2069 2537 3667 2619">
    <p class='ocr_par' dir='ltr' id='par_1_95' title="bbox 2069 2537 3667 2619">
     <span class='ocr_line' id='line_1_95' title="bbox 2069 2537 3667 2619; baseline -0.008 -17"><span class='ocrx_word' id='word_1_679' title='bbox 2069 2548 2273 2611; x_wconf 84' lang='grc' dir='ltr'>εὐθέως</span> <span class='ocrx_word' id='word_1_680' title='bbox 2299 2549 2433 2619; x_wconf 76' lang='grc' dir='ltr'>ὁρᾷς</span> <span class='ocrx_word' id='word_1_681' title='bbox 2464 2547 2554 2601; x_wconf 83' lang='grc' dir='ltr'>τὸν</span> <span class='ocrx_word' id='word_1_682' title='bbox 2582 2545 2854 2618; x_wconf 77' lang='grc' dir='ltr'>θησαυρὸν</span> <span class='ocrx_word' id='word_1_683' title='bbox 2876 2543 3239 2616; x_wconf 82' lang='grc' dir='ltr'>προκείμενον</span> <span class='ocrx_word' id='word_1_684' title='bbox 3259 2556 3273 2571; x_wconf 87' lang='grc'>·</span> <span class='ocrx_word' id='word_1_685' title='bbox 3310 2537 3561 2593; x_wconf 82' lang='grc' dir='ltr'>ἐνταῦθα</span> <span class='ocrx_word' id='word_1_686' title='bbox 3606 2537 3667 2592; x_wconf 82' lang='grc' dir='ltr'>δὲ</span> 
     </span>
    </p>
   </div>
   <div class='ocr_carea' id='block_1_96' title="bbox 2069 2622 3668 2702">
    <p class='ocr_par' dir='ltr' id='par_1_96' title="bbox 2069 2622 3668 2702">
     <span class='ocr_line' id='line_1_96' title="bbox 2069 2622 3668 2702; baseline -0.008 -17"><span class='ocrx_word' id='word_1_687' title='bbox 2069 2631 2164 2685; x_wconf 78' lang='grc' dir='ltr'>ἐπὶ</span> <span class='ocrx_word' id='word_1_688' title='bbox 2189 2631 2284 2685; x_wconf 89' lang='grc' dir='ltr'>τοῦ</span> <span class='ocrx_word' id='word_1_689' title='bbox 2315 2630 2472 2700; x_wconf 82' lang='grc' dir='ltr'>ἁγίου</span> <span class='ocrx_word' id='word_1_690' title='bbox 2506 2631 2602 2684; x_wconf 79' lang='grc' dir='ltr'>καὶ</span> <span class='ocrx_word' id='word_1_691' title='bbox 2630 2628 2991 2702; x_wconf 81' lang='grc' dir='ltr'>χριστοφόρου</span> <span class='ocrx_word' id='word_1_692' title='bbox 3026 2626 3218 2680; x_wconf 86' lang='grc' dir='ltr'>τούτου</span> <span class='ocrx_word' id='word_1_693' title='bbox 3250 2622 3385 2677; x_wconf 88' lang='grc' dir='ltr'>ναοῦ</span> <span class='ocrx_word' id='word_1_694' title='bbox 3414 2622 3478 2674; x_wconf 83' lang='grc' dir='ltr'>τδ</span> <span class='ocrx_word' id='word_1_695' title='bbox 3504 2625 3668 2674; x_wconf 76' lang='grc' dir='ltr'>ἐναν-</span> 
     </span>
    </p>
   </div>
   <div class='ocr_carea' id='block_1_97' title="bbox 2068 2705 3670 2785">
    <p class='ocr_par' dir='ltr' id='par_1_97' title="bbox 2068 2705 3670 2785">
     <span class='ocr_line' id='line_1_97' title="bbox 2068 2705 3670 2785; baseline -0.009 -15"><span class='ocrx_word' id='word_1_696' title='bbox 2068 2717 2183 2770; x_wconf 89' lang='grc' dir='ltr'>τίον</span> <span class='ocrx_word' id='word_1_697' title='bbox 2204 2717 2468 2785; x_wconf 88' lang='grc' dir='ltr'>ἐγίγνετο.</span> <span class='ocrx_word' id='word_1_698' title='bbox 2507 2715 2712 2768; x_wconf 84' lang='grc' dir='ltr'>Διεῖλον</span> <span class='ocrx_word' id='word_1_699' title='bbox 2739 2713 2864 2776; x_wconf 80' lang='grc' dir='ltr'>τοὺς</span> <span class='ocrx_word' id='word_1_700' title='bbox 2893 2712 3107 2782; x_wconf 85' lang='grc' dir='ltr'>τοίχους</span> <span class='ocrx_word' id='word_1_701' title='bbox 3128 2709 3180 2761; x_wconf 78' lang='grc' dir='ltr'>οἱ</span> <span class='ocrx_word' id='word_1_702' title='bbox 3220 2707 3432 2779; x_wconf 79' lang='grc' dir='ltr'>δήμιοι,</span> <span class='ocrx_word' id='word_1_703' title='bbox 3461 2705 3567 2759; x_wconf 68' lang='grc' dir='ltr'>καὶ</span> <span class='ocrx_word' id='word_1_704' title='bbox 3604 2706 3670 2758; x_wconf 71' lang='grc' dir='ltr'>τὰ</span> 
     </span>
    </p>
   </div>
   <div class='ocr_carea' id='block_1_98' title="bbox 2072 2788 3667 2871">
    <p class='ocr_par' dir='ltr' id='par_1_98' title="bbox 2072 2788 3667 2871">
     <span class='ocr_line' id='line_1_98' title="bbox 2072 2788 3667 2871; baseline -0.009 -19"><span class='ocrx_word' id='word_1_705' title='bbox 2072 2800 2270 2871; x_wconf 85' lang='grc' dir='ltr'>στέρνα</span> <span class='ocrx_word' id='word_1_706' title='bbox 2299 2797 2626 2871; x_wconf 67' lang='grc' dir='ltr'>ἀνέρρηξαν,</span> <span class='ocrx_word' id='word_1_707' title='bbox 2657 2797 2754 2850; x_wconf 74' lang='grc' dir='ltr'>καὶ</span> <span class='ocrx_word' id='word_1_708' title='bbox 2780 2795 2871 2850; x_wconf 80' lang='grc' dir='ltr'>τδν</span> <span class='ocrx_word' id='word_1_709' title='bbox 2901 2793 3131 2847; x_wconf 89' lang='grc' dir='ltr'>πλοῦτον</span> <span class='ocrx_word' id='word_1_710' title='bbox 3162 2791 3256 2844; x_wconf 77' lang='grc' dir='ltr'>τὸν</span> <span class='ocrx_word' id='word_1_711' title='bbox 3290 2788 3667 2857; x_wconf 67' lang='grc' dir='ltr'>ἐναποκείμεο</span> 
     </span>
    </p>
   </div>
   <div class='ocr_carea' id='block_1_99' title="bbox 2068 2871 3667 2947">
    <p class='ocr_par' dir='ltr' id='par_1_99' title="bbox 2068 2871 3667 2947">
     <span class='ocr_line' id='line_1_99' title="bbox 2068 2871 3667 2947; baseline -0.009 -10"><span class='ocrx_word' id='word_1_712' title='bbox 2068 2900 2160 2937; x_wconf 91' lang='grc' dir='ltr'>νον</span> <span class='ocrx_word' id='word_1_713' title='bbox 2188 2881 2311 2936; x_wconf 78' lang='grc' dir='ltr'>οὔτε</span> <span class='ocrx_word' id='word_1_714' title='bbox 2332 2881 2560 2937; x_wconf 80' lang='grc' dir='ltr'>ἔϐλεπον</span> <span class='ocrx_word' id='word_1_715' title='bbox 2578 2925 2592 2945; x_wconf 83' lang='grc'>,</span> <span class='ocrx_word' id='word_1_716' title='bbox 2638 2878 2763 2933; x_wconf 75' lang='grc' dir='ltr'>οὔτε</span> <span class='ocrx_word' id='word_1_717' title='bbox 2801 2878 2989 2933; x_wconf 88' lang='grc' dir='ltr'>λαϐεῖν</span> <span class='ocrx_word' id='word_1_718' title='bbox 3037 2874 3300 2947; x_wconf 81' lang='grc' dir='ltr'>ἠδύναντο</span> <span class='ocrx_word' id='word_1_719' title='bbox 3322 2889 3336 2904; x_wconf 90' lang='grc'>·</span> <span class='ocrx_word' id='word_1_720' title='bbox 3368 2872 3491 2925; x_wconf 78' lang='grc' dir='ltr'>ἀλλ’</span> <span class='ocrx_word' id='word_1_721' title='bbox 3526 2871 3667 2942; x_wconf 80' lang='grc' dir='ltr'>ὅπερ</span> 
     </span>
    </p>
   </div>
   <div class='ocr_carea' id='block_1_100' title="bbox 2071 2955 3668 3037">
    <p class='ocr_par' dir='ltr' id='par_1_100' title="bbox 2071 2955 3668 3037">
     <span class='ocr_line' id='line_1_100' title="bbox 2071 2955 3668 3037; baseline -0.009 -17"><span class='ocrx_word' id='word_1_722' title='bbox 2071 2967 2308 3037; x_wconf 74' lang='grc' dir='ltr'>ἔπασχον</span> <span class='ocrx_word' id='word_1_723' title='bbox 2335 2966 2385 3018; x_wconf 76' lang='grc' dir='ltr'>οἱ</span> <span class='ocrx_word' id='word_1_724' title='bbox 2418 2966 2477 3018; x_wconf 86' lang='grc' dir='ltr'>ὲν</span> <span class='ocrx_word' id='word_1_725' title='bbox 2495 2963 2765 3032; x_wconf 83' lang='grc' dir='ltr'>Σοδόμοις,</span> <span class='ocrx_word' id='word_1_726' title='bbox 2786 2960 2919 3033; x_wconf 87' lang='grc' dir='ltr'>παρ’</span> <span class='ocrx_word' id='word_1_727' title='bbox 2945 2961 3086 3030; x_wconf 80' lang='grc' dir='ltr'>αὐτῇ</span> <span class='ocrx_word' id='word_1_728' title='bbox 3112 2958 3210 3030; x_wconf 72' lang='grc' dir='ltr'>μὲν</span> <span class='ocrx_word' id='word_1_729' title='bbox 3228 2958 3295 3026; x_wconf 80' lang='grc' dir='ltr'>τῇ</span> <span class='ocrx_word' id='word_1_730' title='bbox 3323 2955 3470 3028; x_wconf 78' lang='grc' dir='ltr'>θύρᾳ</span> <span class='ocrx_word' id='word_1_731' title='bbox 3497 2955 3668 3007; x_wconf 75' lang='grc' dir='ltr'>ἑστῶ-</span> 
     </span>
    </p>
   </div>
   <div class='ocr_carea' id='block_1_101' title="bbox 2068 3041 3668 3120">
    <p class='ocr_par' dir='ltr' id='par_1_101' title="bbox 2068 3041 3668 3120">
     <span class='ocr_line' id='line_1_101' title="bbox 2068 3041 3668 3120; baseline -0.007 -16"><span class='ocrx_word' id='word_1_732' title='bbox 2068 3068 2160 3115; x_wconf 86' lang='grc' dir='ltr'>τες</span> <span class='ocrx_word' id='word_1_733' title='bbox 2176 3051 2273 3120; x_wconf 81' lang='grc' dir='ltr'>τῆς</span> <span class='ocrx_word' id='word_1_734' title='bbox 2303 3050 2398 3102; x_wconf 89' lang='grc' dir='ltr'>τοῦ</span> <span class='ocrx_word' id='word_1_735' title='bbox 2430 3048 2556 3103; x_wconf 83' lang='grc' dir='ltr'>Λὼτ</span> <span class='ocrx_word' id='word_1_736' title='bbox 2588 3047 2788 3110; x_wconf 72' lang='grc' dir='ltr'>οἰκίας,</span> <span class='ocrx_word' id='word_1_737' title='bbox 2816 3045 2914 3117; x_wconf 79' lang='grc' dir='ltr'>τὴν</span> <span class='ocrx_word' id='word_1_738' title='bbox 2934 3045 2994 3099; x_wconf 77' lang='grc' dir='ltr'>δὲ</span> <span class='ocrx_word' id='word_1_739' title='bbox 3020 3044 3227 3098; x_wconf 74' lang='grc' dir='ltr'>εἴσοδον</span> <span class='ocrx_word' id='word_1_740' title='bbox 3243 3042 3344 3113; x_wconf 87' lang='grc' dir='ltr'>οὐχ</span> <span class='ocrx_word' id='word_1_741' title='bbox 3370 3041 3668 3111; x_wconf 75' lang='grc' dir='ltr'>εὑρίσκον-</span> 
     </span>
    </p>
   </div>
   <div class='ocr_carea' id='block_1_102' title="bbox 2070 3122 3668 3203">
    <p class='ocr_par' dir='ltr' id='par_1_102' title="bbox 2070 3122 3668 3203">
     <span class='ocr_line' id='line_1_102' title="bbox 2070 3122 3668 3203; baseline -0.007 -16"><span class='ocrx_word' id='word_1_742' title='bbox 2070 3151 2159 3196; x_wconf 86' lang='grc' dir='ltr'>τες</span> <span class='ocrx_word' id='word_1_743' title='bbox 2183 3151 2195 3163; x_wconf 92' lang='grc'>·</span> <span class='ocrx_word' id='word_1_744' title='bbox 2223 3132 2367 3187; x_wconf 76' lang='grc' dir='ltr'>οὕτω</span> <span class='ocrx_word' id='word_1_745' title='bbox 2392 3131 2458 3203; x_wconf 84' lang='grc' dir='ltr'>δὴ</span> <span class='ocrx_word' id='word_1_746' title='bbox 2490 3131 2584 3185; x_wconf 76' lang='grc' dir='ltr'>καὶ</span> <span class='ocrx_word' id='word_1_747' title='bbox 2607 3122 2753 3184; x_wconf 74' lang='grc' dir='ltr'>οὗτοι</span> <span class='ocrx_word' id='word_1_748' title='bbox 2786 3127 3088 3201; x_wconf 78' lang='grc' dir='ltr'>δίηρεύνων</span> <span class='ocrx_word' id='word_1_749' title='bbox 3138 3138 3163 3167; x_wconf 82' lang='lat'><strong><em>°</em></strong></span> <span class='ocrx_word' id='word_1_750' title='bbox 3202 3126 3571 3196; x_wconf 86' lang='grc' dir='ltr'>πανταχόθεν.</span> <span class='ocrx_word' id='word_1_751' title='bbox 3605 3124 3668 3177; x_wconf 70' lang='grc' dir='ltr'>τὸ</span> 
     </span>
    </p>
   </div>
   <div class='ocr_carea' id='block_1_103' title="bbox 2072 3206 3667 3286">
    <p class='ocr_par' dir='ltr' id='par_1_103' title="bbox 2072 3206 3667 3286">
     <span class='ocr_line' id='line_1_103' title="bbox 2072 3206 3667 3286; baseline -0.006 -17"><span class='ocrx_word' id='word_1_752' title='bbox 2072 3217 2235 3286; x_wconf 85' lang='grc' dir='ltr'>σῶμα</span> <span class='ocrx_word' id='word_1_753' title='bbox 2257 3215 2350 3270; x_wconf 88' lang='grc' dir='ltr'>τοῦ</span> <span class='ocrx_word' id='word_1_754' title='bbox 2381 3216 2658 3286; x_wconf 83' lang='grc' dir='ltr'>μάρτυρος</span> <span class='ocrx_word' id='word_1_755' title='bbox 2678 3252 2694 3277; x_wconf 92' lang='grc'>,</span> <span class='ocrx_word' id='word_1_756' title='bbox 2723 3211 3078 3266; x_wconf 85' lang='grc' dir='ltr'>ἐπιλαϐέσθαι</span> <span class='ocrx_word' id='word_1_757' title='bbox 3111 3210 3169 3263; x_wconf 71' lang='grc' dir='ltr'>δὲ</span> <span class='ocrx_word' id='word_1_758' title='bbox 3209 3209 3305 3262; x_wconf 89' lang='grc' dir='ltr'>τοῦ</span> <span class='ocrx_word' id='word_1_759' title='bbox 3349 3206 3667 3278; x_wconf 82' lang='grc' dir='ltr'>θησαυροῦ,</span> 
     </span>
    </p>
   </div>
   <div class='ocr_carea' id='block_1_104' title="bbox 2072 3291 3664 3365">
    <p class='ocr_par' dir='ltr' id='par_1_104' title="bbox 2072 3291 3664 3365">
     <span class='ocr_line' id='line_1_104' title="bbox 2072 3291 3664 3365; baseline -0.006 -13"><span class='ocrx_word' id='word_1_760' title='bbox 2072 3300 2166 3354; x_wconf 72' lang='grc' dir='ltr'>καὶ</span> <span class='ocrx_word' id='word_1_761' title='bbox 2200 3298 2434 3352; x_wconf 84' lang='grc' dir='ltr'>κενῶσαι</span> <span class='ocrx_word' id='word_1_762' title='bbox 2468 3296 2559 3350; x_wconf 82' lang='grc' dir='ltr'>τὸν</span> <span class='ocrx_word' id='word_1_763' title='bbox 2593 3294 2837 3365; x_wconf 6' lang='grc' dir='ltr'>πλοῦτον,</span> <span class='ocrx_word' id='word_1_764' title='bbox 2872 3295 2970 3365; x_wconf 85' lang='grc' dir='ltr'>τῆς</span> <span class='ocrx_word' id='word_1_765' title='bbox 3025 3293 3261 3355; x_wconf 83' lang='grc' dir='ltr'>πίστεως</span> <span class='ocrx_word' id='word_1_766' title='bbox 3297 3293 3401 3346; x_wconf 82' lang='grc' dir='ltr'>οὐκ</span> <span class='ocrx_word' id='word_1_767' title='bbox 3448 3291 3664 3361; x_wconf 76' lang='grc' dir='ltr'>ἴσχυον.</span> 
     </span>
    </p>
   </div>
   <div class='ocr_carea' id='block_1_105' title="bbox 2072 3373 3670 3451">
    <p class='ocr_par' dir='ltr' id='par_1_105' title="bbox 2072 3373 3670 3451">
     <span class='ocr_line' id='line_1_105' title="bbox 2072 3373 3670 3451; baseline -0.006 -16"><span class='ocrx_word' id='word_1_768' title='bbox 2072 3382 2309 3437; x_wconf 87' lang='grc' dir='ltr'>Τοιαῦτα</span> <span class='ocrx_word' id='word_1_769' title='bbox 2333 3381 2432 3451; x_wconf 83' lang='grc' dir='ltr'>τῆς</span> <span class='ocrx_word' id='word_1_770' title='bbox 2451 3379 2629 3450; x_wconf 81' lang='grc' dir='ltr'>ψυχῆς</span> <span class='ocrx_word' id='word_1_771' title='bbox 2655 3378 2760 3432; x_wconf 89' lang='grc' dir='ltr'>τῶν</span> <span class='ocrx_word' id='word_1_772' title='bbox 2795 3377 2966 3447; x_wconf 86' lang='grc' dir='ltr'>ἁγίων</span> <span class='ocrx_word' id='word_1_773' title='bbox 2987 3376 3058 3431; x_wconf 82' lang='grc' dir='ltr'>τά</span> <span class='ocrx_word' id='word_1_774' title='bbox 3082 3373 3521 3447; x_wconf 80' lang='grc' dir='ltr'>κατορθώματα,</span> <span class='ocrx_word' id='word_1_775' title='bbox 3578 3375 3670 3428; x_wconf 81' lang='grc' dir='ltr'>ἀν-</span> 
     </span>
    </p>
   </div>
   <div class='ocr_carea' id='block_1_106' title="bbox 2078 3457 3669 3537">
    <p class='ocr_par' dir='ltr' id='par_1_106' title="bbox 2078 3457 3669 3537">
     <span class='ocr_line' id='line_1_106' title="bbox 2078 3457 3669 3537; baseline -0.006 -17"><span class='ocrx_word' id='word_1_776' title='bbox 2078 3466 2352 3537; x_wconf 77' lang='grc' dir='ltr'>αφαίρετα</span> <span class='ocrx_word' id='word_1_777' title='bbox 2380 3464 2472 3518; x_wconf 73' lang='grc' dir='ltr'>καὶ</span> <span class='ocrx_word' id='word_1_778' title='bbox 2500 3461 2944 3531; x_wconf 88' lang='grc' dir='ltr'>ἀκαταγώνιστα,</span> <span class='ocrx_word' id='word_1_779' title='bbox 2974 3460 3225 3530; x_wconf 86' lang='grc' dir='ltr'>καθάπερ</span> <span class='ocrx_word' id='word_1_780' title='bbox 3252 3460 3313 3511; x_wconf 90' lang='grc' dir='ltr'>ἐν</span> <span class='ocrx_word' id='word_1_781' title='bbox 3336 3457 3532 3530; x_wconf 79' lang='grc' dir='ltr'>ἀσύλῳ</span> <span class='ocrx_word' id='word_1_782' title='bbox 3560 3460 3669 3512; x_wconf 66' lang='grc' dir='ltr'>τινὶ</span> 
     </span>
    </p>
   </div>
   <div class='ocr_carea' id='block_1_107' title="bbox 2073 3543 3666 3620">
    <p class='ocr_par' dir='ltr' id='par_1_107' title="bbox 2073 3543 3666 3620">
     <span class='ocr_line' id='line_1_107' title="bbox 2073 3543 3666 3620; baseline -0.005 -17"><span class='ocrx_word' id='word_1_783' title='bbox 2073 3547 2256 3620; x_wconf 81' lang='grc' dir='ltr'>χωρίῳ</span> <span class='ocrx_word' id='word_1_784' title='bbox 2274 3550 2342 3620; x_wconf 81' lang='grc' dir='ltr'>τῇ</span> <span class='ocrx_word' id='word_1_785' title='bbox 2369 3547 2469 3618; x_wconf 83' lang='grc' dir='ltr'>τῆς</span> <span class='ocrx_word' id='word_1_786' title='bbox 2491 3547 2672 3617; x_wconf 80' lang='grc' dir='ltr'>ψυχῆς</span> <span class='ocrx_word' id='word_1_787' title='bbox 2704 3545 2929 3616; x_wconf 75' lang='grc' dir='ltr'>ἀνδρείᾳ</span> <span class='ocrx_word' id='word_1_788' title='bbox 2952 3543 3374 3613; x_wconf 75' lang='grc' dir='ltr'>ἐναποκείμενα,</span> <span class='ocrx_word' id='word_1_789' title='bbox 3402 3543 3505 3596; x_wconf 77' lang='grc' dir='ltr'>καὶ</span> <span class='ocrx_word' id='word_1_790' title='bbox 3540 3543 3666 3596; x_wconf 71' lang='grc' dir='ltr'>οὕτε</span> 
     </span>
    </p>
   </div>
   <div class='ocr_carea' id='block_1_108' title="bbox 2071 3624 3667 3702">
    <p class='ocr_par' dir='ltr' id='par_1_108' title="bbox 2071 3624 3667 3702">
     <span class='ocr_line' id='line_1_108' title="bbox 2071 3624 3667 3702; baseline -0.004 -17"><span class='ocrx_word' id='word_1_791' title='bbox 2071 3632 2350 3702; x_wconf 88' lang='grc' dir='ltr'>τυράννων</span> <span class='ocrx_word' id='word_1_792' title='bbox 2376 3630 2514 3683; x_wconf 86' lang='grc' dir='ltr'>αὐτά</span> <span class='ocrx_word' id='word_1_793' title='bbox 2549 3630 2833 3700; x_wconf 87' lang='grc' dir='ltr'>βλέπουσιν</span> <span class='ocrx_word' id='word_1_794' title='bbox 2852 3627 3143 3697; x_wconf 78' lang='grc' dir='ltr'>ὀφθαλμοὶ,</span> <span class='ocrx_word' id='word_1_795' title='bbox 3164 3624 3289 3680; x_wconf 75' lang='grc' dir='ltr'>οὗτε</span> <span class='ocrx_word' id='word_1_796' title='bbox 3318 3626 3539 3695; x_wconf 80' lang='grc' dir='ltr'>δημίων</span> <span class='ocrx_word' id='word_1_797' title='bbox 3570 3627 3667 3694; x_wconf 83' lang='grc' dir='ltr'>ἀρ-</span> 
     </span>
    </p>
   </div>
   <div class='ocr_carea' id='block_1_109' title="bbox 2074 3708 3667 3784">
    <p class='ocr_par' dir='ltr' id='par_1_109' title="bbox 2074 3708 3667 3784">
     <span class='ocr_line' id='line_1_109' title="bbox 2074 3708 3667 3784; baseline -0.006 -16"><span class='ocrx_word' id='word_1_798' title='bbox 2074 3716 2249 3771; x_wconf 87' lang='grc' dir='ltr'>πάσαι</span> <span class='ocrx_word' id='word_1_799' title='bbox 2272 3714 2525 3768; x_wconf 87' lang='grc' dir='ltr'>δύνανται</span> <span class='ocrx_word' id='word_1_800' title='bbox 2552 3715 2754 3784; x_wconf 86' lang='grc' dir='ltr'>χεῖρες,</span> <span class='ocrx_word' id='word_1_801' title='bbox 2793 3710 2933 3764; x_wconf 89' lang='grc' dir='ltr'>ἀλλά</span> <span class='ocrx_word' id='word_1_802' title='bbox 2962 3711 3067 3764; x_wconf 73' lang='grc' dir='ltr'>κᾶν</span> <span class='ocrx_word' id='word_1_803' title='bbox 3097 3710 3267 3780; x_wconf 80' lang='grc' dir='ltr'>αὐτὴν</span> <span class='ocrx_word' id='word_1_804' title='bbox 3304 3708 3531 3763; x_wconf 83' lang='grc' dir='ltr'>διέλωσι</span> <span class='ocrx_word' id='word_1_805' title='bbox 3566 3712 3667 3779; x_wconf 62' lang='grc' dir='ltr'>τιτι</span> 
     </span>
    </p>
   </div>
   <div class='ocr_carea' id='block_1_110' title="bbox 2075 3792 3667 3871">
    <p class='ocr_par' dir='ltr' id='par_1_110' title="bbox 2075 3792 3667 3871">
     <span class='ocr_line' id='line_1_110' title="bbox 2075 3792 3667 3871; baseline -0.005 -17"><span class='ocrx_word' id='word_1_806' title='bbox 2075 3798 2320 3871; x_wconf 82' lang='grc' dir='ltr'>καρδίαν,</span> <span class='ocrx_word' id='word_1_807' title='bbox 2351 3798 2384 3868; x_wconf 77' lang='grc' dir='ltr'>ἢ</span> <span class='ocrx_word' id='word_1_808' title='bbox 2420 3798 2652 3868; x_wconf 86' lang='grc' dir='ltr'>μάλιστα</span> <span class='ocrx_word' id='word_1_809' title='bbox 2673 3796 2774 3865; x_wconf 83' lang='grc' dir='ltr'>τῆς</span> <span class='ocrx_word' id='word_1_810' title='bbox 2812 3793 2991 3865; x_wconf 80' lang='grc' dir='ltr'>ψυχῆς</span> <span class='ocrx_word' id='word_1_811' title='bbox 3029 3794 3127 3864; x_wconf 79' lang='grc' dir='ltr'>τήν</span> <span class='ocrx_word' id='word_1_812' title='bbox 3178 3792 3437 3863; x_wconf 85' lang='grc' dir='ltr'>ἀνδρείαν</span> <span class='ocrx_word' id='word_1_813' title='bbox 3496 3794 3667 3846; x_wconf 65' lang='lat' dir='ltr'>nsti-</span> 
     </span>
    </p>
   </div>
   <div class='ocr_carea' id='block_1_111' title="bbox 2074 3877 3670 3951">
    <p class='ocr_par' dir='ltr' id='par_1_111' title="bbox 2074 3877 3670 3951">
     <span class='ocr_line' id='line_1_111' title="bbox 2074 3877 3670 3951; baseline -0.003 -13"><span class='ocrx_word' id='word_1_814' title='bbox 2074 3901 2310 3948; x_wconf 86' lang='grc' dir='ltr'>στευται,</span> <span class='ocrx_word' id='word_1_815' title='bbox 2343 3884 2446 3936; x_wconf 76' lang='grc' dir='ltr'>κᾶν</span> <span class='ocrx_word' id='word_1_816' title='bbox 2466 3883 2547 3945; x_wconf 84' lang='grc' dir='ltr'>είς</span> <span class='ocrx_word' id='word_1_817' title='bbox 2569 3881 2739 3951; x_wconf 84' lang='grc' dir='ltr'>μικρά</span> <span class='ocrx_word' id='word_1_818' title='bbox 2767 3879 3118 3949; x_wconf 83' lang='grc' dir='ltr'>κατατέμωσι</span> <span class='ocrx_word' id='word_1_819' title='bbox 3156 3878 3298 3949; x_wconf 88' lang='grc' dir='ltr'>μέρη</span> <span class='ocrx_word' id='word_1_820' title='bbox 3325 3918 3341 3943; x_wconf 91' lang='grc'>,</span> <span class='ocrx_word' id='word_1_821' title='bbox 3364 3877 3495 3931; x_wconf 76' lang='grc' dir='ltr'>οὐδὲ</span> <span class='ocrx_word' id='word_1_822' title='bbox 3519 3878 3670 3933; x_wconf 73' lang='grc' dir='ltr'>οὕτω</span> 
     </span>
    </p>
   </div>
   <div class='ocr_carea' id='block_1_112' title="bbox 2075 3961 3670 4032">
    <p class='ocr_par' dir='ltr' id='par_1_112' title="bbox 2075 3961 3670 4032">
     <span class='ocr_line' id='line_1_112' title="bbox 2075 3961 3670 4032; baseline -0.004 -10"><span class='ocrx_word' id='word_1_823' title='bbox 2075 3968 2289 4022; x_wconf 87' lang='grc' dir='ltr'>κενοῦσι</span> <span class='ocrx_word' id='word_1_824' title='bbox 2320 3967 2412 4020; x_wconf 81' lang='grc' dir='ltr'>τὸν</span> <span class='ocrx_word' id='word_1_825' title='bbox 2451 3966 2699 4029; x_wconf 88' lang='grc' dir='ltr'>πλοῦτον,</span> <span class='ocrx_word' id='word_1_826' title='bbox 2730 3964 2865 4017; x_wconf 85' lang='grc' dir='ltr'>ἀλλὰ</span> <span class='ocrx_word' id='word_1_827' title='bbox 2910 3964 3006 4016; x_wconf 74' lang='grc' dir='ltr'>καὶ</span> <span class='ocrx_word' id='word_1_828' title='bbox 3053 3961 3223 4014; x_wconf 87' lang='grc' dir='ltr'>πλείω</span> <span class='ocrx_word' id='word_1_829' title='bbox 3269 3961 3462 4015; x_wconf 79' lang='grc' dir='ltr'>τοῦτον</span> <span class='ocrx_word' id='word_1_830' title='bbox 3494 3962 3670 4032; x_wconf 74' lang='grc' dir='ltr'>ἐργάν-</span> 
     </span>
    </p>
   </div>
   <div class='ocr_carea' id='block_1_113' title="bbox 2075 4042 3669 4116">
    <p class='ocr_par' dir='ltr' id='par_1_113' title="bbox 2075 4042 3669 4116">
     <span class='ocr_line' id='line_1_113' title="bbox 2075 4042 3669 4116; baseline -0.004 -12"><span class='ocrx_word' id='word_1_831' title='bbox 2075 4051 2277 4116; x_wconf 80' lang='grc' dir='ltr'>ζονται.</span> <span class='ocrx_word' id='word_1_832' title='bbox 2303 4050 2377 4104; x_wconf 82' lang='grc' dir='ltr'>Τὸ</span> <span class='ocrx_word' id='word_1_833' title='bbox 2398 4049 2454 4103; x_wconf 77' lang='grc' dir='ltr'>δὲ</span> <span class='ocrx_word' id='word_1_834' title='bbox 2474 4048 2645 4102; x_wconf 75' lang='grc' dir='ltr'>αἴτιον</span> <span class='ocrx_word' id='word_1_835' title='bbox 2667 4042 2800 4110; x_wconf 81' lang='grc' dir='ltr'>Θεός</span> <span class='ocrx_word' id='word_1_836' title='bbox 2829 4048 2978 4099; x_wconf 82' lang='grc' dir='ltr'>ἐστιν</span> <span class='ocrx_word' id='word_1_837' title='bbox 3001 4047 3030 4098; x_wconf 90' lang='lat'>6</span> <span class='ocrx_word' id='word_1_838' title='bbox 3060 4046 3179 4107; x_wconf 88' lang='grc' dir='ltr'>ταῖς</span> <span class='ocrx_word' id='word_1_839' title='bbox 3205 4042 3493 4109; x_wconf 76' lang='grc' dir='ltr'>τοιαύταις</span> <span class='ocrx_word' id='word_1_840' title='bbox 3520 4047 3669 4098; x_wconf 71' lang='grc' dir='ltr'>ἐνοιο</span> 
     </span>
    </p>
   </div>
   <div class='ocr_carea' id='block_1_114' title="bbox 2075 4127 3669 4204">
    <p class='ocr_par' dir='ltr' id='par_1_114' title="bbox 2075 4127 3669 4204">
     <span class='ocr_line' id='line_1_114' title="bbox 2075 4127 3669 4204; baseline -0.004 -16"><span class='ocrx_word' id='word_1_841' title='bbox 2075 4135 2187 4188; x_wconf 88' lang='grc' dir='ltr'>κῶν</span> <span class='ocrx_word' id='word_1_842' title='bbox 2213 4134 2444 4204; x_wconf 60' lang='grc' dir='ltr'>ᾴυχαῖς·</span> <span class='ocrx_word' id='word_1_843' title='bbox 2493 4132 2583 4185; x_wconf 86' lang='grc' dir='ltr'>τὸν</span> <span class='ocrx_word' id='word_1_844' title='bbox 2615 4131 2671 4184; x_wconf 82' lang='grc' dir='ltr'>δὲ</span> <span class='ocrx_word' id='word_1_845' title='bbox 2700 4128 2819 4199; x_wconf 84' lang='grc' dir='ltr'>Θεῷ</span> <span class='ocrx_word' id='word_1_846' title='bbox 2860 4127 3201 4198; x_wconf 84' lang='grc' dir='ltr'>πολεμοῦντα</span> <span class='ocrx_word' id='word_1_847' title='bbox 3250 4128 3547 4198; x_wconf 80' lang='grc' dir='ltr'>ἀμήχανον</span> <span class='ocrx_word' id='word_1_848' title='bbox 3588 4145 3669 4181; x_wconf 82' lang='grc' dir='ltr'>ντ-</span> 
     </span>
    </p>
   </div>
   <div class='ocr_carea' id='block_1_115' title="bbox 2076 4210 3671 4289">
    <p class='ocr_par' dir='ltr' id='par_1_115' title="bbox 2076 4210 3671 4289">
     <span class='ocr_line' id='line_1_115' title="bbox 2076 4210 3671 4289; baseline -0.014 -17"><span class='ocrx_word' id='word_1_849' title='bbox 2076 4218 2241 4289; x_wconf 85' lang='grc' dir='ltr'>κῆσαί</span> <span class='ocrx_word' id='word_1_850' title='bbox 2264 4234 2413 4282; x_wconf 84' lang='grc' dir='ltr'>ποτε,</span> <span class='ocrx_word' id='word_1_851' title='bbox 2435 4215 2547 4269; x_wconf 82' lang='grc' dir='ltr'>ἀλλ’</span> <span class='ocrx_word' id='word_1_852' title='bbox 2569 4214 2783 4283; x_wconf 85' lang='grc' dir='ltr'>ἀνάγκη</span> <span class='ocrx_word' id='word_1_853' title='bbox 2806 4210 3281 4280; x_wconf 78' lang='grc' dir='ltr'>καταγελατθέντα</span> <span class='ocrx_word' id='word_1_854' title='bbox 3299 4212 3399 4263; x_wconf 75' lang='grc' dir='ltr'>καὶ</span> <span class='ocrx_word' id='word_1_855' title='bbox 3415 4212 3671 4282; x_wconf 72' lang='grc' dir='ltr'>αἰσχρῶς</span> 
     </span>
    </p>
   </div>
   <div class='ocr_carea' id='block_1_116' title="bbox 2076 4293 3668 4373">
    <p class='ocr_par' dir='ltr' id='par_1_116' title="bbox 2076 4293 3668 4373">
     <span class='ocr_line' id='line_1_116' title="bbox 2076 4293 3668 4373; baseline -0.005 -19"><span class='ocrx_word' id='word_1_856' title='bbox 2076 4300 2377 4373; x_wconf 83' lang='grc' dir='ltr'>ήττηθέντα</span> <span class='ocrx_word' id='word_1_857' title='bbox 2402 4298 2677 4353; x_wconf 87' lang='grc' dir='ltr'>ἀπελθεῖν.</span> <span class='ocrx_word' id='word_1_858' title='bbox 2719 4296 2818 4348; x_wconf 77' lang='grc' dir='ltr'>Διὰ</span> <span class='ocrx_word' id='word_1_859' title='bbox 2838 4294 2995 4348; x_wconf 85' lang='grc' dir='ltr'>τοῦτο</span> <span class='ocrx_word' id='word_1_860' title='bbox 3020 4295 3113 4348; x_wconf 80' lang='grc' dir='ltr'>καὶ</span> <span class='ocrx_word' id='word_1_861' title='bbox 3151 4295 3275 4347; x_wconf 81' lang='grc' dir='ltr'>τότε</span> <span class='ocrx_word' id='word_1_862' title='bbox 3315 4293 3389 4346; x_wconf 81' lang='grc' dir='ltr'>τὰ</span> <span class='ocrx_word' id='word_1_863' title='bbox 3438 4295 3668 4348; x_wconf 73' lang='grc' dir='ltr'>ἐναντία</span> 
     </span>
    </p>
   </div>
   <div class='ocr_carea' id='block_1_117' title="bbox 2075 4376 3671 4449">
    <p class='ocr_par' dir='ltr' id='par_1_117' title="bbox 2075 4376 3671 4449">
     <span class='ocr_line' id='line_1_117' title="bbox 2075 4376 3671 4449; baseline -0.004 -12"><span class='ocrx_word' id='word_1_864' title='bbox 2075 4384 2185 4437; x_wconf 89' lang='grc' dir='ltr'>τῶν</span> <span class='ocrx_word' id='word_1_865' title='bbox 2211 4382 2477 4437; x_wconf 82' lang='grc' dir='ltr'>εἰωθότων</span> <span class='ocrx_word' id='word_1_866' title='bbox 2500 4381 2765 4449; x_wconf 80' lang='grc' dir='ltr'>ἐγίγνετο.</span> <span class='ocrx_word' id='word_1_867' title='bbox 2798 4376 3084 4448; x_wconf 83' lang='grc' dir='ltr'>Πανταχοῦ</span> <span class='ocrx_word' id='word_1_868' title='bbox 3129 4377 3227 4448; x_wconf 71' lang='grc' dir='ltr'>μὲν</span> <span class='ocrx_word' id='word_1_869' title='bbox 3277 4378 3390 4449; x_wconf 81' lang='grc' dir='ltr'>γάρ</span> <span class='ocrx_word' id='word_1_870' title='bbox 3419 4376 3493 4430; x_wconf 86' lang='grc' dir='ltr'>τά</span> <span class='ocrx_word' id='word_1_871' title='bbox 3522 4377 3671 4448; x_wconf 78' lang='grc' dir='ltr'>πράρ</span> 
     </span>
    </p>
   </div>
   <div class='ocr_carea' id='block_1_118' title="bbox 2077 4460 3668 4537">
    <p class='ocr_par' dir='ltr' id='par_1_118' title="bbox 2077 4460 3668 4537">
     <span class='ocr_line' id='line_1_118' title="bbox 2077 4460 3668 4537; baseline -0.006 -17"><span class='ocrx_word' id='word_1_872' title='bbox 2077 4484 2261 4536; x_wconf 87' lang='grc' dir='ltr'>γματα</span> <span class='ocrx_word' id='word_1_873' title='bbox 2278 4466 2538 4537; x_wconf 78' lang='grc' dir='ltr'>ῥημάτων</span> <span class='ocrx_word' id='word_1_874' title='bbox 2566 4466 2790 4534; x_wconf 83' lang='grc' dir='ltr'>κρατεῖ·</span> <span class='ocrx_word' id='word_1_875' title='bbox 2818 4462 2939 4514; x_wconf 87' lang='grc' dir='ltr'>τότε</span> <span class='ocrx_word' id='word_1_876' title='bbox 2962 4460 3018 4514; x_wconf 77' lang='grc' dir='ltr'>δὲ</span> <span class='ocrx_word' id='word_1_877' title='bbox 3040 4460 3187 4529; x_wconf 83' lang='grc' dir='ltr'>λόγοι</span> <span class='ocrx_word' id='word_1_878' title='bbox 3212 4460 3469 4530; x_wconf 79' lang='grc' dir='ltr'>πράξεων</span> <span class='ocrx_word' id='word_1_879' title='bbox 3493 4460 3668 4531; x_wconf 77' lang='grc' dir='ltr'>ἐκράο</span> 
     </span>
    </p>
   </div>
   <div class='ocr_carea' id='block_1_119' title="bbox 2074 4542 3668 4620">
    <p class='ocr_par' dir='ltr' id='par_1_119' title="bbox 2074 4542 3668 4620">
     <span class='ocr_line' id='line_1_119' title="bbox 2074 4542 3668 4620; baseline -0.004 -18"><span class='ocrx_word' id='word_1_880' title='bbox 2074 4565 2278 4620; x_wconf 88' lang='grc' dir='ltr'>τησαν·</span> <span class='ocrx_word' id='word_1_881' title='bbox 2309 4548 2467 4614; x_wconf 87' lang='grc' dir='ltr'>πῶς;</span> <span class='ocrx_word' id='word_1_882' title='bbox 2495 4547 2778 4616; x_wconf 77' lang='grc' dir='ltr'>Προσῆγον</span> <span class='ocrx_word' id='word_1_883' title='bbox 2812 4545 2968 4597; x_wconf 72' lang='grc' dir='ltr'>αὐτοὶ</span> <span class='ocrx_word' id='word_1_884' title='bbox 3017 4543 3131 4614; x_wconf 88' lang='grc' dir='ltr'>πῦρ</span> <span class='ocrx_word' id='word_1_885' title='bbox 3159 4543 3252 4596; x_wconf 80' lang='grc' dir='ltr'>καὶ</span> <span class='ocrx_word' id='word_1_886' title='bbox 3310 4542 3540 4613; x_wconf 82' lang='grc' dir='ltr'>σίδηρον</span> <span class='ocrx_word' id='word_1_887' title='bbox 3576 4544 3668 4595; x_wconf 69' lang='grc' dir='ltr'>καὶ</span> 
     </span>
    </p>
   </div>
   <div class='ocr_carea' id='block_1_120' title="bbox 2081 4626 3669 4703">
    <p class='ocr_par' dir='ltr' id='par_1_120' title="bbox 2081 4626 3669 4703">
     <span class='ocr_line' id='line_1_120' title="bbox 2081 4626 3669 4703; baseline -0.006 -17"><span class='ocrx_word' id='word_1_888' title='bbox 2081 4633 2345 4703; x_wconf 86' lang='grc' dir='ltr'>βασάνους</span> <span class='ocrx_word' id='word_1_889' title='bbox 2365 4647 2378 4660; x_wconf 90' lang='grc'>·</span> <span class='ocrx_word' id='word_1_890' title='bbox 2418 4629 2694 4700; x_wconf 78' lang='grc' dir='ltr'>προσῆγον</span> <span class='ocrx_word' id='word_1_891' title='bbox 2720 4629 2988 4691; x_wconf 84' lang='grc' dir='ltr'>κολάσεις,</span> <span class='ocrx_word' id='word_1_892' title='bbox 3022 4626 3316 4697; x_wconf 84' lang='grc' dir='ltr'>τιμωρίας,</span> <span class='ocrx_word' id='word_1_893' title='bbox 3352 4626 3669 4694; x_wconf 80' lang='grc' dir='ltr'>μάστιγας·</span> 
     </span>
    </p>
   </div>
   <div class='ocr_carea' id='block_1_121' title="bbox 2076 4709 3671 4790">
    <p class='ocr_par' dir='ltr' id='par_1_121' title="bbox 2076 4709 3671 4790">
     <span class='ocr_line' id='line_1_121' title="bbox 2076 4709 3671 4790; baseline -0.006 -20"><span class='ocrx_word' id='word_1_894' title='bbox 2076 4715 2370 4790; x_wconf 82' lang='grc' dir='ltr'>διώρυττον</span> <span class='ocrx_word' id='word_1_895' title='bbox 2396 4712 2659 4768; x_wconf 86' lang='grc' dir='ltr'>πάντοθεν</span> <span class='ocrx_word' id='word_1_896' title='bbox 2679 4709 2700 4751; x_wconf 70' lang='grc' dir='ltr'>ί</span> <span class='ocrx_word' id='word_1_897' title='bbox 2714 4712 2812 4775; x_wconf 67' lang='grc' dir='ltr'>τὰς</span> <span class='ocrx_word' id='word_1_898' title='bbox 2836 4710 3098 4782; x_wconf 82' lang='grc' dir='ltr'>πλευρὰς,</span> <span class='ocrx_word' id='word_1_899' title='bbox 3122 4711 3218 4764; x_wconf 74' lang='grc' dir='ltr'>καὶ</span> <span class='ocrx_word' id='word_1_900' title='bbox 3237 4712 3266 4763; x_wconf 89' lang='lat'>6</span> <span class='ocrx_word' id='word_1_901' title='bbox 3288 4710 3527 4779; x_wconf 83' lang='grc' dir='ltr'>πάσχων</span> <span class='ocrx_word' id='word_1_902' title='bbox 3575 4712 3671 4762; x_wconf 78' lang='grc' dir='ltr'>ἀν-</span> 
     </span>
    </p>
   </div>
   <div class='ocr_carea' id='block_1_122' title="bbox 2079 4794 3672 4870">
    <p class='ocr_par' dir='ltr' id='par_1_122' title="bbox 2079 4794 3672 4870">
     <span class='ocr_line' id='line_1_122' title="bbox 2079 4794 3672 4870; baseline -0.006 -15"><span class='ocrx_word' id='word_1_903' title='bbox 2079 4801 2282 4864; x_wconf 87' lang='grc' dir='ltr'>άλωτος</span> <span class='ocrx_word' id='word_1_904' title='bbox 2320 4800 2531 4870; x_wconf 75' lang='grc' dir='ltr'>ἔμενεν·</span> <span class='ocrx_word' id='word_1_905' title='bbox 2561 4794 2769 4861; x_wconf 85' lang='grc' dir='ltr'>ἐκεῖνος</span> <span class='ocrx_word' id='word_1_906' title='bbox 2806 4796 3105 4865; x_wconf 88' lang='grc' dir='ltr'>ἐφθέγγετο</span> <span class='ocrx_word' id='word_1_907' title='bbox 3139 4794 3325 4866; x_wconf 86' lang='grc' dir='ltr'>μόνον,</span> <span class='ocrx_word' id='word_1_908' title='bbox 3367 4794 3468 4846; x_wconf 79' lang='grc' dir='ltr'>καὶ</span> <span class='ocrx_word' id='word_1_909' title='bbox 3500 4794 3672 4863; x_wconf 68' lang='grc' dir='ltr'>ψιλὴν</span> 
     </span>
    </p>
   </div>
   <div class='ocr_carea' id='block_1_123' title="bbox 2078 4877 3672 4953">
    <p class='ocr_par' dir='ltr' id='par_1_123' title="bbox 2078 4877 3672 4953">
     <span class='ocr_line' id='line_1_123' title="bbox 2078 4877 3672 4953; baseline -0.004 -18"><span class='ocrx_word' id='word_1_910' title='bbox 2078 4883 2231 4953; x_wconf 75' lang='grc' dir='ltr'>ἠφίει</span> <span class='ocrx_word' id='word_1_911' title='bbox 2276 4882 2484 4951; x_wconf 82' lang='grc' dir='ltr'>φωνὴν,</span> <span class='ocrx_word' id='word_1_912' title='bbox 2541 4881 2636 4933; x_wconf 73' lang='grc' dir='ltr'>καὶ</span> <span class='ocrx_word' id='word_1_913' title='bbox 2669 4879 2825 4948; x_wconf 85' lang='grc' dir='ltr'>λόγος</span> <span class='ocrx_word' id='word_1_914' title='bbox 2858 4880 3036 4950; x_wconf 75' lang='grc' dir='ltr'>ἔργων</span> <span class='ocrx_word' id='word_1_915' title='bbox 3075 4877 3406 4949; x_wconf 85' lang='grc' dir='ltr'>ἐκράτησεν.</span> <span class='ocrx_word' id='word_1_916' title='bbox 3471 4877 3672 4944; x_wconf 82' lang='grc' dir='ltr'>Ἐξήλ-</span> 
     </span>
    </p>
   </div>
   <div class='ocr_carea' id='block_1_124' title="bbox 2081 4961 3675 5037">
    <p class='ocr_par' dir='ltr' id='par_1_124' title="bbox 2081 4961 3675 5037">
     <span class='ocr_line' id='line_1_124' title="bbox 2081 4961 3675 5037; baseline -0.004 -17"><span class='ocrx_word' id='word_1_917' title='bbox 2081 4968 2203 5020; x_wconf 77' lang='grc' dir='ltr'>λετο</span> <span class='ocrx_word' id='word_1_918' title='bbox 2229 4966 2336 5036; x_wconf 83' lang='grc' dir='ltr'>γὰρ</span> <span class='ocrx_word' id='word_1_919' title='bbox 2357 4968 2391 5037; x_wconf 86' lang='grc' dir='ltr'>ή</span> <span class='ocrx_word' id='word_1_920' title='bbox 2423 4965 2555 5033; x_wconf 84' lang='grc' dir='ltr'>ἁγία</span> <span class='ocrx_word' id='word_1_921' title='bbox 2577 4963 2729 5035; x_wconf 84' lang='grc' dir='ltr'>φωνὴ</span> <span class='ocrx_word' id='word_1_922' title='bbox 2760 4962 2853 5016; x_wconf 90' lang='grc' dir='ltr'>τοῦ</span> <span class='ocrx_word' id='word_1_923' title='bbox 2882 4961 3223 5035; x_wconf 89' lang='grc' dir='ltr'>μαρτυρικοῦ</span> <span class='ocrx_word' id='word_1_924' title='bbox 3246 4961 3550 5031; x_wconf 84' lang='grc' dir='ltr'>στόματος,</span> <span class='ocrx_word' id='word_1_925' title='bbox 3581 4966 3675 5014; x_wconf 77' lang='grc' dir='ltr'>καὶ</span> 
     </span>
    </p>
   </div>
   <div class='ocr_carea' id='block_1_125' title="bbox 2081 5042 3675 5119">
    <p class='ocr_par' dir='ltr' id='par_1_125' title="bbox 2081 5042 3675 5119">
     <span class='ocr_line' id='line_1_125' title="bbox 2081 5042 3675 5119; baseline -0.006 -17"><span class='ocrx_word' id='word_1_926' title='bbox 2081 5048 2359 5119; x_wconf 83' lang='grc' dir='ltr'>ἐφείλκετο</span> <span class='ocrx_word' id='word_1_927' title='bbox 2396 5048 2512 5118; x_wconf 81' lang='grc' dir='ltr'>μεθ’</span> <span class='ocrx_word' id='word_1_928' title='bbox 2537 5047 2737 5116; x_wconf 78' lang='grc' dir='ltr'>ἑαυτῆς</span> <span class='ocrx_word' id='word_1_929' title='bbox 2761 5046 2877 5115; x_wconf 83' lang='grc' dir='ltr'>φῶς</span> <span class='ocrx_word' id='word_1_930' title='bbox 2900 5046 3251 5117; x_wconf 89' lang='grc' dir='ltr'>φαιδρότερον</span> <span class='ocrx_word' id='word_1_931' title='bbox 3297 5043 3403 5112; x_wconf 77' lang='grc' dir='ltr'>τῆς</span> <span class='ocrx_word' id='word_1_932' title='bbox 3434 5042 3675 5114; x_wconf 68' lang='grc' dir='ltr'>ἡλιακῆς</span> 
     </span>
    </p>
   </div>
   <div class='ocr_carea' id='block_1_126' title="bbox 2081 5128 3669 5200">
    <p class='ocr_par' dir='ltr' id='par_1_126' title="bbox 2081 5128 3669 5200">
     <span class='ocr_line' id='line_1_126' title="bbox 2081 5128 3669 5200; baseline -0.005 -14"><span class='ocrx_word' id='word_1_933' title='bbox 2081 5133 2322 5195; x_wconf 85' lang='grc' dir='ltr'>ἀκτῖνος.</span> <span class='ocrx_word' id='word_1_934' title='bbox 2355 5131 2570 5200; x_wconf 85' lang='grc' dir='ltr'>Ταύτης</span> <span class='ocrx_word' id='word_1_935' title='bbox 2595 5130 2849 5184; x_wconf 89' lang='grc' dir='ltr'>τοσοῦτον</span> <span class='ocrx_word' id='word_1_936' title='bbox 2875 5130 2935 5182; x_wconf 85' lang='grc' dir='ltr'>τὸ</span> <span class='ocrx_word' id='word_1_937' title='bbox 2960 5128 3090 5198; x_wconf 74' lang='grc' dir='ltr'>φῶς</span> <span class='ocrx_word' id='word_1_938' title='bbox 3107 5130 3277 5193; x_wconf 81' lang='grc' dir='ltr'>ἐστιν,</span> <span class='ocrx_word' id='word_1_939' title='bbox 3307 5129 3435 5180; x_wconf 84' lang='grc' dir='ltr'>ὅσον</span> <span class='ocrx_word' id='word_1_940' title='bbox 3462 5128 3531 5180; x_wconf 83' lang='grc' dir='ltr'>τδ</span> <span class='ocrx_word' id='word_1_941' title='bbox 3559 5128 3669 5180; x_wconf 63' lang='grc' dir='ltr'>διάη</span> 
     </span>
    </p>
   </div>
   <div class='ocr_carea' id='block_1_127' title="bbox 2085 5210 3674 5288">
    <p class='ocr_par' dir='ltr' id='par_1_127' title="bbox 2085 5210 3674 5288">
     <span class='ocr_line' id='line_1_127' title="bbox 2085 5210 3674 5288; baseline -0.023 -12"><span class='ocrx_word' id='word_1_942' title='bbox 2085 5235 2183 5288; x_wconf 85' lang='grc' dir='ltr'>στη</span> <span class='ocrx_word' id='word_1_943' title='bbox 2192 5234 2268 5286; x_wconf 86' lang='grc' dir='ltr'>μα</span> <span class='ocrx_word' id='word_1_944' title='bbox 2286 5215 2395 5269; x_wconf 84' lang='grc' dir='ltr'>ἀπὸ</span> <span class='ocrx_word' id='word_1_945' title='bbox 2419 5214 2512 5268; x_wconf 86' lang='grc' dir='ltr'>τοῦ</span> <span class='ocrx_word' id='word_1_946' title='bbox 2529 5214 2757 5285; x_wconf 79' lang='grc' dir='ltr'>οὐρανοῦ</span> <span class='ocrx_word' id='word_1_947' title='bbox 2782 5213 2918 5284; x_wconf 77' lang='grc' dir='ltr'>πρὸς</span> <span class='ocrx_word' id='word_1_948' title='bbox 2944 5212 3043 5283; x_wconf 84' lang='grc' dir='ltr'>τὴν</span> <span class='ocrx_word' id='word_1_949' title='bbox 3068 5212 3175 5281; x_wconf 78' lang='grc' dir='ltr'>γῆν</span> <span class='ocrx_word' id='word_1_950' title='bbox 3193 5228 3208 5241; x_wconf 82' lang='grc' dir='ltr'><strong>ο</strong></span> <span class='ocrx_word' id='word_1_951' title='bbox 3242 5210 3446 5281; x_wconf 73' lang='grc' dir='ltr'>μᾶλλον</span> <span class='ocrx_word' id='word_1_952' title='bbox 3470 5211 3531 5262; x_wconf 55' lang='grc' dir='ltr'>δὲ</span> 
     </span>
    </p>
   </div>
   <div class='ocr_carea' id='block_1_128' title="bbox 2083 5294 3670 5367">
    <p class='ocr_par' dir='ltr' id='par_1_128' title="bbox 2083 5294 3670 5367">
     <span class='ocr_line' id='line_1_128' title="bbox 2083 5294 3670 5367; baseline -0.003 -15"><span class='ocrx_word' id='word_1_953' title='bbox 2083 5299 2240 5353; x_wconf 89' lang='grc' dir='ltr'>τοῦτο</span> <span class='ocrx_word' id='word_1_954' title='bbox 2268 5299 2387 5352; x_wconf 84' lang='grc' dir='ltr'>ὅλον</span> <span class='ocrx_word' id='word_1_955' title='bbox 2415 5297 2635 5350; x_wconf 89' lang='grc' dir='ltr'>δύναται</span> <span class='ocrx_word' id='word_1_956' title='bbox 2658 5297 2927 5367; x_wconf 80' lang='grc' dir='ltr'>διαϐῆναι,</span> <span class='ocrx_word' id='word_1_957' title='bbox 2959 5295 3140 5365; x_wconf 80' lang='grc' dir='ltr'>ὅτανὴ</span> <span class='ocrx_word' id='word_1_958' title='bbox 3178 5294 3369 5365; x_wconf 84' lang='grc' dir='ltr'>στέγη,</span> <span class='ocrx_word' id='word_1_959' title='bbox 3399 5294 3434 5363; x_wconf 86' lang='grc' dir='ltr'><strong>ῆ</strong></span> <span class='ocrx_word' id='word_1_960' title='bbox 3463 5296 3670 5362; x_wconf 74' lang='grc' dir='ltr'>τοῖχος.</span> 
     </span>
    </p>
   </div>
   <div class='ocr_carea' id='block_1_129' title="bbox 2083 5377 3673 5453">
    <p class='ocr_par' dir='ltr' id='par_1_129' title="bbox 2083 5377 3673 5453">
     <span class='ocr_line' id='line_1_129' title="bbox 2083 5377 3673 5453; baseline -0.003 -17"><span class='ocrx_word' id='word_1_961' title='bbox 2083 5383 2118 5453; x_wconf 80' lang='grc' dir='ltr'>ἦ</span> <span class='ocrx_word' id='word_1_962' title='bbox 2144 5383 2323 5451; x_wconf 85' lang='grc' dir='ltr'>νέφος,</span> <span class='ocrx_word' id='word_1_963' title='bbox 2364 5381 2398 5450; x_wconf 80' lang='grc' dir='ltr'>ἢ</span> <span class='ocrx_word' id='word_1_964' title='bbox 2431 5381 2559 5436; x_wconf 86' lang='grc' dir='ltr'>ἄλλο</span> <span class='ocrx_word' id='word_1_965' title='bbox 2590 5399 2642 5434; x_wconf 89' lang='grc' dir='ltr'>τι</span> <span class='ocrx_word' id='word_1_966' title='bbox 2672 5380 2827 5451; x_wconf 87' lang='grc' dir='ltr'>σῶμα</span> <span class='ocrx_word' id='word_1_967' title='bbox 2883 5378 3084 5450; x_wconf 79' lang='grc' dir='ltr'>μεταξὺ</span> <span class='ocrx_word' id='word_1_968' title='bbox 3140 5377 3502 5449; x_wconf 74' lang='grc' dir='ltr'>παρεμπέσῃ,</span> <span class='ocrx_word' id='word_1_969' title='bbox 3536 5378 3673 5432; x_wconf 64' lang='grc' dir='ltr'>ἀλλά</span> 
     </span>
    </p>
   </div>
   <div class='ocr_carea' id='block_1_130' title="bbox 2154 5528 2662 5592">
    <p class='ocr_par' dir='ltr' id='par_1_130' title="bbox 2154 5528 2662 5592">
     <span class='ocr_line' id='line_1_130' title="bbox 2154 5528 2662 5592; baseline -0.008 -12"><span class='ocrx_word' id='word_1_970' title='bbox 2154 5532 2173 5592; x_wconf 78' lang='lat'>&#39;_</span> <span class='ocrx_word' id='word_1_971' title='bbox 2198 5528 2293 5580; x_wconf 81' lang='lat' dir='ltr'><strong>Alii</strong></span> <span class='ocrx_word' id='word_1_972' title='bbox 2326 5530 2662 5592; x_wconf 76' lang='grc' dir='ltr'>διερευνῶντες.</span> 
     </span>
    </p>
   </div>
   <div class='ocr_carea' id='block_1_131' title="bbox 2154 5585 3668 5648">
    <p class='ocr_par' dir='ltr' id='par_1_131' title="bbox 2154 5585 3668 5648">
     <span class='ocr_line' id='line_1_131' title="bbox 2154 5585 3668 5648; baseline -0.006 -7"><span class='ocrx_word' id='word_1_973' title='bbox 2154 5590 2173 5630; x_wconf 83' lang='grc' dir='ltr'>ι’</span> <span class='ocrx_word' id='word_1_974' title='bbox 2200 5592 2291 5641; x_wconf 78' lang='lat' dir='ltr'><strong>Hic</strong></span> <span class='ocrx_word' id='word_1_975' title='bbox 2313 5596 2368 5639; x_wconf 77' lang='lat' dir='ltr'><strong>ei</strong></span> <span class='ocrx_word' id='word_1_976' title='bbox 2387 5585 2510 5639; x_wconf 67' lang='lat' dir='ltr'>infra</span> <span class='ocrx_word' id='word_1_977' title='bbox 2533 5592 2582 5639; x_wconf 87' lang='lat' dir='ltr'>in</span> <span class='ocrx_word' id='word_1_978' title='bbox 2603 5591 3004 5648; x_wconf 73' lang='lat' dir='ltr'>Morel.quzedam</span> <span class='ocrx_word' id='word_1_979' title='bbox 3031 5593 3259 5644; x_wconf 68' lang='lat' dir='ltr'>(iceram,</span> <span class='ocrx_word' id='word_1_980' title='bbox 3284 5602 3397 5648; x_wconf 69' lang='lat' dir='ltr'>qum</span> <span class='ocrx_word' id='word_1_981' title='bbox 3421 5600 3482 5633; x_wconf 72' lang='lat' dir='ltr'>ex</span> <span class='ocrx_word' id='word_1_982' title='bbox 3516 5585 3668 5635; x_wconf 55' lang='lat' dir='ltr'>Sani.</span> 
     </span>
    </p>
   </div>
   <div class='ocr_carea' id='block_1_132' title="bbox 2085 5603 3670 5713">
    <p class='ocr_par' dir='ltr' id='par_1_132' title="bbox 2085 5603 3670 5713">
     <span class='ocr_line' id='line_1_132' title="bbox 2154 5603 3668 5648; baseline -0.006 -7"><span class='ocrx_word' id='word_1_983' title='bbox 2154 5603 2168 5630; x_wconf 92' lang='grc' dir='ltr'>ι</span> <span class='ocrx_word' id='word_1_984' title='bbox 2200 5603 2291 5641; x_wconf 74' lang='lat' dir='ltr'>hic</span> <span class='ocrx_word' id='word_1_985' title='bbox 2313 5603 2368 5639; x_wconf 76' lang='grc' dir='ltr'>ει</span> <span class='ocrx_word' id='word_1_986' title='bbox 2387 5603 2510 5639; x_wconf 74' lang='lat' dir='ltr'><strong>ultra</strong></span> <span class='ocrx_word' id='word_1_987' title='bbox 2533 5603 2582 5639; x_wconf 78' lang='lat' dir='ltr'>in</span> <span class='ocrx_word' id='word_1_988' title='bbox 2603 5603 2771 5640; x_wconf 73' lang='lat' dir='ltr'>morm.</span> <span class='ocrx_word' id='word_1_989' title='bbox 2821 5603 3004 5638; x_wconf 64' lang='lat' dir='ltr'>umnam</span> <span class='ocrx_word' id='word_1_990' title='bbox 3031 5603 3259 5644; x_wconf 71' lang='lat' dir='ltr'>(meram,</span> <span class='ocrx_word' id='word_1_991' title='bbox 3284 5603 3397 5648; x_wconf 69' lang='lat' dir='ltr'>qum</span> <span class='ocrx_word' id='word_1_992' title='bbox 3421 5603 3482 5633; x_wconf 72' lang='lat' dir='ltr'>ex</span> <span class='ocrx_word' id='word_1_993' title='bbox 3517 5603 3668 5635; x_wconf 66' lang='grc' dir='ltr'>δαιίι.</span> 
     </span>
     <span class='ocr_line' id='line_1_133' title="bbox 2085 5603 3670 5713; baseline -0.006 -10"><span class='ocrx_word' id='word_1_994' title='bbox 2085 5659 2138 5703; x_wconf 80' lang='lat' dir='ltr'><strong>ei</strong></span> <span class='ocrx_word' id='word_1_995' title='bbox 2160 5667 2224 5702; x_wconf 82' lang='lat' dir='ltr'>cx</span> <span class='ocrx_word' id='word_1_996' title='bbox 2273 5665 2384 5701; x_wconf 82' lang='lat' dir='ltr'>mss.</span> <span class='ocrx_word' id='word_1_997' title='bbox 2430 5654 2742 5713; x_wconf 76' lang='lat' dir='ltr'>supplentur.</span> <span class='ocrx_word' id='word_1_998' title='bbox 2772 5603 2878 5699; x_wconf 51' lang='lat' dir='ltr'><strong>ﬂos</strong></span> <span class='ocrx_word' id='word_1_999' title='bbox 2910 5657 3017 5712; x_wconf 72' lang='lat' dir='ltr'>post</span> <span class='ocrx_word' id='word_1_1000' title='bbox 3047 5653 3205 5713; x_wconf 75' lang='grc' dir='ltr'>φωνήν</span> <span class='ocrx_word' id='word_1_1001' title='bbox 3229 5650 3367 5713; x_wconf 73' lang='lat' dir='ltr'><strong>addii</strong></span> <span class='ocrx_word' id='word_1_1002' title='bbox 3396 5652 3552 5697; x_wconf 74' lang='lat' dir='ltr'>Sam.</span> <span class='ocrx_word' id='word_1_1003' title='bbox 3578 5652 3670 5694; x_wconf 57' lang='grc' dir='ltr'>τῶν</span> 
     </span>
    </p>
   </div>
   <div class='ocr_carea' id='block_1_133' title="bbox 2087 5712 3670 5825">
    <p class='ocr_par' dir='ltr' id='par_1_133' title="bbox 2087 5712 3670 5825">
     <span class='ocr_line' id='line_1_134' title="bbox 2087 5712 3670 5825; baseline -0.002 -62"><span class='ocrx_word' id='word_1_1004' title='bbox 2087 5715 2307 5825; x_wconf 56' lang='grc' dir='ltr'>βασάνων</span> <span class='ocrx_word' id='word_1_1005' title='bbox 2327 5712 2586 5776; x_wconf 77' lang='grc' dir='ltr'>ὑπερορῶν,</span> <span class='ocrx_word' id='word_1_1006' title='bbox 2610 5716 2690 5762; x_wconf 84' lang='grc' dir='ltr'>καὶ</span> <span class='ocrx_word' id='word_1_1007' title='bbox 2708 5716 2803 5761; x_wconf 85' lang='grc' dir='ltr'>τῶν</span> <span class='ocrx_word' id='word_1_1008' title='bbox 2825 5713 3143 5774; x_wconf 84' lang='grc' dir='ltr'>μαστιζόντων</span> <span class='ocrx_word' id='word_1_1009' title='bbox 3164 5712 3481 5775; x_wconf 79' lang='grc' dir='ltr'>περιεγένετο.</span> <span class='ocrx_word' id='word_1_1010' title='bbox 3505 5712 3670 5760; x_wconf 66' lang='grc' dir='ltr'>οὕτως</span> 
     </span>
     <span class='ocr_line' id='line_1_135' title="bbox 2118 5776 2660 5825; baseline 0 -1"><span class='ocrx_word' id='word_1_1011' title='bbox 2118 5777 2223 5825; x_wconf 80' lang='grc' dir='ltr'>ὁγος</span> <span class='ocrx_word' id='word_1_1012' title='bbox 2245 5776 2392 5825; x_wconf 71' lang='grc' dir='ltr'>ἔργων</span> <span class='ocrx_word' id='word_1_1013' title='bbox 2413 5777 2660 5825; x_wconf 68' lang='grc' dir='ltr'>ἐκράτησε.</span> 
     </span>
    </p>
   </div>
   <div class='ocr_carea' id='block_1_134' title="bbox 2118 5776 2660 5839">
    <p class='ocr_par' dir='ltr' id='par_1_134' title="bbox 2118 5776 2660 5839">
     <span class='ocr_line' id='line_1_136' title="bbox 2118 5776 2660 5839; baseline -0.002 -15"><span class='ocrx_word' id='word_1_1014' title='bbox 2118 5777 2223 5837; x_wconf 83' lang='grc' dir='ltr'>ὁγος</span> <span class='ocrx_word' id='word_1_1015' title='bbox 2245 5776 2392 5839; x_wconf 75' lang='grc' dir='ltr'>ἔργων</span> <span class='ocrx_word' id='word_1_1016' title='bbox 2413 5777 2660 5837; x_wconf 72' lang='grc' dir='ltr'>ἐκράτησε.</span> 
     </span>
    </p>
   </div>
  </div>
