3860 6286
141 377 255 435 669

138 489 532 556 introducebat,
580 487 871 552 educebat,
925 484 1373 555 interrogationes
1428 481 1735 546 adhibebat,

138 584 295 639 mille
320 589 585 638 tormenta
613 579 977 643 minitabatur,
1003 576 1320 632 adulatoriis
1344 575 1521 631 verbis
1544 571 1745 629 allicie-

140 678 260 743 bat,
304 688 493 735 omnes
538 672 812 727 machinas
840 668 1180 734 admovebat,
1205 676 1263 725 et
1301 668 1575 723 immotum
1615 662 1743 720 illud

142 767 558 823 fundamentum
597 770 887 818 concutere
920 759 1224 827 nitebatur;
1253 774 1394 813 anno
1418 758 1627 827 integro
1651 770 1747 826 per

144 861 457 915 universam
483 857 632 911 illum
655 852 893 911 Ciliciam
921 850 1380 916 circutnducebat,
1426 848 1747 921 ignominia-

142 966 252 1018 que
283 947 592 1004 afficiebat:
618 945 727 1000 imo
751 957 899 1006 vero,
928 943 1068 1013 quod
1110 941 1333 996 minime
1371 938 1745 1004 arbitrabatur,

141 1040 497 1098 illustriorem
540 1037 798 1097 reddebat
841 1046 1167 1107 martyrem;
1222 1041 1424 1105 martyr
1469 1042 1646 1086 autem
1695 1039 1749 1087 et

143 1137 266 1206 ipse
298 1130 688 1191 vociferabatur
712 1128 1138 1197 concinebatqne
1162 1142 1284 1181 cum
1316 1126 1502 1190 Paulo,
1530 1124 1633 1178 Deo
1658 1141 1752 1177 an.

146 1240 252 1282 tem
298 1226 491 1299 gratias
530 1223 616 1295 qui
659 1222 936 1290 ttiuntpltat
987 1233 1078 1273 nos
1131 1220 1183 1273 in
1228 1218 1450 1282 Christo,
1477 1229 1523 1272 et
1547 1217 1751 1272 odorem

147 1319 350 1373 notities
377 1331 485 1372 sua:
522 1314 808 1386 manifestat
836 1329 924 1384 per
956 1328 1052 1367 nos
1078 1315 1133 1366 in
1156 1311 1292 1366 omni
1320 1312 1431 1365 loco
1450 1310 1525 1378 (2.
1549 1309 1666 1364 Cor.
1694 1307 1751 1362 Îž.

146 1410 270 1481 14).
317 1408 388 1466 Ut
427 1408 571 1465 enim
616 1414 964 1477 unguentum,
1007 1404 1267 1476 quamdiu
1314 1403 1529 1474 quidem
1568 1417 1675 1456 uno
1701 1402 1755 1455 in

152 1504 282 1559 loco
309 1502 470 1563 situm
498 1508 602 1566 est,
631 1499 804 1554 solum
837 1496 984 1552 illum
1013 1510 1194 1551 aerem
1217 1494 1380 1551 odore
1405 1494 1603 1558 inficit;
1633 1507 1755 1547 cum

152 1603 340 1651 autem
360 1591 414 1647 in
430 1591 593 1646 multa
609 1588 771 1647 fuerit
784 1587 899 1644 loca
916 1586 1242 1657 dispersum,
1262 1584 1441 1641 omnia
1458 1598 1553 1638 sua
1567 1582 1759 1637 virtute

154 1684 398 1754 complet
424 1700 440 1736 :
469 1682 541 1739 ita
570 1679 817 1737 nimirum
847 1687 903 1734 et
928 1678 981 1732 in
1008 1686 1247 1749 martyre
1277 1674 1489 1730 accidit.
1516 1671 1757 1728 Circum-

155 1776 422 1847 agebatur
445 1773 588 1831 enim
618 1781 731 1829 tum
761 1769 1017 1839 temporis
1048 1778 1105 1825 ut
1128 1767 1421 1827 inurendus
1445 1765 1757 1837 ignominia,

157 1866 263 1926 sed
286 1862 612 1923 contrarium
640 1861 951 1920 eveniebat:
976 1860 1235 1921 illustrior
1257 1859 1343 1914 illa
1372 1857 1763 1915 transvectione

160 1957 332 2015 fiebat
371 1955 607 2023 athleta,
648 1963 973 2024 cunctosque
1019 1953 1244 2010 Cilicum
1288 1952 1521 2024 regionis
1562 1951 1763 2007 incolas

160 2066 280 2109 suae
323 2049 529 2107 virtutis
577 2046 915 2105 :emulatores
973 2046 1249 2103 reddebat.
1299 2046 1764 2117 Circumagebatur

161 2154 598 2212 quoquoversus,
646 2148 705 2194 ut
728 2139 843 2208 ejus
871 2139 1169 2194 certamina
1201 2153 1304 2193 non
1330 2153 1395 2194 ex
1412 2128 1565 2192 "fama
1593 2137 1765 2195 solum

164 2232 465 2294 discerent,
492 2229 588 2286 sed
628 2237 685 2285 et
726 2228 899 2299 ipsum
931 2238 1238 2286 coronatum
1266 2229 1523 2284 victorem
1547 2237 1767 2284 contue-

166 2331 359 2378 rentur
383 2328 750 2391 spectatores;
781 2329 1091 2393 quantoque
1129 2321 1395 2391 longiores
1421 2319 1495 2374 illi
1519 2320 1769 2375 circuitus

165 2413 332 2471 stadii
358 2410 737 2480 curriculaque
762 2410 1045 2477 reddebat,
1072 2420 1219 2467 tanto
1241 2410 1557 2466 illustriores
1582 2424 1770 2466 cursus

166 2521 363 2565 omnes
391 2506 624 2563 fiebant:
662 2515 866 2573 quanto
897 2504 1101 2575 majora
1137 2505 1209 2558 illi
1252 2515 1544 2559 scammata
1575 2518 1772 2574 propo-

172 2600 360 2664 nebat,
393 2606 543 2655 tanto
567 2598 899 2655 mirabiliora
924 2598 1214 2654 certamina
1240 2596 1503 2653 efficiebat
1531 2612 1548 2652 :
1576 2606 1773 2668 quanto

167 2692 519 2748 afflictionem
548 2691 813 2762 temporis
834 2690 1182 2747 diuturnitate
1217 2690 1587 2761 protendebat,
1626 2698 1773 2743 tanto

172 2782 544 2859 probatiorem
565 2782 879 2853 patientiam
903 2781 1300 2851 ejusreddebat.
1324 2781 1456 2837 Nam
1483 2791 1538 2837 et
1562 2796 1772 2845 aurum,

172 2892 289 2947 quo
315 2872 517 2932 diutius
540 2890 667 2932 cum
694 2877 830 2948 ignis
858 2887 1043 2931 natura
1072 2886 1339 2945 versatur,
1363 2876 1545 2945 purius
1564 2873 1775 2930 evadit:

170 2965 635 3038 quemadmodum
659 2975 716 3027 et
759 2976 872 3022 tum
897 2966 1065 3023 sancti
1105 2967 1282 3020 anima
1309 2975 1549 3036 tempore
1572 2965 1776 3020 exami-

173 3066 308 3116 nata
359 3061 529 3131 magis
582 3058 900 3129 refulgebat,
952 3072 1052 3113 nec
1100 3057 1242 3112 aliud
1295 3057 1564 3128 quiddam,
1617 3071 1775 3127 quam

178 3161 445 3222 tropaeum
494 3150 755 3207 adversus
798 3150 1031 3219 seipsum
1073 3163 1139 3204 ac
1164 3148 1455 3214 diabolum,
1487 3159 1779 3221 martyrem

175 3242 634 3306 circumferebat,
678 3241 1006 3296 crudelitatis
1051 3241 1327 3311 gentilium
1372 3251 1778 3311 argumentum,

175 3336 611 3393 Christianorum
639 3335 852 3407 pietatis
878 3334 1152 3399 indicium,
1170 3333 1378 3388 virtutis
1399 3332 1594 3389 Christi
1616 3331 1784 3385 maxi-

182 3447 337 3487 mum
383 3431 615 3501 signum,
665 3429 1069 3485 incitamentum
1112 3436 1169 3483 et
1210 3427 1493 3483 consilium
1516 3424 1780 3493 fidelibus,

180 3532 247 3577 ut
271 3521 438 3577 alacri
465 3521 646 3575 animo
672 3519 729 3576 in
749 3518 935 3575 iisdem
949 3519 1328 3574 certaminibus
1354 3526 1780 3589 perseverarent,

180 3612 382 3667 divina:
397 3611 581 3682 gloria:
596 3609 1111 3681 prazconem,talium
1127 3609 1478 3666 certaminum
1490 3609 1784 3678 disciplina:

182 3704 524 3774 magistrum.
572 3702 809 3759 Cunctos
847 3702 993 3761 enim
1033 3701 1100 3758 ad
1144 3701 1494 3756 imitationem
1544 3701 1625 3755 sui
1674 3714 1783 3754 non

183 3809 325 3851 voce
352 3803 554 3849 tantum
584 3794 840 3859 suadens,
887 3791 984 3847 sed
1009 3791 1161 3847 factis
1191 3792 1319 3862 ipsis
1345 3792 1468 3847 tuba
1505 3790 1786 3846 clariorem

191 3888 419 3943 mittens
439 3902 648 3955 vocem,
672 3884 1074 3943 cohortabatur.
1110 3884 1175 3938 Et
1198 3882 1645 3953 quemadmodum
1669 3880 1787 3938 caeli

186 3995 303 4036 non
332 3980 525 4036 emissa
552 3995 684 4036 voce
713 3981 804 4034 Dei
832 3977 1058 4049 gloriam
1102 3985 1356 4031 enarrant
1392 3974 1562 4048 (Psat.
1594 3976 1681 4030 18.
1706 3974 1784 4044 1),

192 4074 292 4129 sed
320 4073 447 4128 dum
469 4083 717 4144 aspectus
739 4073 822 4127 sui
868 4070 1162 4142 splendore
1198 4076 1553 4149 spectatorem
1595 4067 1651 4122 in
1696 4066 1789 4122 ad-

190 4164 535 4221 mirationem
580 4163 870 4219 conditoris
926 4161 1215 4246 traducunt
1260 4177 1274 4213 :
1318 4158 1393 4213 ita
1440 4158 1689 4214 nimirum
1736 4165 1792 4212 ct

192 4265 404 4327 martyr
444 4257 533 4310 ille
564 4256 652 4310 Dei
683 4250 1065 4325 gloriamâ€™tune
1089 4250 1390 4317 enarrabat,
1431 4262 1553 4304 cum
1600 4247 1789 4303 cuium

195 4357 344 4403 esset
369 4348 484 4417 ipse
510 4362 723 4416 quoque
748 4345 914 4402 multo
941 4346 1047 4399 isto
1075 4341 1323 4407 lucidius,
1354 4339 1496 4410 quod
1522 4339 1785 4395 videmus.

195 4438 317 4493 Non
370 4437 514 4492 enim
564 4437 635 4491 ita
683 4436 870 4490 ctelum
919 4446 1189 4492 astrorum
1250 4430 1405 4487 chori
1453 4429 1791 4500 splendidum

198 4533 460 4597 reddunt,
504 4539 561 4586 ut
603 4529 852 4601 martyris
894 4540 1094 4597 corpus
1135 4522 1465 4595 splendidius
1510 4521 1791 4577 vulnerum

195 4625 380 4680 sanies
404 4621 651 4678 reddidit.
681 4623 855 4691 Atque
874 4629 932 4674 ut
951 4617 1203 4689 martyris
1225 4617 1445 4671 vulnera
1466 4613 1598 4671 caelo
1619 4613 1795 4669 infixis

198 4718 365 4771 astris
390 4696 750 4785 splendidiora
777 4727 897 4768 esse
920 4711 1160 4774 discatis,
1185 4707 1464 4763 advertite.

276 4806 543 4861 Damone:
571 4804 857 4875 Martyrum
893 4800 1129 4871 sepulcra
1154 4799 1540 4869 {ormidaut.â€”
1558 4797 1637 4853 Ad
1669 4797 1794 4853 illud

199 4899 419 4972 quidem
466 4898 656 4953 caelum
704 4912 768 4952 ac
808 4896 990 4951 stellas
1033 4910 1152 4950 cum
1196 4892 1444 4949 homines
1484 4891 1792 4961 respiciunt,

201 5004 317 5049 tum
344 4990 654 5055 drcmones;
686 4987 783 5043 sed
824 4986 893 5042 ad
921 4987 1081 5055 huius
1099 4987 1262 5040 etiam
1307 4983 1524 5038 vulnera
1553 4983 1798 5038 homines

200 5082 421 5154 quidem
469 5080 759 5150 respiciunt
804 5068 1021 5143 fideles,
1066 5078 1342 5132 d.unones
1391 5082 1569 5130 autem
1618 5074 1799 5130 oculos

202 5184 395 5232 contra
422 5187 525 5227 non
566 5170 763 5225 audent
802 5170 1072 5235 attollere;
1122 5171 1249 5239 quin
1281 5167 1442 5223 etiam
1483 5166 1529 5221 si
1557 5172 1801 5235 spectare

205 5277 492 5332 conentur,
523 5266 776 5322 continuo
818 5264 1107 5320 luminibus
1135 5262 1416 5325 orbantur,
1442 5274 1544 5316 nec
1581 5268 1802 5329 possunt

204 5357 697 5429 exsilientetnjnde
728 5356 982 5426 fulgorem
1011 5355 1293 5411 sustinere.
1323 5351 1440 5409 Hoc
1466 5365 1565 5422 ego
1593 5367 1697 5406 non
1737 5361 1803 5407 ex

209 5453 273 5506 iis
304 5458 511 5505 tantum
537 5463 658 5518 qua:
686 5448 813 5501 olim
833 5446 1162 5511 acciderunt,
1180 5445 1274 5501 sed
1301 5460 1366 5500 ex
1393 5443 1461 5499 iis
1481 5442 1663 5507 etiam,
1686 5457 1806 5512 qua:

210 5539 480 5610 hodieque
521 5538 672 5604 fiunt,
719 5535 1098 5606 comprobabo.
1137 5534 1302 5590 Sume
1327 5536 1472 5590 enim
1501 5532 1804 5603 quempiam

211 5647 242 5687 a
273 5633 519 5686 da-mone
558 5640 861 5698 correptum
904 5642 968 5683 ac
1013 5626 1299 5694 furentem,
1348 5635 1402 5682 et
1446 5624 1516 5680 ad
1561 5634 1804 5679 sanetum

213 5724 345 5780 illud
388 5722 690 5793 sepulcrum
735 5720 929 5787 deduc,
960 5735 1067 5790 quo
1094 5732 1334 5789 renqutte
1360 5717 1614 5789 martyris
1637 5717 1809 5771 conti-

213 5825 433 5885 nentur,
460 5822 572 5870 tum
600 5813 926 5869 resilientem
965 5812 1122 5883 plane
1148 5815 1623 5897 atqneâ€™fugientcm
1657 5812 1805 5867 vide-

1266 338 1334 423 Î¹Ï‰
1369 369 1425 423 s.
1469 360 1812 421 mutavit
1851 361 2257 424 MARTYREM.

3000 266 3015 307 \

3326 376 3432 435 (Î ÎŸ

1849 481 1949 536 bis.
2007 483 2079 541 Ut
2126 486 2269 541 enim
2314 486 2359 542 si
2406 500 2504 558 per
2550 503 2749 559 prunas
2793 489 3098 548 incessuras
3151 503 3313 561 esset,
3356 497 3438 551 sic

1847 576 1921 632 ab
1945 576 2063 647 ipso
2103 578 2367 635 vestibulo
2393 580 2573 637 statim
2599 583 2794 651 exsilit,
2825 594 2878 640 et
2917 601 2985 641 ne
3013 587 3196 642 oculos
3219 589 3434 658 quidem

1849 666 2103 724 adversus
2132 668 2300 740 ipsam
2329 670 2534 728 thecam
2563 674 2723 729 audet
2751 677 3017 732 attollere.
3048 676 3198 745 Quod
3221 680 3265 735 si
3297 695 3438 738 nunc

1852 766 2000 814 tanto
2043 769 2163 829 post
2205 771 2465 832 tempore,
2514 778 2636 819 cum
2683 766 2856 837 pulvis
2885 776 2937 823 et
2974 768 3108 826 cinis
3133 780 3214 826 est
3243 771 3435 834 factus.

1852 850 2123 920 suspicere
2167 853 2219 906 in
2255 866 2657 912 monumentum
2693 873 2799 913 non
2838 860 3055 925 audent,
3084 876 3184 917 nec
3213 863 3266 918 in
3297 864 3435 919 nuda

1855 943 2023 997 sancti
2068 957 2210 1009 ossa,
2248 945 2469 1002 minimc
2505 947 2724 1004 dubium
2763 959 2867 1017 est,
2904 952 3031 1022 quin
3058 961 3169 1008 tum
3205 971 3438 1026 quoque,

1854 1045 1974 1085 cum
2003 1031 2154 1087 illum
2179 1035 2436 1104 sanguine
2461 1048 2805 1107 purpuratum
2840 1042 3108 1111 videbant,
3136 1045 3442 1100 vulneribus

1857 1123 2090 1193 undique
2134 1125 2364 1197 amplius
2416 1142 2575 1197 quam
2635 1131 2803 1185 solem
2847 1132 3012 1189 radiis
3050 1134 3398 1207 refulgentem
3426 1179 3444 1205 ,

1858 1215 2087 1283 perculsi
2109 1215 2329 1285 fuerint,
2357 1227 2413 1273 et
2432 1220 2599 1275 oculis
2627 1221 2738 1276 ltesi
2763 1226 3102 1281 recesserint.
3194 1203 3213 1207 v
3373 1203 3385 1218 '

1929 1307 1983 1361 5.
2019 1307 2177 1364 Vides
2221 1319 2279 1365 ut
2323 1314 2483 1367 astris
2520 1313 2821 1372 czelestibus
2865 1327 3156 1391 martyrum
3216 1323 3459 1383 vulnera,

1860 1400 2215 1468 splendidiora
2234 1403 2414 1461 sintac
2438 1405 2783 1475 mirabiliora,
2804 1410 3097 1482 majorique
3120 1416 3313 1473 virtute
3328 1418 3444 1486 pol-

1865 1489 2045 1545 leant?
2070 1492 2295 1549 Sanctus
2337 1495 2516 1566 itaque
2554 1497 2608 1551 in
2662 1499 2894 1554 medium
2936 1504 3345 1573 producebatur,
3391 1520 3445 1564 et

1862 1583 2053 1637 acerba
2068 1585 2299 1654 undique
2319 1587 2575 1656 supplicia
2591 1590 3029 1655 circumstabant,
3051 1606 3223 1652 metus
3240 1600 3444 1653 futuro-

1866 1688 2007 1738 rum,
2022 1674 2173 1729 labor
2190 1678 2553 1746 praesentium,
2572 1679 2726 1737 dolor
2740 1682 3117 1754 ingruentium,
3132 1703 3316 1744 eorum
3332 1707 3448 1759 qum

1865 1766 2310 1836 exspectabantur
2325 1769 2555 1828 formido
2584 1791 2597 1826 :
2619 1782 2885 1846 tamquam
2909 1779 3051 1833 enim
3076 1780 3265 1837 bellum
3296 1801 3446 1854 qum-

1867 1857 1988 1912 dam
2030 1859 2292 1917 immanes
2318 1864 2594 1920 carnifices
2620 1881 2815 1938 corpus
2848 1870 2964 1940 ejus
3010 1873 3453 1932 circumsidentes

1869 1950 2034 2007 latera
2060 1952 2403 2024 effodiebam,
2435 1971 2651 2013 carnem
2679 1960 3027 2029 deradebant,
3058 1980 3181 2021 ossa
3209 1966 3451 2023 denuda-

1868 2044 2018 2113 bant,
2036 2047 2237 2102 viscera
2260 2048 2372 2119 ipsa
2395 2049 2648 2106 interiora
2675 2054 3051 2122 pervadebant.
3071 2058 3315 2113 Attamen
3332 2074 3451 2113 cum

1871 2148 2060 2192 cuncta
2094 2141 2529 2213 pervestigarent,
2565 2143 2870 2200 thesaurum
2898 2147 3022 2205 fidei
3039 2149 3333 2220 depraadari
3355 2154 3454 2205 mi-

1874 2229 2017 2282 nime
2037 2230 2337 2286 valuerunt.
2381 2233 2667 2290 Enimvero
2697 2236 2749 2290 in
2778 2253 2961 2309 regum
2991 2242 3195 2296 terariis
3215 2283 3229 2306 ,
3253 2243 3342 2298 ubi
3359 2258 3456 2297 au-

1874 2335 1993 2375 rum
2022 2320 2243 2392 aliaeque
2268 2322 2499 2394 copiosa:
2527 2336 2651 2380 sunt
2679 2342 2808 2397 opes
2832 2330 3138 2399 reconditae,
3160 2332 3205 2386 si
3225 2334 3455 2403 parietes

1874 2413 2044 2467 solum
2061 2411 2375 2482 perfoderis,
2398 2415 2443 2483 si
2463 2415 2603 2471 fores
2617 2423 2957 2488 reseraveris,
2974 2423 3228 2479 continuo
3245 2424 3457 2481 thesau-

1875 2520 1995 2559 rum
2030 2504 2295 2575 objectum
2316 2506 2500 2573 vides;
2529 2516 2585 2562 at
2612 2508 2697 2578 hic
2731 2511 2786 2565 in
2822 2521 3008 2568 sancto
3035 2513 3137 2569 isto
3157 2514 3458 2571 Christum-

1877 2611 1979 2665 que
2003 2597 2293 2683 continenti
2346 2600 2547 2669 templo
2574 2604 2896 2659 contrarium
2936 2606 3231 2662 accidebat.
3268 2608 3457 2665 Perfo-

1878 2687 2096 2753 djebant
2138 2704 2320 2745 muros
2339 2691 2650 2759 carnifices,
2681 2705 3000 2764 pectoraque
3029 2697 3461 2770 disrumpebant,

1879 2787 1934 2833 et
1954 2779 2254 2836 reconditas
2298 2795 2429 2851 opes
2456 2799 2553 2839 nec
2583 2785 2911 2855 cernebant,
2950 2803 3049 2845 nec
3089 2805 3280 2862 rapere
3310 2801 3462 2863 pote-

1880 2879 2041 2937 rant;
2066 2873 2159 2927 sed
2198 2873 2340 2943 quod
2366 2876 2543 2931 evenit
2570 2875 2894 2947 Sodomitis,
2929 2890 2987 2936 ut
3026 2880 3093 2937 ad
3141 2882 3331 2940 domus
3362 2885 3463 2941 Lot

1876 2961 2093 3032 januam
2133 2966 2348 3036 quidem
2397 2969 2562 3039 ipsam
2591 2981 2796 3026 starent
2817 3012 2833 3040 ,
2864 2972 3065 3029 aditum
3092 2991 3221 3032 vero
3243 2993 3348 3033 non
3394 2979 3466 3033 itt-

1882 3056 2125 3110 venirent
2169 3055 2322 3128 (Gen.
2355 3059 2436 3114 19.
2468 3059 2557 3115 10.
2600 3077 2707 3131 sqq.
2741 3060 2760 3130 )
2796 3061 2916 3117 :sic
2956 3063 3206 3119 nimirum
3246 3075 3302 3122 et
3343 3067 3462 3135 isti,

1884 3161 2004 3200 cum
2030 3160 2223 3217 corpus
2267 3151 2515 3220 martyris
2546 3150 2885 3222 undiquaqne
2928 3163 3314 3223 scrutarentur,
3344 3158 3464 3214 the-

1884 3254 2100 3294 saurum
2124 3249 2296 3311 tamen
2342 3240 2743 3311 deprehendere
2773 3243 3002 3314 fideique
3026 3245 3239 3301 divitias
3264 3249 3466 3304 exhau-

1886 3330 1995 3383 rire
2017 3344 2120 3384 non
2144 3330 2411 3385 valebant.
2441 3330 2586 3386 Talia
2608 3342 2732 3387 sunt
2759 3333 2952 3390 animae
2989 3345 3296 3393 sanctorum
3322 3349 3468 3395 recte

1887 3423 2022 3476 facta
2046 3462 2061 3489 ,
2088 3437 2206 3493 qum
2244 3438 2345 3478 nec
2369 3424 2566 3479 auferri
2595 3416 2693 3479 nec
2721 3425 2856 3483 vinci
2887 3440 3140 3499 possunt,
3169 3430 3221 3485 in
3270 3433 3463 3486 anima:
3498 3468 3503 3473 Î±

1888 3514 2198 3570 fortitudine
2249 3525 2515 3586 tamquam
2555 3517 2605 3571 in
2638 3519 2789 3591 asylo
2820 3520 3050 3589 quodam
3085 3530 3140 3576 et
3164 3536 3320 3577 sacro
3348 3524 3468 3579 loco

1889 3607 2162 3663 recondita
2184 3649 2200 3675 ,
2225 3616 2282 3663 Î¹Î¹Î¹
2312 3623 2409 3662 nec
2446 3609 2585 3663 oculi
2613 3620 2956 3682 tyrannorum
2982 3627 3044 3685 ea
3082 3625 3342 3682 cernant,
3374 3632 3473 3671 nec

1892 3712 2082 3752 manus
2124 3698 2429 3754 carnificum
2481 3716 2670 3770 rapere
2727 3704 2965 3771 possint;
3010 3704 3103 3758 sed
3146 3705 3270 3759 licet
3296 3706 3467 3777 ipsum

1893 3804 1988 3844 cor
2008 3790 2295 3857 dissecent,
2322 3792 2411 3845 cui
2440 3792 2703 3860 prmcipue
2738 3793 2938 3847 credita
2983 3801 3065 3848 est
3102 3796 3293 3850 anima:
3319 3796 3475 3851 forti-
3542 3828 3561 3839 Îº

1894 3882 2043 3949 tudo,
2073 3883 2196 3938 licet
2223 3883 2275 3936 in
2306 3884 2503 3937 minuta
2541 3884 2705 3938 frusta
2729 3884 3028 3951 concidant,
3052 3900 3121 3940 ne
3155 3887 3233 3941 sic
3255 3888 3469 3957 quidem

1893 3987 2024 4043 opes
2072 3973 2412 4039 exhauriunt,
2439 3972 2533 4027 sed
2572 3988 2664 4028 cas
2713 3975 2998 4043 ampliores
3026 3975 3185 4030 etiam
3222 3976 3476 4033 reddunt.

1895 4065 2064 4135 llujus
2082 4064 2159 4121 rei
2180 4079 2339 4120 causa
2373 4065 2513 4120 Deus
2533 4076 2637 4130 est,
2665 4066 2754 4136 qui
2780 4067 2993 4122 animas
3026 4066 3159 4123 tales
3184 4067 3475 4135 inhabitat;

1895 4160 1984 4231 qui
2006 4176 2134 4217 vero
2155 4144 2265 4215 Î¸á½³Î¿
2291 4160 2488 4215 bellum
2522 4160 2731 4226 inferat,
2761 4161 2879 4217 fieri
2904 4164 3087 4232 nequit
3112 4178 3385 4232 umquam,
3418 4173 3478 4217 ut

1896 4252 2068 4308 victor
2079 4250 2285 4315 evadat,
2313 4250 2404 4306 sed
2422 4266 2641 4307 necesse
2655 4260 2758 4319 est,
2773 4262 2829 4306 ut
2842 4251 3071 4309 ludibrio
3092 4253 3304 4308 habitus
3322 4255 3481 4326 turpi-

1900 4353 2084 4415 terque
2128 4353 2406 4413 superatus
2454 4343 2724 4398 abscedat.
2765 4343 3056 4414 Propterea
3099 4353 3210 4399 tum
3263 4361 3476 4415 quoque
3570 4392 3577 4397 Î¹

1898 4447 2116 4502 contra,
2143 4452 2301 4507 quam
2334 4452 2432 4490 usu
2471 4437 2655 4490 venire
2700 4435 2904 4501 soleat,
2929 4435 3203 4492 accidebat
3233 4453 3247 4491 :
3281 4436 3476 4506 ubique

1900 4528 2159 4598 siquidem
2177 4543 2209 4583 a
2240 4529 2391 4582 factis
2421 4529 2578 4582 verba
2607 4536 2945 4596 superantur,
2972 4537 3086 4582 tum
3113 4543 3241 4584 vero
3268 4542 3477 4583 sermoâ€”-

1902 4634 1998 4674 nes
2025 4619 2324 4674 actionibus
2350 4618 2749 4689 prrevalebant:
2781 4617 3088 4688 quomodo?
3109 4616 3482 4673 Admovebant

1904 4713 2077 4784 ignem
2110 4712 2181 4767 illi
2208 4721 2262 4767 et
2278 4712 2475 4767 ferrum
2502 4719 2556 4767 et
2576 4719 2859 4776 tormenta;
2889 4708 3244 4766 admovebant
3275 4724 3486 4779 punias,

1903 4806 2156 4877 supplicia
2176 4848 2190 4873 ,
2216 4804 2458 4877 ï¬‚agella;
2495 4802 2863 4874 perfodiebant
2884 4802 3155 4873 undiqueâ€˜
3187 4803 3354 4859 latera
3387 4820 3403 4858 :
3437 4818 3494 4857 et

1904 4899 1994 4968 qtti
2040 4899 2339 4969 patiebatur
2385 4895 2806 4966 inexpugnabilis
2855 4895 3136 4959 manebat;
3174 4895 3494 4966 loquebatur

1907 4989 1998 5043 ille
2020 4998 2245 5054 tantum,
2282 4987 2685 5057 simpliccntque
2716 5000 2899 5040 vocem
2925 4986 3222 5051 emittebat,
3241 4995 3295 5040 et
3321 4998 3491 5055 Opera

1907 5097 2085 5137 sermo
2132 5082 2445 5135 vincebatâ€™.
2490 5078 2788 5134 Exsiliebat
2837 5094 2901 5133 ex
2947 5077 3197 5148 martyris
3236 5090 3330 5130 ore
3380 5090 3486 5128 vox

1907 5183 2109 5235 sancta,
2138 5172 2403 5241 simulque
2436 5186 2560 5225 cum
2587 5171 2698 5240 ipsa
2729 5172 2910 5225 lumen
2939 5170 3092 5223 radio
3116 5168 3277 5221 solari
3309 5167 3486 5236 splen-

1910 5266 2085 5319 didius
2113 5264 2439 5319 eliciebatur.
2470 5264 2638 5333 llujus
2665 5273 2867 5318 tantum
2891 5271 2973 5317 est
2998 5263 3196 5324 lumen,
3228 5269 3487 5328 quantum

1912 5359 2051 5414 inter
2085 5357 2275 5411 cmlutn
2315 5365 2371 5411 et
2411 5368 2605 5411 terram
2652 5355 2932 5423 interjacet
2977 5351 3343 5417 intervallum;
3384 5352 3494 5404 imo

1912 5466 2043 5505 vero
2086 5465 2154 5505 ne
2193 5449 2296 5504 hoc
2333 5448 2549 5519 quidem
2572 5448 2835 5518 integrum
2864 5455 3037 5516 potest
3065 5442 3390 5514 pervadere,
3422 5443 3495 5496 si-

1979 5633 1998 5665 Î¹
2030 5631 2114 5680 Hic
2136 5637 2188 5681 et
2209 5629 2332 5681 infra
2364 5631 2414 5680 in
2438 5628 2601 5680 Morel.
2625 5626 2845 5691 quaedam
2879 5625 3104 5684 deerant,
3135 5636 3244 5688 qua:
3265 5634 3327 5671 ex
3351 5619 3487 5672 Savil.

1916 5702 1969 5746 et
1993 5707 2055 5743 ex
2076 5692 2546 5756 Mss.s_upplentur._
2619 5752 2629 5756 _
2760 5751 2770 5756 _
2837 5748 2847 5756 _
2921 5749 2932 5756 _
3066 5754 3076 5756 á¾¼
3251 5752 3259 5756 ,
3355 5744 3364 5756 .
3457 5743 3467 5753 .

1980 5760 2000 5789 Â³
2035 5762 2083 5804 Î¹Î¹Î¹
2118 5744 2407 5810 8Ï„Î¹Î³á¿1.á¼°á¼’Î¿Î´Î¹,
2453 5752 2707 5808 attinebat,
2732 5751 2801 5799 sic
2836 5748 3034 5810 legitur,
3058 5752 3292 5796 lamenta
3332 5744 3489 5807 despi-

1980 5770 2000 5789 Â³
2035 5770 2083 5804 In
2118 5770 2256 5804 5am.
2306 5770 2407 5809 tOSt,
2453 5770 2707 5808 mmuwm,
2732 5770 2801 5799 Î´Î¹Îµ
2836 5770 3034 5810 tegitur,
3058 5770 3120 5796 un
3135 5770 3292 5796 meum
3332 5770 3401 5793 ue.-

1917 5819 2046 5870 ciens
2060 5824 2119 5878 ,et
2137 5770 2430 5881 lktgeduntcs
2448 5815 2702 5879 superavit.
2729 5813 2802 5863 sic
2822 5824 2967 5874 opera
2991 5823 3147 5858 sermo
3170 5810 3401 5859 erucem.
