3800 6282
367 299 461 356 671

369 416 582 485 quando
632 422 828 467 tectum
854 450 868 474 ,
910 407 991 461 vel
1034 417 1251 466 murus,
1298 400 1379 455 vel
1431 396 1632 460 nubes,
1668 394 1753 447 vel
1804 388 1948 444 aliud

372 505 640 579 quoddam
670 516 862 573 corpus
891 492 1286 556 intercesserit,
1313 488 1406 544 sed
1431 485 1720 542 obstruitur
1748 495 1814 535 ac
1841 479 1955 534 dis-

375 576 608 653 cluditur
656 595 820 662 septis
862 585 1141 659 ejusmodi,
1174 598 1241 637 ne
1286 579 1507 635 ulterius
1538 576 1740 632 feratur
1782 589 1796 625 :
1853 584 1953 623 vox

377 700 554 743 autem
599 682 849 754 martyris
897 695 961 734 ex
1005 678 1092 731 illa
1130 683 1322 729 sancta
1371 673 1548 741 lingua
1593 665 1874 739 prosiliens
1903 663 1956 716 in

378 782 564 835 caelum
616 775 863 830 subsiliil.
895 773 1248 826 Prmtervecta
1281 773 1364 821 est
1406 763 1594 816 caelum
1636 755 1960 822 creti;vidc—

379 883 626 929 runteam
646 867 840 938 angeli,
860 866 1081 934 locoque
1102 867 1400 923 cesserunt,
1414 852 1735 923 archangeli,
1756 859 1808 904 et
1822 849 1959 901 viam

376 967 659 1028 dederunt;
688 959 973 1016 Cherubim
1002 965 1055 1011 et
1097 954 1216 1008 alim
1258 952 1486 1005 virtutes
1533 960 1744 1001 sursum
1790 942 1959 1009 ipsam

379 1059 740 1119 deduxerunt;
770 1066 871 1107 nec
900 1050 1047 1119 prius
1071 1051 1430 1106 recesserunt,
1474 1053 1631 1109 quam
1664 1034 1730 1089 ad
1784 1033 1958 1103 ipsum

382 1151 629 1203 thronum
673 1144 878 1214 regium
930 1138 1295 1193 adduxissent.

454 1239 595 1294 Mors
647 1245 927 1304 martyrum
959 1240 1029 1283 est
1074 1226 1303 1280 victoria.
1338 1221 1400 1277 S.
1434 1218 1676 1273 Julianus
1724 1216 1776 1268 in
1827 1227 1968 1266 mare

384 1332 656 1402 projectus.
690 1356 759 1366 —-
787 1324 917 1379 Post
959 1320 1101 1374 hanc
1129 1324 1307 1371 autem
1357 1328 1540 1367 vocem
1594 1326 1714 1364 cum
1746 1305 1965 1360 vidisset

385 1425 449 1489 is,
481 1422 571 1493 qui
618 1428 727 1471 tum
754 1414 1011 1486 judicium
1039 1406 1355 1470 exercebat,
1386 1418 1444 1457 sc
1470 1411 1672 1456 temere
1695 1405 1883 1452 cuncta
1917 1402 1970 1449 et

386 1516 652 1569 incassum
683 1524 802 1564 esse
847 1504 1204 1559 machinatum
1228 1541 1242 1564 ,
1268 1512 1432 1567 seque
1472 1503 1656 1548 contra
1695 1490 1968 1545 stimulum

387 1603 699 1665 calcitrare,
731 1607 892 1667 atque
941 1594 1273 1648 adamantcm
1304 1592 1581 1657 percutere
1605 1624 1620 1648 ,
1648 1579 1772 1651 quid
1807 1576 1971 1631 facit?

390 1699 466 1752 Eo
506 1694 673 1749 tendit
700 1691 985 1757 deinceps,
1015 1693 1072 1739 ut
1102 1683 1267 1736 victas
1309 1691 1500 1732 manus
1547 1673 1677 1727 dare
1705 1671 1968 1734 videatur,

389 1799 443 1846 et
477 1794 767 1856 martyrem
797 1796 864 1835 ex
896 1779 995 1832 hac
1021 1776 1125 1830 vita
1157 1771 1406 1830 subducit
1435 1786 1449 1823 :
1489 1782 1631 1823 mors
1661 1764 1803 1818 enim
1835 1777 1976 1815 mar-

392 1894 562 1954 tyrum
588 1892 771 1933 eorum
799 1917 813 1942 ,
841 1873 926 1943 qui
956 1871 1099 1941 ipsos
1127 1873 1383 1928 enecant,
1416 1871 1498 1917 est
1527 1870 1707 1929 aperta
1757 1854 1972 1917 clades;

391 1987 576 2027 eormn
609 1978 784 2023 autem
807 2007 822 2032 ,
848 1964 937 2034 qui
966 1968 1243 2023 necantur,
1273 1956 1415 2010 clara
1460 1950 1702 2005 victoria.
1743 1947 1825 2001 Tu
1850 1959 1977 1999 vero

392 2065 517 2119 mihi
536 2060 835 2121 considera,
851 2070 954 2126 quo
973 2064 1125 2124 pacto
1149 2062 1348 2103 smvmn
1375 2041 1638 2115 quoddam
1654 2048 1706 2093 ct
1726 2036 1977 2092 acerbum

390 2170 556 2225 genus
578 2150 767 2205 mortis
788 2150 903 2216 ejus
923 2140 1304 2212 excogitaverit
1326 2180 1341 2204 ,
1374 2133 1514 2206 quod
1547 2140 1601 2187 et
1623 2128 1834 2201 tyranni
1860 2142 1981 2181 cru-

393 2249 664 2305 delitatem
693 2254 748 2300 et
775 2240 1024 2311 martyris
1054 2233 1416 2291 fortitudinem
1456 2227 1823 2282 demonstrare
1853 2235 1981 2290 pos-

397 2348 499 2394 set.
543 2334 823 2402 Quodnam
870 2329 1028 2398 igitur
1076 2323 1204 2378 illud
1258 2318 1506 2389 supplicii
1551 2314 1756 2386 genus?
1802 2311 1980 2366 Allato

398 2447 586 2497 sacco,
610 2437 666 2483 ct
706 2440 865 2481 arena
895 2421 1194 2489 completo,
1224 2429 1344 2469 cum
1381 2413 1433 2466 in
1472 2421 1592 2464 eum
1637 2407 1947 2475 scorpiones
1967 2442 1981 2466 ,

398 2526 608 2593 viperas
651 2529 703 2574 et
731 2518 991 2572 dracones
1020 2509 1290 2581 injecisset
1313 2547 1327 2572 ,
1359 2519 1481 2558 cum
1513 2501 1617 2556 illis
1658 2508 1714 2555 et
1734 2507 1977 2552 sanctum

402 2616 603 2686 injecit,
628 2620 679 2666 et
705 2610 757 2663 in
786 2622 931 2662 mare
956 2601 1188 2658 demisit.
1214 2599 1342 2653 Erat
1367 2608 1495 2665 ergo
1520 2602 1722 2662 martyr
1750 2604 1869 2643 cum
1897 2585 1989 2641 be-

403 2680 521 2763 stiis
547 2715 617 2771 ,ct
643 2714 827 2757 rursus
851 2713 971 2752 cum
1005 2692 1191 2749 bestiis
1229 2687 1511 2746 conclusus
1540 2692 1655 2738 erat
1681 2680 1947 2748 virjustus
1972 2693 1986 2729 :

405 2812 590 2853 rursus
616 2802 791 2847 autem
822 2788 949 2853 dixi,
976 2793 1031 2839 ut
1059 2791 1291 2837 veterem
1309 2778 1459 2833 vobis
1484 2776 1535 2829 in
1564 2771 1873 2827 memoriam
1901 2783 1990 2823 re—

407 2901 650 2943 vocarcm
677 2882 745 2939 de
792 2878 1007 2934 Daniele
1026 2872 1406 2929 narrationem.
1431 2867 1583 2922 Illum
1602 2863 1814 2935 quidem
1838 2860 1890 2914 in
1915 2861 1994 2915 la-

405 2995 524 3033 cum
544 2976 888 3034 incluserunt,
908 2969 1043 3021 hunc
1057 2973 1232 3019 autem
1253 2963 1303 3016 in
1334 2974 1543 3015 saccum
1564 2956 1894 3027 injecerunt:
1919 2951 1993 3006 illi

411 3060 516 3126 tum
542 3065 769 3137 lapidem
798 3063 1186 3139 imposuerunt,
1219 3054 1305 3108 hic
1329 3066 1540 3107 saccum
1573 3048 1804 3111 consuit,
1834 3054 1890 3099 et
1910 3044 1994 3115 ju—

409 3172 488 3217 sto
509 3174 776 3216 carcerem
800 3154 1157 3225 angustiorem
1174 3147 1371 3203 elTecit.
1388 3147 1456 3200 At
1472 3143 1665 3212 ubique
1688 3148 1993 3195 sanctorum

408 3270 630 3325 corpora
673 3251 858 3307 bestiae
891 3255 1222 3307 reverentur,
1255 3242 1306 3295 in
1338 3255 1521 3295 eorum
1552 3236 1897 3308 ignominiam
1945 3241 2000 3288 et

410 3345 927 3407 condcn‘inationem,
958 3339 1188 3407 quicum
1222 3333 1429 3387 ratione
1477 3330 1582 3383 sint
1612 3327 1782 3383 ornati
1829 3335 1883 3379 et
1911 3328 2001 3377 hu-

413 3453 584 3494 manae
601 3445 803 3489 natura:
825 3430 1125 3486 conditione
1147 3426 1288 3497 digni
1308 3422 1492 3484 habiti,
1516 3422 1775 3475 feritatem
1791 3419 1998 3472 illarum

414 3543 618 3585 summa
637 3540 730 3580 sua
754 3523 1076 3578 immanitate
1102 3525 1353 3587 superant
1373 3532 1383 3566 :
1405 3512 1612 3582 qualetn
1631 3510 1772 3563 hunc
1792 3521 2002 3576 quoque

417 3632 695 3694 tyrannum
719 3616 884 3670 fuisse
911 3611 1175 3681 conjicere
1203 3619 1503 3677 possumus.
1525 3600 1722 3679 Videre
1751 3607 1864 3652 crat
1890 3606 2003 3649 stu-

418 3711 647 3782 pendum
677 3704 987 3761 miraculum
1013 3743 1028 3771 ,
1063 3714 1162 3755 nec
1193 3713 1258 3752 eo
1286 3695 1459 3749 minus
1486 3732 1501 3758 ,
1534 3689 1673 3761 quod
1707 3689 1758 3742 in
1788 3686 2004 3742 Daniele

416 3779 655 3875 contigit.
705 3800 837 3856 Nam
887 3798 1023 3852 sicut
1069 3807 1190 3848 cum
1242 3797 1360 3859 post
1411 3786 1605 3841 multos
1659 3783 1775 3837 dies
1810 3795 1840 3835 e
1888 3779 2004 3833 lacu

419 3872 630 3951 leonum
660 3889 1033 3946 ascendentem
1061 3884 1205 3939 illum
1238 3879 1513 3943 vidissent,
1540 3886 1651 3929 tum
1682 3872 1857 3927 mirati
1884 3878 2009 3925 sunt

420 3986 691 4060 Babylonii
745 3981 905 4053 (Dan.
936 3981 994 4049 7)
1027 3977 1144 4032 :sic
1196 3982 1249 4029 et
1287 3972 1519 4026 animam
1563 3964 1778 4027 Juliani,
1810 3978 1932 4017 cum
1976 3975 2008 4016 e

421 4056 574 4135 sacco
598 4086 652 4133 et
682 4074 924 4129 lluctibus
945 4067 1316 4125 ascendentem
1340 4063 1392 4117 in
1426 4061 1611 4116 caelum
1641 4056 1881 4111 viderent
1909 4068 2005 4106 an-

422 4174 557 4246 geli,
589 4171 762 4226 mirati
803 4174 944 4222 sunt.
980 4160 1162 4217 Daniel
1195 4159 1347 4212 binos
1386 4156 1568 4210 leones
1612 4148 1820 4218 subegit
1847 4160 1907 4200 ac
1934 4144 2010 4197 vit

422 4267 514 4330 cit,
538 4263 628 4319 sed
657 4258 932 4316 seusihiles
955 4274 968 4309 :
993 4254 1080 4308 hic
1104 4252 1313 4306 leonem
1342 4262 1501 4301 unum
1523 4285 1535 4306 ,
1563 4242 1655 4297 sed
1683 4237 2008 4310 spiritualem

425 4357 636 4426 subegit
670 4368 732 4406 ac
761 4351 907 4404 vicit.
939 4345 1118 4401 llostis
1146 4344 1341 4413 quippe
1382 4347 1563 4392 noster
1591 4334 1834 4389 diabolus
1870 4339 2010 4389 tam-

427 4462 586 4518 quam
616 4446 698 4499 leo
723 4441 935 4511 rugiens
961 4434 1186 4499 circuit,
1214 4443 1458 4502 qua-rens
1499 4441 1655 4496 quem
1687 4424 1900 4478 devoret
1935 4419 2009 4491 (l.

431 4540 543 4594 l’cl.
576 4537 627 4593 ὕ.
653 4535 708 4603 8)
737 4551 751 4587 :
787 4540 839 4585 at
870 4525 1175 4583 fortitudine
1205 4520 1453 4590 martyris
1482 4524 1760 4585 superatus
1779 4522 1861 4567 cst
1880 4555 1894 4577 ,
1918 4527 2013 4566 ve-

431 4644 626 4685 ncmun
689 4621 949 4694 siquidem
1008 4613 1211 4687 peccati
1281 4611 1641 4679 deposuerat;
1695 4613 2018 4676 quapropter

434 4723 575 4777 hunc
603 4716 818 4769 minime
848 4707 1140 4773 devoravit;
1170 4704 1368 4759 idcirco
1394 4713 1492 4755 nec
1513 4699 1743 4763 leonem,
1767 4710 1867 4751 nec
1885 4695 2015 4749 iram

436 4811 722 4868 bestiarum
749 4799 1130 4859 reformidavit.

505 4902 559 4956 4.
589 4895 764 4951 Vultis
790 4902 844 4949 et
869 4892 1026 4946 aliam
1052 4884 1335 4959 quamdam
1363 4890 1600 4937 veterem
1628 4875 1856 4933 referam
1890 4891 2018 4929 nar-

431 4995 693 5053 rationem
712 5030 726 5053 ,
754 4986 843 5040 ubi
873 4991 927 5038 et
963 4981 1136 5053 justus
1164 4986 1218 5033 et
1238 4974 1459 5032 hostire?
1487 4969 1677 5028 Diluvii
1718 4967 1829 5023 Noe
1858 4974 2016 5036 atque

433 5104 572 5144 arca:
604 5076 956 5140 recordamini
987 5091 1000 5129 :
1033 5084 1141 5130 tum
1168 5071 1309 5126 enim
1337 5080 1546 5140 quoque
1564 5064 1738 5133 justus
1765 5071 1817 5117 et
1839 5061 2021 5116 bestiae

433 5180 591 5238 simul
616 5179 852 5233 fuerunt.
875 5173 943 5228 At
972 5168 1085 5225 Noe
1113 5165 1327 5237 quidem
1350 5163 1623 5231 ingressus
1648 5159 1806 5211 homo
1839 5163 1942 5220 est,
1968 5165 2022 5208 et

434 5285 681 5344 egressus
705 5275 787 5324 est
816 5266 998 5328 homo;
1025 5259 1270 5317 Julianus
1292 5262 1469 5309 autem
1498 5252 1775 5322 ingressus
1804 5246 2022 5319 quidem

435 5338 517 5419 cst
540 5364 731 5423 homo,
765 5356 859 5412 sed
887 5352 1109 5424 angelus
1145 5358 1227 5404 est
1249 5359 1492 5416 egressus
1525 5360 1539 5395 :
1570 5340 1656 5395 ille
1682 5339 1748 5394 de
1774 5348 1913 5393 terra
1944 5338 2024 5391 in-

435 5467 649 5523 gressus
678 5458 779 5514 est,
808 5457 863 5503 et
890 5448 941 5501 in
972 5455 1166 5499 terram
1210 5450 1293 5495 est
1318 5451 1503 5493 rursus
1529 5444 1808 5505 egressus;
1842 5433 1926 5486 hic
1956 5429 2023 5484 de

442 5557 579 5600 terra
608 5543 660 5596 in
690 5555 904 5595 saccum
934 5538 1203 5605 ingressus
1225 5538 1305 5587 est
1324 5571 1339 5597 ,
1369 5536 1423 5583 et
1463 5526 1529 5582 de
1570 5540 1726 5581 sacco
1756 5526 1807 5579 in
1834 5524 2020 5579 ca'lum

444 5646 523 5689 cst
548 5633 835 5702 profectus.
873 5626 1094 5697 Accepit
1136 5640 1256 5680 eum
1290 5637 1472 5687 mare,
1495 5634 1599 5674 non
1624 5628 1681 5673 ut
1717 5616 2022 5682 occideret,

445 5722 536 5777 scd
584 5732 641 5774 ut
684 5727 962 5774 coronarct
987 5759 1003 5784 ,
1034 5726 1086 5771 ct
1138 5725 1254 5786 post
1297 5727 1548 5770 coronam
1592 5709 1742 5766 nobis
1784 5718 2019 5765 sanctam

993 290 1053 347 S.
1093 285 1369 344 JOANNIS
1392 276 1865 339 CHRYSOSTOMI
1906 270 2222 329 ABCIIIEP.
2264 269 2791 333 CONSTANTINOP.

3564 264 3684 319 ὁτὲ

2063 390 2216 443 istam
2248 401 2425 442 arcam
2459 386 2712 459 martyris
2735 398 2930 453 corpus
2960 381 3231 438 reddidit:
3266 377 3411 436 hanc
3432 378 3492 435 in
3527 378 3691 433 hunc

2062 495 2229 551 usque
2270 478 2412 534 diem
2451 479 2783 541 retinemus,
2812 491 2932 546 qua:
2970 486 3348 531 scxccntorum
3393 473 3693 529 bonorum

2062 585 2143 630 est
2175 575 2475 629 thesaurus.
2498 572 2711 628 Etenim
2732 578 2995 641 martyres
3016 568 3292 623 nobiscum
3325 567 3479 621 Deus
3504 567 3695 635 μευ-ῦς

2066 677 2151 723 tus
2179 676 2261 722 est
2291 684 2305 720 :
2331 680 2453 721 cum
2500 665 2706 718 animas
2727 662 2831 718 sibi
2870 660 3224 729 sumpsisset,
3248 673 3485 728 corpora
3513 656 3693 712 nobis

2064 757 2460 831 quodammodo
2488 758 2709 828 largitus
2732 764 2849 821 est,
2876 765 2932 810 ut
2961 763 3245 824 perpetua:
3281 753 3509 807 virtutis
3550 766 3693 805 mo-

2067 863 2320 910 numenta
2349 860 2531 908 sancta
2566 850 2753 905 horum
2781 863 2901 903 ossa
2929 857 3224 901 teneamus.
3254 844 3392 900 Nam
3422 843 3473 899 si
3501 844 3692 899 bella-

2070 947 2201 1002 toris
2221 961 2368 1000 arma
2384 951 2662 999 cruentata
2689 942 2808 1011 quis
2830 954 3061 995 cernens
3076 981 3090 1004 ,
3112 939 3382 1009 clypeum,
3409 937 3647 992 haStam
3676 979 3693 999 ,

2069 1050 2121 1096 et
2142 1041 2381 1102 loricam,
2412 1039 2538 1093 licet
2575 1036 2812 1090 omnium
2840 1035 2907 1088 sit
2932 1033 3326 1104 ignavissimus,
3354 1032 3552 1086 statim
3583 1047 3691 1086 ex-

2070 1132 2196 1197 silit,
2228 1129 2546 1194 exardescit,
2577 1136 2631 1183 et
2660 1126 2726 1181 ad
2753 1125 2949 1180 bellum
2978 1133 3253 1193 promptus
3272 1123 3416 1188 exit,
3444 1130 3630 1191 atque
3658 1138 3689 1173 ει

2070 1234 2359 1293 conspectu
2388 1236 2658 1276 armorum
2685 1219 2845 1274 sumit
2867 1218 3101 1271 animum
3120 1258 3134 1280 ,
3164 1224 3223 1270 ut
3245 1215 3471 1271 easdem
3504 1215 3692 1268 actio-

2074 1334 2169 1374 nes
2195 1316 2531 1389 aggrediatur
2559 1332 2572 1368 :
2598 1328 2696 1368 nos
2721 1312 2809 1383 qui
2839 1326 2942 1366 non
2965 1325 3133 1374 arma,
3152 1308 3245 1363 sed
3269 1322 3476 1378 corpus
3500 1308 3690 1375 ipsum

2074 1413 2340 1466 cernimus
2384 1409 2590 1475 sancti,
2618 1407 2759 1477 quod
2801 1406 3018 1475 dignum
3068 1403 3309 1458 habitum
3338 1411 3427 1457 est
3450 1443 3471 1468 ,
3504 1411 3566 1455 ut
3615 1400 3691 1455 ob

2074 1503 2268 1557 Clu-isti
2305 1500 2694 1555 confessionem
2741 1505 3126 1559 cruentaretur,
3157 1495 3281 1549 licet
3320 1494 3579 1548 omnium
3610 1493 3692 1548 si-

2078 1611 2196 1649 mus
2238 1592 2557 1648 timidissimi
2583 1633 2598 1657 ,
2624 1591 2711 1660 qui
2761 1603 3044 1658 possumus
3091 1601 3200 1640 non
3244 1595 3507 1656 prompto
3556 1599 3691 1640 esse

2077 1690 2279 1753 animo,
2307 1701 2426 1741 cum
2451 1685 2537 1739 hic
2561 1694 2808 1753 aspectus
2832 1681 2978 1736 velut
3008 1678 3146 1749 ignis
3170 1678 3387 1749 quidam
3420 1679 3479 1732 in
3531 1692 3693 1733 men-

2082 1791 2185 1837 tem
2224 1788 2459 1834 nostram
2489 1775 2721 1841 incidat,
2748 1782 2801 1828 ct
2828 1774 2894 1827 ad
2924 1772 3066 1827 idem
3093 1785 3190 1826 nos
3228 1778 3513 1824 certamen
3543 1769 3693 1822 invi—

2081 1874 2193 1929 tet?
2221 1873 2508 1940 Propterea
2537 1879 2841 1923 sanctorum
2870 1879 3097 1934 corpora
3136 1878 3305 1933 usque
3348 1861 3418 1917 ad
3464 1873 3696 1930 tempus

2082 1961 2491 2019 resurrectionis
2530 1959 2668 2028 apud
2717 1973 2816 2013 nos
2842 1956 3091 2025 deposuit
3125 1955 3300 2019 Deus,
3330 1961 3393 2008 ut
3424 1954 3697 2008 maxim

2084 2054 2431 2127 philosophia:
2477 2054 2753 2106 materiam
2800 2048 3141 2103 haberemus.
3190 2043 3694 2100 Verumenimvero

2086 2165 2154 2204 ne
2191 2146 2441 2219 martyris
2478 2144 2665 2200 laudes
2703 2143 2896 2212 lingua:
2935 2148 3133 2193 nostra:
3173 2136 3554 2191 imbecillitate
3587 2135 3697 2187 mi-

2087 2248 2339 2304 nuantur,
2397 2236 2489 2291 sed
2544 2232 2919 2304 agonothetam
2978 2229 3148 2284 Deum
3193 2233 3520 2296 exspectent
3554 2243 3569 2278 :
3598 2225 3697 2294 qui

2087 2348 2181 2387 eos
2229 2339 2480 2393 coronat,
2537 2327 2628 2382 ille
2669 2334 2725 2380 et
2778 2320 3122 2379 collaudahit.
3196 2318 3337 2373 Laus
3401 2316 3561 2371 enim
3600 2332 3700 2371 eo-

2088 2410 2204 2479 rum
2235 2438 2338 2478 non
2366 2437 2430 2477 ex
2478 2418 2781 2474 hominibus
2820 2425 2903 2470 est
2925 2456 2939 2476 ,
2972 2414 3066 2469 sed
3087 2428 3152 2468 ex
3178 2413 3306 2476 Deo;
3333 2426 3462 2464 nam
3493 2419 3555 2465 et
3580 2410 3699 2464 hate

2040 2538 2045 2543 ί
2091 2515 2238 2583 ipsa,
2290 2527 2408 2582 qua:
2456 2510 2724 2574 diximus,
2781 2522 2885 2561 non
2932 2515 2987 2558 ut
3038 2503 3386 2558 illustriorem
3425 2499 3701 2555 reddere—

2093 2619 2213 2659 mus
2242 2611 2531 2674 martyrem
2554 2643 2567 2667 ,
2597 2600 2853 2665 diximus,
2881 2595 2975 2652 sed
3008 2604 3066 2649 ut
3095 2610 3190 2649 vos
3216 2593 3594 2664 promptiores
3620 2589 3701 2645 cf.

2093 2695 2392 2751 ficeremus.

2166 2787 2382 2842 Moram
2406 2785 2708 2841 exhortatio.
2748 2812 2818 2823 —
2846 2782 2956 2838 Nos
2985 2797 3133 2848 vero,
3163 2778 3412 2834 laudibus
3429 2774 3695 2837 omissis,

2096 2895 2310 2936 omnem
2333 2878 2398 2933 ad
2430 2893 2525 2933 vos
2567 2877 2863 2933 orationem
2893 2884 3273 2929 convertamus
3310 2870 3488 2940 :quin
3522 2868 3701 2938 potius

2100 2981 2391 3041 martyrum
2417 2968 2601 3025 laudes
2631 2983 2736 3023 non
2765 2975 2989 3037 possunt
3025 2963 3236 3027 omitti,
3271 2976 3395 3016 cum
3428 2961 3483 3014 in
3515 2959 3696 3014 eccle-

2098 3064 2175 3119 sia
2202 3063 2319 3133 quis
2349 3061 2415 3115 de
2452 3060 2611 3116 rebus
2650 3057 2868 3113 utilibus
2895 3055 3055 3110 verba
3098 3054 3238 3106 facit.
3290 3052 3401 3107 Sed
3449 3052 3697 3105 animum

2100 3154 2400 3210 advertite:
2432 3168 2651 3223 pravam
2683 3150 2823 3205 enim
2862 3158 2917 3203 et
2944 3148 3291 3201 inveteratam
3335 3143 3699 3214 consuetudi-

2102 3263 2223 3303 nem
2245 3245 2560 3303 exscindere
2607 3244 2764 3298 statui
2798 3241 3054 3295 hodierno
3080 3238 3187 3303 die,
3211 3246 3401 3291 utnon
3431 3238 3615 3291 solum
3636 3235 3702 3288 ad

2102 3349 2365 3411 martyres
2393 3336 2711 3392 accedamus
2734 3376 2748 3401 ,
2782 3332 2873 3387 sed
2913 3332 3072 3386 etiam
3100 3337 3369 3399 martyres
3396 3327 3698 3381 imitemur.

2107 3433 2286 3487 Honos
2330 3430 2524 3500 quippe
2571 3435 2865 3496 martyrum
2900 3433 3015 3489 est,
3048 3438 3152 3475 non
3182 3421 3224 3474 si
3254 3418 3321 3473 ad
3364 3433 3463 3473 eos
3497 3427 3703 3472 tantum

2107 3523 2487 3595 procedamus,
2520 3520 2611 3576 sed
2642 3535 2748 3589 pra:
2797 3518 2899 3571 hoc
2941 3517 2986 3570 si
3036 3512 3405 3568 fortitudinem
3458 3510 3705 3580 ipsorum

2108 3616 2439 3669 armulemnr.
2466 3612 2819 3679 Quamobrem
2867 3607 3015 3677 prius
3057 3603 3375 3675 exponenda
3405 3611 3494 3657 est
3545 3616 3704 3670 prava

2111 3711 2211 3763 ista
2246 3704 2577 3763 consuetudo
2611 3717 2770 3758 :nam
2818 3702 3001 3771 ignoto
3062 3697 3252 3751 morbo
3283 3695 3441 3748 facile
3482 3709 3594 3747 non
3624 3702 3707 3746 est

2110 3800 2366 3855 adhibere
2383 3796 2700 3853 medicinam
2720 3813 2734 3849 :
2756 3793 2876 3848 ideo
2892 3790 3083 3846 vulnus
3104 3790 3249 3858 prius
3266 3788 3482 3856 detego,
3511 3784 3707 3839 deinde

2114 3893 2558 3948 medicamentum
2578 3902 2809 3958 appono.
2831 3884 3086 3952 Qumnam
3120 3883 3281 3952 igitur
3308 3880 3397 3933 illa
3427 3888 3518 3933 est
3546 3892 3706 3946 prava

2112 3984 2483 4041 consuetudo?
2507 3979 2756 4036 Nonnulli
2778 3995 2961 4035 eorum
2988 4019 3002 4044 ,
3029 3976 3117 4045 qui
3151 3975 3236 4029 hic
3277 3973 3442 4028 hodie
3484 3986 3712 4041 congre-

2113 4081 2217 4152 gati
2250 4088 2375 4134 sunt
2396 4078 2559 4145 (absit
2585 4075 2725 4131 enim
2758 4083 2812 4129 ut
2840 4082 3000 4127 totam
3024 4053 3317 4125 Ecclesiam
3356 4067 3593 4119 crimine
3621 4064 3712 4118 tali

2115 4168 2509 4242 condemnem),
2533 4184 2639 4238 prae
2662 4166 2904 4222 socordia
2923 4164 3146 4234 quadam
3176 4176 3236 4214 ac
3252 4160 3607 4226 simplicitate
3628 4157 3713 4209 die

2116 4264 2369 4329 crastino,
2397 4258 2668 4316 derelictis
2696 4257 2870 4322 nobis,
2904 4256 3153 4323 Daphnen
3178 4251 3253 4324 (η)
3287 4259 3591 4321 properant
3610 4290 3626 4313 ,
3655 4257 3711 4301 ut

2118 4372 2235 4426 quae
2257 4353 2571 4422 collegimus
2601 4349 2788 4413 hodie,
2828 4362 2950 4403 cras
2973 4345 3244 4400 effundant
3268 4382 3286 4406 ,
3312 4352 3367 4396 et
3394 4357 3520 4411 quae
3549 4340 3710 4394 :cdifio

2119 4450 2390 4511 cavimus,
2422 4446 2720 4500 destruant.
2771 4442 2850 4497 Nc
2896 4440 3055 4509 igitur
3096 4438 3298 4506 absque
3355 4435 3542 4489 fructu
3594 4434 3712 4488 huic

2121 4539 2363 4595 concioni
2408 4534 2779 4598 interfuerint,
2811 4531 2898 4586 ubi
2948 4531 3014 4585 de
3058 4529 3138 4583 his
3178 4541 3344 4596 pauca
3391 4525 3715 4580 disserueri-

2122 4648 2242 4687 nms
2265 4672 2280 4697 ,
2313 4628 2540 4684 orationi
2574 4628 2731 4680 linem
2782 4625 3132 4691 imponemus.
3181 4617 3317 4684 Quid
3355 4631 3549 4687 quasso
3592 4630 3711 4685 pro-

2125 4739 2277 4793 peras
2305 4720 2369 4775 ad
2398 4718 2708 4774 suburhium
2741 4716 3011 4772 civitatis?
3042 4715 3176 4767 Ecce
3215 4709 3538 4765 suburbium
3566 4709 3714 4763 Jeruo

2124 4813 2290 4868 salem
2323 4811 2497 4876 illius,
2534 4824 2653 4879 quae
2683 4822 2894 4863 sursum
2930 4813 3031 4867 cst;
3063 4818 3188 4858 ecce
3208 4800 3433 4869 Daphne
3459 4800 3712 4868 spiritua-

2125 4907 2190 4960 lis
2219 4922 2233 4960 :
2257 4905 2362 4959 illic
2387 4902 2562 4957 fontes
2592 4915 2883 4972 aquarum,
2918 4897 3005 4951 hic
3032 4895 3208 4950 fontes
3235 4902 3361 4947 sunt
3383 4901 3710 4963 martyrum:

2125 4999 2236 5054 illic
2279 4996 2519 5067 cupressi
2565 4994 2785 5049 arbores
2809 4991 3040 5046 infruetu
3080 5004 3186 5050 se,
3217 4986 3302 5039 hic
3330 4984 3577 5051 reliquim
3598 4998 3709 5037 san-

2126 5106 2334 5147 ctorum
2360 5101 2483 5145 sunt
2511 5105 2574 5144 ac
2597 5088 2801 5144 radices
2828 5086 2881 5140 in
2912 5094 3049 5138 terra
3081 5083 3352 5151 plantatte,
3382 5093 3509 5146 qua:
3540 5092 3713 5131 ramos

2127 5186 2180 5241 in
2208 5184 2396 5239 caelum
2424 5180 2770 5251 protendunt.
2802 5174 2967 5232 'Visne
2995 5189 3263 5229 ramorum
3293 5171 3458 5225 etiam
3486 5170 3709 5223 istorum

2128 5275 2358 5331 fructum
2389 5273 2618 5328 intueri?
2646 5269 2806 5341 Aperi
2844 5268 3029 5323 oculos
3058 5265 3177 5320 fidei
3198 5306 3214 5330 ,
3248 5273 3359 5317 tum
3392 5261 3576 5315 subito
3623 5258 3714 5312 mi-

2128 5370 2372 5426 rabilium
2402 5366 2493 5422 tibi
2520 5366 2783 5420 fructuum
2812 5371 3053 5416 naturam
3082 5355 3392 5412 ostendam.
3436 5353 3555 5409 Non
3577 5350 3708 5407 enim

2132 5476 2433 5533 pomorum,
2465 5468 2555 5512 aut
2577 5470 2790 5521 nucum,
2819 5468 2919 5508 nec
2941 5449 3080 5505 aliud
3101 5446 3356 5517 quiddam
3390 5459 3577 5501 eorum
3602 5456 3706 5504 ante

2131 5561 2545 5624 corrumpuntur
2600 5561 2652 5605 et
2703 5556 2957 5618 pereunt,
3009 5555 3278 5597 ramorum
3336 5547 3419 5593 est
3474 5535 3707 5591 fruens:

2195 5714 2270 5776 (α)
2304 5710 2499 5774 Daphne
2524 5710 2572 5757 in
2588 5719 2705 5771 agro
2725 5702 2983 5756 antioebia:
3003 5698 3304 5750 suburlnno.
