  <div class='ocr_page' id='page_1' title='image "/cluster/home/n/w/nwhite01/storage/ocr_20150623/50/mdp.39015066055818/268.png"; bbox 0 0 3860 6286; ppageno 0'>
   <div class='ocr_carea' id='block_1_1' title="bbox 131 386 224 444">
    <p class='ocr_par' dir='ltr' id='par_1_1' title="bbox 131 386 224 444">
     <span class='ocr_line' id='line_1_1' title="bbox 131 386 224 444; baseline -0.011 -1"><span class='ocrx_word' id='word_1_1' title='bbox 131 386 224 444; x_wconf 70' lang='grc' dir='ltr'>ϐτί</span> 
     </span>
    </p>
   </div>
   <div class='ocr_carea' id='block_1_2' title="bbox 126 492 1689 572">
    <p class='ocr_par' dir='ltr' id='par_1_2' title="bbox 126 492 1689 572">
     <span class='ocr_line' id='line_1_2' title="bbox 126 492 1689 572; baseline -0.006 -20"><span class='ocrx_word' id='word_1_2' title='bbox 126 500 518 572; x_wconf 74' lang='grc' dir='ltr'>ἀποφράττεται</span> <span class='ocrx_word' id='word_1_3' title='bbox 551 493 645 548; x_wconf 74' lang='grc' dir='ltr'>καὶ</span> <span class='ocrx_word' id='word_1_4' title='bbox 692 492 1072 563; x_wconf 74' lang='grc' dir='ltr'>διατειχίζεται</span> <span class='ocrx_word' id='word_1_5' title='bbox 1124 494 1237 556; x_wconf 85' lang='grc' dir='ltr'>τοῖς</span> <span class='ocrx_word' id='word_1_6' title='bbox 1279 493 1539 556; x_wconf 71' lang='grc' dir='ltr'>τοιούτοις</span> <span class='ocrx_word' id='word_1_7' title='bbox 1588 507 1689 544; x_wconf 87' lang='grc' dir='ltr'>κα-</span> 
     </span>
    </p>
   </div>
   <div class='ocr_carea' id='block_1_3' title="bbox 126 576 1688 656">
    <p class='ocr_par' dir='ltr' id='par_1_3' title="bbox 126 576 1688 656">
     <span class='ocr_line' id='line_1_3' title="bbox 126 576 1688 656; baseline -0.008 -16"><span class='ocrx_word' id='word_1_8' title='bbox 126 586 390 656; x_wconf 86' lang='grc' dir='ltr'>λύμμασιν</span> <span class='ocrx_word' id='word_1_9' title='bbox 418 582 452 650; x_wconf 87' lang='grc' dir='ltr'><strong>ἡ</strong></span> <span class='ocrx_word' id='word_1_10' title='bbox 481 580 561 642; x_wconf 87' lang='grc' dir='ltr'>εἰς</span> <span class='ocrx_word' id='word_1_11' title='bbox 584 578 645 630; x_wconf 88' lang='lat'>16</span> <span class='ocrx_word' id='word_1_12' title='bbox 674 577 865 649; x_wconf 87' lang='grc' dir='ltr'>πρόσω</span> <span class='ocrx_word' id='word_1_13' title='bbox 899 576 1041 648; x_wconf 82' lang='grc' dir='ltr'>φορά</span> <span class='ocrx_word' id='word_1_14' title='bbox 1067 595 1080 606; x_wconf 92' lang='grc'><strong>·</strong></span> <span class='ocrx_word' id='word_1_15' title='bbox 1107 577 1141 647; x_wconf 84' lang='grc' dir='ltr'>ή</span> <span class='ocrx_word' id='word_1_16' title='bbox 1168 576 1227 629; x_wconf 83' lang='grc' dir='ltr'>δὲ</span> <span class='ocrx_word' id='word_1_17' title='bbox 1269 576 1362 630; x_wconf 87' lang='grc' dir='ltr'>τοῦ</span> <span class='ocrx_word' id='word_1_18' title='bbox 1412 576 1688 647; x_wconf 88' lang='grc' dir='ltr'>μάρτυρος</span> 
     </span>
    </p>
   </div>
   <div class='ocr_carea' id='block_1_4' title="bbox 127 659 1688 741">
    <p class='ocr_par' dir='ltr' id='par_1_4' title="bbox 127 659 1688 741">
     <span class='ocr_line' id='line_1_4' title="bbox 127 659 1688 741; baseline -0.01 -16"><span class='ocrx_word' id='word_1_19' title='bbox 127 670 272 741; x_wconf 78' lang='grc' dir='ltr'>φωνὴ</span> <span class='ocrx_word' id='word_1_20' title='bbox 324 664 679 735; x_wconf 73' lang='grc' dir='ltr'>ἐκπηδήσασα</span> <span class='ocrx_word' id='word_1_21' title='bbox 714 661 822 714; x_wconf 75' lang='grc' dir='ltr'>ἀπὸ</span> <span class='ocrx_word' id='word_1_22' title='bbox 851 663 949 732; x_wconf 80' lang='grc' dir='ltr'>τῆς</span> <span class='ocrx_word' id='word_1_23' title='bbox 977 660 1136 729; x_wconf 86' lang='grc' dir='ltr'>ἁγίας</span> <span class='ocrx_word' id='word_1_24' title='bbox 1186 660 1432 732; x_wconf 79' lang='grc' dir='ltr'>γλώττης</span> <span class='ocrx_word' id='word_1_25' title='bbox 1474 659 1688 728; x_wconf 85' lang='grc' dir='ltr'>ἐκείνης</span> 
     </span>
    </p>
   </div>
   <div class='ocr_carea' id='block_1_5' title="bbox 124 741 1687 823">
    <p class='ocr_par' dir='ltr' id='par_1_5' title="bbox 124 741 1687 823">
     <span class='ocr_line' id='line_1_5' title="bbox 124 741 1687 823; baseline -0.008 -16"><span class='ocrx_word' id='word_1_26' title='bbox 124 750 450 823; x_wconf 78' lang='grc' dir='ltr'>ἀνεπήδησεν</span> <span class='ocrx_word' id='word_1_27' title='bbox 476 749 555 811; x_wconf 86' lang='grc' dir='ltr'>είς</span> <span class='ocrx_word' id='word_1_28' title='bbox 595 746 685 799; x_wconf 82' lang='grc' dir='ltr'>τὸν</span> <span class='ocrx_word' id='word_1_29' title='bbox 709 745 960 815; x_wconf 81' lang='grc' dir='ltr'>οὐρανόν.</span> <span class='ocrx_word' id='word_1_30' title='bbox 1010 744 1264 815; x_wconf 78' lang='grc' dir='ltr'>Παρῆλθε</span> <span class='ocrx_word' id='word_1_31' title='bbox 1319 745 1412 797; x_wconf 84' lang='grc' dir='ltr'>τὸν</span> <span class='ocrx_word' id='word_1_32' title='bbox 1461 741 1687 814; x_wconf 84' lang='grc' dir='ltr'>ούρανὸν</span> 
     </span>
    </p>
   </div>
   <div class='ocr_carea' id='block_1_6' title="bbox 125 827 1685 906">
    <p class='ocr_par' dir='ltr' id='par_1_6' title="bbox 125 827 1685 906">
     <span class='ocr_line' id='line_1_6' title="bbox 125 827 1685 906; baseline -0.007 -15"><span class='ocrx_word' id='word_1_33' title='bbox 125 836 217 891; x_wconf 88' lang='grc' dir='ltr'>τοῦ</span> <span class='ocrx_word' id='word_1_34' title='bbox 239 832 460 906; x_wconf 83' lang='grc' dir='ltr'>ούρανοῦ</span> <span class='ocrx_word' id='word_1_35' title='bbox 481 849 495 862; x_wconf 71' lang='grc'>⁸</span> <span class='ocrx_word' id='word_1_36' title='bbox 522 827 659 884; x_wconf 83' lang='grc' dir='ltr'>εἶδον</span> <span class='ocrx_word' id='word_1_37' title='bbox 676 831 846 901; x_wconf 78' lang='grc' dir='ltr'>αὐτὴν</span> <span class='ocrx_word' id='word_1_38' title='bbox 873 828 1117 897; x_wconf 78' lang='grc' dir='ltr'>ἄγγελοι,</span> <span class='ocrx_word' id='word_1_39' title='bbox 1139 829 1235 882; x_wconf 65' lang='grc' dir='ltr'>καὶ⁵</span> <span class='ocrx_word' id='word_1_40' title='bbox 1260 827 1685 899; x_wconf 72' lang='grc' dir='ltr'>παρεχώρησαν,</span> 
     </span>
    </p>
   </div>
   <div class='ocr_carea' id='block_1_7' title="bbox 124 911 1685 990">
    <p class='ocr_par' dir='ltr' id='par_1_7' title="bbox 124 911 1685 990">
     <span class='ocr_line' id='line_1_7' title="bbox 124 911 1685 990; baseline -0.008 -16"><span class='ocrx_word' id='word_1_41' title='bbox 124 917 463 990; x_wconf 88' lang='grc' dir='ltr'>άρχάγγελοι,</span> <span class='ocrx_word' id='word_1_42' title='bbox 493 916 586 968; x_wconf 71' lang='grc' dir='ltr'>καὶ</span> <span class='ocrx_word' id='word_1_43' title='bbox 623 913 1003 982; x_wconf 74' lang='grc' dir='ltr'>ύπεξέστησαν</span> <span class='ocrx_word' id='word_1_44' title='bbox 1026 931 1039 945; x_wconf 75' lang='grc' dir='ltr'><strong><em>ο</em></strong></span> <span class='ocrx_word' id='word_1_45' title='bbox 1069 914 1137 966; x_wconf 71' lang='grc' dir='ltr'>τὰ</span> <span class='ocrx_word' id='word_1_46' title='bbox 1186 912 1457 984; x_wconf 73' lang='grc' dir='ltr'>χερουϐὶμ</span> <span class='ocrx_word' id='word_1_47' title='bbox 1487 911 1581 965; x_wconf 78' lang='grc' dir='ltr'>καὶ</span> <span class='ocrx_word' id='word_1_48' title='bbox 1627 911 1685 964; x_wconf 91' lang='grc' dir='ltr'>αί</span> 
     </span>
    </p>
   </div>
   <div class='ocr_carea' id='block_1_8' title="bbox 121 994 1683 1071">
    <p class='ocr_par' dir='ltr' id='par_1_8' title="bbox 121 994 1683 1071">
     <span class='ocr_line' id='line_1_8' title="bbox 121 994 1683 1071; baseline -0.007 -14"><span class='ocrx_word' id='word_1_49' title='bbox 121 1003 273 1057; x_wconf 81' lang='grc' dir='ltr'>ἀλλαι</span> <span class='ocrx_word' id='word_1_50' title='bbox 296 1000 549 1071; x_wconf 89' lang='grc' dir='ltr'>δυνάμεις</span> <span class='ocrx_word' id='word_1_51' title='bbox 571 996 740 1067; x_wconf 70' lang='grc' dir='ltr'>αὐτὴν</span> <span class='ocrx_word' id='word_1_52' title='bbox 765 995 1056 1065; x_wconf 84' lang='grc' dir='ltr'>ὼδήγησαν</span> <span class='ocrx_word' id='word_1_53' title='bbox 1094 995 1205 1048; x_wconf 80' lang='grc' dir='ltr'>ἄνω</span> <span class='ocrx_word' id='word_1_54' title='bbox 1225 1038 1238 1057; x_wconf 86' lang='grc'>,</span> <span class='ocrx_word' id='word_1_55' title='bbox 1271 994 1366 1048; x_wconf 67' lang='grc' dir='ltr'>καὶ</span> <span class='ocrx_word' id='word_1_56' title='bbox 1398 996 1458 1047; x_wconf 83' lang='grc' dir='ltr'>οὐ</span> <span class='ocrx_word' id='word_1_57' title='bbox 1486 995 1683 1066; x_wconf 83' lang='grc' dir='ltr'>πρότεο</span> 
     </span>
    </p>
   </div>
   <div class='ocr_carea' id='block_1_9' title="bbox 120 1074 1686 1157">
    <p class='ocr_par' dir='ltr' id='par_1_9' title="bbox 120 1074 1686 1157">
     <span class='ocr_line' id='line_1_9' title="bbox 120 1074 1686 1157; baseline -0.003 -17"><span class='ocrx_word' id='word_1_58' title='bbox 120 1103 213 1157; x_wconf 86' lang='grc' dir='ltr'>ρον</span> <span class='ocrx_word' id='word_1_59' title='bbox 234 1087 560 1154; x_wconf 86' lang='grc' dir='ltr'>ἀπέστησαν,</span> <span class='ocrx_word' id='word_1_60' title='bbox 595 1083 700 1144; x_wconf 71' lang='grc' dir='ltr'>ἕως</span> <span class='ocrx_word' id='word_1_61' title='bbox 723 1074 782 1134; x_wconf 78' lang='grc' dir='ltr'>ού</span> <span class='ocrx_word' id='word_1_62' title='bbox 807 1082 940 1153; x_wconf 72' lang='grc' dir='ltr'>πρὸς</span> <span class='ocrx_word' id='word_1_63' title='bbox 970 1080 1132 1135; x_wconf 80' lang='grc' dir='ltr'>αὐτὸν</span> <span class='ocrx_word' id='word_1_64' title='bbox 1156 1082 1364 1152; x_wconf 81' lang='grc' dir='ltr'>ήγαγον</span> <span class='ocrx_word' id='word_1_65' title='bbox 1384 1081 1475 1136; x_wconf 78' lang='lat' dir='ltr'><em>16v</em></span> <span class='ocrx_word' id='word_1_66' title='bbox 1494 1080 1686 1154; x_wconf 79' lang='grc' dir='ltr'>θρόνον</span> 
     </span>
    </p>
   </div>
   <div class='ocr_carea' id='block_1_10' title="bbox 121 1164 715 1242">
    <p class='ocr_par' dir='ltr' id='par_1_10' title="bbox 121 1164 715 1242">
     <span class='ocr_line' id='line_1_10' title="bbox 121 1164 715 1242; baseline -0.01 -18"><span class='ocrx_word' id='word_1_67' title='bbox 121 1170 269 1242; x_wconf 78' lang='lat'><em>[676]</em></span> <span class='ocrx_word' id='word_1_68' title='bbox 299 1169 388 1222; x_wconf 86' lang='grc' dir='ltr'>τὸν</span> <span class='ocrx_word' id='word_1_69' title='bbox 419 1164 715 1238; x_wconf 85' lang='grc' dir='ltr'>βασιλικόν.</span> 
     </span>
    </p>
   </div>
   <div class='ocr_carea' id='block_1_11' title="bbox 188 1268 1684 1344">
    <p class='ocr_par' dir='ltr' id='par_1_11' title="bbox 188 1268 1684 1344">
     <span class='ocr_line' id='line_1_11' title="bbox 188 1268 1684 1344; baseline -0.003 -15"><span class='ocrx_word' id='word_1_70' title='bbox 188 1274 335 1329; x_wconf 83' lang='grc' dir='ltr'>Μετά</span> <span class='ocrx_word' id='word_1_71' title='bbox 373 1273 430 1326; x_wconf 81' lang='grc' dir='ltr'>δέ</span> <span class='ocrx_word' id='word_1_72' title='bbox 470 1274 569 1342; x_wconf 74' lang='grc' dir='ltr'>τὴν</span> <span class='ocrx_word' id='word_1_73' title='bbox 613 1273 797 1342; x_wconf 74' lang='grc' dir='ltr'>φωνὴν</span> <span class='ocrx_word' id='word_1_74' title='bbox 821 1271 1048 1340; x_wconf 85' lang='grc' dir='ltr'>ταύτην,</span> <span class='ocrx_word' id='word_1_75' title='bbox 1074 1271 1262 1344; x_wconf 75' lang='grc' dir='ltr'>ἐπειδὴ</span> <span class='ocrx_word' id='word_1_76' title='bbox 1295 1268 1434 1326; x_wconf 74' lang='grc' dir='ltr'>εἶδεν</span> <span class='ocrx_word' id='word_1_77' title='bbox 1481 1273 1510 1325; x_wconf 98' lang='lat'>6</span> <span class='ocrx_word' id='word_1_78' title='bbox 1562 1270 1684 1325; x_wconf 89' lang='grc' dir='ltr'>τότε</span> 
     </span>
    </p>
   </div>
   <div class='ocr_carea' id='block_1_12' title="bbox 115 1356 1685 1428">
    <p class='ocr_par' dir='ltr' id='par_1_12' title="bbox 115 1356 1685 1428">
     <span class='ocr_line' id='line_1_12' title="bbox 115 1356 1685 1428; baseline -0.002 -16"><span class='ocrx_word' id='word_1_79' title='bbox 115 1359 361 1424; x_wconf 77' lang='grc' dir='ltr'>δικάζων,</span> <span class='ocrx_word' id='word_1_80' title='bbox 383 1359 463 1411; x_wconf 82' lang='grc' dir='ltr'>ὅτι</span> <span class='ocrx_word' id='word_1_81' title='bbox 484 1357 660 1411; x_wconf 87' lang='grc' dir='ltr'>πάντα</span> <span class='ocrx_word' id='word_1_82' title='bbox 691 1357 812 1427; x_wconf 88' lang='grc' dir='ltr'>εἱκῆ</span> <span class='ocrx_word' id='word_1_83' title='bbox 833 1357 927 1409; x_wconf 73' lang='grc' dir='ltr'>καὶ</span> <span class='ocrx_word' id='word_1_84' title='bbox 950 1356 1127 1428; x_wconf 83' lang='grc' dir='ltr'>μάτην</span> <span class='ocrx_word' id='word_1_85' title='bbox 1156 1356 1560 1428; x_wconf 79' lang='grc' dir='ltr'>μεμηχάνηται,</span> <span class='ocrx_word' id='word_1_86' title='bbox 1590 1357 1685 1410; x_wconf 74' lang='grc' dir='ltr'>καὶ</span> 
     </span>
    </p>
   </div>
   <div class='ocr_carea' id='block_1_13' title="bbox 116 1438 1682 1512">
    <p class='ocr_par' dir='ltr' id='par_1_13' title="bbox 116 1438 1682 1512">
     <span class='ocr_line' id='line_1_13' title="bbox 116 1438 1682 1512; baseline -0.001 -20"><span class='ocrx_word' id='word_1_87' title='bbox 116 1443 252 1512; x_wconf 72' lang='grc' dir='ltr'>πρὸς</span> <span class='ocrx_word' id='word_1_88' title='bbox 281 1441 475 1511; x_wconf 79' lang='grc' dir='ltr'>κέντρα</span> <span class='ocrx_word' id='word_1_89' title='bbox 505 1440 769 1504; x_wconf 78' lang='grc' dir='ltr'>λακτίζει,</span> <span class='ocrx_word' id='word_1_90' title='bbox 790 1439 884 1491; x_wconf 70' lang='grc' dir='ltr'>καὶ</span> <span class='ocrx_word' id='word_1_91' title='bbox 914 1438 1198 1508; x_wconf 82' lang='grc' dir='ltr'>ἀδάμαντα</span> <span class='ocrx_word' id='word_1_92' title='bbox 1229 1439 1401 1501; x_wconf 91' lang='grc' dir='ltr'>παίει,</span> <span class='ocrx_word' id='word_1_93' title='bbox 1422 1438 1475 1491; x_wconf 92' lang='grc' dir='ltr'>τί</span> <span class='ocrx_word' id='word_1_94' title='bbox 1508 1441 1682 1501; x_wconf 76' lang='grc' dir='ltr'>ποιεῖς</span> 
     </span>
    </p>
   </div>
   <div class='ocr_carea' id='block_1_14' title="bbox 116 1516 1683 1598">
    <p class='ocr_par' dir='ltr' id='par_1_14' title="bbox 116 1516 1683 1598">
     <span class='ocr_line' id='line_1_14' title="bbox 116 1516 1683 1598; baseline -0.003 -19"><span class='ocrx_word' id='word_1_95' title='bbox 116 1526 260 1598; x_wconf 78' lang='grc' dir='ltr'>Πρὸς</span> <span class='ocrx_word' id='word_1_96' title='bbox 286 1525 382 1596; x_wconf 76' lang='grc' dir='ltr'>τὴν</span> <span class='ocrx_word' id='word_1_97' title='bbox 411 1523 838 1595; x_wconf 82' lang='grc' dir='ltr'>ὡμολογημένην</span> <span class='ocrx_word' id='word_1_98' title='bbox 870 1516 1038 1594; x_wconf 76' lang='grc' dir='ltr'>ἧτταν</span> <span class='ocrx_word' id='word_1_99' title='bbox 1075 1521 1280 1592; x_wconf 75' lang='grc' dir='ltr'>βαδίζει</span> <span class='ocrx_word' id='word_1_100' title='bbox 1330 1521 1534 1586; x_wconf 78' lang='grc' dir='ltr'>λοιπὸν,</span> <span class='ocrx_word' id='word_1_101' title='bbox 1588 1521 1683 1575; x_wconf 73' lang='grc' dir='ltr'>καὶ</span> 
     </span>
    </p>
   </div>
   <div class='ocr_carea' id='block_1_15' title="bbox 112 1603 1683 1679">
    <p class='ocr_par' dir='ltr' id='par_1_15' title="bbox 112 1603 1683 1679">
     <span class='ocr_line' id='line_1_15' title="bbox 112 1603 1683 1679; baseline -0.003 -18"><span class='ocrx_word' id='word_1_102' title='bbox 112 1609 208 1661; x_wconf 87' lang='grc' dir='ltr'>τοῦ</span> <span class='ocrx_word' id='word_1_103' title='bbox 234 1615 490 1679; x_wconf 77' lang='grc' dir='ltr'>παρόντος</span> <span class='ocrx_word' id='word_1_104' title='bbox 524 1605 784 1672; x_wconf 80' lang='grc' dir='ltr'>ὑπεξάγει</span> <span class='ocrx_word' id='word_1_105' title='bbox 819 1604 911 1658; x_wconf 80' lang='grc' dir='ltr'>τὸν</span> <span class='ocrx_word' id='word_1_106' title='bbox 942 1605 1196 1676; x_wconf 89' lang='grc' dir='ltr'>μάρτυρα</span> <span class='ocrx_word' id='word_1_107' title='bbox 1247 1604 1362 1675; x_wconf 84' lang='grc' dir='ltr'>βίου</span> <span class='ocrx_word' id='word_1_108' title='bbox 1385 1621 1399 1634; x_wconf 78' lang='lat'><strong><em>°</em></strong></span> <span class='ocrx_word' id='word_1_109' title='bbox 1452 1603 1683 1668; x_wconf 89' lang='grc' dir='ltr'>θάνατος</span> 
     </span>
    </p>
   </div>
   <div class='ocr_carea' id='block_1_16' title="bbox 110 1684 1678 1764">
    <p class='ocr_par' dir='ltr' id='par_1_16' title="bbox 110 1684 1678 1764">
     <span class='ocr_line' id='line_1_16' title="bbox 110 1684 1678 1764; baseline 0.004 -27"><span class='ocrx_word' id='word_1_110' title='bbox 110 1693 223 1764; x_wconf 76' lang='grc' dir='ltr'>γὰρ</span> <span class='ocrx_word' id='word_1_111' title='bbox 247 1690 532 1763; x_wconf 84' lang='grc' dir='ltr'>μαρτύρων</span> <span class='ocrx_word' id='word_1_112' title='bbox 566 1690 675 1743; x_wconf 90' lang='grc' dir='ltr'>τῶν</span> <span class='ocrx_word' id='word_1_113' title='bbox 708 1690 804 1760; x_wconf 77' lang='grc' dir='ltr'>μὲν</span> <span class='ocrx_word' id='word_1_114' title='bbox 838 1689 1274 1743; x_wconf 78' lang='grc' dir='ltr'>ἀποκτιννύντων</span> <span class='ocrx_word' id='word_1_115' title='bbox 1312 1684 1448 1760; x_wconf 80' lang='grc' dir='ltr'>ἧττα</span> <span class='ocrx_word' id='word_1_116' title='bbox 1479 1687 1678 1757; x_wconf 81' lang='grc' dir='ltr'>σαφὴς,</span> 
     </span>
    </p>
   </div>
   <div class='ocr_carea' id='block_1_17' title="bbox 107 1772 1681 1846">
    <p class='ocr_par' dir='ltr' id='par_1_17' title="bbox 107 1772 1681 1846">
     <span class='ocr_line' id='line_1_17' title="bbox 107 1772 1681 1846; baseline -0.004 -15"><span class='ocrx_word' id='word_1_117' title='bbox 107 1779 221 1831; x_wconf 79' lang='grc' dir='ltr'>τῶν</span> <span class='ocrx_word' id='word_1_118' title='bbox 253 1777 306 1830; x_wconf 83' lang='grc' dir='ltr'>δὲ</span> <span class='ocrx_word' id='word_1_119' title='bbox 329 1774 735 1846; x_wconf 80' lang='grc' dir='ltr'>ἀναιρουμένων</span> <span class='ocrx_word' id='word_1_120' title='bbox 765 1774 890 1843; x_wconf 86' lang='grc' dir='ltr'>νίκη</span> <span class='ocrx_word' id='word_1_121' title='bbox 915 1773 1164 1844; x_wconf 88' lang='grc' dir='ltr'>λαμπρά.</span> <span class='ocrx_word' id='word_1_122' title='bbox 1192 1773 1263 1827; x_wconf 73' lang='grc' dir='ltr'>Σὺ</span> <span class='ocrx_word' id='word_1_123' title='bbox 1285 1773 1342 1825; x_wconf 90' lang='grc' dir='ltr'>δέ</span> <span class='ocrx_word' id='word_1_124' title='bbox 1374 1789 1465 1842; x_wconf 90' lang='grc' dir='ltr'>μοι</span> <span class='ocrx_word' id='word_1_125' title='bbox 1490 1772 1681 1825; x_wconf 88' lang='grc' dir='ltr'>σκόπει</span> 
     </span>
    </p>
   </div>
   <div class='ocr_carea' id='block_1_18' title="bbox 107 1854 1682 1927">
    <p class='ocr_par' dir='ltr' id='par_1_18' title="bbox 107 1854 1682 1927">
     <span class='ocr_line' id='line_1_18' title="bbox 107 1854 1682 1927; baseline -0.003 -14"><span class='ocrx_word' id='word_1_126' title='bbox 107 1860 229 1924; x_wconf 85' lang='grc' dir='ltr'>πῶς</span> <span class='ocrx_word' id='word_1_127' title='bbox 257 1858 417 1914; x_wconf 87' lang='grc' dir='ltr'>αὐτοῦ</span> <span class='ocrx_word' id='word_1_128' title='bbox 460 1858 560 1927; x_wconf 75' lang='grc' dir='ltr'>τῆς</span> <span class='ocrx_word' id='word_1_129' title='bbox 589 1858 847 1927; x_wconf 78' lang='grc' dir='ltr'>τελευτῆς</span> <span class='ocrx_word' id='word_1_130' title='bbox 890 1856 982 1909; x_wconf 74' lang='grc' dir='ltr'>τὸν</span> <span class='ocrx_word' id='word_1_131' title='bbox 1019 1856 1222 1926; x_wconf 83' lang='grc' dir='ltr'>τρόπον</span> <span class='ocrx_word' id='word_1_132' title='bbox 1281 1854 1517 1925; x_wconf 87' lang='grc' dir='ltr'>χαλεπόν</span> <span class='ocrx_word' id='word_1_133' title='bbox 1560 1872 1682 1908; x_wconf 89' lang='grc' dir='ltr'>τινα</span> 
     </span>
    </p>
   </div>
   <div class='ocr_carea' id='block_1_19' title="bbox 106 1937 1683 2014">
    <p class='ocr_par' dir='ltr' id='par_1_19' title="bbox 106 1937 1683 2014">
     <span class='ocr_line' id='line_1_19' title="bbox 106 1937 1683 2014; baseline -0.004 -17"><span class='ocrx_word' id='word_1_134' title='bbox 106 1945 206 1997; x_wconf 77' lang='grc' dir='ltr'>καὶ</span> <span class='ocrx_word' id='word_1_135' title='bbox 233 1942 423 2014; x_wconf 72' lang='grc' dir='ltr'>πικρὸν</span> <span class='ocrx_word' id='word_1_136' title='bbox 451 1942 775 2011; x_wconf 82' lang='grc' dir='ltr'>ἐπενόησεν,</span> <span class='ocrx_word' id='word_1_137' title='bbox 818 1939 1003 1993; x_wconf 80' lang='grc' dir='ltr'>ἱκανὸν</span> <span class='ocrx_word' id='word_1_138' title='bbox 1041 1938 1377 2003; x_wconf 79' lang='grc' dir='ltr'>ἐνδείξασθαι</span> <span class='ocrx_word' id='word_1_139' title='bbox 1415 1937 1545 1990; x_wconf 78' lang='grc' dir='ltr'>ὄντα</span> <span class='ocrx_word' id='word_1_140' title='bbox 1582 1937 1683 1990; x_wconf 89' lang='grc' dir='ltr'>κὰ-</span> 
     </span>
    </p>
   </div>
   <div class='ocr_carea' id='block_1_20' title="bbox 105 2020 1675 2096">
    <p class='ocr_par' dir='ltr' id='par_1_20' title="bbox 105 2020 1675 2096">
     <span class='ocr_line' id='line_1_20' title="bbox 105 2020 1675 2096; baseline -0.004 -17"><span class='ocrx_word' id='word_1_141' title='bbox 105 2028 286 2079; x_wconf 82' lang='grc' dir='ltr'>κείνου</span> <span class='ocrx_word' id='word_1_142' title='bbox 308 2027 403 2096; x_wconf 83' lang='grc' dir='ltr'>τήν</span> <span class='ocrx_word' id='word_1_143' title='bbox 430 2024 712 2096; x_wconf 84' lang='grc' dir='ltr'>ὠμότητα,</span> <span class='ocrx_word' id='word_1_144' title='bbox 739 2025 835 2076; x_wconf 70' lang='grc' dir='ltr'>καὶ</span> <span class='ocrx_word' id='word_1_145' title='bbox 860 2022 954 2076; x_wconf 85' lang='grc' dir='ltr'>τοῦ</span> <span class='ocrx_word' id='word_1_146' title='bbox 982 2023 1260 2094; x_wconf 89' lang='grc' dir='ltr'>μάρτυρος</span> <span class='ocrx_word' id='word_1_147' title='bbox 1283 2023 1383 2093; x_wconf 82' lang='grc' dir='ltr'>τὴν</span> <span class='ocrx_word' id='word_1_148' title='bbox 1406 2020 1675 2091; x_wconf 82' lang='grc' dir='ltr'>ἀνδρείαν.</span> 
     </span>
    </p>
   </div>
   <div class='ocr_carea' id='block_1_21' title="bbox 104 2102 1677 2180">
    <p class='ocr_par' dir='ltr' id='par_1_21' title="bbox 104 2102 1677 2180">
     <span class='ocr_line' id='line_1_21' title="bbox 104 2102 1677 2180; baseline -0.004 -20"><span class='ocrx_word' id='word_1_149' title='bbox 104 2110 204 2173; x_wconf 74' lang='grc' dir='ltr'>Τίς</span> <span class='ocrx_word' id='word_1_150' title='bbox 234 2104 321 2163; x_wconf 76' lang='grc' dir='ltr'>οὖν</span> <span class='ocrx_word' id='word_1_151' title='bbox 356 2110 385 2161; x_wconf 93' lang='lat'>6</span> <span class='ocrx_word' id='word_1_152' title='bbox 429 2109 628 2180; x_wconf 81' lang='grc' dir='ltr'>τρόπος</span> <span class='ocrx_word' id='word_1_153' title='bbox 675 2106 774 2177; x_wconf 81' lang='grc' dir='ltr'>τῆς</span> <span class='ocrx_word' id='word_1_154' title='bbox 799 2106 1104 2176; x_wconf 86' lang='grc' dir='ltr'>τιμωρίας;</span> <span class='ocrx_word' id='word_1_155' title='bbox 1159 2105 1369 2157; x_wconf 87' lang='grc' dir='ltr'>Σάκκον</span> <span class='ocrx_word' id='word_1_156' title='bbox 1423 2102 1677 2173; x_wconf 80' lang='grc' dir='ltr'>κομίσας,</span> 
     </span>
    </p>
   </div>
   <div class='ocr_carea' id='block_1_22' title="bbox 102 2190 1680 2265">
    <p class='ocr_par' dir='ltr' id='par_1_22' title="bbox 102 2190 1680 2265">
     <span class='ocr_line' id='line_1_22' title="bbox 102 2190 1680 2265; baseline -0.002 -17"><span class='ocrx_word' id='word_1_157' title='bbox 102 2195 204 2248; x_wconf 77' lang='grc' dir='ltr'>καὶ</span> <span class='ocrx_word' id='word_1_158' title='bbox 237 2196 520 2265; x_wconf 73' lang='grc' dir='ltr'>ἐμπλήσας</span> <span class='ocrx_word' id='word_1_159' title='bbox 548 2193 758 2264; x_wconf 83' lang='grc' dir='ltr'>ἄμμου,</span> <span class='ocrx_word' id='word_1_160' title='bbox 788 2192 880 2244; x_wconf 69' lang='grc' dir='ltr'>καὶ</span> <span class='ocrx_word' id='word_1_161' title='bbox 910 2191 1223 2263; x_wconf 79' lang='grc' dir='ltr'>σκορπίους,</span> <span class='ocrx_word' id='word_1_162' title='bbox 1264 2192 1358 2245; x_wconf 74' lang='grc' dir='ltr'>καὶ</span> <span class='ocrx_word' id='word_1_163' title='bbox 1383 2191 1552 2260; x_wconf 78' lang='grc' dir='ltr'>ὄφεις,</span> <span class='ocrx_word' id='word_1_164' title='bbox 1584 2190 1680 2245; x_wconf 70' lang='grc' dir='ltr'>καὶ.</span> 
     </span>
    </p>
   </div>
   <div class='ocr_carea' id='block_1_23' title="bbox 101 2273 1680 2350">
    <p class='ocr_par' dir='ltr' id='par_1_23' title="bbox 101 2273 1680 2350">
     <span class='ocr_line' id='line_1_23' title="bbox 101 2273 1680 2350; baseline -0.003 -19"><span class='ocrx_word' id='word_1_165' title='bbox 101 2279 271 2349; x_wconf 75' lang='grc' dir='ltr'>ἔχεις,</span> <span class='ocrx_word' id='word_1_166' title='bbox 296 2280 387 2332; x_wconf 60' lang='grc' dir='ltr'>καί¹</span> <span class='ocrx_word' id='word_1_167' title='bbox 412 2278 713 2350; x_wconf 83' lang='grc' dir='ltr'>δράκοντας</span> <span class='ocrx_word' id='word_1_168' title='bbox 745 2274 1023 2346; x_wconf 88' lang='grc' dir='ltr'>ἐμϐαλὼν,</span> <span class='ocrx_word' id='word_1_169' title='bbox 1050 2273 1271 2328; x_wconf 84' lang='grc' dir='ltr'>ἐνέϐαλε</span> <span class='ocrx_word' id='word_1_170' title='bbox 1305 2278 1422 2346; x_wconf 85' lang='grc' dir='ltr'>μετ’</span> <span class='ocrx_word' id='word_1_171' title='bbox 1457 2275 1680 2329; x_wconf 79' lang='grc' dir='ltr'>ἐκείνων</span> 
     </span>
    </p>
   </div>
   <div class='ocr_carea' id='block_1_24' title="bbox 100 2353 1680 2432">
    <p class='ocr_par' dir='ltr' id='par_1_24' title="bbox 100 2353 1680 2432">
     <span class='ocr_line' id='line_1_24' title="bbox 100 2353 1680 2432; baseline -0.003 -16"><span class='ocrx_word' id='word_1_172' title='bbox 100 2364 203 2417; x_wconf 76' lang='grc' dir='ltr'>καὶ</span> <span class='ocrx_word' id='word_1_173' title='bbox 243 2363 328 2417; x_wconf 87' lang='grc' dir='ltr'>τὸν</span> <span class='ocrx_word' id='word_1_174' title='bbox 387 2363 562 2431; x_wconf 84' lang='grc' dir='ltr'>ἆγιον,</span> <span class='ocrx_word' id='word_1_175' title='bbox 599 2363 694 2415; x_wconf 76' lang='grc' dir='ltr'>καὶ</span> <span class='ocrx_word' id='word_1_176' title='bbox 727 2360 907 2432; x_wconf 76' lang='grc' dir='ltr'>ῥίπτει</span> <span class='ocrx_word' id='word_1_177' title='bbox 941 2361 1020 2423; x_wconf 88' lang='grc' dir='ltr'>είς</span> <span class='ocrx_word' id='word_1_178' title='bbox 1072 2359 1133 2412; x_wconf 89' lang='lat'>16</span> <span class='ocrx_word' id='word_1_179' title='bbox 1183 2358 1437 2428; x_wconf 85' lang='grc' dir='ltr'>πέλαγος.</span> <span class='ocrx_word' id='word_1_180' title='bbox 1475 2357 1584 2411; x_wconf 70' lang='grc' dir='ltr'>Καὶ</span> <span class='ocrx_word' id='word_1_181' title='bbox 1610 2353 1680 2427; x_wconf 83' lang='grc' dir='ltr'>ἦν</span> 
     </span>
    </p>
   </div>
   <div class='ocr_carea' id='block_1_25' title="bbox 103 2438 1679 2516">
    <p class='ocr_par' dir='ltr' id='par_1_25' title="bbox 103 2438 1679 2516">
     <span class='ocr_line' id='line_1_25' title="bbox 103 2438 1679 2516; baseline -0.003 -18"><span class='ocrx_word' id='word_1_182' title='bbox 103 2447 248 2515; x_wconf 81' lang='grc' dir='ltr'>μετά</span> <span class='ocrx_word' id='word_1_183' title='bbox 279 2444 478 2516; x_wconf 86' lang='grc' dir='ltr'>θηρίων</span> <span class='ocrx_word' id='word_1_184' title='bbox 509 2446 538 2498; x_wconf 89' lang='lat'>6</span> <span class='ocrx_word' id='word_1_185' title='bbox 574 2445 799 2515; x_wconf 80' lang='grc' dir='ltr'>μάρτυς,</span> <span class='ocrx_word' id='word_1_186' title='bbox 866 2442 958 2496; x_wconf 67' lang='grc' dir='ltr'>κα)⁸</span> <span class='ocrx_word' id='word_1_187' title='bbox 1000 2440 1423 2495; x_wconf 84' lang='grc' dir='ltr'>συναπεκλείετο</span> <span class='ocrx_word' id='word_1_188' title='bbox 1469 2438 1679 2511; x_wconf 80' lang='grc' dir='ltr'>θηρίοις</span> 
     </span>
    </p>
   </div>
   <div class='ocr_carea' id='block_1_26' title="bbox 99 2518 1681 2598">
    <p class='ocr_par' dir='ltr' id='par_1_26' title="bbox 99 2518 1681 2598">
     <span class='ocr_line' id='line_1_26' title="bbox 99 2518 1681 2598; baseline -0.004 -17"><span class='ocrx_word' id='word_1_189' title='bbox 99 2528 266 2583; x_wconf 83' lang='grc' dir='ltr'>πάλιν</span> <span class='ocrx_word' id='word_1_190' title='bbox 292 2528 496 2589; x_wconf 85' lang='grc' dir='ltr'>δίκαιος</span> <span class='ocrx_word' id='word_1_191' title='bbox 526 2526 807 2598; x_wconf 81' lang='grc' dir='ltr'>ἄνθρωπος</span> <span class='ocrx_word' id='word_1_192' title='bbox 824 2543 836 2555; x_wconf 90' lang='grc'><strong>·</strong></span> <span class='ocrx_word' id='word_1_193' title='bbox 868 2524 1027 2579; x_wconf 84' lang='grc' dir='ltr'>πάλιν</span> <span class='ocrx_word' id='word_1_194' title='bbox 1047 2525 1101 2578; x_wconf 83' lang='grc' dir='ltr'>δέ</span> <span class='ocrx_word' id='word_1_195' title='bbox 1124 2518 1294 2587; x_wconf 85' lang='grc' dir='ltr'>εἶπον,</span> <span class='ocrx_word' id='word_1_196' title='bbox 1322 2524 1408 2577; x_wconf 81' lang='grc' dir='ltr'>ἵνα</span> <span class='ocrx_word' id='word_1_197' title='bbox 1439 2523 1681 2594; x_wconf 87' lang='grc' dir='ltr'>ἀναμνή-</span> 
     </span>
    </p>
   </div>
   <div class='ocr_carea' id='block_1_27' title="bbox 96 2607 1675 2683">
    <p class='ocr_par' dir='ltr' id='par_1_27' title="bbox 96 2607 1675 2683">
     <span class='ocr_line' id='line_1_27' title="bbox 96 2607 1675 2683; baseline -0.002 -19"><span class='ocrx_word' id='word_1_198' title='bbox 96 2611 271 2683; x_wconf 87' lang='grc' dir='ltr'>σθητέ</span> <span class='ocrx_word' id='word_1_199' title='bbox 304 2629 391 2683; x_wconf 90' lang='grc' dir='ltr'>μοι</span> <span class='ocrx_word' id='word_1_200' title='bbox 420 2610 651 2665; x_wconf 86' lang='grc' dir='ltr'>παλαιοῦ</span> <span class='ocrx_word' id='word_1_201' title='bbox 688 2611 1028 2681; x_wconf 83' lang='grc' dir='ltr'>διηγήματος</span> <span class='ocrx_word' id='word_1_202' title='bbox 1050 2608 1145 2661; x_wconf 90' lang='grc' dir='ltr'>τοῦ</span> <span class='ocrx_word' id='word_1_203' title='bbox 1170 2610 1311 2662; x_wconf 77' lang='grc' dir='ltr'>κατὰ</span> <span class='ocrx_word' id='word_1_204' title='bbox 1339 2608 1430 2661; x_wconf 77' lang='lat' dir='ltr'><em>16v</em></span> <span class='ocrx_word' id='word_1_205' title='bbox 1454 2607 1675 2678; x_wconf 88' lang='grc' dir='ltr'>Δανιήλ.</span> 
     </span>
    </p>
   </div>
   <div class='ocr_carea' id='block_1_28' title="bbox 109 2691 1680 2764">
    <p class='ocr_par' dir='ltr' id='par_1_28' title="bbox 109 2691 1680 2764">
     <span class='ocr_line' id='line_1_28' title="bbox 109 2691 1680 2764; baseline -0.002 -17"><span class='ocrx_word' id='word_1_206' title='bbox 109 2694 351 2749; x_wconf 78' lang='grc' dir='ltr'>Ἐκεῖνον</span> <span class='ocrx_word' id='word_1_207' title='bbox 381 2693 478 2764; x_wconf 81' lang='grc' dir='ltr'>μὲν</span> <span class='ocrx_word' id='word_1_208' title='bbox 526 2695 606 2757; x_wconf 87' lang='grc' dir='ltr'>είς</span> <span class='ocrx_word' id='word_1_209' title='bbox 636 2693 840 2748; x_wconf 79' lang='grc' dir='ltr'>λάκκον</span> <span class='ocrx_word' id='word_1_210' title='bbox 883 2691 1238 2756; x_wconf 81' lang='grc' dir='ltr'>ἀπέκλεισαν,</span> <span class='ocrx_word' id='word_1_211' title='bbox 1295 2691 1479 2744; x_wconf 84' lang='grc' dir='ltr'>τοῦτον</span> <span class='ocrx_word' id='word_1_212' title='bbox 1507 2691 1564 2745; x_wconf 74' lang='grc' dir='ltr'>δὲ</span> <span class='ocrx_word' id='word_1_213' title='bbox 1599 2693 1680 2756; x_wconf 86' lang='grc' dir='ltr'>είς</span> 
     </span>
    </p>
   </div>
   <div class='ocr_carea' id='block_1_29' title="bbox 96 2769 1681 2845">
    <p class='ocr_par' dir='ltr' id='par_1_29' title="bbox 96 2769 1681 2845">
     <span class='ocr_line' id='line_1_29' title="bbox 96 2769 1681 2845; baseline -0.003 -13"><span class='ocrx_word' id='word_1_214' title='bbox 96 2780 308 2832; x_wconf 74' lang='grc' dir='ltr'>σάκκον</span> <span class='ocrx_word' id='word_1_215' title='bbox 330 2777 583 2831; x_wconf 87' lang='grc' dir='ltr'>ἐνέϐαλον</span> <span class='ocrx_word' id='word_1_216' title='bbox 600 2795 613 2808; x_wconf 89' lang='grc'><strong>·</strong></span> <span class='ocrx_word' id='word_1_217' title='bbox 644 2779 843 2830; x_wconf 86' lang='grc' dir='ltr'>ἐκεῖνοι</span> <span class='ocrx_word' id='word_1_218' title='bbox 867 2775 1016 2829; x_wconf 86' lang='grc' dir='ltr'>λίθον</span> <span class='ocrx_word' id='word_1_219' title='bbox 1042 2774 1321 2845; x_wconf 74' lang='grc' dir='ltr'>ἐπέθηκαν</span> <span class='ocrx_word' id='word_1_220' title='bbox 1353 2775 1497 2836; x_wconf 88' lang='grc' dir='ltr'>τότε,</span> <span class='ocrx_word' id='word_1_221' title='bbox 1526 2769 1681 2840; x_wconf 76' lang='grc' dir='ltr'>οὗτος</span> 
     </span>
    </p>
   </div>
   <div class='ocr_carea' id='block_1_30' title="bbox 90 2847 1679 2933">
    <p class='ocr_par' dir='ltr' id='par_1_30' title="bbox 90 2847 1679 2933">
     <span class='ocr_line' id='line_1_30' title="bbox 90 2847 1679 2933; baseline -0.003 -18"><span class='ocrx_word' id='word_1_222' title='bbox 90 2864 197 2915; x_wconf 75' lang='grc' dir='ltr'>τὸν</span> <span class='ocrx_word' id='word_1_223' title='bbox 227 2860 426 2914; x_wconf 83' lang='grc' dir='ltr'>σάκκον</span> <span class='ocrx_word' id='word_1_224' title='bbox 451 2859 679 2933; x_wconf 60' lang='grc' dir='ltr'>ἕρῤαψε,</span> <span class='ocrx_word' id='word_1_225' title='bbox 715 2847 1032 2928; x_wconf 78' lang='grc' dir='ltr'>στενότερον</span> <span class='ocrx_word' id='word_1_226' title='bbox 1070 2857 1237 2910; x_wconf 87' lang='grc' dir='ltr'>ποιῶν</span> <span class='ocrx_word' id='word_1_227' title='bbox 1269 2857 1349 2927; x_wconf 81' lang='grc' dir='ltr'>τῷ</span> <span class='ocrx_word' id='word_1_228' title='bbox 1391 2857 1581 2928; x_wconf 81' lang='grc' dir='ltr'>δικαίῳ</span> <span class='ocrx_word' id='word_1_229' title='bbox 1619 2857 1679 2911; x_wconf 96' lang='lat'>16</span> 
     </span>
    </p>
   </div>
   <div class='ocr_carea' id='block_1_31' title="bbox 89 2940 1679 3016">
    <p class='ocr_par' dir='ltr' id='par_1_31' title="bbox 89 2940 1679 3016">
     <span class='ocr_line' id='line_1_31' title="bbox 89 2940 1679 3016; baseline -0.003 -18"><span class='ocrx_word' id='word_1_230' title='bbox 89 2944 490 3016; x_wconf 70' lang='grc' dir='ltr'>δεσμωτήριον.</span> <span class='ocrx_word' id='word_1_231' title='bbox 534 2941 694 2996; x_wconf 80' lang='grc' dir='ltr'>Ἀλλά</span> <span class='ocrx_word' id='word_1_232' title='bbox 726 2940 999 3012; x_wconf 82' lang='grc' dir='ltr'>πανταχοῦ</span> <span class='ocrx_word' id='word_1_233' title='bbox 1030 2940 1301 2994; x_wconf 80' lang='grc' dir='ltr'>αἰδοῦνται</span> <span class='ocrx_word' id='word_1_234' title='bbox 1352 2941 1421 2995; x_wconf 85' lang='grc' dir='ltr'>τὰ</span> <span class='ocrx_word' id='word_1_235' title='bbox 1451 2940 1679 3011; x_wconf 62' lang='grc' dir='ltr'>σὼμὍιτα</span> 
     </span>
    </p>
   </div>
   <div class='ocr_carea' id='block_1_32' title="bbox 88 3023 1679 3096">
    <p class='ocr_par' dir='ltr' id='par_1_32' title="bbox 88 3023 1679 3096">
     <span class='ocr_line' id='line_1_32' title="bbox 88 3023 1679 3096; baseline -0.004 -15"><span class='ocrx_word' id='word_1_236' title='bbox 88 3027 212 3082; x_wconf 86' lang='grc' dir='ltr'>τῶν</span> <span class='ocrx_word' id='word_1_237' title='bbox 262 3028 431 3095; x_wconf 90' lang='grc' dir='ltr'>ἁγίων</span> <span class='ocrx_word' id='word_1_238' title='bbox 483 3026 534 3080; x_wconf 86' lang='grc' dir='ltr'>οί</span> <span class='ocrx_word' id='word_1_239' title='bbox 563 3026 750 3096; x_wconf 84' lang='grc' dir='ltr'>θῆρες,</span> <span class='ocrx_word' id='word_1_240' title='bbox 790 3026 869 3087; x_wconf 88' lang='grc' dir='ltr'>είς</span> <span class='ocrx_word' id='word_1_241' title='bbox 904 3023 1166 3093; x_wconf 72' lang='grc' dir='ltr'>αἰσχύνην</span> <span class='ocrx_word' id='word_1_242' title='bbox 1198 3024 1291 3076; x_wconf 76' lang='grc' dir='ltr'>καὶ</span> <span class='ocrx_word' id='word_1_243' title='bbox 1344 3024 1679 3094; x_wconf 80' lang='grc' dir='ltr'>κατηγορίαν</span> 
     </span>
    </p>
   </div>
   <div class='ocr_carea' id='block_1_33' title="bbox 88 3105 1679 3181">
    <p class='ocr_par' dir='ltr' id='par_1_33' title="bbox 88 3105 1679 3181">
     <span class='ocr_line' id='line_1_33' title="bbox 88 3105 1679 3181; baseline -0.003 -17"><span class='ocrx_word' id='word_1_244' title='bbox 88 3112 211 3164; x_wconf 84' lang='grc' dir='ltr'>τῶν</span> <span class='ocrx_word' id='word_1_245' title='bbox 239 3111 382 3180; x_wconf 88' lang='grc' dir='ltr'>λόγῳ</span> <span class='ocrx_word' id='word_1_246' title='bbox 415 3110 796 3181; x_wconf 81' lang='grc' dir='ltr'>τετιμημένων</span> <span class='ocrx_word' id='word_1_247' title='bbox 822 3148 839 3172; x_wconf 90' lang='grc'>,</span> <span class='ocrx_word' id='word_1_248' title='bbox 890 3108 985 3160; x_wconf 74' lang='grc' dir='ltr'>καὶ</span> <span class='ocrx_word' id='word_1_249' title='bbox 1043 3105 1346 3176; x_wconf 84' lang='grc' dir='ltr'>ἀνθρώπων</span> <span class='ocrx_word' id='word_1_250' title='bbox 1382 3107 1482 3176; x_wconf 80' lang='grc' dir='ltr'>μὲν</span> <span class='ocrx_word' id='word_1_251' title='bbox 1542 3105 1679 3160; x_wconf 82' lang='grc' dir='ltr'>εἶναι</span> 
     </span>
    </p>
   </div>
   <div class='ocr_carea' id='block_1_34' title="bbox 88 3189 1681 3262">
    <p class='ocr_par' dir='ltr' id='par_1_34' title="bbox 88 3189 1681 3262">
     <span class='ocr_line' id='line_1_34' title="bbox 88 3189 1681 3262; baseline -0.004 -14"><span class='ocrx_word' id='word_1_252' title='bbox 88 3193 545 3259; x_wconf 76' lang='grc' dir='ltr'>καταξιωθέντων</span> <span class='ocrx_word' id='word_1_253' title='bbox 569 3232 584 3255; x_wconf 93' lang='grc'>,</span> <span class='ocrx_word' id='word_1_254' title='bbox 620 3192 718 3262; x_wconf 82' lang='grc' dir='ltr'>τὴν</span> <span class='ocrx_word' id='word_1_255' title='bbox 758 3191 817 3244; x_wconf 76' lang='grc' dir='ltr'>δὲ</span> <span class='ocrx_word' id='word_1_256' title='bbox 846 3189 1070 3243; x_wconf 80' lang='grc' dir='ltr'>ἐκείνων</span> <span class='ocrx_word' id='word_1_257' title='bbox 1117 3191 1416 3260; x_wconf 83' lang='grc' dir='ltr'>ἀγριότητα</span> <span class='ocrx_word' id='word_1_258' title='bbox 1466 3192 1529 3260; x_wconf 81' lang='grc' dir='ltr'>τῇ</span> <span class='ocrx_word' id='word_1_259' title='bbox 1579 3189 1681 3260; x_wconf 82' lang='grc' dir='ltr'>τῆς</span> 
     </span>
    </p>
   </div>
   <div class='ocr_carea' id='block_1_35' title="bbox 87 3269 1681 3347">
    <p class='ocr_par' dir='ltr' id='par_1_35' title="bbox 87 3269 1681 3347">
     <span class='ocr_line' id='line_1_35' title="bbox 87 3269 1681 3347; baseline -0.004 -17"><span class='ocrx_word' id='word_1_260' title='bbox 87 3277 306 3340; x_wconf 81' lang='grc' dir='ltr'>οίκείας</span> <span class='ocrx_word' id='word_1_261' title='bbox 358 3275 629 3347; x_wconf 73' lang='grc' dir='ltr'>ὑπερϐολῇ</span> <span class='ocrx_word' id='word_1_262' title='bbox 681 3273 973 3346; x_wconf 85' lang='grc' dir='ltr'>θηριωδίας</span> <span class='ocrx_word' id='word_1_263' title='bbox 1031 3272 1510 3344; x_wconf 83' lang='grc' dir='ltr'>ἀποκρυπτόντων·</span> <span class='ocrx_word' id='word_1_264' title='bbox 1569 3269 1681 3325; x_wconf 78' lang='grc' dir='ltr'>οἷον</span> 
     </span>
    </p>
   </div>
   <div class='ocr_carea' id='block_1_36' title="bbox 85 3350 1681 3426">
    <p class='ocr_par' dir='ltr' id='par_1_36' title="bbox 85 3350 1681 3426">
     <span class='ocr_line' id='line_1_36' title="bbox 85 3350 1681 3426; baseline -0.004 -12"><span class='ocrx_word' id='word_1_265' title='bbox 85 3361 250 3423; x_wconf 80' lang='grc' dir='ltr'>εἰκὸς</span> <span class='ocrx_word' id='word_1_266' title='bbox 281 3355 545 3413; x_wconf 79' lang='grc' dir='ltr'>εἶναικαὶ</span> <span class='ocrx_word' id='word_1_267' title='bbox 595 3355 782 3411; x_wconf 83' lang='grc' dir='ltr'>τοῦτον</span> <span class='ocrx_word' id='word_1_268' title='bbox 829 3357 918 3409; x_wconf 85' lang='grc' dir='ltr'>τὸν</span> <span class='ocrx_word' id='word_1_269' title='bbox 946 3356 1226 3426; x_wconf 90' lang='grc' dir='ltr'>τύραννον.</span> <span class='ocrx_word' id='word_1_270' title='bbox 1283 3356 1393 3408; x_wconf 78' lang='grc' dir='ltr'>Καὶ</span> <span class='ocrx_word' id='word_1_271' title='bbox 1438 3350 1506 3425; x_wconf 76' lang='grc' dir='ltr'>ἦν</span> <span class='ocrx_word' id='word_1_272' title='bbox 1555 3354 1681 3408; x_wconf 85' lang='grc' dir='ltr'>ἰδεῖν</span> 
     </span>
    </p>
   </div>
   <div class='ocr_carea' id='block_1_37' title="bbox 84 3437 1677 3515">
    <p class='ocr_par' dir='ltr' id='par_1_37' title="bbox 84 3437 1677 3515">
     <span class='ocr_line' id='line_1_37' title="bbox 84 3437 1677 3515; baseline -0.004 -17"><span class='ocrx_word' id='word_1_273' title='bbox 84 3446 288 3515; x_wconf 80' lang='grc' dir='ltr'>θαῦμα</span> <span class='ocrx_word' id='word_1_274' title='bbox 349 3440 673 3514; x_wconf 81' lang='grc' dir='ltr'>παράδοξον,</span> <span class='ocrx_word' id='word_1_275' title='bbox 714 3442 813 3494; x_wconf 85' lang='grc' dir='ltr'>ούκ</span> <span class='ocrx_word' id='word_1_276' title='bbox 852 3440 1070 3493; x_wconf 79' lang='grc' dir='ltr'>ἔλαττον</span> <span class='ocrx_word' id='word_1_277' title='bbox 1125 3438 1158 3509; x_wconf 83' lang='grc' dir='ltr'><strong>ἦ</strong></span> <span class='ocrx_word' id='word_1_278' title='bbox 1206 3439 1298 3491; x_wconf 77' lang='grc' dir='ltr'>ἐπὶ</span> <span class='ocrx_word' id='word_1_279' title='bbox 1329 3437 1423 3490; x_wconf 86' lang='grc' dir='ltr'>τοῦ</span> <span class='ocrx_word' id='word_1_280' title='bbox 1458 3437 1677 3507; x_wconf 76' lang='grc' dir='ltr'>Δανιὴλ.</span> 
     </span>
    </p>
   </div>
   <div class='ocr_carea' id='block_1_38' title="bbox 84 3519 1682 3599">
    <p class='ocr_par' dir='ltr' id='par_1_38' title="bbox 84 3519 1682 3599">
     <span class='ocr_line' id='line_1_38' title="bbox 84 3519 1682 3599; baseline -0.006 -16"><span class='ocrx_word' id='word_1_281' title='bbox 84 3529 376 3599; x_wconf 76' lang='grc' dir='ltr'>Καθάπερ</span> <span class='ocrx_word' id='word_1_282' title='bbox 402 3526 511 3598; x_wconf 71' lang='grc' dir='ltr'>γάρ</span> <span class='ocrx_word' id='word_1_283' title='bbox 545 3526 752 3579; x_wconf 86' lang='grc' dir='ltr'>ἐκεῖνον</span> <span class='ocrx_word' id='word_1_284' title='bbox 775 3523 895 3576; x_wconf 90' lang='grc' dir='ltr'>τότε</span> <span class='ocrx_word' id='word_1_285' title='bbox 930 3522 1049 3591; x_wconf 83' lang='grc' dir='ltr'>μεθ’</span> <span class='ocrx_word' id='word_1_286' title='bbox 1089 3520 1301 3591; x_wconf 79' lang='grc' dir='ltr'>ἡμέρας</span> <span class='ocrx_word' id='word_1_287' title='bbox 1343 3519 1545 3583; x_wconf 84' lang='grc' dir='ltr'>πολλάς</span> <span class='ocrx_word' id='word_1_288' title='bbox 1575 3521 1682 3574; x_wconf 77' lang='grc' dir='ltr'>ἀπὸ</span> 
     </span>
    </p>
   </div>
   <div class='ocr_carea' id='block_1_39' title="bbox 84 3602 1683 3672">
    <p class='ocr_par' dir='ltr' id='par_1_39' title="bbox 84 3602 1683 3672">
     <span class='ocr_line' id='line_1_39' title="bbox 84 3602 1683 3672; baseline -0.007 -5"><span class='ocrx_word' id='word_1_289' title='bbox 84 3614 193 3667; x_wconf 76' lang='grc' dir='ltr'>τοῦ</span> <span class='ocrx_word' id='word_1_290' title='bbox 224 3612 427 3664; x_wconf 81' lang='grc' dir='ltr'>λάκκου</span> <span class='ocrx_word' id='word_1_291' title='bbox 449 3607 556 3663; x_wconf 87' lang='grc' dir='ltr'>τῶν</span> <span class='ocrx_word' id='word_1_292' title='bbox 574 3607 803 3660; x_wconf 77' lang='grc' dir='ltr'>λεόντων</span> <span class='ocrx_word' id='word_1_293' title='bbox 828 3604 1105 3658; x_wconf 83' lang='grc' dir='ltr'>ἀναϐάντα</span> <span class='ocrx_word' id='word_1_294' title='bbox 1133 3602 1450 3672; x_wconf 82' lang='grc' dir='ltr'>ἐθαύμασαν</span> <span class='ocrx_word' id='word_1_295' title='bbox 1484 3603 1683 3669; x_wconf 76' lang='grc' dir='ltr'>ἰδόντες</span> 
     </span>
    </p>
   </div>
   <div class='ocr_carea' id='block_1_40' title="bbox 82 3685 1682 3758">
    <p class='ocr_par' dir='ltr' id='par_1_40' title="bbox 82 3685 1682 3758">
     <span class='ocr_line' id='line_1_40' title="bbox 82 3685 1682 3758; baseline -0.006 -9"><span class='ocrx_word' id='word_1_296' title='bbox 82 3700 135 3749; x_wconf 82' lang='grc' dir='ltr'>οἱ</span> <span class='ocrx_word' id='word_1_297' title='bbox 174 3693 529 3754; x_wconf 84' lang='grc' dir='ltr'>Βαϐυλώνιοι,</span> <span class='ocrx_word' id='word_1_298' title='bbox 568 3689 709 3743; x_wconf 78' lang='grc' dir='ltr'>οὕτω</span> <span class='ocrx_word' id='word_1_299' title='bbox 758 3690 854 3742; x_wconf 75' lang='grc' dir='ltr'>καὶ</span> <span class='ocrx_word' id='word_1_300' title='bbox 890 3688 988 3758; x_wconf 84' lang='grc' dir='ltr'>τὴν</span> <span class='ocrx_word' id='word_1_301' title='bbox 1026 3685 1314 3739; x_wconf 80' lang='grc' dir='ltr'>’ίουλιανοῦ</span> <span class='ocrx_word' id='word_1_302' title='bbox 1356 3686 1536 3757; x_wconf 71' lang='grc' dir='ltr'>ψυχὴν</span> <span class='ocrx_word' id='word_1_303' title='bbox 1573 3687 1682 3740; x_wconf 76' lang='grc' dir='ltr'>άπὸ</span> 
     </span>
    </p>
   </div>
   <div class='ocr_carea' id='block_1_41' title="bbox 75 3767 1682 3842">
    <p class='ocr_par' dir='ltr' id='par_1_41' title="bbox 75 3767 1682 3842">
     <span class='ocr_line' id='line_1_41' title="bbox 75 3767 1682 3842; baseline -0.007 -9"><span class='ocrx_word' id='word_1_304' title='bbox 75 3779 192 3833; x_wconf 82' lang='grc' dir='ltr'>τοῦ</span> <span class='ocrx_word' id='word_1_305' title='bbox 223 3778 430 3830; x_wconf 84' lang='grc' dir='ltr'>σάκκου</span> <span class='ocrx_word' id='word_1_306' title='bbox 463 3775 558 3828; x_wconf 81' lang='grc' dir='ltr'>καὶ</span> <span class='ocrx_word' id='word_1_307' title='bbox 591 3773 698 3827; x_wconf 86' lang='grc' dir='ltr'>τῶν</span> <span class='ocrx_word' id='word_1_308' title='bbox 733 3771 998 3842; x_wconf 79' lang='grc' dir='ltr'>κυμάτων</span> <span class='ocrx_word' id='word_1_309' title='bbox 1048 3767 1449 3823; x_wconf 88' lang='grc' dir='ltr'>ἁναϐαίνουσαν</span> <span class='ocrx_word' id='word_1_310' title='bbox 1480 3771 1558 3831; x_wconf 86' lang='grc' dir='ltr'>εἰς</span> <span class='ocrx_word' id='word_1_311' title='bbox 1592 3770 1682 3822; x_wconf 76' lang='grc' dir='ltr'>τὸν</span> 
     </span>
    </p>
   </div>
   <div class='ocr_carea' id='block_1_42' title="bbox 80 3851 1683 3932">
    <p class='ocr_par' dir='ltr' id='par_1_42' title="bbox 80 3851 1683 3932">
     <span class='ocr_line' id='line_1_42' title="bbox 80 3851 1683 3932; baseline -0.006 -17"><span class='ocrx_word' id='word_1_312' title='bbox 80 3860 330 3932; x_wconf 76' lang='grc' dir='ltr'>οὐρανὸν</span> <span class='ocrx_word' id='word_1_313' title='bbox 369 3858 688 3927; x_wconf 74' lang='grc' dir='ltr'>ἐθαύμασαν</span> <span class='ocrx_word' id='word_1_314' title='bbox 719 3854 954 3926; x_wconf 82' lang='grc' dir='ltr'>ὁρῶντες</span> <span class='ocrx_word' id='word_1_315' title='bbox 987 3853 1037 3907; x_wconf 86' lang='grc' dir='ltr'>οἱ</span> <span class='ocrx_word' id='word_1_316' title='bbox 1099 3851 1344 3920; x_wconf 79' lang='grc' dir='ltr'>ἄγγελοι.</span> <span class='ocrx_word' id='word_1_317' title='bbox 1398 3851 1454 3906; x_wconf 77' lang='grc' dir='ltr'><strong>Ὀ</strong></span> <span class='ocrx_word' id='word_1_318' title='bbox 1485 3853 1683 3925; x_wconf 81' lang='grc' dir='ltr'>Δανιὴλ</span> 
     </span>
    </p>
   </div>
   <div class='ocr_carea' id='block_1_43' title="bbox 80 3935 1683 4015">
    <p class='ocr_par' dir='ltr' id='par_1_43' title="bbox 80 3935 1683 4015">
     <span class='ocr_line' id='line_1_43' title="bbox 80 3935 1683 4015; baseline -0.013 -16"><span class='ocrx_word' id='word_1_319' title='bbox 80 3942 516 4015; x_wconf 75' lang='grc' dir='ltr'>κατηγωνίσατο</span> <span class='ocrx_word' id='word_1_320' title='bbox 543 3942 637 3994; x_wconf 76' lang='grc' dir='ltr'>καὶ</span> <span class='ocrx_word' id='word_1_321' title='bbox 683 3940 904 4008; x_wconf 84' lang='grc' dir='ltr'>ἐνίκησε</span> <span class='ocrx_word' id='word_1_322' title='bbox 942 3935 1036 3989; x_wconf 88' lang='grc' dir='ltr'>δύο</span> <span class='ocrx_word' id='word_1_323' title='bbox 1066 3936 1311 4000; x_wconf 84' lang='grc' dir='ltr'>λέοντας,</span> <span class='ocrx_word' id='word_1_324' title='bbox 1347 3935 1463 3990; x_wconf 75' lang='grc' dir='ltr'>ἀλλ’</span> <span class='ocrx_word' id='word_1_325' title='bbox 1492 3936 1683 4007; x_wconf 79' lang='grc' dir='ltr'>αἰσθη-</span> 
     </span>
    </p>
   </div>
   <div class='ocr_carea' id='block_1_44' title="bbox 77 4018 1680 4093">
    <p class='ocr_par' dir='ltr' id='par_1_44' title="bbox 77 4018 1680 4093">
     <span class='ocr_line' id='line_1_44' title="bbox 77 4018 1680 4093; baseline -0.001 -17"><span class='ocrx_word' id='word_1_326' title='bbox 77 4028 255 4090; x_wconf 80' lang='grc' dir='ltr'>τούς·</span> <span class='ocrx_word' id='word_1_327' title='bbox 291 4018 446 4088; x_wconf 73' lang='grc' dir='ltr'>οὗτος</span> <span class='ocrx_word' id='word_1_328' title='bbox 471 4022 884 4093; x_wconf 79' lang='grc' dir='ltr'>κατηγωνίσατο</span> <span class='ocrx_word' id='word_1_329' title='bbox 923 4022 1016 4074; x_wconf 74' lang='grc' dir='ltr'>καὶ</span> <span class='ocrx_word' id='word_1_330' title='bbox 1070 4022 1320 4092; x_wconf 77' lang='grc' dir='ltr'>ἐνίκησεν</span> <span class='ocrx_word' id='word_1_331' title='bbox 1347 4020 1443 4072; x_wconf 73' lang='grc' dir='ltr'>ἕνα</span> <span class='ocrx_word' id='word_1_332' title='bbox 1473 4020 1680 4086; x_wconf 86' lang='grc' dir='ltr'>λέοντα,</span> 
     </span>
    </p>
   </div>
   <div class='ocr_carea' id='block_1_45' title="bbox 75 4102 1684 4180">
    <p class='ocr_par' dir='ltr' id='par_1_45' title="bbox 75 4102 1684 4180">
     <span class='ocr_line' id='line_1_45' title="bbox 75 4102 1684 4180; baseline -0.006 -14"><span class='ocrx_word' id='word_1_333' title='bbox 75 4118 101 4166; x_wconf 78' lang='grc' dir='ltr'>ιΞ</span> <span class='ocrx_word' id='word_1_334' title='bbox 121 4112 233 4165; x_wconf 85' lang='grc' dir='ltr'>λλά</span> <span class='ocrx_word' id='word_1_335' title='bbox 260 4111 479 4180; x_wconf 88' lang='grc' dir='ltr'>νοητόν.</span> <span class='ocrx_word' id='word_1_336' title='bbox 522 4106 583 4163; x_wconf 82' lang='grc' dir='ltr'>Ὀ</span> <span class='ocrx_word' id='word_1_337' title='bbox 611 4108 725 4177; x_wconf 85' lang='grc' dir='ltr'>γὰρ</span> <span class='ocrx_word' id='word_1_338' title='bbox 756 4104 948 4176; x_wconf 83' lang='grc' dir='ltr'>ἐχθρὸς</span> <span class='ocrx_word' id='word_1_339' title='bbox 977 4150 991 4171; x_wconf 85' lang='grc'>,</span> <span class='ocrx_word' id='word_1_340' title='bbox 1023 4105 1210 4174; x_wconf 71' lang='grc' dir='ltr'>φησὶν,</span> <span class='ocrx_word' id='word_1_341' title='bbox 1242 4103 1401 4175; x_wconf 80' lang='grc' dir='ltr'>ἡμῶν</span> <span class='ocrx_word' id='word_1_342' title='bbox 1441 4102 1684 4168; x_wconf 84' lang='grc' dir='ltr'>διάϐολος</span> 
     </span>
    </p>
   </div>
   <div class='ocr_carea' id='block_1_46' title="bbox 84 4185 1681 4266">
    <p class='ocr_par' dir='ltr' id='par_1_46' title="bbox 84 4185 1681 4266">
     <span class='ocr_line' id='line_1_46' title="bbox 84 4185 1681 4266; baseline -0.006 -18"><span class='ocrx_word' id='word_1_343' title='bbox 84 4194 455 4266; x_wconf 63' lang='grc' dir='ltr'>περιέρχεται</span> <span class='ocrx_word' id='word_1_344' title='bbox 475 4192 549 4255; x_wconf 84' lang='grc' dir='ltr'>ὡς</span> <span class='ocrx_word' id='word_1_345' title='bbox 568 4191 704 4243; x_wconf 85' lang='grc' dir='ltr'>λέων</span> <span class='ocrx_word' id='word_1_346' title='bbox 725 4189 1059 4260; x_wconf 85' lang='grc' dir='ltr'>ὼρυόμενος,</span> <span class='ocrx_word' id='word_1_347' title='bbox 1079 4185 1257 4256; x_wconf 77' lang='grc' dir='ltr'>ζητῶν</span> <span class='ocrx_word' id='word_1_348' title='bbox 1272 4186 1396 4239; x_wconf 87' lang='grc' dir='ltr'>τίνα</span> <span class='ocrx_word' id='word_1_349' title='bbox 1417 4188 1681 4259; x_wconf 75' lang='grc' dir='ltr'>καταπίῃο</span> 
     </span>
    </p>
   </div>
   <div class='ocr_carea' id='block_1_47' title="bbox 75 4269 1684 4349">
    <p class='ocr_par' dir='ltr' id='par_1_47' title="bbox 75 4269 1684 4349">
     <span class='ocr_line' id='line_1_47' title="bbox 75 4269 1684 4349; baseline -0.006 -17"><span class='ocrx_word' id='word_1_350' title='bbox 75 4278 212 4332; x_wconf 81' lang='grc' dir='ltr'>ἀλλ’</span> <span class='ocrx_word' id='word_1_351' title='bbox 236 4276 453 4349; x_wconf 79' lang='grc' dir='ltr'>ἡττήθη</span> <span class='ocrx_word' id='word_1_352' title='bbox 483 4277 550 4344; x_wconf 83' lang='grc' dir='ltr'>τῇ</span> <span class='ocrx_word' id='word_1_353' title='bbox 586 4272 806 4343; x_wconf 77' lang='grc' dir='ltr'>ἀνδρείᾳ</span> <span class='ocrx_word' id='word_1_354' title='bbox 837 4270 931 4325; x_wconf 89' lang='grc' dir='ltr'>τοῦ</span> <span class='ocrx_word' id='word_1_355' title='bbox 969 4271 1244 4341; x_wconf 86' lang='grc' dir='ltr'>μάρτυρος</span> <span class='ocrx_word' id='word_1_356' title='bbox 1265 4284 1278 4297; x_wconf 90' lang='grc'><strong>·</strong></span> <span class='ocrx_word' id='word_1_357' title='bbox 1305 4269 1538 4322; x_wconf 80' lang='grc' dir='ltr'>ἀπέθετο</span> <span class='ocrx_word' id='word_1_358' title='bbox 1576 4271 1684 4342; x_wconf 81' lang='grc' dir='ltr'>γὰρ</span> 
     </span>
    </p>
   </div>
   <div class='ocr_carea' id='block_1_48' title="bbox 72 4351 1685 4429">
    <p class='ocr_par' dir='ltr' id='par_1_48' title="bbox 72 4351 1685 4429">
     <span class='ocr_line' id='line_1_48' title="bbox 72 4351 1685 4429; baseline -0.003 -16"><span class='ocrx_word' id='word_1_359' title='bbox 72 4364 182 4416; x_wconf 70' lang='grc' dir='ltr'>τὸν</span> <span class='ocrx_word' id='word_1_360' title='bbox 218 4363 299 4414; x_wconf 84' lang='grc' dir='ltr'>ίὸν</span> <span class='ocrx_word' id='word_1_361' title='bbox 323 4360 426 4429; x_wconf 81' lang='grc' dir='ltr'>τῆς</span> <span class='ocrx_word' id='word_1_362' title='bbox 450 4357 725 4429; x_wconf 76' lang='grc' dir='ltr'>ἁμαρτίας</span> <span class='ocrx_word' id='word_1_363' title='bbox 742 4373 757 4387; x_wconf 74' lang='grc' dir='ltr'><strong>ο</strong></span> <span class='ocrx_word' id='word_1_364' title='bbox 779 4356 969 4426; x_wconf 81' lang='grc' dir='ltr'>διόπερ</span> <span class='ocrx_word' id='word_1_365' title='bbox 996 4356 1056 4408; x_wconf 80' lang='lat'>06</span> <span class='ocrx_word' id='word_1_366' title='bbox 1094 4352 1322 4407; x_wconf 80' lang='grc' dir='ltr'>κατέπιε</span> <span class='ocrx_word' id='word_1_367' title='bbox 1353 4351 1541 4407; x_wconf 83' lang='grc' dir='ltr'>τοῦτον</span> <span class='ocrx_word' id='word_1_368' title='bbox 1563 4371 1576 4384; x_wconf 62' lang='grc' dir='ltr'>θ</span> <span class='ocrx_word' id='word_1_369' title='bbox 1597 4354 1685 4408; x_wconf 76' lang='grc' dir='ltr'>διὰ</span> 
     </span>
    </p>
   </div>
   <div class='ocr_carea' id='block_1_49' title="bbox 1202 370 2206 433">
    <p class='ocr_par' dir='ltr' id='par_1_49' title="bbox 1202 370 2206 433">
     <span class='ocr_line' id='line_1_49' title="bbox 1202 370 2206 433; baseline 0.001 -4"><span class='ocrx_word' id='word_1_370' title='bbox 1202 372 1268 431; x_wconf 74' lang='lat' dir='ltr'>IN</span> <span class='ocrx_word' id='word_1_371' title='bbox 1303 374 1360 433; x_wconf 85' lang='lat' dir='ltr'>S.</span> <span class='ocrx_word' id='word_1_372' title='bbox 1403 370 1752 432; x_wconf 75' lang='lat' dir='ltr'>JULlANUM</span> <span class='ocrx_word' id='word_1_373' title='bbox 1792 370 2206 430; x_wconf 72' lang='lat' dir='ltr'>MARTYR’EM.</span> 
     </span>
    </p>
   </div>
   <div class='ocr_carea' id='block_1_50' title="bbox 3260 388 3363 444">
    <p class='ocr_par' dir='ltr' id='par_1_50' title="bbox 3260 388 3363 444">
     <span class='ocr_line' id='line_1_50' title="bbox 3260 388 3363 444; baseline 0.01 -1"><span class='ocrx_word' id='word_1_374' title='bbox 3260 388 3363 444; x_wconf 73' lang='grc' dir='ltr'>οτι</span> 
     </span>
    </p>
   </div>
   <div class='ocr_carea' id='block_1_51' title="bbox 1793 491 3363 570">
    <p class='ocr_par' dir='ltr' id='par_1_51' title="bbox 1793 491 3363 570">
     <span class='ocr_line' id='line_1_51' title="bbox 1793 491 3363 570; baseline 0.008 -26"><span class='ocrx_word' id='word_1_375' title='bbox 1793 508 1909 555; x_wconf 85' lang='grc' dir='ltr'>κεν,</span> <span class='ocrx_word' id='word_1_376' title='bbox 1936 492 2022 547; x_wconf 87' lang='grc' dir='ltr'>ῐνα</span> <span class='ocrx_word' id='word_1_377' title='bbox 2048 492 2261 563; x_wconf 70' lang='grc' dir='ltr'>ἔχωμεν</span> <span class='ocrx_word' id='word_1_378' title='bbox 2287 491 2593 564; x_wconf 79' lang='grc' dir='ltr'>ὑπόμνησιν</span> <span class='ocrx_word' id='word_1_379' title='bbox 2623 493 2824 567; x_wconf 81' lang='grc' dir='ltr'>ἀρετῆς</span> <span class='ocrx_word' id='word_1_380' title='bbox 2854 493 3118 566; x_wconf 81' lang='grc' dir='ltr'>διηνεκῶς</span> <span class='ocrx_word' id='word_1_381' title='bbox 3141 500 3210 554; x_wconf 84' lang='grc' dir='ltr'>τά</span> <span class='ocrx_word' id='word_1_382' title='bbox 3234 500 3363 570; x_wconf 68' lang='grc' dir='ltr'>ἅγια</span> 
     </span>
    </p>
   </div>
   <div class='ocr_carea' id='block_1_52' title="bbox 1788 582 3364 664">
    <p class='ocr_par' dir='ltr' id='par_1_52' title="bbox 1788 582 3364 664">
     <span class='ocr_line' id='line_1_52' title="bbox 1788 582 3364 664; baseline 0.011 -31"><span class='ocrx_word' id='word_1_383' title='bbox 1788 582 1991 635; x_wconf 90' lang='grc' dir='ltr'>τούτων</span> <span class='ocrx_word' id='word_1_384' title='bbox 2040 583 2223 638; x_wconf 83' lang='grc' dir='ltr'>ὀστέα.</span> <span class='ocrx_word' id='word_1_385' title='bbox 2252 583 2319 637; x_wconf 72' lang='lat' dir='ltr'>Et</span> <span class='ocrx_word' id='word_1_386' title='bbox 2373 584 2483 656; x_wconf 82' lang='grc' dir='ltr'>γάρ</span> <span class='ocrx_word' id='word_1_387' title='bbox 2513 586 2650 639; x_wconf 79' lang='grc' dir='ltr'>ὅπλα</span> <span class='ocrx_word' id='word_1_388' title='bbox 2700 603 2783 651; x_wconf 86' lang='grc' dir='ltr'>τις</span> <span class='ocrx_word' id='word_1_389' title='bbox 2821 589 3122 657; x_wconf 87' lang='grc' dir='ltr'>ἀγωνιστοῦ</span> <span class='ocrx_word' id='word_1_390' title='bbox 3151 594 3364 664; x_wconf 78' lang='grc' dir='ltr'>βλέπων</span> 
     </span>
    </p>
   </div>
   <div class='ocr_carea' id='block_1_53' title="bbox 1787 672 3366 752">
    <p class='ocr_par' dir='ltr' id='par_1_53' title="bbox 1787 672 3366 752">
     <span class='ocr_line' id='line_1_53' title="bbox 1787 672 3366 752; baseline 0.009 -27"><span class='ocrx_word' id='word_1_391' title='bbox 1787 672 2101 743; x_wconf 74' lang='grc' dir='ltr'>ᾑμαγμένα,</span> <span class='ocrx_word' id='word_1_392' title='bbox 2126 672 2280 747; x_wconf 83' lang='lat'>[677]</span> <span class='ocrx_word' id='word_1_393' title='bbox 2310 675 2531 739; x_wconf 84' lang='grc' dir='ltr'>ἀσπίδα,</span> <span class='ocrx_word' id='word_1_394' title='bbox 2552 676 2648 729; x_wconf 76' lang='grc' dir='ltr'>καὶ</span> <span class='ocrx_word' id='word_1_395' title='bbox 2674 676 2821 750; x_wconf 89' lang='grc' dir='ltr'>δόρυ,</span> <span class='ocrx_word' id='word_1_396' title='bbox 2846 680 2940 732; x_wconf 65' lang='grc' dir='ltr'>καί¹</span> <span class='ocrx_word' id='word_1_397' title='bbox 2977 679 3220 752; x_wconf 77' lang='grc' dir='ltr'>θώρακα,</span> <span class='ocrx_word' id='word_1_398' title='bbox 3260 684 3366 740; x_wconf 69' lang='grc' dir='ltr'>κᾶν</span> 
     </span>
    </p>
   </div>
   <div class='ocr_carea' id='block_1_54' title="bbox 1788 761 3367 845">
    <p class='ocr_par' dir='ltr' id='par_1_54' title="bbox 1788 761 3367 845">
     <span class='ocr_line' id='line_1_54' title="bbox 1788 761 3367 845; baseline 0.008 -29"><span class='ocrx_word' id='word_1_399' title='bbox 1788 763 2045 817; x_wconf 85' lang='grc' dir='ltr'>ἁπάντων</span> <span class='ocrx_word' id='word_1_400' title='bbox 2067 764 2401 834; x_wconf 87' lang='grc' dir='ltr'>νωθρότατος</span> <span class='ocrx_word' id='word_1_401' title='bbox 2428 761 2484 838; x_wconf 83' lang='grc' dir='ltr'>ᾗ,</span> <span class='ocrx_word' id='word_1_402' title='bbox 2504 764 2707 829; x_wconf 78' lang='grc' dir='ltr'>εὐθέως</span> <span class='ocrx_word' id='word_1_403' title='bbox 2727 765 3028 833; x_wconf 79' lang='grc' dir='ltr'>ἐξάλλεται,</span> <span class='ocrx_word' id='word_1_404' title='bbox 3054 770 3147 824; x_wconf 76' lang='grc' dir='ltr'>καὶ</span> <span class='ocrx_word' id='word_1_405' title='bbox 3171 772 3367 845; x_wconf 85' lang='grc' dir='ltr'>θερμό-</span> 
     </span>
    </p>
   </div>
   <div class='ocr_carea' id='block_1_55' title="bbox 1786 854 3415 936">
    <p class='ocr_par' dir='ltr' id='par_1_55' title="bbox 1786 854 3415 936">
     <span class='ocr_line' id='line_1_55' title="bbox 1786 854 3415 936; baseline 0.007 -29"><span class='ocrx_word' id='word_1_406' title='bbox 1786 870 1947 925; x_wconf 82' lang='grc' dir='ltr'>τερος</span> <span class='ocrx_word' id='word_1_407' title='bbox 1971 854 2201 925; x_wconf 89' lang='grc' dir='ltr'>γίνεται,</span> <span class='ocrx_word' id='word_1_408' title='bbox 2231 856 2326 909; x_wconf 77' lang='grc' dir='ltr'>καὶ</span> <span class='ocrx_word' id='word_1_409' title='bbox 2351 856 2489 928; x_wconf 81' lang='grc' dir='ltr'>πρὸς</span> <span class='ocrx_word' id='word_1_410' title='bbox 2504 857 2595 910; x_wconf 84' lang='grc' dir='ltr'>τὸν</span> <span class='ocrx_word' id='word_1_411' title='bbox 2618 858 2854 927; x_wconf 90' lang='grc' dir='ltr'>πόλεμον</span> <span class='ocrx_word' id='word_1_412' title='bbox 2882 861 3115 933; x_wconf 80' lang='grc' dir='ltr'>ἐκπηδᾷ,</span> <span class='ocrx_word' id='word_1_413' title='bbox 3145 864 3253 917; x_wconf 83' lang='grc' dir='ltr'>ἀπὸ</span> <span class='ocrx_word' id='word_1_414' title='bbox 3267 865 3366 936; x_wconf 83' lang='grc' dir='ltr'>τῆς</span> 
     </span>
    </p>
   </div>
   <div class='ocr_carea' id='block_1_56' title="bbox 1786 944 3364 1023">
    <p class='ocr_par' dir='ltr' id='par_1_56' title="bbox 1786 944 3364 1023">
     <span class='ocr_line' id='line_1_56' title="bbox 1786 944 3364 1023; baseline 0.007 -26"><span class='ocrx_word' id='word_1_415' title='bbox 1786 944 1963 1014; x_wconf 64' lang='grc' dir='ltr'>ὅψεως</span> <span class='ocrx_word' id='word_1_416' title='bbox 1989 944 2099 997; x_wconf 87' lang='grc' dir='ltr'>τῶν</span> <span class='ocrx_word' id='word_1_417' title='bbox 2123 944 2301 999; x_wconf 88' lang='grc' dir='ltr'>ὅπλων</span> <span class='ocrx_word' id='word_1_418' title='bbox 2351 945 2530 1000; x_wconf 87' lang='grc' dir='ltr'>λαϐὼν</span> <span class='ocrx_word' id='word_1_419' title='bbox 2570 948 2916 1019; x_wconf 88' lang='grc' dir='ltr'>παράκλησιν</span> <span class='ocrx_word' id='word_1_420' title='bbox 2954 952 3092 1023; x_wconf 83' lang='grc' dir='ltr'>πρὸς</span> <span class='ocrx_word' id='word_1_421' title='bbox 3142 953 3204 1006; x_wconf 89' lang='lat'>16</span> <span class='ocrx_word' id='word_1_422' title='bbox 3254 956 3364 1020; x_wconf 81' lang='grc' dir='ltr'>τοῖς</span> 
     </span>
    </p>
   </div>
   <div class='ocr_carea' id='block_1_57' title="bbox 1787 1030 3364 1117">
    <p class='ocr_par' dir='ltr' id='par_1_57' title="bbox 1787 1030 3364 1117">
     <span class='ocr_line' id='line_1_57' title="bbox 1787 1030 3364 1117; baseline 0.005 -27"><span class='ocrx_word' id='word_1_423' title='bbox 1787 1030 1970 1101; x_wconf 75' lang='grc' dir='ltr'>αὖτοῖς</span> <span class='ocrx_word' id='word_1_424' title='bbox 1999 1039 2341 1109; x_wconf 83' lang='grc' dir='ltr'>ἐπιχειρῆσαι</span> <span class='ocrx_word' id='word_1_425' title='bbox 2361 1039 2680 1112; x_wconf 80' lang='grc' dir='ltr'>πράγμασιν</span> <span class='ocrx_word' id='word_1_426' title='bbox 2700 1058 2713 1071; x_wconf 88' lang='grc'><strong>·</strong></span> <span class='ocrx_word' id='word_1_427' title='bbox 2737 1042 2898 1112; x_wconf 80' lang='grc' dir='ltr'>ἡμεῖς</span> <span class='ocrx_word' id='word_1_428' title='bbox 2918 1044 3016 1114; x_wconf 83' lang='grc' dir='ltr'>οὐχ</span> <span class='ocrx_word' id='word_1_429' title='bbox 3034 1044 3174 1099; x_wconf 84' lang='grc' dir='ltr'>ὅπλα</span> <span class='ocrx_word' id='word_1_430' title='bbox 3195 1045 3364 1117; x_wconf 86' lang='grc' dir='ltr'>ὁρῶν-</span> 
     </span>
    </p>
   </div>
   <div class='ocr_carea' id='block_1_58' title="bbox 1786 1126 3364 1203">
    <p class='ocr_par' dir='ltr' id='par_1_58' title="bbox 1786 1126 3364 1203">
     <span class='ocr_line' id='line_1_58' title="bbox 1786 1126 3364 1203; baseline 0.007 -22"><span class='ocrx_word' id='word_1_431' title='bbox 1786 1146 1897 1195; x_wconf 89' lang='grc' dir='ltr'>τες,</span> <span class='ocrx_word' id='word_1_432' title='bbox 1929 1126 2044 1183; x_wconf 78' lang='grc' dir='ltr'>ἀλλ’</span> <span class='ocrx_word' id='word_1_433' title='bbox 2074 1131 2204 1183; x_wconf 78' lang='grc' dir='ltr'>αὐτὸ</span> <span class='ocrx_word' id='word_1_434' title='bbox 2224 1131 2283 1183; x_wconf 87' lang='grc' dir='ltr'>τὸ</span> <span class='ocrx_word' id='word_1_435' title='bbox 2320 1130 2481 1202; x_wconf 90' lang='grc' dir='ltr'>σῶμα</span> <span class='ocrx_word' id='word_1_436' title='bbox 2511 1132 2605 1185; x_wconf 88' lang='grc' dir='ltr'>τοῦ</span> <span class='ocrx_word' id='word_1_437' title='bbox 2630 1135 2785 1203; x_wconf 87' lang='grc' dir='ltr'>ἁγίου</span> <span class='ocrx_word' id='word_1_438' title='bbox 2819 1134 2879 1188; x_wconf 88' lang='lat'>16</span> <span class='ocrx_word' id='word_1_439' title='bbox 2909 1135 3249 1201; x_wconf 79' lang='grc' dir='ltr'>καταξιωθὲν</span> <span class='ocrx_word' id='word_1_440' title='bbox 3275 1138 3364 1191; x_wconf 83' lang='grc' dir='ltr'>αί-</span> 
     </span>
    </p>
   </div>
   <div class='ocr_carea' id='block_1_59' title="bbox 1788 1218 3364 1291">
    <p class='ocr_par' dir='ltr' id='par_1_59' title="bbox 1788 1218 3364 1291">
     <span class='ocr_line' id='line_1_59' title="bbox 1788 1218 3364 1291; baseline 0.002 -19"><span class='ocrx_word' id='word_1_441' title='bbox 1788 1218 2063 1290; x_wconf 84' lang='grc' dir='ltr'>μαχθῆναι</span> <span class='ocrx_word' id='word_1_442' title='bbox 2094 1219 2184 1272; x_wconf 91' lang='grc' dir='ltr'>διά</span> <span class='ocrx_word' id='word_1_443' title='bbox 2210 1220 2308 1290; x_wconf 85' lang='grc' dir='ltr'>τὴν</span> <span class='ocrx_word' id='word_1_444' title='bbox 2337 1220 2417 1283; x_wconf 86' lang='grc' dir='ltr'>είς</span> <span class='ocrx_word' id='word_1_445' title='bbox 2450 1221 2684 1289; x_wconf 83' lang='grc' dir='ltr'>Χριστὸν</span> <span class='ocrx_word' id='word_1_446' title='bbox 2708 1222 3024 1291; x_wconf 86' lang='grc' dir='ltr'>ὁμολογίαν,</span> <span class='ocrx_word' id='word_1_447' title='bbox 3057 1224 3162 1278; x_wconf 71' lang='grc' dir='ltr'>κᾶν</span> <span class='ocrx_word' id='word_1_448' title='bbox 3194 1224 3364 1278; x_wconf 83' lang='grc' dir='ltr'>ἀπάν-</span> 
     </span>
    </p>
   </div>
   <div class='ocr_carea' id='block_1_60' title="bbox 1783 1305 3363 1387">
    <p class='ocr_par' dir='ltr' id='par_1_60' title="bbox 1783 1305 3363 1387">
     <span class='ocr_line' id='line_1_60' title="bbox 1783 1305 3363 1387; baseline 0.004 -25"><span class='ocrx_word' id='word_1_449' title='bbox 1783 1327 1890 1364; x_wconf 88' lang='grc' dir='ltr'>των</span> <span class='ocrx_word' id='word_1_450' title='bbox 1917 1305 2067 1380; x_wconf 80' lang='grc' dir='ltr'>ὧμεν</span> <span class='ocrx_word' id='word_1_451' title='bbox 2091 1311 2404 1382; x_wconf 81' lang='grc' dir='ltr'>δειλότεροι,</span> <span class='ocrx_word' id='word_1_452' title='bbox 2458 1311 2575 1375; x_wconf 86' lang='grc' dir='ltr'>πῶς</span> <span class='ocrx_word' id='word_1_453' title='bbox 2598 1313 2662 1365; x_wconf 87' lang='grc' dir='ltr'>ού</span> <span class='ocrx_word' id='word_1_454' title='bbox 2693 1312 2894 1383; x_wconf 81' lang='grc' dir='ltr'>πολλὴν</span> <span class='ocrx_word' id='word_1_455' title='bbox 2937 1312 3135 1382; x_wconf 73' lang='grc' dir='ltr'>ἕξομεν</span> <span class='ocrx_word' id='word_1_456' title='bbox 3164 1313 3363 1387; x_wconf 76' lang='grc' dir='ltr'>προθυ-</span> 
     </span>
    </p>
   </div>
   <div class='ocr_carea' id='block_1_61' title="bbox 1788 1389 3361 1478">
    <p class='ocr_par' dir='ltr' id='par_1_61' title="bbox 1788 1389 3361 1478">
     <span class='ocr_line' id='line_1_61' title="bbox 1788 1389 3361 1478; baseline 0.004 -26"><span class='ocrx_word' id='word_1_457' title='bbox 1788 1400 1936 1469; x_wconf 88' lang='grc' dir='ltr'>μίαν,</span> <span class='ocrx_word' id='word_1_458' title='bbox 1965 1389 2151 1472; x_wconf 83' lang='grc' dir='ltr'>ὥσπερ</span> <span class='ocrx_word' id='word_1_459' title='bbox 2179 1400 2324 1465; x_wconf 82' lang='grc' dir='ltr'>τινὸς</span> <span class='ocrx_word' id='word_1_460' title='bbox 2349 1401 2521 1475; x_wconf 81' lang='grc' dir='ltr'>πυρὸς</span> <span class='ocrx_word' id='word_1_461' title='bbox 2573 1402 2674 1472; x_wconf 83' lang='grc' dir='ltr'>τῆς</span> <span class='ocrx_word' id='word_1_462' title='bbox 2700 1403 2873 1472; x_wconf 79' lang='grc' dir='ltr'>ὅψεως</span> <span class='ocrx_word' id='word_1_463' title='bbox 2922 1405 3127 1476; x_wconf 85' lang='grc' dir='ltr'>ταύτης</span> <span class='ocrx_word' id='word_1_464' title='bbox 3156 1407 3237 1470; x_wconf 85' lang='grc' dir='ltr'>είς</span> <span class='ocrx_word' id='word_1_465' title='bbox 3261 1406 3361 1478; x_wconf 82' lang='grc' dir='ltr'>τήν</span> 
     </span>
    </p>
   </div>
   <div class='ocr_carea' id='block_1_62' title="bbox 1783 1491 3362 1564">
    <p class='ocr_par' dir='ltr' id='par_1_62' title="bbox 1783 1491 3362 1564">
     <span class='ocr_line' id='line_1_62' title="bbox 1783 1491 3362 1564; baseline 0.004 -20"><span class='ocrx_word' id='word_1_466' title='bbox 1783 1492 2023 1545; x_wconf 85' lang='grc' dir='ltr'>διάνοιαν</span> <span class='ocrx_word' id='word_1_467' title='bbox 2070 1492 2230 1563; x_wconf 86' lang='grc' dir='ltr'>ήμῶν</span> <span class='ocrx_word' id='word_1_468' title='bbox 2274 1491 2657 1563; x_wconf 80' lang='grc' dir='ltr'>ἐμπιπτούσης</span> <span class='ocrx_word' id='word_1_469' title='bbox 2689 1535 2703 1559; x_wconf 89' lang='grc'>,</span> <span class='ocrx_word' id='word_1_470' title='bbox 2762 1495 3023 1564; x_wconf 75' lang='grc' dir='ltr'>καὶπρὸς</span> <span class='ocrx_word' id='word_1_471' title='bbox 3069 1497 3160 1550; x_wconf 83' lang='grc' dir='ltr'>τὸν</span> <span class='ocrx_word' id='word_1_472' title='bbox 3197 1498 3362 1552; x_wconf 84' lang='grc' dir='ltr'>αύτδν</span> 
     </span>
    </p>
   </div>
   <div class='ocr_carea' id='block_1_63' title="bbox 1784 1581 3363 1658">
    <p class='ocr_par' dir='ltr' id='par_1_63' title="bbox 1784 1581 3363 1658">
     <span class='ocr_line' id='line_1_63' title="bbox 1784 1581 3363 1658; baseline 0.005 -25"><span class='ocrx_word' id='word_1_473' title='bbox 1784 1581 1972 1652; x_wconf 88' lang='grc' dir='ltr'>ἀγῶνα</span> <span class='ocrx_word' id='word_1_474' title='bbox 1996 1581 2268 1653; x_wconf 83' lang='grc' dir='ltr'>καλούσης</span> <span class='ocrx_word' id='word_1_475' title='bbox 2289 1584 2437 1653; x_wconf 75' lang='grc' dir='ltr'>ἡμᾶς</span> <span class='ocrx_word' id='word_1_476' title='bbox 2457 1598 2472 1650; x_wconf 88' lang='lat'>;</span> <span class='ocrx_word' id='word_1_477' title='bbox 2496 1584 2594 1638; x_wconf 83' lang='grc' dir='ltr'>Διά</span> <span class='ocrx_word' id='word_1_478' title='bbox 2613 1584 2772 1638; x_wconf 89' lang='grc' dir='ltr'>τοῦτο</span> <span class='ocrx_word' id='word_1_479' title='bbox 2792 1586 3203 1656; x_wconf 77' lang='grc' dir='ltr'>παρακατέθετο</span> <span class='ocrx_word' id='word_1_480' title='bbox 3231 1589 3363 1658; x_wconf 77' lang='grc' dir='ltr'>ἡμῖν</span> 
     </span>
    </p>
   </div>
   <div class='ocr_carea' id='block_1_64' title="bbox 1784 1675 3364 1754">
    <p class='ocr_par' dir='ltr' id='par_1_64' title="bbox 1784 1675 3364 1754">
     <span class='ocr_line' id='line_1_64' title="bbox 1784 1675 3364 1754; baseline 0.003 -26"><span class='ocrx_word' id='word_1_481' title='bbox 1784 1675 1851 1730; x_wconf 82' lang='grc' dir='ltr'>τά</span> <span class='ocrx_word' id='word_1_482' title='bbox 1883 1676 2112 1747; x_wconf 79' lang='grc' dir='ltr'>σώματα</span> <span class='ocrx_word' id='word_1_483' title='bbox 2149 1675 2257 1728; x_wconf 88' lang='grc' dir='ltr'>τῶν</span> <span class='ocrx_word' id='word_1_484' title='bbox 2313 1676 2482 1743; x_wconf 83' lang='grc' dir='ltr'>ἁγίων</span> <span class='ocrx_word' id='word_1_485' title='bbox 2534 1677 2562 1729; x_wconf 89' lang='lat'>6</span> <span class='ocrx_word' id='word_1_486' title='bbox 2590 1676 2723 1741; x_wconf 82' lang='grc' dir='ltr'>Θεὸς</span> <span class='ocrx_word' id='word_1_487' title='bbox 2772 1677 2879 1741; x_wconf 77' lang='grc' dir='ltr'>ἕως</span> <span class='ocrx_word' id='word_1_488' title='bbox 2914 1676 3005 1730; x_wconf 88' lang='grc' dir='ltr'>τοῦ</span> <span class='ocrx_word' id='word_1_489' title='bbox 3041 1677 3236 1750; x_wconf 80' lang='grc' dir='ltr'>καιροῦ</span> <span class='ocrx_word' id='word_1_490' title='bbox 3264 1681 3364 1754; x_wconf 61' lang='grc' dir='ltr'>τῆς</span> 
     </span>
    </p>
   </div>
   <div class='ocr_carea' id='block_1_65' title="bbox 1784 1767 3360 1842">
    <p class='ocr_par' dir='ltr' id='par_1_65' title="bbox 1784 1767 3360 1842">
     <span class='ocr_line' id='line_1_65' title="bbox 1784 1767 3360 1842; baseline 0.003 -21"><span class='ocrx_word' id='word_1_491' title='bbox 1784 1767 2153 1832; x_wconf 82' lang='grc' dir='ltr'>ἀναστάσεως,</span> <span class='ocrx_word' id='word_1_492' title='bbox 2184 1767 2274 1821; x_wconf 79' lang='grc' dir='ltr'>ἵνα</span> <span class='ocrx_word' id='word_1_493' title='bbox 2303 1768 2515 1838; x_wconf 76' lang='grc' dir='ltr'>ἔχωμεν</span> <span class='ocrx_word' id='word_1_494' title='bbox 2547 1768 2806 1822; x_wconf 84' lang='grc' dir='ltr'>ὑπόθεσιν</span> <span class='ocrx_word' id='word_1_495' title='bbox 2842 1769 3159 1839; x_wconf 79' lang='grc' dir='ltr'>φιλοσοφίας</span> <span class='ocrx_word' id='word_1_496' title='bbox 3202 1772 3360 1842; x_wconf 83' lang='grc' dir='ltr'>μεγί-</span> 
     </span>
    </p>
   </div>
   <div class='ocr_carea' id='block_1_66' title="bbox 1785 1857 3362 1932">
    <p class='ocr_par' dir='ltr' id='par_1_66' title="bbox 1785 1857 3362 1932">
     <span class='ocr_line' id='line_1_66' title="bbox 1785 1857 3362 1932; baseline 0.003 -21"><span class='ocrx_word' id='word_1_497' title='bbox 1785 1875 1935 1928; x_wconf 89' lang='grc' dir='ltr'>στης.</span> <span class='ocrx_word' id='word_1_498' title='bbox 1976 1858 2114 1914; x_wconf 80' lang='grc' dir='ltr'>Ἀλλ’</span> <span class='ocrx_word' id='word_1_499' title='bbox 2138 1860 2186 1912; x_wconf 88' lang='grc' dir='ltr'>οί</span> <span class='ocrx_word' id='word_1_500' title='bbox 2215 1858 2317 1930; x_wconf 86' lang='grc' dir='ltr'>μὲν</span> <span class='ocrx_word' id='word_1_501' title='bbox 2344 1857 2438 1912; x_wconf 89' lang='grc' dir='ltr'>τοῦ</span> <span class='ocrx_word' id='word_1_502' title='bbox 2470 1858 2749 1930; x_wconf 87' lang='grc' dir='ltr'>μάρτυρος</span> <span class='ocrx_word' id='word_1_503' title='bbox 2772 1858 2981 1913; x_wconf 77' lang='grc' dir='ltr'>ἔπαινοι</span> <span class='ocrx_word' id='word_1_504' title='bbox 3014 1860 3088 1932; x_wconf 79' lang='grc' dir='ltr'>μὴ</span> <span class='ocrx_word' id='word_1_505' title='bbox 3111 1860 3362 1916; x_wconf 85' lang='grc' dir='ltr'>ἐλαττού-</span> 
     </span>
    </p>
   </div>
   <div class='ocr_carea' id='block_1_67' title="bbox 1784 1933 3362 2021">
    <p class='ocr_par' dir='ltr' id='par_1_67' title="bbox 1784 1933 3362 2021">
     <span class='ocr_line' id='line_1_67' title="bbox 1784 1933 3362 2021; baseline 0.002 -18"><span class='ocrx_word' id='word_1_506' title='bbox 1784 1950 1998 2003; x_wconf 90' lang='grc' dir='ltr'>σθωσαν</span> <span class='ocrx_word' id='word_1_507' title='bbox 2024 1951 2091 2020; x_wconf 82' lang='grc' dir='ltr'>τῇ</span> <span class='ocrx_word' id='word_1_508' title='bbox 2125 1948 2381 2018; x_wconf 73' lang='grc' dir='ltr'>ἀσθενείᾳ</span> <span class='ocrx_word' id='word_1_509' title='bbox 2431 1949 2528 2019; x_wconf 80' lang='grc' dir='ltr'>τῆς</span> <span class='ocrx_word' id='word_1_510' title='bbox 2584 1950 2859 2021; x_wconf 88' lang='grc' dir='ltr'>ήμετέρας</span> <span class='ocrx_word' id='word_1_511' title='bbox 2905 1933 3172 2020; x_wconf 81' lang='grc' dir='ltr'>γλώττης.</span> <span class='ocrx_word' id='word_1_512' title='bbox 3225 1952 3362 2007; x_wconf 86' lang='grc' dir='ltr'>ἀλλά</span> 
     </span>
    </p>
   </div>
   <div class='ocr_carea' id='block_1_68' title="bbox 1784 2039 3361 2112">
    <p class='ocr_par' dir='ltr' id='par_1_68' title="bbox 1784 2039 3361 2112">
     <span class='ocr_line' id='line_1_68' title="bbox 1784 2039 3361 2112; baseline 0.003 -19"><span class='ocrx_word' id='word_1_513' title='bbox 1784 2040 2095 2112; x_wconf 89' lang='grc' dir='ltr'>μενέτωσαν</span> <span class='ocrx_word' id='word_1_514' title='bbox 2118 2039 2210 2094; x_wconf 84' lang='grc' dir='ltr'>τὸν</span> <span class='ocrx_word' id='word_1_515' title='bbox 2232 2039 2572 2112; x_wconf 85' lang='grc' dir='ltr'>ἀγωνοθέτην</span> <span class='ocrx_word' id='word_1_516' title='bbox 2594 2041 2748 2094; x_wconf 90' lang='grc' dir='ltr'>Θεόν.</span> <span class='ocrx_word' id='word_1_517' title='bbox 2798 2041 2857 2093; x_wconf 85' lang='lat'><strong>&#39;0</strong></span> <span class='ocrx_word' id='word_1_518' title='bbox 2889 2042 3170 2111; x_wconf 78' lang='grc' dir='ltr'>στεφανῶν</span> <span class='ocrx_word' id='word_1_519' title='bbox 3206 2056 3232 2085; x_wconf 77' lang='grc' dir='ltr'>ι</span> <span class='ocrx_word' id='word_1_520' title='bbox 3262 2046 3361 2098; x_wconf 83' lang='grc' dir='ltr'>αύ-</span> 
     </span>
    </p>
   </div>
   <div class='ocr_carea' id='block_1_69' title="bbox 1780 2136 3362 2208">
    <p class='ocr_par' dir='ltr' id='par_1_69' title="bbox 1780 2136 3362 2208">
     <span class='ocr_line' id='line_1_69' title="bbox 1780 2136 3362 2208; baseline 0.001 -16"><span class='ocrx_word' id='word_1_521' title='bbox 1780 2140 1925 2202; x_wconf 86' lang='lat'><em>106;,</em></span> <span class='ocrx_word' id='word_1_522' title='bbox 1943 2139 2148 2201; x_wconf 83' lang='grc' dir='ltr'>ἐκεῖνος</span> <span class='ocrx_word' id='word_1_523' title='bbox 2175 2139 2271 2190; x_wconf 77' lang='grc' dir='ltr'>καὶ</span> <span class='ocrx_word' id='word_1_524' title='bbox 2288 2137 2563 2191; x_wconf 77' lang='grc' dir='ltr'>ἐπαινέσει</span> <span class='ocrx_word' id='word_1_525' title='bbox 2581 2153 2596 2167; x_wconf 89' lang='grc'><strong>·</strong></span> <span class='ocrx_word' id='word_1_526' title='bbox 2624 2138 2652 2191; x_wconf 81' lang='lat'>6</span> <span class='ocrx_word' id='word_1_527' title='bbox 2682 2136 2790 2208; x_wconf 78' lang='grc' dir='ltr'>γάρ</span> <span class='ocrx_word' id='word_1_528' title='bbox 2816 2137 3036 2202; x_wconf 71' lang='grc' dir='ltr'>ἔπαινος</span> <span class='ocrx_word' id='word_1_529' title='bbox 3061 2137 3242 2191; x_wconf 78' lang='grc' dir='ltr'>αὐτῶν</span> <span class='ocrx_word' id='word_1_530' title='bbox 3262 2140 3362 2194; x_wconf 79' lang='grc' dir='ltr'>οὐκ</span> 
     </span>
    </p>
   </div>
   <div class='ocr_carea' id='block_1_70' title="bbox 1781 2225 3362 2299">
    <p class='ocr_par' dir='ltr' id='par_1_70' title="bbox 1781 2225 3362 2299">
     <span class='ocr_line' id='line_1_70' title="bbox 1781 2225 3362 2299; baseline -0.001 -16"><span class='ocrx_word' id='word_1_531' title='bbox 1781 2228 1840 2295; x_wconf 81' lang='grc' dir='ltr'>ἐξ</span> <span class='ocrx_word' id='word_1_532' title='bbox 1865 2227 2185 2299; x_wconf 82' lang='grc' dir='ltr'>ἀνθρώπων,</span> <span class='ocrx_word' id='word_1_533' title='bbox 2214 2225 2328 2282; x_wconf 84' lang='grc' dir='ltr'>ἀλλ’</span> <span class='ocrx_word' id='word_1_534' title='bbox 2354 2226 2545 2279; x_wconf 72' lang='grc' dir='ltr'>ἐκιτοῦ</span> <span class='ocrx_word' id='word_1_535' title='bbox 2571 2226 2708 2280; x_wconf 84' lang='grc' dir='ltr'>Θεοῦ</span> <span class='ocrx_word' id='word_1_536' title='bbox 2728 2244 2742 2257; x_wconf 91' lang='grc'><strong>·</strong></span> <span class='ocrx_word' id='word_1_537' title='bbox 2777 2228 2870 2281; x_wconf 81' lang='grc' dir='ltr'>καὶ</span> <span class='ocrx_word' id='word_1_538' title='bbox 2901 2229 3006 2297; x_wconf 74' lang='grc' dir='ltr'>γάρ</span> <span class='ocrx_word' id='word_1_539' title='bbox 3058 2229 3151 2282; x_wconf 75' lang='grc' dir='ltr'>καὶ</span> <span class='ocrx_word' id='word_1_540' title='bbox 3189 2227 3362 2282; x_wconf 87' lang='grc' dir='ltr'>ταῦτα</span> 
     </span>
    </p>
   </div>
   <div class='ocr_carea' id='block_1_71' title="bbox 1781 2316 3360 2391">
    <p class='ocr_par' dir='ltr' id='par_1_71' title="bbox 1781 2316 3360 2391">
     <span class='ocr_line' id='line_1_71' title="bbox 1781 2316 3360 2391; baseline 0.001 -18"><span class='ocrx_word' id='word_1_541' title='bbox 1781 2318 1925 2389; x_wconf 73' lang='grc' dir='ltr'>ειπερ</span> <span class='ocrx_word' id='word_1_542' title='bbox 1952 2319 2273 2389; x_wconf 82' lang='grc' dir='ltr'>εἰρήκαμεν,</span> <span class='ocrx_word' id='word_1_543' title='bbox 2306 2317 2403 2389; x_wconf 82' lang='grc' dir='ltr'>οὐχ</span> <span class='ocrx_word' id='word_1_544' title='bbox 2435 2318 2521 2371; x_wconf 80' lang='grc' dir='ltr'>ἵνα</span> <span class='ocrx_word' id='word_1_545' title='bbox 2560 2316 2652 2372; x_wconf 80' lang='grc' dir='ltr'>τὸν</span> <span class='ocrx_word' id='word_1_546' title='bbox 2687 2318 2941 2390; x_wconf 90' lang='grc' dir='ltr'>μάρτυρα</span> <span class='ocrx_word' id='word_1_547' title='bbox 2981 2318 3360 2391; x_wconf 78' lang='grc' dir='ltr'>λαμπρότερον</span> 
     </span>
    </p>
   </div>
   <div class='ocr_carea' id='block_1_72' title="bbox 1779 2408 3364 2483">
    <p class='ocr_par' dir='ltr' id='par_1_72' title="bbox 1779 2408 3364 2483">
     <span class='ocr_line' id='line_1_72' title="bbox 1779 2408 3364 2483; baseline -0.004 -19"><span class='ocrx_word' id='word_1_548' title='bbox 1779 2410 2062 2480; x_wconf 80' lang='grc' dir='ltr'>δείξωμεν,</span> <span class='ocrx_word' id='word_1_549' title='bbox 2088 2408 2336 2479; x_wconf 70' lang='grc' dir='ltr'>εἴπομεν,</span> <span class='ocrx_word' id='word_1_550' title='bbox 2366 2408 2481 2462; x_wconf 87' lang='grc' dir='ltr'>ἀλλ’</span> <span class='ocrx_word' id='word_1_551' title='bbox 2514 2409 2600 2461; x_wconf 79' lang='grc' dir='ltr'>ἵνα</span> <span class='ocrx_word' id='word_1_552' title='bbox 2621 2409 2764 2473; x_wconf 77' lang='grc' dir='ltr'>ὑμᾶς</span> <span class='ocrx_word' id='word_1_553' title='bbox 2798 2409 3241 2481; x_wconf 82' lang='grc' dir='ltr'>προθυμοτέρους</span> <span class='ocrx_word' id='word_1_554' title='bbox 3267 2413 3364 2483; x_wconf 77' lang='grc' dir='ltr'>ἐρ.</span> 
     </span>
    </p>
   </div>
   <div class='ocr_carea' id='block_1_73' title="bbox 1781 2506 3361 2584">
    <p class='ocr_par' dir='ltr' id='par_1_73' title="bbox 1781 2506 3361 2584">
     <span class='ocr_line' id='line_1_73' title="bbox 1781 2506 3361 2584; baseline -0.003 -21"><span class='ocrx_word' id='word_1_555' title='bbox 1781 2506 2097 2580; x_wconf 86' lang='grc' dir='ltr'>γασώμεθα.</span> <span class='ocrx_word' id='word_1_556' title='bbox 2150 2507 2346 2579; x_wconf 84' lang='grc' dir='ltr'>Ἡμεῖς</span> <span class='ocrx_word' id='word_1_557' title='bbox 2392 2506 2471 2574; x_wconf 83' lang='grc' dir='ltr'>δὲ,</span> <span class='ocrx_word' id='word_1_558' title='bbox 2512 2507 2742 2578; x_wconf 80' lang='grc' dir='ltr'>ἀφέντες</span> <span class='ocrx_word' id='word_1_559' title='bbox 2790 2509 2859 2562; x_wconf 84' lang='grc' dir='ltr'>τά</span> <span class='ocrx_word' id='word_1_560' title='bbox 2895 2508 3163 2580; x_wconf 75' lang='grc' dir='ltr'>ἐγκώμια,</span> <span class='ocrx_word' id='word_1_561' title='bbox 3226 2512 3361 2584; x_wconf 78' lang='grc' dir='ltr'>πρὸς</span> 
     </span>
    </p>
   </div>
   <div class='ocr_carea' id='block_1_74' title="bbox 1780 2601 3363 2675">
    <p class='ocr_par' dir='ltr' id='par_1_74' title="bbox 1780 2601 3363 2675">
     <span class='ocr_line' id='line_1_74' title="bbox 1780 2601 3363 2675; baseline 0.004 -19"><span class='ocrx_word' id='word_1_562' title='bbox 1780 2604 1925 2675; x_wconf 85' lang='grc' dir='ltr'>ὑμᾶς</span> <span class='ocrx_word' id='word_1_563' title='bbox 1981 2602 2072 2656; x_wconf 86' lang='lat' dir='ltr'><em>16v</em></span> <span class='ocrx_word' id='word_1_564' title='bbox 2116 2601 2275 2670; x_wconf 88' lang='grc' dir='ltr'>λόγον</span> <span class='ocrx_word' id='word_1_565' title='bbox 2306 2601 2595 2673; x_wconf 68' lang='grc' dir='ltr'>τρέφωμεν</span> <span class='ocrx_word' id='word_1_566' title='bbox 2634 2601 2848 2657; x_wconf 75' lang='grc' dir='ltr'>ἅπαντα</span> <span class='ocrx_word' id='word_1_567' title='bbox 2869 2620 2881 2635; x_wconf 73' lang='grc' dir='ltr'><strong>ο</strong></span> <span class='ocrx_word' id='word_1_568' title='bbox 2920 2604 3121 2675; x_wconf 80' lang='grc' dir='ltr'>μᾶλλον</span> <span class='ocrx_word' id='word_1_569' title='bbox 3155 2606 3211 2660; x_wconf 81' lang='grc' dir='ltr'>δέ</span> <span class='ocrx_word' id='word_1_570' title='bbox 3262 2609 3363 2661; x_wconf 88' lang='grc' dir='ltr'>ούκ</span> 
     </span>
    </p>
   </div>
   <div class='ocr_carea' id='block_1_75' title="bbox 1780 2697 3365 2775">
    <p class='ocr_par' dir='ltr' id='par_1_75' title="bbox 1780 2697 3365 2775">
     <span class='ocr_line' id='line_1_75' title="bbox 1780 2697 3365 2775; baseline 0.003 -22"><span class='ocrx_word' id='word_1_571' title='bbox 1780 2701 1858 2754; x_wconf 80' lang='grc' dir='ltr'>ενι</span> <span class='ocrx_word' id='word_1_572' title='bbox 1886 2701 2102 2770; x_wconf 83' lang='grc' dir='ltr'>ἀφεῖναι</span> <span class='ocrx_word' id='word_1_573' title='bbox 2135 2697 2387 2769; x_wconf 86' lang='grc' dir='ltr'>ἐγκώμια</span> <span class='ocrx_word' id='word_1_574' title='bbox 2419 2698 2733 2768; x_wconf 88' lang='grc' dir='ltr'>μαρτύρων,</span> <span class='ocrx_word' id='word_1_575' title='bbox 2752 2700 2878 2754; x_wconf 83' lang='grc' dir='ltr'>ὅταν</span> <span class='ocrx_word' id='word_1_576' title='bbox 2903 2701 2960 2753; x_wconf 85' lang='grc' dir='ltr'>ἐν</span> <span class='ocrx_word' id='word_1_577' title='bbox 2982 2701 3251 2775; x_wconf 77' lang='grc' dir='ltr'>ἐκκλησίᾳ</span> <span class='ocrx_word' id='word_1_578' title='bbox 3278 2722 3365 2769; x_wconf 90' lang='grc' dir='ltr'>τις</span> 
     </span>
    </p>
   </div>
   <div class='ocr_carea' id='block_1_76' title="bbox 1778 2792 3361 2870">
    <p class='ocr_par' dir='ltr' id='par_1_76' title="bbox 1778 2792 3361 2870">
     <span class='ocr_line' id='line_1_76' title="bbox 1778 2792 3361 2870; baseline 0.002 -20"><span class='ocrx_word' id='word_1_579' title='bbox 1778 2796 2091 2868; x_wconf 87' lang='grc' dir='ltr'>διαλέγηται</span> <span class='ocrx_word' id='word_1_580' title='bbox 2121 2795 2248 2868; x_wconf 73' lang='grc' dir='ltr'>περὶ</span> <span class='ocrx_word' id='word_1_581' title='bbox 2274 2792 2383 2848; x_wconf 86' lang='grc' dir='ltr'>τῶν</span> <span class='ocrx_word' id='word_1_582' title='bbox 2404 2794 2810 2867; x_wconf 78' lang='grc' dir='ltr'>συμφερόντων.</span> <span class='ocrx_word' id='word_1_583' title='bbox 2854 2796 3014 2850; x_wconf 85' lang='grc' dir='ltr'>’Δλλά</span> <span class='ocrx_word' id='word_1_584' title='bbox 3045 2799 3361 2870; x_wconf 84' lang='grc' dir='ltr'>προσέχετε·</span> 
     </span>
    </p>
   </div>
   <div class='ocr_carea' id='block_1_77' title="bbox 1780 2890 3363 2965">
    <p class='ocr_par' dir='ltr' id='par_1_77' title="bbox 1780 2890 3363 2965">
     <span class='ocr_line' id='line_1_77' title="bbox 1780 2890 3363 2965; baseline 0.001 -18"><span class='ocrx_word' id='word_1_585' title='bbox 1780 2894 1874 2948; x_wconf 78' lang='grc' dir='ltr'>καὶ</span> <span class='ocrx_word' id='word_1_586' title='bbox 1904 2893 2011 2964; x_wconf 81' lang='grc' dir='ltr'>γάρ</span> <span class='ocrx_word' id='word_1_587' title='bbox 2040 2890 2274 2964; x_wconf 85' lang='grc' dir='ltr'>πονηρὸν</span> <span class='ocrx_word' id='word_1_588' title='bbox 2304 2890 2425 2955; x_wconf 75' lang='grc' dir='ltr'>ἔθος</span> <span class='ocrx_word' id='word_1_589' title='bbox 2456 2891 2550 2944; x_wconf 82' lang='grc' dir='ltr'>καὶ</span> <span class='ocrx_word' id='word_1_590' title='bbox 2575 2890 2804 2944; x_wconf 78' lang='grc' dir='ltr'>παλαιὸν</span> <span class='ocrx_word' id='word_1_591' title='bbox 2836 2891 3099 2964; x_wconf 89' lang='grc' dir='ltr'>βούλομαι</span> <span class='ocrx_word' id='word_1_592' title='bbox 3129 2895 3363 2965; x_wconf 76' lang='grc' dir='ltr'>ἐκκόψαι</span> 
     </span>
    </p>
   </div>
   <div class='ocr_carea' id='block_1_78' title="bbox 1780 2986 3365 3064">
    <p class='ocr_par' dir='ltr' id='par_1_78' title="bbox 1780 2986 3365 3064">
     <span class='ocr_line' id='line_1_78' title="bbox 1780 2986 3365 3064; baseline 0.002 -22"><span class='ocrx_word' id='word_1_593' title='bbox 1780 2991 2044 3061; x_wconf 83' lang='grc' dir='ltr'>σήμερον,</span> <span class='ocrx_word' id='word_1_594' title='bbox 2065 2990 2153 3042; x_wconf 81' lang='grc' dir='ltr'>ἵνα</span> <span class='ocrx_word' id='word_1_595' title='bbox 2181 2989 2255 3060; x_wconf 82' lang='grc' dir='ltr'>μὴ</span> <span class='ocrx_word' id='word_1_596' title='bbox 2280 2987 2440 3057; x_wconf 88' lang='grc' dir='ltr'>μόνον</span> <span class='ocrx_word' id='word_1_597' title='bbox 2461 2986 2892 3059; x_wconf 85' lang='grc' dir='ltr'>παραγινώμεθα</span> <span class='ocrx_word' id='word_1_598' title='bbox 2916 2989 3052 3060; x_wconf 85' lang='grc' dir='ltr'>πρὸς</span> <span class='ocrx_word' id='word_1_599' title='bbox 3073 2992 3198 3054; x_wconf 81' lang='grc' dir='ltr'>τοὺς</span> <span class='ocrx_word' id='word_1_600' title='bbox 3223 2991 3365 3064; x_wconf 86' lang='grc' dir='ltr'>μάρ-</span> 
     </span>
    </p>
   </div>
   <div class='ocr_carea' id='block_1_79' title="bbox 1779 3083 3362 3161">
    <p class='ocr_par' dir='ltr' id='par_1_79' title="bbox 1779 3083 3362 3161">
     <span class='ocr_line' id='line_1_79' title="bbox 1779 3083 3362 3161; baseline 0.002 -21"><span class='ocrx_word' id='word_1_601' title='bbox 1779 3104 1968 3157; x_wconf 88' lang='grc' dir='ltr'>τυρας,</span> <span class='ocrx_word' id='word_1_602' title='bbox 2011 3084 2147 3139; x_wconf 88' lang='grc' dir='ltr'>ἀλλά</span> <span class='ocrx_word' id='word_1_603' title='bbox 2195 3087 2289 3138; x_wconf 74' lang='grc' dir='ltr'>καὶ</span> <span class='ocrx_word' id='word_1_604' title='bbox 2348 3083 2647 3154; x_wconf 88' lang='grc' dir='ltr'>μιμώμεθα</span> <span class='ocrx_word' id='word_1_605' title='bbox 2704 3083 3009 3156; x_wconf 84' lang='grc' dir='ltr'>μάρτυρας.</span> <span class='ocrx_word' id='word_1_606' title='bbox 3063 3087 3210 3160; x_wconf 83' lang='grc' dir='ltr'>Τιμή</span> <span class='ocrx_word' id='word_1_607' title='bbox 3249 3090 3362 3161; x_wconf 83' lang='grc' dir='ltr'>γὰρ</span> 
     </span>
    </p>
   </div>
   <div class='ocr_carea' id='block_1_80' title="bbox 1783 3179 3358 3254">
    <p class='ocr_par' dir='ltr' id='par_1_80' title="bbox 1783 3179 3358 3254">
     <span class='ocr_line' id='line_1_80' title="bbox 1783 3179 3358 3254; baseline 0.001 -19"><span class='ocrx_word' id='word_1_608' title='bbox 1783 3182 2077 3254; x_wconf 89' lang='grc' dir='ltr'>μαρτύρων</span> <span class='ocrx_word' id='word_1_609' title='bbox 2119 3181 2180 3234; x_wconf 85' lang='grc' dir='ltr'>ού</span> <span class='ocrx_word' id='word_1_610' title='bbox 2211 3182 2273 3233; x_wconf 89' lang='lat'>16</span> <span class='ocrx_word' id='word_1_611' title='bbox 2304 3179 2712 3250; x_wconf 84' lang='grc' dir='ltr'>παραγενέσθαι</span> <span class='ocrx_word' id='word_1_612' title='bbox 2755 3179 2892 3250; x_wconf 81' lang='grc' dir='ltr'>πρὸς</span> <span class='ocrx_word' id='word_1_613' title='bbox 2929 3181 3129 3245; x_wconf 80' lang='grc' dir='ltr'>αὐτοὺς</span> <span class='ocrx_word' id='word_1_614' title='bbox 3173 3184 3358 3253; x_wconf 86' lang='grc' dir='ltr'>μόνον,</span> 
     </span>
    </p>
   </div>
   <div class='ocr_carea' id='block_1_81' title="bbox 1780 3274 3359 3350">
    <p class='ocr_par' dir='ltr' id='par_1_81' title="bbox 1780 3274 3359 3350">
     <span class='ocr_line' id='line_1_81' title="bbox 1780 3274 3359 3350; baseline 0.003 -19"><span class='ocrx_word' id='word_1_615' title='bbox 1780 3279 1915 3333; x_wconf 88' lang='grc' dir='ltr'>ἀλλά</span> <span class='ocrx_word' id='word_1_616' title='bbox 1935 3279 2032 3332; x_wconf 80' lang='grc' dir='ltr'>καὶ</span> <span class='ocrx_word' id='word_1_617' title='bbox 2060 3276 2166 3350; x_wconf 81' lang='grc' dir='ltr'>πρὸ</span> <span class='ocrx_word' id='word_1_618' title='bbox 2187 3275 2377 3330; x_wconf 88' lang='grc' dir='ltr'>τούτου</span> <span class='ocrx_word' id='word_1_619' title='bbox 2406 3275 2466 3328; x_wconf 91' lang='lat'>16</span> <span class='ocrx_word' id='word_1_620' title='bbox 2488 3274 2730 3346; x_wconf 77' lang='grc' dir='ltr'>ζηλῶσαι</span> <span class='ocrx_word' id='word_1_621' title='bbox 2764 3276 2863 3348; x_wconf 77' lang='grc' dir='ltr'>τὴν</span> <span class='ocrx_word' id='word_1_622' title='bbox 2888 3276 3136 3347; x_wconf 83' lang='grc' dir='ltr'>ἀνδρείαν</span> <span class='ocrx_word' id='word_1_623' title='bbox 3158 3280 3359 3336; x_wconf 82' lang='grc' dir='ltr'>αὐτῶν.</span> 
     </span>
    </p>
   </div>
   <div class='ocr_carea' id='block_1_82' title="bbox 1751 3371 3364 3447">
    <p class='ocr_par' dir='ltr' id='par_1_82' title="bbox 1751 3371 3364 3447">
     <span class='ocr_line' id='line_1_82' title="bbox 1751 3371 3364 3447; baseline -0.005 -17"><span class='ocrx_word' id='word_1_624' title='bbox 1751 3377 1872 3429; x_wconf 80' lang='grc' dir='ltr'>’Διὸ</span> <span class='ocrx_word' id='word_1_625' title='bbox 1898 3376 1981 3430; x_wconf 88' lang='grc' dir='ltr'>δεῖ</span> <span class='ocrx_word' id='word_1_626' title='bbox 2017 3373 2234 3447; x_wconf 90' lang='grc' dir='ltr'>πρῶτον</span> <span class='ocrx_word' id='word_1_627' title='bbox 2265 3374 2437 3427; x_wconf 74' lang='grc' dir='ltr'>εἰπεῖν</span> <span class='ocrx_word' id='word_1_628' title='bbox 2465 3372 2526 3426; x_wconf 87' lang='lat'>16</span> <span class='ocrx_word' id='word_1_629' title='bbox 2563 3371 2800 3443; x_wconf 80' lang='grc' dir='ltr'>πονηρὸν</span> <span class='ocrx_word' id='word_1_630' title='bbox 2830 3372 2950 3437; x_wconf 73' lang='grc' dir='ltr'>ἔθος</span> <span class='ocrx_word' id='word_1_631' title='bbox 2970 3388 2987 3405; x_wconf 75' lang='grc'><strong><em>⁸</em></strong></span> <span class='ocrx_word' id='word_1_632' title='bbox 3024 3374 3118 3428; x_wconf 85' lang='grc' dir='ltr'>τοῦ</span> <span class='ocrx_word' id='word_1_633' title='bbox 3146 3375 3255 3446; x_wconf 80' lang='grc' dir='ltr'>γάρ</span> <span class='ocrx_word' id='word_1_634' title='bbox 3278 3395 3364 3431; x_wconf 84' lang='grc' dir='ltr'>νο.</span> 
     </span>
    </p>
   </div>
   <div class='ocr_carea' id='block_1_83' title="bbox 1784 3469 3364 3546">
    <p class='ocr_par' dir='ltr' id='par_1_83' title="bbox 1784 3469 3364 3546">
     <span class='ocr_line' id='line_1_83' title="bbox 1784 3469 3364 3546; baseline -0.006 -20"><span class='ocrx_word' id='word_1_635' title='bbox 1784 3474 2026 3545; x_wconf 84' lang='grc' dir='ltr'>σήματος</span> <span class='ocrx_word' id='word_1_636' title='bbox 2072 3470 2437 3540; x_wconf 86' lang='grc' dir='ltr'>ἀγνοουμένου</span> <span class='ocrx_word' id='word_1_637' title='bbox 2475 3469 2597 3523; x_wconf 79' lang='grc' dir='ltr'>οὐδὲ</span> <span class='ocrx_word' id='word_1_638' title='bbox 2640 3469 2887 3541; x_wconf 74' lang='grc' dir='ltr'>ἰατρείαν</span> <span class='ocrx_word' id='word_1_639' title='bbox 2932 3473 3231 3542; x_wconf 86' lang='grc' dir='ltr'>προσάγειν</span> <span class='ocrx_word' id='word_1_640' title='bbox 3262 3476 3364 3546; x_wconf 47' lang='lat' dir='ltr'>pg-</span> 
     </span>
    </p>
   </div>
   <div class='ocr_carea' id='block_1_84' title="bbox 1780 3566 3365 3641">
    <p class='ocr_par' dir='ltr' id='par_1_84' title="bbox 1780 3566 3365 3641">
     <span class='ocr_line' id='line_1_84' title="bbox 1780 3566 3365 3641; baseline 0.003 -17"><span class='ocrx_word' id='word_1_641' title='bbox 1780 3570 1891 3624; x_wconf 89' lang='grc' dir='ltr'>διον</span> <span class='ocrx_word' id='word_1_642' title='bbox 1908 3585 1925 3602; x_wconf 78' lang='grc' dir='ltr'><strong>ο</strong></span> <span class='ocrx_word' id='word_1_643' title='bbox 1951 3568 2041 3623; x_wconf 78' lang='grc' dir='ltr'>διά</span> <span class='ocrx_word' id='word_1_644' title='bbox 2065 3567 2224 3622; x_wconf 89' lang='grc' dir='ltr'>τοῦτο</span> <span class='ocrx_word' id='word_1_645' title='bbox 2261 3566 2635 3622; x_wconf 85' lang='grc' dir='ltr'>ἀποκαλύπτω</span> <span class='ocrx_word' id='word_1_646' title='bbox 2657 3566 2720 3620; x_wconf 92' lang='lat'>16</span> <span class='ocrx_word' id='word_1_647' title='bbox 2747 3568 2970 3639; x_wconf 84' lang='grc' dir='ltr'>τραῦμα</span> <span class='ocrx_word' id='word_1_648' title='bbox 2998 3570 3235 3641; x_wconf 87' lang='grc' dir='ltr'>πρῶτον,</span> <span class='ocrx_word' id='word_1_649' title='bbox 3269 3575 3365 3627; x_wconf 76' lang='grc' dir='ltr'>καὶ</span> 
     </span>
    </p>
   </div>
   <div class='ocr_carea' id='block_1_85' title="bbox 1782 3660 3364 3743">
    <p class='ocr_par' dir='ltr' id='par_1_85' title="bbox 1782 3660 3364 3743">
     <span class='ocr_line' id='line_1_85' title="bbox 1782 3660 3364 3743; baseline 0.003 -22"><span class='ocrx_word' id='word_1_650' title='bbox 1782 3667 1904 3721; x_wconf 87' lang='grc' dir='ltr'>τότε</span> <span class='ocrx_word' id='word_1_651' title='bbox 1941 3666 2004 3720; x_wconf 89' lang='lat'>16</span> <span class='ocrx_word' id='word_1_652' title='bbox 2033 3665 2325 3737; x_wconf 85' lang='grc' dir='ltr'>φάρμακον</span> <span class='ocrx_word' id='word_1_653' title='bbox 2351 3663 2660 3735; x_wconf 89' lang='grc' dir='ltr'>ἐπιτίθημι.</span> <span class='ocrx_word' id='word_1_654' title='bbox 2694 3664 2759 3716; x_wconf 89' lang='grc' dir='ltr'>Τί</span> <span class='ocrx_word' id='word_1_655' title='bbox 2778 3660 2873 3718; x_wconf 82' lang='grc' dir='ltr'>οὖν</span> <span class='ocrx_word' id='word_1_656' title='bbox 2894 3666 3010 3720; x_wconf 86' lang='grc' dir='ltr'>ἐστι</span> <span class='ocrx_word' id='word_1_657' title='bbox 3037 3668 3098 3720; x_wconf 88' lang='lat'>16</span> <span class='ocrx_word' id='word_1_658' title='bbox 3129 3672 3364 3743; x_wconf 85' lang='grc' dir='ltr'>πονηρὸν</span> 
     </span>
    </p>
   </div>
   <div class='ocr_carea' id='block_1_86' title="bbox 1784 3761 3364 3842">
    <p class='ocr_par' dir='ltr' id='par_1_86' title="bbox 1784 3761 3364 3842">
     <span class='ocr_line' id='line_1_86' title="bbox 1784 3761 3364 3842; baseline 0.003 -24"><span class='ocrx_word' id='word_1_659' title='bbox 1784 3765 1938 3830; x_wconf 77' lang='grc' dir='ltr'>έθος;</span> <span class='ocrx_word' id='word_1_660' title='bbox 1970 3764 2126 3827; x_wconf 81' lang='grc' dir='ltr'>Τινὲς</span> <span class='ocrx_word' id='word_1_661' title='bbox 2150 3762 2259 3815; x_wconf 92' lang='grc' dir='ltr'>τῶν</span> <span class='ocrx_word' id='word_1_662' title='bbox 2288 3761 2523 3817; x_wconf 86' lang='grc' dir='ltr'>ἐνταῦθα</span> <span class='ocrx_word' id='word_1_663' title='bbox 2564 3763 2970 3835; x_wconf 86' lang='grc' dir='ltr'>συλλεγομένων</span> <span class='ocrx_word' id='word_1_664' title='bbox 2994 3765 3233 3839; x_wconf 88' lang='grc' dir='ltr'>τήμερον</span> <span class='ocrx_word' id='word_1_665' title='bbox 3263 3769 3364 3842; x_wconf 76' lang='grc' dir='ltr'>(μὴ</span> 
     </span>
    </p>
   </div>
   <div class='ocr_carea' id='block_1_87' title="bbox 1785 3859 3365 3935">
    <p class='ocr_par' dir='ltr' id='par_1_87' title="bbox 1785 3859 3365 3935">
     <span class='ocr_line' id='line_1_87' title="bbox 1785 3859 3365 3935; baseline 0 -19"><span class='ocrx_word' id='word_1_666' title='bbox 1785 3862 1892 3935; x_wconf 87' lang='grc' dir='ltr'>γάρ</span> <span class='ocrx_word' id='word_1_667' title='bbox 1935 3879 2023 3933; x_wconf 92' lang='grc' dir='ltr'>μοι</span> <span class='ocrx_word' id='word_1_668' title='bbox 2042 3861 2253 3931; x_wconf 87' lang='grc' dir='ltr'>γένοιτο</span> <span class='ocrx_word' id='word_1_669' title='bbox 2286 3859 2470 3929; x_wconf 81' lang='grc' dir='ltr'>πάσης</span> <span class='ocrx_word' id='word_1_670' title='bbox 2512 3859 2857 3928; x_wconf 85' lang='grc' dir='ltr'>καταγνῶναι</span> <span class='ocrx_word' id='word_1_671' title='bbox 2901 3861 3003 3930; x_wconf 87' lang='grc' dir='ltr'>τῆς</span> <span class='ocrx_word' id='word_1_672' title='bbox 3037 3863 3365 3933; x_wconf 87' lang='grc' dir='ltr'>Ἐκκλησίας</span> 
     </span>
    </p>
   </div>
   <div class='ocr_carea' id='block_1_88' title="bbox 1782 3955 3364 4029">
    <p class='ocr_par' dir='ltr' id='par_1_88' title="bbox 1782 3955 3364 4029">
     <span class='ocr_line' id='line_1_88' title="bbox 1782 3955 3364 4029; baseline 0 -15"><span class='ocrx_word' id='word_1_673' title='bbox 1782 3958 2038 4029; x_wconf 79' lang='grc' dir='ltr'>τοιαύτην</span> <span class='ocrx_word' id='word_1_674' title='bbox 2062 3956 2444 4027; x_wconf 85' lang='grc' dir='ltr'>κατάγνωσιν)</span> <span class='ocrx_word' id='word_1_675' title='bbox 2481 3956 2585 4009; x_wconf 81' lang='grc' dir='ltr'>ὑπὸ</span> <span class='ocrx_word' id='word_1_676' title='bbox 2611 3955 2886 4027; x_wconf 73' lang='grc' dir='ltr'>ῥᾳθυμίας</span> <span class='ocrx_word' id='word_1_677' title='bbox 2919 3957 3064 4021; x_wconf 86' lang='grc' dir='ltr'>τινὸς</span> <span class='ocrx_word' id='word_1_678' title='bbox 3099 3959 3195 4012; x_wconf 76' lang='grc' dir='ltr'>καὶ</span> <span class='ocrx_word' id='word_1_679' title='bbox 3224 3961 3364 4029; x_wconf 79' lang='grc' dir='ltr'>ἀφε-</span> 
     </span>
    </p>
   </div>
   <div class='ocr_carea' id='block_1_89' title="bbox 1784 4051 3365 4127">
    <p class='ocr_par' dir='ltr' id='par_1_89' title="bbox 1784 4051 3365 4127">
     <span class='ocr_line' id='line_1_89' title="bbox 1784 4051 3365 4127; baseline 0.001 -19"><span class='ocrx_word' id='word_1_680' title='bbox 1784 4056 1930 4119; x_wconf 86' lang='grc' dir='ltr'>λείας</span> <span class='ocrx_word' id='word_1_681' title='bbox 1956 4053 2056 4125; x_wconf 83' lang='grc' dir='ltr'>τὴν</span> <span class='ocrx_word' id='word_1_682' title='bbox 2081 4052 2271 4124; x_wconf 75' lang='grc' dir='ltr'>αὔριον</span> <span class='ocrx_word' id='word_1_683' title='bbox 2302 4053 2452 4123; x_wconf 81' lang='grc' dir='ltr'>ἡμᾶς</span> <span class='ocrx_word' id='word_1_684' title='bbox 2475 4051 3074 4122; x_wconf 83' lang='grc' dir='ltr'>ἐγκαταλιμπάνοντες,</span> <span class='ocrx_word' id='word_1_685' title='bbox 3105 4055 3244 4126; x_wconf 82' lang='grc' dir='ltr'>πρὸς</span> <span class='ocrx_word' id='word_1_686' title='bbox 3263 4057 3365 4127; x_wconf 80' lang='grc' dir='ltr'>τὴν</span> 
     </span>
    </p>
   </div>
   <div class='ocr_carea' id='block_1_90' title="bbox 1784 4147 3361 4225">
    <p class='ocr_par' dir='ltr' id='par_1_90' title="bbox 1784 4147 3361 4225">
     <span class='ocr_line' id='line_1_90' title="bbox 1784 4147 3361 4225; baseline -0.004 -20"><span class='ocrx_word' id='word_1_687' title='bbox 1784 4152 2002 4222; x_wconf 75' lang='grc' dir='ltr'>Δάφνην</span> <span class='ocrx_word' id='word_1_688' title='bbox 2036 4147 2434 4219; x_wconf 85' lang='grc' dir='ltr'>ἀποπηδῶσιν“,</span> <span class='ocrx_word' id='word_1_689' title='bbox 2491 4147 2634 4218; x_wconf 80' lang='grc' dir='ltr'>ειπερ</span> <span class='ocrx_word' id='word_1_690' title='bbox 2696 4148 3057 4220; x_wconf 78' lang='grc' dir='ltr'>συνελέξαμεν</span> <span class='ocrx_word' id='word_1_691' title='bbox 3100 4153 3361 4225; x_wconf 59' lang='grc' dir='ltr'>σήμερον,</span> 
     </span>
    </p>
   </div>
   <div class='ocr_carea' id='block_1_91' title="bbox 1785 4244 3366 4321">
    <p class='ocr_par' dir='ltr' id='par_1_91' title="bbox 1785 4244 3366 4321">
     <span class='ocr_line' id='line_1_91' title="bbox 1785 4244 3366 4321; baseline -0.007 -18"><span class='ocrx_word' id='word_1_692' title='bbox 1785 4249 1973 4321; x_wconf 75' lang='grc' dir='ltr'>αὔριον</span> <span class='ocrx_word' id='word_1_693' title='bbox 2012 4246 2314 4317; x_wconf 84' lang='grc' dir='ltr'>ἐκχέοντες,</span> <span class='ocrx_word' id='word_1_694' title='bbox 2368 4245 2463 4298; x_wconf 71' lang='grc' dir='ltr'>καὶ</span> <span class='ocrx_word' id='word_1_695' title='bbox 2498 4244 2641 4314; x_wconf 85' lang='grc' dir='ltr'>άπερ</span> <span class='ocrx_word' id='word_1_696' title='bbox 2677 4244 3112 4317; x_wconf 75' lang='grc' dir='ltr'>ᾠκοδομήσαμεν</span> <span class='ocrx_word' id='word_1_697' title='bbox 3170 4249 3366 4304; x_wconf 57' lang='lat' dir='ltr'>mea“-</span> 
     </span>
    </p>
   </div>
   <div class='ocr_carea' id='block_1_92' title="bbox 1791 4336 3366 4418">
    <p class='ocr_par' dir='ltr' id='par_1_92' title="bbox 1791 4336 3366 4418">
     <span class='ocr_line' id='line_1_92' title="bbox 1791 4336 3366 4418; baseline 0.001 -20"><span class='ocrx_word' id='word_1_698' title='bbox 1791 4344 2030 4417; x_wconf 89' lang='grc' dir='ltr'>ροῦντες.</span> <span class='ocrx_word' id='word_1_699' title='bbox 2059 4342 2158 4395; x_wconf 75' lang='lat' dir='ltr'>&#39;lv‘</span> <span class='ocrx_word' id='word_1_700' title='bbox 2174 4336 2267 4395; x_wconf 80' lang='grc' dir='ltr'>οὖν</span> <span class='ocrx_word' id='word_1_701' title='bbox 2291 4341 2368 4413; x_wconf 79' lang='grc' dir='ltr'>μὴ</span> <span class='ocrx_word' id='word_1_702' title='bbox 2394 4342 2640 4413; x_wconf 81' lang='grc' dir='ltr'>ἄκαρπος</span> <span class='ocrx_word' id='word_1_703' title='bbox 2664 4342 2846 4406; x_wconf 75' lang='grc' dir='ltr'>αὐτοῖς</span> <span class='ocrx_word' id='word_1_704' title='bbox 2871 4343 3148 4418; x_wconf 87' lang='grc' dir='ltr'>γένηταιή</span> <span class='ocrx_word' id='word_1_705' title='bbox 3177 4347 3366 4400; x_wconf 72' lang='grc' dir='ltr'>ἐνταῦο</span> 
     </span>
    </p>
   </div>
   <div class='ocr_carea' id='block_1_93' title="bbox 3407 794 3417 899">
    <p class='ocr_par' dir='ltr' id='par_1_93' title="bbox 3407 794 3417 899">
     <span class='ocr_line' id='line_1_93' title="bbox 3407 794 3417 899; baseline 0 0"><span class='ocrx_word' id='word_1_706' title='bbox 3407 794 3417 899; x_wconf 68' lang='grc' dir='ltr'>ἰ</span> 
     </span>
    </p>
   </div>
   <div class='ocr_carea' id='block_1_94' title="bbox 3407 920 3421 1007">
    <p class='ocr_par' dir='ltr' id='par_1_94' title="bbox 3407 920 3421 1007">
     <span class='ocr_line' id='line_1_94' title="bbox 3407 920 3421 1007; baseline 0 0"><span class='ocrx_word' id='word_1_707' title='bbox 3407 920 3421 1007; x_wconf 71' lang='grc' dir='ltr'>ί</span> 
     </span>
    </p>
   </div>
   <div class='ocr_carea' id='block_1_95' title="bbox 62 4434 1685 4506">
    <p class='ocr_par' dir='ltr' id='par_1_95' title="bbox 62 4434 1685 4506">
     <span class='ocr_line' id='line_1_95' title="bbox 62 4434 1685 4506; baseline -0.004 -9"><span class='ocrx_word' id='word_1_708' title='bbox 62 4445 252 4499; x_wconf 81' lang='grc' dir='ltr'>τοῦτο</span> <span class='ocrx_word' id='word_1_709' title='bbox 291 4444 396 4497; x_wconf 81' lang='grc' dir='ltr'>οὐκ</span> <span class='ocrx_word' id='word_1_710' title='bbox 420 4441 623 4496; x_wconf 79' lang='grc' dir='ltr'>ἔδεισεν</span> <span class='ocrx_word' id='word_1_711' title='bbox 649 4439 774 4493; x_wconf 74' lang='grc' dir='ltr'>οὔτε</span> <span class='ocrx_word' id='word_1_712' title='bbox 818 4440 1030 4504; x_wconf 80' lang='grc' dir='ltr'>λέοντα,</span> <span class='ocrx_word' id='word_1_713' title='bbox 1067 4435 1191 4490; x_wconf 77' lang='grc' dir='ltr'>οὕτε</span> <span class='ocrx_word' id='word_1_714' title='bbox 1242 4434 1334 4488; x_wconf 76' lang='grc' dir='ltr'>τὸν</span> <span class='ocrx_word' id='word_1_715' title='bbox 1382 4435 1552 4506; x_wconf 82' lang='grc' dir='ltr'>θυμὸν</span> <span class='ocrx_word' id='word_1_716' title='bbox 1577 4436 1685 4490; x_wconf 87' lang='grc' dir='ltr'>τῶν</span> 
     </span>
    </p>
   </div>
   <div class='ocr_carea' id='block_1_96' title="bbox 70 4527 326 4600">
    <p class='ocr_par' dir='ltr' id='par_1_96' title="bbox 70 4527 326 4600">
     <span class='ocr_line' id='line_1_96' title="bbox 70 4527 326 4600; baseline -0.004 -18"><span class='ocrx_word' id='word_1_717' title='bbox 70 4528 107 4582; x_wconf 77' lang='grc'><strong>8</strong></span> <span class='ocrx_word' id='word_1_718' title='bbox 118 4548 149 4600; x_wconf 84' lang='grc' dir='ltr'>η</span> <span class='ocrx_word' id='word_1_719' title='bbox 161 4527 326 4599; x_wconf 85' lang='grc' dir='ltr'>ρίων.</span> 
     </span>
    </p>
   </div>
   <div class='ocr_carea' id='block_1_97' title="bbox 155 4623 1688 4696">
    <p class='ocr_par' dir='ltr' id='par_1_97' title="bbox 155 4623 1688 4696">
     <span class='ocr_line' id='line_1_97' title="bbox 155 4623 1688 4696; baseline -0.004 -10"><span class='ocrx_word' id='word_1_720' title='bbox 155 4633 225 4687; x_wconf 85' lang='grc' dir='ltr'>δ’,</span> <span class='ocrx_word' id='word_1_721' title='bbox 252 4629 525 4684; x_wconf 86' lang='grc' dir='ltr'>Βούλεσθε</span> <span class='ocrx_word' id='word_1_722' title='bbox 547 4630 639 4682; x_wconf 75' lang='grc' dir='ltr'>καὶ</span> <span class='ocrx_word' id='word_1_723' title='bbox 659 4627 785 4695; x_wconf 78' lang='grc' dir='ltr'>ἄλλο</span> <span class='ocrx_word' id='word_1_724' title='bbox 801 4643 853 4679; x_wconf 90' lang='grc' dir='ltr'>τι</span> <span class='ocrx_word' id='word_1_725' title='bbox 874 4624 1014 4679; x_wconf 84' lang='grc' dir='ltr'>εἴπω</span> <span class='ocrx_word' id='word_1_726' title='bbox 1030 4623 1259 4678; x_wconf 74' lang='grc' dir='ltr'>παλαιὸν</span> <span class='ocrx_word' id='word_1_727' title='bbox 1279 4624 1541 4696; x_wconf 88' lang='grc' dir='ltr'>διήγημα,</span> <span class='ocrx_word' id='word_1_728' title='bbox 1558 4625 1688 4681; x_wconf 77' lang='grc' dir='ltr'>ἔνθα</span> 
     </span>
    </p>
   </div>
   <div class='ocr_carea' id='block_1_98' title="bbox 65 4707 1684 4785">
    <p class='ocr_par' dir='ltr' id='par_1_98' title="bbox 65 4707 1684 4785">
     <span class='ocr_line' id='line_1_98' title="bbox 65 4707 1684 4785; baseline -0.006 -13"><span class='ocrx_word' id='word_1_729' title='bbox 65 4721 308 4781; x_wconf 78' lang='grc' dir='ltr'>δίκαιος</span> <span class='ocrx_word' id='word_1_730' title='bbox 340 4714 436 4769; x_wconf 80' lang='grc' dir='ltr'>καὶ</span> <span class='ocrx_word' id='word_1_731' title='bbox 481 4712 679 4785; x_wconf 85' lang='grc' dir='ltr'>θηρία,</span> <span class='ocrx_word' id='word_1_732' title='bbox 721 4707 1128 4779; x_wconf 81' lang='grc' dir='ltr'>Ἀναμνήσθητε</span> <span class='ocrx_word' id='word_1_733' title='bbox 1167 4708 1261 4761; x_wconf 89' lang='grc' dir='ltr'>τοῦ</span> <span class='ocrx_word' id='word_1_734' title='bbox 1298 4709 1684 4780; x_wconf 85' lang='grc' dir='ltr'>κατακλυσμοῦ</span> 
     </span>
    </p>
   </div>
   <div class='ocr_carea' id='block_1_99' title="bbox 66 4791 1689 4867">
    <p class='ocr_par' dir='ltr' id='par_1_99' title="bbox 66 4791 1689 4867">
     <span class='ocr_line' id='line_1_99' title="bbox 66 4791 1689 4867; baseline -0.013 -10"><span class='ocrx_word' id='word_1_735' title='bbox 66 4802 183 4857; x_wconf 79' lang='grc' dir='ltr'>τοῦ</span> <span class='ocrx_word' id='word_1_736' title='bbox 222 4801 325 4854; x_wconf 66' lang='grc' dir='ltr'>ἐπὶ</span> <span class='ocrx_word' id='word_1_737' title='bbox 352 4799 476 4852; x_wconf 82' lang='grc' dir='ltr'>Νῶε</span> <span class='ocrx_word' id='word_1_738' title='bbox 501 4800 594 4851; x_wconf 72' lang='grc' dir='ltr'>καὶ</span> <span class='ocrx_word' id='word_1_739' title='bbox 620 4797 717 4867; x_wconf 79' lang='grc' dir='ltr'>τῆς</span> <span class='ocrx_word' id='word_1_740' title='bbox 740 4793 973 4847; x_wconf 84' lang='grc' dir='ltr'>κιϐωτοῦ</span> <span class='ocrx_word' id='word_1_741' title='bbox 998 4808 1010 4821; x_wconf 92' lang='grc'><strong>·</strong></span> <span class='ocrx_word' id='word_1_742' title='bbox 1045 4793 1138 4845; x_wconf 71' lang='grc' dir='ltr'>καὶ</span> <span class='ocrx_word' id='word_1_743' title='bbox 1182 4791 1293 4864; x_wconf 80' lang='grc' dir='ltr'>γὰρ</span> <span class='ocrx_word' id='word_1_744' title='bbox 1340 4794 1433 4846; x_wconf 75' lang='grc' dir='ltr'>καὶ</span> <span class='ocrx_word' id='word_1_745' title='bbox 1463 4795 1581 4847; x_wconf 81' lang='grc' dir='ltr'>τότε</span> <span class='ocrx_word' id='word_1_746' title='bbox 1612 4795 1689 4848; x_wconf 70' lang='grc' dir='ltr'>δέ-</span> 
     </span>
    </p>
   </div>
   <div class='ocr_carea' id='block_1_100' title="bbox 63 4877 1689 4956">
    <p class='ocr_par' dir='ltr' id='par_1_100' title="bbox 63 4877 1689 4956">
     <span class='ocr_line' id='line_1_100' title="bbox 63 4877 1689 4956; baseline -0.014 -12"><span class='ocrx_word' id='word_1_747' title='bbox 63 4905 253 4952; x_wconf 73' lang='grc' dir='ltr'>καιος</span> <span class='ocrx_word' id='word_1_748' title='bbox 288 4884 430 4956; x_wconf 84' lang='grc' dir='ltr'>ὁμοῦ</span> <span class='ocrx_word' id='word_1_749' title='bbox 456 4885 550 4938; x_wconf 76' lang='grc' dir='ltr'>καὶ</span> <span class='ocrx_word' id='word_1_750' title='bbox 577 4882 742 4953; x_wconf 84' lang='grc' dir='ltr'>θηρία</span> <span class='ocrx_word' id='word_1_751' title='bbox 762 4897 775 4910; x_wconf 73' lang='grc' dir='ltr'><strong><em>ο</em></strong></span> <span class='ocrx_word' id='word_1_752' title='bbox 807 4878 920 4933; x_wconf 87' lang='grc' dir='ltr'>ἀλλ’</span> <span class='ocrx_word' id='word_1_753' title='bbox 945 4880 974 4931; x_wconf 90' lang='lat'>6</span> <span class='ocrx_word' id='word_1_754' title='bbox 1025 4878 1122 4947; x_wconf 80' lang='grc' dir='ltr'>μὲν</span> <span class='ocrx_word' id='word_1_755' title='bbox 1153 4877 1275 4930; x_wconf 86' lang='grc' dir='ltr'>Νῶε</span> <span class='ocrx_word' id='word_1_756' title='bbox 1309 4877 1555 4947; x_wconf 74' lang='grc' dir='ltr'>εἰσῆλθεν</span> <span class='ocrx_word' id='word_1_757' title='bbox 1596 4877 1689 4931; x_wconf 80' lang='grc' dir='ltr'>ἄν-</span> 
     </span>
    </p>
   </div>
   <div class='ocr_carea' id='block_1_101' title="bbox 67 4958 1686 5044">
    <p class='ocr_par' dir='ltr' id='par_1_101' title="bbox 67 4958 1686 5044">
     <span class='ocr_line' id='line_1_101' title="bbox 67 4958 1686 5044; baseline 0.003 -33"><span class='ocrx_word' id='word_1_758' title='bbox 67 4973 343 5044; x_wconf 70' lang='grc' dir='ltr'>θρωπος,</span> <span class='ocrx_word' id='word_1_759' title='bbox 364 4969 459 5021; x_wconf 85' lang='grc' dir='ltr'>καί</span> <span class='ocrx_word' id='word_1_760' title='bbox 479 4963 702 5036; x_wconf 80' lang='grc' dir='ltr'>ἐξῆλθεν</span> <span class='ocrx_word' id='word_1_761' title='bbox 733 4960 830 5016; x_wconf 80' lang='grc' dir='ltr'>ἀνθ</span> <span class='ocrx_word' id='word_1_762' title='bbox 840 4976 1019 5044; x_wconf 82' lang='grc' dir='ltr'>ρωπος</span> <span class='ocrx_word' id='word_1_763' title='bbox 1035 4975 1052 5044; x_wconf 9' lang='grc' dir='ltr'>Α·</span> <span class='ocrx_word' id='word_1_764' title='bbox 1091 4958 1373 5022; x_wconf 78' lang='grc' dir='ltr'>Ἰουλιανὸς</span> <span class='ocrx_word' id='word_1_765' title='bbox 1395 4961 1451 5013; x_wconf 84' lang='grc' dir='ltr'>δὲ</span> <span class='ocrx_word' id='word_1_766' title='bbox 1473 4962 1686 5033; x_wconf 81' lang='grc' dir='ltr'>είσῆλθε</span> 
     </span>
    </p>
   </div>
   <div class='ocr_carea' id='block_1_102' title="bbox 72 5042 1688 5126">
    <p class='ocr_par' dir='ltr' id='par_1_102' title="bbox 72 5042 1688 5126">
     <span class='ocr_line' id='line_1_102' title="bbox 72 5042 1688 5126; baseline -0.001 -23"><span class='ocrx_word' id='word_1_767' title='bbox 72 5042 193 5126; x_wconf 67' lang='grc' dir='ltr'>μὲν</span> <span class='ocrx_word' id='word_1_768' title='bbox 224 5052 547 5122; x_wconf 77' lang='grc' dir='ltr'>ἅνθρωπος,</span> <span class='ocrx_word' id='word_1_769' title='bbox 573 5045 762 5117; x_wconf 77' lang='grc' dir='ltr'>ἐξῆλθε</span> <span class='ocrx_word' id='word_1_770' title='bbox 788 5043 845 5096; x_wconf 83' lang='grc' dir='ltr'>δὲ</span> <span class='ocrx_word' id='word_1_771' title='bbox 893 5042 1122 5111; x_wconf 80' lang='grc' dir='ltr'>ἄγγελος</span> <span class='ocrx_word' id='word_1_772' title='bbox 1147 5060 1160 5073; x_wconf 82' lang='grc'><em>’</em></span> <span class='ocrx_word' id='word_1_773' title='bbox 1205 5043 1410 5106; x_wconf 80' lang='grc' dir='ltr'>ἐκεῖνος</span> <span class='ocrx_word' id='word_1_774' title='bbox 1438 5045 1688 5126; x_wconf 72' lang='grc' dir='ltr'>εἰσῆλθεν</span> 
     </span>
    </p>
   </div>
   <div class='ocr_carea' id='block_1_103' title="bbox 64 5125 1688 5205">
    <p class='ocr_par' dir='ltr' id='par_1_103' title="bbox 64 5125 1688 5205">
     <span class='ocr_line' id='line_1_103' title="bbox 64 5125 1688 5205; baseline 0.007 -32"><span class='ocrx_word' id='word_1_775' title='bbox 64 5125 197 5193; x_wconf 70' lang='grc' dir='ltr'>ἀπὸ</span> <span class='ocrx_word' id='word_1_776' title='bbox 230 5136 345 5205; x_wconf 72' lang='grc' dir='ltr'>τῆς</span> <span class='ocrx_word' id='word_1_777' title='bbox 379 5134 506 5204; x_wconf 63' lang='grc' dir='ltr'>γῆς,</span> <span class='ocrx_word' id='word_1_778' title='bbox 535 5133 631 5186; x_wconf 71' lang='grc' dir='ltr'>καὶ</span> <span class='ocrx_word' id='word_1_779' title='bbox 654 5129 876 5201; x_wconf 75' lang='grc' dir='ltr'>ἐξῆλθεν</span> <span class='ocrx_word' id='word_1_780' title='bbox 909 5131 987 5191; x_wconf 83' lang='grc' dir='ltr'>είς</span> <span class='ocrx_word' id='word_1_781' title='bbox 1019 5129 1118 5198; x_wconf 80' lang='grc' dir='ltr'>τὴν</span> <span class='ocrx_word' id='word_1_782' title='bbox 1160 5127 1265 5197; x_wconf 83' lang='grc' dir='ltr'>γῆν</span> <span class='ocrx_word' id='word_1_783' title='bbox 1300 5127 1461 5181; x_wconf 81' lang='grc' dir='ltr'>πάλιν</span> <span class='ocrx_word' id='word_1_784' title='bbox 1486 5147 1497 5159; x_wconf 92' lang='grc'><strong>·</strong></span> <span class='ocrx_word' id='word_1_785' title='bbox 1534 5125 1688 5195; x_wconf 72' lang='grc' dir='ltr'>οὗτος</span> 
     </span>
    </p>
   </div>
   <div class='ocr_carea' id='block_1_104' title="bbox 60 5210 1686 5290">
    <p class='ocr_par' dir='ltr' id='par_1_104' title="bbox 60 5210 1686 5290">
     <span class='ocr_line' id='line_1_104' title="bbox 60 5210 1686 5290; baseline -0.005 -15"><span class='ocrx_word' id='word_1_786' title='bbox 60 5220 356 5290; x_wconf 78' lang='grc' dir='ltr'>εἰσῆλθεν</span> <span class='ocrx_word' id='word_1_787' title='bbox 383 5218 493 5272; x_wconf 88' lang='grc' dir='ltr'>ἀπὸ</span> <span class='ocrx_word' id='word_1_788' title='bbox 514 5217 613 5286; x_wconf 77' lang='grc' dir='ltr'>τῆς</span> <span class='ocrx_word' id='word_1_789' title='bbox 636 5215 741 5285; x_wconf 75' lang='grc' dir='ltr'>γῆς</span> <span class='ocrx_word' id='word_1_790' title='bbox 768 5216 846 5276; x_wconf 80' lang='grc' dir='ltr'>εἰς</span> <span class='ocrx_word' id='word_1_791' title='bbox 863 5213 1084 5278; x_wconf 82' lang='grc' dir='ltr'>σάκκον,</span> <span class='ocrx_word' id='word_1_792' title='bbox 1111 5211 1204 5264; x_wconf 73' lang='grc' dir='ltr'>καὶ</span> <span class='ocrx_word' id='word_1_793' title='bbox 1222 5211 1331 5263; x_wconf 73' lang='grc' dir='ltr'>ἀπὸ</span> <span class='ocrx_word' id='word_1_794' title='bbox 1358 5210 1451 5263; x_wconf 86' lang='grc' dir='ltr'>τοῦ</span> <span class='ocrx_word' id='word_1_795' title='bbox 1483 5214 1686 5267; x_wconf 84' lang='grc' dir='ltr'>σάκκου</span> 
     </span>
    </p>
   </div>
   <div class='ocr_carea' id='block_1_105' title="bbox 56 5294 1685 5368">
    <p class='ocr_par' dir='ltr' id='par_1_105' title="bbox 56 5294 1685 5368">
     <span class='ocr_line' id='line_1_105' title="bbox 56 5294 1685 5368; baseline -0.003 -14"><span class='ocrx_word' id='word_1_796' title='bbox 56 5308 157 5368; x_wconf 79' lang='grc' dir='ltr'>εἰς</span> <span class='ocrx_word' id='word_1_797' title='bbox 207 5302 312 5356; x_wconf 79' lang='grc' dir='ltr'>τὸν</span> <span class='ocrx_word' id='word_1_798' title='bbox 335 5301 566 5368; x_wconf 77' lang='grc' dir='ltr'>οὐρανὸν</span> <span class='ocrx_word' id='word_1_799' title='bbox 605 5296 792 5368; x_wconf 78' lang='grc' dir='ltr'>ἀπῄει.</span> <span class='ocrx_word' id='word_1_800' title='bbox 831 5294 1061 5348; x_wconf 83' lang='grc' dir='ltr'>Ἔλαϐεν</span> <span class='ocrx_word' id='word_1_801' title='bbox 1108 5294 1272 5348; x_wconf 78' lang='grc' dir='ltr'>αὑτὸν</span> <span class='ocrx_word' id='word_1_802' title='bbox 1321 5294 1384 5347; x_wconf 90' lang='lat'>16</span> <span class='ocrx_word' id='word_1_803' title='bbox 1428 5295 1685 5364; x_wconf 77' lang='grc' dir='ltr'>πέλαγος,</span> 
     </span>
    </p>
   </div>
   <div class='ocr_carea' id='block_1_106' title="bbox 57 5376 1688 5457">
    <p class='ocr_par' dir='ltr' id='par_1_106' title="bbox 57 5376 1688 5457">
     <span class='ocr_line' id='line_1_106' title="bbox 57 5376 1688 5457; baseline -0.002 -21"><span class='ocrx_word' id='word_1_804' title='bbox 57 5389 182 5457; x_wconf 71' lang='grc' dir='ltr'>οὐχ</span> <span class='ocrx_word' id='word_1_805' title='bbox 219 5387 320 5440; x_wconf 82' lang='grc' dir='ltr'>ἵνα</span> <span class='ocrx_word' id='word_1_806' title='bbox 354 5383 673 5454; x_wconf 80' lang='grc' dir='ltr'>ἀποκτείνῃ,</span> <span class='ocrx_word' id='word_1_807' title='bbox 701 5379 816 5434; x_wconf 86' lang='grc' dir='ltr'>ἀλλ’</span> <span class='ocrx_word' id='word_1_808' title='bbox 842 5378 930 5432; x_wconf 82' lang='grc' dir='ltr'>ἵνα</span> <span class='ocrx_word' id='word_1_809' title='bbox 955 5376 1294 5449; x_wconf 69' lang='grc' dir='ltr'>στεφανὼτῃ,</span> <span class='ocrx_word' id='word_1_810' title='bbox 1324 5379 1415 5431; x_wconf 78' lang='grc' dir='ltr'>καὶ</span> <span class='ocrx_word' id='word_1_811' title='bbox 1435 5379 1571 5449; x_wconf 85' lang='grc' dir='ltr'>μετά</span> <span class='ocrx_word' id='word_1_812' title='bbox 1596 5379 1688 5433; x_wconf 80' lang='grc' dir='ltr'>τὸν</span> 
     </span>
    </p>
   </div>
   <div class='ocr_carea' id='block_1_107' title="bbox 55 5462 1687 5538">
    <p class='ocr_par' dir='ltr' id='par_1_107' title="bbox 55 5462 1687 5538">
     <span class='ocr_line' id='line_1_107' title="bbox 55 5462 1687 5538; baseline -0.003 -16"><span class='ocrx_word' id='word_1_813' title='bbox 55 5472 374 5538; x_wconf 74' lang='grc' dir='ltr'>στέφανον</span> <span class='ocrx_word' id='word_1_814' title='bbox 406 5467 687 5522; x_wconf 80' lang='grc' dir='ltr'>ἀπέδωκεν</span> <span class='ocrx_word' id='word_1_815' title='bbox 720 5467 855 5535; x_wconf 81' lang='grc' dir='ltr'>ἡμῖν</span> <span class='ocrx_word' id='word_1_816' title='bbox 905 5462 1005 5536; x_wconf 85' lang='grc' dir='ltr'>τὴν</span> <span class='ocrx_word' id='word_1_817' title='bbox 1037 5462 1198 5530; x_wconf 87' lang='grc' dir='ltr'>άγίαν</span> <span class='ocrx_word' id='word_1_818' title='bbox 1223 5462 1425 5531; x_wconf 85' lang='grc' dir='ltr'>ταύτην</span> <span class='ocrx_word' id='word_1_819' title='bbox 1455 5462 1687 5517; x_wconf 68' lang='grc' dir='ltr'>κιϐωτὲν</span> 
     </span>
    </p>
   </div>
   <div class='ocr_carea' id='block_1_108' title="bbox 52 5546 1689 5625">
    <p class='ocr_par' dir='ltr' id='par_1_108' title="bbox 52 5546 1689 5625">
     <span class='ocr_line' id='line_1_108' title="bbox 52 5546 1689 5625; baseline -0.005 -18"><span class='ocrx_word' id='word_1_820' title='bbox 52 5555 133 5607; x_wconf 75' lang='lat'>16</span> <span class='ocrx_word' id='word_1_821' title='bbox 163 5554 349 5625; x_wconf 83' lang='grc' dir='ltr'>σῶμα</span> <span class='ocrx_word' id='word_1_822' title='bbox 377 5552 475 5606; x_wconf 87' lang='grc' dir='ltr'>τοῦ</span> <span class='ocrx_word' id='word_1_823' title='bbox 503 5551 779 5622; x_wconf 86' lang='grc' dir='ltr'>μάρτυρος</span> <span class='ocrx_word' id='word_1_824' title='bbox 804 5565 817 5579; x_wconf 91' lang='grc'><strong>·</strong></span> <span class='ocrx_word' id='word_1_825' title='bbox 850 5547 1053 5618; x_wconf 82' lang='grc' dir='ltr'>ταύτην</span> <span class='ocrx_word' id='word_1_826' title='bbox 1083 5546 1385 5615; x_wconf 76' lang='grc' dir='ltr'>κατέχομεν</span> <span class='ocrx_word' id='word_1_827' title='bbox 1412 5546 1689 5616; x_wconf 81' lang='grc' dir='ltr'>μέχριτῆς</span> 
     </span>
    </p>
   </div>
   <div class='ocr_carea' id='block_1_109' title="bbox 51 5628 1685 5712">
    <p class='ocr_par' dir='ltr' id='par_1_109' title="bbox 51 5628 1685 5712">
     <span class='ocr_line' id='line_1_109' title="bbox 51 5628 1685 5712; baseline 0.002 -30"><span class='ocrx_word' id='word_1_828' title='bbox 51 5639 393 5712; x_wconf 70' lang='grc' dir='ltr'>παρούσης</span> <span class='ocrx_word' id='word_1_829' title='bbox 435 5635 647 5708; x_wconf 81' lang='grc' dir='ltr'>ἡμέρας</span> <span class='ocrx_word' id='word_1_830' title='bbox 680 5635 888 5706; x_wconf 83' lang='grc' dir='ltr'>μυρίων</span> <span class='ocrx_word' id='word_1_831' title='bbox 932 5628 1097 5685; x_wconf 75' lang='grc' dir='ltr'>οὖσαν</span> <span class='ocrx_word' id='word_1_832' title='bbox 1138 5629 1357 5698; x_wconf 89' lang='grc' dir='ltr'>ἀγαθῶν</span> <span class='ocrx_word' id='word_1_833' title='bbox 1391 5628 1685 5700; x_wconf 88' lang='grc' dir='ltr'>θησαυρόν.</span> 
     </span>
    </p>
   </div>
   <div class='ocr_carea' id='block_1_110' title="bbox 52 5712 1686 5794">
    <p class='ocr_par' dir='ltr' id='par_1_110' title="bbox 52 5712 1686 5794">
     <span class='ocr_line' id='line_1_110' title="bbox 52 5712 1686 5794; baseline -0.002 -13"><span class='ocrx_word' id='word_1_834' title='bbox 52 5729 193 5781; x_wconf 73' lang='grc' dir='ltr'>Καὶ</span> <span class='ocrx_word' id='word_1_835' title='bbox 211 5725 338 5794; x_wconf 80' lang='grc' dir='ltr'>γὰρ</span> <span class='ocrx_word' id='word_1_836' title='bbox 369 5721 671 5793; x_wconf 70' lang='grc' dir='ltr'>ἐμερίσατο</span> <span class='ocrx_word' id='word_1_837' title='bbox 689 5722 717 5773; x_wconf 87' lang='grc' dir='ltr'>ὁ</span> <span class='ocrx_word' id='word_1_838' title='bbox 740 5718 871 5781; x_wconf 82' lang='grc' dir='ltr'>Θεὸς</span> <span class='ocrx_word' id='word_1_839' title='bbox 897 5716 1031 5788; x_wconf 74' lang='grc' dir='ltr'>πρδς</span> <span class='ocrx_word' id='word_1_840' title='bbox 1053 5715 1198 5785; x_wconf 74' lang='grc' dir='ltr'>ἡμᾶς</span> <span class='ocrx_word' id='word_1_841' title='bbox 1219 5714 1346 5776; x_wconf 66' lang='grc' dir='ltr'>τοὺς</span> <span class='ocrx_word' id='word_1_842' title='bbox 1381 5712 1686 5784; x_wconf 70' lang='grc' dir='ltr'>μάρτυρας,</span> 
     </span>
    </p>
   </div>
   <div class='ocr_carea' id='block_1_111' title="bbox 51 5796 1684 5875">
    <p class='ocr_par' dir='ltr' id='par_1_111' title="bbox 51 5796 1684 5875">
     <span class='ocr_line' id='line_1_111' title="bbox 51 5796 1684 5875; baseline -0.003 -18"><span class='ocrx_word' id='word_1_843' title='bbox 51 5812 175 5874; x_wconf 61' lang='grc' dir='ltr'>τὰς</span> <span class='ocrx_word' id='word_1_844' title='bbox 220 5808 422 5875; x_wconf 70' lang='grc' dir='ltr'>ψυχὰς</span> <span class='ocrx_word' id='word_1_845' title='bbox 447 5804 627 5858; x_wconf 80' lang='grc' dir='ltr'>λαϐὼν</span> <span class='ocrx_word' id='word_1_846' title='bbox 655 5802 839 5865; x_wconf 76' lang='grc' dir='ltr'>αὐτὸς,</span> <span class='ocrx_word' id='word_1_847' title='bbox 863 5801 931 5854; x_wconf 78' lang='grc' dir='ltr'>τά</span> <span class='ocrx_word' id='word_1_848' title='bbox 968 5797 1195 5869; x_wconf 75' lang='grc' dir='ltr'>σώματά</span> <span class='ocrx_word' id='word_1_849' title='bbox 1224 5814 1337 5859; x_wconf 80' lang='grc' dir='ltr'>πως</span> <span class='ocrx_word' id='word_1_850' title='bbox 1385 5796 1518 5866; x_wconf 77' lang='grc' dir='ltr'>ἡμῖν</span> <span class='ocrx_word' id='word_1_851' title='bbox 1550 5796 1684 5852; x_wconf 70' lang='grc' dir='ltr'>ἑδω-</span> 
     </span>
    </p>
   </div>
   <div class='ocr_carea' id='block_1_112' title="bbox 417 5891 961 5954">
    <p class='ocr_par' dir='ltr' id='par_1_112' title="bbox 417 5891 961 5954">
     <span class='ocr_line' id='line_1_112' title="bbox 417 5891 961 5954; baseline 0.004 -2"><span class='ocrx_word' id='word_1_852' title='bbox 417 5891 693 5952; x_wconf 73' lang='grc' dir='ltr'>ΙἈτιιοι..</span> <span class='ocrx_word' id='word_1_853' title='bbox 729 5894 818 5954; x_wconf 78' lang='lat' dir='ltr'>Gn</span> <span class='ocrx_word' id='word_1_854' title='bbox 833 5939 848 5954; x_wconf 91' lang='lat'><strong>.</strong></span> <span class='ocrx_word' id='word_1_855' title='bbox 894 5897 961 5954; x_wconf 84' lang='lat' dir='ltr'>L.</span> 
     </span>
    </p>
   </div>
   <div class='ocr_carea' id='block_1_113' title="bbox 1790 4432 3367 4512">
    <p class='ocr_par' dir='ltr' id='par_1_113' title="bbox 1790 4432 3367 4512">
     <span class='ocr_line' id='line_1_113' title="bbox 1790 4432 3367 4512; baseline 0.001 -18"><span class='ocrx_word' id='word_1_856' title='bbox 1790 4432 1863 4494; x_wconf 80' lang='grc' dir='ltr'>θα</span> <span class='ocrx_word' id='word_1_857' title='bbox 1890 4439 2177 4512; x_wconf 81' lang='grc' dir='ltr'>παρουσία,</span> <span class='ocrx_word' id='word_1_858' title='bbox 2212 4438 2371 4508; x_wconf 78' lang='grc' dir='ltr'>ὀλίγα</span> <span class='ocrx_word' id='word_1_859' title='bbox 2396 4436 2526 4508; x_wconf 76' lang='grc' dir='ltr'>περὶ</span> <span class='ocrx_word' id='word_1_860' title='bbox 2558 4436 2765 4492; x_wconf 89' lang='grc' dir='ltr'>τούτων</span> <span class='ocrx_word' id='word_1_861' title='bbox 2788 4438 3162 4510; x_wconf 83' lang='grc' dir='ltr'>διαλεχθέντες</span> <span class='ocrx_word' id='word_1_862' title='bbox 3191 4458 3367 4507; x_wconf 61' lang='grc' dir='ltr'>κατα-</span> 
     </span>
    </p>
   </div>
   <div class='ocr_carea' id='block_1_114' title="bbox 1791 4533 3368 4609">
    <p class='ocr_par' dir='ltr' id='par_1_114' title="bbox 1791 4533 3368 4609">
     <span class='ocr_line' id='line_1_114' title="bbox 1791 4533 3368 4609; baseline 0.001 -19"><span class='ocrx_word' id='word_1_863' title='bbox 1791 4535 2071 4607; x_wconf 89' lang='grc' dir='ltr'>παύσομεν</span> <span class='ocrx_word' id='word_1_864' title='bbox 2093 4536 2181 4589; x_wconf 84' lang='grc' dir='ltr'>τὸν</span> <span class='ocrx_word' id='word_1_865' title='bbox 2208 4534 2386 4605; x_wconf 87' lang='grc' dir='ltr'>λόγον.</span> <span class='ocrx_word' id='word_1_866' title='bbox 2416 4535 2481 4587; x_wconf 93' lang='grc' dir='ltr'>Τί</span> <span class='ocrx_word' id='word_1_867' title='bbox 2514 4533 2764 4600; x_wconf 87' lang='grc' dir='ltr'>σπεύδεις</span> <span class='ocrx_word' id='word_1_868' title='bbox 2811 4536 2903 4588; x_wconf 73' lang='grc' dir='ltr'>ἐπὶ</span> <span class='ocrx_word' id='word_1_869' title='bbox 2952 4536 3015 4590; x_wconf 88' lang='lat'>16</span> <span class='ocrx_word' id='word_1_870' title='bbox 3046 4537 3368 4609; x_wconf 86' lang='grc' dir='ltr'>προάστειον</span> 
     </span>
    </p>
   </div>
   <div class='ocr_carea' id='block_1_115' title="bbox 1791 4631 3369 4708">
    <p class='ocr_par' dir='ltr' id='par_1_115' title="bbox 1791 4631 3369 4708">
     <span class='ocr_line' id='line_1_115' title="bbox 1791 4631 3369 4708; baseline -0.002 -18"><span class='ocrx_word' id='word_1_871' title='bbox 1791 4636 1889 4706; x_wconf 81' lang='grc' dir='ltr'>τῆς</span> <span class='ocrx_word' id='word_1_872' title='bbox 1922 4635 2154 4698; x_wconf 90' lang='grc' dir='ltr'>πόλεως,</span> <span class='ocrx_word' id='word_1_873' title='bbox 2184 4633 2306 4688; x_wconf 81' lang='grc' dir='ltr'>εἰπέ</span> <span class='ocrx_word' id='word_1_874' title='bbox 2335 4650 2457 4704; x_wconf 74' lang='grc' dir='ltr'>μοις</span> <span class='ocrx_word' id='word_1_875' title='bbox 2506 4631 2637 4685; x_wconf 81' lang='grc' dir='ltr'>Ἰδοὺ</span> <span class='ocrx_word' id='word_1_876' title='bbox 2678 4632 2738 4685; x_wconf 88' lang='lat'>16</span> <span class='ocrx_word' id='word_1_877' title='bbox 2764 4634 3090 4704; x_wconf 79' lang='grc' dir='ltr'>προάστειον</span> <span class='ocrx_word' id='word_1_878' title='bbox 3123 4637 3220 4708; x_wconf 83' lang='grc' dir='ltr'>τῆς</span> <span class='ocrx_word' id='word_1_879' title='bbox 3253 4639 3369 4692; x_wconf 80' lang='grc' dir='ltr'>ἅνω</span> 
     </span>
    </p>
   </div>
   <div class='ocr_carea' id='block_1_116' title="bbox 1803 4731 3370 4806">
    <p class='ocr_par' dir='ltr' id='par_1_116' title="bbox 1803 4731 3370 4806">
     <span class='ocr_line' id='line_1_116' title="bbox 1803 4731 3370 4806; baseline 0.002 -19"><span class='ocrx_word' id='word_1_880' title='bbox 1803 4733 2189 4805; x_wconf 76' lang='grc' dir='ltr'>Ἰερουσαλήμ·</span> <span class='ocrx_word' id='word_1_881' title='bbox 2227 4732 2335 4786; x_wconf 81' lang='lat' dir='ltr'><em>i606</em></span> <span class='ocrx_word' id='word_1_882' title='bbox 2369 4732 2553 4802; x_wconf 81' lang='grc' dir='ltr'>Δάφνη</span> <span class='ocrx_word' id='word_1_883' title='bbox 2578 4731 2608 4772; x_wconf 66' lang='grc' dir='ltr'>δ</span> <span class='ocrx_word' id='word_1_884' title='bbox 2633 4734 3007 4804; x_wconf 63' lang='grc' dir='ltr'>πνευματικίίι⁸</span> <span class='ocrx_word' id='word_1_885' title='bbox 3052 4735 3168 4787; x_wconf 81' lang='grc' dir='ltr'>ἐκεῖ</span> <span class='ocrx_word' id='word_1_886' title='bbox 3194 4739 3370 4806; x_wconf 65' lang='grc' dir='ltr'>πηγαὶ⁸</span> 
     </span>
    </p>
   </div>
   <div class='ocr_carea' id='block_1_117' title="bbox 1788 4827 3365 4905">
    <p class='ocr_par' dir='ltr' id='par_1_117' title="bbox 1788 4827 3365 4905">
     <span class='ocr_line' id='line_1_117' title="bbox 1788 4827 3365 4905; baseline 0 -18"><span class='ocrx_word' id='word_1_887' title='bbox 1788 4833 2019 4893; x_wconf 81' lang='grc' dir='ltr'>ὑδάτων,</span> <span class='ocrx_word' id='word_1_888' title='bbox 2050 4829 2288 4885; x_wconf 83' lang='grc' dir='ltr'>ἐνταῦθα</span> <span class='ocrx_word' id='word_1_889' title='bbox 2324 4829 2495 4899; x_wconf 80' lang='grc' dir='ltr'>πηγαὶ</span> <span class='ocrx_word' id='word_1_890' title='bbox 2521 4827 2814 4900; x_wconf 88' lang='grc' dir='ltr'>μαρτύρων</span> <span class='ocrx_word' id='word_1_891' title='bbox 2831 4847 2845 4859; x_wconf 91' lang='grc'>·</span> <span class='ocrx_word' id='word_1_892' title='bbox 2868 4830 2987 4883; x_wconf 80' lang='grc' dir='ltr'>ἐκεῖ</span> <span class='ocrx_word' id='word_1_893' title='bbox 3012 4834 3365 4905; x_wconf 86' lang='grc' dir='ltr'>κυπάρισσοι,</span> 
     </span>
    </p>
   </div>
   <div class='ocr_carea' id='block_1_118' title="bbox 1787 4923 3369 5002">
    <p class='ocr_par' dir='ltr' id='par_1_118' title="bbox 1787 4923 3369 5002">
     <span class='ocr_line' id='line_1_118' title="bbox 1787 4923 3369 5002; baseline 0 -19"><span class='ocrx_word' id='word_1_894' title='bbox 1787 4929 1982 5002; x_wconf 85' lang='grc' dir='ltr'>δένδρα</span> <span class='ocrx_word' id='word_1_895' title='bbox 2026 4928 2270 4997; x_wconf 85' lang='grc' dir='ltr'>ἄκαρπα,</span> <span class='ocrx_word' id='word_1_896' title='bbox 2325 4924 2557 4978; x_wconf 89' lang='grc' dir='ltr'>ἐνταῦθα</span> <span class='ocrx_word' id='word_1_897' title='bbox 2595 4923 2824 4993; x_wconf 75' lang='grc' dir='ltr'>λείψανα</span> <span class='ocrx_word' id='word_1_898' title='bbox 2853 4926 3027 4995; x_wconf 88' lang='grc' dir='ltr'>ἁγίων</span> <span class='ocrx_word' id='word_1_899' title='bbox 3074 4930 3168 4982; x_wconf 79' lang='grc' dir='ltr'>καὶ</span> <span class='ocrx_word' id='word_1_900' title='bbox 3223 4930 3369 5001; x_wconf 79' lang='grc' dir='ltr'>ῥίζαι</span> 
     </span>
    </p>
   </div>
   <div class='ocr_carea' id='block_1_119' title="bbox 1788 5020 3368 5097">
    <p class='ocr_par' dir='ltr' id='par_1_119' title="bbox 1788 5020 3368 5097">
     <span class='ocr_line' id='line_1_119' title="bbox 1788 5020 3368 5097; baseline 0 -18"><span class='ocrx_word' id='word_1_901' title='bbox 1788 5026 1940 5081; x_wconf 88' lang='grc' dir='ltr'>κάτω</span> <span class='ocrx_word' id='word_1_902' title='bbox 1967 5021 2394 5092; x_wconf 82' lang='grc' dir='ltr'>πεφυτευμέναι,</span> <span class='ocrx_word' id='word_1_903' title='bbox 2422 5020 2515 5075; x_wconf 81' lang='grc' dir='ltr'>καὶ</span> <span class='ocrx_word' id='word_1_904' title='bbox 2535 5022 2664 5085; x_wconf 77' lang='grc' dir='ltr'>τοὺς</span> <span class='ocrx_word' id='word_1_905' title='bbox 2686 5020 2918 5086; x_wconf 86' lang='grc' dir='ltr'>κλάδους</span> <span class='ocrx_word' id='word_1_906' title='bbox 2951 5025 3031 5086; x_wconf 84' lang='grc' dir='ltr'>είς</span> <span class='ocrx_word' id='word_1_907' title='bbox 3082 5026 3173 5078; x_wconf 85' lang='grc' dir='ltr'>τὸν</span> <span class='ocrx_word' id='word_1_908' title='bbox 3200 5026 3368 5097; x_wconf 81' lang='grc' dir='ltr'>ούρα-</span> 
     </span>
    </p>
   </div>
   <div class='ocr_carea' id='block_1_120' title="bbox 1791 5118 3368 5180">
    <p class='ocr_par' dir='ltr' id='par_1_120' title="bbox 1791 5118 3368 5180">
     <span class='ocr_line' id='line_1_120' title="bbox 1791 5118 3368 5180; baseline -0.003 0"><span class='ocrx_word' id='word_1_909' title='bbox 1791 5126 1880 5180; x_wconf 79' lang='grc' dir='ltr'>νὺν</span> <span class='ocrx_word' id='word_1_910' title='bbox 1908 5123 2307 5178; x_wconf 89' lang='grc' dir='ltr'>ἀνατείνουσαι.</span> <span class='ocrx_word' id='word_1_911' title='bbox 2336 5119 2525 5173; x_wconf 84' lang='grc' dir='ltr'>Βούλει</span> <span class='ocrx_word' id='word_1_912' title='bbox 2548 5118 2772 5173; x_wconf 74' lang='grc' dir='ltr'>καὶτῶν</span> <span class='ocrx_word' id='word_1_913' title='bbox 2803 5119 3013 5174; x_wconf 88' lang='grc' dir='ltr'>κλάδων</span> <span class='ocrx_word' id='word_1_914' title='bbox 3045 5121 3249 5175; x_wconf 89' lang='grc' dir='ltr'>τούτων</span> <span class='ocrx_word' id='word_1_915' title='bbox 3276 5124 3368 5176; x_wconf 78' lang='grc' dir='ltr'>τὸν</span> 
     </span>
    </p>
   </div>
   <div class='ocr_carea' id='block_1_121' title="bbox 1791 5215 3378 5293">
    <p class='ocr_par' dir='ltr' id='par_1_121' title="bbox 1791 5215 3378 5293">
     <span class='ocr_line' id='line_1_121' title="bbox 1791 5215 3378 5293; baseline -0.004 -16"><span class='ocrx_word' id='word_1_916' title='bbox 1791 5220 2003 5293; x_wconf 74' lang='grc' dir='ltr'>καρπὸν</span> <span class='ocrx_word' id='word_1_917' title='bbox 2031 5218 2190 5284; x_wconf 85' lang='grc' dir='ltr'>ίδεϊν;</span> <span class='ocrx_word' id='word_1_918' title='bbox 2220 5215 2465 5281; x_wconf 78' lang='grc' dir='ltr'>Ἀνοιξον</span> <span class='ocrx_word' id='word_1_919' title='bbox 2494 5218 2629 5287; x_wconf 81' lang='grc' dir='ltr'>ἡμῖν</span> <span class='ocrx_word' id='word_1_920' title='bbox 2648 5217 2774 5279; x_wconf 82' lang='grc' dir='ltr'>τοὺς</span> <span class='ocrx_word' id='word_1_921' title='bbox 2793 5216 2892 5286; x_wconf 83' lang='grc' dir='ltr'>τῆς</span> <span class='ocrx_word' id='word_1_922' title='bbox 2920 5217 3157 5277; x_wconf 83' lang='grc' dir='ltr'>πίστεως</span> <span class='ocrx_word' id='word_1_923' title='bbox 3177 5216 3378 5285; x_wconf 78' lang='grc' dir='ltr'>ὀφθαλ-</span> 
     </span>
    </p>
   </div>
   <div class='ocr_carea' id='block_1_122' title="bbox 1796 5310 3367 5389">
    <p class='ocr_par' dir='ltr' id='par_1_122' title="bbox 1796 5310 3367 5389">
     <span class='ocr_line' id='line_1_122' title="bbox 1796 5310 3367 5389; baseline -0.003 -18"><span class='ocrx_word' id='word_1_924' title='bbox 1796 5318 1952 5389; x_wconf 84' lang='grc' dir='ltr'>μοὺς,</span> <span class='ocrx_word' id='word_1_925' title='bbox 1986 5316 2082 5370; x_wconf 75' lang='grc' dir='ltr'>καὶ</span> <span class='ocrx_word' id='word_1_926' title='bbox 2115 5314 2319 5377; x_wconf 76' lang='grc' dir='ltr'>εὐθέως</span> <span class='ocrx_word' id='word_1_927' title='bbox 2341 5312 2592 5378; x_wconf 79' lang='grc' dir='ltr'>ἐπιδείξω</span> <span class='ocrx_word' id='word_1_928' title='bbox 2621 5328 2702 5366; x_wconf 89' lang='grc' dir='ltr'>σοι</span> <span class='ocrx_word' id='word_1_929' title='bbox 2718 5312 2881 5382; x_wconf 83' lang='grc' dir='ltr'>φύσιν</span> <span class='ocrx_word' id='word_1_930' title='bbox 2903 5311 3132 5381; x_wconf 85' lang='grc' dir='ltr'>καρπῶν</span> <span class='ocrx_word' id='word_1_931' title='bbox 3155 5310 3367 5383; x_wconf 68' lang='grc' dir='ltr'>θαυμαι</span> 
     </span>
    </p>
   </div>
   <div class='ocr_carea' id='block_1_123' title="bbox 1793 5407 3364 5484">
    <p class='ocr_par' dir='ltr' id='par_1_123' title="bbox 1793 5407 3364 5484">
     <span class='ocr_line' id='line_1_123' title="bbox 1793 5407 3364 5484; baseline -0.004 -16"><span class='ocrx_word' id='word_1_932' title='bbox 1793 5415 1952 5468; x_wconf 85' lang='grc' dir='ltr'>στῶν.</span> <span class='ocrx_word' id='word_1_933' title='bbox 1982 5413 2060 5466; x_wconf 83' lang='grc' dir='ltr'>Ού</span> <span class='ocrx_word' id='word_1_934' title='bbox 2089 5411 2197 5484; x_wconf 83' lang='grc' dir='ltr'>γάρ</span> <span class='ocrx_word' id='word_1_935' title='bbox 2219 5410 2471 5482; x_wconf 86' lang='grc' dir='ltr'>ὀπωρῶν,</span> <span class='ocrx_word' id='word_1_936' title='bbox 2498 5411 2595 5464; x_wconf 74' lang='grc' dir='ltr'>καὶ</span> <span class='ocrx_word' id='word_1_937' title='bbox 2622 5407 2938 5481; x_wconf 87' lang='grc' dir='ltr'>ἀκροδρύων</span> <span class='ocrx_word' id='word_1_938' title='bbox 2955 5447 2972 5473; x_wconf 91' lang='grc'>,</span> <span class='ocrx_word' id='word_1_939' title='bbox 3007 5408 3128 5462; x_wconf 80' lang='grc' dir='ltr'>οὐδὲ</span> <span class='ocrx_word' id='word_1_940' title='bbox 3154 5408 3283 5462; x_wconf 74' lang='grc' dir='ltr'>ἄλλο</span> <span class='ocrx_word' id='word_1_941' title='bbox 3314 5428 3364 5463; x_wconf 86' lang='grc' dir='ltr'>τι</span> 
     </span>
    </p>
   </div>
   <div class='ocr_carea' id='block_1_124' title="bbox 1790 5502 3371 5582">
    <p class='ocr_par' dir='ltr' id='par_1_124' title="bbox 1790 5502 3371 5582">
     <span class='ocr_line' id='line_1_124' title="bbox 1790 5502 3371 5582; baseline -0.001 -18"><span class='ocrx_word' id='word_1_942' title='bbox 1790 5510 1900 5564; x_wconf 90' lang='grc' dir='ltr'>τῶν</span> <span class='ocrx_word' id='word_1_943' title='bbox 1925 5507 2296 5582; x_wconf 84' lang='grc' dir='ltr'>φθειρομένων</span> <span class='ocrx_word' id='word_1_944' title='bbox 2330 5514 2424 5562; x_wconf 80' lang='grc' dir='ltr'>καὶ</span> <span class='ocrx_word' id='word_1_945' title='bbox 2455 5505 2844 5577; x_wconf 87' lang='grc' dir='ltr'>ἀπολλυμένων</span> <span class='ocrx_word' id='word_1_946' title='bbox 2868 5504 3073 5558; x_wconf 89' lang='grc' dir='ltr'>τούτων</span> <span class='ocrx_word' id='word_1_947' title='bbox 3107 5502 3219 5559; x_wconf 89' lang='grc' dir='ltr'>τῶν</span> <span class='ocrx_word' id='word_1_948' title='bbox 3241 5504 3371 5562; x_wconf 75' lang='grc' dir='ltr'>κλά-</span> 
     </span>
    </p>
   </div>
   <div class='ocr_carea' id='block_1_125' title="bbox 1791 5603 3367 5680">
    <p class='ocr_par' dir='ltr' id='par_1_125' title="bbox 1791 5603 3367 5680">
     <span class='ocr_line' id='line_1_125' title="bbox 1791 5603 3367 5680; baseline -0.001 -18"><span class='ocrx_word' id='word_1_949' title='bbox 1791 5610 1895 5664; x_wconf 88' lang='grc' dir='ltr'>δων</span> <span class='ocrx_word' id='word_1_950' title='bbox 1921 5609 1949 5662; x_wconf 88' lang='lat'>6</span> <span class='ocrx_word' id='word_1_951' title='bbox 1979 5607 2217 5680; x_wconf 74' lang='grc' dir='ltr'>καρπὸς,</span> <span class='ocrx_word' id='word_1_952' title='bbox 2241 5604 2388 5659; x_wconf 75' lang='grc' dir='ltr'>ἀλλά</span> <span class='ocrx_word' id='word_1_953' title='bbox 2420 5603 2686 5675; x_wconf 87' lang='grc' dir='ltr'>σωμάτων</span> <span class='ocrx_word' id='word_1_954' title='bbox 2740 5604 3153 5676; x_wconf 81' lang='grc' dir='ltr'>πεπυρωμένων</span> <span class='ocrx_word' id='word_1_955' title='bbox 3202 5605 3367 5676; x_wconf 77' lang='grc' dir='ltr'>ἴασις,</span> 
     </span>
    </p>
   </div>
   <div class='ocr_carea' id='block_1_126' title="bbox 1857 5739 2415 5798">
    <p class='ocr_par' dir='ltr' id='par_1_126' title="bbox 1857 5739 2415 5798">
     <span class='ocr_line' id='line_1_126' title="bbox 1857 5739 2415 5798; baseline 0 -10"><span class='ocrx_word' id='word_1_956' title='bbox 1857 5743 1884 5772; x_wconf 75' lang='grc'><strong><em>⁸</em></strong></span> <span class='ocrx_word' id='word_1_957' title='bbox 1912 5739 2003 5789; x_wconf 69' lang='lat' dir='ltr'><strong>Alii</strong></span> <span class='ocrx_word' id='word_1_958' title='bbox 2029 5742 2054 5789; x_wconf 83' lang='grc' dir='ltr'>ὁ</span> <span class='ocrx_word' id='word_1_959' title='bbox 2084 5741 2415 5798; x_wconf 72' lang='grc' dir='ltr'>στεφανώσων.</span> 
     </span>
    </p>
   </div>
   <div class='ocr_carea' id='block_1_127' title="bbox 1859 5801 2521 5865">
    <p class='ocr_par' dir='ltr' id='par_1_127' title="bbox 1859 5801 2521 5865">
     <span class='ocr_line' id='line_1_127' title="bbox 1859 5801 2521 5865; baseline -0.003 -14"><span class='ocrx_word' id='word_1_960' title='bbox 1859 5801 1889 5841; x_wconf 64' lang='grc'><strong><em>³</em></strong></span> <span class='ocrx_word' id='word_1_961' title='bbox 1910 5803 2035 5865; x_wconf 73' lang='lat' dir='ltr'>Reg.</span> <span class='ocrx_word' id='word_1_962' title='bbox 2066 5816 2193 5853; x_wconf 80' lang='lat' dir='ltr'><strong>unus</strong></span> <span class='ocrx_word' id='word_1_963' title='bbox 2213 5806 2338 5852; x_wconf 79' lang='lat' dir='ltr'>male</span> <span class='ocrx_word' id='word_1_964' title='bbox 2361 5802 2521 5865; x_wconf 70' lang='grc' dir='ltr'>φάτνη.</span> 
     </span>
    </p>
   </div>
   <div class='ocr_carea' id='block_1_128' title="bbox 2980 5887 3055 5944">
    <p class='ocr_par' dir='ltr' id='par_1_128' title="bbox 2980 5887 3055 5944">
     <span class='ocr_line' id='line_1_128' title="bbox 2980 5887 3055 5944; baseline 0 0"><span class='ocrx_word' id='word_1_965' title='bbox 2980 5887 3055 5944; x_wconf 78' lang='lat'>1‘7</span> 
     </span>
    </p>
   </div>
  </div>
