3800 6282
447 384 553 440 673
1134 378 1191 433 S.

447 495 546 551 καὶ
577 490 989 564 ἁμαρτημάτων
1048 491 1391 563 συγχώρησις
1416 531 1431 555 ,
1465 492 1663 555 κακίας
1718 491 2014 561 ἀναίρεσις,

448 578 770 650 νοσημάτων
791 576 965 644 ψυχῆς
997 575 1282 645 θεραπεία,
1302 576 1435 646 εὐχὴ
1464 575 1706 644 ἐκτενὴς,
1742 573 2019 645 παρρησία

450 661 588 732 πρὸς
615 659 766 721 Θεὸν,
797 659 974 712 πάντα
996 659 1359 728 πνευματικά,
1382 659 1475 712 καὶ
1494 657 1760 728 οὐρανίων
1783 658 2018 728 γέμοντα

449 743 688 812 ἀγαθῶν.
714 737 869 795 Οὗτοι
890 743 938 794 οί
965 743 1167 813 καρποὶ
1189 743 1276 794 ἀεὶ
1300 739 1641 813 τρυγώμενοι
1660 742 1748 794 ἀεὶ
1773 740 2015 811 βρύουσι,

451 826 543 878 καὶ
567 824 823 876 οὐδέποτε
856 823 1009 895 [678]
1048 823 1483 894 ἀπολιμπάνουσι
1511 825 1638 882 τοὺς
1670 822 1903 885 οἰκείους
1925 822 2021 874 αὐ-

446 907 555 960 τῶν
581 905 877 975 γεωργούς.
913 905 1019 957 Καὶ
1048 905 1116 958 τὰ
1152 904 1250 976 μὲν
1284 906 1378 958 ἐπὶ
1416 906 1518 975 γῆς
1550 905 1791 975 φυόμενα
1830 904 2019 975 δένδρα

446 988 594 1055 άπαξ
630 987 726 1041 τοῦ
758 987 1006 1041 ἐνιαυτοῦ
1031 987 1214 1041 δίδωσι
1242 987 1341 1059 τὴν
1374 987 1688 1059 φορὰν,κᾶν
1720 988 1794 1056 μὴ
1815 988 2021 1057 τρυγή-

447 1087 567 1142 σῃς,
605 1071 906 1140 ἐπιστάσης
930 1070 1028 1139 τῆς
1055 1068 1206 1140 ὥρας
1233 1069 1327 1122 τοῦ
1348 1069 1615 1140 χειμῶνος
1640 1070 1902 1123 ἀπόλλυσι
1922 1068 2020 1139 τήν

444 1154 1022 1225 οίκείανεύπρέπειαν,
1051 1152 1409 1223 φθειρομένου
1434 1152 1532 1205 τοῦ
1561 1153 1778 1223 καρποῦ
1800 1154 1894 1206 καὶ
1921 1170 2020 1205 κα-

443 1237 797 1307 ταρρέοντοςν
833 1235 1009 1288 ταῦτα
1053 1235 1111 1287 δὲ
1156 1235 1218 1287 οὐ
1247 1234 1493 1304 χειμῶνα
1522 1229 1683 1298 οῐδεν,
1730 1235 1790 1287 οὐ
1839 1233 2016 1304 θέρος,

443 1319 542 1372 οὐκ
567 1318 781 1389 ἀνάγκῃ
806 1317 1015 1388 καιρῶν
1042 1317 1345 1380 ὑπόκειται,
1376 1316 1499 1369 οὐδέ
1545 1316 1659 1368 ἐστι
1691 1315 1875 1387 γυμνά
1910 1315 2019 1369 τῶν

443 1399 669 1472 καρπῶν
702 1399 844 1454 αὐτὰ
870 1400 980 1452 τῶν
997 1399 1215 1452 οἰκείων
1238 1399 1388 1465 ἰδεῖν,
1423 1398 1560 1452 ἀλλὰ
1587 1398 1674 1451 διὰ
1704 1397 1902 1461 παντὸς
1926 1398 2019 1450 ἐπὶ

441 1483 544 1552 τῆς
575 1484 742 1553 αὐτῆς
770 1482 1001 1553 ἐστηκεν
1035 1481 1369 1553 εὐπρεπείας
1390 1499 1401 1510 ·
1433 1483 1534 1552 οὐχ
1570 1483 1797 1535 ἅπτεται
1840 1479 2019 1533 αὐτῶν

443 1565 641 1636 φθορά,
663 1565 783 1618 οὐδέ
817 1564 1085 1636 μεταϐολὴ
1112 1564 1341 1636 καιρῶν.
1379 1566 1543 1618 Πόσοι
1572 1564 1723 1633 γοῦν,
1770 1563 1830 1629 ἐξ
1867 1556 1927 1616 οῦ
1957 1565 2018 1618 τὸ

446 1649 603 1718 σῶμα
646 1648 913 1719 ἐφυτεύθη
953 1648 1110 1702 τοῦτο
1157 1651 1216 1703 ἐν
1248 1652 1313 1720 τῇ
1352 1651 1445 1719 γῇ,
1483 1650 1679 1720 μυρίας
1715 1648 2019 1720 ἐτρύγησαν

398 1720 404 1727 ’
446 1731 617 1794 ἰάσεις
637 1731 746 1784 ἀπὸ
771 1732 869 1802 τῆς
891 1731 1049 1800 ἁγίας
1073 1731 1275 1801 ταύτης
1301 1731 1495 1801 θήκης,
1518 1733 1614 1785 καὶ
1642 1732 1741 1785 οὐκ
1764 1732 2017 1785 ἐπέλιπεν

441 1813 471 1863 6
501 1812 745 1884 καρπός·
775 1813 1025 1884 ἐθέρισαν
1056 1814 1125 1866 τὰ
1151 1813 1300 1883 λήῖα,
1337 1813 1431 1866 καὶ
1475 1815 1574 1866 οὐκ
1604 1813 2016 1884 ὲδαπανήθησαν

438 1896 490 1948 οἱ
518 1896 775 1967 στάχυες·
827 1896 1099 1968 ἡντλησαν
1145 1895 1241 1959 τὰς
1267 1897 1474 1968 πηγάς,
1525 1897 1620 1949 καὶ
1649 1898 1749 1950 οὐκ
1777 1896 2015 1968 ἐκενώθη

439 1978 508 2030 τά
539 1979 777 2049 νάματα,
805 1978 940 2032 ἀλλά
968 1980 1196 2050 συνεχής
1224 1978 1306 2042 τίς
1329 1980 1476 2033 ἐστιν
1501 1980 1533 2049 ή
1569 1979 1831 2051 ἐπιρροὴ,
1865 1979 2018 2033 οὐδέ-

439 2078 571 2116 ποτε
601 2062 1059 2132 ἐπιλιμπάνουσα,
1085 2062 1222 2116 ἀλλά
1256 2061 1351 2115 τοῦ
1389 2063 1718 2132 κενουμένου
1752 2063 1911 2117 πλέον
1932 2064 2018 2116 ἀεὶ

437 2143 753 2215 παρέχουσα
778 2145 845 2198 τὸ
877 2144 1174 2209 ἀναϐλύξον
1197 2144 1400 2214 θαῦμα.
1436 2145 1511 2198 Οὐ
1540 2144 1794 2214 θαύματα
1822 2144 1879 2198 δὲ
1921 2146 2017 2217 μό-

439 2244 528 2281 νον
559 2228 872 2297 ἐργάζεται,
905 2227 1040 2280 ἀλλά
1088 2226 1182 2281 καὶ
1214 2227 1521 2296 φιλοσοφεῖν
1572 2227 1766 2281 πείθει.
1827 2229 1926 2280 Ἀν
1957 2245 2016 2280 τε

437 2309 549 2380 γὰρ
580 2310 832 2373 πλούσιος
852 2305 939 2383 ᾖς,
964 2310 1058 2364 καὶ
1086 2308 1514 2380 μεγαλοφρονῇς,
1534 2310 1628 2363 καὶ
1660 2310 2020 2379 φλεγμαίνου-

441 2408 541 2445 σαν
558 2391 686 2463 ἒχῃς
707 2394 805 2463 τὴν
821 2391 1019 2463 ψυχὴν,
1039 2391 1207 2445 ἐλθὼν
1224 2390 1480 2453 ἐνταῦθα,
1503 2393 1597 2444 καὶ
1622 2390 1744 2444 ίδὼν
1761 2393 1851 2446 τὸν
1872 2394 2017 2464 μάρ-

438 2492 599 2546 τυρα,
628 2477 722 2529 καί¹
753 2476 813 2530 τὸ
845 2478 1007 2546 μέσον
1033 2474 1387 2544 λογισάμενος
1406 2474 1501 2526 τοῦ
1534 2474 1627 2526 σοῦ
1653 2475 1908 2540 πλούτου,
1925 2478 2021 2532 καὶ

437 2559 539 2628 τῆς
570 2560 761 2613 τούτου
789 2559 1125 2631 περιουσίας,
1154 2557 1503 2621 καταστελεῖς
1530 2556 1733 2622 εὐθέως
1759 2558 1820 2612 τὸ
1843 2559 2019 2632 φύση-

444 2660 540 2713 μα,
569 2643 663 2696 καὶ¹
689 2644 787 2713 τὴν
822 2641 1128 2712 φλεγμονὴν
1148 2640 1484 2711 ἀποθέμενος
1503 2640 1779 2712 ἀπελεύσῃ
1818 2642 2019 2714 πολλὴν

440 2726 578 2795 ἔχων
602 2725 809 2794 ὑγίειαν
838 2727 894 2778 ἐν
923 2728 991 2795 τῇ
1025 2723 1199 2794 ψυχή
1238 2724 1303 2777 ἄν
1330 2740 1387 2774 τε
1441 2722 1610 2793 πένης
1639 2724 1733 2777 καὶ
1780 2723 2016 2780 εὐκατα-

440 2808 708 2879 φρόνητος
734 2804 872 2861 εἶναι
901 2807 1146 2877 νομίσῃς,
1170 2805 1339 2858 ἐλθὼν
1374 2805 1468 2859 καί¹
1510 2806 1633 2859 ἰδὼν
1664 2806 1756 2861 τὸν
1792 2808 2019 2863 πλοῦτον

438 2893 532 2944 τοῦ
576 2893 870 2962 μάρτυρος,
903 2890 998 2943 καὶ
1037 2887 1416 2958 καταγελάσας
1452 2888 1561 2942 τῶν
1581 2890 1879 2960 χρημάτων
1910 2891 2019 2944 τῶν

439 2976 657 3040 ἔξωθεν,
692 2975 865 3039 οὕτως
889 2974 1263 3044 ἀναχωρήσεις
1284 2972 1487 3042 πολλῆς
1515 2974 1710 3026 σαυτὸν
1733 2973 2018 3046 ἐμπλήσας

439 3058 773 3128 φιλοσοφίας,
804 3056 906 3110 κᾶν
932 3058 1206 3127 ἐπήρειαι,
1240 3055 1344 3108 κᾶν
1367 3053 1585 3126 ζημίαι,
1630 3055 1731 3109 κᾶν
1758 3057 2019 3127 μάστιγες

438 3141 832 3214 ἐπενεχθῶσινο
865 3138 1008 3202 ἰδὼν,
1047 3141 1128 3191 ότι
1160 3137 1370 3191 οὐδέπω
1392 3141 1629 3194 τοσαῦτα
1668 3138 1886 3206 ἔπαθες,
1918 3142 2019 3197 ὅσα

436 3228 465 3278 ό
497 3227 706 3296 μάρτυς
725 3219 878 3286 οὗτος
906 3223 934 3274 ό
965 3220 1139 3291 ἅγιος,
1177 3222 1368 3292 ἱκανὴν
1399 3220 1560 3274 πάλιν
1590 3221 1736 3295 λήψῃ
1761 3239 2019 3294 παραμυ-

438 3308 559 3361 θίαν
589 3306 858 3361 ἐντεῦθεν.
901 3300 1054 3369 Εἶδες
1090 3300 1192 3357 οἷοι
1223 3305 1272 3356 οἱ
1301 3306 1502 3375 καρποὶ
1529 3305 1638 3359 τῶν
1683 3306 1851 3376 ῥιζῶν
1890 3307 2016 3359 τού-

438 3407 580 3456 των;
613 3389 731 3452 πῶς
772 3390 1076 3454 ἀνάλωτοι;
1107 3388 1226 3451 πῶς
1253 3389 1647 3459 πνευματικοίς
1693 3390 1810 3453 πῶς
1846 3390 2015 3459 αὐτῆς

437 3473 700 3527 ἅπτονται
732 3472 829 3541 τῆς
855 3471 1066 3540 ψυχῆς;
1107 3470 1182 3524 Οὐ
1205 3470 1398 3523 κωλύω
1423 3471 1678 3526 ἀπελθεῖν
1699 3474 1778 3536 είς
1798 3473 1859 3525 τὸ
1887 3490 2019 3547 προ-

437 3558 652 3611 άστειον
673 3596 688 3621 ,
744 3555 856 3609 ἀλλ’
913 3553 1101 3625 αὐριον
1134 3553 1348 3608 κωλύω·
1389 3553 1531 3619 τίνος
1564 3556 1780 3621 ἐνεκεν;
1838 3558 1954 3612 Ἵνα
1983 3561 2016 3627 ή

437 3638 627 3709 τέρψις
655 3637 736 3710 μὴ
751 3637 849 3710 ἐχῃ
879 3638 1243 3705 κατάγνωσιν,
1263 3637 1350 3691 ἵνα
1373 3637 1589 3710 καθαρὰ
1673 3641 1704 3708 ή
1727 3639 1907 3710 ήδονὴ,
1942 3641 2018 3712 μὴ

439 3721 732 3793 ύπεισέλθῃ
765 3734 790 3761 δ
822 3722 878 3774 δέ
925 3723 958 3792 ή
994 3721 1338 3790 κατάγνωσις
1360 3738 1374 3751 ·
1435 3724 1530 3775 καὶ
1576 3723 1685 3795 γάρ
1719 3721 1925 3787 ἔξεστιν
1961 3728 2017 3778 ἐν

436 3804 572 3877 ἄλλῃ
592 3805 773 3877 ήμέρᾳ
800 3805 893 3858 καὶ
912 3807 976 3877 τῇ
1005 3804 1192 3876 τέρψει
1211 3804 1565 3875 χαρίσασθαι,
1586 3806 1679 3857 καὶ
1707 3805 1806 3874 τῆς
1837 3807 2020 3880 ἁμαρ-

435 3888 555 3952 τίας
583 3887 983 3960 ἀπαλλαγῆναι.
1016 3889 1079 3941 Et
1098 3887 1153 3941 δὲ
1176 3886 1354 3957 βούλει
1376 3888 1471 3940 καὶ
1491 3886 1586 3942 νῦν
1615 3887 1860 3960 τέρψεως
1882 3892 2017 3944 ἀπο-

436 3972 654 4036 λαῦσαι,
681 3972 734 4025 τί
766 3972 1124 4043 τερπνότερον
1163 3970 1256 4024 τοῦ
1281 3971 1539 4041 συλλόγου
1577 3972 1807 4042 τούτους
1842 3976 1895 4028 τί
1921 3992 2017 4047 χα-

439 4056 711 4127 ριέστερον
742 4054 836 4109 τοῦ
871 4055 1097 4127 θεάτρου
1128 4054 1223 4108 τοῦ
1249 4055 1656 4125 πνευματικῶς
1695 4056 1803 4111 τῶν
1836 4058 2015 4129 μελῶν

435 4138 544 4191 τῶν
574 4139 709 4206 σῶν;
740 4139 839 4208 τῆς
859 4138 967 4191 τῶν
988 4137 1230 4207 ἀδελφῶν
1261 4139 1582 4209 συνουσίας;
1615 4140 1772 4195 Ἀλλά
1794 4143 1888 4195 καὶ
1913 4159 2016 4194 σω-

440 4225 673 4292 ματικῆς
705 4222 879 4286 θέλεις
901 4222 1178 4294 τραπέζης
1212 4227 1530 4294 μετασχεῖν;
1564 4223 1799 4277 ἐνταῦθα
1840 4225 2013 4289 ἔξεστι

439 4307 577 4377 μετά
604 4307 664 4360 τὸ
690 4307 915 4378 λυθῆναι
936 4306 1028 4360 τὸν
1066 4306 1343 4376 σύλλογον,
1403 4308 1497 4362 τοῦ
1537 4309 1838 4380 μαρτυρίου
1880 4308 2015 4379 πλη-

438 4393 550 4444 σίον
578 4390 681 4444 ὑπὸ
709 4392 878 4461 συκῆν
927 4390 1022 4443 καὶ
1071 4391 1314 4461 ἄμπελον
1367 4391 1750 4449 καταλύσαντι.
1792 4391 1887 4445 καὶ
1935 4390 2014 4461 τῷ

438 4477 650 4544 σώματι
683 4473 1009 4545 χαρίσασθαι
1024 4474 1122 4543 τὴν
1148 4474 1354 4538 άνεσιν,
1373 4474 1469 4527 καὶ
1487 4474 1547 4526 τὸ
1575 4473 1813 4537 συνειδὸς
1836 4474 2011 4527 ἀπαλ-

435 4559 592 4623 λάξαι
631 4554 1054 4625 καταγνώσεως.
1097 4556 1156 4607 ’0
1182 4555 1291 4626 γὰρ
1316 4555 1525 4626 μάρτυς
1552 4557 1779 4624 ἐγγύθεν
1804 4556 2014 4628 ὁρώμε-

436 4658 525 4703 νος
549 4640 645 4693 καὶ
670 4639 898 4710 πλησίον
933 4636 1010 4691 ὣν
1048 4637 1143 4690 καὶ
1193 4636 1560 4708 παρεστηκὼς
1605 4638 1741 4709 αὐτῇ
1782 4642 1848 4709 τῇ
1883 4657 2014 4711 τρα-

436 4722 599 4795 πέζῃ,
626 4724 727 4775 οὐκ
755 4721 950 4792 ἀφίησι
986 4719 1085 4790 τὴν
1120 4720 1311 4791 ήδονὴν
1352 4721 1433 4781 εἰς
1464 4720 1734 4790 ἁμαρτίαν
1777 4722 2011 4793 ἐκχυθῆ-

437 4822 546 4869 ναι,
580 4805 695 4857 ἀλλ’
724 4804 913 4873 ὥσπερ
960 4820 1044 4867 τις
1090 4801 1451 4870 παιδαγωγὸς,
1481 4802 1535 4872 λῆ
1569 4803 1750 4874 πατὴρ
1793 4803 2012 4874 ἀριστος

437 4890 547 4951 τοῖς
574 4888 670 4960 τῆς
696 4887 932 4949 πίστεως
951 4886 1225 4959 ὁρώμενος
1247 4885 1542 4957 ὀφθαλμοῖς
1558 4886 1907 4939 καταστέλλει
1921 4888 2010 4941 τὸν

436 4971 669 5042 γέλωτα,
704 4971 1022 5042 περικόπτει
1047 4970 1145 5033 τὰς
1161 4970 1350 5041 ἡδονάς
1365 4968 1463 5034 τὰς
1488 4970 1742 5034 ἀτόπους,
1770 4969 1838 5023 τά
1862 4988 2012 5043 σκιρ-

434 5059 654 5129 τήματα
683 5055 783 5126 τῆς
814 5053 1016 5125 σαρκὸς
1049 5052 1262 5106 ἅπαντα
1293 5054 1524 5126 ἀναιρεῖ,
1574 5053 1719 5123 άπερ
1765 5055 1882 5106 ἐκεῖ
1910 5055 2010 5106 οὐκ

435 5141 550 5195 ἔστι
583 5140 886 5208 διαφυγεῖν.
921 5136 1077 5199 Τίνος
1107 5135 1291 5189 ἕνεκεν
1313 5153 1328 5201 ;
1352 5137 1475 5189 Ὅτι
1501 5137 1652 5208 χοροὶ
1680 5136 1887 5208 ἀνδρῶν
1910 5137 2002 5190 αὐ-

437 5241 549 5295 ριον
576 5223 636 5276 τὸ
670 5221 990 5294 προάστειον
1015 5218 1550 5289 καταλαμϐάνουσιν·
1594 5220 1626 5288 ή
1669 5218 1726 5271 δὲ
1758 5219 1866 5272 τῶν
1897 5237 2009 5273 τοι-

432 5307 604 5361 ούτων
635 5305 757 5375 ὄψις
795 5304 890 5358 καὶ
934 5302 1026 5357 τὸν
1076 5301 1396 5372 βουλόμενον
1451 5305 1749 5372 σωφρονεῖν
1806 5304 2009 5358 ἄκοντα

432 5393 695 5460 ὑπεξάγει
722 5389 981 5452 πολλάκις
1010 5386 1144 5458 πρὸς
1173 5387 1270 5457 τὴν
1295 5385 1395 5455 τῆς
1420 5387 1591 5457 αὐτῆς
1623 5388 2009 5459 ἀσχημοσύνης

433 5475 584 5549 [679]
618 5476 868 5546 μίμησιν,
884 5474 977 5527 καὶ
1003 5471 1238 5542 μάλιστα
1263 5471 1388 5523 ὅταν
1410 5471 1501 5523 καὶ
1529 5471 1555 5524 6
1572 5469 1815 5536 διάϐολος
1846 5472 2007 5542 μέσος

433 5558 662 5622 ἐκείνοις
690 5560 839 5628 παρῇ
861 5574 875 5587 ο
910 5556 1006 5610 καλ⁵
1035 5556 1142 5628 γὰρ
1177 5554 1437 5622 πάρεστιν
1462 5554 1565 5608 ὑπὸ
1601 5554 1709 5609 τῶν
1737 5557 2007 5629 πορνικῶν

436 5642 712 5710 ᾀσμάτων,
737 5642 840 5693 ὑπὸ
864 5640 972 5694 τῶν
993 5638 1236 5711 αἰσχρῶν
1259 5639 1538 5710 ῥημάτων,
1562 5639 1666 5693 ὑπὸ
1695 5640 1790 5711 τῆς
1816 5640 2004 5711 δαιμο-

507 5870 533 5900 λ
552 5869 653 5920 Alii
677 5870 938 5935 ἐπεισέλθῃ.
1358 5911 1395 5945 ς

1248 378 1534 435 JOANNIS
1573 374 2057 433 CHRYSOSTOMI
2100 372 2416 429 ARCIIIEP.
2459 369 3006 429 CONSTANTINOP.

3584 377 3692 432 στι

2124 489 2279 559 νικῆς
2314 488 2533 557 πομπῆς
2556 487 2907 559 καλούμενος.
2933 489 3005 543 Σὺ
3033 489 3091 543 δὲ
3117 489 3368 556 ἀπετάξω
3398 491 3550 563 πάσῃ
3568 493 3699 545 ταύ-

2122 587 2191 643 τῃ
2215 572 2280 641 τῇ
2303 572 2517 641 πομπῇ,
2549 570 2643 623 καὶ
2674 574 2742 642 τῇ
2772 571 2866 624 τοῦ
2896 573 3134 643 Χριστοῦ
3165 573 3392 644 λατρεία
3424 575 3704 641 συνετάξω

2124 656 2265 710 κατά
2306 654 2406 724 τὴν
2446 654 2663 724 ἡμέραν
2697 655 2943 726 ἐκείνην,
2983 654 3106 708 καθ’
3135 656 3203 727 ἢν
3230 656 3342 709 τῶν
3369 656 3535 727 ἱερῶν
3572 674 3705 709 κατ-

2123 736 2361 807 ηξιώθης
2385 736 2719 805 μυστηρίων.
2749 737 3152 809 Ἀναμνήσθητι
3170 738 3351 792 τοίνυν
3371 738 3483 792 τῶν
3519 742 3693 810 ῥημά-

2123 836 2229 872 των
2254 817 2483 872 ἐκείνων
2507 818 2718 889 καὶτῆς
2738 818 3030 892 συνθήκης,
3066 821 3162 874 καὶ
3206 819 3346 890 φύγε
3389 820 3490 891 τὴν
3523 822 3689 892 παρά-

2124 901 2301 956 ϐασιν.

2194 1063 2253 1117 ε’.
2275 1061 2615 1132 Βούλομαιδέ
2632 1059 2727 1115 καὶ
2749 1060 2884 1132 πρὸς
2898 1061 3024 1124 τοὺς
3042 1061 3313 1132 παρόντας
3328 1062 3424 1115 καὶ
3446 1062 3523 1133 μὴ
3538 1062 3703 1115 ἀνιόν-

2122 1163 2222 1210 τας
2248 1145 2610 1215 διαλεχθῆναι,
2647 1144 2742 1198 καὶ
2769 1144 2978 1207 τούτοις
3014 1146 3318 1216 ἐγχειρίσαι
3348 1145 3449 1216 τὴν
3476 1145 3705 1199 ἐκείνων

2126 1228 2421 1299 σωτηρίαν.
2448 1228 2559 1280 Καὶ
2583 1227 2692 1299 γάρ
2719 1228 2900 1298 ἰατρὸς
2931 1227 3069 1298 πρὸς
3096 1228 3187 1281 τὸν
3218 1227 3500 1298 κάμνοντα
3530 1228 3687 1280 εἰσελ.

2126 1311 2233 1365 θὼν
2261 1312 2417 1380 ὀλίγα
2445 1311 2523 1381 τῷ
2549 1312 2785 1382 κειμένῳ
2815 1311 3118 1378 διαλέγεται
3136 1328 3150 1341 ο
3182 1311 3253 1364 τά
3288 1312 3345 1364 δὲ
3386 1312 3521 1382 περὶ
3561 1329 3697 1382 φαρ-

2128 1393 2317 1464 μάκων
2343 1392 2435 1447 καὶ
2466 1392 2651 1446 σιτίων
2680 1393 2773 1445 καὶ
2801 1394 2902 1463 τῆς
2927 1393 3091 1463 ἄλλης
3120 1394 3438 1463 θεραπείας,
3465 1395 3699 1457 καλέσας

2123 1477 2247 1539 τοὺς
2266 1476 2414 1546 αὐτῷ
2438 1477 2834 1547 προσήκοντας,
2859 1476 3086 1539 ἐκείνοις
3108 1476 3322 1530 ἅπαντα
3346 1477 3698 1547 ἐπισκήπτει.

2123 1558 2190 1611 Τί
2247 1559 2480 1629 δήποτε;
2528 1560 2647 1612 Ὅτι
2698 1561 2727 1611 6
2764 1559 2863 1629 μὲν
2898 1559 3122 1630 κάμνων
3151 1560 3210 1612 οὐ
3246 1560 3464 1630 δέχεται
3499 1560 3699 1623 εὐθέως

2122 1642 2221 1712 τὴν
2249 1641 2586 1712 παραίνεσιν,
2605 1642 2634 1693 6
2659 1640 2714 1694 δὲ
2734 1641 2995 1709 ὑγιαίνων
3013 1641 3149 1713 μετά
3164 1641 3366 1712 πολλῆς
3392 1641 3700 1713 προθυμίας

2124 1725 2379 1796 προσέχει
2404 1726 2516 1787 τοῖς
2535 1723 2846 1794 λεγομένοις
2866 1742 2880 1754 ·
2912 1725 2999 1778 διὰ
3024 1724 3183 1779 τοῦτο
3209 1728 3345 1796 μετά
3372 1726 3587 1780 τούτων
3614 1728 3699 1778 καὶ

2123 1808 2250 1878 ὑμῖν
2286 1807 2542 1877 βούλομαι
2569 1807 2937 1878 διαλεχθῆναι.
2967 1808 3486 1880 Προκαταλάϐωμεν
3518 1808 3704 1878 αὔριον

2122 1892 2221 1955 τὰς
2252 1890 2447 1956 πύλας,
2487 1890 2899 1961 ἐφεδρεύσωμεν
2948 1894 3067 1955 ταῖς
3116 1892 3290 1957 ’όδοῖς,
3346 1891 3551 1963 ἄνδρες
3585 1894 3705 1953 τοὺς

2123 1973 2345 2044 ἄνδρας,
2375 1976 2631 2041 γυναῖκες
2677 1974 2773 2036 τὰς
2816 1976 3083 2041 γυναῖκας
3113 1975 3571 2043 κατασπάσωμεν
3601 1975 3707 2028 ἀπξ

2121 2056 2231 2109 τῶν
2265 2056 2575 2124 ὑποζυγίων
2594 2073 2607 2087 ’
2635 2056 3071 2127 ἐπαναγάγωμεν
3090 2058 3325 2111 ἐνταῦθα
3354 2059 3409 2124 δ,
3441 2058 3522 2129 μὴ
3558 2062 3686 2112 ἐπαι

2125 2142 2471 2212 σχυνθῶμεν⁶
2508 2140 2636 2195 ἔνθα
2661 2142 2901 2213 σωτηρία
2934 2140 3305 2210 ἀδελφοῦ,οὐκ
3333 2141 3486 2194 ἐστιν
3517 2144 3709 2213 αἰσχύ-

2125 2241 2210 2296 νη.
2238 2224 2301 2278 Εί
2328 2227 2527 2278 ἐκεῖνοι
2563 2226 2663 2278 οὐκ
2693 2224 3038 2294 αἰσχύνονται
3077 2225 3212 2296 πρὸς
3248 2226 3346 2296 τὴν
3385 2227 3711 2297 παράνομον

2125 2307 2348 2378 πομπὴν
2387 2307 2648 2371 ἀνιόντες,
2684 2305 2866 2377 πολλῷ
2915 2306 3115 2377 μᾶλλον
3148 2309 3296 2379 ἡμᾶς
3347 2309 3711 2379 αἰσχύνεσθαι

2125 2391 2182 2443 οὐ
2204 2391 2309 2461 χρὴ
2336 2391 2471 2462 πρὸς
2507 2391 2606 2461 τὴν
2642 2390 2794 2462 ἱεράν
2818 2390 3023 2461 ταύτην
3053 2393 3363 2462 πανήγυριν
3412 2392 3714 2462 μέλλοντας

2125 2474 2321 2537 αὐτοὺς
2347 2476 2732 2543 ἐπαναγαγεῖν.
2765 2475 2933 2527 Ὅταν
2956 2473 3185 2543 ἀδελφοῦ
3209 2476 3457 2545 σωτηρία
3481 2476 3709 2546 προκέη-

2124 2575 2234 2624 ται,
2273 2558 2438 2629 μηδὲν
2465 2557 2884 2630 παραιτώμεθα.
2916 2559 2981 2610 El
3013 2557 3121 2628 γὰρ
3141 2561 3169 2612 6
3197 2558 3437 2628 Χριστὸς
3468 2559 3713 2613 ἀπέθανε

2123 2641 2189 2695 δι’
2209 2643 2375 2713 ἡμᾶς,
2417 2641 2632 2696 ἅπαντα
2676 2641 2967 2711 ὑπομένειν
3011 2640 3075 2692 δι’
3115 2641 3313 2704 αὐτοὺς
3350 2643 3511 2711 ἡμᾶς
3571 2644 3712 2713 χρή·

2124 2724 2227 2779 κᾶν
2250 2724 2463 2795 πληγάς
2478 2725 2826 2790 ἐντείνονται,
2854 2724 2958 2778 κᾶν
2980 2724 3423 2796 λοιδορήσωνται,
3442 2726 3716 2795 κάτασχε,

2127 2812 2222 2865 καὶ
2266 2809 2343 2883 μὴ
2373 2810 2642 2881 πρότερον
2671 2811 2934 2881 ἀποστῇς,
2964 2808 3069 2874 ἕως
3103 2809 3168 2863 ἂν
3195 2811 3398 2875 αὐτοὺς
3424 2813 3713 2879 ἐπαναγά-

2127 2910 2232 2965 γῃς
2260 2894 2395 2966 πρὸς
2427 2894 2516 2946 τὸν
2558 2895 2710 2962 ἅγιον
2748 2893 3035 2964 μάρτυρα·
3087 2893 3191 2947 κᾶν
3222 2893 3594 2966 δικαστήριον
3624 2896 3718 2969 δέῃ

2127 2977 2351 3031 καθίσαι
2381 2981 2443 3030 ἐκ
2469 2977 2578 3030 τῶν
2608 2977 2914 3047 παριόντων
2940 3017 2955 3043 ,
2988 2979 3036 3030 οί
3080 2975 3393 3049 βουλόμενοι
3428 2980 3716 3034 ἀκουέτω-

2127 3076 2255 3112 σαν·
2308 3059 2556 3128 ἀδελφὸν,
2611 3059 2766 3126 είπέ,
2823 3058 3088 3134 βούλομαι
3137 3060 3331 3125 σῶσαι,
3385 3061 3510 3132 ὁρῶ
3538 3063 3719 3134 ψυχὴν

2125 3141 2527 3213 ἀπολλυμένην,
2551 3142 2644 3195 καὶ
2668 3143 2768 3195 οὐκ
2796 3133 3066 3212 ἀνέχομαι
3096 3142 3357 3213 περιιδεῖν
3392 3148 3504 3216 τὴν
3527 3133 3720 3214 συγγέ-

2124 3232 2303 3279 νειαν*
2339 3226 2367 3277 6
2398 3224 2718 3295 βουλόμενος
2776 3225 3095 3292 ἐγκαλείτω,
3148 3227 3176 3278 6
3206 3225 3544 3297 βουλόμενος
3598 3247 3720 3282 κατ-

2122 3307 2430 3379 ηγορείτω·
2487 3307 2689 3378 μᾶλλον
2736 3306 2793 3360 δέ
2845 3306 3021 3370 οὐδεὶς
3073 3308 3360 3374 ἐγκαλέσει
3389 3350 3407 3374 ,
3444 3310 3599 3364 ἀλλὰ
3630 3314 3722 3365 καὶ

2124 3390 2325 3453 πάντες
2376 3390 2749 3444 ἐπαινέσονται
2776 3429 2792 3454 ,
2842 3388 3045 3454 πάντες
3078 3391 3441 3448 ἀσπάσονται.
3482 3396 3572 3448 οὐ
3613 3395 3722 3463 γάρ

2125 3473 2266 3544 ὑπὲρ
2303 3472 2635 3543 χρημάτων,
2685 3473 2806 3526 οὐδέ
2848 3473 2916 3526 δι’
2954 3475 3163 3527 οἰκείαν
3210 3475 3522 3545 ἀπέχθειαν
3577 3480 3723 3549 ἀμυο

2123 3557 2380 3626 νόμενος,
2440 3555 2561 3608 οὐδέ
2615 3557 2755 3627 ὑπὲρ
2823 3555 2982 3609 ἄλλου
3040 3557 3184 3621 τινὸς
3258 3558 3370 3611 τῶν
3435 3557 3723 3629 βιωτικῶν

2124 3639 2412 3709 φιλονεικῶ
2466 3638 2560 3692 καλ⁵
2609 3640 2887 3710 μάχομαι,
2949 3639 3064 3693 ἀλλ’
3120 3641 3261 3712 ὑπὲρ
3302 3640 3552 3710 ἀδελφοῦ
3612 3661 3721 3697 cm-

2122 3724 2347 3794 τηρίας’
2387 3723 2558 3776 ταῦτα
2609 3723 2693 3786 τίς
2750 3724 2850 3776 οὐκ
2900 3724 3254 3789 ἀποδέξεται;
3314 3725 3403 3788 τίς
3462 3727 3537 3779 οὐ
3592 3727 3727 3781 θαυ-

2127 3807 2399 3878 μάσεται;
2440 3805 2609 3862 Οὐδὲν
2638 3807 2789 3876 ἡμᾶς
2837 3807 3215 3877 προσήκοντας
3268 3807 3538 3878 ἀλλήλοις
3584 3810 3727 3863 κατᾶ

2124 3893 2441 3961 συγγένειαν
2459 3894 2729 3965 σαρκικὴν
2750 3893 2784 3961 ὴ
2802 3892 3147 3963 πνευματικὴ
3167 3892 3458 3960 συγγένεια
3490 3895 3725 3967 πατρῶν

2123 3975 2636 4047 φιλοστοργοτέρους
2693 3974 2969 4044 ἐποίησεν.
3035 3975 3098 4028 El
3161 3973 3442 4045 βούλεσθε,
3488 3979 3599 4031 καὶ
3636 3979 3726 4030 τὸν

2125 4059 2376 4129 μάρτυρα
2430 4058 2683 4128 λάϐωμεν
2727 4058 2845 4129 μεθ’
2885 4057 3122 4112 ἐαυτῶν·
3159 4058 3260 4111 οὐκ
3309 4059 3727 4131 ἐπαισχύνεται

2120 4143 2229 4214 γάρ
2268 4143 2442 4196 ἐλθεῖν
2472 4142 2566 4195 καὶ
2587 4141 2757 4195 σῶσαι
2787 4143 2913 4206 τοὺς
2956 4142 3239 4210 ἀδελφυῦς.
3284 4143 3728 4215 Ἑπιστήωμεν

2120 4228 2303 4290 αὐτοῖς
2323 4226 2546 4280 ἐκείνων
2577 4223 2898 4295 ὀφθαλμοῖς,
2939 4224 3218 4297 φοϐηθῶσι
3260 4226 3547 4297 παρόντα,
3582 4229 3727 4282 αἰδε-

2121 4309 2291 4362 σθῶσι
2320 4307 2742 4380 παρακαλοῦντα
2785 4309 2882 4362 καὶ
2908 4309 3183 4380 δεόμενον·
3212 4309 3275 4361 οὐ
3305 4307 3421 4381 γάρ
3466 4310 3731 4381 αἰσχύνε-

2118 4412 2208 4448 ται
2233 4394 2326 4447 καὶ
2358 4393 2754 4466 παρακαλέσαι.
2783 4391 2847 4446 El
2885 4393 2995 4465 γὰρ
3026 4395 3054 4447 ό
3082 4394 3368 4463 Δεσπότης
3401 4394 3589 4447 αὐτοῦ
3625 4413 3729 4449 πα-

2121 4479 2351 4551 ρακαλεῖ
2384 4479 2482 4548 τὴν
2511 4477 2787 4549 ἡμετέραν
2819 4476 3003 4546 φύσινο
3038 4475 3217 4545 ’Υπὲρ
3253 4477 3540 4544 Χριστοῦ
3582 4496 3729 4547 πρε-

2119 4563 2432 4633 σϐεύομεν,
2467 4561 2632 4630 φησὶν
2657 4561 2685 4613 6
2718 4560 2950 4626 Παῦλος,
2980 4560 3062 4625 ὡς
3100 4559 3210 4612 τοῦ
3252 4559 3408 4613 Θεοῦ
3440 4558 3731 4630 χάρακα-

2117 4649 2379 4714 λοῦντος
2410 4646 2485 4700 δι’
2514 4644 2703 4714 ἡμῶν,
2723 4642 3153 4713 Καταλλάγητε
3177 4640 3257 4708 τῷ
3286 4643 3414 4708 Θεῷ
3449 4654 3509 4683 ο·
3545 4647 3729 4715 nam;

2121 4732 2321 4802 μᾶλλον
2352 4734 2379 4783 6
2403 4727 2589 4791 δοῦλος
2612 4727 2771 4780 τοῦτο
2796 4728 3032 4797 ποιήσει·
3053 4724 3114 4779 ἐν
3137 4726 3301 4779 αὐτὸν
3330 4725 3514 4780 λυπεῖ
3539 4730 3726 4799 μόνον,

2117 4819 2151 4886 ὴ
2180 4814 2427 4870 ἀπώλεια
2471 4815 2505 4884 ὴ
2556 4811 2821 4883 ήμετέραο
2875 4811 2934 4864 ἒν
2984 4810 3293 4881 εὐφραίνει,
3322 4812 3360 4880 ὴ
3396 4814 3666 4885 σωτηρία
3694 4815 3727 4881 ή

2116 4900 2381 4973 ἡμετέρα,
2401 4898 2496 4951 κα¹ι
2526 4897 2616 4950 διὰ
2649 4894 2809 4948 τοῦτο
2840 4895 2900 4947 οὐ
2948 4896 3349 4966 παραιτήσεται
3383 4896 3558 4949 οὐδὲν
3587 4897 3731 4965 ὑπὲρ

2116 4985 2287 5054 αὐτῆς
2323 4981 2571 5050 ποιῆσαι.
2607 4980 2699 5050 Μὴ
2742 4978 2924 5030 τοίνυν
2959 4976 3094 5048 μηδὲ
3126 4978 3288 5047 ἡμεῖς
3321 4977 3731 5049 ἐπαισχυνθῶ-

2120 5085 2240 5139 μεν,
2283 5065 2418 5136 μηδέ
2450 5062 2705 5134 περιττὸν
2741 5056 2882 5113 εῖναι
2911 5059 3242 5130 νομίσωμεν.
3262 5060 3324 5112 Εἰ
3354 5060 3473 5131 γάρ
3508 5061 3733 5131 ἄνθρω-

2117 5168 2208 5204 ποι
2240 5151 2307 5220 θη
2319 5148 2478 5220 ραταὶ
2506 5147 2788 5215 κρημνοὺς
2825 5143 2920 5197 καὶ
2946 5142 3045 5214 ὅρη
3064 5142 3160 5196 καὶ
3185 5142 3443 5213 βάραθρα
3478 5146 3590 5198 καὶ
3618 5148 3733 5197 πᾶν

2115 5235 2311 5288 ἄϐατον
2341 5231 2678 5302 ἀπέρχονται
2701 5226 2922 5298 χωρίον,
2952 5225 3065 5279 εἴτε
3094 5225 3329 5293 λαγωὸν,
3349 5224 3519 5300 {680]
3554 5229 3591 5297 ἢ
3614 5228 3735 5297 δορ-

2116 5320 2276 5381 κάδα,
2308 5317 2342 5386 ἢ
2374 5316 2501 5370 ἄλλο
2529 5332 2583 5368 τι
2611 5312 2719 5366 τῶν
2735 5310 3015 5373 τοιούτων,
3042 5309 3076 5379 ἢ
3115 5310 3209 5362 καὶ
3244 5309 3481 5380 ὄρνιθας
3517 5312 3733 5364 πολλᾶ-

2115 5419 2203 5465 κις
2234 5400 2436 5462 ταύτας
2452 5399 2549 5462 τὰς
2574 5396 2778 5467 ἀγρίας
2812 5392 3078 5465 θηρεῦσαι
3111 5392 3458 5462 βουλόμενοι’
3499 5396 3573 5447 σὺ
3602 5394 3733 5464 μέλ-

2113 5486 2221 5540 λων
2251 5485 2350 5537 οὐκ
2378 5483 2575 5551 ἄλογον
2604 5478 2842 5541 εὐτελὲς,
2885 5476 3000 5529 ἀλλ’
3030 5474 3265 5545 ἀδελφὺν
3302 5479 3730 5546 πνευματικὸν.

2112 5573 2179 5626 δι’
2213 5570 2273 5624 ὃν
2297 5572 2326 5623 6
2362 5568 2591 5641 Χριστὸς
2607 5564 2902 5625 ἀπέθανεν,
2936 5562 3308 5629 ἐπαναγαγεῖν
3323 5560 3386 5627 ἐξ
3402 5560 3725 5621 ἀπωλείας.

2112 5656 2208 5709 καὶ
2238 5655 2339 5707 οὐκ
2375 5651 2476 5723 ὅρη
2512 5651 2607 5704 καὶ
2663 5648 2863 5712 νάπας,
2902 5645 3038 5699 ἀλλὰ
3084 5644 3185 5715 τὴν
3233 5643 3418 5715 πύλην
3442 5643 3724 5710 ἐξελθεῖν,

2176 5808 2206 5842 1ο
2226 5804 2307 5853 Sic
2328 5803 2474 5851 Savil.
2502 5808 2553 5848 ιιι
2575 5800 2672 5847 duo
2839 5795 3001 5859 Regii.
3030 5796 3084 5844 In
3110 5792 3533 5859 Morel.£wa§8u
3553 5794 3717 5845 deest

2180 5868 2204 5898 ⁸
2230 5866 2377 5916 Savil.
2404 5871 2457 5915 ex
2479 5876 2603 5913 unus
2624 5875 2712 5910 ms.
2742 5858 3090 5921 καταλλαγῆναι
3108 5860 3178 5922 τῷ
3203 5858 3335 5922 Θεῷ.
