3800 6282
124 377 189 431 73
1252 369 1316 427 ΙΝ
1355 369 1413 428 S.
1443 367 1783 429 JULIANUM
1822 373 2228 433 MARTYREM.

79 485 174 537 sed
203 495 485 550 corporum
505 482 862 536 mutilatorutn
892 482 1116 549 sanatio,
1137 493 1191 537 et
1215 494 1551 554 peccatorum
1570 499 1656 539 re-

84 571 521 637 missio,abolitio
541 572 671 637 vitii,
689 572 992 626 morborum
1014 573 1204 626 anima:
1229 575 1460 640 curatio,
1489 576 1659 629 oratio

78 666 347 729 continua,
364 665 557 719 ﬁducia
575 666 714 735 apud
737 667 921 732 Deum,
944 667 1236 737 spiritualia
1251 676 1461 734 cuncta,
1480 653 1659 721 bonis-

78 773 185 827 que
211 757 511 813 cmlestibus
537 759 907 813 redundantia.
930 759 994 814 Hi
1015 760 1214 813 fructus
1240 774 1454 829 semper
1473 758 1658 813 decer-

85 851 182 918 pti,
208 864 424 919 semper
444 851 723 920 pullulant,
747 866 843 905 nec
860 866 1107 920 umquam
1128 865 1254 905 suos
1275 851 1507 905 cultores
1524 848 1655 903 deti—

78 943 243 997 ciuut.
273 943 445 1012 Atque
468 943 690 997 arbores
718 942 955 1012 quidem,
977 958 1096 1013 qua:
1117 950 1404 997 nascuntur
1421 942 1472 995 in
1494 950 1654 1009 terra,

76 1033 244 1087 semel
262 1034 313 1087 in
328 1048 469 1087 anno
485 1033 714 1087 fructum
734 1033 929 1099 ferunt;
943 1034 1083 1103 quod
1104 1034 1147 1087 si
1175 1049 1279 1087 non
1302 1033 1655 1101 decerpseris,

76 1126 401 1180 adventante
445 1126 652 1197 ltyemis
703 1136 944 1195 tempore
990 1137 1239 1195 corrupto
1281 1140 1345 1179 ac
1391 1124 1658 1179 dilabente

78 1216 255 1270 fructu
280 1216 553 1286 proprium
576 1214 826 1271 decorem
856 1216 1106 1269 amittunt
1137 1233 1149 1268 :
1182 1214 1266 1269 hae
1287 1228 1413 1268 vero
1451 1213 1658 1283 hyemis

77 1305 273 1359 nescia:
302 1312 425 1358 sunt
452 1313 506 1358 et
531 1303 732 1358 :estatis
752 1343 767 1369 ,
797 1318 902 1358 non
931 1313 1227 1373 temporum
1258 1302 1534 1372 subjacent
1562 1316 1658 1355 ne-

73 1395 333 1460 cessitati,
362 1409 463 1449 nec
491 1395 601 1448 suis
646 1394 902 1449 fructibus
951 1394 1164 1448 nudatae
1204 1403 1428 1461 possunt
1453 1392 1652 1457 videri,

74 1486 174 1540 sed
217 1485 461 1541 eumdem
508 1493 766 1553 perpetuo
806 1483 1055 1538 decorem
1096 1483 1367 1548 obtinent;
1409 1496 1513 1535 non
1567 1496 1657 1536 eas

77 1594 329 1647 umquam
360 1578 633 1646 corruptio
656 1578 742 1631 vel
767 1577 990 1631 mutatio
1020 1585 1394 1646 tempestatum
1426 1576 1656 1642 attingit.

74 1671 248 1735 Quam
292 1670 445 1723 multi
488 1668 748 1737 siquidem
770 1711 783 1730 ,
820 1684 884 1723 ex
908 1684 1011 1738 quo
1029 1668 1319 1737 plantatum
1350 1677 1432 1722 est
1466 1683 1658 1736 corpus

78 1760 223 1815 istud
256 1759 307 1812 in
360 1768 834 1823 terra,sexcentas
872 1758 1181 1811 sanationes
1224 1773 1288 1811 ex
1332 1760 1433 1811 hoc
1475 1765 1659 1810 sancto

75 1850 257 1905 loculo
282 1849 660 1918 decerpserth
679 1891 695 1915 ,
726 1863 825 1903 nec
846 1847 1046 1902 fructus
1067 1846 1255 1902 defecit
1279 1865 1293 1912 ;
1322 1854 1661 1900 messuerunt

75 1951 340 2011 segetem,
360 1957 462 1996 nec
482 1951 813 2009 consumpta:
829 1950 951 1994 sunt
977 1940 1157 2009 Spicm;
1174 1954 1203 1993 e
1219 1937 1450 1992 fontibus
1478 1936 1662 1991 hause-

76 2044 226 2102 runt,
252 2049 347 2089 nec
366 2033 618 2088 exinaniti
649 2041 774 2085 sunt
804 2031 1007 2095 latices,
1029 2030 1121 2084 sed
1143 2029 1394 2100 perennis
1415 2038 1495 2082 est
1511 2042 1659 2097 qua:-

75 2127 207 2180 dam
254 2125 552 2195 scaturigo,
603 2138 893 2193 numquam
941 2121 1224 2187 deficiens,
1256 2120 1351 2174 sed
1394 2133 1488 2184 eo,
1519 2116 1660 2187 quod

78 2217 328 2271 haustum
360 2225 470 2282 est,
515 2215 782 2285 copiosius
828 2228 1041 2282 semper
1076 2210 1388 2265 miraculum
1441 2220 1662 2262 manans

76 2308 325 2363 etfundit.
354 2307 538 2377 Neque
564 2322 692 2361 vero
734 2315 942 2360 tantum
988 2303 1244 2358 miracula
1266 2310 1537 2372 operatur,
1568 2299 1660 2353 sed

77 2400 447 2470 philosophari
491 2401 649 2454 etiam
701 2398 910 2453 suadet.
944 2397 1070 2451 Sive
1099 2395 1242 2451 enim
1294 2394 1442 2448 dives
1489 2393 1561 2447 sis
1601 2407 1663 2446 ac

79 2491 367 2559 superbius
414 2499 468 2544 et
510 2491 650 2544 elato
698 2489 771 2543 sis
816 2489 1178 2554 auimo,cum
1225 2485 1328 2539 huc
1353 2484 1561 2539 veneris
1602 2497 1666 2537 ac

75 2589 373 2650 martyrem
400 2580 621 2633 intuitus
650 2578 815 2633 fueris
841 2621 856 2645 ,
885 2586 1247 2647 quantumque
1271 2575 1341 2629 sit
1368 2576 1507 2629 inter
1526 2572 1662 2628 divi-

77 2673 185 2725 tias
224 2680 341 2724 tuas
365 2680 417 2724 et
443 2669 599 2738 hujus
621 2668 950 2738 opulentiam
994 2667 1283 2722 discrimen
1304 2707 1319 2732 ,
1350 2674 1524 2719 tecum
1552 2664 1666 2733 ipse

74 2763 422 2832 reputaveris
451 2778 464 2814 :
493 2760 661 2815 elatos
700 2760 909 2814 animos
950 2758 1126 2813 subito
1171 2757 1467 2825 deprimes,
1493 2765 1546 2809 et
1573 2754 1669 2809 de-

74 2856 264 2926 posito
300 2853 436 2909 fastu
481 2869 544 2908 ac
570 2863 812 2918 tumore,
842 2851 1010 2905 multa
1052 2864 1172 2905 cum
1214 2849 1405 2902 animae
1443 2847 1667 2901 sanitate

74 2946 351 3011 diseedes;
382 2945 493 3000 sive
518 2960 713 3013 pauper
745 2958 809 2997 ac
827 2943 1110 3011 despectus
1137 2940 1233 2994 tibi
1257 2954 1375 2995 esse
1400 2937 1662 3003 videaris,

75 3055 207 3095 cum
236 3039 339 3093 ltuc
364 3039 570 3093 veneris
593 3047 647 3092 et
670 3036 880 3091 divitias
909 3034 1156 3105 martyris
1175 3032 1392 3097 videris,
1417 3040 1668 3085 contem-

78 3131 194 3200 ptis
228 3141 283 3184 et
327 3129 494 3182 irrisis
528 3127 861 3182 saecularium
904 3125 1132 3187 divitiis,
1165 3123 1330 3177 multa
1374 3115 1666 3176 instructus

76 3218 426 3290 philoSOphia
473 3217 727 3281 recedes,
770 3218 870 3271 etsi
895 3215 1271 3276 contumeliae,
1315 3214 1413 3268 etsi
1443 3212 1665 3279 damna,

74 3312 191 3367 etsi
224 3312 446 3365 verbera
484 3308 811 3380 inﬂigantur;
845 3324 965 3363 cum
996 3317 1049 3362 te
1097 3305 1330 3361 nondum
1359 3313 1502 3358 tanta
1545 3318 1668 3372 pas-

74 3418 207 3457 sum
235 3415 356 3455 esse
376 3442 390 3465 ,
418 3409 616 3470 quanta
643 3410 859 3455 sanctus
897 3399 982 3453 hic
1010 3407 1212 3468 martyr
1253 3394 1496 3465 pertulit,
1518 3393 1667 3449 vide-

76 3495 161 3549 ris
188 3535 203 3559 ,
237 3507 481 3562 magnam
532 3491 659 3546 hinc
694 3492 873 3560 capies
913 3489 1352 3545 consolationem.
1383 3485 1547 3540 Vides
1572 3500 1667 3540 cu-

69 3583 321 3654 jusmodi
365 3582 602 3637 radicum
643 3583 863 3637 istarum
908 3582 1017 3636 sint
1068 3579 1313 3634 fructus?
1352 3588 1408 3633 ut
1429 3578 1668 3633 consumi
1718 3616 1721 3621 -

76 3673 401 3744 nequeant?
428 3673 814 3744 utspirituales
858 3672 1002 3728 sint?
1029 3681 1086 3726 ut
1120 3671 1184 3725 ad
1227 3672 1457 3725 animam
1502 3670 1668 3739 ipsam

76 3764 432 3836 pertingant?
454 3764 570 3818 Non
595 3764 851 3833 prohibeo
872 3805 886 3829 ,
922 3779 990 3818 ne
1016 3764 1135 3833 quis
1163 3763 1214 3816 in
1243 3762 1556 3817 suburbium
1587 3761 1672 3815 ab-

74 3864 196 3919 eat,
222 3853 318 3909 sed
338 3855 669 3909 tte-crastino
697 3853 805 3919 die,
838 3853 1098 3923 prohibeo
1132 3867 1330 3922 :quam
1364 3851 1573 3905 tandem
1603 3850 1672 3903 ob

74 3942 456 3999 causam?Ne
502 3942 834 3997 damnationi
882 3944 951 3997 sit
1001 3942 1231 3997 obnoxia
1277 3941 1590 4003 delectatio;
1618 3950 1675 3994 ut

73 4036 338 4103 voluptas
366 4035 436 4089 sit
454 4049 606 4103 pura,
641 4033 913 4088 damnatio
940 4048 1070 4087 vero
1097 4047 1200 4086 non
1229 4031 1498 4100 subrepat.
1528 4031 1675 4085 Licet

72 4127 235 4182 enim
266 4126 372 4180 alio
398 4126 486 4181 die
508 4134 563 4181 et
591 4126 844 4195 voluptati
868 4125 1141 4196 indulgere
1161 4133 1217 4179 et
1243 4124 1401 4179 eximi
1432 4134 1671 4193 peccato.

73 4219 244 4286 Quod
279 4218 321 4270 si
346 4233 487 4271 nunc
524 4219 682 4273 etiam
714 4219 917 4288 placeat
941 4217 1209 4285 voluptate
1238 4216 1515 4286 perfundi,
1548 4216 1673 4286 quid

70 4308 378 4381 jucundius
418 4308 521 4363 hoc
540 4310 842 4363 conventu?
867 4309 991 4378 quid
1022 4309 1230 4363 theatro
1270 4307 1528 4377 Spirituali
1558 4323 1679 4377 gra-

80 4402 198 4455 tius
225 4440 240 4463 ,
274 4399 529 4454 membris
560 4401 663 4455 tuis
683 4441 697 4465 ,
733 4408 943 4454 tuorum
986 4398 1207 4453 fratrum
1253 4400 1584 4468 congressu?
1611 4400 1679 4452 At

73 4493 255 4546 etiam
278 4490 571 4558 corporalis
598 4505 796 4545 mensae
817 4491 897 4544 vis
933 4489 1044 4545 ﬁeri
1070 4490 1369 4560 particeps?
1392 4489 1477 4544 hic
1504 4490 1679 4544 soluto

72 4592 364 4640 conventu
391 4583 516 4639 licet
539 4584 687 4653 juxta
738 4593 899 4655 mart)
918 4583 1050 4638 rium
1076 4583 1155 4654 (α)
1197 4584 1297 4639 sub
1325 4582 1428 4637 ﬁcu
1448 4583 1533 4638 vel
1571 4584 1679 4638 vite

73 4674 387 4733 diversanti
408 4716 424 4741 ,
457 4674 615 4729 etiam
641 4674 851 4743 corpori
884 4673 1265 4729 recreationcm
1292 4673 1597 4743 indulgere,
1627 4682 1681 4728 et

74 4767 543 4825 condemnatione
563 4766 943 4822 conscientiam
979 4766 1224 4820 liberare.
1256 4766 1458 4838 Martyr
1484 4766 1627 4821 enim
1650 4782 1681 4821 e

73 4860 397 4933 propinquo
433 4869 701 4930 spectatus
731 4901 746 4923 ,
793 4869 847 4914 et
885 4874 1005 4913 cum
1057 4868 1127 4912 snt
1174 4859 1414 4923 vicinus,
1469 4859 1681 4928 ipsique

76 4967 303 5008 mensae
332 4951 537 5017 adstet,
565 4952 890 5021 voluptatem
939 4952 990 5005 in
1023 4933 1529 5021 peccatumeﬂ'undi
1574 4968 1679 5007 uou

72 5043 242 5109 sinit;
263 5043 358 5097 sed
389 5052 655 5111 tamquam
678 5043 993 5113 pzrdagogus
1018 5057 1110 5097 aut
1138 5052 1286 5111 pater
1304 5044 1536 5112 optimus
1558 5060 1684 5099 ocu-

75 5137 156 5191 lis
204 5134 332 5188 ﬁdei
362 5147 683 5204 conspectus
713 5136 877 5189 risum
917 5137 1252 5206 comprimit,
1283 5136 1559 5192 indecoras
1584 5153 1681 5190 vo-

78 5227 332 5295 luptates
362 5226 724 5292 circumcidit,
754 5227 981 5281 lascivos
1025 5242 1211 5281 omnes
1254 5226 1489 5283 insultas
1507 5229 1684 5282 carnis

77 5318 263 5383 tollit,
297 5333 431 5387 quos
458 5317 566 5371 illic
592 5333 696 5371 non
724 5318 848 5372 licet
877 5317 1124 5373 evadere.
1150 5317 1286 5384 Quid
1311 5318 1380 5371 ita
1401 5316 1425 5371 ?
1448 5318 1581 5386 Quia
1607 5319 1686 5371 ni-

77 5415 296 5469 mirum
325 5411 628 5465 saltantium
656 5412 891 5465 virorum
917 5411 1066 5466 chori
1113 5411 1198 5465 die
1224 5410 1459 5464 crastino
1495 5412 1686 5465 subur-

79 5505 246 5558 hium
278 5503 614 5571 occupabunt
642 5521 654 5556 :
679 5511 733 5556 at
759 5501 1018 5573 ejusmodi
1065 5501 1341 5556 hominum
1369 5510 1686 5570 conSpectus

76 5609 476 5664 saepenumero
507 5595 653 5649 illum
684 5580 996 5664 etiam,'qni
1021 5603 1384 5685 temperanter
1410 5608 1600 5663 gerere
1628 5608 1687 5647 se

150 5724 233 5785 tu)
270 5725 546 5788 alartyrium
569 5726 675 5775 sive
695 5726 901 5777 ecclesia
921 5733 992 5777 ss.
1016 5731 1287 5790 martyrum,
1313 5735 1408 5787 qua
1424 5722 1488 5774 de
1510 5737 1565 5775 re
1588 5736 1685 5774 non

68 5791 259 5840 semel
284 5790 513 5851 superius
528 5796 685 5839 actum
711 5798 802 5839 est.

3232 393 3336 448 674

1770 485 2017 553 voluerit,
2047 489 2245 543 sensim
2267 487 2335 544 ad
2365 490 2605 561 ejusdem
2632 493 2971 563 turpitudinis
2992 496 3341 557 imitationem

1768 578 2022 647 impellit;
2053 592 2116 633 ac
2151 589 2260 634 tum
2282 581 2510 636 maxime
2538 597 2659 638 cum
2691 583 2746 638 in
2773 585 2949 640 medio
2975 586 3188 642 illorum
3223 587 3342 643 dia-

1767 667 1916 723 bolus
1944 668 2173 724 adfuerit
2204 687 2218 724 :
2246 670 2399 726 adest
2429 673 2570 727 enim
2621 688 2651 727 a
2677 676 2992 731 meretriciis
3016 678 3300 734 cantilenis
3327 722 3344 747 ,

1765 766 1795 804 a
1820 751 1994 807 verbis
2018 751 2285 809 obsemnis
2308 795 2323 818 ,
2353 769 2383 809 a
2408 755 2671 812 diabolica
2701 772 2893 829 pompa
2918 769 3157 816 vocatus.
3180 764 3251 816 At
3292 776 3348 819 tu

1767 838 2066 910 hujusmodi
2094 858 2301 913 pompae
2346 847 2589 901 nuntium
2620 849 2908 916 remisisti,
2944 861 3098 921 teque
3146 853 3346 909 Christi

1764 930 1927 983 cultui
1960 933 2268 1002 mancipasti
2289 933 2377 990 die
2399 936 2511 1003 illo,
2537 952 2642 1006 quo
2671 940 2837 993 sacris
2863 941 3131 1010 mysteriis
3152 942 3347 1013 dignus

1765 1018 1978 1074 habitus
2012 1036 2089 1075 es.
2136 1021 2443 1080 Recordare
2490 1026 2667 1096 itaque
2711 1029 2993 1084 verborum
3023 1031 3239 1087 illorum
3296 1042 3351 1086 et

1766 1109 1905 1177 pacti
1932 1112 2196 1177 conventi,
2233 1122 2374 1170 etne
2401 1115 2527 1170 illud
2545 1117 2714 1172 violes
2739 1133 2887 1174 cave.

1836 1198 1889 1252 5.
1923 1198 2166 1255 Fratrum
2190 1213 2474 1258 nostrorum
2492 1209 2717 1260 curanda
2740 1209 2899 1264 salus.
2919 1241 2988 1253 ο·-
3003 1211 3149 1267 Libet
3166 1221 3347 1270 autem

1763 1298 1818 1343 et
1844 1289 1911 1343 ad
1936 1305 2048 1359 eos,
2095 1293 2185 1362 qui
2228 1294 2420 1349 adsunt
2464 1312 2565 1352 nec
2611 1298 2735 1353 illuc
2775 1301 3040 1370 abierunt,
3072 1304 3234 1359 wrba
3264 1304 3348 1358 fa-

1764 1395 1905 1444 core,
1933 1392 2089 1451 atque
2115 1382 2200 1438 his
2244 1385 2470 1440 salutem
2503 1388 2710 1443 illorum
2737 1393 3112 1447 commendare
3137 1412 3151 1459 ;
3179 1396 3347 1465 siqui-

1764 1470 1884 1524 da-m
1903 1473 2138 1527 medicus
2153 1474 2219 1529 ad
2237 1486 2491 1544 aagrotum
2514 1479 2801 1547 ingressus,
2820 1496 2987 1550 pauca
3007 1498 3125 1537 cum
3138 1483 3349 1553 jacente

1764 1561 2121 1631 colloquitur;
2152 1580 2271 1635 quae
2313 1581 2442 1621 γρινο
2482 1569 2751 1637 pertinent
2790 1571 2859 1626 ad
2888 1572 3271 1630 medicamenta
3294 1585 3350 1631 et

1764 1655 2018 1711 alimenta
2059 1658 2426 1729 reliquamque
2450 1663 2803 1729 curationem,
2834 1666 3037 1719 vocatis
3080 1669 3195 1735 ejus
3218 1683 3347 1736 pro-

1764 1746 1995 1816 pinquis,
2027 1748 2206 1804 omnia
2257 1751 2365 1805 illis
2410 1753 2654 1823 injungit.
2687 1753 2796 1808 Cur
2836 1754 2889 1810 id
2935 1756 3190 1812 tandem?
3217 1758 3349 1827 Quia

1765 1838 2014 1919 nimirum
2058 1854 2199 1910 aeger
2241 1840 2453 1911 quidem
2500 1858 2606 1897 non
2653 1845 2895 1914 protinus
2937 1847 3352 1904 admonitionem

1764 1927 2032 2009 admittit;
2063 1943 2225 1985 sanus
2253 1940 2429 1986 autem
2460 1948 2649 2003 magna
2679 1949 2799 1989 cum
2829 1936 3100 2007 diligentia
3138 1938 3204 1993 iis
3232 1955 3353 2009 qua:

1766 2016 2014 2071 dicuntur
2027 2019 2277 2073 attendit:
2297 2021 2494 2076 ideirco
2516 2034 2570 2077 et
2590 2039 2709 2078 cum
2728 2023 2845 2080 istis
2855 2026 3007 2081 vobis
3019 2029 3175 2083 etiam
3193 2029 3353 2084 collo-

1766 2109 1853 2179 qui
1869 2110 2049 2164 statui.
2075 2111 2518 2183 Prtnoccupemus
2531 2116 2863 2172 crastinodie
2883 2128 3082 2187 portas,
3106 2119 3352 2176 obsidea-

1769 2215 1887 2256 mus
1907 2203 2038 2267 vias,
2066 2204 2162 2257 viri
2191 2204 2356 2272 viros,
2388 2205 2599 2261 feminae
2643 2206 2866 2263 feminas
2894 2208 2960 2264 de
2978 2209 3233 2280 jumentis
3256 2211 3356 2267 de-

1773 2291 2044 2349 trahamus
2069 2312 2083 2360 ;
2111 2296 2430 2353 reducamus
2459 2297 2582 2362 huc,
2613 2315 2785 2371 neque
2819 2302 3194 2358 erubescamus
3221 2322 3234 2358 :
3269 2304 3354 2359 ubi

1770 2383 1914 2437 salus
1943 2394 2024 2440 est
2053 2385 2251 2455 fratris,
2285 2388 2458 2457 pudor
2487 2405 2591 2444 non
2618 2399 2719 2445 est.
2753 2390 2808 2445 Si
2835 2392 2951 2447 illos
2976 2408 3082 2448 non
3107 2394 3269 2464 pudet
3290 2386 3354 2451 ad

1771 2474 2005 2545 iniquam
2037 2477 2181 2532 illam
2220 2493 2469 2549 pompam
2498 2482 2732 2551 prodire,
2762 2484 2930 2539 multo
2956 2486 3131 2541 minus
3158 2487 3359 2557 pudere

1770 2581 1869 2622 nos
1907 2567 2065 2624 debet
2092 2570 2209 2625 illos
2251 2572 2315 2625 ad
2360 2587 2564 2628 sacram
2605 2575 2758 2629 istam
2785 2577 3172 2634 solemnitatem
3200 2596 3358 2636 revo-

1771 2671 1917 2712 care.
1950 2658 2081 2713 Cum
2105 2660 2174 2716 de
2217 2662 2387 2717 salute
2436 2663 2616 2719 fratris
2656 2666 2847 2736 agitur,
2876 2668 3007 2722 nihil
3033 2685 3358 2727 recusemus.

1771 2747 1993 2816 Quando
2016 2751 2159 2805 enim
2183 2750 2424 2808 Christus
2446 2762 2666 2824 propter
2706 2772 2803 2811 nos
2833 2769 3076 2815 mortuus
3114 2771 3216 2826 est,
3264 2779 3360 2819 nos

1773 2849 1990 2909 propter
2039 2840 2158 2897 illos
2201 2851 2414 2913 oportet
2458 2854 2648 2901 cuncta
2694 2849 2924 2904 tolerare
2963 2851 3135 2907 :licet
3178 2853 3362 2923 alapas

1774 2929 2084 3001 impingam,
2115 2932 2240 2987 licet
2283 2935 2573 2991 maledictis
2619 2938 2905 3002 iucessant,
2954 2942 3204 3006 retineto,
3252 2959 3354 3000 nec

1772 3022 1921 3090 prius
1947 3021 2204 3090 desistito,
2238 3039 2394 3094 quam
2418 3026 2484 3081 ad
2511 3040 2752 3083 sanctum
2776 3040 3061 3102 martyrem
3089 3049 3182 3088 eos
3203 3035 3362 3090 redu-

1774 3115 1914 3168 xeris
1939 3132 1953 3179 ;
1981 3115 2107 3170 licet
2130 3116 2193 3170 ad
2220 3120 2649 3187 praetereuntium
2678 3122 2933 3189 judicium
2964 3127 3355 3193 provocandum

1775 3205 1861 3267 sit.
1893 3204 2130 3274 audiant,
2157 3209 2246 3276 qui
2273 3209 2454 3263 volent
2487 3228 2499 3262 :
2531 3210 2636 3275 dic,
2662 3211 2877 3268 Salvum
2906 3214 3082 3271 facere
3110 3217 3232 3271 volo
3259 3217 3364 3272 fra-

1776 3305 1931 3365 trem,
1963 3308 2271 3368 pereuntem
2321 3301 2551 3356 animam
2596 3319 2777 3371 cerno,
2828 3322 3002 3376 neque
3044 3310 3363 3379 cognatione

1770 3386 1985 3456 junetos
2012 3403 2225 3457 possum
2254 3400 2599 3447 contemnere
2629 3413 2641 3447 :
2676 3396 3031 3464 reprehendat
3058 3400 3148 3469 qui
3181 3401 3322 3457 volet
3344 3444 3359 3467 ,

1775 3489 1988 3536 accuset
2006 3484 2092 3552 qui
2120 3484 2284 3550 volet,
2307 3484 2415 3539 imo
2434 3501 2563 3541 vero
2582 3502 2743 3541 nemo
2764 3491 3148 3559 reprehendet;
3176 3508 3364 3549 omnes

1777 3572 2087 3642 laudabunt,
2120 3590 2306 3630 omnes
2346 3577 2752 3646 amplectentur.
2784 3580 2900 3635 Non
2928 3582 3072 3637 enim
3110 3584 3363 3652 pecunia-

1780 3679 1899 3719 rum
1923 3680 2101 3726 causa,
2147 3682 2246 3721 nec
2277 3676 2332 3721 ut
2357 3679 2575 3738 prepter
2598 3669 2778 3724 odium
2824 3671 3085 3741 privatum
3115 3689 3201 3729 me
3230 3675 3365 3730 ulci-

1778 3768 1917 3818 scar,
1940 3769 2041 3809 nec
2056 3755 2124 3810 ob
2139 3755 2297 3810 aliam
2314 3772 2428 3812 rem
2448 3758 2748 3827 quampiam
2771 3762 3078 3816 sa-cularem
3100 3763 3365 3818 contendo

1778 3859 2083 3915 pugnoque.
2112 3848 2206 3901 sed
2233 3848 2478 3903 fraterna:
2507 3850 2691 3904 salutis
2731 3851 2896 3920 gratia
2929 3871 2942 3906 :
2973 3854 3088 3923 quis
3116 3854 3230 3910 hare
3259 3871 3362 3911 non

1780 3938 2134 4007 approbabit?
2160 3939 2279 4009 quis
2307 3955 2415 3994 non
2460 3940 2694 3995 laudabit
2718 3942 2741 3997 ?
2765 3941 2920 3997 Nulla
2962 3943 3137 3999 carnis
3165 3960 3364 4015 cogita-

1782 4029 1925 4084 tione
1964 4030 2176 4098 jnnctos
2224 4045 2322 4085 nos
2365 4032 2785 4101 propinquorum
2830 4035 3173 4104 amantiores,
3206 4052 3362 4105 quam

1782 4130 1981 4192 patres,
2026 4121 2270 4192 cognatio
2309 4122 2597 4192 spiritualis
2640 4123 2830 4178 effecit.
2876 4123 2933 4179 Si
2963 4126 3156 4193 velitis,
3205 4129 3365 4182 etiam

1784 4223 2069 4285 martyrem
2099 4213 2375 4269 nobiscum
2403 4230 2733 4269 assumamus
2763 4234 2774 4269 :
2805 4232 2911 4271 non
2937 4219 3076 4272 enim
3103 4221 3370 4276 erubescit

1782 4307 1965 4361 venire
1993 4305 2061 4361 ad
2088 4305 2313 4361 fratrum
2343 4306 2588 4363 salutem.
2623 4308 2942 4377 Objiciamus
2967 4325 3087 4364 cum
3134 4313 3369 4381 ipsorum

1784 4399 1951 4455 oculis
1969 4418 1981 4452 :
1999 4397 2348 4455 reformident
2368 4411 2705 4469 pra'sentem,
2730 4411 3075 4458 rcvereautur
3096 4414 3367 4474 rogantem

1785 4498 1840 4545 et
1850 4491 2215 4545 observantem
2233 4506 2366 4545 :non
2382 4491 2524 4546 enim
2543 4493 2810 4547 erubescit
2828 4493 2985 4548 etiam
3004 4510 3211 4564 rogare.
3236 4495 3368 4549 Nam

1785 4583 1830 4638 si
1858 4583 2112 4638 Dominus
2127 4584 2241 4653 ejus
2267 4595 2509 4639 naturam
2538 4595 2773 4639 nostram
2799 4594 2979 4656 rogat:
3010 4586 3114 4641 Pro
3140 4587 3365 4657 Christo,

1788 4676 1958 4746 inquit
1978 4675 2192 4740 Paulus,
2212 4678 2460 4745 legatione
2477 4680 2734 4748 fungimur
2759 4689 3011 4750 tamquam
3036 4680 3138 4734 Deo
3163 4692 3374 4752 rogante

1788 4786 1876 4839 per
1902 4768 2438 4835 nos,Reconciliamini
2467 4769 2569 4824 Deo
2587 4770 2786 4842 (2.60m
2802 4770 2986 4838 5.20),
3017 4772 3185 4826 multo
3204 4774 3373 4844 magis

1788 4876 1976 4917 servus
2001 4861 2102 4917 hoc
2129 4861 2285 4918 faciet
2309 4880 2326 4917 :
2353 4879 2515 4916 ttnnm
2539 4864 2708 4931 ipsum
2734 4863 3017 4918 contriStat
3035 4869 3230 4927 solum,
3257 4880 3380 4934 per-

1788 4952 1920 5008 ditio
1955 4962 2171 5013 nostra:
2205 4969 2368 5008 unum
2396 4953 2677 5019 exltilarat,
2700 4954 2843 5008 salus
2863 4963 3066 5021 nostra,
3101 4966 3156 5011 et
3177 4955 3377 5010 idcirco

1790 5044 1925 5098 nihil
1952 5044 2068 5114 ejus
2110 5045 2276 5113 gratia
2318 5043 2590 5113 suscipere
2618 5054 2848 5099 recusat.
2879 5045 3060 5114 Neque
3090 5061 3187 5100 nos
3218 5046 3378 5113 igitur

1794 5135 2188 5195 erubescamus,
2237 5150 2413 5204 neque
2458 5151 2904 5204 superVacaneum
2949 5150 3068 5190 esse
3097 5136 3376 5189 ducamus.

1790 5226 1844 5280 Si
1871 5226 2015 5280 enim
2042 5233 2320 5280 venatores
2344 5226 2458 5279 loca
2483 5236 2769 5296 prmrupta,
2798 5236 3007 5280 montes
3027 5236 3080 5280 et
3105 5227 3375 5292 baratltra,

1791 5328 1843 5372 et
1872 5319 2007 5373 invia
2035 5333 2257 5388 qumque
2279 5318 2395 5372 loca
2418 5319 2731 5387 pervadunt,
2759 5333 2852 5372 seu
2878 5319 3136 5387 leporem,
3157 5327 3245 5369 aut
3277 5332 3367 5370 ca-

1792 5424 1996 5478 pream,
2043 5417 2134 5463 aut
2171 5409 2309 5464 aliud
2359 5409 2628 5479 quidpiam
2668 5409 2948 5478 ejusmodi,
2997 5424 3092 5463 seu
3137 5408 3379 5462 volucres

1792 5500 1950 5556 etiam
1979 5502 2109 5555 istas
2134 5500 2442 5571 plerumque
2463 5502 2750 5573 sylvestres
2773 5500 2950 5554 venari
2973 5500 3139 5555 velint
3167 5517 3182 5556 :
3214 5510 3268 5553 tu
3288 5500 3377 5569 qui

1793 5607 1901 5647 tton
1930 5591 2151 5645 bestiam
2180 5591 2363 5655 vilem,
2393 5591 2484 5645 sed
2519 5590 2733 5646 fratrem
2778 5589 3129 5657 spiritualem,
3163 5600 3380 5658 promer

1795 5700 1955 5755 quem
1987 5693 2228 5741 mortuus
2247 5691 2331 5738 est
2349 5682 2592 5737 Christus
2617 5723 2633 5748 ,
2656 5697 2686 5736 a
2724 5680 3017 5750 perditione
3035 5688 3379 5738 revocaturus

1796 5796 1875 5844 es,
1900 5795 2003 5834 non
2023 5778 2130 5849 jam
2151 5786 2357 5832 montes
2368 5787 2419 5831 et
2447 5776 2632 5844 saltus,
2655 5774 2749 5833 sed
2768 5784 2972 5847 portam
2993 5773 3166 5831 solum
3194 5773 3378 5845 egredi
