3800 6282
429 393 535 448 675

431 503 631 573 refugis
673 510 729 557 et
769 498 1076 556 erubescis?
1104 511 1261 567 quam
1287 496 1496 550 tandem
1523 509 1732 565 quaeso,
1765 493 1970 548 veniam
1991 534 2007 559 ,

431 593 742 666 obtinebis?
769 607 872 645 non
895 588 1045 644 audis
1070 589 1361 658 sapientem
1380 586 1660 657 quemdam
1683 594 2008 653 monentem,

430 700 496 739 ac
522 684 806 747 dicentem,
833 680 926 734 Est
941 679 1172 748 confusio
1193 678 1446 732 adducens
1464 686 1719 747 peccatum
1745 675 1932 744 (Eccft'.
1953 675 2004 730 4.

427 774 564 844 25)?
592 772 696 828 Sed
719 788 786 826 ne
816 770 1170 841 reprehendat
1195 769 1453 839 quispiam
1473 809 1488 835 ,
1518 765 1718 821 times?
1760 763 2008 820 Transfer

427 866 480 919 in
505 879 589 918 me
604 863 832 931 culpam,
857 863 945 932 qui
966 861 1104 926 dixi;
1128 860 1212 915 die
1241 861 1310 914 ita
1336 859 1559 930 jussisse
1575 857 1878 913 doctorem:
1909 871 2007 925 ego

426 966 640 1026 paratus
661 969 778 1009 sum
796 970 915 1008 eum
940 954 1063 1019 illis,
1087 954 1174 1024 qui
1197 951 1614 1021 reprehendunt,
1632 949 1927 1018 disceptare
1947 963 2007 1002 ac

427 1050 688 1105 rationem
718 1046 944 1102 reddere
975 1065 987 1100 :
1021 1046 1126 1100 imo
1175 1059 1302 1098 vero
1330 1059 1501 1112 neque
1545 1055 1660 1105 vos,
1709 1055 1880 1109 neque
1908 1053 2008 1096 nos

424 1140 685 1210 quispiam
729 1135 1107 1206 reprehendet,
1153 1133 1362 1188 tametsi
1389 1132 1539 1186 valde
1580 1132 1648 1186 sit
1688 1130 2002 1200 impudens;

423 1230 517 1284 sed
541 1228 830 1284 laudabunt
859 1241 1046 1281 omnes
1065 1266 1080 1290 ,
1109 1241 1170 1280 ac
1193 1240 1290 1278 nos
1319 1239 1459 1278 curae
1487 1223 1749 1292 studiique
1792 1221 2006 1276 nomine

422 1320 887 1384 commendabunt,
935 1333 1040 1371 non
1069 1317 1120 1370 in
1147 1316 1317 1386 patria
1358 1323 1560 1369 tantum
1594 1321 1797 1376 nostra,
1828 1312 1921 1367 sed
1952 1321 2006 1366 et
2041 1361 2055 1374 ,

422 1415 456 1468 ii
485 1414 575 1483 qui
605 1413 808 1466 vicinas
832 1409 1070 1463 habitant
1101 1408 1277 1472 urbes,
1310 1406 1449 1476 quod
1475 1405 1612 1476 apud
1644 1419 1742 1460 nos
1767 1404 1835 1458 sit
1861 1412 2004 1458 tanta

420 1505 500 1558 vis
530 1503 786 1568 caritatis,
816 1509 992 1554 tantus
1016 1498 1174 1554 ardor
1198 1497 1395 1552 amoris
1425 1497 1475 1551 in
1503 1496 1715 1551 fratres.
1744 1495 1850 1550 Sed
1880 1495 2004 1565 quid

422 1608 522 1663 ego
553 1591 793 1646 homines
835 1589 993 1643 dico?
1020 1589 1134 1658 ipse
1160 1589 1466 1658 angelorum
1490 1603 1590 1642 nos
1620 1587 1872 1641 Dominus
1895 1585 1996 1640 col-

419 1683 664 1738 laudabit.
713 1680 842 1736 Cum
875 1681 1052 1750 itaque
1094 1681 1412 1750 propositam
1444 1677 1742 1734 mercedem
1781 1677 1993 1732 noveri-

421 1789 578 1840 mus,
630 1788 698 1828 ne
743 1771 1075 1827 venationem
1125 1771 1488 1842 negligamus,
1539 1785 1711 1839 neque
1760 1769 1860 1824 soli
1907 1768 1996 1822 die

416 1868 648 1922 crastino
675 1874 1026 1930 revertamur,
1054 1863 1148 1918 sed
1170 1863 1530 1932 unusquiSque
1557 1861 1787 1932 prmdam
1813 1876 1995 1916 secum

415 1958 617 2013 habens
647 1956 908 2011 adveniat.
963 1955 1018 2008 Si
1064 1954 1154 2008 illa
1202 1961 1402 2007 tantum
1449 1951 1578 2005 hora
1624 1951 1851 2016 veneris,
1898 1964 2000 2019 qua

413 2048 636 2118 quisque
677 2046 838 2101 domo
876 2058 1119 2115 egressus
1146 2043 1198 2097 in
1237 2043 1373 2096 viam
1420 2055 1476 2097 se
1521 2040 1630 2107 dat,
1679 2053 1906 2111 eumque
1934 2037 2000 2093 ad

1189 386 1247 442 S.
1287 385 1559 440 JOANNIS
1594 382 2072 439 CllRYSOSTO-Ml
2110 383 2426 439 ARCHIEP.
2469 383 2992 440 CONSTANTI‘NOP.

3604 383 3702 436 676

2122 495 2278 564 hujus
2307 496 2406 551 loci
2433 497 2784 551 visitationem
2812 496 3127 562 traduxeris,
3151 496 3296 551 nulla
3325 497 3586 566 deinceps
3606 500 3707 551 erit

2117 587 2434 653 difficultas;
2483 589 2578 644 sed
2629 596 2749 658 post
2793 588 2997 656 lapsum
3045 588 3297 659 temporis
3345 591 3570 642 multam
3622 588 3709 641 ilte

2116 695 2326 750 quoque
2356 680 2448 735 tibi
2478 682 2700 751 gratiam
2751 677 2996 744 habebit,
3045 691 3099 736 et
3143 695 3237 735 vos
3280 683 3462 735 caeteri
3515 695 3709 735 omnes

2115 770 2404 826 laudabunt
2428 779 2483 827 et
2523 771 2744 826 ederent
2775 787 2789 829 :
2822 771 3069 841 quodque
3113 772 3350 825 omnium
3409 773 3706 825 maximum

2112 872 2215 926 eat,
2236 862 2398 917 multa
2417 862 2567 917 vobis
2593 862 2660 918 ob
2687 861 2868 916 isthaec
2897 861 3146 916 caelorum
3178 861 3434 915 Dominus
3458 861 3707 915 conferet

2113 954 2348 1022 praemia,
2373 963 2425 1008 et
2448 953 2653 1007 lucrum
2684 952 2821 1006 istud
2847 961 2899 1007 et
2921 951 3129 1006 laudem
3158 951 3388 1022 augebit.
3423 953 3706 1018 Quaestum

2114 1045 2272 1114 igitur
2298 1044 2473 1098 animo
2502 1052 2793 1110 versantes,
2839 1058 2995 1112 quem
3041 1043 3164 1097 inde
3209 1042 3551 1112 colligimus,
3580 1052 3707 1095 ante

2112 1135 2297 1189 urbem
2321 1149 2506 1187 omnes
2532 1133 2681 1186 eﬁ'usi
2707 1132 3117 1202 comprehensos
3148 1134 3335 1186 fratres
3359 1143 3580 1188 nostros
3605 1134 3707 1186 huc

2110 1223 2443 1285 reducamus,
2475 1230 2532 1276 ut
2555 1223 2786 1277 crastino
2811 1222 2968 1276 etiam
2997 1222 3084 1276 die
3112 1221 3326 1292 plenum
3363 1223 3528 1277 nobis
3557 1222 3706 1276 thea-

2111 1323 2250 1368 trum
2294 1315 2564 1380 reddatur,
2615 1330 2678 1368 ac
2706 1322 2998 1369 conventus
3044 1315 3110 1368 sit
3138 1314 3407 1384 perfectus
3437 1331 3451 1376 ;
3483 1325 3546 1369 ut
3574 1331 3701 1384 pro-

2110 1420 2226 1477 pter
2272 1409 2371 1464 hoc
2413 1408 2642 1462 studium
2685 1417 2925 1462 nostrum
2966 1423 3028 1462 ac
3068 1409 3394 1478 diligentiam
3426 1410 3520 1466 hic
3547 1412 3699 1464 adhio

2110 1501 2271 1555 bitam
2319 1501 2370 1554 in
2418 1510 2615 1554 aeterna
2661 1499 3000 1554 tabernacula
3042 1510 3254 1554 sanctus
3283 1511 3491 1571 martyr
3538 1503 3701 1556 multa

2109 1605 2228 1645 cum
2249 1591 2437 1644 ﬁducia
2456 1605 2552 1645 nos
2578 1591 2799 1662 recipiat
2823 1609 2838 1652 ς
2864 1606 3024 1661 quam
3046 1592 3245 1645 utinam
3263 1592 3528 1661 consequi
3553 1592 3702 1647 nobis

2106 1681 2352 1735 omnibus
2373 1682 2660 1751 contingat,
2691 1697 2787 1751 per
2831 1681 3050 1752 gratiam
3079 1690 3133 1735 et
3162 1681 3550 1750 benignitatem
3594 1683 3697 1736 Do-

2107 1772 2234 1824 mini
2261 1771 2427 1825 nostri
2453 1770 2577 1825 Jesu
2619 1770 2837 1837 Christi,
2872 1784 2966 1840 per
2991 1786 3146 1839 quem
3179 1780 3232 1825 et
3261 1787 3380 1825 cum
3410 1788 3526 1842 quo
3559 1773 3701 1828 Patri

2109 1861 2295 1932 gloria,
2329 1877 2429 1916 una
2461 1877 2580 1917 cum
2626 1872 2811 1918 sancto
2850 1872 2907 1919 et
2956 1862 3161 1918 viviﬁco
3203 1863 3426 1933 Spiritu,
3477 1881 3628 1920 nunc
3653 1879 3703 1920 et

2109 1967 2346 2022 semper,
2367 1959 2422 2008 et
2448 1953 2498 2006 in
2527 1954 2718 2008 secula
2746 1953 3079 2010 saeculorum.
3107 1955 3294 2012 Amen.

1842 2598 2255 2660 ADMONITIO

498 2849 568 2904 Ut
596 2857 750 2904 notat
771 2849 975 2906 Fronto
1015 2849 1263 2917 Ducaeus,
1295 2851 1348 2906 in
1380 2849 1688 2920 MenolOgio
1715 2849 2029 2905 Graecorum
2069 2849 2304 2920 quodam
2337 2849 2713 2919 manuscripto
2737 2848 2804 2904 ad
2846 2849 2988 2904 diem
3016 2845 3083 2900 i6
3113 2845 3443 2902 Novembris
3471 2861 3701 2901 annun—

429 2966 594 3022 tiatur
625 2965 820 3023 festum
857 2966 912 3022 S.
941 2966 1212 3022 Barlaami
1235 2967 1509 3040 martyris,
1543 2965 2004 3037 quemadmodum
2035 2974 2091 3021 et
2119 2965 2173 3019 in
2201 2964 2582 3036 Martyrologio
2613 2963 2882 3020 Romano.
2907 2963 3027 3018 Alia
3054 2977 3183 3018 vero
3209 2961 3542 3018 Graecorum
3585 2961 3699 3015 Lie-

430 3083 645 3154 nologia
677 3083 780 3140 hoc
811 3083 1006 3140 festum
1043 3087 1108 3139 ad
1141 3084 1405 3140 decimam
1437 3099 1638 3140 nonam
1665 3083 1988 3141 Novembris
2011 3083 2275 3141 referunt.
2303 3082 2408 3140 Sed
2436 3084 2596 3154 longe
2616 3083 2724 3138 alia
2751 3090 3070 3154 tempestate
3092 3096 3157 3138 ea
3191 3080 3528 3137 solemuitas
3564 3089 3701 3132 tem-

422 3217 554 3272 pore
581 3202 956 3274 Chrysostomi
979 3204 1375 3260 celebrabatur.
1405 3203 1537 3259 Nam
1564 3204 1618 3260 in
1650 3205 1874 3260 homilia
1898 3205 1950 3260 in
1981 3205 2112 3260 illud
2137 3205 2384 3276 Apostoli
2415 3205 2644 3269 dictum,
2677 3203 2820 3259 Noto
2851 3220 2936 3258 vos
2963 3204 3226 3274 ignorare,
3264 3200 3521 3266 Fratres,
3559 3201 3700 3269 quod

425 3317 614 3373 Patres
653 3323 821 3375 nostri
849 3339 1027 3377 omnes
1065 3322 1158 3377 sub
1191 3323 1324 3378 nube
1357 3323 1593 3390 fuerunt,
1627 3335 1757 3388 etc.,
1795 3341 1917 3396 qua:
1947 3325 2170 3381 homilia
2197 3326 2283 3381 die
2323 3325 2523 3382 festum
2550 3324 2608 3379 S.
2649 3324 2918 3380 Barlaami
2955 3322 3104 3397 [68!]
3137 3324 3471 3395 insequente
3507 3323 3700 3377 habita

423 3442 527 3498 est,
563 3445 620 3487 ut
644 3432 842 3489 ibidem
877 3437 950 3490 ait
976 3435 1420 3508 Chrysostomus,
1451 3440 1654 3496 diserte
1681 3441 1816 3496 dicit
1843 3440 1902 3496 S.
1954 3442 2142 3499 doctor
2169 3443 2417 3514 hyemem
2452 3442 2563 3513 jam
2608 3443 2936 3514 prmteriisse
2963 3453 3317 3511 aestatemque
3345 3439 3652 3498 advenisse
3683 3463 3698 3498 :

425 3547 666 3602 Liberali
694 3565 896 3616 sumus,
952 3551 1148 3622 inquit,
1184 3553 1384 3624 hyeme,
1422 3563 1471 3608 et
1511 3564 1696 3610 testate
1723 3557 2073 3626 perfruimur,
2127 3557 2317 3612 blande
2346 3558 2554 3629 amante
2597 3558 2841 3628 zephyro.
2877 3558 3010 3624 Quae
3036 3574 3160 3615 cum
3206 3559 3275 3612 ad
3311 3556 3700 3616 Novembrem

423 3678 663 3722 mensem
696 3668 920 3724 minime
972 3672 1241 3742 quadrare
1280 3674 1512 3740 valeant,
1567 3675 1694 3730 hinc
1725 3691 1856 3733 sane
1901 3679 2256 3749 consequitur
2286 3680 2442 3749 longe
2485 3676 2701 3733 diverso
2745 3679 2873 3733 anni
2909 3687 3152 3749 tempore
3181 3679 3533 3760 celebratum
3565 3692 3699 3735 tune

429 3941 1442 3966 m

848 4152 1395 4226 LAUDATIO
1453 4152 1835 4227 SANCTI
1889 4153 2475 4232 MARTYBIS
2525 4162 3056 4240 BARLAAM
3111 4154 3218 4242 (α).

1877 4336 2184 4400 εν>ἓ

484 4491 535 4544 Ι.
570 4488 746 4544 Omnis
775 4496 991 4559 potestas
1020 4489 1284 4560 impatiens
1309 4492 1550 4545 consortis
1585 4499 1674 4544 est.
1696 4519 1769 4532 -—
1795 4490 1870 4543 Ad
1897 4504 1984 4543 sa-

403 4593 550 4633 cram
581 4578 734 4633 istam
760 4578 1150 4634 solemnitatem
1182 4577 1480 4648 festumque
1507 4580 1694 4635 beatus
1734 4595 1831 4635 nos
1856 4581 1986 4634 Bar-

404 4673 542 4725 laam
583 4670 925 4735 convocavit,
979 4685 1086 4725 non
1126 4681 1187 4725 ut
1227 4671 1396 4740 ipsum
1441 4672 1735 4739 laudemus,
1787 4673 1882 4728 sed
1926 4683 1985 4729 ut

402 4763 577 4829 ipsum
613 4761 958 4825 aemulemur;
1002 4777 1107 4816 non
1135 4772 1194 4816 ut
1239 4762 1652 4834 laudumsimus
1680 4765 1980 4832 auditores,

403 4850 498 4906 sed
527 4859 585 4904 ut
611 4852 986 4919 praeclarorum
1010 4853 1125 4922 ejus
1147 4853 1438 4909 facinorum
1462 4854 1648 4909 fiamus
1669 4855 1975 4912 imitatores.

405 4942 462 4998 ln
507 4943 849 4998 saecularibus
897 4945 1106 5014 quidem
1155 4946 1353 5014 rebus,
1393 4946 1484 5017 qui
1530 4946 1595 5002 ad
1644 4947 1979 5017 magistratus

399 5047 640 5088 stnnmos
679 5032 1057 5103 provehuntur,
1089 5034 1229 5092 haud
1274 5037 1408 5091 alios
1447 5052 1693 5107 umquam
1738 5037 1974 5106 ejusdem

403 5122 622 5180 honoris
653 5127 1012 5196 prmrogativa:
1039 5136 1315 5183 consortes
1338 5129 1534 5184 vellent
1563 5143 1781 5184 cernere
1803 5147 1814 5182 :
1838 5129 1974 5185 livor

397 5219 538 5273 enim
568 5217 676 5272 illic
706 5226 760 5272 et
787 5218 978 5273 invidia
1020 5219 1262 5276 dividunt
1303 5222 1573 5276 caritatem
1603 5239 1614 5274 :
1645 5223 1697 5276 in
1723 5221 1969 5293 spiritua-

393 5311 534 5367 libus
562 5327 692 5367 vero
719 5327 826 5366 non
873 5311 944 5367 ita
966 5353 980 5377 ,
1013 5313 1106 5368 sed
1149 5315 1473 5368 contrarium
1517 5314 1722 5382 penitus
1751 5313 1926 5367 evenit
1956 5332 1969 5366 :

388 5409 513 5458 tunc
551 5402 690 5457 enim
732 5403 962 5458 maxime
999 5403 1220 5460 honoris
1264 5405 1462 5473 preprii
1505 5419 1716 5459 sensum
1757 5405 1970 5474 capiunt

387 5503 670 5565 martyres.
698 5509 820 5549 cum
867 5510 991 5572 SUOS
1029 5510 1321 5551 CODSCI‘VOS
1362 5495 1428 5550 ad
1457 5496 1712 5552 bonorum
1751 5512 1966 5553 suorum

450 5689 524 5749 (α)
557 5688 730 5739 collata
755 5705 864 5743 cum
889 5700 994 5744 Mss.
1019 5696 1179 5759 Regiis
1217 5693 1353 5755 1959,
1379 5701 1430 5744 et
1451 5695 1589 5744 sm.

2096 4499 2420 4593 consortium
2449 4502 2674 4558 Viderint
2704 4511 3029 4576 pervenisse.
3057 4510 3237 4582 Itaque
3264 4516 3306 4569 si
3335 4517 3466 4588 quis
3498 4532 3708 4593 marty-

2094 4603 2179 4642 res
2209 4589 2426 4647 laudare
2463 4595 2610 4661 velit,
2639 4609 2900 4670 martyres
2930 4603 3165 4659 imitetur
3195 4624 3207 4660 :
3238 4608 3282 4661 si
3313 4610 3443 4679 quis
3480 4589 3704 4682 religie-

2091 4680 2173 4736 nis
2200 4682 2430 4740 athletas
2447 4688 2720 4746 celebrare
2742 4696 3020 4762 praeconiis
3049 4697 3193 4761 velit,
3226 4699 3445 4755 illorum
3483 4680 3705 4759 labores

2089 4774 2368 4828 aemuletur
2399 4822 2411 4830 .
2445 4775 2547 4833 hoc
2577 4781 2744 4837 nihilo
2774 4785 3058 4852 minorem,
3089 4803 3247 4857 quam
3291 4794 3524 4860 prepria
3555 4806 3703 4850 recte

2087 4859 2243 4928 facta,
2274 4870 2595 4940 martyribus
2620 4873 2804 4929 afferet
2844 4877 3192 4947 voluptatem.
3225 4859 3409 4952 Atque
3437 4896 3504 4940 ut
3535 4887 3700 4941 intel-

2085 4957 2215 5026 ligas
2244 4970 2367 5016 tunc
2395 4977 2488 5017 eos
2518 4966 2786 5036 pemcipue
2813 4982 2905 5022 sua
2924 4970 3060 5024 bona
3085 4974 3302 5038 sentire,
3334 4991 3468 5030 cum
3499 4979 3557 5033 in
3585 4991 3700 5032 tuto

2084 5063 2182 5104 nos
2228 5053 2454 5110 viderint
2500 5057 2804 5124 collocatos,
2855 5077 3074 5132 remque
3113 5064 3255 5119 illam
3296 5070 3553 5127 maximo
3593 5074 3698 5126 sibi

2084 5138 2272 5196 honori
2301 5143 2514 5210 ducere,
2545 5147 2762 5203 Paulum
2785 5150 3046 5208 dicentem
3074 5156 3194 5210 audi
3223 5176 3236 5210 :
3259 5155 3419 5213 Nunc
3443 5163 3698 5228 vivimus,

2080 5233 2122 5285 si
2149 5250 2234 5287 vos
2261 5238 2405 5290 statis
2430 5239 2482 5290 in
2508 5237 2721 5294 Domino
2753 5243 2826 5313 (1.
2846 5242 3022 5299 Thess.
3045 5247 3095 5300 5.
3117 5245 3194 5318 8).
3223 5248 3288 5302 Et
3307 5266 3443 5304 vero
3466 5254 3699 5318 Moyses

2079 5336 2203 5382 ante
2249 5329 2387 5383 hunc
2419 5333 2526 5387 Deo
2555 5333 2792 5400 dicebat,
2823 5336 2885 5391 Si
2922 5339 3120 5406 quidem
3145 5316 3360 5396 dimittis
3386 5345 3465 5398 eis
3500 5316 3702 5416 perca-

2079 5426 2205 5486 tum,
2240 5420 2433 5474 dimitte
2460 5439 2478 5476 :
2504 5424 2581 5476 sin
2624 5435 2812 5491 autem,
2846 5427 2954 5481 dele
2983 5446 3059 5482 me
3086 5431 3148 5483 de
3190 5431 3320 5485 libro
3360 5451 3517 5504 quem
3556 5441 3704 5491 scri-

2077 5511 2220 5579 psisti
2252 5511 2455 5584 (Exod.
2498 5515 2585 5569 52.
2633 5517 2723 5570 51.
2769 5517 2859 5587 3‘2)
2897 5520 3208 5577 :cazlestem
3247 5523 3520 5582 honorem
3570 5545 3685 5583 non

2074 5602 2246 5658 sentio
2293 5613 2509 5674 propter
2537 5607 2757 5662 istorum
2803 5609 3201 5668 calamitatem:
3232 5619 3484 5688 corporis
3523 5637 3680 5688 qua-

2073 5693 2192 5750 dam
2221 5699 2481 5754 connexio
2507 5709 2589 5756 est
2630 5709 2685 5757 et
2711 5709 2974 5758 structura
3017 5712 3190 5760 cetus
3220 5706 3467 5765 ﬁdelium
3501 5729 3515 5764 :
3543 5712 3674 5778 quid
