3860 6286
500 359 605 418 6τῖ

577 474 687 528 Καὶ
713 469 831 538 πῶς
855 469 1096 537 δυνατὸν,
1119 474 1270 544 φησὶ,
1298 477 1637 547 μιμήσασθαι
1662 476 1942 548 μάρτυρας
1961 475 2076 537 νῦν;

501 558 626 612 οὐδὲ
644 559 753 629 γάρ
786 560 901 612 ἐστι
924 557 1166 629 διωγμοῦ
1212 558 1423 629 καιρός.
1476 557 1605 614 Οἶδα
1631 559 1807 628 κάγώ·
1836 557 2078 629 διωγμοῦ

507 641 606 709 μὲν
637 640 824 710 καιρὸς
845 641 944 693 οὐκ
984 639 1152 701 ἐστιν,
1188 636 1339 695 ἀλλά
1371 644 1671 713 μαρτυρίου
1718 643 1908 714 καιρός
1940 645 2075 695 ἐστι·

505 721 896 792 παλαισμάτων
920 722 1174 775 τοιούτων
1196 724 1295 777 οὐκ
1319 724 1433 777 ἐστι
1462 727 1674 797 καιρὸς,
1715 725 1851 778 ἀλλὰ
1884 725 2081 793 στεφά-

507 821 610 857 νων
642 805 832 876 καιρός
856 808 995 858 ἐστι·
1020 808 1081 859 οὐ
1143 806 1430 861 διώκουσιν
1471 808 1767 881 ἄνθρωποι,
1795 809 1933 881 ἀλλὰ
1955 809 2078 862 διώ-

505 903 658 940 κουσι
695 888 967 959 δαίμονες·
1011 890 1111 942 οὐκ
1161 890 1375 944 ἐλαύνει
1405 891 1688 963 τύραννος,
1721 892 1836 946 ἀλλ’
1863 892 2078 945 ἐλαύνει

501 970 769 1037 διάϐολος,
797 973 1076 1045 τυράννων
1107 973 1326 1028 πάντων
1360 975 1759 1047 χαλεπώτερος·
1798 977 1897 1047 οὐχ
1947 977 2078 1046 ὁρᾷς

500 1055 780 1128 ἄνθρακας
823 1058 1235 1128 προκειμένους,
1269 1058 1382 1112 ἀλλ’
1428 1062 1557 1132 ὁρᾷς
1583 1060 1755 1129 φλόγα
1783 1060 2079 1131 ἐπιθυμίας

502 1141 903 1210 ἀναπτομένην.
953 1142 1356 1211 Κατεπάτησαν
1386 1144 1582 1196 ἐκεῖνοι
1617 1146 1746 1206 τοὺς
1778 1144 2077 1215 ἄνθρακας,

502 1223 891 1291 καταπάτησον
914 1224 978 1276 σὺ
1008 1222 1109 1292 τῆς
1147 1224 1360 1293 φύσεως
1391 1226 1715 1305 τὴν.πυράν·
1736 1227 2078 1280 ἐπύκτευσαν

500 1308 696 1359 ἐκεῖνοι
752 1305 889 1377 πρὸς
927 1305 1113 1376 θηρία,
1163 1307 1457 1376 χαλίνωσον
1511 1311 1575 1363 σὺ
1619 1310 1711 1363 τὸν
1770 1310 1960 1380 θυμὸν,
2018 1311 2110 1364 τδ-

500 1387 778 1460 ἀνήμερον
810 1388 905 1440 καὶ
931 1387 1221 1440 ἀτίθασσον
1237 1389 1442 1461 θηρίον·
1464 1391 1696 1464 ἔστησαν
1735 1395 1930 1445 ἐκεῖνοι
1942 1392 2079 1462 πρὸς

501 1469 693 1534 ὀδύνας
723 1473 1049 1541 ἀφορήτους,
1106 1472 1396 1543 περιγενοῦ
1450 1476 1514 1529 σὺ
1558 1476 1666 1527 τῶν
1712 1477 1927 1530 ἀτόπων
1983 1476 2077 1528 καὶ

442 1607 448 1611 ,
504 1553 755 1625 πονηρῶν
822 1553 1096 1624 λογισμῶν
1177 1555 1285 1608 τῶν
1348 1555 1619 1627 βρυόντων
1675 1560 1733 1610 ἐν
1781 1561 1845 1629 τῇ
1884 1559 2077 1630 καρδίᾳ

506 1651 623 1689 σου·
660 1635 803 1690 οὕτω
860 1639 1072 1709 μιμήσῃ
1132 1640 1432 1711 μάρτυρας.
1461 1639 1609 1713 [682]
1657 1641 1788 1695 Νῦν
1820 1643 1929 1710 γὰρ
1966 1645 2076 1696 οὐκ

503 1720 676 1773 ἐστιν
702 1719 850 1788 ἡμῖν
875 1719 915 1786 ἡ
946 1719 1108 1789 πάλη
1134 1734 1160 1762 α
1188 1721 1333 1789 πρὸς
1359 1717 1502 1790 αἷμα
1530 1723 1628 1775 καὶ
1670 1723 1888 1791 σάρκα.
1919 1724 2080 1778 ἀλλὰ

504 1801 655 1868 πρὸς
676 1802 782 1867 τὰς
807 1802 1016 1871 ἀρχὰς,
1051 1803 1202 1871 πρὸς
1251 1805 1358 1870 τὰς
1407 1803 1713 1871 ἐξουσίας,
1760 1806 1908 1874 πρός
1937 1807 2079 1872 τοὺς

502 1885 993 1952 κοσμοκράτορας
1048 1885 1154 1939 τοῦ
1209 1888 1469 1952 σκότους
1521 1889 1757 1954 τούτου,
1807 1889 1957 1956 πρὸς
2007 1889 2081 1941 τὰ

502 1966 872 2034 πνευματικὰ
916 1967 1028 2035 τῆς
1057 1971 1370 2037 πονηρίας.
1405 1969 1523 2041 Πῦρ
1551 1971 1702 2022 ἐστιν
1752 1971 1784 2040 ἡ
1816 1970 2080 2040 ἐπιθυμία

501 2049 597 2119 τῆς
639 2048 874 2119 φύσεως,
916 2048 1027 2121 πῦρ
1056 2051 1316 2105 ἄσϐεστον
1347 2053 1440 2105 καλ⁸
1480 2052 1748 2122 διηνεκές·
1780 2054 1926 2105 κύων
1963 2053 2079 2105 ἐστὶ

498 2133 704 2188 λυττῶν
733 2134 827 2188 καὶ
859 2132 1134 2205 μεμηνὼς,
1157 2133 1260 2187 κᾶν
1286 2135 1544 2206 μυριάκις
1579 2136 1741 2188 αὐτὸν
1756 2134 2078 2207 διακρούσῃ,

504 2217 761 2287 μυριάκις
789 2216 1051 2286 ἐπιπηδᾷ,
1082 2217 1177 2270 καὶ
1203 2218 1303 2270 οὐκ
1348 2218 1663 2286 ἀφίσταται*
1690 2218 1899 2288 χαλεπὴ
1925 2218 1954 2257 δ
1979 2219 2079 2288 μὲν

501 2305 536 2372 ἠ
566 2301 675 2354 τῶν
732 2301 1018 2371 ἀνθράκων
1046 2300 1196 2368 φλὸξ,
1245 2299 1360 2354 ἀλλ’
1395 2301 1535 2370 αῦτη
1579 2301 1878 2371 δεινοτέρα,
1912 2302 1945 2371 ἠ
1976 2300 2078 2370 τῆς

501 2385 814 2455 ἐπιθυμίας·
847 2385 1102 2437 οὐδέποτε
1134 2384 1330 2453 ἔχομεν
1361 2385 1668 2456 ἐκεχειρίαν
1717 2385 1809 2438 τοῦ
1837 2385 2077 2455 πολέμου

500 2468 707 2531 τούτου,
731 2468 984 2520 οὐδέποτε
1017 2466 1212 2537 ἔχομεν
1235 2468 1523 2536 ἀνακωχὴν
1547 2468 1687 2521 κατὰ
1713 2468 1804 2520 τὸν
1837 2469 2079 2540 παρόντα

505 2551 638 2621 βίον,
669 2550 802 2603 ἀλλὰ
822 2550 1075 2621 διηνεκὴς
1103 2552 1132 2603 6
1156 2548 1326 2617 ἀγὼν,
1357 2550 1446 2603 ἵνα
1493 2551 1588 2604 καὶ¹
1612 2551 1874 2621 ξλαμπρὺς
1901 2553 1929 2604 ὁ
1956 2552 2078 2604 στέ-

503 2651 670 2703 φανος
699 2634 944 2703 γένηται.
972 2634 1070 2685 Διὰ
1095 2634 1253 2686 τοῦτο
1285 2635 1434 2704 ἡμᾶς
1463 2635 1553 2687 ἀεὶ
1582 2633 1793 2698 Παῦλος
1825 2633 2080 2688 καθοπλί-

502 2717 606 2780 Cu,
637 2716 825 2786 ἐπειδὴ
854 2716 945 2769 ἀεὶ
979 2716 1220 2787 πολέμου
1250 2718 1460 2784 καιρὸς,
1485 2718 1673 2787 ἐπειδὴ
1701 2718 1789 2771 ἀεὶ
1818 2722 2083 2789 γρηγορεῖ

501 2801 530 2852 ὁ
561 2800 774 2872 ἐχθρός.
810 2800 998 2853 Βούλει
1059 2800 1274 2871 μαθεῖν,
1307 2802 1390 2853 ὅτι
1440 2802 1611 2871 πυρὸς
1645 2803 1747 2855 οὐκ
1795 2802 2015 2855 ἔλαττον
2043 2805 2075 2873 ἡ

502 2883 770 2954 ἐπιθυμία
794 2883 969 2948 καίει;
1008 2884 1275 2938 ’Ἄκουσον
1309 2884 1402 2938 τοῦ
1436 2883 1780 2955 Σολομῶντος
1807 2885 2076 2953 λέγοντος,

502 2965 903 3034 Περιπατήσει
950 2983 1040 3031 τις
1067 2966 1161 3019 ἐπ’
1216 2966 1526 3036 ἀνθράκων
1581 2960 1975 3036 πυρός,’τοὺς
2011 2968 2081 3021 δὲ

503 3049 696 3115 πόδας
717 3051 789 3103 οὑ
818 3049 1218 3113 κατακαύσει;
1263 3051 1450 3117 οὕτως
1483 3054 1517 3104 ὀ
1546 3053 1965 3120 εἰσερχόμενος
1993 3054 2080 3116 εὶς

506 3133 618 3202 τὴν
637 3131 892 3204 γυναῖκα
919 3130 1026 3184 τοῦ
1047 3133 1537 3201 πλησίοναύτοῦ,
1567 3134 1667 3188 καὶ
1696 3134 1816 3199 πᾶς
1840 3139 1873 3189 ὁ
1899 3135 2080 3188 ἁπτό-

493 3233 681 3288 μενος
726 3213 938 3282 αὐτῆς,
972 3217 1085 3268 οὐκ
1115 3215 1553 3283 ἁϐωωθήσεται.
1595 3218 1760 3288 ὐρᾷς
1805 3218 1887 3270 ὅτι
1919 3217 2080 3287 φύσις

502 3296 796 3367 ἐπιθυμίας
826 3294 1118 3366 ἁμιλλᾶται
1148 3298 1307 3367 φύσει
1344 3300 1543 3370 πυρός;
1571 3300 1782 3372 Ὥσπερ
1814 3301 1922 3371 γάρ
1952 3300 2079 3353 ἀδύ-

500 3396 662 3434 νατον
692 3379 861 3449 πυρὸς
887 3378 1188 3448 ἀπτόμενον
1225 3381 1300 3451 μὴ
1334 3382 1584 3445 δέξασθαι
1613 3384 1961 3453 ἐμπρησμὸν,
1988 3383 2079 3436 οῦ-

502 3481 582 3515 τω
625 3462 795 3532 πυρὸς
827 3462 1079 3533 ὀξύτερον
1125 3462 1233 3514 τῶν
1278 3464 1566 3534 εὐμόρφων
1603 3465 1777 3535 ὄψεων
1804 3469 1837 3530 ἡ
1873 3467 2078 3538 θεωρία

503 3546 600 3614 τῆς
614 3545 926 3609 ἀκολάστως
962 3545 1262 3617 βλεπούσης
1294 3546 1722 3616 ἐπιλαμϐάνεται
1754 3549 1950 3619 ψυχῆς·
1983 3553 2078 3605 καὶ

504 3629 754 3700 καθάπερ
786 3627 886 3699 ῦλη
927 3645 1010 3690 τις
1043 3628 1353 3700 εὐπρηστος
1382 3629 1589 3693 ο,οὐτω
1622 3631 1690 3684 τά
1721 3631 1951 3704 λαμπρά
1971 3633 2077 3686 τῶν

503 3713 772 3784 σωμάτων
798 3715 908 3775 τοῖς
932 3711 1040 3764 τῶν
1066 3712 1311 3780 ἀσελγῶν
1337 3713 1620 3767 ὑπόκειται
1645 3714 1961 3786 ὀφθαλμοῖς.
1990 3716 2079 3769 Διδ

502 3798 608 3868 χρὴ
645 3796 718 3865 μὴ
749 3796 1009 3865 παρέχειν
1040 3794 1118 3863 τῷ
1151 3800 1284 3866 πυρὶ
1311 3796 1411 3864 τῆς
1434 3796 1728 3866 ἐπιθυμίας
1757 3799 1962 3870 τροφὴν
1981 3799 2079 3870 τὴν

503 3878 703 3945 ἔξωθεν
723 3878 977 3948 θεωρίαν,
1011 3877 1148 3930 ἀλλά
1171 3878 1542 3948 περιστέλλειν
1574 3880 1707 3934 αὐτὸ
1743 3882 2079 3952 πανταχόθεν

503 3963 596 4015 καὶ
622 3961 1050 4015 κατασϐεννύναι
1102 3960 1381 4031 λογισμοῖς
1413 3963 1682 4026 εὐσεϐέσι,
1727 3964 2081 4034 χαλινοῦντας

505 4045 693 4117 πρόσω
743 4046 1041 4115 φερόμενον
1069 4045 1157 4097 τὸν
1197 4046 1544 4116 ἐμπρησμὸν,
1599 4047 1694 4099 καὶ
1736 4047 1810 4118 μὴ
1862 4065 2078 4118 συγχω-

509 4128 731 4199 ροῦντας
756 4128 906 4199 αὐτῷ
952 4128 1304 4198 περιτρέπειν
1357 4128 1416 4180 τὸ
1462 4128 1685 4201 στερρὸν
1711 4129 1812 4199 τῆς
1839 4131 2079 4194 διανοίας

501 4212 602 4282 τῆς
634 4210 929 4282 ἡμετέρας.
962 4210 1073 4262 Καὶ
1111 4212 1260 4263 πᾶσα
1300 4210 1357 4263 δὲ
1395 4210 1555 4282 ἡδονὴ
1584 4216 1641 4264 έν
1669 4211 1747 4281 τῷ
1778 4212 1953 4284 καιρῷ
1978 4215 2077 4284 τῆς

501 4296 916 4365 ἐπικρατήσεως
945 4294 1051 4345 τῶν
1084 4294 1273 4346 παθῶν
1300 4295 1471 4363 πυρὸς
1518 4296 1873 4367 σφοδρότερον
1898 4298 2076 4351 καίειν

505 4377 662 4431 εῐωθε
691 4377 793 4447 τὴν
819 4376 1078 4439 διάνοιαν,
1114 4377 1162 4427 εί
1195 4377 1267 4446 μή
1303 4393 1388 4438 τις
1419 4378 1683 4444 γενναίως
1713 4378 1832 4448 μεθ’
1866 4380 2072 4449 ὑπομο-

502 4462 600 4530 νῆς
628 4461 723 4513 καὶ
774 4458 1009 4520 πίστεως
1064 4457 1483 4524 ἀνταγωνίζοιτο
1539 4460 1669 4529 πρὸς
1712 4460 1941 4515 ἕκαστον
1972 4462 2080 4516 τῶν

504 4542 711 4596 παθῶν·
752 4541 810 4594 ὃν
830 4541 1029 4609 τρόπον
1058 4540 1087 4591 6
1120 4539 1388 4611 μακάριος
1434 4542 1528 4593 καὶ
1564 4546 1808 4608 γενναῖος
1840 4544 2080 4615 ἀθλητὴς

503 4625 598 4679 τοῦ
643 4622 878 4695 Χριστοῦ
911 4623 1176 4693 Βαρλαάμ
1201 4622 1455 4690 ἐποίησεν
1489 4625 1580 4675 ἐπὶ
1603 4622 1703 4692 τῆς
1731 4626 1925 4679 ἑαυτοῦ
1962 4644 2074 4695 χει-

507 4709 621 4781 ρὸς,
668 4707 959 4778 ὁλόκληρον
999 4709 1057 4759 ἐν
1108 4709 1175 4777 τῇ
1213 4705 1362 4776 δεξιᾷ
1405 4708 1582 4778 πυρὰν
1628 4708 1929 4778 βαστάζων,
1982 4712 2075 4764 καὶ

506 4789 643 4859 πρὸς
680 4790 776 4861 τὴν
803 4789 994 4860 ὀδύνην
1046 4790 1146 4842 οὐκ
1173 4789 1426 4852 ἐνδιδοὺς,
1447 4790 1582 4843 ἀλλά
1608 4792 1714 4845 τῶν
1741 4793 2072 4863 ἀνδριάντων

503 4872 877 4942 ἀπαθέστερον
903 4873 1263 4942 διακείμενος,
1295 4873 1491 4945 μᾶλλον
1532 4875 1587 4928 δὲ
1620 4875 1773 4945 ἤλγει
1820 4876 1937 4945 μὲν,
1979 4878 2075 4930 καὶ

501 4958 731 5027 ἔπασχε·
769 4956 928 5027 σῶμα
961 4958 1069 5026 γὰρ
1095 4953 1162 5027 ἦν
1195 4958 1257 5011 τὸ
1284 4959 1660 5030 ὑποκείμενον,
1694 4959 1787 5012 καὶ
1824 4959 1885 5011 οὐ
1918 4960 2070 5029 σίδη-

503 5058 617 5115 ρος·
649 5040 829 5111 ἀλγῶν
865 5041 921 5093 δὲ
950 5043 1042 5094 καὶ
1071 5041 1292 5113 πάσχων
1320 5044 1419 5114 τὴν
1448 5044 1555 5095 τῶν
1578 5042 1884 5113 ἀσωμάτων
1916 5043 2077 5097 δυνά-

503 5142 650 5199 μεων
680 5128 738 5178 ἐν
767 5123 979 5196 σώματι
1000 5125 1176 5196 θνητῷ
1206 5125 1521 5196 φιλοσοφίαν
1564 5126 1931 5179 ἐπεδείκνυτο.

572 5209 640 5280 β’.
681 5208 840 5261 Ἀλλὰ
862 5208 971 5279 γάρ
994 5208 1198 5262 ἀνωθεν
1226 5209 1387 5262 αὐτοῦ
1413 5210 1472 5262 τὸ
1497 5210 1794 5280 μαρτύριον
1811 5210 2070 5280 διηγήσο-

502 5312 600 5366 μαι
631 5291 770 5349 ὥστε
795 5293 1129 5367 σαφεστέραν
1164 5292 1412 5360 γενέσθαι
1445 5293 1544 5361 τὴν
1594 5294 1854 5363 ἱστορίαν·
1910 5294 1972 5345 σὺ
2016 5293 2072 5345 δέ

502 5397 593 5450 μοι
628 5380 817 5432 σκόπει
845 5377 939 5431 τοῦ
964 5378 1209 5430 διαϐόλου
1230 5376 1328 5446 τὴν
1363 5377 1716 5446 κακουργίαν.
1751 5376 1871 5430 Τῶν
1902 5378 2076 5444 ἀγίων

498 5465 625 5529 τούς
668 5464 769 5536 μὲν
802 5464 1010 5535 ἢγαγεν
1055 5462 1147 5514 ἐπὶ
1178 5461 1408 5528 τήγανα,
1452 5461 1578 5516 τοὺς
1629 5461 1684 5514 δὲ
1732 5463 1811 5524 εἰς
1841 5460 2072 5532 λέϐητας

565 5671 587 5697 ⁸
614 5671 701 5719 Hic
727 5669 859 5720 addit
885 5670 1186 5727 8³νὶ1.φησὶ·ι
1211 5671 1234 5717 ὁ
1259 5669 1462 5725 Παῦλος.

568 5731 595 5769 δ
618 5732 710 5793 Atii
730 5732 1054 5793 χαλεπωτέρα.

565 5793 585 5823 ⁸
616 5791 711 5843 ΔΙὶὶ
734 5791 1031 5852 ε’ύθραυστος.

1243 362 1299 418 S.
1338 361 1625 419 JOANNIS
1659 358 2145 418 CHRYSOSTOMI
2184 353 2499 414 ARCHIEP.
2537 350 3097 412 CONSTANTINOP.
3660 348 3748 405 678
3834 348 3835 419 ξ

2181 460 2402 525 ἐνέϐαλε
2434 468 2528 524 τοῦ
2558 470 2728 534 πυρὸς
2760 468 3114 540 σφοδρότερον
3141 464 3377 531 ζέοντας·
3402 463 3498 517 καὶ
3522 461 3634 517 τῶν
3665 467 3752 528 μὲν

2179 559 2278 622 τὰς
2310 558 2555 629 πλευρὰς
2603 556 2910 620 κατέξαινε,
2948 556 3076 617 τοὺς
3102 553 3160 606 δὲ
3205 555 3283 616 εἰς
3342 551 3582 619 πέλαγος
3631 567 3753 605 κατε

2180 647 2481 709 επόντισεν,
2499 645 2692 707 ἄλλους
2709 643 2919 715 θηρίοις
2939 641 3273 712 παρέδωκεν,
3288 638 3514 708 ἐτέρους
3542 638 3626 700 είς
3658 639 3750 690 κά-

2194 753 2348 805 μινον
2375 737 2658 806 εἰσήγαγε,
2686 732 2783 786 καὶ
2815 732 2922 784 τῶν
2950 730 3049 802 μὲν
3077 728 3429 799 ἐξεμόχλευοε
3457 727 3527 778 τά
3559 726 3751 797 ἄρθρα,

2179 823 2285 877 τῶν
2308 822 2364 876 δὲ
2393 822 2490 885 τὰς
2522 820 2684 894 δορὰς
2709 820 2788 874 ἐτι
2809 817 3026 883 ζώντων
3050 817 3322 888 ἀπέσυρεν
3346 812 3397 878 δ,
3423 814 3631 885 ἐτέρων
3650 818 3753 877 τοίς

2182 909 2426 981 σώμασιν
2476 909 2822 982 ᾑμαγμένοις
2871 906 3145 976 ὑπέθηκεν
3203 903 3502 974 ἄνθρακας,
3561 903 3659 955 καὶ
3710 905 3753 954 οἱ

2181 997 2474 1068 σπινθῆρες
2499 997 2786 1067 ἐπεπήδων
2810 997 2924 1057 τοῖς
2955 993 3160 1054 ἐλκεσι,
3183 990 3372 1062 θηρίου
3404 989 3608 1054 παντὸς
3641 990 3754 1060 δρι-

2182 1084 2412 1155 μύτερον
2452 1084 2521 1137 τά
2544 1082 2832 1155 τραύματα
2870 1081 3176 1142 δάκνοντες*
3215 1077 3395 1141 ἄλλοις
3427 1076 3600 1140 ἄλλας
3633 1078 3754 1129 ἐπ-

2179 1172 2289 1225 νόει
2320 1172 2703 1243 χαλεπωτέρας
2735 1170 3020 1245 τιμωρίας.
3069 1169 3222 1221 Ἐπεὶ
3253 1163 3345 1221 οῦν
3370 1162 3511 1219 εἶδεν
3544 1166 3755 1220 ἅπαντα

2177 1259 2352 1313 ταῦτα
2363 1258 2634 1328 καταγελα
2642 1258 2854 1319 σθέντα,
2869 1256 2964 1308 καὶ
2979 1256 3104 1318 τοὺς
3118 1254 3291 1307 ταῦτα
3314 1253 3593 1318 παθόντας
3613 1252 3753 1325 [683]

2184 1350 2320 1419 μετά
2346 1347 2546 1417 πολλῆς
2572 1346 2674 1416 τῆς
2717 1345 3034 1416 περιουσίας
3065 1344 3467 1415 κρατήσαντας,
3511 1343 3613 1395 καὶ
3654 1345 3755 1405 τοῖς

2183 1439 2302 1507 μετ’
2329 1436 2528 1498 αὐτοὺς
2551 1432 2867 1504 ἐρχομένοις
2896 1433 2989 1485 ἐπὶ
3009 1430 3081 1485 τὰ
3108 1431 3249 1485 αὐτὰ
3278 1430 3641 1501 παλαίσματα
3670 1448 3754 1500 με-

2180 1521 2373 1593 γίστην
2402 1520 2496 1575 τοῦ
2554 1522 2774 1594 θαρρεῖν
2806 1519 3060 1573 ὑπόθεσιν
3113 1519 3461 1588 γενομένους,
3486 1516 3542 1570 τί
3583 1521 3752 1582 mni;

2180 1610 2382 1664 Καινὸν
2401 1611 2607 1664 ἐπινοεῖ
2635 1609 2835 1680 τρόπον
2878 1607 3189 1678 ἐπιϐουλῆς,
3215 1607 3301 1661 ἵνα
3336 1607 3396 1660 τὸ
3425 1607 3754 1679 ἀμελέτητον

2180 1698 2274 1751 καὶ
2313 1698 2480 1767 ἄηθες
2527 1697 2628 1767 τῆς
2659 1697 2930 1766 τιμωρίας
2955 1694 3235 1765 καταϐάλῃ
3269 1695 3330 1747 τὸ
3361 1695 3628 1765 φρόνημα
3670 1695 3751 1747 τοῦ
3834 1704 3835 1731 ξ

2186 1780 2481 1852 μάρτυρος.
2534 1779 2608 1832 Τὸ
2652 1782 2751 1853 μὲν
2785 1778 2893 1849 γὰρ
2937 1777 3204 1831 ἀκουσθέν
3255 1779 3349 1830 καὶ
3397 1778 3618 1847 νοηθὲν,
3662 1778 3753 1831 κᾶν
3834 1822 3835 1853 ἦ

2180 1869 2453 1940 ἀφόρητον
2487 1862 2547 1940 ᾖ,
2579 1868 2646 1936 τῇ
2679 1865 2974 1936 προσδοκίᾳ
3014 1864 3305 1936 μελετηθέν
3346 1865 3755 1936 εὐκαταφρόνη-

2179 1973 2271 2010 τον
2295 1955 2524 2023 γίνεται·
2549 1952 2611 2005 τὸ
2630 1952 2689 2004 δέ
2714 1951 3070 2022 ἀμελέτητον,
3098 1952 3200 2005 κᾶν
3227 1951 3428 2022 κοῦφον
3456 1947 3516 2027 ᾖ,
3541 1954 3756 2010 πάντων

2181 2047 2327 2098 ἐστὶν
2360 2043 2779 2114 ἀφορητότερον.
2826 2042 3008 2094 Ἔστω
3054 2042 3233 2094 τοίνυν
3273 2041 3460 2105 καινός
3512 2044 3543 2095 6
3592 2040 3754 2110 ἀγὼν,
3834 2032 3835 2041 “

2181 2131 2320 2185 ἔστω
2343 2130 2488 2195 ξένον
2521 2129 2581 2182 τὸ
2603 2130 2916 2200 μηχάνημα,
2938 2129 3027 2181 ἴνα
3044 2127 3106 2181 τὸ
3129 2129 3313 2181 καινὸν
3339 2129 3433 2182 καὶ
3459 2129 3758 2200 παράδοξον

2181 2216 2484 2293 θορυϐῆσαν
2527 2217 2619 2270 τὸν
2656 2215 2891 2286 ἀθλητὴν
2935 2214 3265 2284 ὑποσκελίσῃ
3298 2214 3515 2286 ῥαδίως.
3566 2216 3637 2268 Τί
3673 2211 3758 2268 οὖν
3834 2246 3835 2287 γ

2182 2307 2359 2369 ποιεῖς
2403 2304 2619 2371 Ἐξάγει
2650 2303 2742 2356 τὸν
2777 2301 2928 2370 ἅγιον
2958 2301 3066 2355 ἀπὸ
3089 2300 3183 2354 τοῦ
3211 2300 3594 2371 δεσμωτηρίου
3621 2302 3758 2357 δεδε-
3834 2296 3835 2327 έ

2184 2392 2363 2460 μένον.
2399 2392 2507 2444 Καὶ
2552 2390 2661 2460 γὰρ
2690 2390 2783 2442 καὶ
2835 2388 2993 2442 τοῦτο
3036 2389 3135 2458 τῆς
3181 2388 3385 2441 ἐκείνου
3421 2389 3758 2458 κακουργίας
3834 2416 3835 2467 3

2178 2474 2266 2547 ἦν’
2288 2478 2349 2530 τὸ
2385 2478 2457 2548 μὴ
2490 2478 2689 2541 εὐθέως
2725 2478 2790 2530 ὲκ
2817 2477 3119 2548 προοιμίων
3141 2474 3352 2546 χαλεπὰ
3382 2480 3757 2546 προσαγαγεῖν
3834 2478 3835 2501 ξ

2180 2567 2249 2621 τὰ
2295 2569 2681 2638 μηχανήματα,
2708 2566 2845 2638 μηδέ
2863 2562 2967 2630 τὰς
2990 2567 3224 2638 φρικτάς
3254 2567 3562 2634 ἐπαγαγεῖν
3585 2585 3756 2635 τιμω-

2182 2656 2323 2727 ρίας,
2352 2656 2467 2709 ἀλλ’
2487 2656 2594 2710 ἀπὸ
2622 2657 2729 2708 τῶν
2757 2656 3052 2710 ἐλαττόνων
3095 2654 3569 2727 ἀκροϐολίζεσθαι·
3596 2656 3653 2708 τί
3671 2656 3760 2723 δή·
3834 2664 3835 2709 ὶ

2181 2760 2343 2809 ποτε;
2375 2744 2492 2798 Ἵνα
2539 2744 2605 2798 ἂν
2654 2745 2750 2814 μὲν
2784 2742 3092 2814 ἡττηθῶσιν
3145 2745 3196 2794 οἱ
3233 2742 3659 2813 ἀγωνιζόμενοι,
3683 2746 3760 2797 αί-

2182 2832 2321 2903 σχρά
2358 2832 2534 2885 αὐτῶν
2567 2834 2599 2902 ἡ
2623 2827 2762 2905 ἧττα
2784 2830 3027 2901 γένηται,
3056 2831 3136 2884 ὅτι
3158 2830 3295 2902 μηδέ
3317 2831 3455 2902 πρὸς
3486 2831 3557 2884 τὰ
3588 2834 3758 2905 μικρά

2178 2921 2532 2993 ἀντέστησαν*
2563 2919 2630 2974 ἂν
2669 2920 2726 2973 δέ
2769 2919 3163 2990 περιγένωνται
3206 2919 3293 2972 καὶ
3335 2921 3673 2991 νικήσωσιν,
3710 2926 3760 2975 ἐν

2181 3012 2293 3072 τοῖς
2318 3008 2563 3061 ἐλάττοσι
2590 3006 3132 3076 προκαταϐληθείσης
3152 3006 3335 3071 αὐτοῖς
3360 3008 3459 3078 τῆς
3476 3007 3759 3080 δυνάμεως

2184 3096 2497 3166 εὐχείρωτοι
2552 3095 2814 3164 γένωνται
2877 3095 3007 3165 πρὸς
3058 3093 3127 3147 τὰ
3181 3092 3422 3165 μείζονα.
3454 3092 3563 3149 Ἁιά
3605 3097 3762 3151 τοῦτο

2183 3185 2504 3259 προσήγαγε
2529 3183 2595 3237 τὰ
2621 3183 2881 3239 ἐλάττονα
2933 3183 3219 3253 πρότερον,
3246 3183 3334 3236 ἵνα
3368 3182 3473 3236 κᾶν
3504 3183 3628 3258 ἕλη,
3657 3186 3763 3240 κᾶν

2184 3276 2257 3346 μὴ
2291 3274 2410 3346 ἐλῃ,
2449 3275 2524 3344 μὴ
2548 3274 2813 3345 ἀποτύχῃ·
2843 3272 2909 3326 ἂν
2945 3273 3042 3344 μὲν
3067 3273 3175 3344 γὰρ
3193 3273 3318 3335 ἐλω,
3342 3274 3501 3343 φησὶ,
3528 3274 3763 3343 κατεγέ-

2180 3364 2339 3417 λασα·
2369 3363 2434 3417 ἂν
2456 3363 2513 3417 δὲ
2551 3361 2624 3433 μὴ
2646 3362 2781 3425 ἕλω,
2815 3360 3234 3433 ἀσθενεστέρους
3265 3361 3498 3428 ἐποίησα
3528 3361 3671 3433 πρὸς
3698 3362 3761 3415 τὰ

2184 3451 2463 3523 μέλλοντα.
2505 3448 2721 3519 Ἐξάγει
2756 3451 2934 3502 τοίνυν
2981 3448 3143 3501 αὐτὸν
3195 3448 3304 3503 ἀπὸ
3339 3449 3434 3502 τοῦ
3470 3450 3761 3522 δεσμωτη-

2184 3538 2321 3609 ρίου·
2354 3539 2382 3590 ό
2399 3536 2456 3590 δὲ
2489 3535 2635 3608 ἐξῄει
2663 3536 2912 3609 καθάπερ
2938 3535 3177 3606 ἀθλητὴς
3206 3540 3454 3604 γενναῖος
3477 3539 3539 3590 ἐν
3570 3538 3769 3592 παλαί-

2182 3641 2320 3695 στρᾳ
2343 3624 2511 3678 πολὺν
2539 3623 2958 3694 γυμνασάμενος
2976 3623 3185 3692 χρόνον·
3213 3622 3523 3691 παλαίστρα
3547 3625 3662 3693 γὰρ
3691 3623 3768 3693 τῷ

2184 3712 2420 3783 μάρτυρι
2447 3711 2510 3764 τὸ
2540 3711 2911 3781 δεσμωτήριον
2942 3705 3031 3781 ἦν,
3061 3710 3223 3763 κάκεῖ
3254 3710 3374 3763 κατ’
3394 3710 3534 3764 ἰδίαν
3554 3712 3769 3781 τῷΘεῷ

2180 3799 2561 3869 διαλεγόμενος
2586 3801 2717 3869 παρ’
2742 3798 2951 3851 ἐκείνου
2986 3797 3053 3851 τά
3085 3797 3435 3866 παλαίσματα
3457 3797 3771 3867 ἐμάνθανεν

2182 3885 2418 3938 ἅπαντα·
2449 3885 2581 3938 ὅπου
2598 3883 2707 3955 γὰρ
2732 3882 2906 3954 δεσμά
2936 3883 3181 3949 τοιαῦτα,
3217 3885 3331 3936 ἐκεῖ
3350 3885 3445 3937 καὶ
3474 3886 3503 3937 6
3530 3886 3772 3956 Χριστὸς

2183 3973 2472 4042 πάρεστιν.

2265 4059 2439 4130 Ἐξῄει
2461 4057 3001 4128 τοίνυνίσχυρότερος
3024 4058 3314 4128 γενόμενος
3336 4061 3403 4128 τῇ
3443 4061 3771 4131 μακροτέρα
3834 4088 3835 4091 η

2179 4145 2274 4199 τοῦ
2308 4145 2681 4216 δεσμωτηρίου
2735 4144 3005 4215 διατριϐῇ·
3042 4143 3324 4212 ἐξελθόντα
3374 4144 3432 4196 δὲ
3462 4144 3634 4199 αὐτὸν
3689 4148 3771 4207 είς

2184 4234 2345 4304 μέσον
2379 4232 2600 4302 ἀγαγὼν
2616 4234 2644 4284 6
2667 4230 2908 4295 διάϐολος
2933 4231 3021 4284 διὰ
3047 4231 3155 4283 τῶν
3184 4232 3651 4302 ὑπηρετουμένων
3668 4234 3773 4286 αύ-

2178 4319 2272 4373 τοῦ
2305 4323 2371 4391 τῇ
2406 4320 2741 4391 παρανομίᾳ,
2775 4319 2835 4371 οὐ
2880 4318 3177 4389 προσέδησε
3216 4317 3293 4388 τῷ
3326 4318 3489 4389 ξύλῳ,
3510 4321 3578 4372 οὐ
3609 4338 3777 4391 περι-

2182 4410 2378 4480 έστησε
2413 4409 2659 4478 δημίους·
2699 4406 2845 4477 ἐώρα
2874 4407 2983 4477 γὰρ
3008 4407 3169 4460 αὑτὸν
3198 4406 3401 4460 τούτων
3429 4408 3776 4479 ἐπιθυμοῦν-

2180 4513 2269 4560 τα,
2313 4497 2408 4549 καλ⁵
2439 4495 2604 4547 πάλαι
2637 4494 2776 4548 αὐτά
2833 4495 3330 4565 προμελετήσαντα·
3364 4494 3501 4548 ἀλλά
3529 4494 3692 4561 ξένον
3722 4515 3775 4550 τι

2180 4583 2273 4635 καὶ
2301 4580 2507 4645 καινὸν,
2548 4580 2643 4634 καὶ
2675 4580 2940 4650 μηδέποτε
2966 4579 3217 4633 ἐλπισθὲν
3252 4581 3553 4651 μηχάνημα
3592 4598 3778 4653 προσ-

2181 4669 2303 4736 άγει
2344 4666 2423 4738 τῷ
2451 4666 2664 4739 πύργῳ,
2711 4666 2907 4737 ῥᾳδίως
2937 4667 3184 4737 ἐμποιεῖν
3204 4667 3501 4737 δυνάμενον
3531 4668 3637 4738 τὴν
3670 4686 3781 4722 κα-

2179 4755 2475 4812 τάπτωσιν·
2509 4753 2667 4807 τοῦτο
2694 4753 2802 4823 γάρ
2833 4753 2981 4805 ἐστιν
3021 4752 3169 4823 αὑτῷ
3221 4753 3280 4805 τὸ
3328 4754 3780 4825 σπουδαζόμενον

2181 4844 2273 4897 ἐπὶ
2303 4843 2517 4897 πάντων
2534 4841 2912 4905 ὑποσκελίζειν
2930 4841 3127 4913 μᾶλλον
3147 4841 3179 4910 ἢ
3198 4841 3386 4913 ὀδυνᾷν
3410 4843 3539 4906 τοὺς
3550 4844 3776 4912 ἁγίους.

2180 4930 2245 4982 Τί
2273 4931 2452 4983 τοίνυν
2483 4931 2600 4981 ἐστὶ
2626 4929 2687 4981 τὸ
2714 4906 3041 5009 μηχάνημω
3217 4906 3374 4999 χεῖρα
3407 4906 3781 4994 κελεύσαντες

2181 5018 2375 5070 ὑπτίαν
2400 5018 2632 5070 ἐκτεῖναι
2661 5016 2915 5086 ὑπεράνω
2955 5014 3050 5067 τοῦ
3085 5014 3291 5083 βωμοῦ,
3342 5016 3625 5086 ἐπέθηκαν
3676 5019 3780 5072 ἄνα

2180 5104 2388 5175 θρακας
2413 5104 2507 5157 καὶ
2539 5102 2831 5156 λιϐανωτὸν
2857 5105 2924 5171 τῇ
2967 5102 3127 5172 χειρὶ,
3153 5101 3241 5156 ἵνα
3267 5101 3361 5154 ἐὰν
3380 5102 3620 5177 ἀλγήσῃ,
3678 5108 3784 5159 καὶ

2180 5191 2483 5263 περιτρέψῃ
2509 5189 2606 5259 τὴν
2637 5192 2814 5259 χεῖρα,
2842 5187 3033 5240 θυσίαν
3059 5186 3208 5256 αὐτῷ
3237 5189 3329 5240 καὶ
3356 5188 3685 5257 παράϐασιν
3719 5193 3784 5243 τὸ

2181 5281 2414 5349 πρᾶγμα
2438 5278 2780 5345 λογίσωνται.
2808 5271 2959 5337 Εἶδες
2977 5275 3091 5337 πῶς
3109 5274 3409 5344 κακοῦργος
3430 5275 3460 5326 6
3478 5275 3784 5343 διάϐολος,

2191 5367 2328 5419 Ἀλλ’
2354 5367 2455 5437 ὅρα
2484 5362 2602 5426 πῶς
2638 5365 2666 5415 6
2685 5361 3049 5432 δρασσόμενος
3084 5362 3206 5423 τοὺς
3230 5362 3426 5429 σοφοὺς
3449 5362 3507 5413 ἐν
3533 5367 3601 5433 τῇ
3628 5382 3790 5418 παν-

2178 5453 2373 5524 ουργίᾳ
2410 5451 2589 5505 αὐτῶν
2615 5450 2795 5521 ἄκυρα
2812 5448 3063 5519 ἐποίησεν
3084 5448 3249 5499 αὐτοῦ
3270 5448 3337 5499 τὰ
3366 5454 3788 5521 μηχανήματα,

2241 5662 2267 5701 ἃ
2312 5660 2458 5711 Savil.
2504 5669 2557 5711 cl
2589 5675 2713 5710 unus
2747 5660 2870 5721 Reg.
2917 5660 3153 5722 έπέσυρεν.
3195 5658 3277 5707 Sic
3320 5663 3489 5722 autem
3540 5670 3779 5720 pergunt

2180 5728 2326 5833 ξίιίιῖθᾞ
2354 5731 2407 5771 el
2437 5726 2562 5773 alter
2599 5724 2781 5785 Regius
2812 5720 2838 5769 τί
2859 5722 3032 5784 ἑτέροις
3065 5720 3159 5767 τῶν
3202 5720 3441 5782 σωμάτων
3465 5723 3777 5783 ᾐμαγμ-εηιων

2180 5803 2267 5833 una
2318 5801 2425 5833 .κεν.

2248 5815 2425 5842 ΕΙΙΙῙ-ὖῖι
