3860 6286
141 358 243 414 677

139 487 267 538 ergo
299 477 459 538 caput
485 466 728 522 coronari
761 465 995 536 prodest,
1029 465 1152 520 dum
1184 465 1346 534 pedes
1373 465 1726 535 torquentur?

217 560 471 630 Martyres
495 575 594 625 quo
625 569 770 628 pacto
798 558 1050 611 imitandi.
1077 588 1149 597 —
1177 558 1242 612 Et
1266 559 1353 628 qui
1385 558 1496 612 ﬁeri
1528 565 1722 626 potest,

140 653 282 706 dicet
309 652 522 721 aliquis,
557 660 610 705 ut
641 660 900 723 martyres
925 650 1226 704 imitemur?
1249 666 1352 704 non
1384 650 1523 704 enim
1547 664 1727 719 perse-

143 744 415 812 quutionis
439 752 523 798 est
550 753 772 812 tempus.
814 743 1069 813 Equidem
1101 743 1151 797 id
1173 743 1331 797 etiam
1358 743 1469 795 scio
1501 758 1516 794 :
1544 755 1725 810 perse-

142 833 417 900 quutionis
436 833 649 902 quidem
674 842 880 902 tempus
908 841 1131 899 nonest,
1153 841 1206 886 at
1226 831 1464 901 martyrii
1486 839 1568 886 est
1589 838 1728 884 tem-

147 939 245 991 pus
275 941 288 976 :
322 923 580 978 laetarum
610 924 867 994 ejusmodi
899 934 1105 993 tempus
1131 938 1239 977 non
1264 931 1365 987 est,
1409 931 1464 976 at
1501 936 1726 976 corona-

145 1032 261 1069 rum
293 1025 376 1071 est
404 1024 614 1086 tempus
643 1033 656 1068 :
685 1031 789 1068 non
821 1024 1210 1083 persequuntur
1235 1015 1500 1078 homines,
1532 1021 1583 1065 at
1610 1027 1727 1082 per-

144 1115 442 1176 sequuntur
466 1107 736 1161 daemones
779 1124 792 1160 :
835 1122 939 1160 non
969 1115 1124 1160 vexat
1151 1113 1404 1177 tyrannus
1425 1146 1440 1170 ,
1486 1113 1540 1159 at
1568 1112 1730 1158 vcxat

147 1197 393 1251 diabolus
421 1206 764 1268 tyrannorum
787 1197 1020 1251 omnium
1049 1197 1373 1252 saevissimus
1399 1214 1412 1255 :
1444 1212 1548 1250 non
1583 1197 1731 1265 obje-

147 1298 263 1342 etas
299 1304 496 1357 prunas
524 1289 821 1357 conspicis,
852 1297 907 1342 at
934 1288 1236 1357 cupiditatis
1272 1289 1537 1357 conspicis
1573 1287 1728 1340 ﬂam-

148 1395 290 1433 mam
312 1393 592 1434 accensam
625 1396 638 1432 :
668 1379 741 1432 illi
775 1394 973 1448 prunas
1002 1379 1293 1444 calcarunt,
1323 1387 1379 1432 tu
1409 1387 1610 1431 natura:
1637 1393 1731 1448 py-

151 1488 264 1526 ram
287 1473 431 1525 calca
467 1488 478 1521 :
505 1471 580 1524 illi
611 1486 730 1523 cum
761 1469 943 1524 bestiis
969 1477 1285 1539 pugnarunt,
1320 1478 1372 1523 tu
1404 1469 1534 1522 iram
1559 1468 1731 1522 immi-

151 1574 257 1617 tem
290 1573 342 1617 et
365 1562 673 1616 indomitam
705 1561 938 1616 belluam
966 1561 1111 1614 frena
1142 1576 1154 1612 :
1193 1560 1270 1613 illi
1299 1559 1554 1614 adversus
1594 1559 1731 1612 into-

149 1653 399 1706 lerabiles
447 1652 661 1706 dolores
701 1659 994 1715 steterunt,
1038 1661 1093 1704 tu
1142 1650 1399 1705 absurdus
1440 1664 1731 1718 pravasque

149 1743 533 1812 cogitationes,
564 1758 682 1811 quae
713 1742 763 1796 in
802 1741 962 1795 corde
1003 1751 1093 1794 tuo
1132 1741 1408 1810 pullulant,
1431 1741 1583 1794 vincc
1614 1757 1626 1794 :
1659 1743 1730 1794 ita

150 1842 416 1902 martyres
442 1831 739 1886 imitabere.
767 1831 920 1884 Nunc
945 1833 1075 1885 enim
1100 1831 1239 1884 nobis
1268 1847 1368 1884 non
1389 1840 1460 1884 est
1487 1831 1730 1884 collucta-

151 1926 222 1977 tio
247 1924 488 1977 adversus
515 1941 716 1977 carnem
738 1932 781 1977 et
805 1925 1096 1994 sanguinem
1119 1941 1137 1988 ;
1163 1923 1250 1976 sed
1277 1924 1514 1977 adversus
1541 1924 1731 1993 princi-

153 2031 261 2083 pes,
291 2014 528 2068 adversus
576 2024 861 2084 potestates,
891 2015 1129 2069 adversus
1158 2015 1332 2067 mundi
1354 2024 1566 2068 rectores
1594 2023 1731 2068 tene-

154 2107 360 2160 brarum
386 2107 584 2174 harum,
615 2117 790 2161 contra
831 2108 1114 2177 spiritualia
1147 2108 1380 2176 nequitia
1421 2106 1645 2177 (Ephes.
1677 2106 1730 2160 6.

154 2197 269 2267 i2).
304 2197 442 2266 Ignis
467 2207 547 2252 est
575 2198 835 2267 cupiditas
861 2207 1064 2251 naturae
1085 2239 1097 2259 .
1129 2197 1263 2266 ignis
1290 2197 1640 2252 inexstinctus
1672 2212 1734 2251 ac

155 2287 443 2357 perennis,
486 2289 633 2342 canis
659 2298 740 2343 est
766 2289 982 2343 rabidus
1007 2296 1062 2342 et
1100 2288 1352 2342 insanus:
1385 2289 1506 2342 licet
1543 2288 1735 2343 millies

154 2392 276 2432 eum
331 2379 613 2448 propellas,
667 2379 860 2434 tnillics
901 2381 1153 2448 impetum
1183 2379 1322 2444 facit,
1363 2394 1461 2434 nec
1485 2379 1731 2435 absistit:

157 2483 298 2521 θωνα
329 2469 541 2536 quidem
586 2483 871 2536 prunarum
913 2479 994 2524 est
1016 2469 1250 2534 ﬂamma,
1284 2485 1467 2524 verum
1493 2470 1606 2524 htec
1641 2486 1736 2524 ve-

157 2559 459 2612 hementior
479 2569 561 2614 est
581 2559 792 2614 ﬂamma
815 2561 1115 2629 cupiditatis
1142 2578 1154 2613 :
1186 2577 1471 2631 numquam
1501 2562 1739 2617 inducias

158 2653 282 2707 belli
307 2651 463 2722 hujus
488 2652 808 2719 obtinemus,
842 2668 1126 2723 numquam
1159 2669 1348 2724 pugnae
1387 2655 1738 2710 cessationem

157 2744 462 2796 obtinemus
486 2742 611 2796 dum
640 2743 690 2796 in
723 2742 822 2797 hac
842 2743 945 2798 vita
976 2759 1270 2809 versamur,
1303 2744 1394 2797 scd
1427 2755 1740 2813 perpetuum

158 2841 244 2887 est
282 2842 552 2888 certamen
574 2875 589 2899 ,
616 2843 751 2888 utet
778 2834 1050 2903 splendida
1092 2835 1181 2888 ﬁat
1208 2849 1424 2889 corona.
1454 2835 1741 2904 Propterea

161 2923 358 2977 Paulus
385 2939 484 2978 nos
503 2937 714 2993 semper
741 2935 931 2991 armat,
961 2926 1083 2994 quia
1108 2925 1232 2980 belli
1253 2935 1334 2980 est
1365 2935 1589 2995 tempus,
1620 2925 1742 2996 quia

159 3017 348 3087 vigilat
374 3031 586 3086 semper
633 3017 823 3072 hostis.
867 3017 1028 3071 Visne
1071 3018 1362 3087 intelligere
1401 3018 1742 3087 cupiditatem

164 3122 273 3161 non
305 3108 480 3160 minus
505 3123 660 3178 quam
703 3109 876 3177 ignem
906 3109 1099 3162 urere?
1129 3108 1268 3162 Audi
1305 3107 1643 3163 Salomonem
1665 3108 1745 3162 di-

162 3208 398 3266 centem,
423 3198 702 3252 Ambulabit
717 3202 827 3269 quis
854 3215 1004 3270 super
1031 3217 1222 3269 prunas
1246 3201 1394 3271 ignis,
1413 3209 1458 3253 et
1475 3202 1624 3270 pedes
1645 3215 1745 3253 non

162 3288 459 3342 comburat?
495 3289 568 3342 sic
595 3291 682 3359 qui
708 3291 861 3343 intrat
900 3289 968 3342 ad
998 3288 1252 3342 mulierem
1281 3290 1496 3358 proximi
1540 3291 1654 3354 sui,
1700 3299 1747 3344 et

159 3378 253 3446 qui
278 3379 439 3448 tangit
464 3395 610 3445 eam,
659 3395 758 3431 non
787 3379 877 3432 erit
915 3379 1148 3433 innoxius
1192 3378 1382 3446 (Prov.
1415 3379 1468 3433 6.
1494 3379 1584 3434 28.
1616 3379 1743 3450 29).

166 3467 333 3524 Vides
361 3478 416 3523 ut
443 3477 629 3522 natura
660 3470 960 3539 cupiditatis
991 3481 1231 3523 naturam
1272 3470 1406 3539 ignis
1430 3470 1748 3525 aemuletur?

163 3559 319 3614 Sicut
342 3560 483 3614 enim
510 3559 626 3615 ﬁeri
655 3562 856 3630 nequit,
883 3563 1048 3631 utqui
1077 3563 1242 3632 tangit
1270 3563 1466 3632 ignem,
1490 3579 1594 3616 non
1625 3579 1748 3617 ura-

167 3660 298 3702 tur:
335 3649 408 3702 ita
433 3649 788 3704 formosorum
826 3652 1066 3705 vultuum
1092 3663 1340 3720 aspeCtus
1368 3653 1488 3722 igne
1527 3653 1752 3707 celerius

167 3741 372 3795 lascive
409 3741 700 3795 intuentem
726 3741 957 3796 animam
998 3743 1246 3812 corripit;
1275 3752 1328 3798 et
1359 3743 1501 3797 velut
1525 3758 1752 3799 accensu

167 3829 344 3886 facilis
378 3831 618 3900 qumdam
649 3833 928 3897 materies,
961 3831 1032 3885 ita
1057 3848 1280 3902 corpora
1317 3834 1556 3902 speciosa
1595 3835 1754 3888 lasci-

172 3937 368 3976 vorum
391 3923 556 3976 oculis
577 3930 699 3976 sunt
728 3923 953 3993 objecta.
985 3923 1340 3990 Quamobrem
1362 3932 1638 3993 aspectum
1661 3939 1756 3978 cx-

170 4015 428 4068 teriorem
473 4015 773 4084 cupiditatis
820 4016 924 4085 igni
958 4030 1060 4068 non
1101 4023 1312 4084 oportet
1349 4015 1402 4069 in
1447 4016 1755 4070 alimentum

170 4104 394 4172 oﬂ'crre,
417 4105 511 4159 sed
537 4106 682 4159 omni
705 4121 767 4158 ex
789 4114 939 4175 parte
960 4106 1210 4160 cohibere
1235 4106 1403 4169 illum,
1428 4105 1762 4175 cogitationi-

171 4196 278 4250 bus
308 4197 409 4265 piis
437 4197 811 4267 exstinguere,
856 4207 1014 4267 atque
1049 4197 1270 4251 ulterius
1295 4206 1626 4266 grassantem
1667 4199 1760 4252 de-

173 4286 544 4357 ﬂagrationem
571 4288 861 4353 refrenare,
893 4303 992 4343 nec
1022 4289 1184 4342 animi
1215 4290 1379 4343 nostri
1409 4292 1760 4345 constantiam

175 4378 360 4432 sinere
385 4378 737 4447 supplantari.
769 4379 908 4434 Sane
932 4379 1146 4448 quidem
1169 4380 1408 4449 voluptas
1434 4382 1628 4448 omnis,
1656 4397 1762 4452 quo

179 4478 426 4537 tempore
464 4469 888 4536 perturbationes
909 4471 1292 4541 praevaluerint
1312 4512 1326 4536 ,
1353 4472 1491 4526 solet
1527 4474 1763 4528 animum

179 4559 306 4628 igne
352 4558 720 4614 vehementius
747 4559 1097 4629 inﬂammare,
1131 4563 1232 4616 nisi
1262 4563 1380 4632 quis
1407 4561 1614 4618 fortiter
1641 4580 1760 4619 cum

177 4650 464 4704 tolerantia
507 4649 714 4720 fideque
756 4651 1014 4706 adversus
1064 4653 1298 4723 singulas
1343 4657 1767 4723 perturbationes

177 4739 466 4794 decertet:
499 4755 606 4810 quo
641 4752 795 4810 pacto
836 4743 1023 4798 beatus
1059 4754 1219 4814 atque
1244 4759 1536 4816 generosus
1565 4747 1767 4803 athleta

179 4831 385 4885 Christi
420 4831 662 4886 Barlaatn
701 4832 860 4900 fecit,
892 4834 1019 4888 dum
1050 4851 1238 4890 manus
1277 4837 1442 4906 ipsius
1473 4847 1761 4909 torquetur,

179 4925 444 4994 integram
464 4925 514 4978 in
541 4924 758 4981 dextera
782 4942 962 4997 pyram
984 4937 1217 4998 gestans,
1242 4905 1340 4984 nec
1355 4929 1524 4985 dolori
1550 4905 1784 4995 cedens:

179 5014 279 5068 sed
310 5015 380 5068 ita
408 5014 658 5082 affectus,
697 5025 753 5070 ut
782 5018 956 5072 minus
985 5034 1141 5088 quam
1171 5027 1342 5074 statua
1369 5020 1641 5076 doloribus
1665 5022 1767 5076 ob-

182 5106 380 5161 noxius
406 5114 568 5162 esset.
593 5107 703 5162 lino
729 5124 856 5164 vero
882 5109 1093 5165 dolebat
1118 5111 1207 5165 ille
1239 5111 1449 5179 quidem
1471 5153 1485 5177 ,
1509 5127 1572 5165 ac
1605 5114 1771 5182 patie-

181 5202 376 5262 batur;
400 5213 594 5268 corpus
619 5200 759 5254 enim
790 5211 934 5268 erat,
960 5201 1101 5272 quod
1139 5202 1444 5271 subjacebat
1464 5244 1478 5270 ,
1526 5217 1631 5257 non
1664 5203 1773 5258 fer-

183 5306 302 5344 rum
339 5307 350 5342 :
387 5290 479 5345 sed
506 5290 692 5346 dolens
721 5307 783 5346 ac
810 5294 1018 5362 patiens
1042 5293 1474 5363 incorporearum
1514 5295 1770 5349 virtutum

183 5385 238 5434 in
272 5383 484 5436 mortali
506 5397 730 5450 corpore
759 5384 1148 5453 philosophiam
1179 5400 1285 5453 prae
1311 5399 1369 5439 se
1392 5384 1614 5448 ferebat,

257 5473 315 5526 ‘2.
359 5472 721 5528 Narrationem
745 5476 807 5529 de
832 5475 1074 5545 martyrio
1101 5473 1343 5527 Bartaam
1373 5475 1772 5532 orditur.—Ve-

187 5566 588 5620 rumenimvero
615 5567 926 5636 martyrium
954 5567 1068 5636 ejus
1095 5565 1250 5619 altius
1268 5580 1493 5620 exorsus
1521 5569 1768 5634 narrabo,

188 5669 250 5714 ut
279 5658 615 5713 manifestior
645 5659 734 5712 fiat
762 5659 981 5714 historia
1009 5675 1019 5709 :
1059 5668 1109 5712 tu
1138 5672 1264 5711 vero
1294 5656 1548 5711 malitiam
1580 5657 1773 5714 diaboli

183 5752 487 5807 considera.
510 5751 778 5818 Quosdam
821 5751 1033 5821 quidem
1059 5761 1364 5805 sanctorum
1395 5749 1446 5803 in
1474 5752 1772 5824 sartagines

1173 349 1240 406 IN
1279 351 1334 408 S.
1378 347 1805 406 BARLAAMUM
1841 347 2250 405 MARTYREM.

3260 352 3360 409 673

1833 461 2358 532 impulit,’quosdam
2387 470 2565 518 autem
2598 464 2648 518 in
2681 463 2882 519 lebetes
2913 464 3130 520 immisit
3171 467 3290 536 igne
3319 484 3409 520 ve-

1832 553 2134 608 hementius
2169 555 2484 618 bullientes;
2516 563 2570 610 et
2597 555 2785 611 horum
2811 557 3022 626 quidem
3053 559 3214 613 latera
3243 558 3406 613 lania-

1832 645 1928 710 vit,
1959 646 2076 700 illos
2099 655 2273 700 autem
2302 647 2355 699 in
2391 661 2537 702 mare
2561 647 2817 703 demersit
2844 666 2856 701 :
2890 650 3022 705 alios
3059 650 3242 706 bestiis
3264 651 3413 712 obje-

1831 735 1924 800 cit,
1960 735 2093 790 alios
2137 737 2188 790 in
2232 737 2498 792 fornacem
2529 738 2741 808 injecit;
2794 748 2847 793 et
2897 739 3084 794 horum
3123 756 3412 811 compages

1832 828 2192 882 membrorum
2220 828 2453 896 divulsit,
2489 830 2698 885 illorum
2729 831 2902 885 adhuc
2923 833 3214 887 viventium
3246 835 3412 904 pelles

1834 918 2097 974 detraxit:
2125 921 2345 975 aliorum
2372 921 2662 977 eruentatis
2680 925 2989 992 corporibus
3012 940 3208 994 prunas
3229 927 3412 994 subje-

1834 1009 1927 1074 cit,
1957 1008 2096 1063 unde
2117 1010 2360 1064 scintilla:
2389 1011 2736 1080 prosiliebant
2766 1014 2816 1066 in
2847 1015 3047 1081 ulcera,
3074 1015 3187 1069 fera
3216 1018 3403 1084 quavis

1833 1101 2076 1155 acerbius
2108 1101 2326 1155 vulnera
2356 1102 2660 1156 mordentes
2691 1119 2704 1157 :
2737 1104 2854 1156 aliis
2879 1105 2980 1158 alia
3011 1105 3252 1174 graviora
3289 1103 3414 1176 sup—

1835 1191 1993 1259 plicia
2018 1192 2370 1262 excogitabat.
2404 1192 2689 1262 Postquam
2715 1194 2875 1263 igitur
2901 1195 3014 1250 htec
3038 1198 3214 1251 omnia
3237 1197 3411 1251 derisa

1833 1281 1982 1344 vidit,
2011 1290 2064 1336 ct
2087 1297 2180 1336 eos
2199 1284 2283 1351 qui
2308 1283 2446 1352 passi
2466 1282 2578 1337 [nec
2599 1283 2830 1351 fuerant,
2857 1301 2977 1339 cum
3001 1302 3062 1342 ea
3092 1288 3255 1341 multa
3288 1287 3416 1344 faci-

1837 1371 1982 1426 litate
2025 1386 2089 1426 ac
2132 1373 2484 1441 praestantiori
2535 1375 2728 1429 virtute
2775 1388 3152 1445 superassent,
3208 1383 3416 1434 cmteris

1835 1461 1923 1528 qui
1968 1461 2243 1530 sequuturi
2292 1476 2386 1516 eos
2434 1472 2614 1516 essent
2666 1472 2723 1518 et
2767 1464 2820 1518 in
2875 1467 3168 1521 certamina
3225 1469 3414 1523 eadem

1835 1550 2183 1616 descensuri,
2229 1566 2476 1620 magnam
2517 1553 2856 1608 confidentite
2898 1557 3230 1610 occasionem
3275 1566 3415 1611 attu-

1837 1643 1963 1697 lisse
1993 1660 2006 1698 :
2036 1643 2163 1712 quid
2183 1643 2330 1714 agit?
2354 1643 2559 1697 Novum
2588 1645 2892 1699 insidiarum
2919 1662 3087 1716 genus
3130 1648 3416 1717 excogitat,

1833 1741 1896 1786 ut
1935 1733 2278 1804 incogitatum
2305 1744 2360 1789 et
2385 1736 2653 1789 insolitum
2692 1737 3008 1806 supplicium
3035 1739 3245 1808 dejiciat
3274 1757 3420 1794 mar-

1839 1823 1968 1894 tyris
2015 1825 2248 1877 animum
2290 1834 2447 1894 atque
2492 1826 2764 1894 percellat.
2806 1827 2958 1895 Quod
3001 1829 3143 1883 enim
3181 1831 3418 1884 auditum

1837 1926 1918 1970 est
1945 1925 1998 1970 et
2019 1917 2284 1987 cognitum
2307 1959 2320 1982 ,
2354 1919 2476 1972 licet
2506 1919 2840 1975 intolerabile
2868 1922 2971 1988 sit,
3019 1925 3419 1992 ex5pectatione

1839 2008 2149 2063 meditatum
2177 2008 2330 2065 facile
2360 2011 2412 2064 in
2453 2021 2814 2081 contemptum
2843 2014 2986 2069 venit
3018 2033 3031 2069 :
3071 2016 3210 2084 quod
3239 2027 3416 2071 autem

1839 2107 1920 2151 est
1950 2098 2277 2166 inopinatum
2299 2139 2313 2163 ,
2346 2099 2468 2154 licet
2506 2101 2620 2156 leve
2645 2103 2747 2168 sit,
2779 2102 2828 2156 id
2873 2119 2980 2172 prae
3008 2106 3218 2159 etetcris
3243 2107 3420 2160 omni-

1841 2187 1940 2242 bus
1968 2195 2050 2242 est
2089 2188 2498 2244 intolerandum.
2532 2192 2659 2246 Esto
2706 2193 2862 2262 igitur
2889 2209 3080 2250 novum
3109 2207 3380 2270 certamen
3403 2223 3421 2260 -,

1841 2278 2147 2332 inusitatum
2180 2280 2684 2347 machinamentum,
2710 2291 2766 2336 ut
2791 2300 2924 2337 nova
2953 2295 3005 2338 et
3035 2286 3280 2340 inusitata
3310 2287 3425 2356 ejus

1843 2371 2049 2438 species
2079 2371 2439 2437 perturbatum
2472 2372 2624 2428 facile
2659 2374 2911 2428 athletam
2938 2377 3260 2445 supplantat.
3289 2377 3426 2442 Quid

1841 2475 1968 2529 ergo
1997 2461 2156 2515 facit?
2178 2461 2429 2516 Sanctum
2448 2478 2477 2518 e
2495 2479 2707 2519 carcere
2736 2466 2967 2520 vinctum
2999 2467 3192 2522 educit.
3214 2467 3424 2522 Etenim

1846 2551 1949 2606 hoc
1972 2566 2182 2622 quoque
2209 2553 2420 2608 malitite
2449 2554 2588 2610 illius
2617 2555 2744 2622 fuit,
2786 2557 2927 2627 quod
2951 2559 3125 2613 statim
3169 2573 3199 2612 a
3228 2559 3428 2627 princi-

1848 2644 1938 2714 pio
1975 2659 2162 2714 graves
2201 2646 2475 2702 machinas
2517 2663 2620 2702 non
2651 2649 2975 2714 admoverit,
3023 2666 3122 2706 nec
3167 2652 3430 2707 horrenda

1849 2735 2105 2804 supplicia
2137 2737 2404 2802 intulerit,
2433 2738 2526 2793 scd
2551 2754 2578 2792 a
2601 2740 2899 2797 minoribus
2925 2757 3151 2812 pugnam
3183 2744 3428 2810 iniverit;

1849 2825 2102 2896 quidita?
2131 2826 2198 2882 Ut
2225 2828 2272 2882 si
2316 2829 2529 2898 quidem
2558 2831 2630 2898 ii,
2671 2833 2759 2900 qui
2806 2832 3218 2904 depugnabant,
3251 2837 3431 2891 vince-

1846 2924 2050 2981 rentur,
2082 2919 2246 2988 turpis
2278 2918 2429 2975 fieret
2452 2936 2637 2975 eorum
2665 2923 2845 2978 clades
2872 2967 2887 2989 ,
2930 2925 3070 2993 quod
3119 2941 3186 2980 ne
3227 2928 3432 2996 exiguis

1855 3007 2072 3077 quidem
2112 3010 2458 3077 restitissent;
2506 3013 2585 3066 sin
2615 3024 2787 3067 autem
2828 3017 3128 3082 superiores
3154 3027 3334 3072 essent
3373 3034 3435 3072 ac

1854 3096 2164 3165 vincerent,
2216 3116 2336 3154 eum
2369 3102 2421 3155 in
2476 3103 2768 3157 minoribus
2822 3106 2966 3173 prius
2995 3121 3178 3159 eorum
3226 3108 3436 3162 afﬂictae

1855 3189 1995 3243 vires
2031 3198 2238 3257 essent,
2264 3205 2295 3244 a
2339 3192 2628 3260 majoribus
2657 3196 2947 3264 expugnari
2992 3194 3148 3250 facile
3198 3208 3434 3266 possent.

1853 3277 2057 3334 Idcirco
2082 3280 2288 3334 minora
2321 3283 2465 3350 prius
2493 3283 2762 3360 adhibuit,
2792 3294 2847 3338 ut
2876 3285 2988 3340 sive
3026 3288 3435 3356 expugnaverit,

1854 3371 1966 3426 sive
2008 3387 2115 3426 non
2147 3374 2556 3444 expugnaverit,
2590 3390 2677 3429 res
2733 3385 2925 3445 praeter
2963 3385 3142 3430 votum
3185 3393 3289 3432 non
3319 3393 3440 3433 suc-

1855 3461 2010 3516 cedat
2039 3479 2052 3516 :
2085 3462 2206 3517 Sive
2236 3464 2377 3517 enim
2423 3479 2826 3534 expugnavero,
2861 3466 3065 3537 inquit,
3116 3468 3262 3537 ipsos
3301 3469 3440 3524 deri-

1859 3567 2010 3617 scro;
2041 3554 2083 3607 si
2109 3563 2285 3609 autem
2305 3571 2410 3609 non
2440 3571 2832 3626 cxpugnavero,
2859 3557 3182 3614 inﬁrmiores
3205 3560 3272 3614 ad
3303 3561 3442 3615 lutu-

1859 3660 1916 3700 ra
1943 3645 2242 3702 reddidero.
2272 3648 2314 3701 E
2343 3663 2558 3704 carcere
2584 3650 2738 3719 igitur
2763 3651 2934 3719 ipsum
2953 3651 3158 3716 educit;
3191 3652 3279 3706 ille
3314 3667 3443 3707 vero

1863 3747 2126 3808 tamquam
2157 3753 2446 3809 generosus
2489 3740 2684 3795 athleta
2717 3741 2882 3794 multo
2915 3751 3152 3810 tempore
3188 3743 3243 3796 in
3282 3743 3444 3812 palm-

1861 3839 1969 3884 stra
2014 3832 2334 3886 exercitatus
2377 3833 2555 3887 exibat
2583 3849 2596 3886 :
2624 3834 2864 3903 palaestra
2918 3833 3176 3904 siquidem
3225 3839 3447 3907 martyri

1863 3937 2045 3977 carcer
2070 3932 2217 3988 crat;
2247 3923 2424 3992 ibique
2465 3939 2704 3979 seorsum
2736 3940 2855 3979 cum
2886 3925 2998 3980 Deo
3040 3927 3349 3996 colloquens
3378 3929 3447 3982 ab

1865 4015 1959 4069 illo
1999 4026 2186 4070 cuncta
2216 4015 2519 4070 luctationis
2562 4018 2780 4072 artiﬁcia
2831 4018 3065 4073 discebat
3104 4036 3118 4071 :
3170 4018 3260 4073 ubi
3303 4019 3445 4074 enim

1867 4108 1989 4162 talia
2019 4107 2225 4162 vincula
2245 4150 2259 4174 ,
2290 4109 2358 4162 ibi
2389 4116 2443 4162 ct
2479 4108 2722 4164 Christus
2738 4109 2918 4199 adest.

1940 4200 2278 4270 Imponuntur
2304 4201 2478 4253 ntanui
2506 4201 2612 4270 ejus
2641 4216 2818 4271 pruna:
2843 4202 3108 4267 ardentes;
3131 4202 3344 4272 eleganti
3373 4202 3446 4257 si-

1870 4292 2154 4346 militudine
2178 4291 2364 4360 factum
2391 4303 2616 4344 exornat.
2641 4322 2710 4331 —
2738 4291 2916 4362 Itaque
2937 4293 3306 4362 egrediebatur
3332 4295 3451 4350 lon-

1870 4383 2005 4452 giori
2029 4382 2259 4436 carceris
2299 4381 2624 4436 habitatione
2645 4381 2910 4437 robustior
2939 4382 3111 4439 factus
3134 4402 3148 4449 ;
3175 4401 3448 4454 egressum

1871 4482 2049 4528 autem
2081 4473 2227 4526 illum
2258 4488 2377 4527 cum
2418 4473 2469 4526 in
2515 4471 2748 4526 medium
2795 4473 3034 4529 diabolus
3072 4490 3165 4544 per
3193 4491 3318 4540 eos,
3359 4477 3449 4546 qui

1873 4564 2039 4633 ipsius
2069 4563 2393 4633 improbitati
2426 4562 2832 4626 famulabantur,
2867 4563 3203 4627 adduxisset,
3236 4581 3338 4619 non
3385 4568 3450 4620 ad

1875 4655 2156 4723 equuleum
2206 4653 2474 4723 alligavit,
2534 4669 2638 4708 non
2691 4653 3029 4708 carnificibus
3069 4655 3285 4709 cinxit:
3338 4656 3453 4712 Iuno

1875 4745 2014 4797 enim
2043 4758 2166 4797 eum
2192 4758 2511 4814 percupere,
2537 4759 2599 4797 ac
2629 4744 3050 4813 praemeditatum
3083 4761 3202 4800 esse
3224 4747 3452 4818 jampri-

1877 4833 1995 4888 dem
2018 4835 2266 4898 vidcbat;
2298 4834 2390 4888 scd
2421 4835 2652 4889 insolens
2678 4835 2941 4904 quoddam
2987 4852 3050 4890 ac
3079 4853 3270 4892 novum
3295 4881 3307 4905 ,
3358 4856 3456 4895 nec

1877 4941 2126 4995 umquam
2147 4924 2482 4979 formidatum
2514 4925 2996 4983 machinamentum
3025 4929 3276 4985 admovet
3303 4933 3452 4996 turri,

1880 5030 1984 5086 quo
2015 5015 2168 5069 facile
2208 5015 2375 5084 possit
2405 5014 2714 5070 deturbari:
2763 5018 2864 5071 hoc
2892 5019 3033 5073 enim
3065 5029 3174 5084 est,
3217 5020 3357 5088 quod
3402 5021 3456 5074 in

1878 5109 2123 5163 omnibus
2152 5108 2329 5163 studet
2368 5109 2624 5173 maxime,
2656 5121 2709 5164 ut
2737 5113 3038 5180 supplantet
3069 5113 3271 5180 potius,
3301 5129 3457 5182 quam

1881 5208 1936 5253 ut
1961 5199 2145 5254 dolore
2183 5208 2426 5268 torqueat
2456 5210 2689 5255 sanctos.
2720 5201 2995 5268 Quodnam
3024 5202 3181 5270 igitur
3220 5201 3350 5256 illud
3380 5213 3461 5257 est

1881 5290 2401 5346 machinamentum?
2430 5291 2561 5346 Cum
2584 5308 2742 5361 super
2766 5307 2912 5346 aram
2936 5292 3224 5347 extendere
3244 5308 3460 5349 manum

1882 5386 2121 5454 supinam
2145 5384 2432 5454 jussisscnt
2457 5428 2470 5450 ,
2518 5399 2713 5454 prunas
2743 5395 2796 5440 et
2819 5385 2942 5440 thus
2967 5386 3146 5439 manui
3186 5386 3461 5456 imposue-

1884 5485 2042 5542 runt,
2071 5485 2127 5529 ut
2155 5477 2199 5530 si
2244 5474 2422 5531 doleat
2451 5491 2512 5531 ac
2546 5491 2763 5530 manum
2813 5477 3072 5543 invertat,
3122 5477 3342 5546 perinde
3389 5477 3468 5533 illi

1884 5567 2078 5624 factum
2108 5569 2366 5637 imputent
2387 5611 2400 5634 ,
2436 5584 2496 5623 ac
2530 5570 2570 5622 si
2595 5569 3146 5639 saerilicaveritatque
3168 5578 3468 5639 transgres~

1885 5673 1976 5713 sus
2018 5659 2196 5727 lapsus
2225 5659 2399 5713 fuerit.
2435 5659 2595 5713 Vides
2619 5675 2776 5729 quam
2811 5669 3054 5715 versutus
3082 5658 3152 5714 sit
3179 5658 3466 5714 diabolus?

1834 5824 1839 5831 ι
1891 5753 1958 5804 At
1989 5751 2127 5819 vide,
2157 5767 2258 5822 quo
2283 5759 2434 5822 pacto
2470 5751 2541 5817 is,
2577 5752 2663 5819 qui
2693 5749 3088 5821 comprehendit
3121 5749 3464 5836 sapientesjn
