3800 6282
432 349 537 407 6'79

431 465 626 521 astutia
652 477 839 520 eorum
862 459 984 534 (Job
1014 460 1067 517 Β.
1097 460 1187 531 l3)
1206 499 1224 528 ,
1252 458 1399 514 irrita
1430 456 1570 512 illius
1591 453 2013 510 machinamenta

435 555 765 623 reddiderit,
787 564 841 611 et
867 553 1175 608 insidiarum
1197 548 1522 621 diligentiam
1554 547 1890 615 malitircqum
1917 560 2012 597 va-

434 648 629 702 fritiem
656 648 711 700 in
735 645 1026 699 auctarinm
1043 652 1099 697 et
1122 641 1393 697 cumulum
1418 638 1603 710 gloria:
1627 635 1874 706 martyris
1893 648 2009 688 am-

434 736 619 806 plioris
652 737 885 789 verterit.
929 732 1060 787 Nam
1096 747 1215 787 cum
1247 730 1538 785 innumeris
1563 728 1722 783 rebus
1749 725 2013 779 malitiose

434 826 789 896 perpetratis,
837 824 1168 879 adversarius
1200 823 1391 877 deinde
1434 821 1605 875 victus
1657 814 2010 881 abscesserit,

435 929 545 973 tum
573 918 829 971 illustrior
854 916 1031 971 evadit
1072 914 1268 968 athleta
1317 913 1565 984 pietatis:
1605 911 1654 966 id
1682 911 1820 980 quod
1851 911 2011 962 etiam

434 1010 522 1064 hic
548 1008 745 1064 evenit.
774 1007 968 1063 Beatus
1014 1009 1156 1061 enim
1201 1006 1440 1059 Barlaam
1464 1019 1560 1058 nec
1582 1003 1885 1057 inclinatam
1915 1013 2013 1054 nec

433 1101 939 1156 inversammanum
972 1104 1158 1152 tenens
1207 1096 1530 1166 permansit,
1585 1094 1733 1164 quasi
1779 1108 1845 1147 ex
1873 1091 2013 1146 ferro

390 1236 405 1251 .
430 1191 714 1246 conﬂatam
735 1188 958 1244 haberet
981 1207 993 1241 :
1024 1189 1262 1258 quamvis
1284 1188 1327 1241 si
1350 1200 1608 1241 conversa
1640 1186 1774 1240 foret
1800 1197 2009 1248 manus,

434 1298 504 1340 ne
530 1284 608 1338 sic
626 1282 844 1353 quidem
869 1281 1119 1351 martyris
1151 1279 1203 1333 id
1227 1280 1431 1334 crimen
1452 1278 1655 1331 fuisset.

500 1378 555 1432 '5.
589 1376 685 1430 ilic
713 1374 843 1428 mihi
870 1372 1151 1443 diligenter
1177 1371 1407 1425 animum
1434 1384 1619 1424 omnes
1638 1366 1896 1422 advertite
1917 1406 1932 1430 ,
1959 1373 2015 1419 ut

432 1466 772 1535 intclligatis,
800 1463 1009 1519 tametsi
1045 1462 1260 1517 dextera
1294 1460 1477 1514 fuisset
1509 1458 1748 1522 inversa,
1794 1471 1901 1511 non
1932 1464 2011 1508 ta-

435 1570 557 1610 men
598 1555 796 1609 idcirco
820 1555 1021 1609 victum
1049 1567 1170 1607 eum
1199 1548 1611 1606 existimandum
1639 1548 1801 1602 fuisse
1829 1565 1845 1602 :
1889 1546 2013 1615 quid

434 1648 550 1703 ita?
577 1646 713 1715 Quia
742 1646 991 1700 nimirum
1012 1686 1027 1712 ,
1058 1654 1118 1698 ut
1152 1644 1219 1698 de
1265 1643 1401 1707 illis,
1432 1642 1626 1713 quibus
1662 1640 1826 1695 latera
1860 1638 2015 1694 dera-

434 1738 653 1804 duntur,
700 1745 794 1793 aut
843 1738 933 1808 qui
975 1737 1079 1791 alia
1126 1737 1371 1807 quapiam
1421 1735 1629 1789 ratione
1674 1740 2011 1801 torquentur,

429 1831 766 1901 iudicamus,
794 1831 867 1885 ita
902 1831 988 1886 hic
1026 1843 1238 1901 quoque
1269 1827 1526 1898 judicium
1579 1823 1857 1882 ferendum
1909 1833 2011 1878 est.

432 1923 567 1979 Nam
629 1925 674 1979 si
734 1924 950 1994 quidem
1021 1924 1283 1978 cesserint
1335 1935 1400 1976 ae
1465 1918 1853 1985 sacrificarint,
1903 1926 2013 1971 tum

433 2016 487 2070 in
559 2014 972 2071 imbecillitatem
1021 2015 1233 2070 illorum
1281 2013 1439 2083 culpa
1490 2011 1827 2076 transfertur,
1871 2006 2014 2080 quod

434 2121 557 2162 cum
585 2106 796 2162 dolores
836 2105 1056 2159 minime
1085 2104 1308 2172 ferrent,
1353 2102 1736 2168 saerilicarint;
1783 2102 1829 2157 si
1856 2115 2013 2165 vero,

434 2212 557 2251 cum
590 2199 641 2251 in
671 2198 955 2252 tormentis
994 2204 1430 2266 perseverassent
1453 2235 1468 2257 ,
1496 2194 1767 2249 doluerint
1795 2192 1868 2246 illi
1895 2192 2015 2261 qui-

433 2288 556 2341 dem
591 2287 661 2341 ob
688 2303 748 2342 ea
770 2329 785 2354 ,
813 2302 934 2356 qua:
959 2287 1317 2361 patiebantur,
1347 2294 1402 2339 at
1421 2285 1729 2355 religionem
1757 2298 1861 2337 non
1890 2296 2018 2352 pro-

435 2377 698 2442 diderint,
734 2378 935 2432 nullum
966 2377 1041 2431 eis
1071 2391 1100 2430 a
1127 2391 1392 2446 quoquam
1425 2384 1643 2446 propter
1671 2374 1770 2429 hos
1806 2375 2018 2428 dolores

436 2468 638 2523 crimen
682 2468 990 2538 impingitur
1018 2487 1033 2523 :
1065 2468 1191 2538 quin
1223 2468 1397 2537 potius
1425 2465 1653 2536 amplius
1679 2479 1774 2519 eos
1822 2464 2019 2518 idcirco

440 2559 711 2617 efferimus
750 2573 813 2613 ac
838 2559 1144 2624 laudamus,
1189 2559 1330 2629 quod
1376 2557 1649 2612 doloribus
1685 2555 1858 2611 allecti
1886 2555 2021 2610 tole-

435 2649 707 2714 raverint,
750 2665 849 2705 nec
883 2650 1216 2720 abnegarint.
1258 2649 1328 2704 Et
1370 2649 1457 2703 hic
1496 2648 1672 2720 igitur,
1723 2646 2015 2718 siquidem,

435 2759 561 2799 cum
606 2745 687 2799 uri
757 2759 817 2800 se
864 2759 971 2799 non
1025 2743 1215 2811 ferret,
1271 2744 1460 2800 beatus
1520 2744 1760 2799 Barlaam
1814 2743 2020 2800 sacrill-

436 2847 679 2891 calorum
743 2852 802 2894 se
879 2837 1254 2907 promisisset,
1320 2836 1491 2891 victus
1556 2845 1729 2901 esset;
1781 2834 1826 2891 si
1891 2847 2020 2890 vero

438 2946 545 2984 non
572 2931 797 2986 cedente
824 2931 915 2986 illo
943 2944 1131 2986 manus
1160 2931 1367 2986 inversa
1395 2931 1614 2997 fuisset,
1645 2945 1749 2984 non
1773 2929 1884 3000 jam
1916 2928 2020 2983 hoc

438 3025 688 3095 martyris
707 3025 866 3078 animi
897 3024 1097 3079 crimen
1117 3034 1259 3079 esset
1291 3042 1305 3078 :
1336 3039 1444 3078 non
1473 3024 1615 3079 enim
1640 3039 1706 3079 ex
1732 3022 2019 3077 voluntatis

437 3114 742 3169 infirmitate
762 3156 776 3181 ,
823 3114 914 3171 Sed
954 3126 1156 3170 natum:
1182 3130 1470 3170 nervorum
1502 3128 1600 3169 suo
1631 3114 1812 3184 vigore
1849 3113 2018 3168 desti-

437 3214 563 3260 tutae
582 3244 597 3270 ,
621 3205 761 3275 quod
792 3206 940 3260 inviti
958 3206 1118 3261 etiam
1139 3206 1308 3261 sancti
1332 3221 1522 3261 manus
1548 3205 1618 3261 ab
1668 3207 1791 3277 igne
1831 3205 2021 3260 fuisset

439 3298 626 3352 inﬂexa
647 3341 661 3364 ,
694 3298 832 3354 istud
878 3300 1206 3370 contigisset.
1238 3298 1697 3369 Quemadmodum
1737 3299 1885 3353 enim
1920 3298 2016 3366 iis,

438 3391 634 3458 quibus
679 3389 1008 3444 deraduntur
1054 3392 1250 3456 latera,
1302 3405 1411 3445 non
1464 3388 1674 3446 crimini
1723 3390 2016 3456 vertimus,

439 3481 579 3550 quod
608 3496 796 3535 eorum
834 3496 959 3536 caro
986 3481 1281 3537 dissecetur
1314 3500 1327 3536 :
1368 3483 1476 3537 imo
1502 3492 1561 3535 ut
1585 3481 1804 3550 propius
1834 3496 2017 3536 exem-

441 3574 584 3644 plum
615 3574 872 3630 adducam
897 3615 912 3641 ,
940 3575 1076 3631 sicut
1101 3591 1221 3641 eos,
1254 3577 1342 3646 qui
1375 3575 1507 3630 febri
1547 3584 1639 3630 aut
1687 3588 1902 3646 Spasmo
1940 3574 2020 3630 la-

439 3667 667 3733 borant,
702 3680 862 3721 nemo
903 3667 1264 3732 accusaverit,
1308 3666 1449 3737 quod
1480 3665 1585 3721 illis
1611 3681 1799 3721 manus
1839 3667 2021 3721 incur-

438 3768 802 3816 ventur:non
833 3761 974 3816 enim
1017 3761 1068 3817 id
1115 3776 1298 3817 eorum
1322 3763 1541 3832 ignavia:
1584 3762 1736 3832 culpa
1784 3762 1871 3830 fit,
1925 3762 2021 3817 sed

439 3854 579 3925 quod
608 3854 883 3909 humorem
926 3853 1118 3909 ardore
1142 3854 1310 3909 morbi
1350 3855 1887 3925 depasceoteprzeter
1926 3869 2022 3909 na-

439 3955 614 4001 turam
671 3960 928 4019 compago
988 3962 1270 4001 nervorum
1336 3945 1683 4003 contrahatur
1729 3963 1743 4000 :
1804 3946 1876 4000 ita
1922 3960 2021 4002 nec

438 4048 681 4093 sanetum
728 4038 902 4106 hunc,
947 4039 991 4092 si
1032 4052 1288 4094 conversa
1335 4053 1521 4094 manus
1546 4045 1722 4103 esset,
1770 4051 2022 4094 accusare

440 4133 559 4201 quis
587 4130 862 4200 potuisset.
915 4130 970 4186 Si
995 4130 1136 4185 enim
1191 4130 1353 4186 febris
1404 4130 1570 4185 invito
1618 4131 1779 4184 etiam
1821 4137 2023 4200 aegroto

440 4222 678 4277 membra
726 4222 1043 4277 contrahere
1074 4230 1263 4276 natura
1287 4236 1382 4277 sua
1421 4221 1701 4276 consuevit
1727 4235 1791 4276 ac
1825 4220 2024 4275 distor-

438 4329 624 4387 quere,
655 4315 821 4369 multo
871 4314 1038 4384 magis
1083 4313 1183 4368 hoc
1224 4313 1485 4382 imposita:
1519 4312 1755 4383 dextera:
1803 4326 2018 4381 prome,

439 4407 600 4461 etiam
627 4415 859 4477 tnartyre
890 4420 994 4458 non
1023 4403 1529 4476 cedente,pr:cstare
1569 4411 1854 4474 potuerunt
1884 4420 1898 4456 :
1926 4417 2024 4457 ve-

441 4506 738 4553 rumtamen
759 4511 862 4551 non
877 4496 1254 4565 praestiterunt,
1277 4503 1335 4548 ut
1348 4509 1411 4550 ex
1430 4495 1714 4551 abundanti
1732 4509 2026 4565 cognoscas

440 4593 665 4663 gratiam
698 4591 792 4644 Dei
822 4591 1017 4655 fuisse,
1059 4602 1179 4657 quae
1208 4589 1363 4642 simul
1409 4586 1624 4651 aderat,
1671 4598 1726 4643 et
1765 4588 2022 4643 corrobo-

442 4684 594 4736 rabat
633 4681 886 4737 athletam
907 4723 923 4748 ,
951 4695 1013 4736 ac
1044 4690 1246 4734 natura:
1271 4679 1533 4735 defectum
1564 4680 1894 4750 corrigebat:
1924 4694 2025 4735 nec

445 4778 497 4831 in
529 4777 632 4832 hoc
673 4778 783 4847 ipsa
828 4776 1112 4848 quidquam
1144 4790 1238 4830 sua
1278 4774 1583 4829 conditione
1617 4782 1671 4828 et
1717 4772 2025 4829 inﬁrmitate

442 4870 659 4941 dignmn
707 4884 858 4938 passa
887 4878 997 4933 est,
1030 4867 1123 4924 sed
1161 4866 1309 4938 quasi
1351 4882 1415 4921 ex
1465 4864 1748 4919 adamante
1777 4876 2024 4919 concreta

442 4971 620 5025 esset,
676 4975 866 5014 manus
910 4959 1000 5014 illa
1053 4957 1400 5028 permanebat
1451 4959 1689 5012 immota.
1736 4954 1868 5022 Quis
1915 4962 2024 5008 tmn

444 5059 493 5113 id
518 5068 748 5113 cernens
772 5071 877 5111 non
908 5054 1315 5125 obstupuisset?
1342 5053 1460 5125 quis
1487 5068 1591 5107 non
1624 5050 2028 5108 cohorruisset?

442 5150 769 5221 Spectabant
830 5148 1038 5203 ccclitus
1097 5145 1306 5216 angeli,
1373 5143 1874 5215 contemplabantur
1932 5158 2023 5196 ar-

444 5243 689 5316 t-bangeli
721 5260 735 5296 :
764 5240 1076 5313 praeclarum
1107 5248 1222 5294 erat
1249 5238 1609 5308 spectaculum
1634 5278 1650 5304 ,
1680 5237 1820 5309 quod
1845 5245 1899 5292 et
1929 5235 2029 5290 hu-

446 5352 656 5390 manam
697 5334 854 5404 plane
880 5341 1123 5387 naturam
1151 5328 1462 5386 excedebat.
1494 5328 1624 5397 Quis
1651 5329 1795 5384 enim
1844 5328 2026 5384 videre

447 5443 551 5485 non
604 5436 841 5498 optasset
876 5424 1144 5479 hominem
1190 5422 1585 5486 decertantem,
1635 5434 1737 5474 nec
1781 5434 1881 5486 ea,
1912 5434 2030 5490 qua:

447 5532 570 5576 sunt
610 5520 886 5575 hominum
907 5563 922 5584 ,
952 5516 1278 5589 patientem?
1303 5515 1392 5587 qui
1419 5514 1588 5569 altare
1614 5513 1779 5578 idem,
1818 5524 1875 5568 et
1946 5513 2029 5565 vi-

448 5615 629 5675 ctima,
656 5625 707 5668 et
729 5613 979 5668 sacerdos
1005 5610 1171 5665 factus
1197 5607 1378 5665 esset?
1399 5605 1730 5676 Quapmpter
1762 5610 1814 5656 et
1831 5600 2030 5674 dupch

446 5706 625 5761 {mnus
654 5705 1011 5772 ascendebat,
1065 5704 1150 5760 hic
1179 5703 1392 5776 quidem
1434 5698 1602 5755 thuris
1652 5700 1887 5765 incensi,
1944 5697 2033 5755 ille

452 5811 580 5852 vero
608 5797 899 5869 liquefacta:
937 5800 1118 5854 carnis
1152 5816 1163 5852 :
1194 5808 1352 5872 atque
1401 5793 1486 5852 hic
1514 5804 1629 5852 erat
1675 5795 1765 5849 illo
1819 5796 2029 5851 suavior

1143 342 1200 399 s.
1241 341 1516 401 JOANNIS
1545 328 2014 396 cunvsosrom
2046 290 2370 391 inculte.
2411 332 2940 392 CONSTANTINOP.
3611 340 3704 396 ego

2123 447 2335 511 [unum
2361 457 2416 504 et
2442 447 2559 506 hmo
2604 451 2718 521 ipsa
2764 452 3102 523 przestantior
3147 453 3233 509 illa
3279 455 3598 526 fragrantia.
3652 458 3706 512 Ει

2120 539 2392 595 accidebat
2420 540 2563 598 idem
2590 543 2733 612 quod
2762 552 2814 598 et
2845 544 2898 598 in
2925 544 3059 600 rubo
3086 544 3280 619 (Exod.
3300 549 3354 604 3.
3383 548 3532 620 init.)
3564 567 3579 602 :
3605 550 3705 603 sic-

2122 637 2180 683 ut
2204 629 2345 687 enim
2383 631 2548 686 rubus
2590 633 2679 688 ille
2720 634 2969 701 ardebat,
3017 646 3072 690 et
3120 653 3225 692 non
3268 639 3703 700 eomburebatur.

2122 723 2199 778 sic
2242 729 2297 778 et
2320 722 2404 777 hic
2428 724 2648 780 ardebat
2689 726 2901 794 quidem
2947 728 3196 795 dextera,
3228 731 3321 785 sed
3375 732 3565 786 anima
3608 747 3704 785 non

2121 813 2546 870 incendebatur:
2594 819 2977 873 conﬁciebatur
3019 835 3249 891 corpus,
3299 832 3354 877 at
3409 823 3551 879 fides
3610 840 3705 879 non

2121 907 2537 964 consumebatur
2572 925 2740 965 :caro
2786 911 3093 978 fatiscebat,
3146 924 3200 967 at
3237 916 3493 970 alacritas
3553 919 3704 971 animi

2122 1020 2229 1059 non
2262 1005 2557 1062 fatiscebat.
2588 1007 2649 1061 Et
2682 1023 2864 1076 prome
2890 1008 3104 1078 quidem
3131 1024 3254 1063 cum
3293 1012 3472 1064 volam
3523 1026 3706 1067 manus

2123 1097 2486 1166 perforasscnt
2504 1140 2519 1164 ,
2546 1099 2798 1154 deorsum
2828 1101 3115 1166 cadebant,
3149 1112 3203 1156 at
3228 1104 3424 1157 animae
3451 1104 3706 1158 fortitudo

2122 1204 2226 1241 non
2248 1189 2598 1254 concidebat;
2627 1190 2721 1244 sed
2744 1205 2935 1245 manus
2962 1192 3177 1261 quidem
3204 1203 3532 1263 consumpta
3560 1204 3644 1249 est
3665 1205 3707 1250 et

2120 1276 2380 1343 difﬂuxit,
2423 1294 2553 1333 caro
2580 1280 2844 1350 siquidem
2874 1291 3025 1347 erat,
3072 1298 3178 1337 non
3226 1284 3481 1348 adamas;
3544 1288 3705 1341 anima

2122 1385 2249 1424 vero
2270 1384 2456 1425 rursus
2479 1373 2703 1427 alteram
2734 1388 2948 1427 manum
2980 1375 3285 1444 requirebat
3305 1419 3320 1442 .
3354 1386 3417 1431 ut
3457 1386 3523 1432 et.
3550 1379 3607 1432 in
3637 1380 3704 1434 illa

2122 1464 2451 1519 tolerantiam
2479 1465 2777 1522 exhiberet.
2828 1467 2897 1522 Et
2924 1469 3372 1537 quemadmodum
3419 1487 3707 1541 generosus

2122 1556 2274 1610 miles
2298 1556 2351 1610 in
2378 1557 2561 1612 hostes
2608 1557 3013 1628 impressionem
3063 1559 3297 1628 faciens,
3342 1578 3473 1617 cum
3525 1564 3706 1618 adver-

2120 1649 2349 1702 santium
2372 1648 2472 1702 sibi
2505 1649 2817 1721 phalangem
2848 1652 3177 1720 conciderit,
3207 1654 3567 1725 gladiumque
3596 1670 3707 1710 con—

2122 1739 2390 1794 tinuorum
2447 1742 2726 1795 vulnerum
2775 1742 3062 1798 crebritate
3103 1742 3472 1813 confregerit,
3532 1745 3707 1799 deinde

2122 1847 2410 1887 conversus
2470 1833 2695 1889 alterum
2759 1835 3020 1903 requirit,
3075 1835 3218 1905 quod
3285 1851 3417 1890 eum
3482 1836 3707 1890 nondum

2121 1925 2283 1980 credis
2324 1925 2555 1980 hostium
2577 1928 2794 1981 satietas
2819 1927 3025 1997 ceperit
3051 1945 3066 1980 :
3097 1927 3177 1983 sic
3204 1928 3464 1982 nimirum
3501 1937 3563 1984 et
3592 1929 3707 1983 beati

2123 2015 2366 2070 Barlaam
2419 2017 2596 2071 anima
2625 2031 2746 2071 cum
2773 2016 3076 2072 dmmonum
3101 2017 3394 2089 phalanges
3424 2020 3708 2074 conciden-

2123 2105 2193 2160 do
2221 2121 2435 2161 manum
2480 2110 2933 2178 consumpsisset,
2979 2109 3202 2163 alteram
3227 2109 3515 2164 dexteram
3548 2111 3705 2180 requi

2085 2229 2099 2242 -
2123 2197 2277 2252 rebat
2295 2239 2309 2261 ,
2338 2208 2395 2253 ut
2420 2198 2470 2252 in
2490 2198 2575 2252 illa
2598 2214 2809 2269 quoque
2836 2198 2999 2258 animi
3028 2200 3355 2255 alacritatem
3378 2201 3708 2256 ostenderet.

2122 2288 2239 2343 Noli
2272 2289 2414 2344 enim
2443 2289 2571 2343 mihi
2593 2290 2772 2345 dicere
2795 2305 2956 2345 unam
2980 2290 3125 2345 illum
3155 2292 3476 2361 exposuisse
3503 2307 3711 2348 manuni

2125 2388 2324 2434 tantum
2347 2396 2362 2444 ;
2385 2380 2479 2435 sed
2519 2380 2621 2435 hoc
2647 2381 2823 2451 potius
2842 2422 2857 2447 ,
2890 2396 3047 2452 quam
3080 2381 3208 2436 illud
3237 2382 3412 2452 cogita
3433 2423 3447 2447 ,
3477 2383 3578 2451 qui
3611 2398 3713 2436 ma-

2123 2489 2252 2528 num
2280 2473 2529 2540 tradidit,
2558 2488 2679 2528 eum
2713 2482 2873 2543 caput
2895 2474 3055 2528 etiam
3083 2473 3396 2543 exposuisse
3416 2516 3430 2536 ,
3453 2488 3528 2529 ac
3557 2474 3711 2528 latera

2121 2565 2336 2621 dedisse
2356 2607 2371 2631 ,
2419 2576 2473 2621 et
2507 2566 2639 2637 igni,
2666 2566 2852 2622 bestiis
2874 2608 2891 2633 ,
2939 2567 3107 2633 mari,
3146 2567 3454 2637 prmeipitiis
3476 2609 3492 2631 ,
3539 2568 3710 2632 cruci,

2121 2667 2278 2724 rene,
2294 2666 2451 2728 atque
2469 2658 2736 2724 omnibus,
2766 2673 2887 2729 quas
2908 2673 3156 2729 umquam
3172 2656 3333 2713 fando
3353 2668 3486 2712 sunt
3516 2658 3711 2718 audin.

2122 2748 2399 2819 suppliciis
2435 2749 2731 2818 obiecisse,
2784 2758 3084 2819 cunctaque
3114 2763 3427 2819 perpessum
3473 2764 3645 2814 esse,
3680 2748 3714 2804 si

2122 2841 2300 2896 minus
2345 2841 2747 2910 experimento,
2785 2841 2947 2894 animi
2978 2839 3190 2910 quidem
3234 2848 3385 2895 certe
3414 2841 3712 2909 proposito.

2123 2932 2255 2989 Nam
2277 2948 2377 2988 nec
2395 2934 2460 2988 ad
2480 2942 2652 2989 certas
2671 2948 2732 2989 se
2750 2948 2814 2988 ac
2835 2932 3082 2988 definitas
3106 2948 3293 3004 pennas
3314 2932 3560 2989 oi'fcrunt
3579 2949 3710 2989 mar-

2127 3035 2303 3099 tyres,
2335 3026 2428 3082 sed
2460 3025 2526 3080 ad
2576 3026 2778 3081 incerta
2824 3024 3080 3095 supplicia
3124 3040 3185 3081 se
3232 3026 3579 3096 accingunt:
3622 3040 3714 3080 non

2124 3121 2265 3174 enim
2315 3127 2400 3174 est
2430 3119 2483 3173 in
2529 3133 2713 3173 eorum
2758 3124 3021 3188 potestate
3071 3119 3282 3175 animus
3323 3126 3713 3189 tyrannorum,

2122 3224 2299 3278 neque
2348 3209 2633 3263 terminum
2661 3208 2767 3262 illis
2813 3209 3139 3278 modumque
3179 3209 3581 3277 prmscribnnt,
3632 3210 3714 3266 sed

2124 3299 2541 3373 quibuscumque
2569 3299 2725 3355 malis
2764 3312 2857 3353 eos
2883 3294 3097 3353 afficere
3132 3298 3456 3354 inhumanus
3498 3314 3568 3355 ac
3608 3301 3714 3357 hel-

2125 3390 2301 3445 luinus
2351 3405 2537 3445 eorum
2581 3389 2791 3445 animus
2837 3388 3190 3456 desiderarit,
3229 3398 3307 3444 tot
3336 3381 3609 3461 tantaque
3656 3392 3715 3445 illi

2125 3468 2392 3552 prodeunt
2410 3483 2714 3552 perpessuri
2745 3501 2760 3537 :
2790 3483 2889 3538 nisi
2919 3482 3053 3537 forte
3083 3483 3292 3537 interim
3315 3482 3584 3539 fatiscens
3613 3501 3717 3540 cor-

2124 3588 2223 3642 pus
2289 3574 2608 3644 inexpletam
2659 3574 2711 3628 in
2758 3572 2934 3628 medio
2982 3582 3326 3645 tyrannorum
3367 3575 3715 3644 cupiditatem

2127 3663 2419 3733 reliquerit.
2449 3662 2756 3719 Tabeﬁcbat
2784 3679 2910 3734 ergo
2932 3677 3093 3731 caro,
3115 3672 3169 3716 at
3194 3663 3357 3717 animi
3380 3668 3714 3734 propositum

2126 3754 2356 3808 alacrius
2384 3753 2573 3820 (iebat,
2606 3754 2746 3825 quod
2772 3754 3056 3825 splendore
3078 3755 3340 3810 carbones
3377 3757 3536 3825 ipsos
3566 3773 3717 3827 supe-

2127 3846 2287 3900 rabat
2306 3855 2360 3899 et
2382 3846 2548 3901 multo
2568 3847 2795 3917 amplius
2815 3846 3079 3902 emicabat
3102 3862 3117 3900 :
3141 3846 3436 3915 spiritualis
3455 3849 3717 3918 siquidm

2128 3936 2272 3993 intus
2300 3938 2436 4009 ignis
2484 3954 2741 3994 accensus
2771 3949 2889 3995 erat
2915 3941 3084 3994 multo
3124 3939 3402 3994 ardentior
3428 3941 3572 4012 igne
3597 3944 3717 4004 isto;

2128 4029 2327 4085 idcirco
2377 4030 2649 4086 ﬂammam
2690 4041 2965 4086 externam
3007 4030 3096 4085 ille
3147 4031 3371 4085 minime
3420 4033 3719 4093 sentiebat,

2128 4123 2268 4193 quod
2307 4123 2540 4179 fervidus
2562 4124 2709 4178 illum
2737 4131 2793 4179 et
2831 4123 3027 4178 ardens
3060 4121 3259 4178 Christi
3295 4123 3557 4180 caritatis
3598 4125 3723 4196 ignis

2128 4213 2272 4269 intus
2297 4213 2671 4269 inﬂammaret.

2200 4307 2255 4362 4.
2288 4305 2506 4361 Horatia
2525 4306 2827 4360 exhortatio.
2854 4336 2924 4347 —
2947 4304 3075 4361 Haac
3096 4320 3163 4361 ne
3187 4303 3478 4360 audiamus
3503 4314 3720 4369 tantum,

2130 4395 2495 4463 dilectissimi,
2527 4397 2619 4451 sed
2644 4407 2699 4452 et
2727 4397 2995 4452 imitemur
3023 4416 3036 4452 :
3063 4396 3205 4466 quod
3230 4396 3376 4451 enim
3404 4412 3437 4451 a
3464 4398 3722 4467 principio

2130 4486 2370 4543 dicebam
2394 4529 2410 4556 ,
2435 4502 2576 4543 nunc
2594 4490 2751 4544 etiam
2768 4488 2927 4544 dico:
2957 4504 3025 4544 ne
3050 4488 3151 4544 hac
3180 4496 3384 4543 tantum
3414 4489 3562 4545 hora
3584 4532 3601 4556 ,
3631 4504 3723 4557 qua

2133 4581 2222 4638 hic
2262 4597 2578 4648 versamur,
2624 4583 2922 4638 celebretur
2973 4590 3175 4653 martyr
3201 4622 3217 4647 ,
3273 4580 3369 4636 sed
3409 4594 3472 4637 et
3513 4584 3722 4638 domum

2132 4675 2317 4731 abiens
2336 4674 2697 4744 unusquisque
2716 4682 2956 4729 sanctum
2982 4673 3243 4739 deducat,
3268 4682 3323 4727 et
3345 4672 3398 4726 in
3424 4673 3590 4728 aedes
3614 4686 3724 4729 snas
3772 4666 3773 4717 ξ

2133 4768 2218 4822 vel
2245 4768 2296 4822 in
2321 4781 2415 4821 cor
2452 4781 2603 4821 suum
2634 4766 2810 4836 potius
2852 4780 2948 4835 per
2973 4781 3156 4820 eorum
3180 4805 3196 4830 ,
3220 4780 3343 4833 qua:
3368 4764 3525 4820 dicta
3573 4774 3693 4819 sunt
3710 4804 3723 4823 .

2134 4860 2555 4915 recordationem
2586 4858 2902 4914 introducat.
2929 4857 3154 4927 Suscipe
3183 4858 3353 4922 illum,
3384 4866 3445 4911 ut
3489 4869 3623 4914 ante
3655 4858 3716 4910 di-

2135 4960 2279 5007 ctum
2307 4960 2409 5017 est,
2433 4960 2486 5005 et
2517 4952 2567 5004 in
2598 4951 2760 5005 corde
2779 4950 2925 5005 illum
2954 4959 3043 5005 tuo
3063 4959 3367 5019 protensam
3386 4963 3620 5004 manum
3645 4950 3727 5001 ha-

2137 5046 2346 5100 bentem
2376 5046 2507 5100 siste
2533 5061 2548 5098 :
2577 5045 2788 5115 suscipe
2814 5044 3067 5099 victorem
3104 5052 3416 5103 coronatum
3442 5084 3460 5107 ,
3496 5059 3602 5098 nec
3628 5057 3729 5094 um-

2136 5151 2293 5205 quam
2320 5151 2385 5190 cx
2412 5143 2591 5190 mente
2618 5144 2707 5188 tua
2729 5135 2880 5192 exire
2905 5135 3176 5205 permitte.
3201 5132 3407 5186 idcirco
3440 5148 3549 5187 vos
3578 5133 3730 5187 etiam

2137 5229 2203 5282 ad
2230 5226 2374 5298 ipsos
2400 5235 2705 5282 sanctorum
2729 5233 3021 5296 martyrum
3050 5224 3252 5280 loculos
3276 5223 3616 5279 adduximus
3634 5265 3651 5283 .
3686 5230 3735 5273 ut
3772 5248 3773 5311 ι

2140 5321 2254 5391 ipse
2276 5335 2368 5375 vos
2388 5328 2704 5390 conspectus
2739 5318 2805 5373 ad
2833 5319 3081 5373 virtutem
3099 5316 3507 5388 quodammodo
3532 5316 3735 5373 incitel.

2140 5426 2195 5472 et
2218 5415 2282 5470 ad
2307 5414 2551 5473 eumdem
2584 5431 2678 5471 vos
2694 5415 2865 5469 zelum
2883 5409 3189 5480 accingatis.
3208 5407 3342 5462 Nam
3365 5407 3599 5462 militem
3626 5404 3736 5474 qui-
3772 5428 3773 5489 1

2140 5512 2260 5568 dem
2292 5511 2714 5583 praestantissimi
2738 5508 3033 5581 cuiuspiam
3049 5503 3325 5561 bellatoris
3352 5504 3563 5557 excitat
3577 5500 3737 5554 etiam
3772 5494 3773 5501 “

2142 5607 2312 5671 fama;
2339 5606 2505 5661 multo
2527 5614 2702 5659 autem
2728 5599 3095 5658 vehementius
3114 5597 3343 5652 intuitus
3365 5604 3420 5649 et
3446 5603 3701 5664 aSpeetus
3716 5629 3731 5644 .

2141 5714 2203 5755 ac
2227 5699 2518 5770 praesertim
2545 5696 2588 5750 si
2618 5697 2788 5767 ipsum
2816 5689 3087 5748 fortissimi
3134 5686 3417 5745 bellatoris
3446 5688 3731 5741 tentorium

2149 5798 2437 5868 ingressus,
2463 5787 2923 5862 sanguinolentum
2946 5796 3130 5841 ensem
3152 5778 3345 5837 viderit
3360 5820 3378 5850 ,
3397 5788 3558 5850 caput
3573 5781 3729 5833 hostis
