3860 6286
263 378 331 428 79
1283 372 1350 427 IN
1391 373 1428 428 S
1489 366 1920 426 BARLAAMUM
1960 367 2368 428 MARTYREM.

220 491 319 546 καὶ
362 490 424 542 τδ
463 492 563 561 τῆς
600 491 891 562 ἐπιϐουλῆς
919 491 1301 563 ἐπιτεταμένον
1328 492 1417 544 καὶ
1437 490 1509 543 οτδ
1535 489 1634 559 τῆς
1664 502 1803 541 κακ-

216 573 449 646 ουργίας
492 574 735 629 ποικίλον
794 575 1107 647 προσθήκην
1137 575 1231 628 καὶ
1263 571 1596 643 πλεονασμὸν
1623 570 1802 623 πλείο-

216 673 311 719 νος
341 653 500 725 δόξης
548 656 926 727 παρεσκεύασε
970 658 1218 727 γενέσθαι
1239 657 1317 727 τῷ
1343 657 1598 727 μάρτυρι.
1633 655 1800 707 ’Ὅταν

218 738 333 807 γὰρ
350 738 516 808 μυρία
531 741 914 810 κακουργήσας
927 743 955 792 6
976 740 1396 811 ἀνταγωνιστὴς,
1412 735 1533 792 εἶτα
1549 735 1801 809 ἡττηθεὶς

214 820 453 892 ἀπέλθῃ,
495 821 614 874 τότε
672 822 1048 895 λαμπρότερος
1076 824 1279 892 γίνεται
1328 823 1426 892 τῆς
1469 820 1800 883 εύσεῦείαςό

217 903 482 973 ἀθλητής·
513 904 649 973 ὅπερ
669 905 761 963 καὶ
785 906 1021 961 ἐνταῦθα
1050 905 1378 959 ωνέὗαινεν.
1410 904 1610 973 Ἔμενε
1642 900 1751 972 γὰρ
1772 902 1801 957 ὁ

219 987 495 1059 μακάριος
545 986 808 1059 Βαρλαάμ
837 988 1027 1060 ἀκλινῆ
1073 991 1167 1042 καί
1197 988 1594 1059 ἀπερίτρεπτον
1619 983 1798 1055 τηρῶν

212 1072 320 1139 τὴν
345 1072 520 1143 χεῖρα,
551 1070 804 1143 καθάπερ
833 1072 945 1127 ἀπὸ
986 1071 1201 1142 σιδήρου
1242 1069 1604 1140 συγκειμένην
1636 1067 1794 1138 ἔχων·

217 1151 400 1207 καίτοι
428 1153 477 1204 εί
508 1150 657 1224 [684]
688 1155 1015 1229 παρετράπη
1046 1156 1079 1225 ἡ
1108 1156 1249 1226 χεὶρ,
1277 1154 1387 1208 οὐδ’
1410 1152 1581 1217 οὕτως
1608 1147 1675 1222 ἦν
1703 1150 1797 1220 ἐγ-

215 1235 325 1304 κλη
333 1251 408 1303 μα
438 1235 532 1289 τοῦ
567 1236 860 1309 μάρτυρος.

289 1318 361 1385 γ’.
396 1317 660 1375 Ἐνταῦθά
683 1337 772 1388 μοι
799 1320 938 1391 μετά
955 1321 1237 1394 ἀκριϐείας
1259 1320 1552 1393 προσέχετε
1576 1318 1794 1385 πάντες,

220 1398 311 1452 ἵνα
345 1398 572 1469 μάθητε,
608 1401 691 1454 ὅτι
729 1404 778 1456 εἰ
807 1404 900 1457 καὶ
936 1404 1277 1475 περιετράπη
1324 1402 1552 1474 ήδεξιά,
1586 1404 1686 1455 οὐκ
1728 1397 1794 1471 ἦν

216 1477 358 1553 ἧττα
389 1483 450 1535 τὸ
484 1483 789 1555 γενόμενον·
813 1486 866 1538 τί
885 1485 1253 1556 δήποτεςὍτι
1286 1487 1537 1556 καθάπερ
1565 1486 1658 1539 ἐπὶ
1687 1484 1795 1538 τῶν

220 1566 321 1629 τὰς
347 1565 584 1636 πλευρὰς
632 1568 1105 1639 καταξαινομένων
1132 1567 1164 1638 ἢ
1201 1570 1294 1622 καὶ
1323 1569 1521 1638 ἐτέρως
1548 1585 1664 1629 πως
1700 1567 1796 1637 βα-

220 1648 587 1718 σανιζομένων
629 1650 906 1721 κρίνομεν,
950 1651 1094 1706 οὕτω
1140 1652 1235 1705 καὶ
1281 1651 1516 1705 ἐνταῦθα
1554 1651 1794 1716 δικάζειν

221 1733 346 1801 χρή.
375 1728 471 1785 Ἂν
493 1731 590 1802 μὲν
622 1733 728 1804 γὰρ
750 1733 939 1787 ἐνδῶσι
962 1734 1054 1787 καὶ
1082 1734 1307 1797 θύσωσι,
1336 1735 1397 1788 τὸ
1418 1733 1668 1805 ἔγκλημα
1695 1734 1794 1804 τῆς

220 1813 502 1877 ἀσθενείας
529 1814 707 1867 αὐτῶν
734 1814 961 1884 γίνεται,
990 1817 1069 1870 ὅτι
1086 1816 1184 1880 τάς
1217 1816 1406 1880 ὀδύνας
1432 1817 1531 1870 οὐκ
1554 1817 1798 1885 ἐνεγκόν-

218 1913 309 1959 τες
335 1896 554 1951 ἔθυσαν·
575 1896 642 1950 ἂν
668 1897 726 1951 δέ
753 1900 1252 1970 ἐγκαρτερήσαντες
1273 1902 1394 1962 ταῖς
1434 1899 1685 1969 βασάνοις
1708 1899 1796 1952 ἀλ-

220 1979 432 2049 γήσωσι
465 1980 564 2049 μὲν
586 1980 670 2049 ἐφ’
704 1975 785 2044 οἷς
808 1983 1077 2051 πάσχωσι,
1121 1984 1196 2053 μὴ
1225 1981 1465 2053 προδῶσι
1497 1981 1553 2033 δὲ
1577 1981 1677 2053 τὴν
1699 1982 1792 2033 εὐ-

218 2060 457 2124 σέϐειαν,
486 2061 659 2125 οὐδεὶς
682 2063 878 2127 αὐτοὺς
903 2065 1040 2133 ὑπὲρ
1065 2064 1173 2118 τῶν
1206 2064 1513 2135 ἀλγηδόνων
1554 2065 1791 2117 αἰτιᾶται

219 2142 442 2204 τούτων,
458 2143 596 2199 ἀλλά
617 2145 706 2201 διὰ
732 2143 888 2199 τοῦτο
907 2147 1166 2217 μειζόνως
1181 2148 1376 2211 αὐτοὺς
1395 2147 1788 2218 ἀποδεχόμεθα,

216 2226 316 2279 καὶ
337 2225 708 2298 θαυμάζομεν,
747 2228 830 2281 ὅτι
856 2228 951 2281 καὶ
976 2228 1325 2300 ὀδυνηθέντες
1343 2229 1662 2300 ὑπέμειναν,
1699 2231 1793 2284 καὶ

211 2309 318 2361 οὐκ
345 2310 667 2379 ἠρνήσαντο.
698 2310 808 2364 Καὶ
829 2310 1061 2365 ἐνταῦθα
1083 2312 1280 2377 τοίνυν,
1311 2314 1360 2364 εί
1383 2311 1483 2381 μὲν
1504 2313 1604 2366 οὐκ
1634 2317 1788 2381 ἐνεγ-

215 2389 332 2443 κὼν
354 2393 384 2444 6
401 2391 667 2461 μακάριος
697 2393 961 2464 Βαρλαάμ
982 2394 1042 2447 τὸ
1067 2394 1313 2448 καίεσθαι
1334 2394 1599 2464 ὑπέσχετο
1620 2395 1787 2461 θύειν,

118 2536 135 2541 μ
214 2472 447 2545 ἡττήθη·
483 2476 533 2526 εἰ
581 2473 639 2527 δέ
694 2475 860 2529 αὐτοῦ
910 2476 984 2546 μὴ
1023 2476 1312 2541 ἐνδιδόντος
1366 2477 1706 2548 περιετράπη
1754 2480 1787 2549 ἡ

216 2560 359 2627 χεὶρ,
386 2556 485 2609 ούκ
522 2557 667 2611 ἔστιν
696 2557 947 2630 ἔγκλημα
970 2558 1129 2612 τοῦτο
1145 2559 1241 2631 τῆς
1260 2558 1483 2630 γνώμης
1507 2558 1598 2614 τοῦ
1647 2561 1789 2631 μάρ-

216 2651 400 2709 τυρος·
447 2640 508 2692 οὐ
541 2641 649 2710 γάρ
703 2641 799 2712 τῆς
836 2643 1209 2713 προαιρέσεως
1255 2641 1604 2713 ἀσθενούσης,
1655 2644 1790 2698 ἀλλὰ

216 2722 316 2792 τῆς
349 2721 459 2775 τῶν
514 2722 718 2795 νεύρων
756 2723 968 2792 φύσεως
1007 2724 1147 2779 κατά
1185 2725 1277 2780 τὸν
1304 2725 1432 2779 ἴδιον
1474 2727 1645 2791 τόνον,
1696 2733 1789 2784 καὶ

212 2802 442 2868 ἄκοντος
464 2804 563 2875 τῆς
605 2806 784 2877 χειρὸς
809 2806 902 2860 τοῦ
927 2808 1083 2875 ἁγίου
1113 2808 1524 2880 καμπτομένης,
1562 2810 1668 2864 ὑπὸ
1694 2809 1787 2864 τοῦ

216 2886 391 2957 πυρὸς
415 2886 573 2940 τοῦτο
590 2888 925 2943 συνέϐαινεν.
957 2890 1164 2960 ’Ὠσπερ
1196 2890 1304 2963 γὰρ
1327 2895 1439 2956 τοῖς
1476 2904 1501 2932 ο
1535 2892 1788 2962 ξαινομέ-

213 2984 341 3045 νοις
355 2968 454 3031 τὰς
511 2968 752 3041 πλευρὰς
803 2972 904 3024 οὐκ
940 2971 1299 3043 ἐγκαλοῦμεν,
1330 2974 1411 3027 ὅτι
1453 2972 1787 3045 διασχίζεται

212 3032 398 3104 αὐτῶν
445 3052 478 3119 ή
521 3032 678 3123 σάρξ·
721 3032 921 3124 μᾶλλον
960 3032 1018 3108 δὲ
1062 3055 1147 3109 ἵνα
1174 3032 1465 3129 ἐγγύτερον
1496 3032 1687 3126 ἀγάγω
1728 3059 1789 3115 τὸ

214 3133 589 3205 παράδειγμα·
642 3135 831 3208 ὥσπερ
871 3140 983 3200 τοῖς
1010 3139 1334 3209 πυρέττουσι
1362 3142 1455 3193 καὶ
1484 3142 1789 3210 σπωμένοις

212 3215 391 3278 οὐδεὶς
409 3216 474 3270 ἂν
497 3218 765 3287 μέμφοιτο
795 3221 1195 3290 καμπτομένων
1223 3221 1405 3286 αὐτοῖς
1431 3221 1538 3275 τῶν
1568 3223 1784 3294 χειρῶν·

206 3301 278 3353 οὐ
313 3298 421 3372 γὰρ
448 3301 546 3371 τῆς
567 3302 791 3355 ἐκείνων
823 3302 1074 3371 βλακείας
1099 3304 1215 3359 ἐστὶ
1242 3304 1303 3357 τὸ
1336 3304 1636 3374 γινόμενον,
1655 3305 1788 3361 ἀλλὰ

211 3382 318 3452 τῆς
351 3383 547 3451 φλογὸς
573 3383 668 3436 τοῦ
716 3386 1020 3455 νοσήματος
1051 3388 1148 3455 τὴν
1181 3384 1358 3439 νοτίδα
1394 3386 1789 3458 ἀναλισκούσης

212 3465 313 3519 καὶ
358 3465 718 3536 συνελκούσης
768 3468 916 3540 ποιρά
956 3467 1116 3535 φύσιν
1162 3467 1346 3523 λοιπὸν
1377 3470 1486 3525 τῶν
1523 3470 1553 3510 ιι
1582 3470 1788 3543 νεύρων

211 3547 316 3616 τὴν
347 3546 688 3604 ἀκολουθίαν·
730 3549 903 3614 οὕτως
939 3550 1058 3603 οὐδὲ
1091 3550 1182 3603 τὸν
1215 3550 1369 3620 ἅγιον
1384 3552 1574 3607 τοῦτον
1598 3554 1664 3609 ἄν
1704 3571 1788 3619 τις

212 3628 502 3699 ἐμέμψατο
551 3630 651 3701 τῆς
697 3633 877 3703 χειρὸς
930 3633 1375 3705 περιτραπείσης.
1436 3637 1500 3689 Εἰ
1535 3635 1645 3704 γὰρ
1681 3653 1787 3689 πυ·-

213 3711 374 3782 ρετὺς
403 3714 495 3765 καὶ
521 3711 744 3778 ἄκοντος
774 3713 867 3766 τοῦ
911 3715 1206 3785 κάμνοντος
1242 3717 1517 3779 συνέλκειν
1541 3720 1610 3774 τὰ
1651 3720 1784 3791 μέλη

213 3795 432 3863 πέφυκε
483 3796 579 3850 καὶ
624 3796 1001 3870 διαστρέφειν,
1048 3799 1226 3870 πολλῷ
1274 3801 1473 3872 μᾶλλον
1517 3802 1787 3874 ἄνθρακες

214 3879 555 3961 ἐπικείμενοι
601 3879 770 3952 δεξιᾷ,
822 3882 916 3935 καὶ
965 3883 1041 3955 μὴ
1096 3884 1334 3950 ἐνδόντος
1366 3887 1461 3941 τοῦ
1512 3890 1786 3961 μάρτυρος

212 3960 377 4015 τοῦτο
406 3962 473 4015 ἂν
497 3963 841 4033 εἰργάσαντο.
883 3965 1019 4019 Ἀλλ’
1034 3968 1185 4038 ὅμως
1214 3970 1315 4023 οὐκ
1338 3971 1682 4041 εἰργάσαντο,
1698 3960 1789 4027 ἵνα

211 4046 285 4099 ἐκ
309 4047 618 4115 περιουσίας
639 4048 837 4120 μάθῃς,
856 4050 938 4104 ὅτι
952 4051 1086 4105 Θεοῦ
1107 4049 1346 4124 χάριςῆν
1362 4055 1396 4124 ἡ
1427 4056 1788 4127 συμπαροῦσα

213 4127 314 4181 καὶ
345 4126 640 4196 ἀλείφουσα
661 4130 751 4183 τὸν
777 4131 1031 4204 ἀθλητὴν,
1065 4136 1159 4188 καὶ
1185 4135 1247 4188 τὸ
1264 4137 1363 4207 τῆς
1395 4137 1608 4204 φύσεως
1624 4126 1784 4191 ἐλάτο

209 4227 374 4280 τωμα
403 4211 777 4284 διορθουμένη·
805 4214 929 4269 οὔτε
958 4217 1095 4287 αὐτὴ
1132 4217 1202 4271 τὰ
1220 4219 1420 4288 ἑαυτῆς
1446 4220 1612 4273 ἔπαθε
1645 4221 1788 4276 κατά

208 4291 394 4376 τοῦτο,
422 4293 536 4347 ἀλλ’
556 4296 631 4361 ὡς
655 4296 749 4362 ἐξα
772 4298 1072 4368 ἀδάμαντος
1091 4303 1368 4371 πεπηγυῖα
1391 4305 1424 4373 ή
1445 4303 1564 4374 χεὶρ
1580 4304 1784 4376 ἐκείνη,

210 4373 390 4440 οὕτως
434 4378 832 4450 ἀπερίτρεπτος
879 4381 1088 4453 ἔμενεν.
1124 4383 1217 4447 Τίς
1248 4383 1370 4437 τότε
1408 4373 1550 4456 ὁρῶν
1584 4388 1685 4441 οὐκ
1720 4373 1787 4443 ἀν

210 4459 494 4543 ἐθαύμασε
515 4479 531 4528 ;
563 4462 647 4527 τίς
673 4464 774 4518 οὐκ
795 4465 862 4519 ἂν
885 4466 1106 4537 ἐφριξε;
1141 4467 1436 4523 Διέκυπτον
1462 4470 1668 4527 ἀνωθεν
1690 4474 1788 4543 ἀγ·-

209 4541 385 4628 γελοι,
408 4542 676 4628 ἐθεώρουν
702 4547 1051 4617 ἀρχάγγελοι·
1075 4552 1327 4622 λαμπρὸν
1358 4548 1426 4623 ἦν
1450 4553 1512 4608 τὸ
1541 4541 1785 4628 θέατρον,

208 4624 313 4713 καὶ
335 4626 660 4713 ιζπερϐαίνον
678 4628 844 4695 ὅντως
874 4632 971 4703 τὴν
997 4632 1338 4706 ἀνθρωπίνην
1366 4637 1546 4705 φύσιν.
1569 4639 1665 4706 Τίς
1675 4624 1789 4713 γὰρ

209 4707 319 4791 οῦκ
350 4706 416 4791 ἀν
438 4709 785 4783 ἐπεθύμησεν
802 4712 929 4768 ίδείν
948 4715 1234 4785 ἄνθρωπον
1258 4720 1676 4791 ἀγωνιζόμενον,
1692 4706 1789 4778 καὶ

208 4789 277 4844 ού
296 4790 573 4880 πάσχοντα
599 4795 668 4880 τὰ
693 4795 802 4849 τῶν
828 4796 1164 4865 ἀνθρώπων;
1193 4801 1284 4855 τὸν
1306 4804 1470 4857 αὐτὸν
1494 4789 1788 4880 θυσιαστή-

210 4888 357 4946 ριον,
380 4875 475 4957 καὶ
494 4877 708 4945 ίερεϊον,
730 4880 825 4932 καὶ
848 4881 996 4951 ἱερέα
1015 4884 1326 4957 γινόμενονς
1346 4888 1438 4940 Διὸ
1458 4890 1550 4942 καὶ
1569 4875 1791 4951 διπλοῦς

206 4955 470 5041 ὀᾼκαπνὸς
488 4957 663 5041 ἀνῄει,
677 4962 705 5013 6
722 4962 824 5029 μὲν
842 4962 938 5016 τοῦ
959 4955 1257 5023 λιϐανωτοῦ
1277 4969 1581 5041 ἁπτομένου
1596 4970 1645 5038 εἴ,
1686 4977 1715 5028 ὁ
1731 4973 1783 5028 δὲ

204 5039 312 5107 τῆς
343 5040 545 5110 σαρκὸς
572 5042 881 5115 τηκομένης
904 5060 918 5073 ·
950 5047 1044 5100 καὶ
1081 5044 1149 5119 ἦν
1172 5052 1201 5103 ὁ
1227 5039 1431 5115 καπνὸς
1454 5047 1610 5116 οὗτος
1640 5057 1787 5111 ἐκείσ-

205 5138 307 5173 νου
351 5123 784 5197 προσηνέστερος
805 5137 850 5193 ε,
879 5127 1018 5201 αῦτη
1041 5131 1098 5185 δέ
1133 5135 1166 5204 ή
1198 5136 1395 5192 εὐωδία
1426 5139 1640 5213 ἐκείνης
1671 5143 1789 5213 βελ-

276 5264 305 5332 ει
327 5263 427 5332 Am
443 5267 605 5332 ὥσπερ
625 5269 707 5319 οὖν
723 5273 838 5329 τοῖς.

276 5322 306 5399 ξ)
336 5324 472 5399 υῐιιιξ
496 5322 622 5399 Reg:
795 5322 932 5399 φύσιν
948 5337 1085 5386 λυπεῖ
1103 5340 1215 5388 τῶν.
1250 5340 1378 5392 Infra
1397 5344 1524 5399 δεξιᾷ
1548 5349 1660 5399 post
1682 5347 1790 5398 ἐπι-

275 5358 300 5401 :
338 5358 472 5375 unua
496 5358 616 5390 ιιυδ.
642 5358 773 5401 131:9?
795 5358 932 5396 φυσιν
949 5358 1082 5386 Αυπει
1103 5358 1215 5388 των.
1250 5358 1378 5392 mira
1397 5358 1524 5409 οεςιᾳ
1548 5358 1637 5407 ροε

204 5389 584 5459 κειμενοι-ἀθεεὶ
608 5392 659 5459 ip
681 5394 966 5459 qugbusdam
996 5411 1112 5447 mss.

283 5446 301 5476 υ
330 5446 482 5497 Savil.
514 5446 836 5516 διορθουμένη·
859 5458 993 5506 οὐδὲν
1014 5459 1103 5522 γάρ
1120 5476 1165 5507 τι
1184 5462 1279 5509 τῶν
1304 5464 1471 5523 ἑαυτῆς
1503 5469 1628 5516 κατὰ
1647 5467 1791 5518 τοῦτο

207 5506 418 5557 ἐδείκνυ.
456 5509 582 5559 Ἀλλ’
622 5516 687 5559 ὡς
710 5516 772 5559 ἐξ,
803 5516 925 5559 Βρρ,
973 5533 1096 5559 unus
1120 5522 1439 5559 διοηῆηυηέςηι·
1465 5528 1598 5559 "tu"
1618 5529 1707 5559 ..4.
1744 5547 1786 5559 ...

207 5516 418 5585 εξεικκςυ.
456 5516 601 5586 Ἀλλ’.
622 5516 772 5585 ὡςηέε.
801 5516 926 5578 Reg.
973 5516 1096 5569 υόυέ
1120 5516 1444 5586 διορθουμένηῖ
1457 5516 1598 5577 ὀὐδὲν
1618 5529 1709 5593 γάρ
1744 5516 1791 5580 τι

202 5585 309 5638 των
323 5575 467 5638 ἀκτῆς
490 5587 614 5621 κατα
632 5591 792 5638 τουτο·
820 5578 923 5626 ἀλλ’
945 5581 1026 5635 ώς.

276 5625 312 5710 ξ
432 5625 752 5710 Egit-Exigua;
772 5650 800 5686 e
822 5625 1033 5710 Samio'
1053 5642 1314 5710 lggeyatur
1330 5646 1622 5709 ὀπτωμένου.
1650 5650 1786 5701 Enn.

287 5700 313 5731 ο
331 5692 413 5774 δίο
439 5692 612 5747 Morel.
635 5702 689 5748 et
712 5711 838 5749 unus
860 5702 982 5765 Reg.
1006 5692 1147 5755 Aliuus
1170 5692 1301 5769 R’e’g.’
1318 5692 1787 5773 πεξιέσῖέρᾶξξδῖιῖίίίί

196 5762 567 5824 θυμηρεστερος.
1266 5806 1276 5815 .
1341 5774 1347 5779 “
1536 5770 1545 5793 ι

3366 379 3474 436 680

1903 486 2054 540 τίων.
2085 489 2196 543 Καὶ
2226 489 2389 545 ταυτὺ
2417 489 2723 543 συνέϐαινεν
2745 490 2882 560 ὅπερ
2910 489 3001 544 καὶ
3025 489 3119 544 ἐπὶ
3144 491 3241 561 τῆς
3270 492 3430 562 βάτου
3451 511 3469 529 ·

1903 569 2152 645 καθάπερ
2184 573 2293 645 γάρ
2322 576 2504 644 ἐκείνη
2547 576 2580 643 ἠ
2630 574 2789 643 βάτος
2830 574 3064 635 ἐκαίετο,
3106 574 3199 628 καὶ
3240 576 3300 627 οὐ
3334 594 3470 630 κατ-

1901 643 2139 715 εκαίετο,
2170 643 2313 712 οὕτω
2332 658 2425 709 καὶ
2448 643 2684 710 ἐνταῦοα
2706 657 2920 711 ἐκαίετο
2946 658 3044 727 μὲν
3073 659 3109 728 ἡ
3125 657 3294 722 δεξιὰ,
3319 658 3472 732 [685]

1902 736 1964 789 οὐ
1991 737 2356 806 κατεφλέγετο
2388 739 2443 792 δὲ
2468 740 2500 810 ἡ
2528 739 2673 811 ψυχή
2696 755 2709 768 ·
2743 740 3048 793 ἐδαπανᾶτο
3073 740 3133 793 τὸ
3165 742 3343 811 σῶμα,
3378 744 3473 796 καὶ

1900 818 2000 872 οὐκ
2030 819 2292 890 ἀνηλοῦτο
2320 824 2353 891 ή
2388 821 2569 885 πίστις
2588 838 2601 851 ·
2637 823 2981 893 ἀπηγόρευεν
3010 824 3043 893 ἡ
3073 820 3229 894 σὰρξ,
3257 825 3349 877 καὶ
3372 825 3474 877 οὐκ

1901 903 2243 975 ἀπηγόρευεν
2271 906 2303 975 ἡ
2330 904 2609 976 προθυμία
2627 921 2641 934 ·
2673 905 2768 957 καὶ
2786 907 2835 958 οἰ
2872 905 2967 975 μὲν
2996 904 3266 976 ἄνθρακες
3294 906 3356 959 τὸ
3385 908 3475 976 μέ-

1902 1001 1993 1038 σον
2025 985 2124 1054 τῆς
2163 986 2342 1058 χειρὸς
2372 987 2759 1057 διατρήσαντες
2802 986 3089 1053 ἐξέπιπτον
3133 989 3304 1052 κάτω,
3336 991 3368 1060 ἡ
3414 990 3471 1043 δὲ

1899 1068 2118 1138 ἀνδρεία
2163 1071 2261 1140 τῆς
2303 1070 2481 1141 ψυχῆς
2527 1071 2585 1124 ού
2633 1069 2938 1123 διέπιπτεν·
2986 1070 3159 1141 ἀλλ’ἢ
3208 1072 3305 1141 μὲν
3349 1072 3471 1144 χεὶρ

1898 1151 2143 1221 ἀνήλωτο
2166 1154 2261 1207 καὶ
2288 1153 2459 1226 ἐρρύη
2478 1171 2493 1185 ·
2525 1154 2662 1227 σὰρξ
2687 1153 2795 1226 γὰρ
2822 1150 2911 1225 ἦν,
2958 1154 3051 1206 καὶ
3082 1154 3181 1206 οὐκ
3217 1154 3428 1223 ἀδάμας
3453 1173 3466 1187 ’

1898 1234 1931 1302 ή
1961 1234 2016 1286 δὲ
2043 1234 2187 1305 ψυχὴ
2216 1237 2410 1306 ἑτέραν
2438 1238 2692 1311 ἐπεζήτει
2715 1239 2873 1308 χεῖρα
2902 1236 3082 1297 πάλιν,
3114 1235 3255 1289 ὥστε
3290 1235 3385 1289 καὶ
3413 1240 3470 1291 ἐν

1896 1315 2080 1387 ἐκείνῃ
2127 1318 2224 1388 τὴν
2271 1320 2565 1390 καρτερίαν
2612 1319 3002 1386 ἐπιδείξασθαι.
3056 1318 3168 1371 Καὶ
3219 1318 3470 1390 καθάπερ

1898 1398 2236 1469 στρατιώτης
2283 1405 2529 1468 γενναῖος
2575 1403 2656 1465 εἰς
2706 1401 2996 1471 πολεμίους
3047 1400 3326 1461 εἰσελθὼν,
3374 1402 3470 1455 καὶ

1896 1481 2211 1549 κατακόψας
2235 1481 2330 1552 τὴν
2348 1483 2603 1552 φάλαγγα
2628 1483 2736 1537 τῶν
2759 1482 3272 1553 ἀνταγωνιζομένων
3298 1483 3465 1553 αὐτῷ,

1894 1563 2190 1627 διακλάσας
2230 1568 2290 1619 τὸ
2330 1564 2482 1634 ξίφος
2528 1569 2594 1637 τῇ
2646 1566 2944 1636 πυκνότητι
2995 1565 3103 1617 τῶν
3152 1564 3468 1635 ἐπαλλήλων

1897 1644 2141 1716 πληγῶν,
2181 1641 2300 1700 εἶτα
2347 1650 2706 1719 ἐπιστραφεὶς
2757 1648 2942 1719 ἕτερον
2989 1647 3258 1713 ἐπιζητεῖ,
3295 1648 3381 1701 διὰ
3409 1650 3470 1702 τὺ

1898 1727 2122 1797 μηδέπω
2147 1729 2304 1801 κόρον
2333 1730 2610 1801 εἰληφέναι
2643 1734 2742 1802 τῆς
2771 1731 2879 1783 τῶν
2912 1730 3185 1803 πολεμίων
3217 1735 3430 1801 σφαγῆς
3449 1748 3466 1765 ·

1893 1808 2036 1864 οὕτω
2059 1811 2124 1882 δὴ
2144 1814 2235 1865 καὶ
2259 1815 2291 1883 ἡ
2319 1812 2464 1884 ψυχὴ
2487 1813 2580 1865 τοῦ
2609 1814 2880 1884 μακαρίου
2901 1814 3168 1885 Βαρλαάμ
3192 1814 3289 1885 τὴν
3312 1818 3470 1885 χεῖρα

1893 1892 2216 1949 ἀναλώσασα
2260 1898 2318 1949 ἐν
2364 1896 2444 1967 τῷ
2491 1897 2854 1951 κατακόπτειν
2895 1896 2995 1960 τὰς
3042 1897 3330 1965 φάλαγγας
3360 1897 3468 1952 τῶν

1892 1974 2182 2044 δαιμόνων,
2204 1976 2396 2048 ἐτέραν
2427 1976 2681 2048 ἐπεζήτει
2711 1977 2888 2042 δεξιὰν
2918 1978 3099 2045 πάλιν,
3131 1978 3272 2032 ὥστε
3299 1981 3392 2033 καὶ
3411 1981 3468 2032 ἐν

1892 2058 2072 2129 ἐκείνῃ
2096 2059 2193 2130 τὴν
2216 2059 2526 2130 προθυμίαν
2553 2059 2942 2124 ἐπιδείξασθαι.
2962 2061 3049 2133 Μὴ
3071 2062 3179 2133 γάρ
3204 2080 3291 2133 μοι
3312 2063 3470 2117 τοῦτο

1892 2142 2071 2214 εἴπῃς,
2096 2142 2176 2195 ὅτι
2210 2143 2337 2213 μίαν
2359 2143 2588 2209 ἐξέδωκε
2619 2147 2779 2215 χεῖρα
2807 2145 2965 2215 μόνον
2986 2163 3001 2177 ·
3025 2146 3161 2200 ἀλλά
3185 2147 3341 2199 τοῦτο
3363 2147 3469 2220 πρὸ

1892 2223 2098 2278 ἐκείνου
2128 2225 2317 2289 ἐννόει,
2359 2227 2441 2279 ὅτι
2490 2228 2518 2278 ὁ
2565 2227 2664 2296 τὴν
2698 2229 2856 2298 χεῖρα
2886 2228 3139 2298 προδοὺς,
3173 2222 3329 2292 οὗτος
3373 2230 3468 2282 καὶ

1891 2305 1990 2377 τὴν
2036 2307 2278 2378 κεφαλὴν
2321 2308 2584 2376 ἐξέδωκεν
2612 2308 2699 2371 ἂν,
2741 2310 2835 2364 κα)⁸
2872 2311 2971 2373 τὰς
3007 2311 3246 2385 πλευρὰς
3295 2311 3467 2384 προῦο

1893 2387 2049 2459 θηκε,
2084 2391 2179 2443 καὶ
2215 2391 2367 2461 πυρὶ,
2410 2390 2501 2443 καὶ
2534 2390 2766 2461 θηρίοις,
2802 2392 2894 2445 καὶ
2919 2392 3165 2461 πελάγει,
3202 2395 3296 2447 καὶ
3340 2412 3471 2465 κρη-

1895 2472 2030 2542 μνῷ,
2063 2474 2157 2526 καὶ
2186 2472 2423 2545 σταυρῷ,
2461 2475 2554 2527 καὶ
2601 2473 2801 2545 τροχῷ,
2838 2476 2931 2528 καὶ
2978 2476 3113 2545 πρὸς
3160 2476 3342 2541 πάσας
3368 2478 3468 2542 τὰς

1891 2555 2253 2619 ἀκουσθείσας
2301 2557 2432 2609 ποτὲ
2462 2556 2732 2627 τιμωρίας
2774 2558 3132 2627 παρετάξατο,
3166 2560 3259 2614 καὶ
3291 2561 3467 2613 πάντα

1890 2635 2113 2699 ἔπαθεν,
2161 2639 2210 2692 εἰ
2256 2638 2349 2691 καὶ
2391 2637 2466 2710 μὴ
2494 2642 2560 2709 τῇ
2593 2638 2777 2710 πείρα,
2815 2640 2954 2693 ἀλλὰ
2984 2644 3048 2712 τῇ
3080 2641 3355 2713 προθέσει.
3391 2645 3466 2696 Ub

1889 2718 1998 2790 γὰρ
2033 2719 2169 2791 πρὸς
2206 2719 2520 2791 ὡρισμένας
2549 2721 2803 2786 κολάσεις
2839 2723 3150 2777 ἀπαντῶσιν
3183 2725 3233 2776 οἰ
3264 2725 3467 2795 μάρτυ-

1892 2819 2004 2874 ρες,
2044 2802 2179 2859 ἀλλὰ
2207 2804 2345 2875 πρὸς
2380 2805 2665 2877 ἀορίστους
2704 2804 3029 2860 ἀποδύονται
3072 2808 3371 2879 τιμωρίας·
3405 2809 3465 2861 οὐ

1888 2885 1997 2957 γάρ
2042 2888 2146 2940 εἰσι
2195 2887 2374 2958 κύριοι
2420 2888 2521 2959 τῆς
2566 2886 2793 2958 γνώμης
2837 2888 2946 2941 τῶν
3001 2889 3302 2960 τυράννων,
3347 2890 3467 2943 οὐδὲ

1888 2969 2047 3042 ὄρους
2078 2971 2263 3033 αὐτοῖς
2287 2971 2379 3024 καὶ
2407 2971 2590 3041 μέτρα.
2611 2971 2890 3043 τιμωριῶν
2918 2971 3158 3026 τιθέασιν
3178 2989 3192 3003 ·
3229 2972 3344 3026 ἀλλ’
3366 2974 3467 3026 ὅσα

1889 3050 1955 3106 ἂν
1982 3052 2178 3114 αὐτοὺς
2205 3053 2237 3121 ή
2268 3052 2635 3123 ἀπάνθρωπος
2659 3054 2752 3106 καὶ
2783 3052 3053 3124 θηριώδης
3079 3054 3302 3108 ἐκείνων
3328 3054 3462 3125 γνώο

1891 3149 1966 3202 μη
1995 3133 2260 3188 διαθεῖναι
2304 3134 2623 3207 ἐπιθυμήσῃ
2666 3135 2831 3199 κακὰ,
2866 3136 3100 3188 τοσαῦτα
3128 3136 3465 3208 εἰσέρχονται

1888 3214 2233 3285 πεισόμενοι·
2266 3215 2406 3286 πλὴν
2437 3216 2503 3269 ἂν
2544 3216 2621 3286 μὴ
2647 3216 2850 3287 μεταξὺ
2881 3217 2942 3269 τὸ
2970 3217 3130 3287 σῶμα
3160 3217 3468 3289 ἀπαγορεῦ-

1890 3313 1987 3351 σαν
2012 3297 2332 3369 ἀπλήρωτον
2366 3300 2424 3353 ἐν
2470 3297 2547 3368 τῷ
2604 3299 2754 3369 μέσῳ
2785 3300 3064 3375 καταλίπῃ
3090 3302 3190 3373 τὴν
3227 3301 3337 3354 τῶν
3370 3320 3467 3355 τυ-

1889 3379 2099 3451 ράννων
2134 3379 2447 3451 ἐπιθυμίαν.
2466 3382 2824 3453 Ἐμαραίνετο
2849 3382 3025 3437 τοίνυν
3057 3387 3089 3455 ή
3124 3384 3283 3456 σὰρξ,
3315 3386 3409 3439 καὶ
3432 3387 3466 3455 ἡ

1887 3462 2203 3533 προαίρεσις
2227 3463 2611 3535 προθυμοτέρα
2636 3464 2867 3533 ἐγίνετο,
2891 3466 3087 3530 αὐτοὺς
3118 3468 3246 3531 τοὺς
3273 3466 3469 3538 ἀνθρα-

1888 3560 1990 3607 κας
2016 3546 2398 3618 παρερχομένη
2431 3549 2499 3619 τῇ
2531 3547 2897 3619 λαμπρότητι,
2928 3549 3021 3601 καὶ
3057 3548 3256 3620 μᾶλλον
3288 3549 3468 3603 αὐτῶν

1887 3629 2290 3682 ἀποστίλϐουσα
2308 3647 2322 3660 ·
2352 3631 2724 3701 πνευματικὸν
2743 3630 2813 3700 γά
2822 3648 2852 3702 ρ
2877 3631 3023 3685 ἔνδον
3049 3632 3333 3687 ἀνεκαίετο
3356 3631 3467 3703 πῦρ

1888 3713 2021 3766 πολὺ
2071 3712 2164 3766 τοῦ
2211 3713 2380 3786 πυρὸς
2420 3716 2611 3768 τούτου
2660 3715 3121 3787 φλογωδέστερον.
3159 3716 3259 3769 Διά
3308 3715 3468 3769 τοῦτο

1887 3790 2091 3859 ἐκεῖνος
2124 3797 2221 3866 τῆς
2250 3797 2448 3863 ἔξωθεν
2481 3798 2580 3850 οὐκ
2611 3797 2878 3869 ᾐσθάνετο
2922 3797 3140 3867 φλογὸς,
3176 3798 3361 3868 ἐπειδὴ
3404 3798 3466 3850 τὸ

1885 3879 2034 3933 ἔνδον
2078 3880 2238 3933 αὐτὸν
2284 3880 2437 3933 ἔκαιε
2472 3880 2584 3953 πῦρ
2609 3882 2671 3934 τὸ
2691 3881 2950 3951 διάπυρον
2977 3881 3071 3936 καὶ
3102 3881 3326 3946 διακαὲς
3367 3881 3467 3952 τῆς

1886 3962 2106 4033 ἀγάπης
2136 3962 2230 4016 τοῦ
2265 3962 2523 4033 Χριστοῦ.

1958 4133 2021 4187 δ’.
2062 4133 2247 4186 Ταῦτα
2279 4132 2351 4203 μὴ
2379 4131 2539 4202 μόνον
2568 4128 2874 4200 ἀκούωμεν,
2897 4130 3189 4203 ἀγαπητοὶ,
3215 4132 3349 4187 ἀλλά
3373 4134 3466 4188 καὶ

1889 4215 2184 4289 μιμώμεθα
2212 4214 2442 4286 ί.”οπερ
2469 4215 2578 4286 γάρ
2608 4214 2668 4280 ἐξ
2695 4215 2868 4286 ἀρχῆς
2892 4215 3096 4283 ἔλεγον,
3132 4215 3226 4269 καὶ
3257 4215 3351 4269 νῦν
3385 4217 3467 4270 λέ-

1887 4317 2000 4370 γω·
2056 4300 2130 4371 μὴ
2167 4298 2328 4370 μέχρι
2373 4299 2471 4369 τῆς
2504 4299 2785 4370 παρούσης
2829 4297 2978 4370 ὥρας
3029 4297 3392 4369 θαυμαζέσθω
3436 4302 3465 4354 6

1891 4384 2102 4457 μάρτυς
2124 4382 2303 4455 μόνον,
2323 4382 2460 4437 ἀλλά
2480 4383 2575 4439 καὶ
2591 4384 2773 4439 οἴκαδε
2792 4382 2969 4439 ἀπιὼν
2999 4381 3230 4446 ἕκαστος
3260 4384 3463 4452 ἐπαγέ-

1888 4469 2003 4522 σθω
2029 4469 2120 4522 τὸν
2146 4468 2319 4539 ἆγιον,
2345 4467 2438 4521 καὶ
2462 4469 2540 4532 εἰς
2572 4467 2670 4540 τὴν
2701 4468 2878 4524 οἰκίαν
2909 4468 3177 4535 εἰσαγέτω
3197 4468 3297 4539 τὴν
3338 4469 3467 4523 ἐαυ-

1888 4554 2006 4620 τοῦ,
2049 4553 2247 4626 μᾶλλον
2292 4553 2348 4606 δὲ
2386 4554 2467 4616 εἰς
2493 4552 2592 4624 τὴν
2621 4551 2815 4607 ἐαυτοῦ
2844 4553 3073 4624 καρδίαν
3107 4552 3197 4607 διὰ
3228 4555 3327 4624 τῆς
3356 4553 3467 4607 τῶν

1889 4636 2191 4708 εἰρημένων
2227 4634 2771 4708 μνήμης.Ὑπόδεξαι
2802 4636 2984 4702 αὑτὸν,
3014 4636 3090 4699 ώς
3118 4637 3464 4709 προείρηται,

1890 4721 1985 4777 καὶ
2014 4720 2207 4790 στῆσον
2238 4720 2330 4773 ἐπὶ
2355 4720 2453 4790 τῆς
2475 4719 2703 4791 καρδίας
2728 4720 2828 4790 τῆς
2853 4720 2952 4791 σῆς
2972 4718 3070 4790 τὴν
3095 4723 3250 4792 χεῖρα
3274 4720 3464 4791 ἔχοντα
3533 4791 3539 4797 Ι

1889 4802 2256 4874 ἐκτεταμένην
2276 4818 2303 4834 ν
2325 4801 2575 4869 ὑπόδεξαι
2592 4803 2682 4856 τὸν
2701 4803 3046 4876 στεφανίτην,
3074 4805 3167 4859 καὶ
3199 4805 3468 4876 μηδέποτε

1889 4885 2034 4958 ἀφῇς
2064 4886 2300 4953 ἐξελθεῖν
2327 4886 2426 4958 τῆς
2462 4884 2697 4949 διανοίας
2725 4888 2823 4957 τῆς
2853 4888 2970 4957 σῆς.
3009 4887 3108 4943 Διά
3134 4888 3294 4942 τοῦτο
3324 4889 3468 4960 ὑμᾶς

1889 4971 1983 5023 καὶ
2011 4971 2160 5042 παρά
2181 4970 2280 5031 τὰς
2309 4969 2484 5039 θήκας
2508 4967 2617 5021 τῶν
2641 4969 2816 5038 ἁγίων
2843 4970 3136 5047 μαρτύρων
3165 4972 3466 5043 ἠγάγομεν,

1889 5053 1977 5106 ἵνα
2028 5054 2123 5109 καὶ
2173 5052 2282 5105 ἀπὸ
2332 5052 2431 5121 τῆς
2481 5052 2655 5120 ὅψεως
2709 5052 2908 5123 λάϐητέ
2949 5072 3071 5107 τινα
3121 5054 3466 5124 παράκλησιν

1888 5136 2086 5206 ἀρετῆς
2105 5144 2151 5198 ε,
2189 5134 2283 5188 καὶ
2329 5135 2466 5205 πρὸς
2505 5136 2595 5188 τὸν
2633 5137 2794 5190 αὑτὸν
2827 5137 3240 5207 ἐπαποδύσησθε
3282 5136 3461 5205 ζῆλον.

1889 5219 1999 5272 Καὶ
2017 5219 2125 5288 γάρ
2145 5218 2480 5288 στρατιώτην
2506 5217 2756 5289 ἀνίστησι
2780 5219 2879 5289 μὲν
2900 5220 2993 5271 καὶ
3013 5218 3150 5289 ἀκοὴ
3173 5219 3462 5290 ἀριστέως·

1889 5298 2069 5369 πολλῷ
2088 5299 2143 5352 δὲ
2163 5300 2323 5352 πλέον
2343 5299 2466 5369 ὄψις
2487 5301 2580 5352 καὶ
2601 5301 2823 5369 θεωρία,
2846 5301 2939 5353 καὶ
2972 5301 3202 5370 μάλιστα
3228 5303 3352 5354 ὅταν
3385 5304 3464 5366 εἰς

1889 5382 2057 5450 αὐτὴν
2075 5381 2168 5435 τοῦ
2192 5382 2458 5454 ἀριστέως
2483 5384 2581 5452 τὴν
2609 5385 2812 5452 σκηνὴν
2837 5381 3093 5435 εἰσελθὼν
3123 5383 3204 5453 ίδῃ
3229 5383 3289 5435 τὸ
3310 5382 3464 5452 ξίφος

1890 5464 2229 5535 ᾑμαγμένον,
2250 5463 2399 5535 [686]
2414 5464 2512 5535 τὴν
2533 5465 2771 5534 κεφαλὴν
2791 5463 2884 5517 τοῦ
2906 5465 3163 5535 πολεμίου
3182 5465 3458 5536 κειμένην,

1928 5657 1976 5732 ,τ
2012 5659 2145 5719 Hanc,
2167 5661 2288 5709 ἀλλά
2325 5663 2405 5710 καὶ
2431 5663 2696 5724 μιμώμεθα,
2718 5662 2897 5713 desunt
2932 5664 2981 5712 in
3021 5664 3171 5716 Savil.
3199 5673 3252 5717 el
3279 5668 3325 5717 in
3360 5666 3458 5717 Re-

1890 5733 1969 5785 310
1992 5736 2103 5770 uno.

1957 5785 1981 5824 δ
2015 5781 2204 5847 Ἀρετῆς
2226 5785 2433 5835 deeslin
2458 5786 2608 5836 Savil.
2635 5791 2685 5836 cl
2708 5789 2757 5838 in
2784 5801 2879 5837 uno
2898 5788 3072 5852 Regio.
