3800 6282
241 318 346 374 681

229 429 456 498 jacens,
480 431 649 500 spolia
672 431 900 488 sublime
924 429 1206 501 pendentia
1228 470 1243 494 ,
1272 439 1543 486 recentem
1571 444 1816 487 cruorem

232 533 303 572 ex
349 521 594 576 manibus
635 523 750 592 ejus
806 522 1128 590 stillantem,
1171 522 1264 592 qui
1317 529 1573 592 tropatum
1611 522 1816 589 erexit,

234 611 432 681 ubique
462 614 672 670 lanceas
690 628 743 670 et
764 616 1009 687 clypeos,
1037 623 1090 669 et
1113 628 1302 680 arcus,
1334 621 1391 669 ct
1413 629 1625 669 omnem
1659 614 1816 669 aliam

236 715 565 760 armaturam
584 707 871 777 jacentem.
901 707 1102 763 Idcirco
1125 721 1223 761 nos
1251 706 1409 760 etiam
1440 706 1527 761 hic
1554 705 1815 761 conveni-

228 813 398 853 mus:
433 800 719 852 tentorium
762 798 904 853 enim
946 807 1028 853 est
1054 798 1281 853 militare
1315 806 1608 869 martyrum
1638 807 1816 854 tumu-

230 888 318 942 lus
350 905 364 942 :
389 902 453 943 ac
472 888 518 943 si
544 887 665 942 ﬁdei
692 889 874 943 oculos
902 889 1175 958 aperueris
1195 928 1211 953 ,
1242 887 1327 942 hic
1349 887 1569 956 justitiat
1595 886 1812 943 loricam

220 977 494 1047 jacentem
548 979 854 1041 intuebere,
900 990 1106 1034 scutum
1152 979 1309 1043 lldei,
1347 981 1552 1049 galeam
1582 978 1767 1033 salutis
1794 1019 1810 1041 .

224 1083 415 1124 ocreas
444 1064 740 1138 Evangelii,
765 1068 998 1140 gladium
1031 1068 1259 1139 Spiritus
1278 1069 1496 1141 (Ephes.
1520 1068 1572 1124 6.
1598 1068 1810 1138 11-17),

222 1160 403 1229 ipsum
435 1159 637 1215 diaboli
661 1169 818 1230 caput
845 1161 896 1214 in
929 1169 1121 1216 terram
1152 1161 1465 1231 projectum.
1507 1159 1640 1214 Cum
1667 1160 1809 1213 enim

220 1250 505 1313 hominem
525 1262 826 1322 correptum
844 1268 873 1306 a
903 1253 1145 1309 diemone
1178 1253 1326 1323 juxta
1355 1252 1602 1323 martyris
1635 1251 1810 1319 sepul—

216 1356 375 1396 crum
404 1342 602 1398 videris
625 1345 872 1413 supinum
894 1345 1161 1415 jacentem
1182 1385 1198 1412 ,
1230 1359 1294 1399 ac
1312 1344 1544 1412 seipsum
1569 1355 1808 1412 persaepe

218 1431 512 1489 laniantem
534 1476 549 1497 ,
574 1434 703 1488 nihil
730 1434 871 1489 aliud
908 1435 1008 1489 nisi
1039 1435 1161 1489 mali
1190 1445 1347 1503 caput
1370 1442 1696 1504 amputatum
1722 1433 1807 1486 vi-

215 1521 339 1577 des.
369 1522 607 1594 Namque
631 1525 826 1580 Christi
856 1525 1108 1581 militibus
1140 1526 1255 1580 hare
1303 1540 1449 1580 arma
1480 1539 1619 1578 nunc
1646 1524 1807 1579 etiam

213 1613 466 1683 adjacent
509 1633 523 1669 :
562 1624 614 1670 et
665 1616 1109 1683 quemadmodum
1158 1617 1441 1671 bellatores
1489 1614 1803 1670 fortissimos

213 1718 341 1758 cum
392 1705 506 1760 suis
549 1706 812 1776 sepeliunt
857 1707 1020 1761 armis
1070 1706 1441 1776 Imperatores,
1470 1706 1539 1760 ita
1582 1705 1707 1761 fecit
1748 1712 1804 1759 et

211 1791 459 1848 Christus
487 1812 501 1848 :
526 1810 645 1849 cum
668 1797 779 1851 suis
802 1810 896 1851 eos
919 1797 1081 1851 armis
1105 1797 1379 1867 sepelivit,
1405 1783 1460 1851 tit
1484 1797 1642 1851 etiam
1676 1804 1800 1850 ante

210 1885 661 1940 resurrectionem
688 1886 912 1956 gloriam
939 1902 1153 1942 omnem
1183 1888 1537 1956 virtutemque
1584 1895 1796 1941 sancto-

208 1990 333 2029 rum
363 1975 686 2031 ostenderet.
716 1978 990 2049 Cognosce
1029 1979 1186 2050 igitur
1208 1979 1537 2047 spiritnalem
1560 1979 1793 2048 ipsorum

206 2076 575 2135 armaturam;
619 2080 674 2126 et
713 2073 960 2126 maximis
1011 2074 1272 2141 perceptis
1320 2073 1631 2127 utilitatibus
1671 2072 1795 2127 hinc

207 2156 476 2215 discedas.
507 2159 727 2215 Multum
747 2170 800 2217 et
826 2163 919 2217 tibi
942 2178 1060 2217 cum
1088 2163 1301 2218 diabolo
1330 2163 1525 2218 bellum
1562 2174 1681 2229 est,
1711 2164 1793 2218 di-

205 2247 499 2305 lectissime
517 2292 532 2317 ,
551 2251 772 2305 multum
800 2252 1015 2322 inquam
1030 2294 1046 2319 ,
1070 2268 1318 2323 magnum
1344 2264 1401 2308 et
1423 2268 1680 2322 perenne.

283 2337 547 2395 Invenitur
570 2342 623 2395 in
643 2342 849 2396 delicias
876 2352 922 2397 et
965 2343 1140 2397 luxum
1157 2382 1176 2409 ,
1198 2353 1244 2396 et
1270 2344 1324 2396 in
1353 2359 1437 2398 eos
1462 2344 1548 2412 qui
1572 2344 1791 2398 theatro-

204 2447 322 2484 rum
346 2432 633 2502 spectacula
659 2438 946 2506 frequenter
969 2435 1408 2491 adeunt.—-Disce
1438 2437 1595 2507 igitur
1618 2438 1789 2493 lucta-

207 2522 417 2590 tiones,
446 2531 504 2579 ut
548 2525 798 2580 victorias
842 2526 1108 2582 imiteris:
1151 2543 1437 2598 aspernare
1471 2529 1688 2585 divitias
1728 2545 1791 2587 ac

204 2615 492 2683 pecunias,
546 2624 602 2672 et
667 2632 884 2674 omnem
934 2619 1193 2689 reliquam
1246 2620 1426 2677 saeculi
1477 2635 1724 2692 pompam
1769 2639 1784 2676 :

202 2720 276 2761 ne
301 2705 483 2762 beatos
497 2707 702 2777 judices
721 2723 834 2771 eos,
865 2711 953 2778 qui
979 2710 1171 2766 divites
1191 2723 1334 2780 sunt,
1359 2712 1451 2767 sed
1483 2713 1665 2769 beatos
1694 2728 1788 2769 eos

198 2795 380 2866 judica
402 2836 419 2864 ,
440 2798 530 2867 qui
569 2800 879 2871 martyrium
912 2800 1184 2870 patiuntur
1213 2818 1228 2855 :
1254 2817 1358 2856 non
1381 2817 1476 2858 eos
1493 2803 1583 2873 qui
1613 2804 1665 2858 in
1687 2803 1786 2858 de-

202 2889 371 2955 liciis,
403 2891 497 2945 sed
539 2891 627 2960 qui
670 2890 722 2945 in
757 2893 1112 2962 sartaginibus
1145 2902 1425 2949 versantur
1456 2912 1470 2949 :
1500 2910 1606 2950 non
1654 2910 1782 2963 eos,

198 2981 295 3051 qui
340 2981 573 3051 opiparas
597 2997 797 3038 mensa:
824 2983 1099 3050 assident,
1123 2984 1217 3039 sed
1242 2999 1337 3039 eos
1356 3024 1371 3049 ,
1408 2985 1499 3055 qui
1528 2985 1581 3039 in
1612 2985 1786 3043 lebete

202 3083 475 3130 torrentur
499 3091 514 3128 :
539 3088 645 3129 non
670 3089 798 3141 eos,
830 3076 919 3145 qui
939 3076 1144 3130 diurnis
1164 3076 1217 3129 in
1244 3075 1450 3131 balneis
1472 3116 1488 3142 ,
1518 3076 1614 3132 sed
1654 3092 1747 3132 eos
1765 3119 1781 3142 ,

196 3163 292 3233 qui
315 3164 366 3218 in
393 3164 526 3220 diris
548 3173 676 3219 sunt
712 3164 1016 3220 fornacibus
1040 3182 1055 3221 :
1086 3181 1193 3219 non
1233 3180 1361 3232 eos,
1390 3165 1479 3236 qui
1507 3165 1655 3221 olent
1687 3183 1785 3222 un-

194 3266 425 3324 guenta,
455 3256 549 3310 sed
575 3270 701 3324 eos,
729 3256 817 3326 qui
857 3255 1059 3311 fumum
1104 3271 1171 3311 ac
1201 3256 1440 3312 nidorem
1479 3258 1583 3312 usti
1625 3258 1782 3314 cmit-

196 3354 323 3401 tunt
354 3365 367 3401 :
395 3346 484 3403 hic
511 3348 676 3402 multo
720 3348 815 3404 illo
857 3349 1193 3418 prmStantior
1221 3358 1276 3402 et
1315 3348 1494 3403 utilior
1509 3357 1591 3403 est
1617 3349 1780 3415 odor;

195 3437 463 3508 siquidem
486 3438 575 3494 ille
599 3439 665 3494 ad
692 3439 1014 3509 supplicium
1058 3440 1177 3495 illos
1196 3441 1285 3510 qui
1307 3454 1372 3495 eo
1397 3438 1665 3506 fruuntur,
1696 3439 1782 3494 hic

193 3537 373 3584 autem
398 3528 465 3583 ad
491 3529 705 3598 prmmia
729 3544 1059 3599 coronasque
1077 3531 1316 3586 caelestes
1343 3530 1576 3586 abducit.
1608 3533 1782 3602 Atque

190 3625 257 3671 ut
277 3618 539 3688 intelligas
554 3618 744 3672 malam
757 3634 870 3673 rem
886 3634 1005 3675 esse
1015 3618 1252 3685 delicias,
1271 3636 1532 3691 usumque
1547 3636 1785 3692 unguenp

193 3716 372 3763 torum
392 3749 408 3773 ,
455 3717 512 3764 et
540 3708 850 3783 ebrietatem
870 3750 887 3777 ,
908 3719 964 3765 et
990 3711 1166 3764 vinum
1193 3712 1475 3768 immodice
1488 3723 1777 3782 sumptum,

192 3808 255 3855 et
279 3800 550 3869 opiparam
575 3815 848 3866 mensam,
881 3801 1004 3855 audi
1033 3801 1158 3871 quid
1185 3801 1329 3856 dicat
1352 3802 1611 3872 propheta
1643 3820 1656 3855 :
1693 3801 1782 3857 Vw

192 3893 501 3949 dormientes
525 3895 577 3947 in
599 3893 740 3948 lectis
766 3894 1011 3956 eburneis,
1035 3895 1287 3965 aﬂluentes
1316 3896 1508 3950 deliciis
1532 3896 1587 3949 in
1610 3896 1782 3950 stratis

192 3985 332 4050 suis,
358 3995 405 4038 et
432 3985 743 4039 comedentes
763 3985 936 4040 Itmdos
960 3986 1022 4039 de
1040 3986 1292 4055 gregibus,
1321 3995 1367 4040 et
1383 3986 1620 4042 lactentes
1649 3987 1779 4041 vitu-

197 4075 276 4129 los
318 4075 381 4130 de
401 4076 674 4142 armentis;
701 4077 784 4146 qui
813 4075 986 4129 bibunt
1016 4077 1182 4129 vinum
1209 4076 1509 4146 defazcatum
1531 4117 1547 4141 ,
1598 4086 1644 4130 et
1670 4076 1779 4145 pri-

193 4167 292 4220 mis
316 4166 581 4237 unguentis
609 4174 867 4235 unguntur
913 4165 1093 4237 (Amos
1132 4166 1186 4221 6.
1216 4165 1362 4238 4-6).
1389 4166 1543 4234 Quod
1571 4167 1615 4222 si
1663 4167 1781 4223 hate

194 4258 395 4313 veteris
446 4256 770 4312 Testamenti
821 4266 1058 4326 tempore
1124 4257 1558 4327 prohibebantur,
1614 4258 1781 4313 multo

194 4350 368 4420 magis
410 4358 649 4418 tempore
685 4349 903 4420 gratiae,
956 4349 1046 4404 ubi
1093 4350 1264 4419 major
1304 4357 1388 4405 est
1423 4349 1779 4419 philomphia.

196 4440 326 4495 Haec
345 4454 466 4494 cum
495 4439 563 4494 ad
589 4440 731 4496 viros
748 4482 764 4507 ,
790 4449 902 4495 tum
927 4439 995 4495 ad
1027 4440 1275 4494 mulieres
1293 4455 1322 4493 a
1351 4455 1438 4495 me
1464 4449 1588 4494 sunt
1607 4439 1777 4494 dicta:

192 4544 482 4585 commune
504 4530 763 4601 siquidem
779 4540 858 4585 est
879 4531 1106 4587 stadium
1122 4548 1137 4599 ;
1161 4546 1266 4586 non
1290 4542 1506 4601 propter
1521 4545 1679 4586 sexus
1695 4530 1779 4585 di-

194 4623 510 4678 vcrsitatem
531 4623 732 4679 divisus
755 4634 839 4679 est
858 4624 1055 4680 Christi
1083 4625 1349 4680 exercitus
1374 4665 1389 4692 ,
1411 4624 1506 4681 sed
1534 4640 1670 4681 unus
1698 4634 1781 4680 est

193 4722 387 4768 coetus.
417 4713 646 4769 Possunt
668 4723 722 4769 et
750 4715 960 4769 feminae
987 4715 1207 4770 loricam
1234 4715 1489 4780 induere,
1543 4731 1605 4772 ac
1654 4718 1774 4789 cly-

197 4818 356 4873 peum
395 4818 667 4875 opponere
693 4846 708 4870 ,
756 4806 1026 4876 telumque
1072 4806 1327 4876 jaculari,
1371 4822 1494 4862 cum
1534 4809 1773 4880 martyrii

196 4903 475 4963 tempore,
505 4903 616 4950 tum
660 4896 818 4951 etiam
848 4896 954 4951 alio
978 4938 993 4960 ,
1024 4897 1167 4968 quod
1217 4897 1462 4953 fiduciam
1509 4900 1779 4969 ingentem

195 4985 454 5055 requirat.
480 4985 547 5040 Et
572 4985 709 5041 sicut
732 4987 964 5056 optimus
983 4989 1285 5058 sagittarius
1300 5029 1316 5056 ,
1345 4991 1434 5058 qui
1460 4998 1606 5046 recte
1629 4990 1779 5045 colli-

197 5078 625 5135 mansachorda
672 5081 914 5151 sagittam
965 5082 1237 5147 emiserit,
1284 5097 1498 5137 omnem
1546 5084 1776 5138 hostium

195 5169 481 5225 conturbat
507 5170 675 5225 aciem
705 5185 721 5225 :
764 5171 843 5226 sic
876 5179 932 5227 et
958 5172 1126 5227 sancti
1154 5179 1418 5243 martyres
1458 5181 1617 5242 atque
1642 5173 1776 5228 adeo

198 5259 377 5315 cuncti
407 5260 645 5316 veritatis
675 5261 955 5317 bellatores
976 5301 992 5330 ,
1023 5261 1111 5331 qui
1141 5261 1397 5318 adversus
1422 5262 1641 5318 insidias
1661 5264 1773 5319 dia—

1341 318 1408 376 IN
1446 319 1504 376 S.
1545 316 1973 376 BARLAAMUM
2000 320 2402 379 MARTYREM.

3389 334 3506 392 689

1923 429 2031 484 boli
2072 428 2389 502 fraudesque
2427 432 2759 506 depugnant,
2792 447 3054 509 tamquam
3079 458 3110 497 a
3139 443 3337 502 chorda
3365 462 3502 518 qua-
3530 488 3534 492 -

1923 519 2075 583 dam,
2106 538 2136 575 ι
2164 523 2338 593 lingua
2367 525 2525 580 verba
2570 526 2707 582 bene
2735 530 3068 587 collimantes
3091 537 3368 605 emittunt,
3404 556 3501 595 ea-

1922 626 2026 681 que
2052 622 2316 684 tamquam
2338 616 2438 671 tela
2458 631 2554 686 per
2577 634 2756 675 aerem
2777 621 3004 678 volantia
3022 664 3039 689 ,
3066 639 3188 682 cum
3212 628 3502 686 invisibiles

1921 700 2225 759 dmmonum
2255 705 2307 759 in
2353 707 2640 778 phalanges
2693 710 3015 781 inciderint,
3056 729 3269 771 omnem
3314 733 3499 773 eorum

1919 793 2089 848 aciem
2138 797 2497 855 conturbant:
2529 799 2669 870 quod
2723 803 2902 873 utique
2949 814 3003 861 et
3057 806 3213 862 beato
3248 809 3498 866 Barlaam

1921 884 2141 938 evenit:
2190 885 2345 941 nudis
2368 888 2511 943 enim
2552 889 2730 945 verbis
2774 901 3040 961 tamquam
3068 896 3370 953 volantibus
3411 915 3497 954 sa~

1917 971 2065 1041 gittis
2108 974 2349 1039 emissis,
2392 984 2559 1032 totum
2601 978 2793 1034 diaboli
2817 984 3107 1039 exercitum
3148 988 3497 1054 perturbavit.

1917 1060 2065 1117 Hanc
2099 1070 2156 1118 et
2201 1077 2301 1118 nos
2336 1064 2601 1135 jaculandi
2643 1070 2911 1126 solertiam
2960 1072 3248 1129 imitemur.
3303 1077 3493 1135 Nonne

1917 1149 2037 1204 illos
2060 1194 2074 1216 ,
2096 1153 2186 1223 qui
2215 1169 2245 1208 a
2276 1155 2496 1210 theatris
2520 1156 2879 1229 descendunt,
2910 1162 3098 1218 videtis
3122 1166 3390 1223 molliores
3419 1169 3499 1223 ef-

1916 1239 2116 1296 fectos?
2154 1243 2205 1298 id
2229 1259 2355 1299 vero
2385 1246 2438 1299 in
2480 1260 2639 1301 causa
2666 1258 2778 1315 est,
2802 1251 2945 1320 quod
2983 1252 3049 1308 iis
3078 1255 3345 1325 studiose,
3374 1274 3494 1329 qua:

1914 1331 1983 1386 ibi
2007 1332 2167 1402 ﬁunt,
2197 1337 2513 1391 attendant:
2545 1354 2667 1394 nam
2692 1355 2812 1396 cum
2843 1344 3116 1400 oculorum
3141 1349 3489 1416 inversiones,

1911 1438 2272 1495 manuumque
2290 1431 2656 1485 contorsiones
2678 1473 2694 1498 ,
2737 1447 2801 1488 ac
2826 1434 3017 1502 pedum
3036 1452 3226 1508 gyros,
3273 1449 3329 1495 et
3373 1456 3491 1496 om-

1910 1515 2056 1571 nium
2097 1518 2533 1587 simulacrorum,
2579 1538 2699 1592 quie
2729 1525 2783 1578 in
2809 1526 3132 1584 distorsions
3174 1531 3481 1588 circumacti

1908 1608 2149 1675 corporis
2168 1619 2457 1677 apparent,
2488 1611 2745 1682 imagines
2774 1615 2826 1669 in
2854 1618 3120 1673 mentibus
3146 1621 3258 1676 suis
3282 1621 3484 1679 deﬁxe-

1907 1695 2047 1763 rint,
2077 1697 2272 1755 deinde
2297 1700 2596 1757 discedunt.
2640 1705 2830 1761 Annon
2877 1706 3037 1777 igitur
3074 1710 3347 1781 indignum
3372 1723 3483 1780 est,

1906 1799 1963 1843 ut
1990 1789 2063 1843 illi
2088 1800 2284 1847 tantam
2312 1794 2365 1848 in
2391 1795 2584 1850 anith
2611 1811 2722 1851 suae
2760 1801 2994 1868 pernicie
3021 1805 3349 1871 procuranda
3377 1808 3483 1862 sol-

1904 1879 2234 1940 licitudinem
2254 1888 2573 1956 exhibeant,
2597 1900 2661 1945 at:
2684 1905 2966 1959 perennem
2988 1908 3172 1948 eorum
3192 1936 3207 1960 ,
3230 1911 3349 1966 qua:
3377 1899 3483 1954 illic

1901 1981 2023 2025 sunt
2046 1983 2191 2042 gesta
2211 2016 2226 2038 ,
2259 1978 2567 2030 memoriam
2612 1991 2954 2045 conservent,
2983 1999 3079 2039 nos
3105 1994 3313 2050 autem,
3344 2002 3480 2057 quos

1899 2058 2085 2115 isthaec
2107 2063 2329 2118 imitatio
2357 2080 2511 2134 pares
2533 2069 2736 2139 angelis
2764 2070 3030 2126 rulditura
3056 2081 3156 2137 est,
3180 2090 3245 2128 ne
3272 2077 3478 2146 aequale

1892 2152 2110 2235 [quidem
2154 2155 2257 2209 illis
2304 2157 2537 2212 studium
2583 2162 2651 2214 ad
2695 2176 2791 2228 ea,
2820 2178 2939 2233 qua:
2977 2163 3117 2219 dicta
3160 2173 3317 2231 sunt,
3347 2182 3481 2222 con-

1897 2244 2154 2298 servanda
2181 2247 2558 2305 conferamus?
2585 2250 2691 2315 Ne,
2723 2267 2820 2307 oro
2839 2295 2854 2320 ,
2884 2254 3229 2326 obtestorque
3255 2273 3368 2326 vos,
3410 2275 3479 2315 ne

1895 2335 2118 2389 salutem
2162 2348 2397 2393 nostram
2447 2341 2517 2395 ita
2572 2343 2933 2414 negligamus,
2962 2346 3056 2402 sed
3088 2350 3351 2403 mentibus
3376 2332 3476 2405 no—

1893 2424 2019 2480 stris
2043 2440 2232 2482 omnes
2260 2440 2522 2502 martyres
2547 2434 2788 2488 conditos
2809 2445 3102 2502 teneamus,
3122 2453 3226 2492 una
3252 2454 3373 2493 cum
3396 2440 3477 2494 Ie-

1894 2512 2140 2581 betibus,
2193 2533 2295 2571 una
2329 2534 2447 2573 cum
2494 2521 2613 2576 aliis
2650 2523 2952 2592 suppliciis,
3002 2533 3056 2579 et
3084 2526 3221 2580 sicut
3250 2527 3478 2595 pictores

1895 2605 2176 2676 imaginem
2205 2625 2348 2679 saepe
2374 2608 2522 2666 fumo
2565 2628 2628 2668 ac
2667 2613 2885 2683 fuligine
2930 2616 3193 2685 longoque
3239 2624 3480 2686 tempore

1891 2695 2285 2753 inobscuratam
2311 2701 2592 2772 detergunt
2615 2718 2677 2756 ac
2697 2704 2973 2768 mundant,
3004 2706 3081 2761 sic
3104 2715 3159 2760 tu
3173 2714 3474 2762 sanctorum

1890 2801 2186 2863 martyrum
2233 2804 2383 2850 utere
2429 2796 2708 2862 memoria,
2736 2796 3080 2853 dilectissime
3118 2816 3132 2852 :
3168 2814 3288 2853 cum
3323 2799 3478 2854 obre-

1890 2891 2079 2953 pentes
2122 2887 2404 2941 saeculares
2446 2902 2590 2942 curae
2646 2895 2790 2941 tuam
2830 2898 3062 2943 mentem
3104 2889 3472 2955 obscurarint,

1890 2987 2008 3027 eam
2040 2989 2134 3042 per
2155 2985 2446 3046 martyrum
2475 2978 2784 3031 memoriam
2807 2978 3040 3048 deterge.
3072 2979 3125 3034 Si
3165 2981 3307 3034 enim
3338 2981 3474 3036 hanc

1892 3065 1944 3119 in
1970 3066 2144 3119 anima
2183 3075 2268 3121 tua
2312 3069 2622 3122 memoriam
2653 3071 3015 3136 conservaris,
3047 3086 3151 3125 non
3205 3087 3333 3142 opes
3381 3088 3474 3126 su-

1892 3156 2121 3225 Spicies,
2153 3172 2260 3212 non
2300 3166 2661 3228 paupertatem
2694 3158 3014 3228 dcplorabis,
3044 3176 3149 3214 non
3174 3162 3395 3230 gloriam
3421 3171 3476 3216 et

1890 3247 2178 3315 potentiam
2201 3248 2443 3304 laudabis
2463 3292 2477 3317 ,
2511 3250 2642 3304 nihil
2668 3250 2896 3321 denique
2925 3267 2990 3307 ex
3021 3254 3177 3308 rebus
3205 3253 3472 3320 humanis,

1888 3345 2022 3400 nihil
2068 3361 2291 3411 eorum,
2346 3361 2465 3415 qua:
2511 3346 2789 3415 splendida
2836 3356 2996 3413 sunt,
3050 3363 3295 3419 magnum
3344 3363 3465 3403 csse

1887 3436 2135 3506 quiddam
2163 3437 2492 3492 arbitrabere
2509 3479 2526 3502 ,
2549 3438 2681 3492 nihil
2703 3453 2908 3505 eorum,
2937 3456 3056 3509 quae
3077 3442 3299 3495 molesta
3322 3448 3467 3506 sunt,

1886 3531 2312 3596 intolerandum;
2340 3530 2436 3586 sed
2464 3546 2584 3584 cum
2617 3532 2700 3586 his
2729 3532 2972 3587 omnibus
2998 3533 3241 3601 Superior
3281 3546 3473 3587 evase-

1887 3625 1980 3687 ris,
2008 3632 2330 3693 perpetuum
2357 3639 2421 3679 ex
2468 3623 2710 3693 imaginis
2740 3623 2899 3690 hujus
2926 3624 3369 3692 contemplatione
3387 3636 3476 3677 ca-

1888 3717 2002 3786 pies
2027 3716 2428 3770 documentum.
2449 3714 2581 3769 Nam
2603 3715 2691 3784 qui
2722 3715 2917 3781 milites
2940 3714 2992 3767 in
3019 3714 3171 3769 hellis
3191 3728 3254 3767 ac
3274 3713 3472 3780 prmliis

1886 3816 2103 3862 strenue
2132 3822 2191 3863 se
2213 3815 2458 3877 gerentes
2483 3806 2719 3875 quotidie
2747 3813 2984 3875 spectat,
3016 3821 3124 3859 non
3155 3804 3469 3859 deliciarum

1887 3912 2137 3967 umquam
2165 3897 2451 3966 cupiditate
2478 3897 2764 3960 tenebitur,
2797 3910 2899 3949 non
2943 3895 3223 3950 delicatam
3259 3904 3314 3948 et
3338 3895 3470 3948 mol-

1886 3988 1989 4043 lem
2014 3986 2223 4041 vivendi
2254 3986 2510 4040 rationcm
2538 3986 2589 4040 in
2612 3985 2783 4054 pretio
2804 3984 3017 4040 habebit
3036 4026 3050 4050 ,
3096 3984 3191 4040 sed
3227 4000 3471 4054 asperam

1886 4088 1943 4134 et
1965 4078 2189 4147 rigidam
2213 4086 2373 4146 atque
2407 4076 2474 4130 ad
2501 4087 2771 4131 certamen
2794 4078 3163 4145 compositam.
3186 4077 3315 4144 Quae
3327 4077 3469 4132 enim

1886 4168 2118 4223 societas
2155 4174 2238 4221 est
2273 4165 2521 4221 ebrietati
2561 4180 2682 4219 cum
2732 4164 2942 4235 pugna?
2986 4180 3131 4219 cura:
3173 4165 3472 4221 abdominis

1858 4314 1861 4315 ν
1885 4273 2008 4313 cum
2036 4256 2213 4312 studio
2245 4255 2607 4311 fortitudinis?
2633 4256 2907 4326 urguentis
2933 4269 3053 4308 cum
3085 4255 3249 4309 armis
3271 4296 3288 4321 ,
3330 4255 3475 4310 bello

1886 4347 2477 4404 etcomessationibus?
2529 4346 2679 4401 Miles
2725 4345 2924 4400 Christi
2975 4359 3055 4410 es,
3085 4345 3469 4411 dilectissime;

1885 4452 2119 4503 armarc,
2147 4452 2254 4491 non
2296 4450 2512 4492 comere
2537 4453 2550 4490 :
2584 4435 2783 4490 athleta
2806 4451 2864 4489 es
2884 4449 3175 4505 generosus
3201 4452 3217 4500 ;
3245 4433 3473 4489 viriliter

1884 4542 2003 4599 age,
2035 4544 2142 4582 non
2170 4527 2392 4583 concilia
2420 4536 2774 4583 venustatem.
2809 4525 2883 4579 Ita
2926 4533 3142 4580 sanctos
3188 4526 3316 4580 istos
3356 4525 3474 4579 imi—

1887 4629 2094 4686 temur;
2132 4620 2200 4674 ita
2234 4620 2399 4674 fortes
2424 4619 2727 4687 bellatores,
2755 4625 3040 4673 coronatos
3064 4616 3327 4686 athletas,
3377 4614 3473 4671 Dei

1886 4712 2088 4768 amicos
2116 4711 2413 4766 honoribus
2443 4725 2868 4782 prosequamur;
2896 4718 2951 4765 et
2969 4725 3090 4764 cum
3114 4724 3210 4779 per
3227 4708 3472 4765 eamdem

1886 4819 2008 4860 cum
2050 4805 2150 4861 illis
2176 4805 2317 4860 viam
2347 4803 2745 4868 incesserimus,
2777 4802 2990 4858 easdem
3020 4817 3142 4857 cum
3175 4801 3279 4856 illis
3306 4815 3466 4855 coro-

1887 4915 1982 4956 nas
2008 4913 2398 4970 consequemur
2427 4915 2441 4953 :
2480 4912 2612 4967 quas
2640 4896 2794 4951 nobis
2823 4894 3071 4950 onmihus
3098 4895 3299 4949 utinam
3331 4890 3470 4947 obti-

1885 5007 2015 5047 nere
2033 4992 2326 5061 contingat,
2357 4990 2523 5059 gratia
2575 4996 2629 5044 et
2673 4988 2996 5059 benignitate
3053 4985 3259 5041 Domini
3305 4982 3472 5037 nostri

1884 5084 2012 5139 Jesu
2051 5081 2282 5148 Christi,
2331 5095 2450 5137 cum
2481 5095 2585 5150 quo
2603 5079 2742 5135 Patri
2764 5079 2927 5147 gloria
2947 5120 2963 5144 ,
2996 5092 3099 5129 una
3125 5091 3244 5129 cum
3271 5072 3472 5142 Spiritu

1885 5182 2106 5229 sancto.
2139 5187 2279 5227 nunc
2325 5181 2379 5228 et
2423 5185 2656 5242 semper,
2701 5179 2755 5225 et
2797 5169 2849 5224 in
2899 5166 3089 5223 saecula
3128 5164 3472 5221 satcnlormn.

1886 5265 2076 5319 Amen.

1257 5547 2401 5626 “comat-www—
