3800 6282
361 304 467 358 685

365 478 2316 530 ==t==.-.-.===='=——————'——-—"‘‘'—'—"'‘—"————————--"—"'""_—‘-----1

1055 298 1113 353 S.
1155 291 1440 351 JOANNIS
1476 285 1967 350 CHRYSOSTOMI
2007 281 2326 341 ARCHIEP.
2365 275 2922 340 CONSTANTINOP.

3513 269 3609 320 t-Si

2754 470 3057 484 *³-

2649 474 3580 500 ψ

2309 492 2646 505 .__.—_—————

1039 776 1141 838 ΑΒ
1165 771 1542 838 HOMILIAM
1588 772 1668 833 IN
1696 770 2044 832 SANCTAM
2072 764 2458 830 DROSIDEM
2505 756 2958 822 MARTYREM.

442 1069 591 1144 [688]
615 1069 766 1124 lianc
783 1069 1064 1124 homiliam
1084 1068 1137 1122 in
1161 1083 1289 1139 agro
1304 1067 1643 1123 Antiocheno
1662 1065 2306 1136 habuitChrysostomus,
2325 1076 2449 1117 cum
2469 1067 2686 1127 arrepta
2706 1066 2911 1110 serenae
2927 1049 3031 1104 diei
3052 1045 3343 1104 occasione
3369 1044 3624 1117 populum

372 1190 768 1246 Antiochenum
791 1205 857 1243 eo
879 1186 1413 1243 deduxitFlavianus
1435 1186 1759 1254 Episcopus,
1785 1192 1844 1238 ut
1866 1197 2092 1236 numero
2114 1181 2149 1234 2
2170 1181 2390 1235 dicitur.
2422 1176 2596 1246 Hujus
2627 1187 2790 1243 porro
2817 1168 2876 1222 S.
2903 1163 3159 1234 martyris
3188 1177 3368 1230 pauca
3405 1159 3603 1212 admo-

373 1303 502 1354 dum
535 1309 828 1368 supersunt
861 1304 1212 1352 monumenta
1246 1315 1258 1350 :
1297 1297 1495 1366 vixque
1522 1297 1668 1350 aliud
1689 1295 1965 1365 quidpiam
1997 1292 2144 1348 circa
2172 1291 2488 1362 martyrium
2519 1285 2929 1354 certaminaque
2970 1283 3088 1352 ejus
3117 1278 3396 1339 novimus,
3462 1285 3628 1340 quam

374 1415 520 1485 quod
541 1415 618 1468 ait
645 1414 703 1468 S.
744 1414 932 1470 doctor
964 1427 1104 1474 eam,
1137 1411 1191 1465 in
1223 1428 1412 1482 rogum
1445 1413 1747 1481 conjectam
1785 1410 1973 1464 fuisse.
2005 1405 2190 1478 Neque
2215 1408 2390 1462 solum
2429 1405 2488 1462 S.
2515 1401 2824 1468 Drosidem,
2848 1400 2941 1456 sed
2985 1409 3040 1453 et
3075 1397 3217 1452 alios
3247 1394 3418 1449 etiam
3451 1385 3629 1459 pluri-

359 1630 3634 1660 __——_—————-—"—————_—_———_—

1687 1721 2287 1806 LAUDATIO

896 1909 1130 1953 MAGNB
1167 1909 1245 1949 ΕΤ
1290 1907 1545 1950 SANCTE
1590 1905 1909 1949 MABTYRIS
1952 1901 2268 1956 DROSIDIS,
2319 1902 2397 1944 ΕΤ

1656 1905 1909 1948 ΔΒΤῩΚῙΒ
1952 1901 2268 1956 υιιοειυιε,
2319 1902 2402 1944 ΕΤ
2443 1902 2526 1944 ΒΕ
2558 1901 2854 1946 ΠΕΜΟΒῙΔ
2899 1901 3157 1945 MOBTIS.

1778 2039 2202 2100 4mm

428 2182 477 2236 Ι.
503 2181 606 2235 SS.
650 2178 998 2251 Reliquiorum
1022 2176 1236 2230 utilitas.
1259 2207 1329 2215 —
1356 2175 1642 2245 Diligentes
1668 2182 1940 2244 pastores,

354 2274 443 2326 uhi
472 2287 563 2341 per
587 2272 792 2341 longam
808 2269 1053 2340 hyemem
1075 2267 1492 2322 viderintradios
1509 2267 1636 2319 solis
1657 2265 1943 2331 affulsisse,

355 2365 602 2433 diemque
629 2362 939 2416 calidioretn
971 2359 1270 2414 reddidisse
1299 2399 1314 2423 ,
1343 2357 1574 2427 pecudes
1601 2372 1632 2410 e
1658 2356 1822 2410 caulis
1851 2371 1944 2408 ex-

351 2457 487 2506 citas
512 2452 578 2506 ad
614 2468 806 2521 pascua
848 2460 1103 2506 consueta
1141 2448 1436 2503 deducunt:
1483 2448 1580 2501 hos
1627 2446 1862 2500 imitatus
1893 2459 1948 2501 et

358 2544 530 2597 honus
560 2543 658 2597 iste
699 2550 879 2611 pastor
910 2556 1118 2595 sacrum
1151 2539 1291 2592 hunc
1330 2553 1544 2609 gregem
1585 2551 1648 2593 ac
1673 2537 1947 2605 spirituale

362 2633 558 2689 Christi
600 2631 742 2686 ovile
778 2630 842 2685 ad
895 2631 1010 2684 haec
1058 2629 1350 2698 spiritualia
1400 2642 1590 2696 pascua
1642 2636 1946 2682 sanctorum

355 2724 558 2780 eduxit.
591 2723 721 2778 Nam
752 2722 1082 2777 exsatiantur
1114 2720 1325 2790 quidem
1355 2730 1408 2774 et
1436 2718 1686 2789 pecudes,
1715 2718 1840 2772 dum
1877 2718 1944 2772 ad

359 2815 616 2886 prmsepia
660 2821 1034 2868 stant:vcrum
1068 2811 1158 2866 ubi
1198 2811 1393 2865 fuerint
1421 2826 1451 2866 e
1489 2809 1656 2864 caulis
1682 2825 1942 2879 egressas,

357 2908 525 2961 multo
553 2905 810 2976 majorem
839 2920 905 2958 ex
929 2905 1132 2975 campis
1162 2904 1441 2958 utilitatem
1468 2903 1793 2973 percipiunt,
1819 2903 1945 2957 dum

358 3002 411 3055 in
442 3011 636 3055 terram
669 3013 849 3068 prona:
879 2998 1043 3051 multa
1073 3013 1192 3052 cum
1234 2997 1506 3066 voluptate
1536 2995 1782 3049 dentibus
1821 3010 1944 3065 gra-

358 3107 481 3146 men
512 3090 837 3156 detondeut,
873 3105 1050 3144 aerem
1097 3102 1284 3158 purum
1330 3085 1628 3156 reSpirant,
1676 3094 1730 3138 et
1774 3083 1946 3138 claros

356 3182 767 3252 Splendidosque
793 3181 969 3234 radios
1005 3179 1134 3233 solis
1175 3186 1436 3248 spectant,
1482 3185 1536 3230 et
1576 3176 1724 3245 juxta
1774 3175 1938 3239 lacus,

358 3276 554 3339 fontes,
587 3284 641 3329 et
672 3273 888 3328 ﬂumina
918 3273 1188 3336 saltitant;
1223 3284 1395 3339 neque
1433 3283 1565 3323 vero
1607 3266 1947 3322 mediocriter

356 3380 447 3418 eas
481 3375 618 3416 terra
649 3363 898 3426 delectat,
947 3361 1166 3415 ﬂoribus
1191 3360 1337 3413 omni
1376 3375 1442 3414 ex
1485 3367 1632 3427 parte
1673 3357 1942 3411 decorata.

355 3455 462 3510 Sed
491 3470 593 3508 non
622 3454 725 3507 illis
755 3462 979 3516 tantum,
1008 3466 1191 3506 verum
1223 3450 1382 3504 etiam
1415 3449 1566 3502 nobis
1594 3447 1696 3502 hoc
1725 3448 1945 3500 multam

359 3546 642 3598 utilitatem
672 3543 808 3612 parit
841 3561 854 3595 :
889 3542 1014 3596 licet
1057 3541 1198 3596 enim
1243 3541 1382 3594 intus
1425 3538 1786 3608 spiritualibus
1814 3538 1948 3592 cibis

360 3635 553 3690 referta
585 3633 852 3704 proposita
903 3631 1054 3686 nobis
1095 3639 1240 3686 esset
1268 3643 1470 3695 mensa,
1507 3638 1680 3683 tamen
1727 3628 1840 3682 luec
1880 3627 1945 3682 ad

359 3737 572 3780 sanctos
630 3725 759 3778 istos
807 3721 1045 3792 egressio
1097 3721 1278 3775 nescio
1317 3733 1423 3788 quo
1479 3726 1682 3773 recreat
1725 3733 1822 3772 nos
1861 3732 1948 3772 so-

362 3817 509 3882 latio,
558 3823 613 3870 et
651 3813 928 3868 utilitatem
971 3811 1138 3866 nihilo
1175 3810 1509 3866 recreatione
1538 3809 1799 3863 minorem
1849 3823 1945 3878 pa-

360 3908 449 3971 rit,
479 3924 583 3961 non
613 3906 752 3976 quod
781 3920 969 3974 purum
999 3918 1179 3958 aerem
1207 3902 1551 3971 respiremus,
1582 3900 1675 3954 sed
1699 3899 1839 3970 quod
1879 3899 1946 3954 ad

361 3998 612 4068 przeclara
635 4011 1014 4068 generOsorum
1044 3995 1268 4049 istorum
1294 3993 1529 4047 virorum
1560 3991 1791 4046 facinora
1820 4006 1948 4045 ocu-

360 4091 440 4143 los
477 4097 878 4154 convertamns;
910 4101 1017 4140 non
1061 4085 1201 4157 quod
1226 4084 1375 4154 juxta
1414 4083 1689 4137 ﬂuminum
1727 4083 1944 4146 ﬂuenta,

361 4182 453 4238 sed
485 4182 624 4252 quod
648 4181 795 4250 juxta
822 4180 1050 4250 Spiritus
1077 4178 1245 4232 sancti
1274 4177 1533 4231 donorum
1563 4174 1755 4230 ﬂuenta
1785 4176 1947 4228 salte-

363 4290 514 4341 mus;
544 4289 649 4328 non
677 4273 815 4342 quod
839 4273 890 4326 in
914 4281 1108 4326 terram
1134 4269 1284 4338 proni
1310 4269 1558 4322 dentibus
1586 4267 1804 4321 herbam
1829 4275 1948 4320 ton-

363 4367 604 4433 deamus,
636 4366 728 4420 sed
773 4363 915 4434 quod
964 4363 1186 4416 virtutes
1228 4369 1518 4430 martyrum
1559 4358 1944 4426 decerpamus;

362 4472 470 4512 non
491 4456 628 4528 quod
653 4463 890 4509 ornatam
911 4452 1128 4507 ﬂoribus
1151 4460 1343 4505 terram
1371 4463 1668 4511 cernamus,
1693 4447 1783 4502 sed
1808 4447 1947 4518 quod

360 4563 589 4618 corpora
619 4545 774 4601 donis
803 4543 1165 4614 spiritualibns
1195 4541 1464 4594 afﬂuentia
1507 4540 1945 4608 contemplemur.

364 4640 444 4692 Ac
486 4637 705 4706 singulae
747 4633 960 4705 quidem
990 4640 1282 4702 martyrum
1313 4629 1551 4684 ecclesiae
1592 4628 1798 4683 lucrum
1841 4645 1946 4684 non

365 4729 617 4799 exiguum
643 4726 882 4796 praebent
911 4726 995 4790 iis,
1024 4723 1109 4792 qui
1137 4721 1274 4791 apud
1301 4735 1392 4775 eas
1421 4727 1824 4788 congregantur,
1855 4718 1948 4774 sed

367 4839 480 4894 prae
507 4821 718 4874 creteris
745 4817 989 4870 omnibus
1016 4815 1112 4868 ista
1141 4829 1154 4866 :
1185 4812 1343 4868 simul
1368 4811 1509 4866 enim
1535 4819 1694 4880 atque
1721 4809 1954 4864 vestibu-

369 4919 479 4972 lum
510 4911 630 4983 quis
668 4911 940 4981 ingressus
973 4917 1076 4973 est,
1113 4915 1166 4962 et
1200 4905 1477 4961 confestim
1506 4905 1557 4959 in
1582 4904 1768 4960 oculos
1797 4904 1950 4958 undi-

363 5024 472 5082 que
523 5003 807 5061 multitudo
860 5001 1222 5070 sepulcrorum
1252 4999 1494 5064 incurrit,
1534 5009 1588 5053 et
1616 5012 1950 5068 quocumque

362 5099 678 5170 respexerit,
707 5112 764 5150 ca
774 5095 970 5166 psulas,
995 5093 1280 5148 memorias
1295 5101 1350 5147 et
1377 5092 1559 5147 thecas
1577 5090 1947 5147 defunctorum

365 5196 622 5248 intuetur.
656 5189 837 5259 Neque
879 5203 1006 5242 vero
1040 5185 1378 5240 mediocriter
1425 5183 1578 5238 nobis
1620 5184 1837 5253 prodest
1883 5182 1948 5236 ad

364 5285 700 5340 inserendam
723 5281 914 5337 animis
935 5279 1128 5335 nostris
1150 5276 1461 5333 modestiam
1484 5292 1543 5332 ac
1560 5276 1946 5346 philosophiam

365 5377 467 5432 hoc
495 5376 857 5447 spectaculum
889 5374 1231 5452 tumulorum.
1261 5372 1484 5426 Animus
1528 5371 1668 5425 enim
1701 5370 1817 5424 sive
1861 5385 1946 5424 se-

363 5469 482 5538 gnis
524 5470 611 5530 sit,
657 5466 758 5521 huc
789 5475 1004 5534 aspectu
1035 5473 1352 5526 commotus,
1384 5463 1558 5515 statim
1587 5461 1891 5530 percellitur
1930 5477 1942 5512 :

363 5560 476 5612 sive
502 5557 727 5626 diligens
743 5557 810 5610 sit
835 5565 888 5609 et
917 5555 1195 5618 excitatus,
1215 5553 1516 5622 diligentior
1539 5551 1776 5606 redditur
1802 5569 1815 5606 :
1838 5552 1950 5608 sive

365 5657 727 5715 paupertatem
758 5647 874 5716 quis
906 5645 1242 5709 lamentetur,
1277 5659 1338 5698 cx
1371 5643 1473 5698 hoc
1511 5643 1688 5698 statim
1731 5651 1946 5714 aspectu

2050 2174 2469 2229 consolationem
2498 2176 2722 2246 percipit
2756 2195 2770 2231 :
2800 2177 2914 2233 sive
2941 2178 3140 2232 divitiis
3170 2178 3526 2241 intumescat.
3558 2182 3654 2236 liu-

2051 2266 2192 2319 milis
2229 2266 2286 2320 fit
2312 2275 2366 2320 et
2392 2267 2744 2322 contrahitur.
2777 2268 2874 2322 Hic
2904 2271 3046 2323 enim
3076 2279 3327 2338 aspectus
3367 2275 3655 2342 sepulcro-

2049 2371 2169 2410 rum
2201 2373 2633 2428 unumquemque
2656 2367 3020 2428 spectatorum
3049 2361 3189 2430 cogit
3211 2361 3443 2416 invitum
3467 2363 3540 2417 de
3565 2380 3654 2418 sua

2050 2459 2222 2502 morte
2248 2448 2628 2518 philosophari,
2656 2459 2817 2520 utque
2845 2449 2973 2504 nihil
3005 2451 3058 2504 in
3089 2451 3191 2506 hoc
3222 2453 3430 2507 mundo
3458 2455 3656 2510 stabile

2051 2553 2170 2592 esse
2196 2548 2432 2605 censeat,
2478 2539 2781 2609 persuadet,
2832 2555 2928 2594 seu
2969 2541 3250 2596 molestum
3295 2544 3392 2607 sit,
3437 2559 3542 2599 seu
3569 2546 3658 2615 ju-

2049 2629 2278 2684 cundum
2309 2647 2323 2682 :
2358 2646 2516 2700 porro
2545 2631 2587 2685 is
2615 2631 2700 2685 cui
2728 2645 3035 2700 persuasum
3077 2631 3178 2686 hoc
3208 2632 3395 2698 fuerit,
3426 2650 3541 2689 non
3575 2637 3657 2689 fa-

2048 2721 2150 2775 cile
2170 2721 2366 2790 peccati
2396 2721 2584 2790 laqueo
2609 2721 2866 2790 mpietur.
2894 2721 3182 2791 Propterea
3208 2723 3431 2792 sapiens
3461 2725 3655 2780 admo-

2050 2819 2142 2864 net
2167 2810 2428 2880 quispiam
2457 2811 2643 2866 dicens
2674 2829 2688 2865 :
2719 2809 2784 2864 In
2814 2812 3044 2866 omnibus
3069 2814 3389 2867 sermonibus
3421 2817 3530 2869 tuis
3561 2835 3657 2871 me-

2049 2918 2246 2956 morare
2273 2903 2546 2956 novissima
2572 2915 2678 2968 tua,
2708 2913 2753 2956 et
2778 2903 2831 2956 in
2857 2912 3098 2956 quernum
3120 2920 3221 2956 non
3249 2906 3491 2973 peccabis
3529 2907 3657 2975 (Ec-

2049 2993 2132 3045 cli.
2166 2993 2214 3046 7.
2247 2993 2340 3058 40)
2375 3010 2389 3048 :
2433 3002 2489 3048 et
2516 2995 2652 3048 alter
2682 2995 2942 3063 quispiam
2978 2993 3060 3048 his
3107 3009 3346 3049 consona
3391 2996 3655 3067 loquitur,

2049 3083 2174 3138 dum
2218 3085 2287 3137 ita
2330 3086 2559 3139 consulit
2592 3103 2606 3139 :
2640 3084 2888 3155 Proepara
2931 3086 2984 3138 in
3024 3086 3213 3140 exitum
3247 3103 3411 3156 opera
3450 3099 3574 3155 tua,
3614 3101 3659 3142 et

2050 3192 2283 3245 praepara
2313 3187 2360 3231 te
2386 3177 2454 3230 ad
2479 3180 2571 3231 iter
2600 3176 2782 3248 (Prov.
2818 3178 2911 3234 24.
2937 3178 3030 3250 27)
3069 3197 3082 3233 :
3112 3194 3218 3232 non
3247 3181 3398 3250 quod
3426 3182 3501 3238 de
3530 3199 3657 3236 sen-

2049 3267 2200 3321 sibus
2225 3267 2468 3337 subjecto
2498 3269 2688 3324 itinere
2713 3268 2872 3324 verba
2895 3269 3074 3338 faciat,
3101 3271 3194 3325 scd
3223 3271 3291 3326 de
3319 3273 3575 3329 discessu
3595 3292 3660 3330 ex

2051 3359 2150 3413 hac
2179 3361 2304 3414 vita.
2335 3361 2468 3415 Nam
2509 3363 2552 3416 si
2598 3370 2855 3431 perpetuo
2883 3377 2948 3417 ac
2984 3363 3204 3433 singulis
3246 3364 3462 3431 diebus,
3501 3383 3660 3437 quam

2051 3451 2285 3506 incertus
2307 3452 2375 3507 sit
2390 3453 2586 3518 obitus,
2607 3452 3060 3522 przemeditemur,
3085 3453 3222 3508 haud
3250 3454 3411 3510 facile
3434 3470 3657 3526 peccata

2049 3543 2443 3598 committcmus
2472 3560 2485 3595 :
2511 3543 2603 3598 sed
2632 3557 2806 3612 neque
2832 3542 2992 3598 rebus
3019 3543 3176 3613 hujus
3203 3545 3327 3600 vita:
3357 3548 3662 3616 splendidis

2047 3641 2208 3704 atque
2237 3633 2530 3703 magniﬁcis
2558 3634 2933 3700 intumescere,
2959 3649 3128 3705 neque
3155 3637 3404 3690 molestis
3421 3629 3659 3708 deprimi

2051 3727 2344 3796 poterimus
2370 3735 2462 3779 aut
2490 3726 2712 3792 turbari,
2759 3741 2879 3781 cum
2922 3728 3156 3782 incertus
3195 3736 3558 3800 utrarumque
3593 3733 3661 3786 sit

2051 3815 2192 3870 ﬁnis.
2220 3815 2373 3884 Saepe
2402 3830 2634 3884 namque
2678 3816 2767 3886 qui
2800 3815 2959 3871 hodie
2986 3817 3134 3881 vivit,
3170 3833 3236 3872 ne
3261 3818 3329 3872 ad
3365 3835 3658 3890 vesperam

2051 3905 2264 3976 quidem
2293 3914 2374 3960 est
2393 3915 2680 3975 superstes.
2715 3906 2897 3976 Itaque
2939 3907 2983 3960 si
3017 3908 3068 3961 in
3114 3908 3245 3962 urbe
3292 3913 3664 3967 remansisse-

2051 4013 2191 4064 mus,
2223 4012 2330 4052 non
2359 3997 2643 4052 admodum
2666 3998 2951 4052 verisimile
2977 4008 3061 4053 est
3084 4014 3181 4053 nos
3209 4000 3335 4054 talia
3363 4002 3662 4056 meditatu-

2052 4104 2141 4144 ros
2171 4104 2233 4144 ac
2276 4089 2747 4158 philosophaturos
2791 4089 2990 4156 fuisse;
3032 4100 3086 4144 at
3129 4101 3281 4146 extra
3324 4097 3662 4162 pommrium

2052 4194 2318 4249 egressos,
2352 4190 2404 4234 et
2434 4180 2498 4234 ad
2531 4179 2644 4233 ha‘c
2673 4180 2912 4248 sepulcra
2966 4181 3262 4248 venientes,
3300 4190 3463 4253 atque
3519 4185 3661 4241 hanc

2053 4271 2417 4326 defunctorum
2465 4271 2857 4326 multitudinem
2897 4281 3201 4341 spectantes
3230 4288 3457 4328 necesse
3493 4277 3660 4344 plane

2053 4363 2170 4426 fuit,
2199 4363 2457 4417 vellemus
2483 4362 2763 4428 nollemus,
2787 4361 2886 4417 hoc
2908 4368 3196 4432 conspeétu
3218 4362 3534 4421 admonitos
3559 4366 3660 4421 has

2053 4454 2398 4524 cogitationes
2422 4453 2602 4507 animo
2631 4453 2864 4517 volvere,
2892 4468 2955 4508 ac
2981 4453 3319 4508 sublimiores
3350 4454 3487 4519 ﬁeri,
3525 4457 3662 4510 dum

2054 4544 2172 4600 illas
2201 4545 2482 4606 volvimus,
2531 4558 2852 4612 omnemque
2877 4559 3002 4613 erga
3050 4559 3139 4597 res
3178 4544 3468 4599 saeculares
3517 4545 3662 4601 aﬂ‘e—

2053 4645 2196 4700 ctum
2219 4649 2434 4689 exuere.
2469 4633 2650 4703 Neque
2680 4649 2808 4688 vero
2838 4643 3039 4687 tantum
3068 4633 3329 4702 ejusmodi
3356 4636 3661 4704 cogitatio-

2054 4744 2150 4786 nes
2177 4730 2410 4784 animum
2445 4735 2681 4782 nostrum
2713 4726 2985 4792 subibunt,
3019 4725 3113 4781 sed
3155 4734 3210 4780 et
3233 4725 3530 4781 sufficienti
3558 4742 3663 4782 oo-

2056 4819 2355 4874 hortatione
2377 4817 2780 4882 concitabimur,
2812 4825 2869 4869 ut
2904 4815 2968 4869 ad
2994 4825 3250 4870 aiternam
3291 4816 3524 4884 patriam
3549 4833 3662 4873 no-

2053 4919 2216 4965 stram
2260 4908 2592 4972 festinemus,
2637 4907 2703 4962 ad
2751 4922 2976 4976 eamque
3013 4921 3108 4960 nos
3149 4921 3554 4976 comparemus,
3604 4920 3666 4964 et

2054 5002 2233 5056 omnia
2261 5000 2412 5055 nobis
2439 4999 2505 5054 ad
2529 4999 2670 5053 illam
2694 4997 3073 5067 profectionem
3097 4998 3399 5051 necessaria
3429 5013 3664 5067 pr.epa-

2055 5107 2252 5157 remus,
2277 5107 2396 5146 cum
2425 5091 2675 5156 sciamus,
2698 5104 3086 5159 quamcumque
3112 5103 3288 5143 rerum
3329 5098 3659 5144 nostrarum

2055 5183 2141 5238 hic
2167 5181 2560 5254 reliquerimus,
2604 5195 2722 5234 eam
2756 5179 2908 5234 nobis
2930 5178 3307 5233 detrimentum
3335 5179 3656 5234 allaturum.

2055 5273 2186 5329 Nam
2231 5271 2676 5343 quemadmodum
2706 5271 2794 5340 qui
2827 5270 3041 5340 longum
3072 5270 3174 5326 iter
3201 5270 3378 5323 viator
3400 5273 3658 5338 coniicit,

2053 5375 2106 5421 et
2132 5365 2182 5418 in
2212 5365 2434 5433 patriam
2463 5377 2611 5416 suam
2634 5361 2809 5415 redire
2839 5359 3067 5424 festinat,
3101 5359 3482 5429 quodcumque
3519 5366 3658 5417 reli-

2053 5456 2229 5526 querit
2258 5454 2307 5508 in
2337 5454 2586 5523 hospitio,
2619 5452 2774 5521 plane
2801 5451 3012 5515 amittit,
3036 5451 3256 5520 ejusque
3272 5451 3548 5520 jactumm
3575 5456 3662 5508 fa-

2053 5548 2126 5602 cit
2155 5563 2169 5602 :
2201 5547 2280 5601 sic
2305 5545 2552 5599 nimirum
2582 5553 2634 5599 et
2663 5559 2761 5598 nos
2795 5557 3154 5614 quascumque
3185 5558 3272 5597 res
3311 5555 3533 5599 nostras
3567 5549 3658 5602 hic

2053 5641 2374 5696 dimittentes
2403 5637 2708 5704 abicrimus,
2738 5651 2918 5692 earum
2941 5635 3174 5691 omnium
3193 5635 3454 5705 jacturam
3487 5637 3662 5697 facie-
