3800 6282
125 388 247 447 685
1156 456 1174 469 ν
1306 401 1391 454 DE
1432 403 1491 457 S.
1534 402 1828 460 DROSIDE
1875 402 2234 463 MARTYRE.
3301 409 3403 464 68L

732 587 770 602 Ρ

732 588 3400 630 mm

1596 872 1970 935 MONITUM.

134 1146 264 1189 mos
303 1142 592 1207 martyres,
628 1152 862 1208 quorum
893 1159 1016 1201 ossa
1038 1147 1226 1202 eodem
1257 1147 1379 1202 loco
1401 1148 1644 1218 deposita
1674 1160 1851 1221 erant,
1883 1152 2137 1211 laudibus
2161 1158 2506 1212 commendat
2532 1158 2976 1231 Chrysostomus,
3012 1175 3313 1232 eorumque
3340 1160 3395 1215 in

122 1244 414 1305 «lmitionas
447 1260 501 1305 et
532 1252 583 1307 in
616 1255 836 1311 morbos
864 1261 1139 1328 quoslibet
1164 1271 1486 1333 potestatem
1518 1266 1878 1336 deprmdicat;
1909 1285 1973 1324 ac
1997 1279 2256 1341 quautam
2285 1287 2350 1325 ex
2385 1284 2574 1327 eorum
2609 1275 2758 1329 aditu
2794 1275 3083 1333 utilitatem
3106 1278 3397 1349 decerpere

122 1362 317 1432 liceat,
355 1368 602 1438 pluribus
635 1376 878 1443 exponit.
903 1375 979 1432 De
1006 1394 1152 1433 anno
1178 1396 1289 1451 quo
1320 1382 1434 1438 haec
1472 1383 1698 1440 homilia
1734 1389 2086 1456 pronuntiata
2117 1388 2216 1443 fuit
2238 1389 2373 1443 nihil
2402 1407 2627 1461 prorsus
2656 1392 2941 1448 habemus.

209 1480 588 1549 lnterpretatio
618 1484 805 1540 Latina
829 1496 912 1541 est
945 1487 1236 1546 Frontonis
1259 1490 1462 1547 Ducaei.

1370 1966 1522 2044 [6⁸⁸]
1586 1980 2176 2074 ΕΓΚΩΜΙΟΝ

618 2160 726 2227 Εις
760 2161 878 2230 τὴν
903 2163 1078 2233 ἁγίαν
1099 2162 1595 2234 μεγαλομάρτυρα
1618 2168 1895 2237 Δροσίδα,
1923 2165 2019 2218 καὶ
2047 2167 2135 2231 εἰς
2157 2163 2224 2217 τὸ
2242 2163 2584 2235 μεμνῆσθαι
2619 2162 2898 2221 θανάτου.

209 2475 280 2532 α’.
311 2477 373 2531 Ol
408 2476 679 2546 φιλόπονοι
704 2483 813 2538 τῶν
835 2484 1126 2556 ποιμένων,
1144 2485 1362 2539 ἐπειδὰν
1385 2485 1471 2540 διὰ
1494 2485 1704 2558 μακροῦ

134 2565 403 2634 χειμῶνος
449 2565 599 2620 ἴδωσι
645 2568 902 2644 λαμπρὰν
955 2572 1170 2636 ἀκτῖνα,
1217 2573 1312 2626 καὶ
1365 2572 1705 2644 θερμοτέραν

131 2651 432 2721 γενομένην
458 2656 491 2723 η
499 2652 565 2722 μέ
573 2670 692 2725 ραν,
712 2657 810 2727 τῆς
844 2657 1084 2729 μάνδρας
1106 2657 1462 2727 ἐξαγαγόντες
1481 2659 1549 2712 τὰ
1569 2659 1704 2729 πρό-

130 2737 297 2802 ϐατα,
334 2739 469 2809 πρὸς
496 2739 594 2803 τὰς
621 2743 870 2814 συνήθεις
896 2744 1086 2813 ἄγουσι
1114 2746 1284 2816 νομάς
1308 2764 1321 2777 ·
1366 2745 1588 2810 τούτους
1613 2747 1707 2801 ml

128 2825 161 2876 ό
199 2824 360 2889 καλὸς
396 2826 596 2897 ποιμὴν
622 2820 777 2892 οὗτος
808 2832 1161 2903 μιμούμενος,
1187 2833 1287 2902 τὴν
1325 2832 1475 2905 ἱερὰν
1504 2832 1707 2903 ταύτην

127 2911 359 2983 ἀγέλην,
395 2915 488 2967 καὶ
511 2915 609 2986 τὴν
640 2916 1012 2988 πνευματικὴν
1052 2918 1146 2972 τοῦ
1196 2920 1433 2990 Χριστοῦ
1472 2921 1706 2993 ποίμνην

128 2998 271 3069 πρὸς
312 2998 410 3063 τὰς
448 3001 557 3054 τῶν
584 3001 755 3070 ἀγίων
785 3004 957 3075 νομὰς
986 3004 1160 3076 ἤγαγε
1186 3006 1388 3070 ταύτας
1420 3008 1517 3069 τάς
1545 3026 1707 3061 πνευ-

131 3092 387 3159 ματικὰς.
418 3091 780 3162 Κορέννυνται
810 3095 909 3166 μὲν
933 3097 1023 3149 ἐπὶ
1049 3096 1150 3165 τῆς
1174 3097 1381 3167 φάτνης
1407 3097 1617 3151 ἑστῶτα
1637 3098 1706 3152 τὰ

128 3175 408 3244 πρόϐατασ
449 3177 564 3231 ἀλλ’
603 3180 824 3234 ἐπειδὰν
877 3180 983 3246 ἔξω
1035 3183 1262 3254 γένηται
1319 3183 1428 3237 τῶν
1483 3185 1702 3257 σηκῶν,

126 3262 351 3316 πλείονα
387 3263 494 3316 ἀπὸ
528 3265 636 3318 τῶν
674 3266 871 3322 πεδίων
908 3268 1245 3342 καρποῦνται
1284 3270 1384 3342 τὴν
1413 3271 1702 3340 ὠφέλειαν,

129 3350 270 3419 μετά
312 3351 510 3422 πολλῆς
548 3352 649 3421 τῆς
696 3354 943 3425 τέρψεως
984 3356 1419 3418 κατακύπτοντα,
1470 3360 1563 3412 ml
1606 3359 1704 3430 τὴν

124 3437 267 3489 πόαν
292 3436 378 3490 διά
403 3438 510 3492 τῶν
533 3439 757 3493 ὀδόντων
786 3441 1175 3514 ἀποκείροντα,
1208 3444 1449 3516 καθαρόν
1474 3462 1532 3498 τε
1568 3447 1706 3510 ἀέρα

124 3523 497 3589 ἀναπνέοντα,
539 3526 633 3579 καὶ
675 3528 812 3598 πρὸς
847 3528 1041 3582 ἀκτῖνα
1088 3529 1353 3600 βλέποντα
1394 3531 1560 3602 διειδῆ
1606 3533 1704 3584 καὶ

124 3611 382 3681 φαιδρὰν,
410 3612 562 3683 παρά
586 3612 781 3685 λίμνας
815 3617 907 3668 ml
936 3616 1113 3686 πηγὰς
1138 3618 1439 3691 σκιρτῶντα
1468 3620 1561 3672 ml
1603 3636 1703 3673 πο-

120 3699 366 3768 ταμούς·
388 3698 566 3772 ’φέρει
615 3701 673 3754 δὲ
719 3702 900 3766 αὐτοῖς
926 3705 1019 3757 ml
1051 3706 1084 3775 ἡ
1111 3705 1183 3774 γῆ
1227 3722 1348 3758 τινα
1376 3706 1561 3776 τέρψιν
1593 3709 1705 3769 τοῖς

123 3785 316 3839 ἄνθεσι
344 3786 793 3861 καλλωπιζομένη
828 3789 1111 3845 πάντοθεν.
1140 3792 1252 3844 Οὐκ
1284 3792 1369 3845 ἐπ’
1389 3793 1612 3846 ἐκείνων
1645 3793 1702 3846 δὲ

125 3874 310 3943 μόνον.
353 3873 490 3928 ἀλλά
535 3875 629 3928 καὶ
676 3876 762 3946 ἐφ’
796 3875 953 3947 ἡμῶν
989 3876 1147 3930 τοῦτο
1191 3878 1393 3949 πολλὴν
1444 3878 1558 3949 ἔχει
1600 3878 1699 3949 τὴν

119 3959 412 4029 ὠφέλειαν.
439 3961 551 4034 Πλή
559 3978 659 4033 ρης
682 3962 781 4032 μὲν
803 3963 913 4033 γάρ
939 3964 1066 4034 ἡμῖν
1090 3965 1183 4018 ml
1212 3964 1359 4018 ἔνδον
1394 3967 1427 4035 η
1451 3964 1700 4035 τράπεζα

118 4046 233 4101 τῶν
262 4048 642 4119 πνευματικῶν
666 4048 977 4121 ἐδεσμάτων
1019 4052 1330 4122 παρέκειτο,
1360 4051 1531 4123 ἀλλ’ἢ
1563 4053 1700 4121 πρὸς

121 4136 249 4197 τοὺς
274 4135 458 4204 ἁγίους
486 4135 661 4200 ἔξοδος
682 4136 904 4200 τούτους
930 4135 1043 4207 ἔχει
1070 4138 1190 4191 τινὰ
1223 4139 1315 4191 καὶ
1341 4138 1696 4209 ψυχαγωγίαν

119 4221 222 4273 καὶ
249 4220 443 4293 κέρδος
477 4223 575 4292 τῆς
603 4221 960 4292 ψυχαγωγίας
986 4224 1086 4277 οὐκ
1118 4224 1358 4290 ἔλαττον,
1382 4227 1483 4279 οὐκ
1509 4225 1695 4297 ἐπειδὴ

119 4306 367 4378 καθαρὸν
399 4308 491 4363 τὸν
535 4308 670 4378 ἀέρα
712 4310 1075 4381 ἀναπνέομεν,
1108 4311 1222 4365 ἀλλ’
1246 4311 1434 4383 ἐπειδὴ
1468 4312 1604 4383 πρὸς
1627 4314 1697 4366 τὰ

116 4393 231 4447 τῶν
275 4395 544 4464 γενναίων
583 4396 786 4450 τούτων
837 4396 1238 4469 κατορθώματα
1286 4398 1585 4470 βλέπομεν
1633 4400 1694 4453 οὐ

117 4480 277 4553 παρὰ
300 4484 578 4552 ποταμοὺς
607 4482 833 4550 ὑδάτων,
861 4483 996 4537 ἀλλὰ
1038 4485 1189 4556 παρᾶ
1234 4488 1513 4557 ποταμοὺς
1538 4504 1696 4557 χαρι-

119 4567 344 4639 σμάτων
395 4569 752 4638 σκιρτῶντεςο
808 4570 869 4623 οῦ
915 4571 1375 4638 κατακύπτοντες,
1417 4575 1512 4627 ml.
1557 4574 1695 4629 πόαν

117 4657 396 4727 κείροντες
448 4660 559 4721 τοῖς
608 4657 838 4724 ὀδοῦσιν,
864 4658 1000 4715 ἀλλὰ
1029 4660 1320 4732 μαρτύρων
1339 4662 1540 4733 ἀρετὰς
1564 4664 1693 4716 ἀνα-ο

117 4744 436 4815 λεγόμενοι*
477 4745 598 4815 οὐχὶ
633 4745 737 4816 γῆν
761 4745 994 4816 ὁρῶντες
1019 4747 1499 4820 καλλωπιζομένην
1538 4749 1693 4804 ἄνθε-

119 4848 242 4896 σιν,
288 4830 424 4885 ἀλλὰ
479 4831 706 4902 σώματα
764 4832 1048 4903 βλέποντες
1107 4837 1409 4907 χαρίσμασι
1459 4836 1692 4908 βρύοντα

116 4919 802 4989 πνευματικοῖςῙΕκαστον
839 4920 937 4991 μὲν
964 4917 1055 4975 οὖν
1077 4921 1184 4975 τῶν
1213 4925 1524 4997 μαρτυρίων
1553 4942 1693 4996 παρ-

116 5006 233 5077 έχει
281 5008 417 5069 τοῖςπ
444 5005 856 5078 συλλεγομένοις
888 5009 1077 5079 κέρδος
1114 5010 1177 5063 οὐ
1207 5011 1421 5082 μικρὸν.
1458 5011 1690 5082 μάλιστα

112 5095 172 5148 δὲ
204 5094 457 5149 ἁπάντων
482 5094 673 5147 τοῦτο’
719 5095 854 5165 ὁμοῦ
889 5113 949 5148 τε
977 5097 1086 5169 γὰρ
1112 5098 1282 5169 ἐπέϐη
1311 5116 1396 5163 τις
1419 5099 1528 5154 τῶν
1559 5118 1690 5173 προ-

113 5181 319 5255 θύρων,
351 5182 447 5236 καὶ
480 5180 683 5252 πλῆθος
708 5182 909 5246 εὐθέως
931 5183 1118 5252 τάφων
1152 5185 1487 5256 πανταχόθεν
1517 5205 1687 5260 προσ-

114 5271 307 5325 πίπτει
328 5273 440 5333 τοῖς
457 5269 772 5342 ὀφθαλμοῖς,
797 5272 889 5324 ml
908 5274 1041 5325 ὅπου
1069 5284 1174 5343 περ
1201 5272 1266 5327 ἂν
1291 5272 1395 5344 ἴδῃ,
1416 5273 1690 5345 λάρνακας

111 5359 207 5412 καὶ
255 5360 516 5429 μνήματα
558 5358 651 5412 καὶ
696 5358 868 5428 θήκας
892 5360 994 5429 ὁρᾷ
1023 5358 1132 5411 τῶν
1157 5361 1580 5431 κατοιχομένων.
1612 5364 1688 5416 Οὐ

111 5446 310 5518 μικρὸν
333 5445 397 5515 δὴ
427 5447 559 5516 ἡμῖν
582 5446 661 5508 εἰς
693 5443 841 5517 [689]
872 5445 1185 5515 φιλοσοφίας
1217 5446 1379 5519 μέρος
1400 5446 1537 5519 αὕτη
1560 5465 1686 5501 συν-

105 5535 256 5589 τελεῖ
300 5534 408 5587 τῶν
449 5534 635 5603 τάφων
673 5536 706 5606 ἡ
752 5533 975 5606 θεωρία.
1011 5532 1073 5587 Ἦ
1108 5534 1216 5605 γὰρ
1259 5533 1407 5606 ψυχὴ
1451 5535 1541 5589 διὰ
1585 5537 1684 5608 τῆς

103 5623 283 5692 ϐψεως
310 5619 535 5691 ταύτης,
569 5620 672 5675 κᾶν
705 5621 944 5694 ῥᾴθυμος
971 5617 1035 5695 ᾖ.
1071 5623 1276 5693 ταχέως
1317 5623 1682 5690 συστέλλεται,

104 5712 210 5766 κᾶν
241 5710 503 5763 σπουδαία
532 5710 626 5763 ml
665 5709 1080 5781 διεγηγερμένη,
1120 5710 1509 5783 σπουδαιοτέρα
1539 5711 1685 5780 γίνε-

100 5812 223 5855 ται·
251 5796 356 5852 κᾶν
382 5795 718 5867 ἀποδύρηταί
741 5814 822 5861 τις
850 5797 1058 5865 πενίαν,
1089 5798 1198 5852 ἀπὸ
1219 5799 1320 5871 τῆς
1351 5800 1523 5869 ὅψεως
1552 5797 1683 5853 ταύ-

1812 2503 1911 2558 της
1954 2484 2155 2548 εῦθέως
2199 2485 2551 2556 παραμυθίαν
2592 2485 2830 2555 δέχεται,
2873 2484 2975 2538 κᾶν
3021 2485 3113 2538 ἐπὶ
3167 2481 3388 2553 πλούτῳ

1814 2573 1955 2641 μέγα
1988 2575 2181 2643 φρονῇ,
2209 2572 2557 2626 ταπεινοῦται
2590 2573 2683 2626 καὶ
2723 2570 3162 2626 καταστέλλεται.
3182 2570 3246 2623 Ἢ
3271 2568 3382 2639 γὰρ

1808 2660 1916 2713 τῶν
1960 2661 2146 2729 τάφων
2193 2660 2314 2730 ὄψις
2360 2661 2588 2714 ἕκαστον
2620 2661 2727 2714 τῶν
2753 2658 3001 2730 ὁρώντων
3025 2659 3094 2711 τὰ
3119 2657 3248 2729 περί
3279 2658 3377 2725 τῆς

1805 2747 2058 2818 τελευτῆς
2089 2747 2184 2819 τῆς
2219 2747 2411 2803 ἐαυτοῦ
2440 2749 2538 2802 καὶ
2572 2749 2773 2803 ἄκοντα
2803 2747 3114 2816 φιλοσοφεῖν
3140 2744 3382 2811 ἀναγκά-

1807 2833 1909 2900 ζει,
1944 2836 2037 2889 καὶ
2069 2834 2246 2887 πείθει
2284 2835 2450 2905 μηδὲν
2490 2835 2598 2888 τῶν
2635 2836 2921 2906 παρόντων
2965 2833 3204 2903 νομίζειν
3240 2827 3381 2885 εἶναι

1809 2919 2045 2990 βέϐαιον,
2079 2922 2153 2993 μὴ
2179 2923 2441 2993 λυπηρὸν,
2492 2921 2566 2992 μὴ
2614 2922 2849 2993 χρηστόν
2869 2934 2882 2949 ·
2916 2919 2944 2969 ό
2973 2920 3028 2972 δὲ
3056 2917 3228 2972 ταῦτα
3270 2934 3383 2970 πειο

1808 3007 1954 3072 σθεὶς
1998 3010 2059 3061 ού
2110 3008 2304 3080 ῥᾳδίως
2348 3008 2614 3063 ἁλώσεται
2646 3012 2711 3079 τῇ
2742 3008 2841 3078 τῆς
2871 3008 3140 3076 ἁμαρτίας
3174 3004 3380 3073 παγίδι.

1807 3095 1906 3149 Διά
1926 3095 2086 3150 τοῦτο
2114 3097 2208 3149 καὶ
2234 3097 2396 3165 σοφός
2438 3113 2524 3158 τις
2569 3096 2824 3165 παραινεῖ
2855 3094 3026 3161 λέγων
3052 3110 3065 3123 ·
3108 3093 3203 3144 Ἐν
3229 3089 3380 3143 πᾶσι

1805 3181 1929 3247 τοῖς
1959 3184 2162 3251 λόγοις
2205 3198 2321 3235 σου
2362 3180 2706 3250 μιμνήσκου
2746 3179 2818 3233 τὰ
2847 3177 3077 3248 ἐσχατὰ
3112 3192 3247 3239 σου,
3279 3176 3379 3229 καὶ

1804 3272 1892 3335 είς
1922 3269 2030 3322 τὸν
2065 3269 2250 3323 αἰῶνα
2276 3268 2361 3338 μὴ
2388 3268 2650 3338 ἁμάρτῃς
2671 3284 2684 3297 ·
2724 3270 2819 3322 ml
2843 3269 3029 3338 ἕτερος
3057 3266 3114 3319 δέ
3142 3282 3225 3326 τις
3256 3279 3380 3316 συν-

1805 3355 1914 3426 ῳδά
1961 3356 2134 3426 τούτῳ
2178 3357 2474 3425 φθέγγεται
2525 3354 2907 3425 συμϐουλεύων
2949 3352 3155 3416 οὕτως·
3198 3352 3380 3404 Ἑτοί-

1798 3441 1942 3511 μαζε
1990 3448 2076 3511 εἰς
2120 3443 2236 3512 τὴν
2285 3442 2501 3508 ἔξοδον
2542 3440 2616 3494 τὰ
2658 3441 2801 3511 ἔργα
2856 3456 3008 3499 σου,
3054 3439 3153 3492 καὶ
3196 3452 3379 3505 napa-

1803 3528 2095 3590 σκευάζου
2144 3529 2295 3596 πρὸς
2318 3529 2434 3597 τὴν
2468 3527 2643 3582 ὀδών
2677 3529 2740 3581 οὐ
2793 3528 2922 3598 περὶ
2972 3529 3068 3597 τῆς
3117 3524 3380 3595 αἰσθητῆς

1801 3614 1921 3669 ὀδοῦ
1969 3615 2368 3686 διαλεγόμενος,
2405 3613 2540 3669 ἀλλά
2585 3615 2715 3685 περὶ
2758 3615 2857 3684 τῆς
2892 3612 3140 3666 ἐντεῦθεν
3176 3610 3379 3672 ἀποδη-

1807 3702 2059 3772 μίας.“Αν
2093 3702 2202 3773 γὰρ
2229 3701 2493 3773 διηνεκῶς
2518 3701 2612 3755 ml
2646 3701 2766 3754 καθ’
2790 3701 3027 3770 ἑκάστην
3062 3698 3275 3768 ἡμέραν
3319 3698 3378 3748 τό

1802 3788 1903 3859 τῆς
1929 3788 2184 3859 τελευτῆς
2209 3789 2605 3861 προϐλέπιομεν
2634 3788 2848 3859 ἄδηλον,
2881 3787 2942 3839 οὐ
2962 3785 3172 3855 ταχέως
3197 3786 3307 3852 ἀμα
3318 3798 3386 3853 ραι

1804 3875 2110 3946 τησόμεθαο
2148 3874 2274 3928 οὔτε
2303 3874 2413 3946 γὰρ
2444 3875 2512 3927 τά
2550 3875 2776 3946 λαμπρὰ
2813 3873 2907 3925 τοῦ
2951 3871 3065 3941 βίου
3111 3869 3385 3939 φυσῆσαιν

1804 3960 1928 4013 οὔτε
1953 3961 2022 4014 τά
2054 3960 2273 4032 λυπηρά
2302 3960 2547 4014 καθελεῖν
2580 3962 2729 4030 ἡμᾶς
2767 3960 2860 4013 καὶ
2887 3957 3187 4029 θορυϐῆσαι
3215 3955 3387 4024 δυνή-

1806 4064 1955 4101 σεται
1983 4047 2173 4117 ἄδηλον
2203 4048 2439 4118 έκάτερα
2461 4047 2520 4100 τὸ
2551 4048 2701 4110 τέλος
2723 4046 2932 4116 ἔχοντα.
2966 4045 3075 4097 Καὶ
3107 4042 3215 4114 γὰρ
3244 4041 3383 4094 πολ-ι

1802 4134 1958 4196 λάκις
1982 4136 2011 4187 ό
2037 4135 2277 4205 σήμερον
2307 4132 2417 4197 ζῶν
2453 4134 2572 4186 ούδέ
2614 4133 2777 4203 μέχρι
2803 4131 2903 4200 τῆς
2929 4131 3167 4201 ἑσπέρας
3199 4128 3369 4198 μένει.

1805 4221 1993 4274 Ἔνδον
2017 4222 2115 4291 μὲν
2139 4218 2230 4274 οῦν
2254 4223 2312 4273 ἐν
2332 4223 2400 4291 τῇ
2432 4220 2583 4272 πόλει
2611 4217 3049 4288 ἐνδιατρίϐοντας
3074 4217 3135 4269 οὐ
3167 4215 3375 4287 σφόδρα

1801 4309 1946 4373 εἰκὸς
1970 4311 2039 4363 τά
2064 4310 2289 4363 τοιαῦτα
2313 4308 2543 4380 μελετᾷν
2572 4307 2667 4360 ml
2687 4307 3026 4376 φιλοσοφείνο
3056 4302 3374 4369 ἐξελθόντας

1799 4398 1905 4463 ἔξω
1933 4399 2147 4468 τειχῶν,
2170 4400 2265 4452 καὶ
2297 4398 2433 4470 πρὸς
2460 4398 2586 4461 τοὺς
2614 4397 2819 4466 τάφους
2846 4394 3067 4458 τούτους
3089 4392 3377 4454 ἐλθόντας,

1800 4484 1895 4539 ml.
1956 4485 2016 4538 τὸ
2082 4485 2283 4556 πλῆθος
2336 4484 2446 4538 τῶν
2498 4483 2900 4554 κατοιχομένων
2964 4479 3367 4551 θεασαμένους,

1798 4575 2009 4646 ἀνάγκη
2075 4575 2223 4628 πᾶσα
2267 4573 2360 4628 καὶ
2388 4573 2609 4637 ἐκόντας
2640 4573 2733 4625 καὶ
2757 4572 2989 4632 ἄκοντας
3014 4569 3234 4631 τούτους
3259 4566 3379 4620 ἀπὸ

1796 4663 1895 4734 τῆς
1919 4662 2091 4733 ὅψεως
2116 4661 2369 4727 δέξασθαι
2396 4662 2523 4724 τοὺς
2559 4660 2871 4731 λογισμοὺς,
2908 4660 3004 4712 καὶ
3042 4656 3376 4727 δεξαμένους

1798 4750 2158 4821 ὑψηλοτέρους
2187 4749 2458 4818 γενέσθαι,
2482 4747 2695 4816 καὶτῆς
2722 4746 2856 4818 πρὸς
2877 4746 2944 4798 τὰ
2970 4743 3198 4814 βιωτικὰ
3227 4743 3377 4813 πρά-ν

1795 4853 1981 4908 γματα
2027 4835 2369 4907 συμπαθείας
2402 4833 2802 4903 ἀπαλλαγῆναι.
2842 4833 2917 4885 Ού
2950 4833 3107 4903 μόνον
3136 4831 3193 4885 δὲ
3224 4831 3381 4900 λογισ

1798 4927 1966 4996 σμοὺς
1993 4924 2265 4988 τοιούτους
2286 4923 2568 4994 δεξόμεθα,
2595 4922 2730 4976 ἀλλὰ
2756 4922 2850 4975 καὶ
2873 4921 3008 4990 πρὸς
3029 4920 3129 4991 τὴν
3151 4918 3379 4973 αἰώνιον*

1795 5011 1951 5083 ἡμῶν
1977 5011 2208 5082 πατρίδα
2234 5010 2483 5063 σπεύδειν
2505 5010 2598 5062 ml
2625 5007 3138 5080 παρασκευάζεσθαι
3160 5005 3363 5076 ἀρκοῦο

1796 5115 1894 5151 σαν
1923 5097 2266 5167 παράκλησιν
2297 5096 2511 5166 ἕξομεν,
2551 5096 2644 5149 ml
2674 5096 2853 5150 πάντα
2880 5095 3015 5165 πρὸς
3046 5094 3145 5163 τὴν
3170 5090 3379 5160 ἀποδηο-

1799 5186 1927 5255 μίαν
1948 5185 2047 5256 τὴν
2068 5185 2185 5236 ἐκεῖ
2204 5182 2270 5236 τὰ
2293 5182 2412 5237 καθ’
2435 5185 2580 5254 ἡμᾶς
2601 5181 2964 5253 εὐτρεπίζειν,
2995 5179 3202 5241 εἰδότας
3225 5178 3377 5249 ὅπερ·

1794 5274 1860 5328 ἂν
1905 5273 2139 5326 ἐνταῦθα
2189 5271 2296 5325 τῶν
2344 5273 2631 5343 ἡμετέρων
2678 5271 3097 5338 καταλίπωμεν,
3158 5266 3376 5336 ζημίανε

1794 5363 1923 5432 ἡμῖν
1968 5359 2136 5413 οἴσειν
2182 5358 2557 5429 καταλειφθέν.
2603 5357 2871 5427 Καθάπερ
2924 5354 3034 5427 γὰρ
3083 5354 3363 5427 ὁδοιπόρος

1798 5449 2011 5521 μακρὰν
2037 5448 2234 5502 ὁδεύων
2261 5449 2377 5501 ὁδὸν
2403 5447 2494 5501 ml
2528 5447 2663 5516 πρὸς
2692 5446 2789 5516 τὴν
2820 5445 3053 5517 πατρίδα
3079 5444 3374 5512 ἐπειγόμετ

1789 5553 1879 5599 νος
1902 5536 1998 5607 τὴν
2028 5534 2241 5600 ἑαυτοῦ,
2273 5535 2409 5605 ὃπιρ
2452 5534 2518 5588 ἂν
2544 5535 2603 5585 ἐν
2634 5531 2711 5603 τῷ
2739 5531 3038 5602 πανδοχείῳ
3064 5528 3359 5600 καταλίπῃ,

1786 5623 2002 5686 πάντως
2032 5620 2301 5684 ἀπώλεσε,
2328 5621 2422 5674 καὶ
2454 5619 2792 5691 ὲζημίωταιοΔ
2815 5619 2959 5672 οὕτω
2989 5619 3053 5689 δὴ
3084 5618 3177 5671 καὶ
3199 5619 3365 5688 ἡμεῖς

1784 5712 1885 5766 ὅσα
1908 5710 2138 5766 ἐνταῦθα
2167 5711 2275 5764 τῶν
2304 5710 2589 5782 ἡμετέρων
2609 5709 2841 5779 ἀφέντες
2866 5708 3209 5779 ἀπέλθωμεν,
3230 5706 3358 5770 ἐζη-

1791 5797 2047 5869 μιώμεθα
2076 5799 2253 5853 πάντα
2274 5816 2286 5830 ·
2320 5796 2402 5850 διὸ
2427 5795 2531 5868 χρὴ
2566 5794 2636 5849 τὰ
2665 5795 2767 5867 μὲν
2794 5796 2913 5868 μεθ’
2933 5793 3162 5861 ἑαυτῶν,
3198 5792 3265 5847 τὰ
3300 5791 3365 5846 δᾶ
