3860 6286
422 441 532 512 πρὸ
575 438 783 492 ἑαυτῶν
830 439 1221 510 παραπέμπειν
1253 440 1388 496 ἐκεῖ.
1407 441 1553 504 Ὁδὸς
1582 442 1688 510 γὰρ
1727 445 1757 495 ό
1799 444 1987 514 παρὼν

426 530 541 601 βίος
569 529 707 593 ἐστὶ,
748 531 840 583 καὶ
866 529 1018 583 οὐδὲν
1051 531 1312 601 στάσιμον
1339 530 1471 601 ἔχει,
1507 531 1643 584 ἀλλά
1671 533 1764 585 καὶ
1797 537 1864 586 τά
1895 533 1989 586 λυ-

421 621 575 692 πηρά
619 619 783 673 αὑτοῦ
829 620 924 674 καὶ
971 620 1039 673 τά
1086 620 1299 691 χρηστὰ
1351 620 1741 693 παροδεύομεν.
1792 622 1893 676 Διά
1923 623 1989 693 δὴ

420 714 578 768 τοῦτο
605 713 838 784 μάλιστα
859 713 1074 766 πάντων
1098 714 1247 766 τουτὶ
1281 709 1420 782 φιλῶ
1449 714 1509 767 τὸ
1535 715 1754 786 χωρίον,
1785 708 1865 768 ὅτι
1890 715 1990 768 οὑκ

423 806 482 858 ἐν
514 805 728 871 συνάξει
764 804 944 874 μόνον,
975 804 1111 857 ἀλλά
1130 804 1225 858 καὶ
1247 804 1518 870 συνάξεως
1539 806 1705 877 χωρὶς
1733 806 1991 869 πολλάκις

423 895 677 949 ἐνταῦθα·
704 894 1134 965 ἀφικνούμενος,
1177 895 1383 948 τούτων
1431 895 1670 967 συνεχῶς
1714 897 1991 969 ἐμνήσθην

419 987 527 1039 τῶν
557 987 749 1055 λόγων,
775 988 883 1039 τῶν
904 987 1194 1057 ὀφθαλμῶν
1231 1006 1331 1059 μου
1363 990 1489 1053 τοὺς
1515 990 1720 1059 τάφους
1764 991 1823 1043 ἐν
1860 990 1989 1061 ἐρη-

422 1081 518 1152 μίᾳ
567 1081 734 1152 πολλῇ
786 1081 905 1151 μεθ’
933 1083 1164 1153 ἡσυχίας
1206 1084 1700 1151 περισκοπούντων,
1748 1084 1843 1138 καὶ
1891 1085 1990 1157 τὴν

415 1170 594 1241 ψυχὴν
637 1172 772 1236 πρὸς
803 1172 930 1236 τοὺς
973 1175 1390 1246 κατοιχομένους
1425 1175 1517 1228 καὶ
1540 1176 1636 1246 τὴν
1667 1176 1784 1229 ἐκεῖ
1815 1192 1991 1247 παρα-

420 1262 743 1327 πεμπόντων
773 1262 1126 1317 κατάστασιν.

491 1458 645 1531 [690]
679 1459 743 1530 β’.
777 1460 873 1513 Διά
899 1461 961 1532 δὴ
980 1463 1151 1518 ταῦτα
1174 1465 1376 1518 καὶτὸν
1397 1468 1642 1534 γενναῖον
1665 1466 1851 1521 τοῦτον
1867 1467 1991 1521 Gad-

422 1547 581 1617 μάξω
611 1549 837 1619 πατέρα,
870 1551 954 1602 ὃτι
988 1551 1226 1622 γαληνῆς
1255 1554 1465 1624 ἡμέρας
1493 1554 1877 1624 ἐπιλαϐόμενος
1906 1557 1991 1609 ὲν-

417 1632 594 1688 ταῦθα
627 1637 770 1705 ἡμᾶς
804 1635 1068 1707 ἐξήγαγε,
1110 1641 1519 1711 προηγουμένης
1550 1641 1607 1693 δὲ
1644 1643 1739 1694 καὶ
1769 1641 1990 1711 ὁδηγού-

423 1737 523 1790 σης
563 1722 661 1791 τῆς
692 1725 965 1794 μακαρίας
1006 1726 1256 1794 Δροσίδος
1280 1767 1294 1791 ,
1332 1721 1399 1798 ἧς
1427 1727 1525 1798 τὴν
1559 1730 1778 1800 μνήμην
1802 1730 1983 1780 ἐπιτε-

419 1808 638 1879 λοῦμεν.
662 1810 765 1864 Καὶ
785 1814 892 1883 γάρ
913 1814 1046 1883 πρὸς
1069 1818 1180 1878 τοῖς
1195 1818 1502 1886 εἰρημένοις
1521 1817 1705 1889 ἕτερόν
1726 1836 1779 1871 τι
1805 1818 1988 1888 μεῖζον

417 1898 524 1950 ἀπὸ
549 1896 642 1950 τοῦ
673 1899 834 1952 τόπου
862 1901 1048 1971 κέρδος
1076 1903 1193 1954 ἐστὶ
1224 1902 1639 1974 καρπώσασθαι.
1678 1907 1847 1959 Ὅταν
1878 1905 1988 1978 γάρ

417 1985 517 2050 τὰς
560 1987 723 2051 ἄλλας
763 1989 1209 2061 παραδραμόντες
1259 1990 1534 2062 λάρνακας
1582 1993 1677 2048 ἐπὶ
1727 1996 1826 2058 τάς
1878 1996 1987 2050 τῶν

421 2078 713 2149 μαρτύρων
740 2079 910 2150 θήκας
944 2079 1204 2151 ἔλθωμεν,
1244 2082 1571 2154 ὑψηλότερον
1602 2086 1735 2154 ἡμῖν
1760 2085 1822 2137 τὸ
1849 2086 1984 2157 φρό-

415 2185 564 2240 νημα
607 2171 812 2238 γίνεται
836 2212 848 2232 ,
883 2173 1216 2245 εὑτονωτέρα
1253 2177 1285 2245 ή
1325 2175 1505 2247 ψυχὴ,
1541 2176 1742 2247 μείζων
1775 2180 1808 2248 ή
1858 2195 1989 2248 προ-

418 2260 606 2331 θυμία,
637 2262 939 2334 θερμοτέρα
967 2266 1000 2334 ή
1027 2264 1229 2328 πίστις.

499 2439 747 2492 Ἐπειδὰν
775 2435 866 2493 οὖν
892 2443 1017 2505 τοὺς
1049 2443 1243 2507 πόνους
1271 2445 1365 2498 καὶ
1388 2446 1515 2510 τοὺς
1542 2446 1758 2515 ἀγῶνας
1797 2449 1891 2503 καὶ
1918 2450 1988 2504 τά

415 2530 623 2584 ἔπαθλα
647 2533 739 2586 καὶ
754 2533 823 2586 τά
847 2533 1075 2604 βραϐεῖα
1103 2537 1340 2597 καὶτοὺς
1363 2539 1660 2607 στεφάνους
1682 2540 1792 2594 τῶν
1815 2541 1986 2609 ἁγίων

415 2623 865 2694 ἀναλογισώμεθα
896 2626 1099 2678 τούτων
1122 2665 1137 2689 ,
1174 2628 1335 2683 πάλιν
1373 2629 1567 2697 ἑτέραν
1599 2631 1819 2701 μείζονα
1850 2632 1985 2701 πρό-

416 2732 579 2781 φασιν
607 2718 1101 2788 ταπεινοφροσύνης
1125 2720 1469 2792 εὑρίσκομεν.
1501 2722 1618 2775 Κᾶν
1643 2722 1750 2794 γάρ
1776 2722 1986 2793 μεγάλα

414 2805 556 2880 τιςῇ
594 2808 992 2879 κατωρθωκὼς,
1029 2811 1180 2863 οὐδὲν
1214 2814 1478 2884 ἡγήσεται
1511 2815 1651 2884 μέγα
1685 2816 1985 2885 πεποιηκέ-

414 2914 538 2962 ναι,
578 2899 743 2952 αὑτοῦ
773 2899 871 2970 τὴν
910 2901 1108 2973 ἀρετὴν
1152 2906 1265 2966 τοῖς
1324 2904 1545 2958 ἐκείνων
1594 2905 1932 2977 παλαίσμασι
1967 2925 1979 2936 ·

414 2988 516 3039 κᾶν
566 2988 731 3059 μηδὲν
874 2990 1017 3060 μέγα
1058 2992 1150 3044 καὶ
1198 2993 1401 3060 ἀγαθὸν
1450 2996 1827 3066 εἰργασμένος,
1884 2998 1983 3051 οὑκ

411 3079 786 3146 ἀπογνώσεται
813 3082 910 3151 τῆς
938 3082 1131 3136 ἐαυτοῦ
1166 3084 1457 3155 σωτηρίας,
1493 3085 1628 3155 πρὸς
1656 3086 1855 3157 ἀρετῆς
1885 3103 1982 3158 με-

410 3173 642 3243 ταϐολὴν
667 3174 775 3227 ἀπὸ
793 3175 892 3243 τῆς
916 3175 1159 3245 ἀνδρείας
1182 3175 1385 3229 τούτων
1414 3176 1592 3230 λαϐὼν
1616 3177 1979 3249 παράκλησιν,

410 3264 505 3316 καὶ
537 3265 672 3335 πρὸς
700 3267 889 3319 ἑαυτὸν
920 3268 1196 3339 ἐννοήσας,
1230 3269 1310 3320 ὅτι
1346 3268 1684 3338 συμϐήσεταί
1719 3287 1848 3322 ποτε
1888 3270 1982 3323 καὶ

410 3355 573 3407 αὑτὸν
604 3356 732 3417 ῖσως
758 3357 856 3425 τῆς
881 3358 972 3409 τοῦ
1003 3358 1136 3412 Θεοῦ
1167 3360 1573 3429 φιλανθρωπίας
1601 3360 1977 3431 καταξιούσης,

409 3444 635 3498 τοιαῦτα
663 3446 914 3498 ἅλλεσθαι
940 3447 1176 3517 ἅλματα,
1200 3451 1295 3503 καὶ
1321 3449 1514 3520 ἀθρόον
1545 3451 1680 3518 πρὸς
1707 3451 1797 3504 τὸν
1828 3453 1984 3524 οὑρα-

411 3535 503 3587 νὺν
537 3537 822 3605 ἀναϐῆναι,
857 3539 949 3590 καὶ
980 3539 1077 3608 τῆς
1120 3540 1383 3611 μεγίστης
1414 3540 1627 3612 ἐκείνης
1672 3544 1983 3613 παρρησίας

411 3627 712 3697 ἐπιτυχεῖν·
746 3629 840 3680 καὶ
875 3628 1047 3682 ταῦτα
1074 3631 1167 3684 καὶ
1201 3631 1360 3701 ἕτερα
1388 3631 1567 3702 πολλῷ
1600 3631 1819 3687 πλείονα
1861 3633 1982 3686 τού-

409 3734 520 3771 των
565 3717 813 3772 ἐντεῦθεν
849 3719 963 3774 ἔστι
1013 3720 1475 3792 φιλοσοφήσαντας
1520 3722 1795 3777 ἀπελθεῖν.
1828 3725 1983 3793 Μαρ-

409 3805 587 3877 τύρων
616 3809 724 3880 γάρ
767 3808 1015 3874 θάνατος,
1047 3812 1252 3864 πιστῶν
1293 3813 1409 3865 ἐστι
1451 3812 1809 3884 παράκλησις,
1860 3814 1984 3868 Ἐκ-

410 3900 650 3971 κλησιῶν
672 3902 972 3972 παρρησία,
999 3904 1425 3975 Χριστιανισμοῦ
1452 3904 1728 3972 σύστασις,
1753 3906 1981 3961 θανάτου

410 3992 733 4058 κατάλυσις,
769 3993 1117 4058 ἀναστάσεως
1144 3996 1450 4061 ἀπόδειξις,
1478 3996 1746 4067 δαιμόνων
1788 3997 1978 4066 γέλως,

407 4081 654 4136 διαϐόλου
680 4084 999 4156 κατηγορία,
1022 4086 1337 4155 φιλοσοφίας
1356 4088 1695 4150 διδασκαλία,
1725 4088 1981 4160 παραίνε-

411 4191 495 4238 σις
532 4175 634 4246 τῆς
669 4176 969 4247 ὑπεροψίας
1003 4178 1113 4231 τῶν
1143 4180 1426 4249 παρόντων
1460 4181 1802 4252 πραγμάτων
1822 4220 1837 4245 ,
1887 4182 1982 4235 καὶ

408 4267 508 4337 τῆς
538 4268 646 4320 τῶν
680 4268 978 4338 μελλόντων
1011 4269 1303 4340 ἐπιθυμίας
1331 4270 1468 4336 ὁδὸς,
1509 4271 1832 4343 παραμυθία
1872 4272 1980 4326 τῶν

408 4360 744 4432 κατεχόντων
787 4362 935 4432 ἡμᾶς
983 4360 1193 4428 δεινῶν,
1234 4365 1330 4415 καί⁹
1373 4363 1647 4433 ὑπομονῆς
1684 4365 1978 4437 πρόφασις,

407 4452 702 4522 καρτερίας
739 4452 981 4523 ἀφορμὴ,
1017 4453 1112 4506 καὶ
1161 4455 1379 4513 πάντων
1413 4454 1520 4508 τῶν
1570 4455 1789 4522 ἀγαθῶν
1834 4455 1978 4528 ῥίζα,

407 4545 500 4597 καὶ
529 4544 700 4614 πηγὴ,
734 4545 828 4597 καὶ
864 4545 1045 4615 μήτηρ
1068 4559 1082 4572 ·
1115 4545 1208 4597 καὶ
1251 4546 1298 4596 εί
1329 4544 1582 4614 βούλεσθε
1612 4546 1815 4601 τούτων
1846 4549 1980 4601 ἐκα-

407 4649 531 4686 στον
568 4632 943 4704 ἀποδείξομεν,
972 4636 1065 4689 καὶ
1095 4635 1328 4707 ἐροῦμεν
1355 4637 1471 4701 πῶς
1496 4640 1610 4691 ἐστι
1643 4640 1847 4694 πιστῶν
1878 4658 1980 4694 πα-

409 4719 692 4790 ράκλησις,
741 4721 1073 4790 Ἐκκλησιῶν
1110 4723 1412 4795 παρρησία,
1457 4727 1803 4793 ἀναστάσεως
1839 4731 1978 4784 ἀπό-

405 4808 589 4873 δειξις,
619 4811 711 4862 καὶ
738 4811 804 4865 τὰ
836 4813 998 4867 λοιπά
1025 4815 1259 4879 ἅπαντα,
1295 4816 1437 4890 ἆπερ
1467 4815 1621 4874 εἶπον
1659 4822 1774 4878 νῦν.
1813 4823 1979 4877 Ὅταν

404 4896 498 4955 οὖν
531 4900 668 4972 πρός
700 4901 967 4974 Ἕλληνας
997 4906 1127 4975 ἡμῖν
1154 4906 1362 4974 ἀγῶνες
1391 4909 1646 4964 κινῶνται
1677 4912 1773 4966 καὶ⁵
1807 4914 1977 4983 μάχαι

409 4994 537 5064 περὶ
563 4993 879 5065 δογμάτων,
913 4996 1007 5050 καὶ
1049 4996 1406 5054 διαϐάλλωσιν
1452 5002 1608 5072 ήμῶν
1646 5004 1744 5074 τὴν
1773 5005 1975 5069 πίστιν,

406 5087 545 5161 μετά
578 5086 687 5140 τῶν
717 5086 892 5142 ἄλλων
920 5089 1012 5143 καὶ
1038 5089 1195 5143 τοῦτο
1220 5091 1648 5164 πῳϐαλλὼμεθα
1677 5096 1812 5169 πρὸς
1836 5099 1978 5153 ὲκεί-

402 5197 543 5243 νους,
572 5178 683 5233 τῶν
714 5180 1008 5251 μαρτύρων
1037 5181 1178 5252 φημὶ
1203 5182 1292 5235 τὸν
1315 5182 1560 5253 θάνατον,
1588 5186 1855 5256 λέγοντες
1880 5191 1977 5256 Τίς

398 5272 623 5339 τούτους
661 5272 844 5328 ἔπεισε
880 5275 980 5345 τῆς
1024 5276 1306 5348 παρούσης
1340 5282 1749 5351 καταφρονῆσαι
1792 5284 1972 5354 ζωῆς;

397 5365 463 5417 Et
493 5364 602 5436 γὰρ
629 5364 896 5418 ἀπέθανεν
934 5368 963 5419 ό
995 5367 1231 5438 Χριστὸς
1258 5369 1351 5420 καὶ
1388 5370 1487 5422 οὑκ
1526 5370 1744 5443 ἀνέστη,
1780 5374 1864 5439 τίς
1906 5376 1974 5429 τά

400 5453 543 5525 ὑπὲρ
581 5454 742 5522 φύσιν
783 5455 953 5510 ταῦτα
985 5458 1380 5529 κατώρθωσεν;
1429 5462 1549 5514 Ὅτι
1597 5463 1706 5535 γάρ
1750 5466 1850 5520 οὑκ
1881 5468 1975 5521 ἀν-

400 5545 680 5618 θρωπίνης
708 5547 989 5618 δυνάμεως
1033 5550 1298 5621 μυριάδας
1328 5552 1595 5618 τοσαύτας
1622 5556 1687 5609 ἐκ
1717 5558 1971 5614 τοσούτου

398 5636 592 5706 χρόνου
631 5639 730 5691 οὑκ
774 5639 984 5710 ἀνδρῶν
1028 5639 1220 5711 μόνον,
1254 5640 1390 5697 ἀλλὰ
1426 5645 1520 5697 καὶ
1563 5647 1837 5714 γυναικῶν
1881 5652 1973 5704 καὶ

402 5721 682 5793 παρθένων
717 5731 1108 5801 ἀπειρογάμων
1137 5735 1229 5788 καὶ
1258 5735 1483 5793 παιδίων
1515 5739 1727 5810 μικρῶν
1768 5742 1972 5797 πείθειν

1115 329 1173 384 5.
1212 328 1495 385 JOANNIS
1537 328 2025 387 CHRYSOSTOMI
2071 331 2384 388 AHCHIEI’.
2430 329 2966 388 CONSTANTINOP.
3557 328 3655 387 686

2101 446 2373 517 ὑπερορᾶν
2412 444 2512 513 τῆς
2554 443 2836 514 παρούσης
2866 443 3031 512 ζωῆς,
3064 444 3156 496 καὶ
3191 440 3530 511 κατατολμᾷν
3566 443 3659 511 θη-

2101 533 2228 602 ρίων
2246 573 2262 596 ,
2290 531 2594 602 καταγελᾷν
2637 531 2829 601 πυρὸς,
2864 533 3198 585 καταπατεῖν
3227 529 3371 582 ἅπαν
3405 526 3539 593 εἶδος
3566 548 3657 583 κο-

2096 622 2303 685 λάσεως
2332 623 2424 675 καὶ
2449 621 2717 692 τιμωρίας
2734 657 2751 682 ,
2783 622 2881 673 καὶ
2909 620 3044 691 πρὸς
3068 620 3169 691 τὴν
3203 619 3496 690 μέλλουσαν
3519 621 3661 672 ἐπεί-

2096 713 2287 781 γεσθαι
2311 712 2455 785 ζωὴν
2474 753 2489 777 ,
2514 713 2634 766 οὑδὲ
2657 713 2765 765 τῶν
2787 713 3070 783 ἡμετέρων
3096 711 3332 781 ἐλέγχων
3360 711 3655 780 δεήσονται,

2096 804 2208 858 ἀλλ’
2236 806 2465 869 ἑαυτοὺς
2489 804 2759 876 ἐροῦνται,
2787 804 2882 858 καὶ
2900 804 3091 874 ἱκανὴν
3117 802 3390 868 ἀπόδειξιν
3408 801 3659 872 λήψονται

2097 895 2205 948 τῶν
2237 894 2563 965 λεγομένων.
2609 886 2791 958 Ἑξοῦ
2830 894 2938 965 γὰρ
2978 896 3008 947 ό
3050 892 3282 963 Χριστὸς
3315 892 3657 963 παρεγένετο,

2095 983 2351 1051 γεγόνασι
2386 983 2485 1054 μὲν
2518 985 2736 1038 ἄπιστοι
2772 983 3027 1053 βασιλεῖς,
3069 984 3323 1051 γεγόνασι
3352 983 3409 1036 δὲ
3439 981 3532 1035 καὶ
3564 999 3656 1034 πι-

2098 1073 2234 1138 στοὶ,
2263 1073 2400 1127 ἀλλά
2423 1073 2532 1127 τῶν
2564 1075 2663 1144 μὲν
2691 1075 2934 1127 ἀπίστων
2958 1075 3007 1126 οἱ
3036 1073 3249 1137 πλείους
3272 1075 3362 1127 ἐπὶ
3391 1072 3655 1144 βάραθρα,

2096 1163 2189 1217 καὶ
2223 1165 2421 1236 πυράς,
2469 1166 2563 1218 καὶ
2603 1163 2753 1237 [691]
2802 1167 3098 1235 κρημνοὺς,
3148 1166 3242 1218 καὶ
3289 1165 3523 1236 πελάγη,
3571 1163 3660 1219 καὶ

2096 1255 2298 1326 θηρίων
2330 1256 2546 1324 μανίαν,
2574 1257 2669 1309 καὶ
2696 1257 3062 1329 πολυτρόπους
3083 1258 3352 1323 κολάσεις,
3376 1262 3472 1313 καὶ
3495 1277 3663 1329 τιμω-

2096 1346 2217 1415 ρίας
2270 1346 2394 1409 τοὺς
2443 1348 2667 1410 πιστοὺς
2706 1343 2859 1417 ἦγον,
2909 1351 3071 1402 παντὶ
3109 1350 3297 1421 τρόπῳ
3338 1352 3437 1421 τὴν
3480 1351 3661 1405 πίστιν

2095 1437 2554 1506 ἀναμοχλεύοντες
2597 1439 2697 1508 τῆς
2729 1439 2953 1494 ἐκείνων
2979 1440 3159 1511 ψυχῆς
3178 1484 3192 1507 ,
3223 1443 3317 1495 καὶ
3344 1444 3498 1496 οὐδὲν
3530 1445 3658 1514 ἠνυ-

2097 1544 2216 1589 σαν,
2266 1528 2402 1581 ἀλλά
2434 1530 2928 1598 καταγελασθέντες
2976 1532 3234 1602 ἀπῆλθον,
3267 1533 3375 1587 τῶν
3422 1534 3522 1604 μὲν
3571 1552 3662 1588 πι-

2096 1617 2391 1672 στευόντων
2429 1620 2595 1672 παντὶ
2637 1621 2823 1692 τρόπῳ
2870 1623 3221 1693 κοπτομένων
3244 1662 3261 1688 ,
3295 1625 3394 1686 τῆς
3426 1626 3662 1690 πίστεως

2093 1706 2151 1760 δὲ
2182 1707 2486 1781 αὐξομένης
2521 1709 2802 1780 μειζόνως.
2832 1710 3073 1783 Εὐσεϐὴς
3106 1712 3165 1766 δὲ
3200 1713 3451 1783 βασιλεὺς
3491 1716 3663 1780 οὐδεὶς

2093 1797 2348 1851 οὐδέποτε
2392 1799 2563 1871 ἄνδρα
2594 1801 2821 1854 ἄπιστον
2863 1801 3089 1855 κολάσαι
3123 1803 3216 1855 καὶ
3243 1804 3666 1875 τιμωρήσασθαι

2093 1890 2285 1955 εἵλετο,
2319 1893 2745 1962 καταναγκάζων
2776 1896 3077 1965 ἀποστῆναι
3104 1897 3203 1966 τῆς
3236 1898 3467 1969 πλάνης.
3523 1900 3665 1953 Ἀλλ’

2092 1979 2242 2048 ὅμως
2268 1983 2363 2034 καὶ
2386 1981 2559 2046 οὕτως
2590 1985 2907 2055 αὐτομάτως
2936 1988 3200 2059 καταρρεῖ
3226 1990 3320 2041 καὶ
3343 1988 3665 2056 ἀπόλλυται,

2095 2069 2179 2123 ἵνα
2208 2069 2386 2143 μάθῃς
2411 2076 2504 2128 καὶ
2532 2076 2630 2145 τῆς
2660 2076 2914 2145 ἀληθείας
2943 2079 3039 2150 τὴν
3081 2081 3251 2149 ἰσχὺν,
3296 2082 3389 2133 καὶ
3414 2081 3511 2134 τοῦ
3538 2082 3670 2151 ψεύ-

2094 2161 2218 2225 δους
2254 2163 2352 2234 τὴν
2378 2164 2681 2232 ἀσθένειαν,
2714 2168 2806 2221 τοῦ
2848 2168 2947 2239 μὲν
2969 2170 3288 2241 αὐτομάτως
3316 2173 3411 2225 καὶ
3437 2174 3669 2244 μηδενὸς

2095 2251 2436 2322 ἐνοχλοῦντος
2463 2256 2859 2329 ἀπολλυμένου,
2888 2260 2985 2329 τῆς
3016 2260 3072 2313 δὲ
3097 2261 3187 2314 διὰ
3212 2261 3320 2314 τῶν
3348 2263 3666 2317 κωλυόντων

2093 2342 2397 2417 αὐξομένης
2437 2348 2527 2401 καὶ
2557 2351 2693 2420 πρὸς
2724 2350 2856 2421 ῦψος
2902 2353 3196 2423 αἰρομένης
3233 2354 3437 2421 ἄφατον
3459 2371 3476 2386 ο
3508 2354 3569 2406 τὸ
3610 2354 3667 2408 δὲ

2091 2435 2264 2489 αἴτιον
2287 2479 2301 2504 ,
2336 2439 2418 2491 ὅτι
2453 2442 2548 2494 καὶ
2586 2442 2651 2512 ζῇ
2686 2444 2781 2496 καὶ
2814 2445 3026 2514 ἐνεργεῖ
3062 2447 3181 2506 ταῖς
3217 2446 3324 2498 τῶν
3374 2444 3667 2517 μαρτύρων

2092 2530 2286 2598 ψυχαῖς
2315 2532 2344 2582 ό
2383 2531 2633 2602 Χριστός.
2674 2534 2841 2586 Ὅταν
2887 2530 2978 2587 οὖν
3010 2534 3260 2603 λέγωσιν,
3299 2536 3378 2587 ὅτι
3423 2536 3526 2588 οὑκ
3573 2537 3668 2588 ἀν-

2091 2620 2244 2692 έστη,
2271 2621 2443 2676 ταῦτα
2459 2624 2653 2688 αὑτοὺς
2678 2624 2989 2695 ἐρωτῶμεν·
3017 2626 3125 2677 Καὶ
3153 2625 3236 2688 τίς
3262 2625 3435 2678 ταῦτα
3463 2626 3669 2696 κατώρ-

2092 2710 2298 2778 θωσεν;
2324 2716 2351 2768 ό
2375 2716 2586 2784 νεκρὸς,
2616 2716 2736 2770 είπέ
2773 2735 2899 2787 μοι;
2941 2717 3098 2770 Ἀλλά
3128 2718 3371 2771 τοσοῦτοι
3410 2719 3669 2787 γεγόνασι

2091 2805 2292 2874 νεκροὶ,
2335 2806 2430 2860 καὶ
2467 2807 2645 2871 οὐδεὶς
2676 2808 2900 2862 τοιαῦτα
2936 2810 3250 2880 εἰργάσατο.
3293 2810 3455 2862 Ἀλλά
3494 2810 3669 2880 μάγος

2091 2898 2184 2949 καὶ
2204 2899 2333 2968 γόης
2355 2894 2422 2968 ῆν
2448 2915 2462 2963 ;
2495 2899 2653 2952 Ἀλλά
2678 2900 2862 2954 πολλοὶ
2894 2902 2987 2954 καὶ
3020 2902 3183 2972 μάγοι
3223 2903 3317 2956 καὶ
3348 2903 3546 2972 γόητες
3573 2905 3670 2957 καὶ

2091 2987 2281 3041 πλάνοι
2306 2988 2648 3059 γεγένηνται,
2668 2992 2763 3043 καὶ
2793 2993 2993 3052 πάντες
3012 2992 3343 3063 σεσίγηνται,
3363 2994 3458 3045 καὶ
3481 2992 3672 3060 λεῖψα-

2089 3096 2177 3132 νον
2203 3078 2379 3132 αὑτῶν
2410 3081 2509 3132 οὑκ
2539 3079 2684 3133 ἔστιν
2709 3080 2966 3151 οὐδαμοῦ,
2997 3082 3130 3135 ἀλλά
3159 3083 3572 3152 σύναπεσϐέσθη
3602 3086 3668 3153 τῇ

2090 3169 2202 3241 ζωῇ
2226 3171 2320 3223 καὶ
2345 3169 2413 3223 τὰ
2434 3171 2532 3241 τῆς
2556 3172 2893 3241 μαγγανείας
2916 3172 3116 3236 αὑτοῖς·
3140 3172 3207 3225 τά
3235 3172 3289 3225 δὲ
3311 3170 3406 3224 τοῦ
3429 3171 3669 3242 Χριστοῦ

2090 3260 2210 3314 καθ’
2237 3261 2474 3331 ἑκάστην
2497 3261 2717 3326 αὔξεται
2740 3263 2835 3333 τὴν
2865 3264 3095 3335 ἡμέραν,
3124 3264 3218 3317 καὶ
3247 3264 3397 3334 μάλα
3419 3264 3670 3327 εἰκότως·

2088 3351 2148 3403 οὑ
2183 3351 2292 3422 γάρ
2330 3353 2551 3424 γοητείᾳ
2581 3353 2788 3421 ἐγίνετο
2828 3354 2895 3406 τά
2922 3355 3201 3424 γινόμενα,
3242 3355 3377 3408 ἀλλὰ
3425 3356 3549 3425 θεία
3581 3355 3676 3410 δυ’

2090 3445 2270 3515 νάμει,
2295 3446 2384 3500 διὰ
2413 3447 2570 3500 τοῦτο
2590 3448 2711 3501 οὑδὲ
2738 3449 3084 3503 καταλύεται.
3114 3451 3329 3504 Μᾶλλον
3353 3451 3410 3503 δὲ
3433 3452 3538 3505 οὑκ
3563 3449 3675 3503 ἀπὸ

2088 3537 2277 3591 τούτου
2317 3538 2417 3608 τῆς
2459 3539 2742 3610 δυνάμεως
2777 3540 3048 3605 ἀπόδειξιν
3087 3542 3343 3612 ποιοῦμαι
3386 3542 3547 3611 μόνον
3588 3544 3672 3596 ὅτι

2090 3628 2332 3693 αὔξεται,
2366 3631 2478 3683 ἀλλ’
2503 3632 2586 3685 ὅτι
2612 3633 2706 3685 καὶ
2726 3634 2813 3684 ἐπ’
2835 3633 3043 3704 ἀγαθῷ,
3065 3634 3161 3687 καὶ
3183 3636 3248 3704 τῇ
3269 3634 3369 3703 τῆς
3392 3637 3676 3705 ἡμετέρας

2089 3714 2235 3787 ζωῆς
2270 3719 2534 3791 σωτηρίᾳ..
2565 3720 2719 3772 Μετά
2750 3721 2861 3790 γὰρ
2889 3720 2986 3792 τὴν
3015 3723 3223 3775 ἐκείνου
3269 3726 3577 3793 παρουσίαν
3609 3729 3675 3780 ἐκ

2091 3805 2293 3876 θηρίων
2332 3808 2606 3879 ἄνθρωποι
2648 3811 2934 3878 γεγόνασιν
2990 3813 3039 3864 οἱ
3079 3813 3176 3883 τὴν
3221 3815 3323 3884 γῆν
3366 3815 3674 3880 οἰκοῦντες,

2092 3901 2292 3968 μᾶλλον
2337 3901 2392 3954 δὲ
2447 3901 2507 3967 ἐξ
2554 3902 2856 3971 ἀνθρώπων
2894 3903 3117 3970 ἄγγελοι
3154 3905 3386 3969 πάντες,
3441 3909 3495 3960 οῖ
3554 3908 3677 3980 μετ’

2089 3990 2345 4062 ἀληθείας
2373 3993 2522 4064 αὑτῷ
2572 3996 2946 4065 προσέχοντες.
2993 3995 3132 4048 Ἀλλ’
3177 3997 3541 4070 ἠπατήθησαν
3581 4000 3681 4053 καὶ

2091 4083 2561 4155 παρελογίσθησαν
2609 4085 2659 4136 οἱ
2696 4086 3005 4156 μάρτυρες,
3050 4086 3214 4156 φησὶ,
3255 4087 3352 4140 καὶ
3382 4087 3475 4140 διὰ
3513 4088 3682 4142 τοῦτο

2087 4174 2188 4244 τῆς
2214 4174 2490 4246 παρούσης
2519 4176 2930 4248 κατεφρόνησαν
2958 4176 3125 4246 ζωῆς.
3156 4173 3289 4232 Εἶτα
3314 4179 3367 4232 οἱ
3408 4181 3681 4252 πρότεροι

2086 4266 2214 4328 τοὺς
2241 4265 2525 4335 δευτέρους
2559 4266 2657 4318 οὑκ
2697 4266 3010 4329 ἀνέπεισαν,
3040 4267 3160 4320 οὑδὲ
3189 4270 3236 4320 οί
3264 4268 3515 4341 δεύτεροι
3544 4271 3680 4332 τοὺς

2086 4356 2324 4426 τρίτους,
2357 4355 2472 4410 ἀλλ’
2510 4357 2619 4425 ὅσῳ
2650 4356 2842 4428 προῄει
2872 4358 2942 4412 τὰ
2971 4358 3078 4412 τῶν
3107 4358 3361 4430 διωγμῶν
3382 4400 3399 4423 ,
3427 4362 3680 4435 τοσούτῳ

2091 4449 2183 4501 καὶ
2208 4447 2365 4502 τοῦτο
2389 4449 2631 4503 ἐπεδίδου
2651 4449 2711 4502 τὸ
2737 4450 3088 4521 κατόρθωμα,
3106 4451 3197 4504 καὶ
3221 4453 3418 4517 οὐδεὶς,
3445 4455 3508 4507 ἐν
3528 4455 3681 4508 οὕτω

2090 4539 2288 4611 μακρῷ
2323 4541 2523 4611 χρόνῳ,
2555 4542 2653 4613 τὴν
2687 4542 2901 4613 ἀπάτην
2942 4543 3166 4597 συνεῖδε.
3194 4544 3304 4598 Καὶ
3345 4544 3452 4599 ποῦ
3494 4546 3679 4603 ταῦτα

2086 4629 2245 4699 λόγον
2271 4631 2336 4685 ἂν
2370 4630 2482 4700 ἔχοι
2507 4648 2520 4695 ;

2159 4915 2221 4968 Εί
2255 4914 2313 4968 δὲ
2347 4915 2653 4986 ήπάτηντο,
2688 4915 2806 4981 πῶς
2838 4917 2939 4988 τὴν
2965 4918 3113 4973 κόνιν
3149 4921 3331 4975 αὐτῶν
3358 4923 3683 4980 δεδοίκασιν

2083 5008 2133 5059 οί
2166 5005 2451 5077 δαίμονες;
2483 5007 2600 5071 πῶς
2636 5009 2731 5060 καὶ
2766 5010 2891 5072 τοὺς
2933 5011 3138 5079 τάφους
3176 5013 3505 5083 φεύγουσιν;
3547 5019 3684 5072 οὑδι

2086 5097 2196 5168 γὰρ
2224 5097 2410 5168 ἐπειδὴ
2452 5099 2679 5168 νεκροὺς
2713 5098 2999 5167 φοϐοῦνται
3033 5102 3319 5173 δαίμονες,
3361 5105 3525 5161 τοῦτο
3564 5110 3684 5163 πά-

2085 5207 2327 5260 σχουσιν.
2364 5189 2492 5245 Ἰδοὺ
2529 5189 2638 5263 γὰρ
2672 5192 2854 5262 μυρίοι
2882 5194 3066 5264 νεκροὶ
3092 5196 3369 5266 πανταχοῦ
3404 5202 3507 5270 τῆς
3540 5201 3677 5269 γῆς.

2082 5283 2355 5345 κάκείνοις
2382 5282 2485 5353 μὲν
2511 5283 2950 5355 προσεδρεύουσι,
2991 5287 3084 5339 καὶ
3111 5287 3337 5352 πολλοὺς
3363 5288 3431 5343 ἂν
3464 5291 3548 5363 [an
3586 5309 3682 5356 τις

2081 5373 2453 5445 δαιμονῶντας
2497 5376 2555 5427 ὲν
2595 5377 2854 5447 ἐρημίαις
2884 5377 3257 5449 διατρίϐοντας
3300 5383 3396 5434 καί⁵
3431 5382 3677 5451 τάφοις·

2079 5463 2207 5518 ἔνθα
2245 5464 2303 5517 δὲ
2333 5465 2443 5518 τῶν
2477 5468 2769 5539 μαρτύρων
2804 5470 2938 5522 ὀστᾶ
2979 5468 3416 5541 κατορώρυκται,
3444 5473 3525 5532 ὡς
3552 5474 3681 5527 ἀπὸ

2083 5555 2255 5627 πυρός
2282 5574 2426 5621 τινος
2457 5559 2549 5611 καὶ
2586 5558 2858 5623 κολάσεως
2895 5562 3168 5632 ἀφορήτου
3215 5563 3475 5632 φεύγουσι
3497 5604 3515 5630 ,
3560 5567 3681 5636 τὴν

2080 5646 2227 5702 ἔνδον
2268 5640 2635 5719 μαστίζουσαν
2682 5652 2882 5717 αὐτοὺς
2930 5652 3160 5724 δύναμιν
3215 5657 3349 5722 μετά
3394 5655 3677 5729 λαμπρᾶς

2079 5740 2254 5812 ἀνακη
2264 5740 2545 5811 ρύττοντες
2575 5743 2780 5815 φωνῆς.
