3800 6282
123 348 215 404 685
1250 354 1338 411 DE
1375 354 1432 411 S.
1479 355 1773 413 DROSIDE
1800 356 2158 413 MARTYRE.

118 483 220 522 mus
255 482 267 521 :
303 480 439 538 quam
491 469 562 525 ob
599 480 813 522 causam
864 465 1136 523 nobiscum
1197 468 1337 522 ferre
1385 467 1641 537 quasdam

120 564 310 626 oportet,
328 555 566 625 quasdam
586 565 709 611 ante
728 570 828 611 nos
844 555 969 610 illuc
988 565 1364 611 transmtttere.
1390 557 1484 612 Est
1498 557 1641 612 enim

114 654 187 703 vta
213 662 404 718 presens
429 649 557 712 vita,
589 664 763 718 neque
789 648 981 704 stabile
1004 649 1289 718 quidquam
1332 648 1512 714 habet,
1545 649 1641 705 sed

115 753 191 792 res
212 737 306 807 ejus
328 737 569 792 molestas
593 748 648 792 et
665 738 926 808 jucundas
960 738 1361 808 pertransimus.
1382 739 1550 807 Quam
1575 739 1645 794 ob

113 844 295 884 causam
318 828 444 883 hunc
471 844 581 899 prae
605 830 813 884 cteteris
836 830 1085 884 omnibus
1101 829 1276 884 locum
1297 830 1476 900 diligo,
1503 830 1645 899 quod

117 936 209 976 non
237 930 441 990 tempore
468 921 706 976 collecta:
744 921 913 975 solum
934 960 950 986 ,
981 920 1074 974 sed
1103 929 1158 975 et
1186 921 1388 990 absque
1425 920 1645 976 collecta

115 1011 206 1066 hue
227 1011 424 1066 venienti
455 1011 641 1065 horum
670 1011 801 1065 mihi
830 1012 1112 1066 verborum
1144 1012 1398 1067 memoria
1429 1012 1648 1067 refrice-

114 1115 208 1169 tur,
248 1103 353 1158 dum
396 1104 613 1158 semotis
648 1103 860 1157 arbitris
898 1103 1061 1157 multa
1102 1119 1223 1158 cum
1269 1102 1649 1174 tranquillitate

112 1194 271 1247 oculos
294 1208 424 1247 meos
465 1208 561 1262 per
595 1193 709 1247 haec
755 1193 1000 1262 sepulcra
1043 1193 1381 1258 circumfero,
1421 1210 1646 1264 quorum

110 1294 361 1354 conspectu
385 1284 591 1338 animus
630 1299 780 1340 meus
810 1284 877 1339 ad
916 1282 1196 1339 defunctos
1237 1293 1294 1340 et
1334 1285 1400 1340 ad
1438 1286 1649 1341 illorum

112 1385 283 1430 statum
306 1375 597 1429 traducitur.

176 1467 224 1522 2.
242 1469 497 1537 Propterea
512 1469 760 1522 nimirum
778 1477 833 1522 et
854 1483 1174 1538 generosum
1188 1468 1327 1523 hunc
1344 1477 1548 1539 patrem
1566 1467 1645 1539 (α)

111 1558 271 1625 laudo,
299 1558 425 1629 quod
468 1568 679 1627 arrepta
728 1574 931 1613 serenae
968 1558 1074 1613 diei
1124 1561 1402 1614 occasione
1428 1574 1525 1612 nus
1550 1558 1655 1614 huc

107 1651 342 1715 eduxerit,
375 1651 701 1720 praecedente
742 1666 839 1704 nos
866 1651 1111 1719 viamque
1145 1651 1297 1706 nobis
1326 1659 1656 1706 monstrante

107 1741 248 1795 beata
275 1740 512 1805 Droside,
546 1740 696 1808 cujus
741 1741 1052 1797 memoriam
1122 1741 1473 1795 celebramus.
1522 1740 1654 1794 Nam

107 1842 286 1901 przcter
305 1846 380 1897 ea,
422 1847 541 1901 qua:
584 1831 722 1885 dicta
755 1841 900 1897 sunt,
949 1830 1203 1900 majorem
1232 1847 1299 1886 ex
1324 1832 1442 1885 loco
1471 1845 1658 1902 possu-

105 1938 220 1977 mus
244 1921 450 1976 fructum
476 1922 779 1991 decerpere.
811 1919 940 1975 Cum
965 1921 1103 1976 enim
1125 1921 1241 1976 aliis
1265 1921 1493 1990 capsulis
1519 1936 1657 1991 prae-

105 2012 344 2067 termissis
384 2011 450 2067 ad
494 2024 784 2084 martyrum
842 2012 1022 2067 thecas
1061 2013 1343 2079 venimus,
1382 2012 1660 2066 sublimius

102 2103 374 2158 efferuntur
423 2104 576 2158 nobis
626 2105 829 2170 animi,
881 2103 1069 2159 fortior
1115 2103 1174 2158 fit
1225 2105 1439 2169 aninta,
1491 2102 1662 2173 major

103 2193 352 2259 alacritas,
387 2192 519 2248 ﬁdes
562 2193 854 2248 ardentior.

170 2291 329 2345 Altera
369 2292 563 2346 occasio
595 2291 892 2344 humilitatis
938 2307 1001 2344 ea:
1041 2299 1243 2360 aspectu
1292 2289 1657 2359 Reliquiarum.

99 2381 340 2452 Martyres
376 2382 782 2435 resurrectionem
812 2379 999 2434 Christi
1018 2381 1330 2450 probant.--
1350 2380 1480 2434 Cum
1508 2380 1664 2449 igitur

96 2474 327 2540 labores,
377 2473 665 2527 certamina
690 2514 706 2539 ,
753 2472 969 2541 praemia
995 2513 1011 2538 ,
1042 2472 1249 2540 palmas
1271 2513 1284 2535 ,
1333 2486 1666 2540 coronasque

96 2568 386 2618 sanctorum
422 2564 641 2618 istorum
686 2563 961 2617 nobiseum
1002 2571 1330 2631 reputamus,
1361 2563 1529 2616 altera
1565 2577 1664 2616 no-

93 2654 180 2708 bis
201 2654 497 2708 humilitatis
525 2655 737 2709 occasio
777 2668 959 2708 rursus
986 2654 1240 2707 occurrit.
1272 2652 1395 2709 Sive
1422 2654 1562 2708 enim
1593 2654 1661 2708 ab

96 2746 275 2815 aliquo
293 2746 541 2816 praeclara
570 2745 801 2799 facinora
828 2746 934 2799 sint
953 2752 1180 2814 patrata,
1204 2743 1332 2798 nihil
1349 2759 1407 2799 se
1421 2760 1666 2814 magnum

87 2836 318 2905 gessisse
367 2836 726 2901 arbitrabitur,
775 2836 820 2888 si
874 2849 1026 2890 suam
1077 2836 1324 2889 virtutem
1387 2850 1505 2888 eum
1552 2834 1670 2887 illo-

90 2942 215 2980 rum
261 2926 634 2981 certaminibus
659 2926 1047 2995 comparaverit
1079 2944 1090 2977 :
1123 2927 1236 2980 sive
1266 2924 1394 2979 nihil
1419 2940 1667 2994 magnum

85 3018 353 3073 bonumve
382 3018 706 3088 praestiterit,
758 3032 1090 3086 nequaquam
1117 3016 1185 3071 de
1211 3031 1307 3071 sua
1350 3015 1522 3070 salute
1567 3015 1660 3069 de-

84 3108 360 3178 sperabit,
407 3122 530 3165 eum
569 3124 598 3163 a
657 3108 979 3163 fortitudinis
1008 3109 1228 3163 istorum
1277 3107 1523 3177 exemplo
1569 3107 1671 3162 sibi

81 3199 286 3255 sentiat
323 3200 741 3255 cohortationem
789 3199 1048 3266 adhiberi,
1081 3209 1137 3254 ut
1161 3199 1226 3253 ad
1250 3199 1479 3253 studium
1509 3199 1673 3252 virtu—

79 3292 156 3345 tis
179 3306 238 3345 se
270 3291 527 3357 traducat,
580 3306 866 3362 secumque
900 3292 1113 3362 cogitet,
1150 3291 1393 3346 accidere
1436 3291 1673 3361 aliquan-

75 3384 156 3438 do
178 3398 357 3453 posse,
412 3393 470 3438 ut
516 3395 569 3438 et
594 3385 706 3454 ipse
732 3384 957 3439 fortasse
1010 3384 1106 3438 Dei
1148 3383 1470 3453 benignitate
1519 3383 1672 3452 adju-

75 3487 172 3530 tus
223 3477 354 3531 tales
382 3478 589 3547 aliquos
633 3478 797 3532 saltus
833 3476 977 3543 edat,
1005 3486 1059 3531 et
1099 3477 1152 3530 in
1181 3476 1367 3530 etclam
1395 3475 1672 3530 confestim

73 3568 367 3634 ascendat,
409 3583 776 3638 summamque
814 3568 954 3638 apud
1006 3569 1170 3623 Deum
1210 3567 1453 3623 ﬁduciam
1472 3575 1526 3621 et
1551 3583 1673 3637 gra-

69 3659 212 3712 tiam
256 3658 498 3713 obtineat
544 3675 559 3712 :
604 3674 666 3713 ac
709 3659 775 3713 de
822 3659 904 3712 his
946 3659 1169 3728 aliisque
1217 3659 1382 3714 multo
1438 3659 1677 3730 pluribus

64 3748 530 3819 philosophantes
562 3763 844 3819 possumus
874 3749 997 3803 hinc
1037 3749 1332 3805 discedere.
1386 3749 1676 3819 Martyrum

61 3840 282 3908 quippe
323 3855 473 3895 mors
542 3840 775 3895 fidelium
823 3848 907 3895 est
952 3839 1286 3903 exhortatio,
1320 3840 1675 3895 Ecclesiarum

60 3929 303 3994 ﬁducia,
334 3927 727 3985 Christianismi
753 3929 1106 3995 confirmatio,
1140 3930 1326 3983 mortis
1364 3929 1676 3994 destructio,

58 4019 500 4075 resurrectionis
547 4019 951 4085 demonstratio,
996 4021 1296 4076 daemonum
1353 4019 1677 4088 ignominia,

54 4111 283 4165 diaboli
329 4113 623 4179 accusatio,
670 4111 1018 4182 philosophiae
1062 4111 1324 4172 doctrina,
1364 4109 1431 4163 ad
1462 4123 1549 4163 res
1573 4123 1681 4163 sre-

50 4201 177 4254 culi
239 4200 413 4269 bujus
441 4200 769 4270 spernendas
790 4199 1108 4266 adhortatio,
1162 4209 1216 4253 et
1267 4197 1333 4253 ad
1361 4197 1563 4252 futuras
1590 4196 1684 4252 dc-

49 4289 410 4345 siderandas
431 4291 535 4356 via,
560 4291 807 4346 solatium
830 4291 883 4345 in
920 4289 1095 4354 malis,
1123 4290 1313 4359 quibus
1349 4286 1678 4352 obsidemur,

46 4384 298 4439 occasio
356 4384 648 4454 patientia,
677 4385 897 4450 materia
923 4383 1216 4439 tolerantiae
1234 4420 1251 4448 ,
1280 4381 1536 4436 bonorum
1563 4394 1684 4434 om-

44 4475 223 4529 nium
286 4474 479 4541 radix,
536 4471 656 4529 fons
706 4483 760 4529 et
812 4488 1005 4543 parens
1038 4489 1052 4527 :
1090 4488 1153 4527 ac
1185 4471 1229 4526 si
1280 4471 1453 4541 placet
1492 4470 1682 4524 horum

41 4565 291 4635 singula
353 4564 863 4631 demonstrabimus,
914 4563 1294 4633 dicemusque,
1334 4578 1436 4633 qua
1481 4562 1687 4617 ratione

41 4656 324 4710 fidelium
358 4656 430 4710 sit
461 4656 781 4723 exhortatio,
831 4654 1187 4710 Eeclesiarum
1227 4653 1439 4718 fiducia,
1464 4653 1688 4708 demon-

41 4750 267 4804 stratio
332 4748 766 4812 resurrectionis,
798 4757 853 4802 et
912 4747 1114 4817 reliqua
1163 4747 1363 4814 omnia,
1409 4760 1528 4815 quae
1546 4758 1687 4799 nunc

41 4841 205 4896 dixi.
268 4837 423 4893 Cum
473 4840 633 4910 igitur
699 4838 929 4894 ineunda
978 4845 1103 4892 sunt
1170 4837 1323 4891 nobis
1396 4835 1686 4890 certamina

41 4948 191 4988 cum
217 4931 532 5002 gentilibus
556 4944 619 4984 ac.
643 4930 710 4986 de
738 4930 1073 5001 dogmatibus
1101 4944 1311 5000 pugnae,
1344 4936 1688 4997 nostramque

41 5025 126 5078 illi
188 5022 378 5078 fidem
409 5033 681 5089 accusant,
726 5037 846 5078 cum
896 5022 1103 5077 caeteris
1133 5021 1234 5075 hoc
1261 5020 1420 5074 etiam
1465 5018 1568 5072 illis
1588 5017 1688 5072 ob-

41 5117 362 5187 iiciamus,
393 5123 707 5184 martyrum,
738 5114 971 5182 inquam,
1000 5121 1246 5178 mortem,
1277 5110 1536 5176 dicentes,
1560 5108 1691 5176 Quis

41 5205 359 5275 persuasit
393 5204 529 5271 isris,
577 5214 636 5258 ut
679 5213 997 5274 praesentem
1042 5204 1204 5257 vitam
1244 5199 1690 5256 contemnerent?

41 5295 197 5350 Nam
260 5297 317 5350 si
355 5306 607 5351 mortuus
644 5305 727 5350 est
762 5294 1040 5361 Christus,
1083 5309 1181 5348 uec
1231 5294 1538 5356 resurrexit,
1573 5291 1691 5360 quis

42 5404 174 5444 nec
244 5403 436 5457 supra
490 5398 731 5441 naturam
772 5385 1025 5456 praeclara
1087 5384 1252 5455 gessit
1299 5382 1569 5437 facinora?
1622 5380 1691 5438 Ut

41 5482 206 5536 enim
256 5479 513 5549 probent
564 5477 813 5533 humanae
855 5477 1062 5533 virtutis
1113 5476 1213 5531 hoc
1257 5490 1366 5530 non
1415 5491 1569 5541 esse,
1616 5483 1691 5529 tot

41 5574 331 5629 nillibus
364 5588 402 5625 a
447 5582 556 5627 tam
590 5572 748 5643 longo
796 5580 1035 5639 tempore
1065 5584 1170 5623 non
1199 5567 1433 5622 virorum
1466 5575 1689 5643 tantum,

47 5668 132 5722 rd
194 5677 267 5722 et
312 5665 632 5732 mulierum,
689 5675 742 5721 et
790 5664 1051 5735 virginum
1094 5663 1453 5734 innuptarum,
1484 5671 1538 5718 et
1568 5676 1693 5733 pue-

84 5785 189 5847 (a)
236 5790 333 5833 De
360 5782 592 5833 Flaviano
609 5780 819 5845 loquitur
839 5781 1087 5844 Episcopo.

3228 360 3333 416 686

1750 486 1930 525 rerum
1973 484 2258 540 parvorum
2303 470 2653 540 persuadere,
2706 483 2763 528 ut
2799 472 2961 528 vitam
3014 486 3333 544 praise-ment

1751 563 2041 634 negligant,
2092 571 2148 619 et
2198 563 2450 619 audacter
2500 578 2561 619 se
2608 563 2795 618 bestiis
2839 562 3109 630 offerant,
3160 565 3333 634 ignem

1749 664 2125 724 aspernentur,
2154 670 2312 710 omne
2371 670 2648 725 ptrnarum
2677 671 2741 711 ac
2762 656 3141 726 suppliciorum
3165 671 3335 727 genus

1750 747 2066 818 despiciant,
2120 757 2281 817 atque
2328 746 2393 801 ad
2434 748 2665 802 futuram
2696 748 2860 801 vitam
2902 747 3173 812 festinent,
3204 747 3336 802 nihil

1750 838 2077 909 argumentis
2125 838 2323 893 nostris
2370 837 2701 908 indigebunt,
2733 837 2828 892 sed
2857 837 3064 907 seipsos
3107 838 3338 892 interro—

1750 929 1968 998 gabant,
2018 937 2073 983 ct
2115 928 2467 984 sufficientem
2515 945 2581 985 ex
2628 929 2693 983 iis
2740 944 2859 1000 quae
2887 929 3027 983 dicta
3072 938 3197 984 sum
3242 929 3339 983 «ιε.

1753 1021 2190 1076 monstrationem
2224 1032 2517 1076 assument.
2539 1021 2672 1077 Nam
2697 1037 2764 1076 ex
2778 1037 2885 1091 quo
2916 1032 3151 1091 tempore
3178 1019 3338 1075 Chri-

1754 1119 1868 1165 stus
1889 1111 2123 1177 advenit,
2155 1111 2398 1166 inﬁdeles
2442 1113 2659 1167 fuerunt
2714 1112 3079 1181 imperatores,
3126 1110 3340 1166 fuerunt

1755 1211 1810 1256 et
1854 1201 2059 1267 fideles,
2107 1203 2201 1258 sed
2250 1203 2498 1259 inﬁdeles
2549 1203 2788 1274 plerique
2829 1204 2895 1257 ad
2950 1205 3237 1268 baratltra,
3286 1212 3341 1258 et

1756 1307 1936 1362 rogos,
1987 1302 2041 1346 et
2080 1303 2345 1363 prterupta
2372 1294 2508 1355 loca,
2540 1303 2592 1347 et
2620 1295 2789 1349 maria
2813 1336 2830 1362 ,
2858 1305 2912 1349 et
2939 1296 3226 1351 bestiarum
3256 1296 3340 1349 fu-

1756 1396 1954 1447 rorem,
1996 1397 2059 1436 ac
2102 1383 2246 1436 varia
2292 1383 2672 1453 suppliciorum
2718 1395 2772 1438 et
2814 1400 3090 1454 poenarum
3144 1400 3341 1456 genera

1758 1469 1940 1525 ﬁdeles
1981 1470 2332 1534 abducebant,
2376 1479 2431 1525 et
2482 1473 2730 1529 omnibus
2752 1473 2924 1528 modis
2970 1472 3127 1528 ﬁdem
3174 1490 3241 1529 ex
3276 1474 3341 1528 il-

1759 1559 1930 1614 lorum
1975 1561 2167 1614 animis
2202 1561 2432 1616 evellere
2476 1563 2825 1627 conabantur,
2878 1572 2933 1618 et
2980 1564 3109 1617 nihil
3163 1564 3341 1633 perfe-

1758 1659 1979 1718 cerunt,
2035 1652 2128 1707 sed
2185 1653 2325 1709 irrisi
2376 1653 2652 1720 abierunt,
2715 1654 2841 1709 dum
2898 1655 3082 1710 fideles
3129 1656 3344 1725 quidem

1760 1742 2012 1797 omnibus
2042 1742 2215 1798 modis
2251 1754 2590 1811 vexarentur,
2631 1751 2689 1797 at
2728 1743 2861 1800 fides
2889 1745 3115 1815 amplius
3140 1761 3348 1802 cresce-

1762 1841 1865 1887 ret.
1917 1832 2103 1888 Nullus
2154 1843 2332 1888 autem
2376 1850 2442 1889 ex
2488 1835 2587 1903 piis
2644 1835 3054 1904 Imperatoribus
3099 1851 3347 1904 umquam

1760 1924 2021 1980 adductus
2068 1938 2170 1993 est,
2202 1937 2259 1980 ut
2306 1927 2477 1980 virum
2522 1926 2788 1982 infidelem
2821 1936 3108 1996 torqueret,
3137 1942 3201 1982 ac
3220 1942 3348 1997 sup-

1761 2014 1933 2084 pliciis
1970 2025 2185 2085 cogeret
2227 2017 2294 2071 ab
2333 2030 2517 2071 errore
2542 2015 2837 2072 discedere.
2890 2016 3246 2071 Nihilominus
3272 2027 3350 2070 Ia-

1763 2120 1885 2159 men
1913 2115 2101 2174 sponte
2128 2105 2318 2159 diffluit
2345 2120 2408 2159 ac
2433 2106 2587 2175 perit,
2613 2116 2669 2158 ut
2713 2107 2950 2161 veritatis
2994 2106 3157 2160 robur
3181 2119 3350 2176 agno-

1764 2210 1906 2261 scas,
1958 2206 2012 2249 et
2061 2196 2323 2250 mendacii
2371 2196 2811 2263 imbecillitatem,
2865 2212 2987 2251 cum
3034 2195 3137 2251 hoc
3162 2208 3353 2267 sponte

1766 2301 1830 2342 ac
1875 2288 2022 2341 nullo
2065 2287 2352 2342 insultante
2395 2296 2597 2357 pereat,
2655 2287 2769 2343 haec
2810 2298 2987 2343 autem
3042 2304 3137 2358 per
3165 2302 3280 2353 eos,
3322 2301 3352 2340 a

1767 2377 1957 2447 quibus
2003 2377 2322 2447 impeditur,
2369 2388 2663 2448 augeatur,
2713 2390 2874 2449 atque
2927 2379 2980 2434 in
3039 2379 3353 2434 immensam

1768 2468 2149 2523 sublimitatem
2200 2470 2496 2524 attollatur.
2544 2470 2711 2537 Hujus
2735 2480 2911 2525 autem
2959 2470 3038 2526 rei
3066 2486 3223 2525 causa
3250 2480 3354 2536 est,

1771 2559 1913 2630 quod
1959 2560 2101 2613 vivat
2145 2558 2407 2627 Christus,
2440 2562 2570 2616 etin
2598 2572 2889 2632 martyrum
2919 2562 3199 2617 animabus
3220 2576 3353 2630 ope-

1769 2660 1937 2704 retur.
1980 2650 2035 2705 Si
2063 2651 2273 2720 quaudo
2301 2652 2458 2722 igitur
2505 2653 2756 2719 dixerint,
2788 2653 2959 2722 ipsum
3012 2654 3231 2709 minime
3272 2670 3357 2709 re—

1771 2741 2090 2813 surrexisse,
2151 2742 2265 2797 haec
2304 2758 2368 2796 ex
2414 2743 2520 2797 illis
2569 2744 2932 2810 sciscitemur,
2986 2745 3053 2798 Et
3109 2744 3229 2814 quis
3258 2745 3356 2799 ista

1770 2833 2088 2902 perfecerit?
2115 2849 2240 2887 num
2292 2849 2473 2903 quaeso
2502 2846 2747 2889 mortuus
2782 2835 3011 2902 aliquis?
3058 2837 3215 2906 Atqui
3252 2845 3357 2889 tant

1772 2927 1921 2980 multi
1952 2926 2103 2981 fuere
2143 2928 2359 2993 mortui,
2390 2942 2487 2983 nec
2517 2927 2656 2981 ullus
2683 2927 2806 2981 talia
2839 2928 3103 2997 praestitit.
3131 2928 3358 2982 Atenim

1773 3033 1961 3087 magus
2009 3026 2064 3072 et
2108 3018 2466 3088 praestigiator
2517 3018 2669 3072 erat?
2719 3017 2877 3086 Atqui
2931 3017 3082 3071 multi
3124 3018 3260 3086 magi
3303 3025 3360 3071 et

1776 3108 2189 3177 prtestigiatores
2236 3106 2473 3173 fuerunt,
2504 3117 2559 3162 et
2608 3122 2796 3161 omnes
2822 3107 3033 3161 silentio
3081 3106 3361 3161 involvun-

1775 3210 1882 3268 tur,
1907 3217 2006 3256 nec
2048 3202 2171 3256 ulla:
2225 3201 2459 3271 ipsorum
2500 3201 2704 3269 uspiam
2746 3200 2982 3269 reliquis:
3012 3210 3232 3267 restant,
3265 3201 3358 3254 sed

1776 3307 1880 3346 una
1906 3306 2027 3345 cum
2057 3292 2295 3360 ipsorum
2322 3291 2426 3345 vita
2459 3291 2665 3344 illoruttt
2702 3305 2913 3360 quoque
2932 3291 3213 3360 praestigiae
3238 3300 3364 3345 sunt

1776 3383 2054 3437 exstincta:
2083 3398 2096 3434 :
2124 3381 2322 3436 Christi
2374 3396 2501 3436 vero
2539 3380 2726 3450 religio
2769 3380 2990 3450 singulis
3036 3379 3225 3435 diebus
3261 3394 3363 3433 au-

1776 3482 1948 3541 getur,
1994 3486 2058 3525 ac
2123 3472 2314 3525 merito
2362 3485 2511 3525 sane.
2561 3469 2676 3525 Non
2718 3470 2859 3525 enim
2911 3469 3128 3540 magicis
3153 3470 3360 3524 artibus

1779 3564 1994 3629 fiebant,
2049 3561 2145 3618 sed
2171 3563 2369 3618 virtute
2406 3561 2606 3627 divina,
2634 3577 2753 3630 qua:
2779 3562 3119 3631 gerebantur,
3142 3562 3366 3631 ideoque

1778 3672 1883 3711 non
1908 3664 2148 3725 pereunt.
2179 3654 2290 3708 lmo
2315 3670 2442 3709 vero
2471 3669 2576 3710 non
2603 3669 2668 3709 ex
2693 3654 2796 3707 ltoc
2823 3664 3023 3707 tantum
3053 3663 3363 3723 argumenta

1779 3746 1916 3801 duco
1959 3745 2213 3815 potentia:
2254 3745 2403 3813 ejus,
2449 3745 2589 3814 quod
2629 3755 2921 3814 augeatur,
2972 3743 3068 3797 sed
3125 3743 3267 3811 quod
3310 3742 3361 3796 in

1781 3838 1978 3893 bouum
2016 3846 2070 3892 et
2112 3836 2179 3890 ad
2218 3836 2443 3892 salutem
2482 3838 2606 3891 vitae
2649 3847 2889 3890 nostra}:
2935 3833 3199 3903 siquidem
3249 3843 3368 3903 post

1780 3929 1897 3999 ejus
1940 3928 2226 3983 adventum
2272 3942 2341 3982 ex
2390 3927 2582 3981 belluis
2614 3925 2856 3981 homines
2895 3924 3015 3979 facti
3041 3933 3169 3978 sunt
3207 3934 3370 3977 terra-

1784 4035 1900 4074 rum
1936 4018 2144 4084 incolte,
2201 4018 2287 4071 vel
2324 4017 2500 4086 potius
2525 4032 2589 4071 ex
2619 4014 2921 4069 hominibus
2951 4013 3146 4083 angeli,
3180 4028 3370 4068 omnes

1783 4111 1872 4180 qui
1918 4124 2038 4164 cum
2080 4109 2304 4164 veritate
2360 4107 2435 4161 illi
2472 4107 2830 4161 adhtnserunt.
2889 4105 2961 4159 At
2997 4103 3204 4173 decepti
3245 4112 3372 4158 sunt

1786 4211 1841 4256 et
1888 4201 2091 4256 seducti
2140 4208 2438 4270 martyres,
2494 4196 2703 4267 inquit,
2746 4203 2907 4265 atque
2960 4193 3160 4249 idcirco
3205 4195 3370 4249 vitam

1786 4301 2103 4363 praesentem
2134 4291 2503 4361 neglexerunt.
2537 4288 2739 4344 Deinde
2772 4289 2979 4359 priores
3006 4301 3112 4341 non
3150 4301 3371 4357 persua-

1787 4394 1971 4442 serunt
2010 4384 2280 4451 secundis,
2310 4398 2488 4453 neque
2513 4381 2732 4438 secundi
2788 4381 2978 4446 tertiis,
3032 4378 3126 4434 sed
3165 4388 3370 4450 quanto

1790 4478 1959 4548 magis
1995 4476 2468 4549 progrediebantur
2509 4475 2982 4546 persequutiones,
3027 4479 3173 4527 tanto
3210 4470 3371 4526 etiam

1788 4572 1990 4642 majora
2012 4570 2321 4641 praeclarum
2351 4568 2478 4624 illud
2508 4568 2713 4623 facinus
2729 4568 3057 4622 incrementa
3082 4563 3367 4634 capiebat:

1791 4677 1891 4717 nec
1931 4661 2068 4715 ullus
2099 4670 2245 4715 tanto
2278 4667 2521 4728 tempore
2547 4656 2786 4713 fraudem
2816 4655 3051 4727 agnovit.
3098 4653 3229 4723 Quis
3259 4654 3375 4709 haec

1790 4755 1980 4810 rationi
2007 4765 2361 4809 consentanea
2388 4750 2635 4821 jutlicet?

1864 4847 2168 4903 Sanctorum
2198 4843 2446 4915 Βειίφιὶω
2464 4842 2701 4896 timentur
2726 4856 2759 4895 a
2783 4838 3188 4895 demonibus.—
3220 4836 3371 4906 Quod

1792 4940 1838 4996 si
1879 4938 2087 5009 decepti
2141 4945 2286 5001 sunt,
2344 4937 2433 5006 qui
2464 4936 2542 4999 fit,
2570 4943 2627 4989 ut
2667 4948 2851 4989 eorum
2880 4933 3151 5003 pulverem
3177 4930 3378 4985 daemo~

1795 5044 1891 5085 nes
1921 5026 2331 5099 pertimescant?
2381 5023 2581 5095 quiﬁt,
2627 5034 2686 5079 ut
2727 5038 2912 5078 eorum
2955 5022 3115 5077 etiam
3148 5019 3379 5074 tumulos

1794 5119 2031 5191 fugiant?
2080 5132 2254 5187 neque
2290 5116 2432 5172 enim
2468 5114 2521 5169 id
2565 5115 2645 5169 eis
2690 5113 2903 5182 accidit,
2957 5110 3099 5181 quod
3139 5116 3380 5163 mortuos

1795 5215 2068 5269 datmones
2110 5209 2478 5267 reformident.
2533 5208 2674 5264 Ecce
2724 5217 2953 5272 namque
2997 5201 3192 5256 mortui
3254 5210 3380 5253 sunt

1797 5307 1993 5376 ubique
2041 5315 2298 5358 terrarum
2345 5299 2632 5362 innumeri,
2673 5297 2721 5351 ei
2754 5296 2855 5349 illis
2878 5291 3135 5357 assident,
3158 5304 3222 5344 ac
3246 5289 3382 5343 mul-

1798 5408 1881 5453 tos
1924 5395 2107 5450 videre
2146 5406 2430 5464 possumus
2469 5404 2500 5444 a
2553 5389 2797 5443 dmmoue
2848 5389 3157 5450 correptos,
3184 5378 3275 5449 qui
3329 5379 3381 5433 iu

1797 5488 2027 5545 desertis
2075 5501 2139 5541 ac
2176 5484 2434 5553 sepulcris
2475 5481 2675 5555 degunt
2715 5495 2728 5531 :
2780 5474 2868 5529 ubi
2920 5486 3050 5527 vero
3090 5483 3383 5538 martyrum

1798 5582 2006 5637 defossa
2027 5587 2305 5638 suntossa,
2323 5574 2447 5629 inde
2467 5583 2733 5640 tamquam
2756 5567 2824 5622 ab
2844 5566 2965 5636 igne
2983 5562 3212 5633 quodam
3230 5570 3283 5614 et
3305 5562 3384 5615 io-

1800 5670 2080 5730 toleraudo
2102 5667 2361 5738 supplicio
2399 5664 2665 5727 resiliunt,
2696 5674 2761 5714 ac
2784 5658 3033 5713 virtutem
3071 5654 3216 5726 ipsos
3241 5651 3384 5708 intus

1801 5764 2150 5837 ﬂagellantem
2198 5762 2340 5817 clara
2376 5770 2507 5814 voce
2549 5753 2841 5826 divulgant.
