  <div class='ocr_page' id='page_1' title='image "/cluster/home/n/w/nwhite01/storage/ocr_20150623/50/mdp.39015066055818/283.png"; bbox 0 0 3858 6280; ppageno 0'>
   <div class='ocr_carea' id='block_1_1' title="bbox 392 409 492 467">
    <p class='ocr_par' dir='ltr' id='par_1_1' title="bbox 392 409 492 467">
     <span class='ocr_line' id='line_1_1' title="bbox 392 409 492 467; baseline -0.05 1"><span class='ocrx_word' id='word_1_1' title='bbox 392 409 492 467; x_wconf 75' lang='grc' dir='ltr'><strong>ΰΒἹ</strong></span> 
     </span>
    </p>
   </div>
   <div class='ocr_carea' id='block_1_2' title="bbox 464 494 1976 583">
    <p class='ocr_par' dir='ltr' id='par_1_2' title="bbox 464 494 1976 583">
     <span class='ocr_line' id='line_1_2' title="bbox 464 494 1976 583; baseline -0.022 -8"><span class='ocrx_word' id='word_1_2' title='bbox 464 519 523 575; x_wconf 71' lang='lat'><strong>5.</strong></span> <span class='ocrx_word' id='word_1_3' title='bbox 564 518 737 583; x_wconf 79' lang='lat' dir='ltr'><strong>Atque</strong></span> <span class='ocrx_word' id='word_1_4' title='bbox 762 511 887 565; x_wconf 91' lang='lat' dir='ltr'><strong>hinc</strong></span> <span class='ocrx_word' id='word_1_5' title='bbox 904 506 1118 577; x_wconf 87' lang='lat' dir='ltr'><strong>quidem</strong></span> <span class='ocrx_word' id='word_1_6' title='bbox 1147 513 1419 557; x_wconf 89' lang='lat' dir='ltr'><strong>ostensum</strong></span> <span class='ocrx_word' id='word_1_7' title='bbox 1444 506 1548 564; x_wconf 87' lang='lat' dir='ltr'><strong>est,</strong></span> <span class='ocrx_word' id='word_1_8' title='bbox 1578 494 1828 549; x_wconf 87' lang='lat' dir='ltr'><strong>indicium</strong></span> <span class='ocrx_word' id='word_1_9' title='bbox 1853 502 1976 545; x_wconf 87' lang='lat' dir='ltr'><strong>esse</strong></span> 
     </span>
    </p>
   </div>
   <div class='ocr_carea' id='block_1_3' title="bbox 398 593 1983 666">
    <p class='ocr_par' dir='ltr' id='par_1_3' title="bbox 398 593 1983 666">
     <span class='ocr_line' id='line_1_3' title="bbox 398 593 1983 666; baseline -0.021 -1"><span class='ocrx_word' id='word_1_10' title='bbox 398 610 703 666; x_wconf 63' lang='lat' dir='ltr'><strong>dicumuunt</strong></span> <span class='ocrx_word' id='word_1_11' title='bbox 764 599 1085 654; x_wconf 80' lang='lat' dir='ltr'><strong>infirmitatis</strong></span> <span class='ocrx_word' id='word_1_12' title='bbox 1133 603 1362 648; x_wconf 86' lang='lat' dir='ltr'><strong>mortem</strong></span> <span class='ocrx_word' id='word_1_13' title='bbox 1412 597 1702 658; x_wconf 89' lang='lat' dir='ltr'><strong>martyrum</strong></span> <span class='ocrx_word' id='word_1_14' title='bbox 1751 597 1766 636; x_wconf 91' lang='lat'><strong>:</strong></span> <span class='ocrx_word' id='word_1_15' title='bbox 1819 593 1983 652; x_wconf 84' lang='lat' dir='ltr'><strong>porro</strong></span> 
     </span>
    </p>
   </div>
   <div class='ocr_carea' id='block_1_4' title="bbox 401 675 1984 768">
    <p class='ocr_par' dir='ltr' id='par_1_4' title="bbox 401 675 1984 768">
     <span class='ocr_line' id='line_1_4' title="bbox 401 675 1984 768; baseline -0.02 -14"><span class='ocrx_word' id='word_1_16' title='bbox 401 709 673 768; x_wconf 75' lang='lat' dir='ltr'><strong>stuporem</strong></span> <span class='ocrx_word' id='word_1_17' title='bbox 721 704 784 746; x_wconf 84' lang='lat' dir='ltr'><strong>ac</strong></span> <span class='ocrx_word' id='word_1_18' title='bbox 813 687 1157 760; x_wconf 81' lang='lat' dir='ltr'><strong>pervicaciam</strong></span> <span class='ocrx_word' id='word_1_19' title='bbox 1196 684 1409 738; x_wconf 85' lang='lat' dir='ltr'><strong>illorum</strong></span> <span class='ocrx_word' id='word_1_20' title='bbox 1433 680 1532 733; x_wconf 86' lang='lat' dir='ltr'><strong>hac</strong></span> <span class='ocrx_word' id='word_1_21' title='bbox 1555 675 1743 732; x_wconf 89' lang='lat' dir='ltr'><strong>eadem</strong></span> <span class='ocrx_word' id='word_1_22' title='bbox 1768 687 1828 727; x_wconf 90' lang='lat' dir='ltr'><strong>re</strong></span> <span class='ocrx_word' id='word_1_23' title='bbox 1868 684 1984 724; x_wconf 87' lang='lat' dir='ltr'><strong>ma—</strong></span> 
     </span>
    </p>
   </div>
   <div class='ocr_carea' id='block_1_5' title="bbox 402 765 1988 845">
    <p class='ocr_par' dir='ltr' id='par_1_5' title="bbox 402 765 1988 845">
     <span class='ocr_line' id='line_1_5' title="bbox 402 765 1988 845; baseline -0.021 0"><span class='ocrx_word' id='word_1_24' title='bbox 402 765 546 845; x_wconf 75' lang='lat' dir='ltr'><strong>xime</strong></span> <span class='ocrx_word' id='word_1_25' title='bbox 574 783 795 842; x_wconf 85' lang='lat' dir='ltr'><strong>revinci.</strong></span> <span class='ocrx_word' id='word_1_26' title='bbox 843 779 966 835; x_wconf 87' lang='lat' dir='ltr'><strong>inde</strong></span> <span class='ocrx_word' id='word_1_27' title='bbox 1011 774 1300 831; x_wconf 79' lang='lat' dir='ltr'><strong>constabit.</strong></span> <span class='ocrx_word' id='word_1_28' title='bbox 1329 770 1462 825; x_wconf 88' lang='lat' dir='ltr'><strong>Cum</strong></span> <span class='ocrx_word' id='word_1_29' title='bbox 1483 769 1625 824; x_wconf 86' lang='lat' dir='ltr'><strong>enim</strong></span> <span class='ocrx_word' id='word_1_30' title='bbox 1656 765 1764 831; x_wconf 87' lang='lat' dir='ltr'><strong>isti,</strong></span> <span class='ocrx_word' id='word_1_31' title='bbox 1797 773 1988 830; x_wconf 83' lang='lat' dir='ltr'><strong>nempe</strong></span> 
     </span>
    </p>
   </div>
   <div class='ocr_carea' id='block_1_6' title="bbox 407 851 1991 950">
    <p class='ocr_par' dir='ltr' id='par_1_6' title="bbox 407 851 1991 950">
     <span class='ocr_line' id='line_1_6' title="bbox 407 851 1991 950; baseline -0.019 -16"><span class='ocrx_word' id='word_1_32' title='bbox 407 886 702 950; x_wconf 79' lang='lat' dir='ltr'><strong>martyres,</strong></span> <span class='ocrx_word' id='word_1_33' title='bbox 752 872 963 941; x_wconf 85' lang='lat' dir='ltr'><strong>corpori</strong></span> <span class='ocrx_word' id='word_1_34' title='bbox 1003 884 1067 922; x_wconf 87' lang='lat' dir='ltr'><strong>ac</strong></span> <span class='ocrx_word' id='word_1_35' title='bbox 1115 864 1441 921; x_wconf 77' lang='lat' dir='ltr'><strong>naturalibus</strong></span> <span class='ocrx_word' id='word_1_36' title='bbox 1490 857 1703 914; x_wconf 80' lang='lat' dir='ltr'><strong>obnoxii</strong></span> <span class='ocrx_word' id='word_1_37' title='bbox 1758 851 1991 950; x_wconf 77' lang='lat' dir='ltr'><strong>necessi-</strong></span> 
     </span>
    </p>
   </div>
   <div class='ocr_carea' id='block_1_7' title="bbox 408 941 1991 1036">
    <p class='ocr_par' dir='ltr' id='par_1_7' title="bbox 408 941 1991 1036">
     <span class='ocr_line' id='line_1_7' title="bbox 408 941 1991 1036; baseline -0.021 -10"><span class='ocrx_word' id='word_1_38' title='bbox 408 941 600 1026; x_wconf 78' lang='lat' dir='ltr'><strong>tatibus</strong></span> <span class='ocrx_word' id='word_1_39' title='bbox 646 941 802 1036; x_wconf 84' lang='lat' dir='ltr'><strong>atque</strong></span> <span class='ocrx_word' id='word_1_40' title='bbox 850 961 1045 1032; x_wconf 89' lang='lat' dir='ltr'><strong>ingenti</strong></span> <span class='ocrx_word' id='word_1_41' title='bbox 1075 960 1317 1013; x_wconf 84' lang='lat' dir='ltr'><strong>dolorum</strong></span> <span class='ocrx_word' id='word_1_42' title='bbox 1365 968 1429 1008; x_wconf 91' lang='lat' dir='ltr'><strong>ac</strong></span> <span class='ocrx_word' id='word_1_43' title='bbox 1463 947 1822 1005; x_wconf 83' lang='lat' dir='ltr'><strong>molestiarum</strong></span> <span class='ocrx_word' id='word_1_44' title='bbox 1853 941 1991 996; x_wconf 59' lang='lat' dir='ltr'><strong>mulo</strong></span> 
     </span>
    </p>
   </div>
   <div class='ocr_carea' id='block_1_8' title="bbox 408 1034 1990 1116">
    <p class='ocr_par' dir='ltr' id='par_1_8' title="bbox 408 1034 1990 1116">
     <span class='ocr_line' id='line_1_8' title="bbox 408 1034 1990 1116; baseline -0.02 0"><span class='ocrx_word' id='word_1_45' title='bbox 408 1060 632 1116; x_wconf 90' lang='lat' dir='ltr'><strong>titudiue</strong></span> <span class='ocrx_word' id='word_1_46' title='bbox 675 1034 1013 1112; x_wconf 80' lang='lat' dir='ltr'><strong>circumsessi</strong></span> <span class='ocrx_word' id='word_1_47' title='bbox 1066 1050 1318 1105; x_wconf 86' lang='lat' dir='ltr'><strong>caducam</strong></span> <span class='ocrx_word' id='word_1_48' title='bbox 1372 1045 1537 1099; x_wconf 86' lang='lat' dir='ltr'><strong>vitam</strong></span> <span class='ocrx_word' id='word_1_49' title='bbox 1586 1048 1820 1109; x_wconf 82' lang='lat' dir='ltr'><strong>agentes,</strong></span> <span class='ocrx_word' id='word_1_50' title='bbox 1852 1034 1990 1090; x_wconf 85' lang='lat' dir='ltr'><strong>etin</strong></span> 
     </span>
    </p>
   </div>
   <div class='ocr_carea' id='block_1_9' title="bbox 411 1126 1997 1219">
    <p class='ocr_par' dir='ltr' id='par_1_9' title="bbox 411 1126 1997 1219">
     <span class='ocr_line' id='line_1_9' title="bbox 411 1126 1997 1219; baseline -0.018 -11"><span class='ocrx_word' id='word_1_51' title='bbox 411 1152 566 1207; x_wconf 88' lang='lat' dir='ltr'><strong>terris</strong></span> <span class='ocrx_word' id='word_1_52' title='bbox 615 1149 902 1219; x_wconf 75' lang='lat' dir='ltr'><strong>degentes,</strong></span> <span class='ocrx_word' id='word_1_53' title='bbox 949 1146 1019 1199; x_wconf 89' lang='lat' dir='ltr'><strong>ita</strong></span> <span class='ocrx_word' id='word_1_54' title='bbox 1070 1150 1386 1213; x_wconf 71' lang='lat' dir='ltr'><strong>praesentem</strong></span> <span class='ocrx_word' id='word_1_55' title='bbox 1424 1138 1586 1190; x_wconf 87' lang='lat' dir='ltr'><strong>vitam</strong></span> <span class='ocrx_word' id='word_1_56' title='bbox 1621 1142 1874 1201; x_wconf 82' lang='lat' dir='ltr'><strong>spernere</strong></span> <span class='ocrx_word' id='word_1_57' title='bbox 1917 1126 1997 1180; x_wconf 86' lang='lat' dir='ltr'><strong>vi-</strong></span> 
     </span>
    </p>
   </div>
   <div class='ocr_carea' id='block_1_10' title="bbox 411 1222 1993 1311">
    <p class='ocr_par' dir='ltr' id='par_1_10' title="bbox 411 1222 1993 1311">
     <span class='ocr_line' id='line_1_10' title="bbox 411 1222 1993 1311; baseline -0.016 -13"><span class='ocrx_word' id='word_1_58' title='bbox 411 1244 658 1308; x_wconf 85' lang='lat' dir='ltr'><strong>deantur,</strong></span> <span class='ocrx_word' id='word_1_59' title='bbox 698 1250 917 1311; x_wconf 78' lang='lat' dir='ltr'><strong>propter</strong></span> <span class='ocrx_word' id='word_1_60' title='bbox 955 1252 1104 1292; x_wconf 87' lang='lat' dir='ltr'><strong>suam</strong></span> <span class='ocrx_word' id='word_1_61' title='bbox 1134 1236 1188 1288; x_wconf 92' lang='lat' dir='ltr'><strong>in</strong></span> <span class='ocrx_word' id='word_1_62' title='bbox 1230 1235 1415 1296; x_wconf 88' lang='lat' dir='ltr'><strong>Deum,</strong></span> <span class='ocrx_word' id='word_1_63' title='bbox 1445 1243 1475 1282; x_wconf 83' lang='lat' dir='ltr'><strong>a</strong></span> <span class='ocrx_word' id='word_1_64' title='bbox 1498 1241 1607 1298; x_wconf 90' lang='lat' dir='ltr'><strong>quo</strong></span> <span class='ocrx_word' id='word_1_65' title='bbox 1654 1222 1817 1280; x_wconf 78' lang='lat' dir='ltr'><strong>creati</strong></span> <span class='ocrx_word' id='word_1_66' title='bbox 1851 1226 1993 1282; x_wconf 88' lang='lat' dir='ltr'><strong>sunt,</strong></span> 
     </span>
    </p>
   </div>
   <div class='ocr_carea' id='block_1_11' title="bbox 416 1308 1998 1395">
    <p class='ocr_par' dir='ltr' id='par_1_11' title="bbox 416 1308 1998 1395">
     <span class='ocr_line' id='line_1_11' title="bbox 416 1308 1998 1395; baseline -0.017 -7"><span class='ocrx_word' id='word_1_67' title='bbox 416 1308 724 1395; x_wconf 44' lang='lat' dir='ltr'><strong>caritatem;</strong></span> <span class='ocrx_word' id='word_1_68' title='bbox 760 1329 835 1383; x_wconf 90' lang='lat' dir='ltr'><strong>illi</strong></span> <span class='ocrx_word' id='word_1_69' title='bbox 883 1342 1012 1381; x_wconf 86' lang='lat' dir='ltr'><strong>vero</strong></span> <span class='ocrx_word' id='word_1_70' title='bbox 1049 1334 1104 1378; x_wconf 90' lang='lat' dir='ltr'><strong>ct</strong></span> <span class='ocrx_word' id='word_1_71' title='bbox 1144 1323 1319 1378; x_wconf 86' lang='lat' dir='ltr'><strong>carnis</strong></span> <span class='ocrx_word' id='word_1_72' title='bbox 1355 1329 1609 1388; x_wconf 84' lang='lat' dir='ltr'><strong>expertes</strong></span> <span class='ocrx_word' id='word_1_73' title='bbox 1633 1356 1653 1395; x_wconf 21' lang='lat'><strong>,.</strong></span> <span class='ocrx_word' id='word_1_74' title='bbox 1678 1322 1733 1368; x_wconf 89' lang='lat' dir='ltr'><strong>et</strong></span> <span class='ocrx_word' id='word_1_75' title='bbox 1759 1312 1826 1367; x_wconf 91' lang='lat' dir='ltr'><strong>ab</strong></span> <span class='ocrx_word' id='word_1_76' title='bbox 1848 1308 1998 1364; x_wconf 89' lang='lat' dir='ltr'><strong>omni</strong></span> 
     </span>
    </p>
   </div>
   <div class='ocr_carea' id='block_1_12' title="bbox 417 1400 1999 1486">
    <p class='ocr_par' dir='ltr' id='par_1_12' title="bbox 417 1400 1999 1486">
     <span class='ocr_line' id='line_1_12' title="bbox 417 1400 1999 1486; baseline -0.015 -9"><span class='ocrx_word' id='word_1_77' title='bbox 417 1423 520 1477; x_wconf 89' lang='lat' dir='ltr'><strong>hoc</strong></span> <span class='ocrx_word' id='word_1_78' title='bbox 559 1422 744 1476; x_wconf 88' lang='lat' dir='ltr'><strong>dolore</strong></span> <span class='ocrx_word' id='word_1_79' title='bbox 771 1419 1115 1486; x_wconf 85' lang='lat' dir='ltr'><strong>molestiaque</strong></span> <span class='ocrx_word' id='word_1_80' title='bbox 1164 1415 1458 1476; x_wconf 90' lang='lat' dir='ltr'><strong>immunes,</strong></span> <span class='ocrx_word' id='word_1_81' title='bbox 1514 1409 1584 1462; x_wconf 90' lang='lat' dir='ltr'><strong>ita</strong></span> <span class='ocrx_word' id='word_1_82' title='bbox 1631 1400 1999 1460; x_wconf 83' lang='lat' dir='ltr'><strong>contumeliosi</strong></span> 
     </span>
    </p>
   </div>
   <div class='ocr_carea' id='block_1_13' title="bbox 416 1499 2001 1580">
    <p class='ocr_par' dir='ltr' id='par_1_13' title="bbox 416 1499 2001 1580">
     <span class='ocr_line' id='line_1_13' title="bbox 416 1499 2001 1580; baseline -0.013 -13"><span class='ocrx_word' id='word_1_83' title='bbox 416 1514 583 1568; x_wconf 81' lang='lat' dir='ltr'><strong>fuisse</strong></span> <span class='ocrx_word' id='word_1_84' title='bbox 617 1523 776 1580; x_wconf 87' lang='lat' dir='ltr'><strong>atque</strong></span> <span class='ocrx_word' id='word_1_85' title='bbox 819 1512 870 1564; x_wconf 92' lang='lat' dir='ltr'><strong>in</strong></span> <span class='ocrx_word' id='word_1_86' title='bbox 902 1523 1053 1562; x_wconf 83' lang='lat' dir='ltr'><strong>sumo</strong></span> <span class='ocrx_word' id='word_1_87' title='bbox 1107 1504 1495 1572; x_wconf 76' lang='lat' dir='ltr'><strong>benefactorem</strong></span> <span class='ocrx_word' id='word_1_88' title='bbox 1539 1499 1729 1569; x_wconf 81' lang='lat' dir='ltr'><strong>ingrati</strong></span> <span class='ocrx_word' id='word_1_89' title='bbox 1771 1511 2001 1550; x_wconf 83' lang='lat' dir='ltr'><strong>cernan-</strong></span> 
     </span>
    </p>
   </div>
   <div class='ocr_carea' id='block_1_14' title="bbox 422 1586 2000 1670">
    <p class='ocr_par' dir='ltr' id='par_1_14' title="bbox 422 1586 2000 1670">
     <span class='ocr_line' id='line_1_14' title="bbox 422 1586 2000 1670; baseline -0.011 -14"><span class='ocrx_word' id='word_1_90' title='bbox 422 1615 507 1658; x_wconf 90' lang='lat' dir='ltr'><strong>tur</strong></span> <span class='ocrx_word' id='word_1_91' title='bbox 539 1620 554 1656; x_wconf 91' lang='lat'><strong>:</strong></span> <span class='ocrx_word' id='word_1_92' title='bbox 584 1618 741 1670; x_wconf 87' lang='lat' dir='ltr'><strong>quam</strong></span> <span class='ocrx_word' id='word_1_93' title='bbox 772 1599 1169 1654; x_wconf 81' lang='lat' dir='ltr'><strong>exettsaliouem</strong></span> <span class='ocrx_word' id='word_1_94' title='bbox 1221 1593 1524 1649; x_wconf 81' lang='lat' dir='ltr'><strong>habebunt?</strong></span> <span class='ocrx_word' id='word_1_95' title='bbox 1551 1605 1709 1660; x_wconf 88' lang='lat' dir='ltr'><strong>quam</strong></span> <span class='ocrx_word' id='word_1_96' title='bbox 1756 1586 2000 1642; x_wconf 79' lang='lat' dir='ltr'><strong>veniam?</strong></span> 
     </span>
    </p>
   </div>
   <div class='ocr_carea' id='block_1_15' title="bbox 418 1674 2003 1759">
    <p class='ocr_par' dir='ltr' id='par_1_15' title="bbox 418 1674 2003 1759">
     <span class='ocr_line' id='line_1_15' title="bbox 418 1674 2003 1759; baseline -0.014 -11"><span class='ocrx_word' id='word_1_97' title='bbox 418 1692 628 1748; x_wconf 79' lang='lat' dir='ltr'><strong>Nullam</strong></span> <span class='ocrx_word' id='word_1_98' title='bbox 668 1689 840 1759; x_wconf 87' lang='lat' dir='ltr'><strong>plane,</strong></span> <span class='ocrx_word' id='word_1_99' title='bbox 869 1702 986 1743; x_wconf 88' lang='lat' dir='ltr'><strong>cum</strong></span> <span class='ocrx_word' id='word_1_100' title='bbox 1020 1687 1237 1740; x_wconf 86' lang='lat' dir='ltr'><strong>istorum</strong></span> <span class='ocrx_word' id='word_1_101' title='bbox 1271 1686 1437 1737; x_wconf 87' lang='lat' dir='ltr'><strong>virtus</strong></span> <span class='ocrx_word' id='word_1_102' title='bbox 1477 1681 1688 1735; x_wconf 88' lang='lat' dir='ltr'><strong>illorum</strong></span> <span class='ocrx_word' id='word_1_103' title='bbox 1718 1674 2003 1745; x_wconf 79' lang='lat' dir='ltr'><strong>nequitiam</strong></span> 
     </span>
    </p>
   </div>
   <div class='ocr_carea' id='block_1_16' title="bbox 421 1769 2002 1847">
    <p class='ocr_par' dir='ltr' id='par_1_16' title="bbox 421 1769 2002 1847">
     <span class='ocr_line' id='line_1_16' title="bbox 421 1769 2002 1847; baseline -0.011 -12"><span class='ocrx_word' id='word_1_104' title='bbox 421 1794 762 1847; x_wconf 88' lang='lat' dir='ltr'><strong>smnmopere</strong></span> <span class='ocrx_word' id='word_1_105' title='bbox 805 1777 1139 1832; x_wconf 90' lang='lat' dir='ltr'><strong>condemnet.</strong></span> <span class='ocrx_word' id='word_1_106' title='bbox 1184 1775 1295 1829; x_wconf 86' lang='lat' dir='ltr'><strong>Non</strong></span> <span class='ocrx_word' id='word_1_107' title='bbox 1327 1773 1467 1828; x_wconf 89' lang='lat' dir='ltr'><strong>enim</strong></span> <span class='ocrx_word' id='word_1_108' title='bbox 1517 1769 1760 1824; x_wconf 87' lang='lat' dir='ltr'><strong>homines</strong></span> <span class='ocrx_word' id='word_1_109' title='bbox 1803 1777 2002 1820; x_wconf 90' lang='lat' dir='ltr'><strong>tantum</strong></span> 
     </span>
    </p>
   </div>
   <div class='ocr_carea' id='block_1_17' title="bbox 424 1859 2005 1935">
    <p class='ocr_par' dir='ltr' id='par_1_17' title="bbox 424 1859 2005 1935">
     <span class='ocr_line' id='line_1_17' title="bbox 424 1859 2005 1935; baseline -0.009 -12"><span class='ocrx_word' id='word_1_110' title='bbox 424 1870 666 1924; x_wconf 80' lang='lat' dir='ltr'><strong>homines</strong></span> <span class='ocrx_word' id='word_1_111' title='bbox 691 1910 706 1933; x_wconf 96' lang='lat'><strong>,</strong></span> <span class='ocrx_word' id='word_1_112' title='bbox 751 1877 806 1921; x_wconf 91' lang='lat' dir='ltr'><strong>et</strong></span> <span class='ocrx_word' id='word_1_113' title='bbox 847 1867 934 1935; x_wconf 89' lang='lat' dir='ltr'><strong>qui</strong></span> <span class='ocrx_word' id='word_1_114' title='bbox 977 1866 1341 1935; x_wconf 78' lang='lat' dir='ltr'><strong>diligentiores</strong></span> <span class='ocrx_word' id='word_1_115' title='bbox 1377 1871 1500 1915; x_wconf 90' lang='lat' dir='ltr'><strong>sunt</strong></span> <span class='ocrx_word' id='word_1_116' title='bbox 1526 1901 1540 1926; x_wconf 93' lang='lat'><strong>,</strong></span> <span class='ocrx_word' id='word_1_117' title='bbox 1597 1859 2005 1928; x_wconf 83' lang='lat' dir='ltr'><strong>negligentiores</strong></span> 
     </span>
    </p>
   </div>
   <div class='ocr_carea' id='block_1_18' title="bbox 423 1945 2005 2023">
    <p class='ocr_par' dir='ltr' id='par_1_18' title="bbox 423 1945 2005 2023">
     <span class='ocr_line' id='line_1_18' title="bbox 423 1945 2005 2023; baseline -0.012 -9"><span class='ocrx_word' id='word_1_118' title='bbox 423 1959 799 2022; x_wconf 77' lang='lat' dir='ltr'><strong>condemnant,</strong></span> <span class='ocrx_word' id='word_1_119' title='bbox 829 1956 922 2010; x_wconf 90' lang='lat' dir='ltr'><strong>sed</strong></span> <span class='ocrx_word' id='word_1_120' title='bbox 948 1956 1105 2010; x_wconf 87' lang='lat' dir='ltr'><strong>etiam</strong></span> <span class='ocrx_word' id='word_1_121' title='bbox 1136 1954 1279 2023; x_wconf 89' lang='lat' dir='ltr'><strong>ipsos</strong></span> <span class='ocrx_word' id='word_1_122' title='bbox 1296 1953 1565 2006; x_wconf 73' lang='lat' dir='ltr'><strong>daemones</strong></span> <span class='ocrx_word' id='word_1_123' title='bbox 1585 1947 1850 2018; x_wconf 75' lang='lat' dir='ltr'><strong>diligentia</strong></span> <span class='ocrx_word' id='word_1_124' title='bbox 1874 1945 2005 1998; x_wconf 75' lang='lat' dir='ltr'><strong>isto-</strong></span> 
     </span>
    </p>
   </div>
   <div class='ocr_carea' id='block_1_19' title="bbox 427 2042 2002 2116">
    <p class='ocr_par' dir='ltr' id='par_1_19' title="bbox 427 2042 2002 2116">
     <span class='ocr_line' id='line_1_19' title="bbox 427 2042 2002 2116; baseline -0.01 -12"><span class='ocrx_word' id='word_1_125' title='bbox 427 2065 543 2104; x_wconf 85' lang='lat' dir='ltr'><strong>rum</strong></span> <span class='ocrx_word' id='word_1_126' title='bbox 591 2050 824 2104; x_wconf 84' lang='lat' dir='ltr'><strong>damnat.</strong></span> <span class='ocrx_word' id='word_1_127' title='bbox 897 2051 1069 2116; x_wconf 80' lang='lat' dir='ltr'><strong>Atque</strong></span> <span class='ocrx_word' id='word_1_128' title='bbox 1115 2047 1216 2100; x_wconf 88' lang='lat' dir='ltr'><strong>lioc</strong></span> <span class='ocrx_word' id='word_1_129' title='bbox 1267 2045 1569 2099; x_wconf 73' lang='lat' dir='ltr'><strong>declarabat</strong></span> <span class='ocrx_word' id='word_1_130' title='bbox 1615 2042 1831 2103; x_wconf 89' lang='lat' dir='ltr'><strong>Paulus,</strong></span> <span class='ocrx_word' id='word_1_131' title='bbox 1881 2052 2002 2091; x_wconf 90' lang='lat' dir='ltr'><strong>cum</strong></span> 
     </span>
    </p>
   </div>
   <div class='ocr_carea' id='block_1_20' title="bbox 422 2129 2009 2205">
    <p class='ocr_par' dir='ltr' id='par_1_20' title="bbox 422 2129 2009 2205">
     <span class='ocr_line' id='line_1_20' title="bbox 422 2129 2009 2205; baseline -0.009 -12"><span class='ocrx_word' id='word_1_132' title='bbox 422 2139 623 2194; x_wconf 87' lang='lat' dir='ltr'><strong>diceret</strong></span> <span class='ocrx_word' id='word_1_133' title='bbox 653 2157 667 2191; x_wconf 91' lang='lat'><strong>:</strong></span> <span class='ocrx_word' id='word_1_134' title='bbox 702 2138 919 2191; x_wconf 80' lang='lat' dir='ltr'><strong>Nescitis</strong></span> <span class='ocrx_word' id='word_1_135' title='bbox 945 2137 1181 2205; x_wconf 85' lang='lat' dir='ltr'><strong>quoniam</strong></span> <span class='ocrx_word' id='word_1_136' title='bbox 1206 2136 1409 2204; x_wconf 82' lang='lat' dir='ltr'><strong>angelos</strong></span> <span class='ocrx_word' id='word_1_137' title='bbox 1436 2131 1770 2190; x_wconf 74' lang='lat' dir='ltr'><strong>iudicabimus</strong></span> <span class='ocrx_word' id='word_1_138' title='bbox 1795 2129 1818 2182; x_wconf 84' lang='lat'><strong><em>?</em></strong></span> <span class='ocrx_word' id='word_1_139' title='bbox 1846 2143 2009 2197; x_wconf 85' lang='lat' dir='ltr'><strong>quan-</strong></span> 
     </span>
    </p>
   </div>
   <div class='ocr_carea' id='block_1_21' title="bbox 425 2223 2008 2302">
    <p class='ocr_par' dir='ltr' id='par_1_21' title="bbox 425 2223 2008 2302">
     <span class='ocr_line' id='line_1_21' title="bbox 425 2223 2008 2302; baseline -0.009 -16"><span class='ocrx_word' id='word_1_140' title='bbox 425 2244 475 2286; x_wconf 85' lang='lat' dir='ltr'><strong>to</strong></span> <span class='ocrx_word' id='word_1_141' title='bbox 515 2232 673 2302; x_wconf 72' lang='lat' dir='ltr'><strong>iungis</strong></span> <span class='ocrx_word' id='word_1_142' title='bbox 696 2231 959 2285; x_wconf 75' lang='lat' dir='ltr'><strong>swcularia</strong></span> <span class='ocrx_word' id='word_1_143' title='bbox 985 2231 1032 2299; x_wconf 85' lang='grc'><strong>(1</strong></span> <span class='ocrx_word' id='word_1_144' title='bbox 1065 2226 1184 2283; x_wconf 89' lang='lat' dir='ltr'><strong>Cor.</strong></span> <span class='ocrx_word' id='word_1_145' title='bbox 1214 2227 1268 2282; x_wconf 87' lang='lat'><strong>6.</strong></span> <span class='ocrx_word' id='word_1_146' title='bbox 1292 2226 1389 2297; x_wconf 78' lang='lat'><strong>3)?</strong></span> <span class='ocrx_word' id='word_1_147' title='bbox 1427 2226 1626 2291; x_wconf 79' lang='lat' dir='ltr'><strong>Quibus</strong></span> <span class='ocrx_word' id='word_1_148' title='bbox 1646 2223 1821 2277; x_wconf 75' lang='lat' dir='ltr'><strong>vi-rbis</strong></span> <span class='ocrx_word' id='word_1_149' title='bbox 1846 2232 2008 2288; x_wconf 87' lang='lat' dir='ltr'><strong>ange-</strong></span> 
     </span>
    </p>
   </div>
   <div class='ocr_carea' id='block_1_22' title="bbox 426 2312 2008 2391">
    <p class='ocr_par' dir='ltr' id='par_1_22' title="bbox 426 2312 2008 2391">
     <span class='ocr_line' id='line_1_22' title="bbox 426 2312 2008 2391; baseline -0.007 -15"><span class='ocrx_word' id='word_1_150' title='bbox 426 2323 509 2377; x_wconf 88' lang='lat' dir='ltr'><strong>los</strong></span> <span class='ocrx_word' id='word_1_151' title='bbox 554 2322 746 2375; x_wconf 84' lang='lat' dir='ltr'><strong>diaboli</strong></span> <span class='ocrx_word' id='word_1_152' title='bbox 801 2321 1062 2391; x_wconf 80' lang='lat' dir='ltr'><strong>signifiCat</strong></span> <span class='ocrx_word' id='word_1_153' title='bbox 1113 2321 1435 2374; x_wconf 86' lang='lat' dir='ltr'><strong>desertores.</strong></span> <span class='ocrx_word' id='word_1_154' title='bbox 1488 2318 1552 2370; x_wconf 86' lang='lat' dir='ltr'><strong>Et</strong></span> <span class='ocrx_word' id='word_1_155' title='bbox 1599 2315 1863 2386; x_wconf 89' lang='lat' dir='ltr'><strong>quomodo</strong></span> <span class='ocrx_word' id='word_1_156' title='bbox 1888 2312 2008 2365; x_wconf 87' lang='lat' dir='ltr'><strong>illos</strong></span> 
     </span>
    </p>
   </div>
   <div class='ocr_carea' id='block_1_23' title="bbox 428 2405 2007 2480">
    <p class='ocr_par' dir='ltr' id='par_1_23' title="bbox 428 2405 2007 2480">
     <span class='ocr_line' id='line_1_23' title="bbox 428 2405 2007 2480; baseline -0.005 -16"><span class='ocrx_word' id='word_1_157' title='bbox 428 2411 813 2480; x_wconf 59' lang='lat' dir='ltr'><strong>iudicabimus?</strong></span> <span class='ocrx_word' id='word_1_158' title='bbox 844 2421 1044 2480; x_wconf 70' lang='lat' dir='ltr'><strong>quaeret</strong></span> <span class='ocrx_word' id='word_1_159' title='bbox 1087 2411 1295 2480; x_wconf 85' lang='lat' dir='ltr'><strong>aliquis.</strong></span> <span class='ocrx_word' id='word_1_160' title='bbox 1322 2408 1436 2464; x_wconf 86' lang='lat' dir='ltr'><strong>Non</strong></span> <span class='ocrx_word' id='word_1_161' title='bbox 1476 2407 1689 2477; x_wconf 83' lang='lat' dir='ltr'><strong>quidem</strong></span> <span class='ocrx_word' id='word_1_162' title='bbox 1741 2405 2007 2468; x_wconf 84' lang='lat' dir='ltr'><strong>sedentes,</strong></span> 
     </span>
    </p>
   </div>
   <div class='ocr_carea' id='block_1_24' title="bbox 428 2498 2008 2569">
    <p class='ocr_par' dir='ltr' id='par_1_24' title="bbox 428 2498 2008 2569">
     <span class='ocr_line' id='line_1_24' title="bbox 428 2498 2008 2569; baseline -0.005 -14"><span class='ocrx_word' id='word_1_163' title='bbox 428 2512 485 2555; x_wconf 91' lang='lat' dir='ltr'><strong>et</strong></span> <span class='ocrx_word' id='word_1_164' title='bbox 527 2501 782 2555; x_wconf 86' lang='lat' dir='ltr'><strong>rationem</strong></span> <span class='ocrx_word' id='word_1_165' title='bbox 827 2502 894 2555; x_wconf 89' lang='lat' dir='ltr'><strong>ab</strong></span> <span class='ocrx_word' id='word_1_166' title='bbox 922 2505 1000 2556; x_wconf 91' lang='lat' dir='ltr'><strong>eis</strong></span> <span class='ocrx_word' id='word_1_167' title='bbox 1045 2501 1338 2569; x_wconf 79' lang='lat' dir='ltr'><strong>exigentes,</strong></span> <span class='ocrx_word' id='word_1_168' title='bbox 1384 2500 1477 2553; x_wconf 81' lang='lat' dir='ltr'><strong>sed</strong></span> <span class='ocrx_word' id='word_1_169' title='bbox 1520 2498 1788 2567; x_wconf 81' lang='lat' dir='ltr'><strong>diligentia</strong></span> <span class='ocrx_word' id='word_1_170' title='bbox 1830 2503 2008 2549; x_wconf 87' lang='lat' dir='ltr'><strong>nostra</strong></span> 
     </span>
    </p>
   </div>
   <div class='ocr_carea' id='block_1_25' title="bbox 431 2587 2011 2658">
    <p class='ocr_par' dir='ltr' id='par_1_25' title="bbox 431 2587 2011 2658">
     <span class='ocr_line' id='line_1_25' title="bbox 431 2587 2011 2658; baseline -0.004 -12"><span class='ocrx_word' id='word_1_171' title='bbox 431 2593 642 2646; x_wconf 82' lang='lat' dir='ltr'><strong>illorum</strong></span> <span class='ocrx_word' id='word_1_172' title='bbox 706 2592 1001 2646; x_wconf 87' lang='lat' dir='ltr'><strong>socordiam</strong></span> <span class='ocrx_word' id='word_1_173' title='bbox 1059 2592 1498 2646; x_wconf 85' lang='lat' dir='ltr'><strong>condemnautes.</strong></span> <span class='ocrx_word' id='word_1_174' title='bbox 1539 2588 1691 2657; x_wconf 87' lang='lat' dir='ltr'><strong>Quod</strong></span> <span class='ocrx_word' id='word_1_175' title='bbox 1725 2587 2011 2658; x_wconf 86' lang='lat' dir='ltr'><strong>quidemet</strong></span> 
     </span>
    </p>
   </div>
   <div class='ocr_carea' id='block_1_26' title="bbox 433 2662 2041 2750">
    <p class='ocr_par' dir='ltr' id='par_1_26' title="bbox 433 2662 2041 2750">
     <span class='ocr_line' id='line_1_26' title="bbox 433 2662 2041 2750; baseline -0.001 -15"><span class='ocrx_word' id='word_1_176' title='bbox 433 2682 547 2750; x_wconf 82' lang='lat' dir='ltr'><strong>ipse</strong></span> <span class='ocrx_word' id='word_1_177' title='bbox 588 2680 831 2735; x_wconf 85' lang='lat' dir='ltr'><strong>indicans</strong></span> <span class='ocrx_word' id='word_1_178' title='bbox 857 2681 1065 2735; x_wconf 84' lang='lat' dir='ltr'><strong>dicebat</strong></span> <span class='ocrx_word' id='word_1_179' title='bbox 1096 2680 1201 2735; x_wconf 84' lang='lat' dir='ltr'><strong>:Et</strong></span> <span class='ocrx_word' id='word_1_180' title='bbox 1237 2682 1280 2734; x_wconf 82' lang='lat' dir='ltr'><strong>si</strong></span> <span class='ocrx_word' id='word_1_181' title='bbox 1324 2683 1376 2734; x_wconf 85' lang='lat' dir='ltr'><strong>in</strong></span> <span class='ocrx_word' id='word_1_182' title='bbox 1405 2681 1541 2734; x_wconf 75' lang='lat' dir='ltr'><strong>vobis</strong></span> <span class='ocrx_word' id='word_1_183' title='bbox 1572 2680 1835 2749; x_wconf 82' lang='lat' dir='ltr'><strong>judicatur</strong></span> <span class='ocrx_word' id='word_1_184' title='bbox 1867 2662 2041 2734; x_wconf 52' lang='lat' dir='ltr'><strong>mun-r</strong></span> 
     </span>
    </p>
   </div>
   <div class='ocr_carea' id='block_1_27' title="bbox 433 2758 2012 2839">
    <p class='ocr_par' dir='ltr' id='par_1_27' title="bbox 433 2758 2012 2839">
     <span class='ocr_line' id='line_1_27' title="bbox 433 2758 2012 2839; baseline 0.002 -17"><span class='ocrx_word' id='word_1_185' title='bbox 433 2775 529 2823; x_wconf 82' lang='lat' dir='ltr'><strong>dus</strong></span> <span class='ocrx_word' id='word_1_186' title='bbox 560 2768 715 2838; x_wconf 84' lang='lat' dir='ltr'><strong>(Ibid.</strong></span> <span class='ocrx_word' id='word_1_187' title='bbox 750 2784 798 2822; x_wconf 83' lang='grc' dir='ltr'><strong>υ.</strong></span> <span class='ocrx_word' id='word_1_188' title='bbox 830 2770 909 2839; x_wconf 71' lang='lat'><strong>2).</strong></span> <span class='ocrx_word' id='word_1_189' title='bbox 942 2758 1055 2823; x_wconf 70' lang='lat' dir='ltr'><strong>Non</strong></span> <span class='ocrx_word' id='word_1_190' title='bbox 1084 2771 1215 2824; x_wconf 82' lang='lat' dir='ltr'><strong>dixit</strong></span> <span class='ocrx_word' id='word_1_191' title='bbox 1247 2784 1425 2824; x_wconf 91' lang='lat' dir='ltr'><strong>coram</strong></span> <span class='ocrx_word' id='word_1_192' title='bbox 1455 2770 1628 2834; x_wconf 89' lang='lat' dir='ltr'><strong>vobis,</strong></span> <span class='ocrx_word' id='word_1_193' title='bbox 1656 2770 1750 2824; x_wconf 91' lang='lat' dir='ltr'><strong>sed</strong></span> <span class='ocrx_word' id='word_1_194' title='bbox 1778 2784 1873 2839; x_wconf 86' lang='lat' dir='ltr'><strong>per</strong></span> <span class='ocrx_word' id='word_1_195' title='bbox 1898 2785 2012 2827; x_wconf 86' lang='lat' dir='ltr'><strong>vos.</strong></span> 
     </span>
    </p>
   </div>
   <div class='ocr_carea' id='block_1_28' title="bbox 434 2862 2012 2932">
    <p class='ocr_par' dir='ltr' id='par_1_28' title="bbox 434 2862 2012 2932">
     <span class='ocr_line' id='line_1_28' title="bbox 434 2862 2012 2932; baseline 0.001 -17"><span class='ocrx_word' id='word_1_196' title='bbox 434 2862 889 2927; x_wconf 83' lang='lat' dir='ltr'><strong>Quemadmodum</strong></span> <span class='ocrx_word' id='word_1_197' title='bbox 911 2876 1029 2916; x_wconf 91' lang='lat' dir='ltr'><strong>eum</strong></span> <span class='ocrx_word' id='word_1_198' title='bbox 1072 2862 1219 2927; x_wconf 89' lang='lat' dir='ltr'><strong>dicit,</strong></span> <span class='ocrx_word' id='word_1_199' title='bbox 1260 2862 1366 2915; x_wconf 84' lang='lat' dir='ltr'><strong>Viri</strong></span> <span class='ocrx_word' id='word_1_200' title='bbox 1417 2862 1659 2917; x_wconf 71' lang='lat' dir='ltr'><strong>Ninivitie</strong></span> <span class='ocrx_word' id='word_1_201' title='bbox 1687 2874 1934 2932; x_wconf 82' lang='lat' dir='ltr'><strong>surgent,</strong></span> <span class='ocrx_word' id='word_1_202' title='bbox 1958 2873 2012 2917; x_wconf 87' lang='lat' dir='ltr'><strong>et</strong></span> 
     </span>
    </p>
   </div>
   <div class='ocr_carea' id='block_1_29' title="bbox 432 2952 2009 3026">
    <p class='ocr_par' dir='ltr' id='par_1_29' title="bbox 432 2952 2009 3026">
     <span class='ocr_line' id='line_1_29' title="bbox 432 2952 2009 3026; baseline 0.001 -19"><span class='ocrx_word' id='word_1_203' title='bbox 432 2952 861 3008; x_wconf 80' lang='lat' dir='ltr'><strong>condemnabam</strong></span> <span class='ocrx_word' id='word_1_204' title='bbox 879 2955 1273 3023; x_wconf 81' lang='lat' dir='ltr'><strong>generationem</strong></span> <span class='ocrx_word' id='word_1_205' title='bbox 1304 2954 1455 3007; x_wconf 81' lang='lat' dir='ltr'><strong>istam</strong></span> <span class='ocrx_word' id='word_1_206' title='bbox 1484 2953 1630 3026; x_wconf 85' lang='lat' dir='ltr'><strong>(Luc.</strong></span> <span class='ocrx_word' id='word_1_207' title='bbox 1658 2956 1744 3010; x_wconf 83' lang='lat' dir='ltr'><strong>ll.</strong></span> <span class='ocrx_word' id='word_1_208' title='bbox 1772 2954 1884 3023; x_wconf 72' lang='lat'><strong>&#39;52).</strong></span> <span class='ocrx_word' id='word_1_209' title='bbox 1906 2971 2009 3009; x_wconf 86' lang='lat' dir='ltr'><strong>non</strong></span> 
     </span>
    </p>
   </div>
   <div class='ocr_carea' id='block_1_30' title="bbox 434 3045 2012 3116">
    <p class='ocr_par' dir='ltr' id='par_1_30' title="bbox 434 3045 2012 3116">
     <span class='ocr_line' id='line_1_30' title="bbox 434 3045 2012 3116; baseline 0.001 -17"><span class='ocrx_word' id='word_1_210' title='bbox 434 3051 543 3099; x_wconf 72' lang='lat' dir='ltr'><strong>hoc</strong></span> <span class='ocrx_word' id='word_1_211' title='bbox 589 3045 799 3109; x_wconf 90' lang='lat' dir='ltr'><strong>dicitur,</strong></span> <span class='ocrx_word' id='word_1_212' title='bbox 853 3046 1002 3114; x_wconf 88' lang='lat' dir='ltr'><strong>quasi</strong></span> <span class='ocrx_word' id='word_1_213' title='bbox 1056 3045 1296 3103; x_wconf 75' lang='lat' dir='ltr'><strong>Ninivita:</strong></span> <span class='ocrx_word' id='word_1_214' title='bbox 1347 3047 1607 3100; x_wconf 89' lang='lat' dir='ltr'><strong>rationem</strong></span> <span class='ocrx_word' id='word_1_215' title='bbox 1635 3045 2012 3116; x_wconf 72' lang='lat' dir='ltr'><strong>exigantalu-</strong></span> 
     </span>
    </p>
   </div>
   <div class='ocr_carea' id='block_1_31' title="bbox 424 3136 2012 3207">
    <p class='ocr_par' dir='ltr' id='par_1_31' title="bbox 424 3136 2012 3207">
     <span class='ocr_line' id='line_1_31' title="bbox 424 3136 2012 3207; baseline 0.001 -17"><span class='ocrx_word' id='word_1_216' title='bbox 424 3136 586 3202; x_wconf 67' lang='lat' dir='ltr'><strong>dacis,</strong></span> <span class='ocrx_word' id='word_1_217' title='bbox 632 3136 719 3204; x_wconf 89' lang='lat' dir='ltr'><strong>qui</strong></span> <span class='ocrx_word' id='word_1_218' title='bbox 772 3147 881 3190; x_wconf 90' lang='lat' dir='ltr'><strong>tum</strong></span> <span class='ocrx_word' id='word_1_219' title='bbox 923 3136 1180 3191; x_wconf 89' lang='lat' dir='ltr'><strong>increduli</strong></span> <span class='ocrx_word' id='word_1_220' title='bbox 1235 3137 1465 3202; x_wconf 77' lang='lat' dir='ltr'><strong>fuerunt,</strong></span> <span class='ocrx_word' id='word_1_221' title='bbox 1493 3136 1753 3207; x_wconf 87' lang='lat' dir='ltr'><strong>sedquod</strong></span> <span class='ocrx_word' id='word_1_222' title='bbox 1798 3138 1865 3194; x_wconf 88' lang='lat' dir='ltr'><strong>ab</strong></span> <span class='ocrx_word' id='word_1_223' title='bbox 1890 3139 2012 3192; x_wconf 83' lang='lat' dir='ltr'><strong>illo-</strong></span> 
     </span>
    </p>
   </div>
   <div class='ocr_carea' id='block_1_32' title="bbox 432 3226 2010 3285">
    <p class='ocr_par' dir='ltr' id='par_1_32' title="bbox 432 3226 2010 3285">
     <span class='ocr_line' id='line_1_32' title="bbox 432 3226 2010 3285; baseline 0.003 -5"><span class='ocrx_word' id='word_1_224' title='bbox 432 3242 554 3280; x_wconf 84' lang='lat' dir='ltr'><strong>rum</strong></span> <span class='ocrx_word' id='word_1_225' title='bbox 599 3226 703 3281; x_wconf 88' lang='lat' dir='ltr'><strong>fide</strong></span> <span class='ocrx_word' id='word_1_226' title='bbox 735 3226 959 3281; x_wconf 87' lang='lat' dir='ltr'><strong>istorum</strong></span> <span class='ocrx_word' id='word_1_227' title='bbox 1001 3227 1342 3282; x_wconf 84' lang='lat' dir='ltr'><strong>incredulitas</strong></span> <span class='ocrx_word' id='word_1_228' title='bbox 1388 3229 1795 3283; x_wconf 82' lang='lat' dir='ltr'><strong>condemnetur.</strong></span> <span class='ocrx_word' id='word_1_229' title='bbox 1823 3229 2010 3285; x_wconf 86' lang='lat' dir='ltr'><strong>Possu-</strong></span> 
     </span>
    </p>
   </div>
   <div class='ocr_carea' id='block_1_33' title="bbox 428 3317 2009 3390">
    <p class='ocr_par' dir='ltr' id='par_1_33' title="bbox 428 3317 2009 3390">
     <span class='ocr_line' id='line_1_33' title="bbox 428 3317 2009 3390; baseline 0.004 -21"><span class='ocrx_word' id='word_1_230' title='bbox 428 3332 552 3371; x_wconf 84' lang='lat' dir='ltr'><strong>mus</strong></span> <span class='ocrx_word' id='word_1_231' title='bbox 571 3317 729 3371; x_wconf 87' lang='lat' dir='ltr'><strong>etiam</strong></span> <span class='ocrx_word' id='word_1_232' title='bbox 771 3333 876 3371; x_wconf 90' lang='lat' dir='ltr'><strong>non</strong></span> <span class='ocrx_word' id='word_1_233' title='bbox 916 3319 1297 3373; x_wconf 84' lang='lat' dir='ltr'><strong>mediocritera</strong></span> <span class='ocrx_word' id='word_1_234' title='bbox 1329 3319 1644 3390; x_wconf 79' lang='lat' dir='ltr'><strong>martyribus</strong></span> <span class='ocrx_word' id='word_1_235' title='bbox 1670 3320 1736 3375; x_wconf 85' lang='lat' dir='ltr'><strong>ad</strong></span> <span class='ocrx_word' id='word_1_236' title='bbox 1763 3321 2009 3375; x_wconf 80' lang='lat' dir='ltr'><strong>virtutem</strong></span> 
     </span>
    </p>
   </div>
   <div class='ocr_carea' id='block_1_34' title="bbox 431 3408 2015 3480">
    <p class='ocr_par' dir='ltr' id='par_1_34' title="bbox 431 3408 2015 3480">
     <span class='ocr_line' id='line_1_34' title="bbox 431 3408 2015 3480; baseline 0.004 -21"><span class='ocrx_word' id='word_1_237' title='bbox 431 3422 495 3461; x_wconf 88' lang='lat' dir='ltr'><strong>ac</strong></span> <span class='ocrx_word' id='word_1_238' title='bbox 525 3423 701 3461; x_wconf 87' lang='lat' dir='ltr'><strong>rerum</strong></span> <span class='ocrx_word' id='word_1_239' title='bbox 730 3408 886 3477; x_wconf 81' lang='lat' dir='ltr'><strong>hujus</strong></span> <span class='ocrx_word' id='word_1_240' title='bbox 927 3410 1107 3463; x_wconf 68' lang='lat' dir='ltr'><strong>saeculi</strong></span> <span class='ocrx_word' id='word_1_241' title='bbox 1137 3418 1495 3479; x_wconf 86' lang='lat' dir='ltr'><strong>contemptum</strong></span> <span class='ocrx_word' id='word_1_242' title='bbox 1518 3412 1896 3480; x_wconf 72' lang='lat' dir='ltr'><strong>acquirendum</strong></span> <span class='ocrx_word' id='word_1_243' title='bbox 1919 3412 2015 3465; x_wconf 79' lang='lat' dir='ltr'><strong>ad-</strong></span> 
     </span>
    </p>
   </div>
   <div class='ocr_carea' id='block_1_35' title="bbox 436 3497 2013 3571">
    <p class='ocr_par' dir='ltr' id='par_1_35' title="bbox 436 3497 2013 3571">
     <span class='ocr_line' id='line_1_35' title="bbox 436 3497 2013 3571; baseline 0.005 -21"><span class='ocrx_word' id='word_1_244' title='bbox 436 3497 628 3565; x_wconf 80' lang='lat' dir='ltr'><strong>juvari.</strong></span> <span class='ocrx_word' id='word_1_245' title='bbox 661 3497 788 3550; x_wconf 78' lang='lat' dir='ltr'><strong>Nam</strong></span> <span class='ocrx_word' id='word_1_246' title='bbox 818 3513 939 3552; x_wconf 92' lang='lat' dir='ltr'><strong>cum</strong></span> <span class='ocrx_word' id='word_1_247' title='bbox 984 3499 1110 3552; x_wconf 87' lang='lat' dir='ltr'><strong>istos</strong></span> <span class='ocrx_word' id='word_1_248' title='bbox 1135 3499 1331 3554; x_wconf 89' lang='lat' dir='ltr'><strong>videris</strong></span> <span class='ocrx_word' id='word_1_249' title='bbox 1373 3501 1532 3553; x_wconf 87' lang='lat' dir='ltr'><strong>vitam</strong></span> <span class='ocrx_word' id='word_1_250' title='bbox 1558 3516 1769 3555; x_wconf 88' lang='lat' dir='ltr'><strong>omnent</strong></span> <span class='ocrx_word' id='word_1_251' title='bbox 1827 3517 2013 3571; x_wconf 85' lang='lat' dir='ltr'><strong>asper-</strong></span> 
     </span>
    </p>
   </div>
   <div class='ocr_carea' id='block_1_36' title="bbox 436 3589 2013 3665">
    <p class='ocr_par' dir='ltr' id='par_1_36' title="bbox 436 3589 2013 3665">
     <span class='ocr_line' id='line_1_36' title="bbox 436 3589 2013 3665; baseline 0.004 -23"><span class='ocrx_word' id='word_1_252' title='bbox 436 3591 576 3653; x_wconf 87' lang='lat' dir='ltr'><strong>nari,</strong></span> <span class='ocrx_word' id='word_1_253' title='bbox 608 3590 849 3657; x_wconf 86' lang='lat' dir='ltr'><strong>quamvis</strong></span> <span class='ocrx_word' id='word_1_254' title='bbox 892 3589 1127 3643; x_wconf 89' lang='lat' dir='ltr'><strong>omnium</strong></span> <span class='ocrx_word' id='word_1_255' title='bbox 1192 3591 1267 3645; x_wconf 90' lang='lat' dir='ltr'><strong>sis</strong></span> <span class='ocrx_word' id='word_1_256' title='bbox 1317 3592 1709 3660; x_wconf 88' lang='lat' dir='ltr'><strong>stupidissimus</strong></span> <span class='ocrx_word' id='word_1_257' title='bbox 1751 3609 1815 3649; x_wconf 91' lang='lat' dir='ltr'><strong>ac</strong></span> <span class='ocrx_word' id='word_1_258' title='bbox 1848 3596 2013 3665; x_wconf 80' lang='lat' dir='ltr'><strong>negli-</strong></span> 
     </span>
    </p>
   </div>
   <div class='ocr_carea' id='block_1_37' title="bbox 433 3678 2013 3751">
    <p class='ocr_par' dir='ltr' id='par_1_37' title="bbox 433 3678 2013 3751">
     <span class='ocr_line' id='line_1_37' title="bbox 433 3678 2013 3751; baseline 0.005 -20"><span class='ocrx_word' id='word_1_259' title='bbox 433 3678 792 3748; x_wconf 79' lang='lat' dir='ltr'><strong>gentissiinus,</strong></span> <span class='ocrx_word' id='word_1_260' title='bbox 847 3679 1078 3748; x_wconf 85' lang='lat' dir='ltr'><strong>majores</strong></span> <span class='ocrx_word' id='word_1_261' title='bbox 1117 3680 1323 3734; x_wconf 89' lang='lat' dir='ltr'><strong>animos</strong></span> <span class='ocrx_word' id='word_1_262' title='bbox 1351 3683 1638 3751; x_wconf 90' lang='lat' dir='ltr'><strong>coneipies,</strong></span> <span class='ocrx_word' id='word_1_263' title='bbox 1684 3698 1746 3738; x_wconf 88' lang='lat' dir='ltr'><strong>ac</strong></span> <span class='ocrx_word' id='word_1_264' title='bbox 1797 3684 2013 3739; x_wconf 87' lang='lat' dir='ltr'><strong>delicias</strong></span> 
     </span>
    </p>
   </div>
   <div class='ocr_carea' id='block_1_38' title="bbox 433 3774 2009 3843">
    <p class='ocr_par' dir='ltr' id='par_1_38' title="bbox 433 3774 2009 3843">
     <span class='ocr_line' id='line_1_38' title="bbox 433 3774 2009 3843; baseline 0.006 -18"><span class='ocrx_word' id='word_1_265' title='bbox 433 3782 764 3839; x_wconf 83' lang='lat' dir='ltr'><strong>contemnes,</strong></span> <span class='ocrx_word' id='word_1_266' title='bbox 817 3774 1091 3843; x_wconf 85' lang='lat' dir='ltr'><strong>pecuniam</strong></span> <span class='ocrx_word' id='word_1_267' title='bbox 1141 3775 1422 3843; x_wconf 84' lang='lat' dir='ltr'><strong>despicies,</strong></span> <span class='ocrx_word' id='word_1_268' title='bbox 1450 3787 1504 3830; x_wconf 91' lang='lat' dir='ltr'><strong>et</strong></span> <span class='ocrx_word' id='word_1_269' title='bbox 1548 3777 1599 3830; x_wconf 90' lang='lat' dir='ltr'><strong>in</strong></span> <span class='ocrx_word' id='word_1_270' title='bbox 1640 3777 1786 3832; x_wconf 78' lang='lat' dir='ltr'><strong>caelis</strong></span> <span class='ocrx_word' id='word_1_271' title='bbox 1811 3781 2009 3834; x_wconf 89' lang='lat' dir='ltr'><strong>versari</strong></span> 
     </span>
    </p>
   </div>
   <div class='ocr_carea' id='block_1_39' title="bbox 435 3862 2011 3932">
    <p class='ocr_par' dir='ltr' id='par_1_39' title="bbox 435 3862 2011 3932">
     <span class='ocr_line' id='line_1_39' title="bbox 435 3862 2011 3932; baseline 0.005 -17"><span class='ocrx_word' id='word_1_272' title='bbox 435 3862 803 3931; x_wconf 88' lang='lat' dir='ltr'><strong>concupisces.</strong></span> <span class='ocrx_word' id='word_1_273' title='bbox 863 3863 1014 3931; x_wconf 87' lang='lat' dir='ltr'><strong>Quod</strong></span> <span class='ocrx_word' id='word_1_274' title='bbox 1054 3865 1097 3919; x_wconf 91' lang='lat' dir='ltr'><strong>si</strong></span> <span class='ocrx_word' id='word_1_275' title='bbox 1126 3865 1312 3919; x_wconf 87' lang='lat' dir='ltr'><strong>morbo</strong></span> <span class='ocrx_word' id='word_1_276' title='bbox 1339 3865 1412 3919; x_wconf 90' lang='lat' dir='ltr'><strong>sis</strong></span> <span class='ocrx_word' id='word_1_277' title='bbox 1437 3866 1700 3932; x_wconf 78' lang='lat' dir='ltr'><strong>detentus,</strong></span> <span class='ocrx_word' id='word_1_278' title='bbox 1732 3870 2011 3923; x_wconf 80' lang='lat' dir='ltr'><strong>maximam</strong></span> 
     </span>
    </p>
   </div>
   <div class='ocr_carea' id='block_1_40' title="bbox 436 3953 2014 4029">
    <p class='ocr_par' dir='ltr' id='par_1_40' title="bbox 436 3953 2014 4029">
     <span class='ocr_line' id='line_1_40' title="bbox 436 3953 2014 4029; baseline 0.004 -22"><span class='ocrx_word' id='word_1_279' title='bbox 436 3953 526 4007; x_wconf 86' lang='lat' dir='ltr'><strong>tibi</strong></span> <span class='ocrx_word' id='word_1_280' title='bbox 566 3954 831 4022; x_wconf 68' lang='lat' dir='ltr'><strong>patientia:</strong></span> <span class='ocrx_word' id='word_1_281' title='bbox 856 3955 1189 4010; x_wconf 77' lang='lat' dir='ltr'><strong>occasionem</strong></span> <span class='ocrx_word' id='word_1_282' title='bbox 1222 3957 1532 4026; x_wconf 70' lang='lat' dir='ltr'><strong>prwbebunt</strong></span> <span class='ocrx_word' id='word_1_283' title='bbox 1564 3969 1851 4029; x_wconf 82' lang='lat' dir='ltr'><strong>martyrum</strong></span> <span class='ocrx_word' id='word_1_284' title='bbox 1898 3976 2014 4029; x_wconf 89' lang='lat' dir='ltr'><strong>pas-</strong></span> 
     </span>
    </p>
   </div>
   <div class='ocr_carea' id='block_1_41' title="bbox 432 4046 2012 4120">
    <p class='ocr_par' dir='ltr' id='par_1_41' title="bbox 432 4046 2012 4120">
     <span class='ocr_line' id='line_1_41' title="bbox 432 4046 2012 4120; baseline 0.004 -19"><span class='ocrx_word' id='word_1_285' title='bbox 432 4047 667 4101; x_wconf 85' lang='lat' dir='ltr'><strong>siones:</strong></span> <span class='ocrx_word' id='word_1_286' title='bbox 713 4047 852 4116; x_wconf 86' lang='lat' dir='ltr'><strong>quod</strong></span> <span class='ocrx_word' id='word_1_287' title='bbox 916 4046 961 4101; x_wconf 89' lang='lat' dir='ltr'><strong>si</strong></span> <span class='ocrx_word' id='word_1_288' title='bbox 1018 4059 1325 4120; x_wconf 78' lang='lat' dir='ltr'><strong>paupertate</strong></span> <span class='ocrx_word' id='word_1_289' title='bbox 1376 4050 1669 4119; x_wconf 87' lang='lat' dir='ltr'><strong>premaris,</strong></span> <span class='ocrx_word' id='word_1_290' title='bbox 1725 4052 1836 4107; x_wconf 86' lang='lat' dir='ltr'><strong>sive</strong></span> <span class='ocrx_word' id='word_1_291' title='bbox 1896 4053 2012 4108; x_wconf 78' lang='lat' dir='ltr'><strong>aliis</strong></span> 
     </span>
    </p>
   </div>
   <div class='ocr_carea' id='block_1_42' title="bbox 432 4137 2015 4210">
    <p class='ocr_par' dir='ltr' id='par_1_42' title="bbox 432 4137 2015 4210">
     <span class='ocr_line' id='line_1_42' title="bbox 432 4137 2015 4210; baseline 0.005 -21"><span class='ocrx_word' id='word_1_292' title='bbox 432 4137 705 4206; x_wconf 76' lang='lat' dir='ltr'><strong>quibusvis</strong></span> <span class='ocrx_word' id='word_1_293' title='bbox 742 4139 995 4193; x_wconf 62' lang='lat' dir='ltr'><strong>aerumnis</strong></span> <span class='ocrx_word' id='word_1_294' title='bbox 1034 4143 1263 4205; x_wconf 76' lang='lat' dir='ltr'><strong>vexeris,</strong></span> <span class='ocrx_word' id='word_1_295' title='bbox 1314 4142 1523 4210; x_wconf 82' lang='lat' dir='ltr'><strong>quaties</strong></span> <span class='ocrx_word' id='word_1_296' title='bbox 1549 4144 1733 4196; x_wconf 88' lang='lat' dir='ltr'><strong>oculos</strong></span> <span class='ocrx_word' id='word_1_297' title='bbox 1779 4143 1842 4195; x_wconf 90' lang='lat' dir='ltr'><strong>ad</strong></span> <span class='ocrx_word' id='word_1_298' title='bbox 1865 4156 2015 4197; x_wconf 86' lang='lat' dir='ltr'><strong>acer-</strong></span> 
     </span>
    </p>
   </div>
   <div class='ocr_carea' id='block_1_43' title="bbox 431 4225 2010 4300">
    <p class='ocr_par' dir='ltr' id='par_1_43' title="bbox 431 4225 2010 4300">
     <span class='ocr_line' id='line_1_43' title="bbox 431 4225 2010 4300; baseline 0.006 -21"><span class='ocrx_word' id='word_1_299' title='bbox 431 4225 650 4281; x_wconf 88' lang='lat' dir='ltr'><strong>bitatem</strong></span> <span class='ocrx_word' id='word_1_300' title='bbox 680 4237 1083 4297; x_wconf 77' lang='lat' dir='ltr'><strong>tormentorum,</strong></span> <span class='ocrx_word' id='word_1_301' title='bbox 1104 4247 1226 4300; x_wconf 66' lang='lat' dir='ltr'><strong>quae</strong></span> <span class='ocrx_word' id='word_1_302' title='bbox 1248 4232 1319 4286; x_wconf 91' lang='lat' dir='ltr'><strong>illi</strong></span> <span class='ocrx_word' id='word_1_303' title='bbox 1346 4234 1645 4289; x_wconf 89' lang='lat' dir='ltr'><strong>sustinuere</strong></span> <span class='ocrx_word' id='word_1_304' title='bbox 1664 4276 1677 4298; x_wconf 83' lang='grc'><em>,</em></span> <span class='ocrx_word' id='word_1_305' title='bbox 1707 4228 2010 4300; x_wconf 80' lang='lat' dir='ltr'><strong>convertes,</strong></span> 
     </span>
    </p>
   </div>
   <div class='ocr_carea' id='block_1_44' title="bbox 432 4318 2012 4396">
    <p class='ocr_par' dir='ltr' id='par_1_44' title="bbox 432 4318 2012 4396">
     <span class='ocr_line' id='line_1_44' title="bbox 432 4318 2012 4396; baseline 0.006 -23"><span class='ocrx_word' id='word_1_306' title='bbox 432 4318 784 4375; x_wconf 76' lang='lat' dir='ltr'><strong>sufficientem</strong></span> <span class='ocrx_word' id='word_1_307' title='bbox 828 4321 1090 4377; x_wconf 87' lang='lat' dir='ltr'><strong>malorum</strong></span> <span class='ocrx_word' id='word_1_308' title='bbox 1115 4324 1373 4390; x_wconf 89' lang='lat' dir='ltr'><strong>omnium,</strong></span> <span class='ocrx_word' id='word_1_309' title='bbox 1400 4326 1822 4396; x_wconf 87' lang='lat' dir='ltr'><strong>quibuscumque</strong></span> <span class='ocrx_word' id='word_1_310' title='bbox 1847 4342 2012 4381; x_wconf 85' lang='lat' dir='ltr'><strong>vexe-</strong></span> 
     </span>
    </p>
   </div>
   <div class='ocr_carea' id='block_1_45' title="bbox 434 4409 2016 4484">
    <p class='ocr_par' dir='ltr' id='par_1_45' title="bbox 434 4409 2016 4484">
     <span class='ocr_line' id='line_1_45' title="bbox 434 4409 2016 4484; baseline 0.005 -21"><span class='ocrx_word' id='word_1_311' title='bbox 434 4409 527 4474; x_wconf 87' lang='lat' dir='ltr'><strong>ris,</strong></span> <span class='ocrx_word' id='word_1_312' title='bbox 548 4411 963 4467; x_wconf 82' lang='lat' dir='ltr'><strong>consolationem</strong></span> <span class='ocrx_word' id='word_1_313' title='bbox 988 4413 1268 4482; x_wconf 81' lang='lat' dir='ltr'><strong>percipies.</strong></span> <span class='ocrx_word' id='word_1_314' title='bbox 1296 4414 1585 4484; x_wconf 84' lang='lat' dir='ltr'><strong>Propterea</strong></span> <span class='ocrx_word' id='word_1_315' title='bbox 1614 4417 1848 4472; x_wconf 84' lang='lat' dir='ltr'><strong>maxime</strong></span> <span class='ocrx_word' id='word_1_316' title='bbox 1873 4432 2016 4471; x_wconf 86' lang='lat' dir='ltr'><strong>com-</strong></span> 
     </span>
    </p>
   </div>
   <div class='ocr_carea' id='block_1_46' title="bbox 433 4500 2010 4576">
    <p class='ocr_par' dir='ltr' id='par_1_46' title="bbox 433 4500 2010 4576">
     <span class='ocr_line' id='line_1_46' title="bbox 433 4500 2010 4576; baseline 0.004 -22"><span class='ocrx_word' id='word_1_317' title='bbox 433 4500 848 4554; x_wconf 89' lang='lat' dir='ltr'><strong>tnemorationes</strong></span> <span class='ocrx_word' id='word_1_318' title='bbox 889 4502 1052 4571; x_wconf 88' lang='lat' dir='ltr'><strong>diligo</strong></span> <span class='ocrx_word' id='word_1_319' title='bbox 1078 4511 1374 4574; x_wconf 88' lang='lat' dir='ltr'><strong>martyrum</strong></span> <span class='ocrx_word' id='word_1_320' title='bbox 1391 4543 1407 4570; x_wconf 95' lang='lat'><strong>,</strong></span> <span class='ocrx_word' id='word_1_321' title='bbox 1435 4503 1597 4574; x_wconf 80' lang='lat' dir='ltr'><strong>diligo</strong></span> <span class='ocrx_word' id='word_1_322' title='bbox 1616 4515 1671 4559; x_wconf 87' lang='lat' dir='ltr'><strong>et</strong></span> <span class='ocrx_word' id='word_1_323' title='bbox 1698 4506 2010 4576; x_wconf 87' lang='lat' dir='ltr'><strong>amplector,</strong></span> 
     </span>
    </p>
   </div>
   <div class='ocr_carea' id='block_1_47' title="bbox 433 4594 2014 4666">
    <p class='ocr_par' dir='ltr' id='par_1_47' title="bbox 433 4594 2014 4666">
     <span class='ocr_line' id='line_1_47' title="bbox 433 4594 2014 4666; baseline 0.008 -22"><span class='ocrx_word' id='word_1_324' title='bbox 433 4602 594 4662; x_wconf 85' lang='lat' dir='ltr'><strong>atque</strong></span> <span class='ocrx_word' id='word_1_325' title='bbox 615 4606 802 4648; x_wconf 90' lang='lat' dir='ltr'><strong>omnes</strong></span> <span class='ocrx_word' id='word_1_326' title='bbox 830 4594 1066 4663; x_wconf 88' lang='lat' dir='ltr'><strong>quidem,</strong></span> <span class='ocrx_word' id='word_1_327' title='bbox 1098 4595 1192 4650; x_wconf 85' lang='lat' dir='ltr'><strong>sed</strong></span> <span class='ocrx_word' id='word_1_328' title='bbox 1217 4605 1325 4649; x_wconf 90' lang='lat' dir='ltr'><strong>tum</strong></span> <span class='ocrx_word' id='word_1_329' title='bbox 1358 4598 1644 4666; x_wconf 71' lang='lat' dir='ltr'><strong>praecipue,</strong></span> <span class='ocrx_word' id='word_1_330' title='bbox 1676 4614 1794 4653; x_wconf 90' lang='lat' dir='ltr'><strong>cum</strong></span> <span class='ocrx_word' id='word_1_331' title='bbox 1825 4601 2014 4655; x_wconf 90' lang='lat' dir='ltr'><strong>mulie-</strong></span> 
     </span>
    </p>
   </div>
   <div class='ocr_carea' id='block_1_48' title="bbox 435 4687 2015 4756">
    <p class='ocr_par' dir='ltr' id='par_1_48' title="bbox 435 4687 2015 4756">
     <span class='ocr_line' id='line_1_48' title="bbox 435 4687 2015 4756; baseline 0.007 -19"><span class='ocrx_word' id='word_1_332' title='bbox 435 4698 554 4737; x_wconf 88' lang='lat' dir='ltr'><strong>rum</strong></span> <span class='ocrx_word' id='word_1_333' title='bbox 581 4687 870 4739; x_wconf 84' lang='lat' dir='ltr'><strong>certamina</strong></span> <span class='ocrx_word' id='word_1_334' title='bbox 914 4697 1298 4756; x_wconf 89' lang='lat' dir='ltr'><strong>proponuntur.</strong></span> <span class='ocrx_word' id='word_1_335' title='bbox 1332 4689 1541 4755; x_wconf 89' lang='lat' dir='ltr'><strong>Quanto</strong></span> <span class='ocrx_word' id='word_1_336' title='bbox 1585 4692 1725 4744; x_wconf 89' lang='lat' dir='ltr'><strong>enim</strong></span> <span class='ocrx_word' id='word_1_337' title='bbox 1757 4691 2015 4749; x_wconf 87' lang='lat' dir='ltr'><strong>infirmius</strong></span> 
     </span>
    </p>
   </div>
   <div class='ocr_carea' id='block_1_49' title="bbox 431 4776 2015 4851">
    <p class='ocr_par' dir='ltr' id='par_1_49' title="bbox 431 4776 2015 4851">
     <span class='ocr_line' id='line_1_49' title="bbox 431 4776 2015 4851; baseline 0.008 -26"><span class='ocrx_word' id='word_1_338' title='bbox 431 4782 518 4826; x_wconf 90' lang='lat' dir='ltr'><strong>est</strong></span> <span class='ocrx_word' id='word_1_339' title='bbox 547 4790 637 4827; x_wconf 91' lang='lat' dir='ltr'><strong>vas</strong></span> <span class='ocrx_word' id='word_1_340' title='bbox 659 4776 707 4844; x_wconf 87' lang='lat' dir='ltr'><strong>(l</strong></span> <span class='ocrx_word' id='word_1_341' title='bbox 735 4776 851 4831; x_wconf 77' lang='lat' dir='ltr'><strong>Pet.</strong></span> <span class='ocrx_word' id='word_1_342' title='bbox 876 4778 928 4833; x_wconf 81' lang='grc'><strong>5.</strong></span> <span class='ocrx_word' id='word_1_343' title='bbox 954 4777 1007 4851; x_wconf 87' lang='grc'><strong>7)</strong></span> <span class='ocrx_word' id='word_1_344' title='bbox 1034 4822 1049 4843; x_wconf 87' lang='grc'><em>,</em></span> <span class='ocrx_word' id='word_1_345' title='bbox 1102 4789 1248 4834; x_wconf 83' lang='lat' dir='ltr'><strong>tanto</strong></span> <span class='ocrx_word' id='word_1_346' title='bbox 1291 4780 1462 4849; x_wconf 88' lang='lat' dir='ltr'><strong>major</strong></span> <span class='ocrx_word' id='word_1_347' title='bbox 1505 4791 1587 4836; x_wconf 88' lang='lat' dir='ltr'><strong>est</strong></span> <span class='ocrx_word' id='word_1_348' title='bbox 1637 4785 1803 4851; x_wconf 83' lang='lat' dir='ltr'><strong>gratia</strong></span> <span class='ocrx_word' id='word_1_349' title='bbox 1823 4826 1839 4849; x_wconf 93' lang='lat'><strong>,</strong></span> <span class='ocrx_word' id='word_1_350' title='bbox 1868 4793 2015 4841; x_wconf 87' lang='lat' dir='ltr'><strong>tanto</strong></span> 
     </span>
    </p>
   </div>
   <div class='ocr_carea' id='block_1_50' title="bbox 434 4865 2013 4942">
    <p class='ocr_par' dir='ltr' id='par_1_50' title="bbox 434 4865 2013 4942">
     <span class='ocr_line' id='line_1_50' title="bbox 434 4865 2013 4942; baseline 0.008 -24"><span class='ocrx_word' id='word_1_351' title='bbox 434 4865 691 4919; x_wconf 89' lang='lat' dir='ltr'><strong>illustrius</strong></span> <span class='ocrx_word' id='word_1_352' title='bbox 721 4877 805 4921; x_wconf 89' lang='lat' dir='ltr'><strong>est</strong></span> <span class='ocrx_word' id='word_1_353' title='bbox 849 4877 1127 4938; x_wconf 76' lang='lat' dir='ltr'><strong>tropmum,</strong></span> <span class='ocrx_word' id='word_1_354' title='bbox 1163 4878 1308 4926; x_wconf 86' lang='lat' dir='ltr'><strong>tanto</strong></span> <span class='ocrx_word' id='word_1_355' title='bbox 1342 4871 1602 4942; x_wconf 88' lang='lat' dir='ltr'><strong>insignior</strong></span> <span class='ocrx_word' id='word_1_356' title='bbox 1646 4872 1882 4941; x_wconf 79' lang='lat' dir='ltr'><strong>victoria,</strong></span> <span class='ocrx_word' id='word_1_357' title='bbox 1909 4892 2013 4931; x_wconf 88' lang='lat' dir='ltr'><strong>non</strong></span> 
     </span>
    </p>
   </div>
   <div class='ocr_carea' id='block_1_51' title="bbox 433 4955 2012 5036">
    <p class='ocr_par' dir='ltr' id='par_1_51' title="bbox 433 4955 2012 5036">
     <span class='ocr_line' id='line_1_51' title="bbox 433 4955 2012 5036; baseline 0.009 -28"><span class='ocrx_word' id='word_1_358' title='bbox 433 4955 508 5010; x_wconf 87' lang='lat' dir='ltr'><strong>ob</strong></span> <span class='ocrx_word' id='word_1_359' title='bbox 556 4956 966 5013; x_wconf 89' lang='lat' dir='ltr'><strong>imbecillitatem</strong></span> <span class='ocrx_word' id='word_1_360' title='bbox 1021 4976 1186 5015; x_wconf 77' lang='lat' dir='ltr'><strong>sexus</strong></span> <span class='ocrx_word' id='word_1_361' title='bbox 1229 4962 1570 5029; x_wconf 80' lang='lat' dir='ltr'><strong>athletarum,</strong></span> <span class='ocrx_word' id='word_1_362' title='bbox 1598 4963 1691 5019; x_wconf 90' lang='lat' dir='ltr'><strong>sed</strong></span> <span class='ocrx_word' id='word_1_363' title='bbox 1732 4967 1872 5034; x_wconf 90' lang='lat' dir='ltr'><strong>quod</strong></span> <span class='ocrx_word' id='word_1_364' title='bbox 1916 4981 2012 5036; x_wconf 88' lang='lat' dir='ltr'><strong>per</strong></span> 
     </span>
    </p>
   </div>
   <div class='ocr_carea' id='block_1_52' title="bbox 429 5046 2010 5120">
    <p class='ocr_par' dir='ltr' id='par_1_52' title="bbox 429 5046 2010 5120">
     <span class='ocr_line' id='line_1_52' title="bbox 429 5046 2010 5120; baseline 0.008 -19"><span class='ocrx_word' id='word_1_365' title='bbox 429 5060 495 5101; x_wconf 82' lang='lat' dir='ltr'><strong>ea</strong></span> <span class='ocrx_word' id='word_1_366' title='bbox 520 5090 534 5111; x_wconf 89' lang='lat'><strong>,</strong></span> <span class='ocrx_word' id='word_1_367' title='bbox 563 5046 755 5114; x_wconf 88' lang='lat' dir='ltr'><strong>quibus</strong></span> <span class='ocrx_word' id='word_1_368' title='bbox 800 5049 1001 5104; x_wconf 85' lang='lat' dir='ltr'><strong>vicerat</strong></span> <span class='ocrx_word' id='word_1_369' title='bbox 1040 5051 1317 5120; x_wconf 89' lang='lat' dir='ltr'><strong>inimicus,</strong></span> <span class='ocrx_word' id='word_1_370' title='bbox 1366 5069 1508 5110; x_wconf 90' lang='lat' dir='ltr'><strong>nunc</strong></span> <span class='ocrx_word' id='word_1_371' title='bbox 1557 5056 1715 5110; x_wconf 90' lang='lat' dir='ltr'><strong>etiam</strong></span> <span class='ocrx_word' id='word_1_372' title='bbox 1748 5058 2010 5113; x_wconf 85' lang='lat' dir='ltr'><strong>vincatur.</strong></span> 
     </span>
    </p>
   </div>
   <div class='ocr_carea' id='block_1_53' title="bbox 434 5137 2013 5219">
    <p class='ocr_par' dir='ltr' id='par_1_53' title="bbox 434 5137 2013 5219">
     <span class='ocr_line' id='line_1_53' title="bbox 434 5137 2013 5219; baseline 0.009 -28"><span class='ocrx_word' id='word_1_373' title='bbox 434 5137 537 5193; x_wconf 78' lang='lat' dir='ltr'><strong>Per</strong></span> <span class='ocrx_word' id='word_1_374' title='bbox 584 5138 836 5210; x_wconf 79' lang='lat' dir='ltr'><strong>virginem</strong></span> <span class='ocrx_word' id='word_1_375' title='bbox 879 5142 1006 5197; x_wconf 89' lang='lat' dir='ltr'><strong>olim</strong></span> <span class='ocrx_word' id='word_1_376' title='bbox 1036 5142 1296 5197; x_wconf 86' lang='lat' dir='ltr'><strong>Adamum</strong></span> <span class='ocrx_word' id='word_1_377' title='bbox 1333 5144 1575 5203; x_wconf 88' lang='lat' dir='ltr'><strong>diabolus</strong></span> <span class='ocrx_word' id='word_1_378' title='bbox 1599 5148 1888 5217; x_wconf 87' lang='lat' dir='ltr'><strong>interemit,</strong></span> <span class='ocrx_word' id='word_1_379' title='bbox 1919 5165 2013 5219; x_wconf 87' lang='lat' dir='ltr'><strong>per</strong></span> 
     </span>
    </p>
   </div>
   <div class='ocr_carea' id='block_1_54' title="bbox 432 5231 2011 5309">
    <p class='ocr_par' dir='ltr' id='par_1_54' title="bbox 432 5231 2011 5309">
     <span class='ocr_line' id='line_1_54' title="bbox 432 5231 2011 5309; baseline 0.009 -26"><span class='ocrx_word' id='word_1_380' title='bbox 432 5231 692 5301; x_wconf 74' lang='lat' dir='ltr'><strong>virginem</strong></span> <span class='ocrx_word' id='word_1_381' title='bbox 714 5233 907 5289; x_wconf 89' lang='lat' dir='ltr'><strong>deinde</strong></span> <span class='ocrx_word' id='word_1_382' title='bbox 927 5235 1171 5291; x_wconf 74' lang='lat' dir='ltr'><strong>Ghristus</strong></span> <span class='ocrx_word' id='word_1_383' title='bbox 1210 5236 1478 5292; x_wconf 88' lang='lat' dir='ltr'><strong>diabolum</strong></span> <span class='ocrx_word' id='word_1_384' title='bbox 1508 5241 1776 5309; x_wconf 83' lang='lat' dir='ltr'><strong>superavit</strong></span> <span class='ocrx_word' id='word_1_385' title='bbox 1803 5258 1815 5294; x_wconf 96' lang='lat'>:</span> <span class='ocrx_word' id='word_1_386' title='bbox 1844 5252 1897 5297; x_wconf 90' lang='lat' dir='ltr'><strong>et</strong></span> <span class='ocrx_word' id='word_1_387' title='bbox 1924 5244 2011 5298; x_wconf 91' lang='lat' dir='ltr'><strong>ille</strong></span> 
     </span>
    </p>
   </div>
   <div class='ocr_carea' id='block_1_55' title="bbox 429 5322 2012 5400">
    <p class='ocr_par' dir='ltr' id='par_1_55' title="bbox 429 5322 2012 5400">
     <span class='ocr_line' id='line_1_55' title="bbox 429 5322 2012 5400; baseline 0.009 -25"><span class='ocrx_word' id='word_1_388' title='bbox 429 5322 658 5390; x_wconf 84' lang='lat' dir='ltr'><strong>gladius,</strong></span> <span class='ocrx_word' id='word_1_389' title='bbox 713 5339 869 5395; x_wconf 89' lang='lat' dir='ltr'><strong>quem</strong></span> <span class='ocrx_word' id='word_1_390' title='bbox 895 5325 1006 5395; x_wconf 88' lang='lat' dir='ltr'><strong>ipse</strong></span> <span class='ocrx_word' id='word_1_391' title='bbox 1047 5327 1098 5381; x_wconf 87' lang='lat' dir='ltr'><strong>in</strong></span> <span class='ocrx_word' id='word_1_392' title='bbox 1131 5342 1225 5382; x_wconf 88' lang='lat' dir='ltr'><strong>nos</strong></span> <span class='ocrx_word' id='word_1_393' title='bbox 1255 5340 1558 5396; x_wconf 76' lang='lat' dir='ltr'><strong>exaeuerat,</strong></span> <span class='ocrx_word' id='word_1_394' title='bbox 1583 5340 1740 5400; x_wconf 89' lang='lat' dir='ltr'><strong>caput</strong></span> <span class='ocrx_word' id='word_1_395' title='bbox 1765 5331 2012 5389; x_wconf 86' lang='lat' dir='ltr'><strong>draconis</strong></span> 
     </span>
    </p>
   </div>
   <div class='ocr_carea' id='block_1_56' title="bbox 428 5416 2011 5495">
    <p class='ocr_par' dir='ltr' id='par_1_56' title="bbox 428 5416 2011 5495">
     <span class='ocr_line' id='line_1_56' title="bbox 428 5416 2011 5495; baseline 0.01 -31"><span class='ocrx_word' id='word_1_396' title='bbox 428 5416 745 5483; x_wconf 85' lang='lat' dir='ltr'><strong>amputavit,</strong></span> <span class='ocrx_word' id='word_1_397' title='bbox 788 5416 929 5486; x_wconf 87' lang='lat' dir='ltr'><strong>quod</strong></span> <span class='ocrx_word' id='word_1_398' title='bbox 976 5416 1031 5472; x_wconf 90' lang='lat' dir='ltr'><strong>in</strong></span> <span class='ocrx_word' id='word_1_399' title='bbox 1077 5417 1287 5472; x_wconf 83' lang='lat' dir='ltr'><strong>Davidis</strong></span> <span class='ocrx_word' id='word_1_400' title='bbox 1326 5434 1538 5490; x_wconf 91' lang='lat' dir='ltr'><strong>quoque</strong></span> <span class='ocrx_word' id='word_1_401' title='bbox 1589 5420 1767 5476; x_wconf 88' lang='lat' dir='ltr'><strong>duello</strong></span> <span class='ocrx_word' id='word_1_402' title='bbox 1791 5425 2011 5495; x_wconf 85' lang='lat' dir='ltr'><strong>contigit</strong></span> 
     </span>
    </p>
   </div>
   <div class='ocr_carea' id='block_1_57' title="bbox 430 5503 2011 5587">
    <p class='ocr_par' dir='ltr' id='par_1_57' title="bbox 430 5503 2011 5587">
     <span class='ocr_line' id='line_1_57' title="bbox 430 5503 2011 5587; baseline 0.009 -31"><span class='ocrx_word' id='word_1_403' title='bbox 430 5503 663 5575; x_wconf 84' lang='lat' dir='ltr'><strong>(l.ch.</strong></span> <span class='ocrx_word' id='word_1_404' title='bbox 700 5505 815 5575; x_wconf 80' lang='lat' dir='ltr'><strong>l7).</strong></span> <span class='ocrx_word' id='word_1_405' title='bbox 865 5506 997 5562; x_wconf 79' lang='lat' dir='ltr'><strong>Nam</strong></span> <span class='ocrx_word' id='word_1_406' title='bbox 1053 5509 1499 5578; x_wconf 89' lang='lat' dir='ltr'><strong>quemadmodum</strong></span> <span class='ocrx_word' id='word_1_407' title='bbox 1560 5510 1792 5567; x_wconf 86' lang='lat' dir='ltr'><strong>Goliathi</strong></span> <span class='ocrx_word' id='word_1_408' title='bbox 1852 5528 2011 5587; x_wconf 85' lang='lat' dir='ltr'><strong>caput</strong></span> 
     </span>
    </p>
   </div>
   <div class='ocr_carea' id='block_1_58' title="bbox 429 5595 2012 5669">
    <p class='ocr_par' dir='ltr' id='par_1_58' title="bbox 429 5595 2012 5669">
     <span class='ocr_line' id='line_1_58' title="bbox 429 5595 2012 5669; baseline 0.011 -24"><span class='ocrx_word' id='word_1_409' title='bbox 429 5606 562 5648; x_wconf 82' lang='lat' dir='ltr'><strong>ense</strong></span> <span class='ocrx_word' id='word_1_410' title='bbox 612 5595 890 5653; x_wconf 85' lang='lat' dir='ltr'><strong>barbarico</strong></span> <span class='ocrx_word' id='word_1_411' title='bbox 928 5597 1104 5667; x_wconf 89' lang='lat' dir='ltr'><strong>justus</strong></span> <span class='ocrx_word' id='word_1_412' title='bbox 1128 5600 1217 5656; x_wconf 89' lang='lat' dir='ltr'><strong>ille</strong></span> <span class='ocrx_word' id='word_1_413' title='bbox 1253 5615 1474 5656; x_wconf 87' lang='lat' dir='ltr'><strong>currens</strong></span> <span class='ocrx_word' id='word_1_414' title='bbox 1489 5601 1737 5669; x_wconf 86' lang='lat' dir='ltr'><strong>abscidit,</strong></span> <span class='ocrx_word' id='word_1_415' title='bbox 1769 5606 1838 5661; x_wconf 87' lang='lat' dir='ltr'><strong>ita</strong></span> <span class='ocrx_word' id='word_1_416' title='bbox 1870 5620 2012 5662; x_wconf 91' lang='lat' dir='ltr'><strong>nunc</strong></span> 
     </span>
    </p>
   </div>
   <div class='ocr_carea' id='block_1_59' title="bbox 429 5686 2011 5768">
    <p class='ocr_par' dir='ltr' id='par_1_59' title="bbox 429 5686 2011 5768">
     <span class='ocr_line' id='line_1_59' title="bbox 429 5686 2011 5768; baseline 0.011 -31"><span class='ocrx_word' id='word_1_417' title='bbox 429 5695 590 5739; x_wconf 86' lang='lat' dir='ltr'><strong>etiam</strong></span> <span class='ocrx_word' id='word_1_418' title='bbox 613 5709 616 5713; x_wconf 54' lang='grc' dir='ltr'><strong><em>ν</em></strong></span> <span class='ocrx_word' id='word_1_419' title='bbox 641 5686 739 5742; x_wconf 86' lang='lat' dir='ltr'><strong>fit:</strong></span> <span class='ocrx_word' id='word_1_420' title='bbox 789 5705 884 5759; x_wconf 85' lang='lat' dir='ltr'><strong>per</strong></span> <span class='ocrx_word' id='word_1_421' title='bbox 924 5691 1201 5747; x_wconf 87' lang='lat' dir='ltr'><strong>mulierem</strong></span> <span class='ocrx_word' id='word_1_422' title='bbox 1238 5693 1383 5762; x_wconf 87' lang='lat' dir='ltr'><strong>vicit,</strong></span> <span class='ocrx_word' id='word_1_423' title='bbox 1415 5710 1512 5764; x_wconf 84' lang='lat' dir='ltr'><strong>per</strong></span> <span class='ocrx_word' id='word_1_424' title='bbox 1558 5697 1833 5752; x_wconf 90' lang='lat' dir='ltr'><strong>mulierem</strong></span> <span class='ocrx_word' id='word_1_425' title='bbox 1855 5713 2011 5768; x_wconf 86' lang='lat' dir='ltr'><strong>supe-</strong></span> 
     </span>
    </p>
   </div>
   <div class='ocr_carea' id='block_1_60' title="bbox 432 5779 2006 5859">
    <p class='ocr_par' dir='ltr' id='par_1_60' title="bbox 432 5779 2006 5859">
     <span class='ocr_line' id='line_1_60' title="bbox 432 5779 2006 5859; baseline 0.008 -25"><span class='ocrx_word' id='word_1_426' title='bbox 432 5786 582 5835; x_wconf 84' lang='lat' dir='ltr'><strong>ratus</strong></span> <span class='ocrx_word' id='word_1_427' title='bbox 610 5788 714 5833; x_wconf 85' lang='lat' dir='ltr'><strong>est.</strong></span> <span class='ocrx_word' id='word_1_428' title='bbox 766 5779 875 5837; x_wconf 83' lang='lat' dir='ltr'><strong>Hoc</strong></span> <span class='ocrx_word' id='word_1_429' title='bbox 919 5783 1062 5840; x_wconf 82' lang='lat' dir='ltr'><strong>illius</strong></span> <span class='ocrx_word' id='word_1_430' title='bbox 1085 5796 1242 5841; x_wconf 85' lang='lat' dir='ltr'><strong>antea</strong></span> <span class='ocrx_word' id='word_1_431' title='bbox 1292 5787 1452 5844; x_wconf 85' lang='lat' dir='ltr'><strong>telum</strong></span> <span class='ocrx_word' id='word_1_432' title='bbox 1502 5798 1659 5859; x_wconf 85' lang='lat' dir='ltr'><strong>erat,</strong></span> <span class='ocrx_word' id='word_1_433' title='bbox 1716 5791 1816 5847; x_wconf 88' lang='lat' dir='ltr'><strong>hoc</strong></span> <span class='ocrx_word' id='word_1_434' title='bbox 1864 5792 2006 5848; x_wconf 89' lang='lat' dir='ltr'><strong>illius</strong></span> 
     </span>
    </p>
   </div>
   <div class='ocr_carea' id='block_1_61' title="bbox 1134 366 2923 450">
    <p class='ocr_par' dir='ltr' id='par_1_61' title="bbox 1134 366 2923 450">
     <span class='ocr_line' id='line_1_61' title="bbox 1134 366 2923 450; baseline -0.017 0"><span class='ocrx_word' id='word_1_435' title='bbox 1134 395 1190 450; x_wconf 87' lang='lat' dir='ltr'><strong>S.</strong></span> <span class='ocrx_word' id='word_1_436' title='bbox 1231 390 1503 448; x_wconf 80' lang='lat' dir='ltr'><strong>JOANNIS</strong></span> <span class='ocrx_word' id='word_1_437' title='bbox 1537 374 1997 445; x_wconf 73' lang='lat' dir='ltr'><strong>CIIRYSOSTOMI</strong></span> <span class='ocrx_word' id='word_1_438' title='bbox 2038 369 2357 429; x_wconf 69' lang='lat' dir='ltr'><strong>AtiClliEP.</strong></span> <span class='ocrx_word' id='word_1_439' title='bbox 2393 366 2923 425; x_wconf 80' lang='lat' dir='ltr'><strong>CONST.\NTINOP.</strong></span> 
     </span>
    </p>
   </div>
   <div class='ocr_carea' id='block_1_62' title="bbox 3578 355 3680 413">
    <p class='ocr_par' dir='ltr' id='par_1_62' title="bbox 3578 355 3680 413">
     <span class='ocr_line' id='line_1_62' title="bbox 3578 355 3680 413; baseline 0.01 -1"><span class='ocrx_word' id='word_1_440' title='bbox 3578 355 3680 413; x_wconf 70' lang='lat'><strong>683</strong></span> 
     </span>
    </p>
   </div>
   <div class='ocr_carea' id='block_1_63' title="bbox 2087 472 3680 541">
    <p class='ocr_par' dir='ltr' id='par_1_63' title="bbox 2087 472 3680 541">
     <span class='ocr_line' id='line_1_63' title="bbox 2087 472 3680 541; baseline -0.011 -1"><span class='ocrx_word' id='word_1_441' title='bbox 2087 500 2228 540; x_wconf 87' lang='lat' dir='ltr'><strong>nunc</strong></span> <span class='ocrx_word' id='word_1_442' title='bbox 2254 484 2417 539; x_wconf 70' lang='lat' dir='ltr'><strong>credis</strong></span> <span class='ocrx_word' id='word_1_443' title='bbox 2458 482 2654 537; x_wconf 89' lang='lat' dir='ltr'><strong>factum</strong></span> <span class='ocrx_word' id='word_1_444' title='bbox 2694 489 2778 535; x_wconf 88' lang='lat' dir='ltr'><strong>est</strong></span> <span class='ocrx_word' id='word_1_445' title='bbox 2802 480 3231 539; x_wconf 84' lang='lat' dir='ltr'><strong>instrumentum,</strong></span> <span class='ocrx_word' id='word_1_446' title='bbox 3259 472 3358 529; x_wconf 89' lang='lat' dir='ltr'><strong>hoc</strong></span> <span class='ocrx_word' id='word_1_447' title='bbox 3390 487 3485 527; x_wconf 87' lang='lat' dir='ltr'><strong>vas</strong></span> <span class='ocrx_word' id='word_1_448' title='bbox 3514 486 3680 541; x_wconf 57' lang='lat' dir='ltr'><strong>appa.</strong></span> 
     </span>
    </p>
   </div>
   <div class='ocr_carea' id='block_1_64' title="bbox 2085 568 3681 645">
    <p class='ocr_par' dir='ltr' id='par_1_64' title="bbox 2085 568 3681 645">
     <span class='ocr_line' id='line_1_64' title="bbox 2085 568 3681 645; baseline -0.009 -16"><span class='ocrx_word' id='word_1_449' title='bbox 2085 576 2192 630; x_wconf 82' lang='lat' dir='ltr'><strong>ruit</strong></span> <span class='ocrx_word' id='word_1_450' title='bbox 2245 573 2620 645; x_wconf 86' lang='lat' dir='ltr'><strong>insuperabile.</strong></span> <span class='ocrx_word' id='word_1_451' title='bbox 2654 571 2900 626; x_wconf 87' lang='lat' dir='ltr'><strong>Peecavit</strong></span> <span class='ocrx_word' id='word_1_452' title='bbox 2938 571 3026 623; x_wconf 86' lang='lat' dir='ltr'><strong>illa</strong></span> <span class='ocrx_word' id='word_1_453' title='bbox 3056 568 3218 639; x_wconf 86' lang='lat' dir='ltr'><strong>prior,</strong></span> <span class='ocrx_word' id='word_1_454' title='bbox 3250 576 3304 623; x_wconf 91' lang='lat' dir='ltr'><strong>et</strong></span> <span class='ocrx_word' id='word_1_455' title='bbox 3329 573 3540 619; x_wconf 88' lang='lat' dir='ltr'><strong>mortua</strong></span> <span class='ocrx_word' id='word_1_456' title='bbox 3566 573 3681 626; x_wconf 78' lang='lat' dir='ltr'><strong>est;</strong></span> 
     </span>
    </p>
   </div>
   <div class='ocr_carea' id='block_1_65' title="bbox 2089 655 3684 732">
    <p class='ocr_par' dir='ltr' id='par_1_65' title="bbox 2089 655 3684 732">
     <span class='ocr_line' id='line_1_65' title="bbox 2089 655 3684 732; baseline -0.011 -10"><span class='ocrx_word' id='word_1_457' title='bbox 2089 669 2186 722; x_wconf 55' lang='lat' dir='ltr'><strong>ista</strong></span> <span class='ocrx_word' id='word_1_458' title='bbox 2233 673 2443 721; x_wconf 86' lang='lat' dir='ltr'><strong>mortua</strong></span> <span class='ocrx_word' id='word_1_459' title='bbox 2495 673 2598 727; x_wconf 88' lang='lat' dir='ltr'><strong>est,</strong></span> <span class='ocrx_word' id='word_1_460' title='bbox 2653 678 2722 717; x_wconf 91' lang='lat' dir='ltr'><strong>ne</strong></span> <span class='ocrx_word' id='word_1_461' title='bbox 2766 669 3011 732; x_wconf 84' lang='lat' dir='ltr'><strong>peccaret</strong></span> <span class='ocrx_word' id='word_1_462' title='bbox 3043 659 3170 714; x_wconf 90' lang='lat' dir='ltr'><strong>:illa</strong></span> <span class='ocrx_word' id='word_1_463' title='bbox 3228 665 3339 712; x_wconf 89' lang='lat' dir='ltr'><strong>tum</strong></span> <span class='ocrx_word' id='word_1_464' title='bbox 3370 655 3538 709; x_wconf 79' lang='lat' dir='ltr'><strong>futilis</strong></span> <span class='ocrx_word' id='word_1_465' title='bbox 3560 668 3684 722; x_wconf 83' lang='lat' dir='ltr'><strong>prn-</strong></span> 
     </span>
    </p>
   </div>
   <div class='ocr_carea' id='block_1_66' title="bbox 2092 748 3688 827">
    <p class='ocr_par' dir='ltr' id='par_1_66' title="bbox 2092 748 3688 827">
     <span class='ocr_line' id='line_1_66' title="bbox 2092 748 3688 827; baseline -0.009 -15"><span class='ocrx_word' id='word_1_466' title='bbox 2092 758 2240 812; x_wconf 86' lang='lat' dir='ltr'><strong>missi</strong></span> <span class='ocrx_word' id='word_1_467' title='bbox 2283 771 2380 827; x_wconf 85' lang='lat' dir='ltr'><strong>spe</strong></span> <span class='ocrx_word' id='word_1_468' title='bbox 2428 754 2607 809; x_wconf 87' lang='lat' dir='ltr'><strong>inflata</strong></span> <span class='ocrx_word' id='word_1_469' title='bbox 2635 753 2726 808; x_wconf 84' lang='lat' dir='ltr'><strong>Dei</strong></span> <span class='ocrx_word' id='word_1_470' title='bbox 2752 754 2898 822; x_wconf 89' lang='lat' dir='ltr'><strong>leges</strong></span> <span class='ocrx_word' id='word_1_471' title='bbox 2926 751 3160 814; x_wconf 88' lang='lat' dir='ltr'><strong>violavit,</strong></span> <span class='ocrx_word' id='word_1_472' title='bbox 3190 749 3305 802; x_wconf 80' lang='lat' dir='ltr'><strong>iure</strong></span> <span class='ocrx_word' id='word_1_473' title='bbox 3349 748 3511 801; x_wconf 87' lang='lat' dir='ltr'><strong>vitam</strong></span> <span class='ocrx_word' id='word_1_474' title='bbox 3548 760 3688 815; x_wconf 64' lang='lat' dir='ltr'><strong>pra-</strong></span> 
     </span>
    </p>
   </div>
   <div class='ocr_carea' id='block_1_67' title="bbox 2091 836 3685 915">
    <p class='ocr_par' dir='ltr' id='par_1_67' title="bbox 2091 836 3685 915">
     <span class='ocr_line' id='line_1_67' title="bbox 2091 836 3685 915; baseline -0.01 -11"><span class='ocrx_word' id='word_1_475' title='bbox 2091 857 2297 905; x_wconf 86' lang='lat' dir='ltr'><strong>sentem</strong></span> <span class='ocrx_word' id='word_1_476' title='bbox 2323 845 2663 915; x_wconf 87' lang='lat' dir='ltr'><strong>contempsit,</strong></span> <span class='ocrx_word' id='word_1_477' title='bbox 2710 859 2778 898; x_wconf 91' lang='lat' dir='ltr'><strong>ne</strong></span> <span class='ocrx_word' id='word_1_478' title='bbox 2819 843 2973 897; x_wconf 88' lang='lat' dir='ltr'><strong>fidem</strong></span> <span class='ocrx_word' id='word_1_479' title='bbox 3004 842 3054 894; x_wconf 90' lang='lat' dir='ltr'><strong>in</strong></span> <span class='ocrx_word' id='word_1_480' title='bbox 3094 855 3248 895; x_wconf 88' lang='lat' dir='ltr'><strong>suum</strong></span> <span class='ocrx_word' id='word_1_481' title='bbox 3285 836 3685 892; x_wconf 60' lang='lat' dir='ltr'><strong>benefactorum</strong></span> 
     </span>
    </p>
   </div>
   <div class='ocr_carea' id='block_1_68' title="bbox 2094 935 3687 1008">
    <p class='ocr_par' dir='ltr' id='par_1_68' title="bbox 2094 935 3687 1008">
     <span class='ocr_line' id='line_1_68' title="bbox 2094 935 3687 1008; baseline -0.011 -13"><span class='ocrx_word' id='word_1_482' title='bbox 2094 943 2347 1008; x_wconf 84' lang='lat' dir='ltr'><strong>ejuraret.</strong></span> <span class='ocrx_word' id='word_1_483' title='bbox 2385 938 2556 1003; x_wconf 91' lang='lat' dir='ltr'><strong>Quam</strong></span> <span class='ocrx_word' id='word_1_484' title='bbox 2601 936 2760 1006; x_wconf 87' lang='lat' dir='ltr'><strong>igitur</strong></span> <span class='ocrx_word' id='word_1_485' title='bbox 2782 935 3034 1002; x_wconf 85' lang='lat' dir='ltr'><strong>deinceps</strong></span> <span class='ocrx_word' id='word_1_486' title='bbox 3070 944 3291 1001; x_wconf 86' lang='lat' dir='ltr'><strong>sperare</strong></span> <span class='ocrx_word' id='word_1_487' title='bbox 3316 936 3566 998; x_wconf 80' lang='lat' dir='ltr'><strong>potorum</strong></span> <span class='ocrx_word' id='word_1_488' title='bbox 3593 937 3687 979; x_wconf 64' lang='lat' dir='ltr'><strong>ea-</strong></span> 
     </span>
    </p>
   </div>
   <div class='ocr_carea' id='block_1_69' title="bbox 2095 1020 3688 1093">
    <p class='ocr_par' dir='ltr' id='par_1_69' title="bbox 2095 1020 3688 1093">
     <span class='ocr_line' id='line_1_69' title="bbox 2095 1020 3688 1093; baseline -0.013 -6"><span class='ocrx_word' id='word_1_489' title='bbox 2095 1031 2426 1087; x_wconf 88' lang='lat' dir='ltr'><strong>cusationeut</strong></span> <span class='ocrx_word' id='word_1_490' title='bbox 2453 1029 2572 1093; x_wconf 88' lang='lat' dir='ltr'><strong>viri,</strong></span> <span class='ocrx_word' id='word_1_491' title='bbox 2605 1027 2650 1080; x_wconf 92' lang='lat' dir='ltr'><strong>si</strong></span> <span class='ocrx_word' id='word_1_492' title='bbox 2682 1026 2873 1080; x_wconf 91' lang='lat' dir='ltr'><strong>molles</strong></span> <span class='ocrx_word' id='word_1_493' title='bbox 2910 1024 3018 1077; x_wconf 89' lang='lat' dir='ltr'><strong>sint</strong></span> <span class='ocrx_word' id='word_1_494' title='bbox 3040 1033 3092 1077; x_wconf 83' lang='lat' dir='ltr'><strong>et</strong></span> <span class='ocrx_word' id='word_1_495' title='bbox 3120 1020 3316 1091; x_wconf 82' lang='lat' dir='ltr'><strong>ignavi,</strong></span> <span class='ocrx_word' id='word_1_496' title='bbox 3346 1033 3506 1088; x_wconf 86' lang='lat' dir='ltr'><strong>quam</strong></span> <span class='ocrx_word' id='word_1_497' title='bbox 3557 1029 3688 1069; x_wconf 87' lang='lat' dir='ltr'><strong>vero</strong></span> 
     </span>
    </p>
   </div>
   <div class='ocr_carea' id='block_1_70' title="bbox 2102 1116 3690 1191">
    <p class='ocr_par' dir='ltr' id='par_1_70' title="bbox 2102 1116 3690 1191">
     <span class='ocr_line' id='line_1_70' title="bbox 2102 1116 3690 1191; baseline -0.01 -11"><span class='ocrx_word' id='word_1_498' title='bbox 2102 1125 2348 1191; x_wconf 79' lang='lat' dir='ltr'><strong>veniam,</strong></span> <span class='ocrx_word' id='word_1_499' title='bbox 2401 1136 2522 1177; x_wconf 92' lang='lat' dir='ltr'><strong>cum</strong></span> <span class='ocrx_word' id='word_1_500' title='bbox 2570 1120 2775 1174; x_wconf 85' lang='lat' dir='ltr'><strong>fortiter</strong></span> <span class='ocrx_word' id='word_1_501' title='bbox 2823 1133 2887 1172; x_wconf 88' lang='lat' dir='ltr'><strong>ac</strong></span> <span class='ocrx_word' id='word_1_502' title='bbox 2947 1116 3171 1170; x_wconf 85' lang='lat' dir='ltr'><strong>viriliter</strong></span> <span class='ocrx_word' id='word_1_503' title='bbox 3213 1128 3272 1168; x_wconf 92' lang='lat' dir='ltr'><strong>se</strong></span> <span class='ocrx_word' id='word_1_504' title='bbox 3315 1119 3505 1182; x_wconf 90' lang='lat' dir='ltr'><strong>gerant</strong></span> <span class='ocrx_word' id='word_1_505' title='bbox 3573 1126 3690 1164; x_wconf 83' lang='lat' dir='ltr'><strong>mu-</strong></span> 
     </span>
    </p>
   </div>
   <div class='ocr_carea' id='block_1_71' title="bbox 2098 1203 3689 1279">
    <p class='ocr_par' dir='ltr' id='par_1_71' title="bbox 2098 1203 3689 1279">
     <span class='ocr_line' id='line_1_71' title="bbox 2098 1203 3689 1279; baseline -0.01 -9"><span class='ocrx_word' id='word_1_506' title='bbox 2098 1215 2300 1272; x_wconf 85' lang='lat' dir='ltr'><strong>lieres?</strong></span> <span class='ocrx_word' id='word_1_507' title='bbox 2352 1228 2473 1270; x_wconf 91' lang='lat' dir='ltr'><strong>cum</strong></span> <span class='ocrx_word' id='word_1_508' title='bbox 2524 1212 2659 1267; x_wconf 84' lang='lat' dir='ltr'><strong>adeo</strong></span> <span class='ocrx_word' id='word_1_509' title='bbox 2689 1227 2747 1265; x_wconf 90' lang='lat' dir='ltr'><strong>se</strong></span> <span class='ocrx_word' id='word_1_510' title='bbox 2772 1222 3032 1279; x_wconf 88' lang='lat' dir='ltr'><strong>generose</strong></span> <span class='ocrx_word' id='word_1_511' title='bbox 3057 1205 3123 1260; x_wconf 89' lang='lat' dir='ltr'><strong>ad</strong></span> <span class='ocrx_word' id='word_1_512' title='bbox 3154 1205 3443 1259; x_wconf 83' lang='lat' dir='ltr'><strong>certamina</strong></span> <span class='ocrx_word' id='word_1_513' title='bbox 3474 1203 3689 1271; x_wconf 79' lang='lat' dir='ltr'><strong>pietatis</strong></span> 
     </span>
    </p>
   </div>
   <div class='ocr_carea' id='block_1_72' title="bbox 2100 1295 3688 1379">
    <p class='ocr_par' dir='ltr' id='par_1_72' title="bbox 2100 1295 3688 1379">
     <span class='ocr_line' id='line_1_72' title="bbox 2100 1295 3688 1379; baseline -0.01 -15"><span class='ocrx_word' id='word_1_514' title='bbox 2100 1307 2415 1379; x_wconf 77' lang='lat' dir='ltr'><strong>accingam?</strong></span> <span class='ocrx_word' id='word_1_515' title='bbox 2454 1306 2586 1361; x_wconf 83' lang='lat' dir='ltr'><strong>Nam</strong></span> <span class='ocrx_word' id='word_1_516' title='bbox 2634 1318 2806 1373; x_wconf 89' lang='lat' dir='ltr'><strong>neque</strong></span> <span class='ocrx_word' id='word_1_517' title='bbox 2854 1315 3034 1366; x_wconf 82' lang='lat' dir='ltr'><strong>sexus,</strong></span> <span class='ocrx_word' id='word_1_518' title='bbox 3064 1315 3164 1352; x_wconf 89' lang='lat' dir='ltr'><strong>nec</strong></span> <span class='ocrx_word' id='word_1_519' title='bbox 3188 1309 3315 1350; x_wconf 84' lang='lat' dir='ltr'><strong>:ctas</strong></span> <span class='ocrx_word' id='word_1_520' title='bbox 3346 1311 3521 1365; x_wconf 88' lang='lat' dir='ltr'><strong>neque</strong></span> <span class='ocrx_word' id='word_1_521' title='bbox 3547 1295 3688 1348; x_wconf 85' lang='lat' dir='ltr'><strong>aliud</strong></span> 
     </span>
    </p>
   </div>
   <div class='ocr_carea' id='block_1_73' title="bbox 2101 1386 3691 1472">
    <p class='ocr_par' dir='ltr' id='par_1_73' title="bbox 2101 1386 3691 1472">
     <span class='ocr_line' id='line_1_73' title="bbox 2101 1386 3691 1472; baseline -0.009 -17"><span class='ocrx_word' id='word_1_522' title='bbox 2101 1401 2390 1472; x_wconf 86' lang='lat' dir='ltr'><strong>quidquam</strong></span> <span class='ocrx_word' id='word_1_523' title='bbox 2450 1406 2625 1467; x_wconf 89' lang='lat' dir='ltr'><strong>potest</strong></span> <span class='ocrx_word' id='word_1_524' title='bbox 2677 1395 3115 1464; x_wconf 89' lang='lat' dir='ltr'><strong>impedimentum</strong></span> <span class='ocrx_word' id='word_1_525' title='bbox 3166 1390 3419 1457; x_wconf 88' lang='lat' dir='ltr'><strong>objicerc,</strong></span> <span class='ocrx_word' id='word_1_526' title='bbox 3466 1386 3513 1440; x_wconf 88' lang='lat' dir='ltr'><strong>si</strong></span> <span class='ocrx_word' id='word_1_527' title='bbox 3552 1387 3691 1441; x_wconf 74' lang='lat' dir='ltr'><strong>adsit</strong></span> 
     </span>
    </p>
   </div>
   <div class='ocr_carea' id='block_1_74' title="bbox 2102 1478 3692 1552">
    <p class='ocr_par' dir='ltr' id='par_1_74' title="bbox 2102 1478 3692 1552">
     <span class='ocr_line' id='line_1_74' title="bbox 2102 1478 3692 1552; baseline -0.012 -4"><span class='ocrx_word' id='word_1_528' title='bbox 2102 1492 2350 1548; x_wconf 84' lang='lat' dir='ltr'><strong>alacritas</strong></span> <span class='ocrx_word' id='word_1_529' title='bbox 2387 1489 2589 1552; x_wconf 90' lang='lat' dir='ltr'><strong>animi,</strong></span> <span class='ocrx_word' id='word_1_530' title='bbox 2641 1496 2695 1542; x_wconf 90' lang='lat' dir='ltr'><strong>et</strong></span> <span class='ocrx_word' id='word_1_531' title='bbox 2738 1487 2916 1551; x_wconf 89' lang='lat' dir='ltr'><strong>zelus,</strong></span> <span class='ocrx_word' id='word_1_532' title='bbox 2968 1495 3024 1540; x_wconf 91' lang='lat' dir='ltr'><strong>et</strong></span> <span class='ocrx_word' id='word_1_533' title='bbox 3072 1481 3267 1537; x_wconf 90' lang='lat' dir='ltr'><strong>ardens</strong></span> <span class='ocrx_word' id='word_1_534' title='bbox 3295 1479 3464 1543; x_wconf 85' lang='lat' dir='ltr'><strong>fides;</strong></span> <span class='ocrx_word' id='word_1_535' title='bbox 3501 1478 3692 1547; x_wconf 82' lang='lat' dir='ltr'><strong>hisque</strong></span> 
     </span>
    </p>
   </div>
   <div class='ocr_carea' id='block_1_75' title="bbox 2105 1569 3690 1650">
    <p class='ocr_par' dir='ltr' id='par_1_75' title="bbox 2105 1569 3690 1650">
     <span class='ocr_line' id='line_1_75' title="bbox 2105 1569 3690 1650; baseline -0.012 -10"><span class='ocrx_word' id='word_1_536' title='bbox 2105 1586 2353 1642; x_wconf 82' lang='lat' dir='ltr'><strong>omnibus</strong></span> <span class='ocrx_word' id='word_1_537' title='bbox 2381 1584 2473 1636; x_wconf 89' lang='lat' dir='ltr'><strong>Dci</strong></span> <span class='ocrx_word' id='word_1_538' title='bbox 2527 1582 2679 1635; x_wconf 87' lang='lat' dir='ltr'><strong>nobis</strong></span> <span class='ocrx_word' id='word_1_539' title='bbox 2705 1580 2926 1650; x_wconf 82' lang='lat' dir='ltr'><strong>gratiam</strong></span> <span class='ocrx_word' id='word_1_540' title='bbox 2967 1574 3332 1636; x_wconf 85' lang='lat' dir='ltr'><strong>conciliemus,</strong></span> <span class='ocrx_word' id='word_1_541' title='bbox 3360 1569 3505 1640; x_wconf 85' lang='lat' dir='ltr'><strong>quod</strong></span> <span class='ocrx_word' id='word_1_542' title='bbox 3537 1570 3690 1623; x_wconf 85' lang='lat' dir='ltr'><strong>beata</strong></span> 
     </span>
    </p>
   </div>
   <div class='ocr_carea' id='block_1_76' title="bbox 2108 1660 3692 1745">
    <p class='ocr_par' dir='ltr' id='par_1_76' title="bbox 2108 1660 3692 1745">
     <span class='ocr_line' id='line_1_76' title="bbox 2108 1660 3692 1745; baseline -0.013 -11"><span class='ocrx_word' id='word_1_543' title='bbox 2108 1680 2355 1734; x_wconf 86' lang='lat' dir='ltr'><strong>nimirum</strong></span> <span class='ocrx_word' id='word_1_544' title='bbox 2402 1678 2501 1731; x_wconf 88' lang='lat' dir='ltr'><strong>ista</strong></span> <span class='ocrx_word' id='word_1_545' title='bbox 2543 1674 2808 1745; x_wconf 68' lang='lat' dir='ltr'><strong>praestitit.</strong></span> <span class='ocrx_word' id='word_1_546' title='bbox 2846 1669 2967 1725; x_wconf 87' lang='lat' dir='ltr'><strong>Fuit</strong></span> <span class='ocrx_word' id='word_1_547' title='bbox 3012 1668 3154 1723; x_wconf 90' lang='lat' dir='ltr'><strong>enim</strong></span> <span class='ocrx_word' id='word_1_548' title='bbox 3190 1665 3263 1719; x_wconf 91' lang='lat' dir='ltr'><strong>illi</strong></span> <span class='ocrx_word' id='word_1_549' title='bbox 3290 1677 3484 1732; x_wconf 88' lang='lat' dir='ltr'><strong>corpus</strong></span> <span class='ocrx_word' id='word_1_550' title='bbox 3526 1660 3692 1715; x_wconf 87' lang='lat' dir='ltr'><strong>imbe-</strong></span> 
     </span>
    </p>
   </div>
   <div class='ocr_carea' id='block_1_77' title="bbox 2106 1754 3691 1840">
    <p class='ocr_par' dir='ltr' id='par_1_77' title="bbox 2106 1754 3691 1840">
     <span class='ocr_line' id='line_1_77' title="bbox 2106 1754 3691 1840; baseline -0.015 -12"><span class='ocrx_word' id='word_1_551' title='bbox 2106 1774 2309 1840; x_wconf 88' lang='lat' dir='ltr'><strong>cillum,</strong></span> <span class='ocrx_word' id='word_1_552' title='bbox 2356 1778 2412 1825; x_wconf 90' lang='lat' dir='ltr'><strong>et</strong></span> <span class='ocrx_word' id='word_1_553' title='bbox 2453 1768 2714 1823; x_wconf 73' lang='lat' dir='ltr'><strong>obnoxius</strong></span> <span class='ocrx_word' id='word_1_554' title='bbox 2743 1779 2901 1819; x_wconf 81' lang='lat' dir='ltr'><strong>sexus</strong></span> <span class='ocrx_word' id='word_1_555' title='bbox 2943 1760 3171 1830; x_wconf 74' lang='lat' dir='ltr'><strong>injurirr,</strong></span> <span class='ocrx_word' id='word_1_556' title='bbox 3225 1766 3280 1811; x_wconf 90' lang='lat' dir='ltr'><strong>et</strong></span> <span class='ocrx_word' id='word_1_557' title='bbox 3311 1754 3489 1824; x_wconf 92' lang='lat' dir='ltr'><strong>junior</strong></span> <span class='ocrx_word' id='word_1_558' title='bbox 3528 1763 3691 1813; x_wconf 70' lang='lat' dir='ltr'><strong>anas;</strong></span> 
     </span>
    </p>
   </div>
   <div class='ocr_carea' id='block_1_78' title="bbox 2108 1842 3693 1917">
    <p class='ocr_par' dir='ltr' id='par_1_78' title="bbox 2108 1842 3693 1917">
     <span class='ocr_line' id='line_1_78' title="bbox 2108 1842 3693 1917; baseline -0.015 0"><span class='ocrx_word' id='word_1_559' title='bbox 2108 1872 2476 1917; x_wconf 86' lang='lat' dir='ltr'><strong>verumtamen</strong></span> <span class='ocrx_word' id='word_1_560' title='bbox 2524 1857 2715 1911; x_wconf 89' lang='lat' dir='ltr'><strong>borum</strong></span> <span class='ocrx_word' id='word_1_561' title='bbox 2760 1852 2998 1908; x_wconf 91' lang='lat' dir='ltr'><strong>onmium</strong></span> <span class='ocrx_word' id='word_1_562' title='bbox 3062 1844 3478 1901; x_wconf 83' lang='lat' dir='ltr'><strong>imbecillitatem</strong></span> <span class='ocrx_word' id='word_1_563' title='bbox 3526 1842 3693 1894; x_wconf 84' lang='lat' dir='ltr'><strong>adve-</strong></span> 
     </span>
    </p>
   </div>
   <div class='ocr_carea' id='block_1_79' title="bbox 2109 1932 3696 2023">
    <p class='ocr_par' dir='ltr' id='par_1_79' title="bbox 2109 1932 3696 2023">
     <span class='ocr_line' id='line_1_79' title="bbox 2109 1932 3696 2023; baseline -0.016 -15"><span class='ocrx_word' id='word_1_564' title='bbox 2109 1955 2262 2009; x_wconf 90' lang='lat' dir='ltr'><strong>niens</strong></span> <span class='ocrx_word' id='word_1_565' title='bbox 2305 1951 2473 2023; x_wconf 90' lang='lat' dir='ltr'><strong>gratia</strong></span> <span class='ocrx_word' id='word_1_566' title='bbox 2517 1945 2820 2010; x_wconf 88' lang='lat' dir='ltr'><strong>occultavit,</strong></span> <span class='ocrx_word' id='word_1_567' title='bbox 2871 1942 2963 1997; x_wconf 88' lang='lat' dir='ltr'><strong>ubi</strong></span> <span class='ocrx_word' id='word_1_568' title='bbox 3007 1950 3324 2011; x_wconf 88' lang='lat' dir='ltr'><strong>generosam</strong></span> <span class='ocrx_word' id='word_1_569' title='bbox 3362 1932 3530 1989; x_wconf 90' lang='lat' dir='ltr'><strong>animi</strong></span> <span class='ocrx_word' id='word_1_570' title='bbox 3582 1932 3696 1984; x_wconf 68' lang='lat' dir='ltr'><strong>ala-</strong></span> 
     </span>
    </p>
   </div>
   <div class='ocr_carea' id='block_1_80' title="bbox 2109 2022 3697 2106">
    <p class='ocr_par' dir='ltr' id='par_1_80' title="bbox 2109 2022 3697 2106">
     <span class='ocr_line' id='line_1_80' title="bbox 2109 2022 3697 2106; baseline -0.018 -4"><span class='ocrx_word' id='word_1_571' title='bbox 2109 2022 2352 2102; x_wconf 85' lang='lat' dir='ltr'><strong>critatem</strong></span> <span class='ocrx_word' id='word_1_572' title='bbox 2395 2040 2633 2106; x_wconf 82' lang='lat' dir='ltr'><strong>offendit,</strong></span> <span class='ocrx_word' id='word_1_573' title='bbox 2676 2046 2731 2091; x_wconf 91' lang='lat' dir='ltr'><strong>et</strong></span> <span class='ocrx_word' id='word_1_574' title='bbox 2759 2040 3091 2090; x_wconf 88' lang='lat' dir='ltr'><strong>constantem</strong></span> <span class='ocrx_word' id='word_1_575' title='bbox 3137 2027 3316 2094; x_wconf 87' lang='lat' dir='ltr'><strong>fidem,</strong></span> <span class='ocrx_word' id='word_1_576' title='bbox 3369 2036 3424 2080; x_wconf 90' lang='lat' dir='ltr'><strong>et</strong></span> <span class='ocrx_word' id='word_1_577' title='bbox 3458 2022 3697 2077; x_wconf 88' lang='lat' dir='ltr'><strong>animam</strong></span> 
     </span>
    </p>
   </div>
   <div class='ocr_carea' id='block_1_81' title="bbox 2110 2127 3175 2200">
    <p class='ocr_par' dir='ltr' id='par_1_81' title="bbox 2110 2127 3175 2200">
     <span class='ocr_line' id='line_1_81' title="bbox 2110 2127 3175 2200; baseline -0.017 -9"><span class='ocrx_word' id='word_1_578' title='bbox 2110 2139 2175 2190; x_wconf 89' lang='lat' dir='ltr'><strong>ad</strong></span> <span class='ocrx_word' id='word_1_579' title='bbox 2221 2131 2494 2190; x_wconf 90' lang='lat' dir='ltr'><strong>subeunda</strong></span> <span class='ocrx_word' id='word_1_580' title='bbox 2540 2127 2773 2200; x_wconf 87' lang='lat' dir='ltr'><strong>pericula</strong></span> <span class='ocrx_word' id='word_1_581' title='bbox 2804 2133 3175 2195; x_wconf 66' lang='lat' dir='ltr'><strong>praeparatam.</strong></span> 
     </span>
    </p>
   </div>
   <div class='ocr_carea' id='block_1_82' title="bbox 2181 2211 3698 2291">
    <p class='ocr_par' dir='ltr' id='par_1_82' title="bbox 2181 2211 3698 2291">
     <span class='ocr_line' id='line_1_82' title="bbox 2181 2211 3698 2291; baseline -0.015 -8"><span class='ocrx_word' id='word_1_582' title='bbox 2181 2230 2235 2283; x_wconf 79' lang='grc'><strong>4.</strong></span> <span class='ocrx_word' id='word_1_583' title='bbox 2273 2227 2335 2282; x_wconf 87' lang='lat' dir='ltr'><strong>S.</strong></span> <span class='ocrx_word' id='word_1_584' title='bbox 2368 2224 2574 2279; x_wconf 81' lang='lat' dir='ltr'><strong>Drosidi</strong></span> <span class='ocrx_word' id='word_1_585' title='bbox 2634 2220 2921 2291; x_wconf 80' lang='lat' dir='ltr'><strong>prapositus</strong></span> <span class='ocrx_word' id='word_1_586' title='bbox 2965 2230 3137 2286; x_wconf 80' lang='lat' dir='ltr'><strong>rogus.</strong></span> <span class='ocrx_word' id='word_1_587' title='bbox 3192 2211 3463 2281; x_wconf 66' lang='lat' dir='ltr'><strong>Compar-at</strong></span> <span class='ocrx_word' id='word_1_588' title='bbox 3519 2223 3698 2278; x_wconf 71' lang='lat' dir='ltr'><strong>roganti</strong></span> 
     </span>
    </p>
   </div>
   <div class='ocr_carea' id='block_1_83' title="bbox 2110 2299 3697 2392">
    <p class='ocr_par' dir='ltr' id='par_1_83' title="bbox 2110 2299 3697 2392">
     <span class='ocr_line' id='line_1_83' title="bbox 2110 2299 3697 2392; baseline -0.015 -19"><span class='ocrx_word' id='word_1_589' title='bbox 2110 2337 2226 2375; x_wconf 86' lang='lat' dir='ltr'><strong>cum</strong></span> <span class='ocrx_word' id='word_1_590' title='bbox 2256 2321 2394 2392; x_wconf 75' lang='lat' dir='ltr'><strong>fonte</strong></span> <span class='ocrx_word' id='word_1_591' title='bbox 2437 2330 2484 2369; x_wconf 86' lang='lat' dir='ltr'><strong>et</strong></span> <span class='ocrx_word' id='word_1_592' title='bbox 2523 2307 2988 2385; x_wconf 80' lang='lat' dir='ltr'><strong>fornace.-—Nibil</strong></span> <span class='ocrx_word' id='word_1_593' title='bbox 3021 2307 3163 2361; x_wconf 90' lang='lat' dir='ltr'><strong>enim</strong></span> <span class='ocrx_word' id='word_1_594' title='bbox 3207 2312 3326 2368; x_wconf 90' lang='lat' dir='ltr'><strong>est,</strong></span> <span class='ocrx_word' id='word_1_595' title='bbox 3380 2300 3513 2354; x_wconf 83' lang='lat' dir='ltr'><strong>nihil</strong></span> <span class='ocrx_word' id='word_1_596' title='bbox 3545 2299 3697 2367; x_wconf 83' lang='lat' dir='ltr'><strong>plane</strong></span> 
     </span>
    </p>
   </div>
   <div class='ocr_carea' id='block_1_84' title="bbox 2113 2392 3695 2482">
    <p class='ocr_par' dir='ltr' id='par_1_84' title="bbox 2113 2392 3695 2482">
     <span class='ocr_line' id='line_1_84' title="bbox 2113 2392 3695 2482; baseline -0.015 -15"><span class='ocrx_word' id='word_1_597' title='bbox 2113 2410 2380 2482; x_wconf 89' lang='lat' dir='ltr'><strong>potentius</strong></span> <span class='ocrx_word' id='word_1_598' title='bbox 2407 2418 2488 2462; x_wconf 89' lang='lat' dir='ltr'><strong>cst</strong></span> <span class='ocrx_word' id='word_1_599' title='bbox 2513 2420 2579 2460; x_wconf 91' lang='lat' dir='ltr'><strong>co</strong></span> <span class='ocrx_word' id='word_1_600' title='bbox 2599 2446 2614 2472; x_wconf 91' lang='lat'><strong>,</strong></span> <span class='ocrx_word' id='word_1_601' title='bbox 2644 2404 2733 2475; x_wconf 90' lang='lat' dir='ltr'><strong>qui</strong></span> <span class='ocrx_word' id='word_1_602' title='bbox 2759 2415 2949 2472; x_wconf 87' lang='lat' dir='ltr'><strong>magno</strong></span> <span class='ocrx_word' id='word_1_603' title='bbox 2976 2413 3095 2453; x_wconf 90' lang='lat' dir='ltr'><strong>eum</strong></span> <span class='ocrx_word' id='word_1_604' title='bbox 3121 2396 3296 2465; x_wconf 87' lang='lat' dir='ltr'><strong>studio</strong></span> <span class='ocrx_word' id='word_1_605' title='bbox 3329 2394 3419 2449; x_wconf 83' lang='lat' dir='ltr'><strong>Dei</strong></span> <span class='ocrx_word' id='word_1_606' title='bbox 3448 2392 3695 2446; x_wconf 88' lang='lat' dir='ltr'><strong>timorem</strong></span> 
     </span>
    </p>
   </div>
   <div class='ocr_carea' id='block_1_85' title="bbox 2113 2483 3697 2560">
    <p class='ocr_par' dir='ltr' id='par_1_85' title="bbox 2113 2483 3697 2560">
     <span class='ocr_line' id='line_1_85' title="bbox 2113 2483 3697 2560; baseline -0.013 -4"><span class='ocrx_word' id='word_1_607' title='bbox 2113 2504 2305 2557; x_wconf 87' lang='lat' dir='ltr'><strong>haheat</strong></span> <span class='ocrx_word' id='word_1_608' title='bbox 2332 2501 2385 2553; x_wconf 88' lang='lat' dir='ltr'><strong>in</strong></span> <span class='ocrx_word' id='word_1_609' title='bbox 2416 2506 2595 2553; x_wconf 85' lang='lat' dir='ltr'><strong>mente</strong></span> <span class='ocrx_word' id='word_1_610' title='bbox 2615 2495 2865 2559; x_wconf 73' lang='lat' dir='ltr'><strong>defixum,</strong></span> <span class='ocrx_word' id='word_1_611' title='bbox 2890 2490 2984 2546; x_wconf 91' lang='lat' dir='ltr'><strong>sed</strong></span> <span class='ocrx_word' id='word_1_612' title='bbox 3007 2488 3248 2560; x_wconf 84' lang='lat' dir='ltr'><strong>quamvis</strong></span> <span class='ocrx_word' id='word_1_613' title='bbox 3268 2487 3437 2556; x_wconf 88' lang='lat' dir='ltr'><strong>ignes,</strong></span> <span class='ocrx_word' id='word_1_614' title='bbox 3457 2483 3697 2553; x_wconf 76' lang='lat' dir='ltr'><strong>quamvis</strong></span> 
     </span>
    </p>
   </div>
   <div class='ocr_carea' id='block_1_86' title="bbox 2113 2577 3695 2663">
    <p class='ocr_par' dir='ltr' id='par_1_86' title="bbox 2113 2577 3695 2663">
     <span class='ocr_line' id='line_1_86' title="bbox 2113 2577 3695 2663; baseline -0.015 -12"><span class='ocrx_word' id='word_1_615' title='bbox 2113 2595 2314 2651; x_wconf 89' lang='lat' dir='ltr'><strong>ferrum</strong></span> <span class='ocrx_word' id='word_1_616' title='bbox 2338 2636 2352 2660; x_wconf 81' lang='lat'><strong>,</strong></span> <span class='ocrx_word' id='word_1_617' title='bbox 2381 2591 2624 2663; x_wconf 86' lang='lat' dir='ltr'><strong>quamvis</strong></span> <span class='ocrx_word' id='word_1_618' title='bbox 2649 2587 2848 2644; x_wconf 87' lang='lat' dir='ltr'><strong>bestias</strong></span> <span class='ocrx_word' id='word_1_619' title='bbox 2868 2626 2883 2651; x_wconf 93' lang='lat'><strong>,</strong></span> <span class='ocrx_word' id='word_1_620' title='bbox 2922 2583 3163 2654; x_wconf 88' lang='lat' dir='ltr'><strong>quamvis</strong></span> <span class='ocrx_word' id='word_1_621' title='bbox 3191 2579 3332 2634; x_wconf 91' lang='lat' dir='ltr'><strong>aliud</strong></span> <span class='ocrx_word' id='word_1_622' title='bbox 3358 2578 3569 2649; x_wconf 82' lang='lat' dir='ltr'><strong>quidvis</strong></span> <span class='ocrx_word' id='word_1_623' title='bbox 3595 2577 3695 2630; x_wconf 76' lang='lat' dir='ltr'><strong>mi~</strong></span> 
     </span>
    </p>
   </div>
   <div class='ocr_carea' id='block_1_87' title="bbox 2112 2671 3696 2748">
    <p class='ocr_par' dir='ltr' id='par_1_87' title="bbox 2112 2671 3696 2748">
     <span class='ocr_line' id='line_1_87' title="bbox 2112 2671 3696 2748; baseline -0.012 -7"><span class='ocrx_word' id='word_1_624' title='bbox 2112 2694 2305 2741; x_wconf 87' lang='lat' dir='ltr'><strong>nentur</strong></span> <span class='ocrx_word' id='word_1_625' title='bbox 2335 2686 2514 2738; x_wconf 88' lang='lat' dir='ltr'><strong>hostes</strong></span> <span class='ocrx_word' id='word_1_626' title='bbox 2534 2723 2549 2748; x_wconf 90' lang='lat'><strong>,</strong></span> <span class='ocrx_word' id='word_1_627' title='bbox 2578 2681 2757 2736; x_wconf 91' lang='lat' dir='ltr'><strong>omnia</strong></span> <span class='ocrx_word' id='word_1_628' title='bbox 2784 2679 2932 2733; x_wconf 91' lang='lat' dir='ltr'><strong>nullo</strong></span> <span class='ocrx_word' id='word_1_629' title='bbox 2958 2676 3170 2746; x_wconf 80' lang='lat' dir='ltr'><strong>negotio</strong></span> <span class='ocrx_word' id='word_1_630' title='bbox 3199 2671 3528 2736; x_wconf 88' lang='lat' dir='ltr'><strong>contemnit,</strong></span> <span class='ocrx_word' id='word_1_631' title='bbox 3557 2671 3696 2740; x_wconf 88' lang='lat' dir='ltr'><strong>quod</strong></span> 
     </span>
    </p>
   </div>
   <div class='ocr_carea' id='block_1_88' title="bbox 2114 2762 3697 2846">
    <p class='ocr_par' dir='ltr' id='par_1_88' title="bbox 2114 2762 3697 2846">
     <span class='ocr_line' id='line_1_88' title="bbox 2114 2762 3697 2846; baseline -0.009 -16"><span class='ocrx_word' id='word_1_632' title='bbox 2114 2780 2297 2846; x_wconf 89' lang='lat' dir='ltr'><strong>utique</strong></span> <span class='ocrx_word' id='word_1_633' title='bbox 2329 2782 2479 2829; x_wconf 83' lang='lat' dir='ltr'><strong>beata</strong></span> <span class='ocrx_word' id='word_1_634' title='bbox 2509 2771 2605 2826; x_wconf 75' lang='lat' dir='ltr'><strong>ista</strong></span> <span class='ocrx_word' id='word_1_635' title='bbox 2644 2770 2828 2826; x_wconf 87' lang='lat' dir='ltr'><strong>Drosis</strong></span> <span class='ocrx_word' id='word_1_636' title='bbox 2854 2769 3016 2824; x_wconf 89' lang='lat' dir='ltr'><strong>etiam</strong></span> <span class='ocrx_word' id='word_1_637' title='bbox 3062 2766 3206 2821; x_wconf 88' lang='lat' dir='ltr'><strong>fecit.</strong></span> <span class='ocrx_word' id='word_1_638' title='bbox 3240 2764 3528 2833; x_wconf 87' lang='lat' dir='ltr'><strong>Postquam</strong></span> <span class='ocrx_word' id='word_1_639' title='bbox 3554 2762 3697 2817; x_wconf 87' lang='lat' dir='ltr'><strong>enim</strong></span> 
     </span>
    </p>
   </div>
   <div class='ocr_carea' id='block_1_89' title="bbox 2113 2852 3699 2938">
    <p class='ocr_par' dir='ltr' id='par_1_89' title="bbox 2113 2852 3699 2938">
     <span class='ocr_line' id='line_1_89' title="bbox 2113 2852 3699 2938; baseline -0.01 -16"><span class='ocrx_word' id='word_1_640' title='bbox 2113 2882 2300 2938; x_wconf 86' lang='lat' dir='ltr'><strong>rogum</strong></span> <span class='ocrx_word' id='word_1_641' title='bbox 2332 2875 2589 2938; x_wconf 82' lang='lat' dir='ltr'><strong>tyrannus</strong></span> <span class='ocrx_word' id='word_1_642' title='bbox 2630 2861 3097 2930; x_wconf 75' lang='lat' dir='ltr'><strong>accenditmeque</strong></span> <span class='ocrx_word' id='word_1_643' title='bbox 3137 2857 3280 2913; x_wconf 91' lang='lat' dir='ltr'><strong>enim</strong></span> <span class='ocrx_word' id='word_1_644' title='bbox 3309 2855 3361 2910; x_wconf 91' lang='lat' dir='ltr'><strong>in</strong></span> <span class='ocrx_word' id='word_1_645' title='bbox 3390 2852 3699 2910; x_wconf 81' lang='lat' dir='ltr'><strong>barathrum</strong></span> 
     </span>
    </p>
   </div>
   <div class='ocr_carea' id='block_1_90' title="bbox 2115 2947 3700 3027">
    <p class='ocr_par' dir='ltr' id='par_1_90' title="bbox 2115 2947 3700 3027">
     <span class='ocr_line' id='line_1_90' title="bbox 2115 2947 3700 3027; baseline -0.007 -14"><span class='ocrx_word' id='word_1_646' title='bbox 2115 2958 2257 3013; x_wconf 89' lang='lat' dir='ltr'><strong>illam</strong></span> <span class='ocrx_word' id='word_1_647' title='bbox 2303 2956 2626 3027; x_wconf 73' lang='lat' dir='ltr'><strong>prmcipitem</strong></span> <span class='ocrx_word' id='word_1_648' title='bbox 2671 2955 2815 3025; x_wconf 82' lang='lat' dir='ltr'><strong>egit,</strong></span> <span class='ocrx_word' id='word_1_649' title='bbox 2862 2967 3037 3021; x_wconf 86' lang='lat' dir='ltr'><strong>neque</strong></span> <span class='ocrx_word' id='word_1_650' title='bbox 3078 2949 3251 3019; x_wconf 89' lang='lat' dir='ltr'><strong>capite</strong></span> <span class='ocrx_word' id='word_1_651' title='bbox 3298 2947 3595 3011; x_wconf 87' lang='lat' dir='ltr'><strong>truncavit,</strong></span> <span class='ocrx_word' id='word_1_652' title='bbox 3636 2960 3700 3002; x_wconf 82' lang='lat' dir='ltr'><strong>ne</strong></span> 
     </span>
    </p>
   </div>
   <div class='ocr_carea' id='block_1_91' title="bbox 2118 3035 3696 3117">
    <p class='ocr_par' dir='ltr' id='par_1_91' title="bbox 2118 3035 3696 3117">
     <span class='ocr_line' id='line_1_91' title="bbox 2118 3035 3696 3117; baseline -0.007 -15"><span class='ocrx_word' id='word_1_653' title='bbox 2118 3045 2365 3117; x_wconf 87' lang='lat' dir='ltr'><strong>supplicii</strong></span> <span class='ocrx_word' id='word_1_654' title='bbox 2395 3047 2625 3101; x_wconf 87' lang='lat' dir='ltr'><strong>brevitas</strong></span> <span class='ocrx_word' id='word_1_655' title='bbox 2652 3043 2862 3099; x_wconf 85' lang='lat' dir='ltr'><strong>facilius</strong></span> <span class='ocrx_word' id='word_1_656' title='bbox 2894 3043 2971 3097; x_wconf 89' lang='lat' dir='ltr'><strong>illi</strong></span> <span class='ocrx_word' id='word_1_657' title='bbox 3000 3051 3266 3097; x_wconf 90' lang='lat' dir='ltr'><strong>certamen</strong></span> <span class='ocrx_word' id='word_1_658' title='bbox 3297 3039 3576 3102; x_wconf 88' lang='lat' dir='ltr'><strong>redderet;</strong></span> <span class='ocrx_word' id='word_1_659' title='bbox 3607 3035 3696 3091; x_wconf 86' lang='lat' dir='ltr'><strong>sed</strong></span> 
     </span>
    </p>
   </div>
   <div class='ocr_carea' id='block_1_92' title="bbox 2115 3129 3700 3206">
    <p class='ocr_par' dir='ltr' id='par_1_92' title="bbox 2115 3129 3700 3206">
     <span class='ocr_line' id='line_1_92' title="bbox 2115 3129 3700 3206; baseline -0.008 -14"><span class='ocrx_word' id='word_1_660' title='bbox 2115 3141 2294 3193; x_wconf 89' lang='lat' dir='ltr'><strong>animo</strong></span> <span class='ocrx_word' id='word_1_661' title='bbox 2323 3141 2438 3206; x_wconf 88' lang='lat' dir='ltr'><strong>ejus</strong></span> <span class='ocrx_word' id='word_1_662' title='bbox 2467 3137 2687 3206; x_wconf 87' lang='lat' dir='ltr'><strong>cupiens</strong></span> <span class='ocrx_word' id='word_1_663' title='bbox 2713 3144 2968 3190; x_wconf 91' lang='lat' dir='ltr'><strong>terrorem</strong></span> <span class='ocrx_word' id='word_1_664' title='bbox 2999 3133 3258 3191; x_wconf 88' lang='lat' dir='ltr'><strong>incutere.</strong></span> <span class='ocrx_word' id='word_1_665' title='bbox 3286 3140 3446 3200; x_wconf 88' lang='lat' dir='ltr'><strong>atque</strong></span> <span class='ocrx_word' id='word_1_666' title='bbox 3476 3129 3700 3183; x_wconf 82' lang='lat' dir='ltr'><strong>indomi-</strong></span> 
     </span>
    </p>
   </div>
   <div class='ocr_carea' id='block_1_93' title="bbox 2120 3222 3699 3299">
    <p class='ocr_par' dir='ltr' id='par_1_93' title="bbox 2120 3222 3699 3299">
     <span class='ocr_line' id='line_1_93' title="bbox 2120 3222 3699 3299; baseline -0.007 -15"><span class='ocrx_word' id='word_1_667' title='bbox 2120 3238 2225 3284; x_wconf 90' lang='lat' dir='ltr'><strong>tam</strong></span> <span class='ocrx_word' id='word_1_668' title='bbox 2255 3231 2369 3299; x_wconf 79' lang='lat' dir='ltr'><strong>ejus</strong></span> <span class='ocrx_word' id='word_1_669' title='bbox 2399 3237 2630 3283; x_wconf 87' lang='lat' dir='ltr'><strong>mentem</strong></span> <span class='ocrx_word' id='word_1_670' title='bbox 2659 3227 2771 3297; x_wconf 86' lang='lat' dir='ltr'><strong>rogi</strong></span> <span class='ocrx_word' id='word_1_671' title='bbox 2812 3235 3028 3295; x_wconf 89' lang='lat' dir='ltr'><strong>aspectu</strong></span> <span class='ocrx_word' id='word_1_672' title='bbox 3057 3237 3308 3293; x_wconf 88' lang='lat' dir='ltr'><strong>superare</strong></span> <span class='ocrx_word' id='word_1_673' title='bbox 3329 3265 3344 3289; x_wconf 94' lang='lat'><strong>,</strong></span> <span class='ocrx_word' id='word_1_674' title='bbox 3382 3222 3435 3276; x_wconf 88' lang='lat' dir='ltr'><strong>in</strong></span> <span class='ocrx_word' id='word_1_675' title='bbox 3467 3222 3699 3275; x_wconf 88' lang='lat' dir='ltr'><strong>medium</strong></span> 
     </span>
    </p>
   </div>
   <div class='ocr_carea' id='block_1_94' title="bbox 2119 3314 3693 3391">
    <p class='ocr_par' dir='ltr' id='par_1_94' title="bbox 2119 3314 3693 3391">
     <span class='ocr_line' id='line_1_94' title="bbox 2119 3314 3693 3391; baseline -0.007 -15"><span class='ocrx_word' id='word_1_676' title='bbox 2119 3322 2260 3376; x_wconf 90' lang='lat' dir='ltr'><strong>illam</strong></span> <span class='ocrx_word' id='word_1_677' title='bbox 2291 3320 2528 3391; x_wconf 90' lang='lat' dir='ltr'><strong>protulit.</strong></span> <span class='ocrx_word' id='word_1_678' title='bbox 2557 3319 2690 3373; x_wconf 83' lang='lat' dir='ltr'><strong>Cum</strong></span> <span class='ocrx_word' id='word_1_679' title='bbox 2721 3320 2881 3389; x_wconf 86' lang='lat' dir='ltr'><strong>igitur</strong></span> <span class='ocrx_word' id='word_1_680' title='bbox 2908 3332 3094 3387; x_wconf 85' lang='lat' dir='ltr'><strong>rogum</strong></span> <span class='ocrx_word' id='word_1_681' title='bbox 3123 3314 3473 3376; x_wconf 83' lang='lat' dir='ltr'><strong>accendisset,</strong></span> <span class='ocrx_word' id='word_1_682' title='bbox 3506 3328 3571 3367; x_wconf 89' lang='lat' dir='ltr'><strong>ac</strong></span> <span class='ocrx_word' id='word_1_683' title='bbox 3600 3314 3693 3366; x_wconf 84' lang='lat' dir='ltr'><strong>for-</strong></span> 
     </span>
    </p>
   </div>
   <div class='ocr_carea' id='block_1_95' title="bbox 2121 3404 3700 3478">
    <p class='ocr_par' dir='ltr' id='par_1_95' title="bbox 2121 3404 3700 3478">
     <span class='ocr_line' id='line_1_95' title="bbox 2121 3404 3700 3478; baseline -0.007 -11"><span class='ocrx_word' id='word_1_684' title='bbox 2121 3427 2304 3468; x_wconf 88' lang='lat' dir='ltr'><strong>nacem</strong></span> <span class='ocrx_word' id='word_1_685' title='bbox 2332 3413 2746 3475; x_wconf 88' lang='lat' dir='ltr'><strong>inflammasset,</strong></span> <span class='ocrx_word' id='word_1_686' title='bbox 2780 3419 2936 3478; x_wconf 90' lang='lat' dir='ltr'><strong>atque</strong></span> <span class='ocrx_word' id='word_1_687' title='bbox 2986 3408 3037 3461; x_wconf 91' lang='lat' dir='ltr'><strong>in</strong></span> <span class='ocrx_word' id='word_1_688' title='bbox 3077 3421 3338 3462; x_wconf 89' lang='lat' dir='ltr'><strong>summam</strong></span> <span class='ocrx_word' id='word_1_689' title='bbox 3367 3404 3700 3459; x_wconf 86' lang='lat' dir='ltr'><strong>altitudinem</strong></span> 
     </span>
    </p>
   </div>
   <div class='ocr_carea' id='block_1_96' title="bbox 2116 3494 3701 3568">
    <p class='ocr_par' dir='ltr' id='par_1_96' title="bbox 2116 3494 3701 3568">
     <span class='ocr_line' id='line_1_96' title="bbox 2116 3494 3701 3568; baseline -0.006 -10"><span class='ocrx_word' id='word_1_690' title='bbox 2116 3502 2467 3566; x_wconf 84' lang='lat' dir='ltr'><strong>attolleretur,</strong></span> <span class='ocrx_word' id='word_1_691' title='bbox 2497 3502 2612 3558; x_wconf 69' lang='lat' dir='ltr'><strong>haac</strong></span> <span class='ocrx_word' id='word_1_692' title='bbox 2634 3517 2756 3557; x_wconf 93' lang='lat' dir='ltr'><strong>cum</strong></span> <span class='ocrx_word' id='word_1_693' title='bbox 2785 3509 3032 3556; x_wconf 89' lang='lat' dir='ltr'><strong>cerneret</strong></span> <span class='ocrx_word' id='word_1_694' title='bbox 3057 3500 3209 3553; x_wconf 87' lang='lat' dir='ltr'><strong>beata</strong></span> <span class='ocrx_word' id='word_1_695' title='bbox 3238 3506 3461 3568; x_wconf 84' lang='lat' dir='ltr'><strong>martyr,</strong></span> <span class='ocrx_word' id='word_1_696' title='bbox 3491 3494 3701 3550; x_wconf 83' lang='lat' dir='ltr'><strong>inflam-</strong></span> 
     </span>
    </p>
   </div>
   <div class='ocr_carea' id='block_1_97' title="bbox 2121 3574 3699 3666">
    <p class='ocr_par' dir='ltr' id='par_1_97' title="bbox 2121 3574 3699 3666">
     <span class='ocr_line' id='line_1_97' title="bbox 2121 3574 3699 3666; baseline -0.009 -13"><span class='ocrx_word' id='word_1_697' title='bbox 2121 3597 2363 3653; x_wconf 87' lang='lat' dir='ltr'><strong>mabatur</strong></span> <span class='ocrx_word' id='word_1_698' title='bbox 2398 3597 2519 3666; x_wconf 83' lang='lat' dir='ltr'><strong>ipsa</strong></span> <span class='ocrx_word' id='word_1_699' title='bbox 2551 3610 2760 3665; x_wconf 82' lang='lat' dir='ltr'><strong>quoque</strong></span> <span class='ocrx_word' id='word_1_700' title='bbox 2800 3602 2960 3663; x_wconf 89' lang='lat' dir='ltr'><strong>atque</strong></span> <span class='ocrx_word' id='word_1_701' title='bbox 2999 3607 3181 3646; x_wconf 85' lang='lat' dir='ltr'><strong>amore</strong></span> <span class='ocrx_word' id='word_1_702' title='bbox 3217 3574 3414 3646; x_wconf 77' lang='lat' dir='ltr'><strong>Christi</strong></span> <span class='ocrx_word' id='word_1_703' title='bbox 3451 3589 3699 3650; x_wconf 79' lang='lat' dir='ltr'><strong>ardebat,</strong></span> 
     </span>
    </p>
   </div>
   <div class='ocr_carea' id='block_1_98' title="bbox 2118 3667 3703 3759">
    <p class='ocr_par' dir='ltr' id='par_1_98' title="bbox 2118 3667 3703 3759">
     <span class='ocr_line' id='line_1_98' title="bbox 2118 3667 3703 3759; baseline -0.005 -15"><span class='ocrx_word' id='word_1_704' title='bbox 2118 3690 2385 3759; x_wconf 87' lang='lat' dir='ltr'><strong>triumque</strong></span> <span class='ocrx_word' id='word_1_705' title='bbox 2414 3702 2695 3757; x_wconf 86' lang='lat' dir='ltr'><strong>puerorum</strong></span> <span class='ocrx_word' id='word_1_706' title='bbox 2729 3701 2953 3753; x_wconf 89' lang='lat' dir='ltr'><strong>memor,</strong></span> <span class='ocrx_word' id='word_1_707' title='bbox 2983 3667 3163 3739; x_wconf 81' lang='lat' dir='ltr'><strong>secum</strong></span> <span class='ocrx_word' id='word_1_708' title='bbox 3191 3684 3304 3753; x_wconf 89' lang='lat' dir='ltr'><strong>ipsa</strong></span> <span class='ocrx_word' id='word_1_709' title='bbox 3331 3682 3703 3750; x_wconf 87' lang='lat' dir='ltr'><strong>reputabat,se</strong></span> 
     </span>
    </p>
   </div>
   <div class='ocr_carea' id='block_1_99' title="bbox 2120 3773 3705 3840">
    <p class='ocr_par' dir='ltr' id='par_1_99' title="bbox 2120 3773 3705 3840">
     <span class='ocr_line' id='line_1_99' title="bbox 2120 3773 3705 3840; baseline -0.003 -9"><span class='ocrx_word' id='word_1_710' title='bbox 2120 3780 2173 3832; x_wconf 92' lang='lat' dir='ltr'><strong>in</strong></span> <span class='ocrx_word' id='word_1_711' title='bbox 2214 3779 2524 3833; x_wconf 85' lang='lat' dir='ltr'><strong>societatem</strong></span> <span class='ocrx_word' id='word_1_712' title='bbox 2571 3777 2917 3832; x_wconf 87' lang='lat' dir='ltr'><strong>certaminum</strong></span> <span class='ocrx_word' id='word_1_713' title='bbox 2972 3775 3178 3829; x_wconf 81' lang='lat' dir='ltr'><strong>illorum</strong></span> <span class='ocrx_word' id='word_1_714' title='bbox 3234 3773 3450 3837; x_wconf 90' lang='lat' dir='ltr'><strong>venire,</strong></span> <span class='ocrx_word' id='word_1_715' title='bbox 3498 3773 3705 3840; x_wconf 83' lang='lat' dir='ltr'><strong>sibique</strong></span> 
     </span>
    </p>
   </div>
   <div class='ocr_carea' id='block_1_100' title="bbox 2116 3861 3703 3933">
    <p class='ocr_par' dir='ltr' id='par_1_100' title="bbox 2116 3861 3703 3933">
     <span class='ocr_line' id='line_1_100' title="bbox 2116 3861 3703 3933; baseline -0.006 -10"><span class='ocrx_word' id='word_1_716' title='bbox 2116 3867 2328 3923; x_wconf 86' lang='lat' dir='ltr'><strong>easdem</strong></span> <span class='ocrx_word' id='word_1_717' title='bbox 2367 3883 2487 3923; x_wconf 90' lang='lat' dir='ltr'><strong>cum</strong></span> <span class='ocrx_word' id='word_1_718' title='bbox 2517 3868 2618 3921; x_wconf 89' lang='lat' dir='ltr'><strong>illis</strong></span> <span class='ocrx_word' id='word_1_719' title='bbox 2649 3881 2874 3921; x_wconf 90' lang='lat' dir='ltr'><strong>coronas</strong></span> <span class='ocrx_word' id='word_1_720' title='bbox 2903 3864 3124 3933; x_wconf 87' lang='lat' dir='ltr'><strong>imponi.</strong></span> <span class='ocrx_word' id='word_1_721' title='bbox 3161 3863 3227 3917; x_wconf 83' lang='lat' dir='ltr'><strong>Et</strong></span> <span class='ocrx_word' id='word_1_722' title='bbox 3254 3861 3703 3932; x_wconf 85' lang='lat' dir='ltr'><strong>quemadmodum</strong></span> 
     </span>
    </p>
   </div>
   <div class='ocr_carea' id='block_1_101' title="bbox 2122 3953 3703 4026">
    <p class='ocr_par' dir='ltr' id='par_1_101' title="bbox 2122 3953 3703 4026">
     <span class='ocr_line' id='line_1_101' title="bbox 2122 3953 3703 4026; baseline -0.004 -14"><span class='ocrx_word' id='word_1_723' title='bbox 2122 3958 2304 4013; x_wconf 84' lang='lat' dir='ltr'><strong>furiosi</strong></span> <span class='ocrx_word' id='word_1_724' title='bbox 2331 3958 2463 4013; x_wconf 88' lang='lat' dir='ltr'><strong>nihil</strong></span> <span class='ocrx_word' id='word_1_725' title='bbox 2493 3972 2702 4021; x_wconf 87' lang='lat' dir='ltr'><strong>eorum,</strong></span> <span class='ocrx_word' id='word_1_726' title='bbox 2732 3970 2849 4026; x_wconf 76' lang='lat' dir='ltr'><strong>qua:</strong></span> <span class='ocrx_word' id='word_1_727' title='bbox 2876 3964 3188 4019; x_wconf 89' lang='lat' dir='ltr'><strong>cernuntur,</strong></span> <span class='ocrx_word' id='word_1_728' title='bbox 3221 3964 3376 4023; x_wconf 91' lang='lat' dir='ltr'><strong>prout</strong></span> <span class='ocrx_word' id='word_1_729' title='bbox 3399 3963 3481 4008; x_wconf 73' lang='lat' dir='ltr'><strong>est</strong></span> <span class='ocrx_word' id='word_1_730' title='bbox 3500 3953 3703 4015; x_wconf 85' lang='lat' dir='ltr'><strong>vident,</strong></span> 
     </span>
    </p>
   </div>
   <div class='ocr_carea' id='block_1_102' title="bbox 2117 4044 3705 4120">
    <p class='ocr_par' dir='ltr' id='par_1_102' title="bbox 2117 4044 3705 4120">
     <span class='ocr_line' id='line_1_102' title="bbox 2117 4044 3705 4120; baseline -0.004 -14"><span class='ocrx_word' id='word_1_731' title='bbox 2117 4053 2210 4107; x_wconf 91' lang='lat' dir='ltr'><strong>sed</strong></span> <span class='ocrx_word' id='word_1_732' title='bbox 2237 4054 2348 4106; x_wconf 87' lang='lat' dir='ltr'><strong>sive</strong></span> <span class='ocrx_word' id='word_1_733' title='bbox 2382 4062 2660 4107; x_wconf 81' lang='lat' dir='ltr'><strong>exacntum</strong></span> <span class='ocrx_word' id='word_1_734' title='bbox 2688 4047 2921 4120; x_wconf 86' lang='lat' dir='ltr'><strong>gladium</strong></span> <span class='ocrx_word' id='word_1_735' title='bbox 2973 4046 3219 4110; x_wconf 86' lang='lat' dir='ltr'><strong>viderint,</strong></span> <span class='ocrx_word' id='word_1_736' title='bbox 3256 4046 3306 4099; x_wconf 91' lang='lat' dir='ltr'><strong>in</strong></span> <span class='ocrx_word' id='word_1_737' title='bbox 3350 4046 3524 4113; x_wconf 84' lang='lat' dir='ltr'><strong>ipsum</strong></span> <span class='ocrx_word' id='word_1_738' title='bbox 3557 4044 3705 4099; x_wconf 85' lang='lat' dir='ltr'><strong>facile</strong></span> 
     </span>
    </p>
   </div>
   <div class='ocr_carea' id='block_1_103' title="bbox 2122 4139 3706 4216">
    <p class='ocr_par' dir='ltr' id='par_1_103' title="bbox 2122 4139 3706 4216">
     <span class='ocr_line' id='line_1_103' title="bbox 2122 4139 3706 4216; baseline -0.006 -16"><span class='ocrx_word' id='word_1_739' title='bbox 2122 4146 2420 4216; x_wconf 62' lang='lat' dir='ltr'><strong>praccipites</strong></span> <span class='ocrx_word' id='word_1_740' title='bbox 2450 4146 2691 4208; x_wconf 90' lang='lat' dir='ltr'><strong>irruunt,</strong></span> <span class='ocrx_word' id='word_1_741' title='bbox 2720 4144 2833 4198; x_wconf 88' lang='lat' dir='ltr'><strong>sive</strong></span> <span class='ocrx_word' id='word_1_742' title='bbox 2854 4156 3062 4211; x_wconf 87' lang='lat' dir='ltr'><strong>rogum,</strong></span> <span class='ocrx_word' id='word_1_743' title='bbox 3094 4141 3207 4195; x_wconf 85' lang='lat' dir='ltr'><strong>sive</strong></span> <span class='ocrx_word' id='word_1_744' title='bbox 3230 4139 3568 4203; x_wconf 84' lang='lat' dir='ltr'><strong>barathrum,</strong></span> <span class='ocrx_word' id='word_1_745' title='bbox 3596 4140 3706 4192; x_wconf 88' lang='lat' dir='ltr'><strong>sive</strong></span> 
     </span>
    </p>
   </div>
   <div class='ocr_carea' id='block_1_104' title="bbox 2119 4230 3706 4307">
    <p class='ocr_par' dir='ltr' id='par_1_104' title="bbox 2119 4230 3706 4307">
     <span class='ocr_line' id='line_1_104' title="bbox 2119 4230 3706 4307; baseline -0.006 -15"><span class='ocrx_word' id='word_1_746' title='bbox 2119 4238 2487 4307; x_wconf 74' lang='lat' dir='ltr'><strong>prtecipitium,</strong></span> <span class='ocrx_word' id='word_1_747' title='bbox 2516 4238 2625 4291; x_wconf 86' lang='lat' dir='ltr'><strong>sive</strong></span> <span class='ocrx_word' id='word_1_748' title='bbox 2649 4235 2881 4305; x_wconf 86' lang='lat' dir='ltr'><strong>pelagus,</strong></span> <span class='ocrx_word' id='word_1_749' title='bbox 2907 4235 3016 4288; x_wconf 84' lang='lat' dir='ltr'><strong>sive</strong></span> <span class='ocrx_word' id='word_1_750' title='bbox 3036 4233 3175 4287; x_wconf 90' lang='lat' dir='ltr'><strong>aliud</strong></span> <span class='ocrx_word' id='word_1_751' title='bbox 3196 4231 3424 4301; x_wconf 89' lang='lat' dir='ltr'><strong>quidvis,</strong></span> <span class='ocrx_word' id='word_1_752' title='bbox 3446 4230 3706 4299; x_wconf 87' lang='lat' dir='ltr'><strong>intrepide</strong></span> 
     </span>
    </p>
   </div>
   <div class='ocr_carea' id='block_1_105' title="bbox 2117 4323 3705 4399">
    <p class='ocr_par' dir='ltr' id='par_1_105' title="bbox 2117 4323 3705 4399">
     <span class='ocr_line' id='line_1_105' title="bbox 2117 4323 3705 4399; baseline -0.003 -16"><span class='ocrx_word' id='word_1_753' title='bbox 2117 4344 2177 4383; x_wconf 88' lang='lat' dir='ltr'><strong>se</strong></span> <span class='ocrx_word' id='word_1_754' title='bbox 2224 4330 2275 4382; x_wconf 92' lang='lat' dir='ltr'><strong>in</strong></span> <span class='ocrx_word' id='word_1_755' title='bbox 2314 4339 2500 4383; x_wconf 88' lang='lat' dir='ltr'><strong>cuneta</strong></span> <span class='ocrx_word' id='word_1_756' title='bbox 2534 4328 2819 4399; x_wconf 87' lang='lat' dir='ltr'><strong>projiciunt</strong></span> <span class='ocrx_word' id='word_1_757' title='bbox 2848 4346 2861 4381; x_wconf 89' lang='lat'>:</span> <span class='ocrx_word' id='word_1_758' title='bbox 2888 4327 2964 4381; x_wconf 90' lang='lat' dir='ltr'><strong>sic</strong></span> <span class='ocrx_word' id='word_1_759' title='bbox 3002 4334 3056 4380; x_wconf 89' lang='lat' dir='ltr'><strong>et</strong></span> <span class='ocrx_word' id='word_1_760' title='bbox 3104 4326 3201 4379; x_wconf 91' lang='lat' dir='ltr'><strong>ista</strong></span> <span class='ocrx_word' id='word_1_761' title='bbox 3241 4324 3419 4377; x_wconf 88' lang='lat' dir='ltr'><strong>furore</strong></span> <span class='ocrx_word' id='word_1_762' title='bbox 3464 4339 3574 4377; x_wconf 88' lang='lat' dir='ltr'><strong>non</strong></span> <span class='ocrx_word' id='word_1_763' title='bbox 3619 4323 3705 4378; x_wconf 86' lang='lat' dir='ltr'><strong>tali</strong></span> 
     </span>
    </p>
   </div>
   <div class='ocr_carea' id='block_1_106' title="bbox 2117 4400 3703 4490">
    <p class='ocr_par' dir='ltr' id='par_1_106' title="bbox 2117 4400 3703 4490">
     <span class='ocr_line' id='line_1_106' title="bbox 2117 4400 3703 4490; baseline -0.004 -15"><span class='ocrx_word' id='word_1_764' title='bbox 2117 4430 2380 4490; x_wconf 85' lang='lat' dir='ltr'><strong>correpta,</strong></span> <span class='ocrx_word' id='word_1_765' title='bbox 2412 4421 2569 4485; x_wconf 90' lang='lat' dir='ltr'><strong>absit,</strong></span> <span class='ocrx_word' id='word_1_766' title='bbox 2601 4420 2696 4475; x_wconf 90' lang='lat' dir='ltr'><strong>sed</strong></span> <span class='ocrx_word' id='word_1_767' title='bbox 2724 4419 2830 4472; x_wconf 93' lang='lat' dir='ltr'><strong>alio</strong></span> <span class='ocrx_word' id='word_1_768' title='bbox 2860 4418 3044 4488; x_wconf 86' lang='lat' dir='ltr'><strong>quavis</strong></span> <span class='ocrx_word' id='word_1_769' title='bbox 3074 4400 3351 4486; x_wconf 81' lang='lat' dir='ltr'><strong>prudentia</strong></span> <span class='ocrx_word' id='word_1_770' title='bbox 3384 4414 3703 4480; x_wconf 87' lang='lat' dir='ltr'><strong>bouestiori,</strong></span> 
     </span>
    </p>
   </div>
   <div class='ocr_carea' id='block_1_107' title="bbox 2118 4508 3707 4581">
    <p class='ocr_par' dir='ltr' id='par_1_107' title="bbox 2118 4508 3707 4581">
     <span class='ocr_line' id='line_1_107' title="bbox 2118 4508 3707 4581; baseline -0.004 -15"><span class='ocrx_word' id='word_1_771' title='bbox 2118 4511 2420 4581; x_wconf 88' lang='lat' dir='ltr'><strong>Christique</strong></span> <span class='ocrx_word' id='word_1_772' title='bbox 2461 4526 2641 4565; x_wconf 89' lang='lat' dir='ltr'><strong>amore</strong></span> <span class='ocrx_word' id='word_1_773' title='bbox 2685 4520 2958 4579; x_wconf 83' lang='lat' dir='ltr'><strong>correpta,</strong></span> <span class='ocrx_word' id='word_1_774' title='bbox 3011 4508 3139 4562; x_wconf 91' lang='lat' dir='ltr'><strong>nihil</strong></span> <span class='ocrx_word' id='word_1_775' title='bbox 3184 4522 3369 4562; x_wconf 90' lang='lat' dir='ltr'><strong>eorum</strong></span> <span class='ocrx_word' id='word_1_776' title='bbox 3410 4522 3536 4576; x_wconf 69' lang='lat' dir='ltr'><strong>qua:</strong></span> <span class='ocrx_word' id='word_1_777' title='bbox 3588 4516 3707 4561; x_wconf 82' lang='lat' dir='ltr'><strong>sunt</strong></span> 
     </span>
    </p>
   </div>
   <div class='ocr_carea' id='block_1_108' title="bbox 2120 4597 3704 4670">
    <p class='ocr_par' dir='ltr' id='par_1_108' title="bbox 2120 4597 3704 4670">
     <span class='ocr_line' id='line_1_108' title="bbox 2120 4597 3704 4670; baseline -0.004 -14"><span class='ocrx_word' id='word_1_778' title='bbox 2120 4603 2287 4656; x_wconf 89' lang='lat' dir='ltr'><strong>oculis</strong></span> <span class='ocrx_word' id='word_1_779' title='bbox 2325 4601 2561 4670; x_wconf 77' lang='lat' dir='ltr'><strong>subjecta</strong></span> <span class='ocrx_word' id='word_1_780' title='bbox 2607 4599 2911 4668; x_wconf 86' lang='lat' dir='ltr'><strong>spectabat,</strong></span> <span class='ocrx_word' id='word_1_781' title='bbox 2956 4599 3054 4659; x_wconf 84' lang='lat' dir='ltr'><strong>sed</strong></span> <span class='ocrx_word' id='word_1_782' title='bbox 3098 4599 3150 4652; x_wconf 93' lang='lat' dir='ltr'><strong>iu</strong></span> <span class='ocrx_word' id='word_1_783' title='bbox 3193 4597 3380 4652; x_wconf 69' lang='lat' dir='ltr'><strong>car-lum</strong></span> <span class='ocrx_word' id='word_1_784' title='bbox 3428 4597 3704 4662; x_wconf 87' lang='lat' dir='ltr'><strong>translata,</strong></span> 
     </span>
    </p>
   </div>
   <div class='ocr_carea' id='block_1_109' title="bbox 2120 4687 3706 4762">
    <p class='ocr_par' dir='ltr' id='par_1_109' title="bbox 2120 4687 3706 4762">
     <span class='ocr_line' id='line_1_109' title="bbox 2120 4687 3706 4762; baseline -0.003 -16"><span class='ocrx_word' id='word_1_785' title='bbox 2120 4693 2350 4762; x_wconf 83' lang='lat' dir='ltr'><strong>illucque</strong></span> <span class='ocrx_word' id='word_1_786' title='bbox 2388 4693 2496 4762; x_wconf 86' lang='lat' dir='ltr'><strong>jam</strong></span> <span class='ocrx_word' id='word_1_787' title='bbox 2546 4701 2725 4747; x_wconf 89' lang='lat' dir='ltr'><strong>mente</strong></span> <span class='ocrx_word' id='word_1_788' title='bbox 2770 4690 3125 4759; x_wconf 89' lang='lat' dir='ltr'><strong>commigrans</strong></span> <span class='ocrx_word' id='word_1_789' title='bbox 3167 4689 3343 4742; x_wconf 87' lang='lat' dir='ltr'><strong>omnia</strong></span> <span class='ocrx_word' id='word_1_790' title='bbox 3388 4687 3533 4742; x_wconf 88' lang='lat' dir='ltr'><strong>mala</strong></span> <span class='ocrx_word' id='word_1_791' title='bbox 3578 4703 3706 4741; x_wconf 86' lang='lat' dir='ltr'><strong>con-</strong></span> 
     </span>
    </p>
   </div>
   <div class='ocr_carea' id='block_1_110' title="bbox 2122 4779 3707 4853">
    <p class='ocr_par' dir='ltr' id='par_1_110' title="bbox 2122 4779 3707 4853">
     <span class='ocr_line' id='line_1_110' title="bbox 2122 4779 3707 4853; baseline -0.003 -15"><span class='ocrx_word' id='word_1_792' title='bbox 2122 4785 2408 4847; x_wconf 89' lang='lat' dir='ltr'><strong>temnebat,</strong></span> <span class='ocrx_word' id='word_1_793' title='bbox 2438 4795 2492 4838; x_wconf 85' lang='lat' dir='ltr'><strong>et</strong></span> <span class='ocrx_word' id='word_1_794' title='bbox 2518 4785 2690 4853; x_wconf 87' lang='lat' dir='ltr'><strong>ignem</strong></span> <span class='ocrx_word' id='word_1_795' title='bbox 2712 4798 2816 4837; x_wconf 90' lang='lat' dir='ltr'><strong>non</strong></span> <span class='ocrx_word' id='word_1_796' title='bbox 2847 4782 3041 4852; x_wconf 88' lang='lat' dir='ltr'><strong>ignem,</strong></span> <span class='ocrx_word' id='word_1_797' title='bbox 3073 4780 3164 4836; x_wconf 90' lang='lat' dir='ltr'><strong>sed</strong></span> <span class='ocrx_word' id='word_1_798' title='bbox 3191 4796 3364 4834; x_wconf 89' lang='lat' dir='ltr'><strong>rorem</strong></span> <span class='ocrx_word' id='word_1_799' title='bbox 3392 4793 3518 4834; x_wconf 87' lang='lat' dir='ltr'><strong>esse</strong></span> <span class='ocrx_word' id='word_1_800' title='bbox 3543 4779 3707 4835; x_wconf 56' lang='lat' dir='ltr'><strong>duce-</strong></span> 
     </span>
    </p>
   </div>
   <div class='ocr_carea' id='block_1_111' title="bbox 2121 4869 3709 4944">
    <p class='ocr_par' dir='ltr' id='par_1_111' title="bbox 2121 4869 3709 4944">
     <span class='ocr_line' id='line_1_111' title="bbox 2121 4869 3709 4944; baseline -0.005 -14"><span class='ocrx_word' id='word_1_801' title='bbox 2121 4877 2228 4931; x_wconf 90' lang='lat' dir='ltr'><strong>bat.</strong></span> <span class='ocrx_word' id='word_1_802' title='bbox 2250 4875 2605 4942; x_wconf 79' lang='lat' dir='ltr'><strong>Quamobrem</strong></span> <span class='ocrx_word' id='word_1_803' title='bbox 2633 4890 2820 4944; x_wconf 85' lang='lat' dir='ltr'><strong>rogum</strong></span> <span class='ocrx_word' id='word_1_804' title='bbox 2844 4874 2989 4927; x_wconf 91' lang='lat' dir='ltr'><strong>illum</strong></span> <span class='ocrx_word' id='word_1_805' title='bbox 3017 4887 3116 4941; x_wconf 86' lang='lat' dir='ltr'><strong>ego</strong></span> <span class='ocrx_word' id='word_1_806' title='bbox 3142 4880 3196 4925; x_wconf 88' lang='lat' dir='ltr'><strong>et</strong></span> <span class='ocrx_word' id='word_1_807' title='bbox 3226 4869 3426 4924; x_wconf 89' lang='lat' dir='ltr'><strong>fontem</strong></span> <span class='ocrx_word' id='word_1_808' title='bbox 3448 4885 3709 4939; x_wconf 89' lang='lat' dir='ltr'><strong>aquarqu</strong></span> 
     </span>
    </p>
   </div>
   <div class='ocr_carea' id='block_1_112' title="bbox 2121 4960 3709 5037">
    <p class='ocr_par' dir='ltr' id='par_1_112' title="bbox 2121 4960 3709 5037">
     <span class='ocr_line' id='line_1_112' title="bbox 2121 4960 3709 5037; baseline -0.003 -16"><span class='ocrx_word' id='word_1_809' title='bbox 2121 4966 2572 5037; x_wconf 87' lang='lat' dir='ltr'><strong>limpidissimum,</strong></span> <span class='ocrx_word' id='word_1_810' title='bbox 2631 4973 2687 5018; x_wconf 89' lang='lat' dir='ltr'><strong>et</strong></span> <span class='ocrx_word' id='word_1_811' title='bbox 2716 4967 2996 5017; x_wconf 86' lang='lat' dir='ltr'><strong>tineturam</strong></span> <span class='ocrx_word' id='word_1_812' title='bbox 3036 4963 3317 5031; x_wconf 79' lang='lat' dir='ltr'><strong>quamdam</strong></span> <span class='ocrx_word' id='word_1_813' title='bbox 3349 4960 3630 5027; x_wconf 81' lang='lat' dir='ltr'><strong>eximiam,</strong></span> <span class='ocrx_word' id='word_1_814' title='bbox 3658 4970 3709 5016; x_wconf 83' lang='lat' dir='ltr'><strong>et</strong></span> 
     </span>
    </p>
   </div>
   <div class='ocr_carea' id='block_1_113' title="bbox 2122 5042 3712 5123">
    <p class='ocr_par' dir='ltr' id='par_1_113' title="bbox 2122 5042 3712 5123">
     <span class='ocr_line' id='line_1_113' title="bbox 2122 5042 3712 5123; baseline -0.004 -12"><span class='ocrx_word' id='word_1_815' title='bbox 2122 5042 2393 5112; x_wconf 90' lang='lat' dir='ltr'><strong>fornacem</strong></span> <span class='ocrx_word' id='word_1_816' title='bbox 2428 5056 2791 5111; x_wconf 88' lang='lat' dir='ltr'><strong>conflatoriam</strong></span> <span class='ocrx_word' id='word_1_817' title='bbox 2823 5054 3053 5123; x_wconf 83' lang='lat' dir='ltr'><strong>appello.</strong></span> <span class='ocrx_word' id='word_1_818' title='bbox 3084 5050 3215 5106; x_wconf 84' lang='lat' dir='ltr'><strong>Nam</strong></span> <span class='ocrx_word' id='word_1_819' title='bbox 3256 5052 3712 5122; x_wconf 87' lang='lat' dir='ltr'><strong>quemadmodum</strong></span> 
     </span>
    </p>
   </div>
   <div class='ocr_carea' id='block_1_114' title="bbox 2121 5146 3713 5213">
    <p class='ocr_par' dir='ltr' id='par_1_114' title="bbox 2121 5146 3713 5213">
     <span class='ocr_line' id='line_1_114' title="bbox 2121 5146 3713 5213; baseline -0.006 -8"><span class='ocrx_word' id='word_1_820' title='bbox 2121 5150 2173 5205; x_wconf 91' lang='lat' dir='ltr'><strong>in</strong></span> <span class='ocrx_word' id='word_1_821' title='bbox 2207 5150 2420 5205; x_wconf 83' lang='lat' dir='ltr'><strong>fornace</strong></span> <span class='ocrx_word' id='word_1_822' title='bbox 2447 5165 2653 5212; x_wconf 89' lang='lat' dir='ltr'><strong>aurum,</strong></span> <span class='ocrx_word' id='word_1_823' title='bbox 2677 5149 2753 5201; x_wconf 90' lang='lat' dir='ltr'><strong>sic</strong></span> <span class='ocrx_word' id='word_1_824' title='bbox 2775 5158 2826 5202; x_wconf 91' lang='lat' dir='ltr'><strong>et</strong></span> <span class='ocrx_word' id='word_1_825' title='bbox 2850 5147 2990 5201; x_wconf 75' lang='lat' dir='ltr'><strong>illius</strong></span> <span class='ocrx_word' id='word_1_826' title='bbox 3015 5146 3165 5200; x_wconf 81' lang='lat' dir='ltr'><strong>bi-ata</strong></span> <span class='ocrx_word' id='word_1_827' title='bbox 3193 5146 3364 5197; x_wconf 87' lang='lat' dir='ltr'><strong>anima</strong></span> <span class='ocrx_word' id='word_1_828' title='bbox 3397 5160 3494 5213; x_wconf 89' lang='lat' dir='ltr'><strong>per</strong></span> <span class='ocrx_word' id='word_1_829' title='bbox 3520 5160 3713 5213; x_wconf 83' lang='lat' dir='ltr'><strong>rogum</strong></span> 
     </span>
    </p>
   </div>
   <div class='ocr_carea' id='block_1_115' title="bbox 2120 5238 3716 5313">
    <p class='ocr_par' dir='ltr' id='par_1_115' title="bbox 2120 5238 3716 5313">
     <span class='ocr_line' id='line_1_115' title="bbox 2120 5238 3716 5313; baseline -0.006 -16"><span class='ocrx_word' id='word_1_830' title='bbox 2120 5244 2267 5298; x_wconf 77' lang='lat' dir='ltr'><strong>illurn</strong></span> <span class='ocrx_word' id='word_1_831' title='bbox 2313 5245 2494 5313; x_wconf 88' lang='lat' dir='ltr'><strong>purior</strong></span> <span class='ocrx_word' id='word_1_832' title='bbox 2535 5242 2873 5298; x_wconf 84' lang='lat' dir='ltr'><strong>reddebatur.</strong></span> <span class='ocrx_word' id='word_1_833' title='bbox 2915 5239 3282 5310; x_wconf 86' lang='lat' dir='ltr'><strong>Liqnefiebant</strong></span> <span class='ocrx_word' id='word_1_834' title='bbox 3327 5238 3472 5290; x_wconf 86' lang='lat' dir='ltr'><strong>enim</strong></span> <span class='ocrx_word' id='word_1_835' title='bbox 3517 5253 3716 5292; x_wconf 79' lang='lat' dir='ltr'><strong>carnes</strong></span> 
     </span>
    </p>
   </div>
   <div class='ocr_carea' id='block_1_116' title="bbox 2119 5329 3714 5403">
    <p class='ocr_par' dir='ltr' id='par_1_116' title="bbox 2119 5329 3714 5403">
     <span class='ocr_line' id='line_1_116' title="bbox 2119 5329 3714 5403; baseline -0.006 -15"><span class='ocrx_word' id='word_1_836' title='bbox 2119 5334 2255 5403; x_wconf 89' lang='lat' dir='ltr'><strong>ejus,</strong></span> <span class='ocrx_word' id='word_1_837' title='bbox 2283 5344 2338 5388; x_wconf 92' lang='lat' dir='ltr'><strong>et</strong></span> <span class='ocrx_word' id='word_1_838' title='bbox 2364 5351 2482 5388; x_wconf 81' lang='lat' dir='ltr'><strong>ossa</strong></span> <span class='ocrx_word' id='word_1_839' title='bbox 2511 5333 2877 5396; x_wconf 85' lang='lat' dir='ltr'><strong>torrebautur,</strong></span> <span class='ocrx_word' id='word_1_840' title='bbox 2906 5331 3265 5385; x_wconf 74' lang='lat' dir='ltr'><strong>exurebautur</strong></span> <span class='ocrx_word' id='word_1_841' title='bbox 3294 5329 3477 5394; x_wconf 87' lang='lat' dir='ltr'><strong>nervi,</strong></span> <span class='ocrx_word' id='word_1_842' title='bbox 3508 5340 3567 5382; x_wconf 91' lang='lat' dir='ltr'><strong>et</strong></span> <span class='ocrx_word' id='word_1_843' title='bbox 3594 5342 3714 5383; x_wconf 83' lang='lat' dir='ltr'><strong>eor—</strong></span> 
     </span>
    </p>
   </div>
   <div class='ocr_carea' id='block_1_117' title="bbox 2119 5419 3711 5497">
    <p class='ocr_par' dir='ltr' id='par_1_117' title="bbox 2119 5419 3711 5497">
     <span class='ocr_line' id='line_1_117' title="bbox 2119 5419 3711 5497; baseline -0.006 -16"><span class='ocrx_word' id='word_1_844' title='bbox 2119 5429 2263 5497; x_wconf 82' lang='lat' dir='ltr'><strong>poris</strong></span> <span class='ocrx_word' id='word_1_845' title='bbox 2289 5428 2466 5482; x_wconf 90' lang='lat' dir='ltr'><strong>sanies</strong></span> <span class='ocrx_word' id='word_1_846' title='bbox 2488 5427 2719 5497; x_wconf 88' lang='lat' dir='ltr'><strong>undique</strong></span> <span class='ocrx_word' id='word_1_847' title='bbox 2741 5424 3005 5480; x_wconf 87' lang='lat' dir='ltr'><strong>defluebat</strong></span> <span class='ocrx_word' id='word_1_848' title='bbox 3025 5441 3037 5476; x_wconf 91' lang='lat'><strong>:</strong></span> <span class='ocrx_word' id='word_1_849' title='bbox 3058 5433 3112 5477; x_wconf 89' lang='lat' dir='ltr'><strong>at</strong></span> <span class='ocrx_word' id='word_1_850' title='bbox 3136 5423 3327 5475; x_wconf 77' lang='lat' dir='ltr'><strong>anima:</strong></span> <span class='ocrx_word' id='word_1_851' title='bbox 3349 5419 3481 5476; x_wconf 85' lang='lat' dir='ltr'><strong>ﬁdes</strong></span> <span class='ocrx_word' id='word_1_852' title='bbox 3506 5420 3711 5472; x_wconf 88' lang='lat' dir='ltr'><strong>firmior</strong></span> 
     </span>
    </p>
   </div>
   <div class='ocr_carea' id='block_1_118' title="bbox 2116 5511 3710 5587">
    <p class='ocr_par' dir='ltr' id='par_1_118' title="bbox 2116 5511 3710 5587">
     <span class='ocr_line' id='line_1_118' title="bbox 2116 5511 3710 5587; baseline -0.005 -15"><span class='ocrx_word' id='word_1_853' title='bbox 2116 5529 2169 5572; x_wconf 92' lang='lat' dir='ltr'><strong>et</strong></span> <span class='ocrx_word' id='word_1_854' title='bbox 2198 5517 2524 5587; x_wconf 90' lang='lat' dir='ltr'><strong>splendidior</strong></span> <span class='ocrx_word' id='word_1_855' title='bbox 2549 5517 2726 5572; x_wconf 87' lang='lat' dir='ltr'><strong>fiebat.</strong></span> <span class='ocrx_word' id='word_1_856' title='bbox 2756 5518 2928 5586; x_wconf 83' lang='lat' dir='ltr'><strong>Atque</strong></span> <span class='ocrx_word' id='word_1_857' title='bbox 2973 5514 3047 5569; x_wconf 91' lang='lat' dir='ltr'><strong>illi</strong></span> <span class='ocrx_word' id='word_1_858' title='bbox 3075 5513 3286 5583; x_wconf 90' lang='lat' dir='ltr'><strong>quidem</strong></span> <span class='ocrx_word' id='word_1_859' title='bbox 3317 5511 3435 5565; x_wconf 75' lang='lat' dir='ltr'><strong>inec</strong></span> <span class='ocrx_word' id='word_1_860' title='bbox 3463 5511 3710 5564; x_wconf 81' lang='lat' dir='ltr'><strong>videntes</strong></span> 
     </span>
    </p>
   </div>
   <div class='ocr_carea' id='block_1_119' title="bbox 2090 5603 3707 5691">
    <p class='ocr_par' dir='ltr' id='par_1_119' title="bbox 2090 5603 3707 5691">
     <span class='ocr_line' id='line_1_119' title="bbox 2090 5603 3707 5691; baseline -0.006 -26"><span class='ocrx_word' id='word_1_861' title='bbox 2090 5689 2093 5691; x_wconf 13' lang='grc' dir='ltr'><strong>ί</strong></span> <span class='ocrx_word' id='word_1_862' title='bbox 2117 5610 2286 5680; x_wconf 84' lang='lat' dir='ltr'><strong>ipsam</strong></span> <span class='ocrx_word' id='word_1_863' title='bbox 2327 5612 2498 5680; x_wconf 88' lang='lat' dir='ltr'><strong>perire</strong></span> <span class='ocrx_word' id='word_1_864' title='bbox 2541 5613 2825 5666; x_wconf 80' lang='lat' dir='ltr'><strong>censebant</strong></span> <span class='ocrx_word' id='word_1_865' title='bbox 2853 5625 2866 5663; x_wconf 91' lang='lat'><strong>:</strong></span> <span class='ocrx_word' id='word_1_866' title='bbox 2889 5608 3001 5662; x_wconf 67' lang='lat' dir='ltr'><strong>htec</strong></span> <span class='ocrx_word' id='word_1_867' title='bbox 3026 5621 3156 5660; x_wconf 89' lang='lat' dir='ltr'><strong>vero</strong></span> <span class='ocrx_word' id='word_1_868' title='bbox 3184 5603 3412 5674; x_wconf 90' lang='lat' dir='ltr'><strong>amplius</strong></span> <span class='ocrx_word' id='word_1_869' title='bbox 3440 5617 3707 5673; x_wconf 74' lang='lat' dir='ltr'><strong>expurga-</strong></span> 
     </span>
    </p>
   </div>
   <div class='ocr_carea' id='block_1_120' title="bbox 2116 5694 3704 5772">
    <p class='ocr_par' dir='ltr' id='par_1_120' title="bbox 2116 5694 3704 5772">
     <span class='ocr_line' id='line_1_120' title="bbox 2116 5694 3704 5772; baseline -0.007 -15"><span class='ocrx_word' id='word_1_870' title='bbox 2116 5705 2290 5768; x_wconf 89' lang='lat' dir='ltr'><strong>batur,</strong></span> <span class='ocrx_word' id='word_1_871' title='bbox 2314 5714 2366 5756; x_wconf 90' lang='lat' dir='ltr'><strong>et</strong></span> <span class='ocrx_word' id='word_1_872' title='bbox 2394 5702 2842 5772; x_wconf 84' lang='lat' dir='ltr'><strong>quemadmodum</strong></span> <span class='ocrx_word' id='word_1_873' title='bbox 2870 5714 3081 5763; x_wconf 90' lang='lat' dir='ltr'><strong>aurum,</strong></span> <span class='ocrx_word' id='word_1_874' title='bbox 3105 5697 3380 5765; x_wconf 83' lang='lat' dir='ltr'><strong>imperitus</strong></span> <span class='ocrx_word' id='word_1_875' title='bbox 3396 5695 3488 5763; x_wconf 89' lang='lat' dir='ltr'><strong>qui</strong></span> <span class='ocrx_word' id='word_1_876' title='bbox 3506 5694 3704 5757; x_wconf 76' lang='lat' dir='ltr'><strong>adstat,</strong></span> 
     </span>
    </p>
   </div>
   <div class='ocr_carea' id='block_1_121' title="bbox 2116 5786 3698 5866">
    <p class='ocr_par' dir='ltr' id='par_1_121' title="bbox 2116 5786 3698 5866">
     <span class='ocr_line' id='line_1_121' title="bbox 2116 5786 3698 5866; baseline -0.008 -17"><span class='ocrx_word' id='word_1_877' title='bbox 2116 5802 2171 5849; x_wconf 89' lang='lat' dir='ltr'><strong>et</strong></span> <span class='ocrx_word' id='word_1_878' title='bbox 2210 5794 2469 5866; x_wconf 79' lang='lat' dir='ltr'><strong>liquefieri</strong></span> <span class='ocrx_word' id='word_1_879' title='bbox 2498 5793 2640 5850; x_wconf 89' lang='lat' dir='ltr'><strong>videt</strong></span> <span class='ocrx_word' id='word_1_880' title='bbox 2675 5808 2737 5848; x_wconf 89' lang='lat' dir='ltr'><strong>ac</strong></span> <span class='ocrx_word' id='word_1_881' title='bbox 2774 5791 3054 5858; x_wconf 81' lang='lat' dir='ltr'><strong>difﬂuere,</strong></span> <span class='ocrx_word' id='word_1_882' title='bbox 3091 5803 3319 5860; x_wconf 85' lang='lat' dir='ltr'><strong>cumque</strong></span> <span class='ocrx_word' id='word_1_883' title='bbox 3340 5786 3528 5842; x_wconf 86' lang='lat' dir='ltr'><strong>cinere</strong></span> <span class='ocrx_word' id='word_1_884' title='bbox 3552 5800 3698 5841; x_wconf 86' lang='lat' dir='ltr'><strong>com-</strong></span> 
     </span>
    </p>
   </div>
  </div>
