3858 6280
150 292 268 352 687

164 477 170 483 ν
232 405 304 475 γ’.
352 384 502 458 Ἀλλ(
524 405 775 461 ἐντεῦθεν
802 405 922 478 μὲν,
945 406 1029 460 ὅτι
1051 406 1148 477 τῆς
1177 404 1457 468 ἀσθενείας
1488 403 1597 459 τῶν
1624 403 1741 456 δαι-

158 492 345 563 μόνων
372 491 592 564 ἔλεγχος
623 496 652 547 6
672 493 779 547 τῶν
804 492 1096 566 μαρτύρων
1124 494 1241 546 ἐστὶ
1274 492 1525 555 θάνατος,
1547 488 1742 544 ἀποδέ-

155 580 369 634 δεικται
387 597 400 611 ⁸
430 581 513 634 ὅτι
544 573 600 633 δὲ
629 581 721 635 καὶ
755 574 851 653 τῆς
872 579 1229 652 ἀναισθησίας
1253 580 1433 634 αὑτῶν
1463 581 1580 632 ἐστι
1608 593 1742 631 κατ·

158 666 365 738 ηγορία
406 666 468 720 τὺ
517 669 783 739 πρᾶγμα,
815 668 974 738 δῆλον
1007 667 1236 721 ἐκεῖθεν.
1263 659 1438 721 Ὅταν
1465 667 1575 739 γὰρ
1597 659 1742 720 οῦτοι

167 754 289 826 μὲν,
328 756 378 809 οί
413 756 688 828 μάρτυρες
712 755 876 826 λέγω,
910 755 1122 827 σώματι
1153 756 1247 810 καί¹
1281 757 1536 824 φυσικαῖς
1579 753 1745 822 ἀνάγ-

162 855 292 906 καις
316 843 683 915 ὑποκείμενοι,
719 843 814 897 καὶ
840 843 1009 898 πολὺν
1033 843 1234 897 ὀδυνῶν
1266 841 1421 913 ὄχλον
1452 842 1546 895 καλ¹
1572 841 1742 912 ἀλγη-

158 929 331 983 δόνων
358 929 574 1001 ἔχοντες
604 931 962 1003 περιεστῶτα,
997 931 1092 984 καλ⁸
1127 930 1217 983 τὸν
1248 930 1512 1000 ἐπίκηρον
1540 927 1744 993 ζῶντες

162 1015 305 1085 βίον,
333 1019 428 1071 καὶ
451 1017 829 1089 ,διατρίϐοντες
859 1019 950 1072 ἐπὶ
979 1018 1103 1089 γῆς,
1130 1017 1273 1070 οὕτω
1317 1016 1614 1087 φαίνωνται
1647 1015 1746 1086 τῆς

164 1105 451 1176 παρούσης
476 1104 854 1177 ὑπερορῶντες
883 1104 1027 1176 ζωῆς
1055 1104 1145 1158 διά
1171 1104 1272 1176 τὴν
1299 1100 1426 1175 περὶ
1464 1104 1556 1158 τὸν
1593 1101 1744 1174 [692]

162 1192 509 1262 πεποιηκότα
559 1192 744 1255 αὐτοῖς
800 1190 932 1244 Θεὸν
978 1191 1236 1263 ἀγάπην⁹
1290 1188 1490 1245 ἐκεῖνοι
1544 1190 1601 1243 δὲ
1652 1190 1748 1243 καὶ

158 1278 372 1349 σαρκὸς
400 1278 810 1351 ἀπηλλαγμένοι
841 1279 935 1333 καὶ
964 1279 1147 1352 πάσης
1183 1279 1387 1352 ταύτης
1429 1279 1621 1351 ὀδύνης
1654 1281 1748 1333 καὶ

158 1365 459 1436 ἀλγηδόνος
483 1364 627 1435 *ιω
656 1365 953 1434 φαίνωνται
981 1365 1352 1439 ἐξυϐρικότες,
1378 1367 1472 1420 καὶ
1496 1364 1748 1437 ἀγνώμο-

163 1469 260 1516 νες
294 1453 424 1524 περὶ
457 1451 553 1506 τὸν
588 1453 886 1524 εὐεργέτην
924 1454 1305 1524 γεγενημένοι,
1336 1454 1495 1523 ποίαν
1536 1453 1749 1519 ἕξουσιν

162 1539 500 1608 ἀπολογίαν;
543 1539 670 1594 τίνα
709 1540 1073 1611 συγγνώμην;
1118 1540 1391 1611 Οὐδεμίαν
1425 1540 1746 1612 οὐδαμόθεν,

162 1629 270 1700 τῆς
300 1628 506 1683 τούτων
546 1627 751 1701 ἀρετῆς
778 1628 885 1701 ¹τὴν
924 1629 1152 1684 ἐκείνων
1187 1628 1391 1686 κακίαν
1438 1632 1505 1684 ἐκ
1548 1629 1747 1684 πολλοῦ

159 1715 264 1770 τοῦ
302 1715 584 1787 περιόντος
608 1716 1070 1789 κατακρινούσης.
1112 1717 1187 1771 Οὑ
1220 1716 1330 1789 γὰρ
1368 1717 1435 1788 δὴ
1468 1716 1631 1788 μόνον
1655 1717 1751 1771 ἀν-

164 1802 423 1874 θρώπους
452 1801 747 1875 ἄνθρωποι,
774 1806 828 1858 οί
859 1804 1261 1877 σπουδαιότεροι
1288 1806 1417 1869 τοὺς
1448 1804 1752 1877 ῥᾳθυμοτέ-

160 1906 301 1961 ,ρους
325 1888 765 1961 κατακρίνουσιν,
798 1888 912 1944 ἀλλ’
937 1889 1038 1962 ήδη
1062 1891 1158 1944 καὶ
1183 1890 1384 1955 αὐτοὺς
1403 1891 1529 1953 τοὺς
1558 1889 1751 1960 δαίμο-

165 1994 269 2040 νας
293 1977 330 2049 ή
354 1976 558 2032 τούτων
577 1974 925 2042 καταδικάζει
959 1976 1182 2048 σπουδή.
1212 1977 1323 2031 Καὶ
1346 1976 1521 2031 ταῦτα
1540 1975 1753 2040 Παῦλος

166 2063 406 2135 ἐδήλωσε
437 2063 634 2134 λέγων·
666 2064 781 2117 οὐκ
807 2063 986 2117 οἴδατε
1017 2064 1102 2117 ὅτι
1128 2062 1397 2133 ἀγγέλους
1425 2063 1750 2135 κρινοῦμεν;

169 2153 306 2222 μήτι
330 2168 396 2221 γε
431 2151 690 2222 βιωτικά;
718 2151 844 2216 τούς
869 2150 962 2205 τοῦ
987 2151 1237 2206 διαϐόλου
1268 2152 1441 2221 λέγων
1467 2152 1752 2222 ἀγγέλους,

165 2234 299 2302 τοὺς
335 2238 668 2304 ἀποστάτας.
698 2239 809 2292 Καὶ
834 2239 951 2303 πῶς
972 2237 1267 2313 κρινοῦμεν
1299 2241 1518 2304 αὐτοὺς,
1548 2240 1750 2311 φησίν;

171 2325 313 2397 Οὐχὶ
359 2325 661 2398 καθήμενοι
710 2324 806 2380 καὶ
839 2325 1067 2391 εὐθύνας
1104 2326 1304 2391 αὐτοὺς
1349 2328 1752 2392 ἀπαιτοῦντες,

170 2408 312 2467 ἀλλά
337 2413 408 2467 δι’
439 2412 715 2485 ἡμετέρας
750 2412 986 2485 σπουδῆς
1012 2413 1111 2485 τὴν
1141 2414 1366 2468 ἐκείνων
1402 2419 1758 2486 κατακρίνον-

168 2520 266 2567 τες
293 2501 587 2575 ρᾳθυμίαν.
623 2499 802 2573 Ὅπερ
827 2497 922 2557 οὖν
949 2503 1045 2558 καὶ
1067 2504 1199 2558 αὐτὸ
1225 2502 1403 2574 δηλῶν
1429 2502 1585 2572 ἔλεγε
1610 2518 1625 2534 ο
1649 2504 1759 2558 Καὶ

168 2592 227 2645 εί
252 2590 324 2642 ἐν
353 2589 498 2658 ὑμῖν
521 2588 782 2658 κρίνεται
808 2592 842 2644 ὀ
871 2590 1100 2659 κόσμος
1118 2605 1131 2618 ·
1159 2591 1260 2644 οὐκ
1281 2586 1434 2645 εἶπεν
1462 2589 1547 2660 ἐφ’
1580 2589 1755 2661 ὑμῶν,

172 2676 315 2732 ἀλλά
342 2677 409 2730 δι’
434 2674 606 2748 ὑμῶν.
648 2677 860 2749 Ὠσπερ
886 2676 1016 2731 ὅταν
1046 2677 1200 2749 λέγῃο
1230 2677 1457 2749 ¹¹Ἄνδρες
1480 2675 1759 2730 Νινευῗται

170 2764 592 2837 ἀναστήσονται,
623 2764 719 2820 καὶ
747 2763 1138 2837 κατακρινοῦσι
1169 2766 1269 2838 τὴν
1297 2764 1492 2833 γενεάν
1528 2764 1758 2836 ταύτην,

170 2853 279 2923 οὑχ
318 2852 395 2915 ὡς
423 2850 533 2905 τῶν
559 2852 860 2908 Νινευῖτῶν
896 2852 1054 2922 λόγον
1081 2851 1455 2907 ἀπαιτούντων
1483 2855 1612 2917 τοὺς
1639 2853 1760 2907 τότε

172 2938 542 3003 ἀπιστοῦντας
592 2939 703 2994 τῶν
769 2940 1066 3007 Ἰουδαίων,
1111 2939 1227 2993 ἀλλ’
1258 2939 1334 3003 ὡς
1377 2940 1477 3011 τῆς
1529 2940 1755 2994 ἐκείνων

172 3028 418 3091 πίστεως
454 3029 552 3097 τὴν
572 3027 780 3081 τούτων
802 3027 1059 3081 ἀπιστίαν
1086 3027 1577 3099 καταδικαζοὼης.
1606 3030 1762 3082 Ἐστι

178 3118 277 3169 καί
306 3117 386 3178 είς
411 3113 610 3187 ἀρετὴν
641 3115 874 3186 μέγιστα
901 3115 1203 3169 ἀπόνασθαι
1233 3118 1327 3169 καὶ
1356 3117 1435 3180 είς
1465 3115 1764 3189 ὑπεροψίαν

175 3204 290 3257 τῶν
314 3203 597 3275 παρόντων
622 3202 966 3274 πραγμάτων
994 3203 1102 3257 ἀπὸ
1124 3204 1233 3257 τῶν
1257 3203 1569 3275 μαρτύρων.
1593 3206 1766 3261 Ὅταν

175 3292 293 3363 γὰρ
327 3290 446 3363 ἴδῃς
473 3288 697 3354 τούτους
722 3290 941 3361 ἀπάσης
966 3289 1444 3362 καταφρονοῦντας
1467 3292 1567 3361 τῆς
1595 3290 1762 3364 ζωῆς,

176 3380 288 3435 κᾶν
345 3377 602 3432 ἁπάντων
658 3375 1109 3450 ἀναισθητότερος
1159 3373 1227 3452 ᾗς
1271 3378 1365 3432 καὶ
1403 3379 1763 3451 νωθρότατος,

180 3465 523 3537 ὑψηλότατον
553 3464 682 3538 δέξῃ
711 3464 985 3538 φρόνημα,
1024 3466 1120 3519 καὶ
1154 3463 1503 3537 καταγελάσῃ
1533 3469 1764 3538 τρυφῆς,

183 3552 452 3624 ὑπερόψει
483 3552 783 3624 χρημάτων
801 3592 817 3618 ,
846 3553 941 3605 καὶ
969 3552 1337 3625 ἐπιθυμήσεις
1358 3555 1459 3626 τῆς
1499 3557 1616 3608 ἐκεῖ
1639 3555 1769 3608 δια-

181 3640 403 3713 τριϐῆς
432 3640 537 3695 κᾶν
556 3642 616 3694 ἐν
640 3639 972 3712 ἀρρωστίαις
993 3636 1082 3712 ᾗς,
1105 3643 1185 3705 εἰς
1213 3641 1488 3713 ὑπομονὴν
1511 3642 1765 3713 ἀφορμὴν

182 3729 337 3803 λήψῃ
381 3728 668 3800 μεγίστην,
705 3728 776 3782 τά
814 3727 922 3781 τῶν
955 3728 1247 3801 μαρτύρων
1280 3729 1580 3802 παθήματα
1605 3747 1618 3762 ο
1665 3731 1770 3784 xiv

185 3819 355 3886 πενίᾳ
395 3815 581 3889 πιέζῃ,
628 3815 734 3870 κᾶν
771 3814 950 3869 ὁτιοῦν
981 3815 1167 3887 ἓτερον
1204 3815 1314 3870 τῶν
1346 3817 1769 3888 χαλεπωτάτων,

186 3905 330 3978 πρὸς
364 3904 435 3963 τί)¹
463 3903 692 3974 μέγεθος
739 3902 847 3956 τῶν
885 3903 1112 3966 ἐκείνοις
1150 3903 1491 3975 ὲπαχθεισῶν
1527 3905 1773 3975 βασάνων

191 3993 408 4065 βλέπων
445 3989 724 4063 ἀρκοῦσαν
754 3990 897 4056 ἕξεις
924 3990 1274 4062 παραμυθίαν
1313 3992 1422 4045 τῶν
1453 3992 1777 4063 κατειληφό-

187 4098 301 4135 των
348 4080 606 4135 ἁπάντων
644 4079 856 4134 δεινῶν.
887 4079 987 4134 Διά
1013 4080 1172 4132 τοῦτο
1218 4079 1453 4149 μάλιστα
1494 4081 1632 4149 φιλῶ
1666 4080 1775 4133 τῶν

192 4166 495 4243 μαρτύρων
541 4166 641 4230 τὰς
690 4168 930 4238 μνήμας,
975 4168 1072 4220 καὶ
1116 4166 1255 4237 φιλῶ
1303 4168 1398 4221 καὶ
1437 4167 1774 4239 ἀσπάζομαι,

192 4257 374 4319 πάσας
406 4255 528 4326 μὲν,
574 4253 808 4325 μάλιστα
831 4253 889 4307 δὲ
919 4253 1047 4308 ὅταν
1077 4256 1335 4323 γυναῖκες
1380 4254 1778 4326 ἀγωνιζόμεναι

192 4345 456 4416 τύχωσιν.
499 4343 651 4414 Ὄσῳ
673 4342 785 4415 γὰρ
810 4343 871 4397 τὸ
897 4341 1090 4406 σκεῦος
1112 4343 1517 4416 ἀσθενέστερον,
1541 4346 1779 4418 τοσούτῳ

196 4432 404 4503 μείζων
435 4433 470 4502 ἡ
499 4430 681 4502 χάρις,
710 4429 951 4502 τοσούτῳ
986 4430 1364 4504 λαμπρότερον
1389 4434 1450 4487 τὸ
1486 4433 1771 4505 τρόπαιον,

196 4519 439 4590 τοσούτῳ
466 4518 906 4591 περιφανεστέρα
930 4519 965 4588 ἡ
986 4519 1135 4590 νίκη,
1163 4520 1223 4573 οὐ
1249 4519 1340 4574 διὰ
1369 4522 1470 4593 τὴν
1497 4520 1780 4576 ἀσθένειαν

196 4608 302 4678 τῆς
328 4607 544 4677 φύσεως
574 4606 685 4660 τῶν
722 4605 992 4677 ἀθλητῶν,
1028 4607 1141 4662 ἀλλ’
1176 4608 1259 4662 ὅτι
1301 4609 1397 4662 καὶ
1436 4603 1518 4672 οἷς
1547 4610 1782 4680 ἐκράτη-

197 4712 296 4749 σεν
331 4696 361 4748 6
400 4693 614 4766 ἐχθρὸς,
643 4691 855 4758 τούτοις
886 4694 1030 4748 ἑάλω
1056 4693 1171 4750 νῦν.
1202 4696 1301 4751 Διά
1334 4697 1605 4768 παρθένου
1646 4696 1778 4765 γοῦν

196 4780 490 4834 ἀπέκτεινε
513 4778 705 4852 πρώην
729 4779 823 4834 τὸν
863 4779 1034 4852 ’Δδάμ
1057 4782 1086 4835 6
1102 4781 1365 4850 διάϐολος,
1396 4783 1484 4838 διὰ
1511 4783 1782 4855 παρθένου

199 4867 345 4939 μετά
377 4867 552 4939 ταῦτα
589 4867 1003 4939 κατηγωνίσατο
1039 4868 1131 4922 τὸν
1157 4868 1401 4925 διάϐολον
1448 4874 1477 4925 6
1522 4870 1777 4943 Χριστὸς,

200 4957 301 5010 καὶ
333 4956 396 5009 τὸ
426 4954 580 5025 ξίφος
609 4956 748 5027 ὅπερ
777 4949 846 5026 ἦν
881 4956 1220 5027 ἠκονημένον
1258 4958 1408 5029 αὐτῷ
1455 4958 1576 5012 καθ’
1605 4959 1782 5030 ήμῶν,

201 5044 365 5097 τοῦτο
392 5042 493 5114 τὴν
518 5044 614 5097 τοῦ
638 5045 935 5116 δράκοντος
966 5045 1207 5116 ἀπέτεμε
1230 5046 1494 5116 κεφαλὴν,
1525 5049 1663 5118 ὅπερ
1691 5050 1786 5104 καὶ

203 5128 302 5181 ἐπὶ
321 5125 416 5180 τοῦ
438 5124 602 5180 Δαυῒδ
632 5127 845 5195 γέγονε.
872 5126 1140 5203 Καθάπερ
1178 5129 1287 5200 γάρ
1310 5129 1432 5182 τότε
1464 5130 1558 5184 τοῦ
1593 5133 1631 5185 Γ
1634 5132 1784 5186 ολιάθ

203 5212 305 5282 τήν
336 5208 578 5281 κεφαλὴν
625 5212 654 5263 6
678 5209 886 5273 δίκαιος
936 5211 1142 5275 ἐκεῖνος
1171 5211 1320 5282 αὑτῷ
1355 5212 1434 5283 τῷ
1469 5214 1786 5287 βαρϐαρικῷ

207 5293 355 5362 ξίφει
389 5289 617 5364 δραμὼν
649 5292 950 5362 ἀπέκοψεν,
989 5293 1132 5348 οὑτω
1164 5295 1230 5366 δὴ
1277 5296 1370 5349 καὶ
1408 5295 1537 5348 νῦν·
1570 5298 1660 5351 διὰ
1689 5315 1783 5367 γυ-

205 5376 397 5440 ναικὸς
423 5375 720 5447 ἐκράτησε,
757 5375 846 5430 διά
868 5377 1126 5445 γυναικὸς
1154 5378 1406 5449 ἥττηται.
1431 5380 1600 5433 Τοῦτο
1625 5382 1786 5437 ὅπλον

204 5457 277 5532 ἦν
309 5458 460 5530 αὑτῷ
497 5458 783 5531 πρότερον,
817 5459 977 5514 τοῦτο
1006 5459 1102 5514 νῦν
1139 5462 1360 5531 γέγονεν
1386 5463 1534 5536 αὐτῷ
1575 5467 1789 5538 σφαγῆς

205 5544 476 5617 δργανον,
510 5540 670 5597 τοῦτο
698 5543 891 5608 σκεῦος
928 5543 1385 5613 ἀκαταγώνιστον.
1424 5547 1710 5619 Ἢμαρτεν
1756 5554 1788 5618 ᾗ

209 5625 456 5699 προτέρα
510 5625 606 5679 καὶ
656 5624 958 5690 ἀπέθανεν,
1018 5627 1288 5684 ἀπέθανεν
1343 5627 1482 5702 αῦτη
1507 5669 1522 5693 ,
1573 5633 1660 5685 ἵνα
1714 5635 1776 5702 μὶ

204 5709 468 5783 ἁμάρτῃ·
528 5707 712 5779 ἐκείνη
766 5709 889 5763 τότε
940 5709 1155 5781 ψυχρᾶς
1212 5712 1558 5785 ὑποσχέσεως
1614 5715 1788 5770 ἐλπίδι

539 5811 811 5876 Ρλτιιοι.
858 5812 975 5878 Gn.
1028 5816 1092 5880 L.

1295 291 1384 346 BE
1422 288 1480 346 S.
1524 283 1822 344 DROSIDE
1856 281 2215 339 MARTYRE.

3308 282 3419 337 683‘

1847 399 2150 473 φυσηθεῖσα
2178 399 2303 462 τούς
2331 395 2424 450 τοῦ
2451 395 2585 450 Θεοῦ
2615 394 2808 466 νόμους
2839 392 3214 466 κατεπάτησεν
3241 414 3252 426 ·
3279 398 3420 469 αῦτη

1849 489 1944 543 καὶ
1974 490 2077 561 τῆς
2102 487 2381 560 παρούσης
2414 488 2783 559 κατεφρόνησε
2824 486 2991 558 ζωῆς,
3033 485 3173 541 ὥστε
3215 488 3290 559 μὴ
3323 490 3422 559 τὴν

1850 584 1931 647 είς
1990 583 2083 636 τὸν
2148 580 2442 653 εὐεργέτην
2503 566 2863 653 ἐξομόσασθαι
2916 579 3115 634 πίστιν.
3178 581 3277 646 Τίς
3328 579 3423 635 οὖν

1853 672 2005 747 [695]
2029 674 2095 729 ἂν
2115 674 2326 744 γένοιτο
2352 673 2537 728 λοιπὸν
2556 674 2780 746 ἀνδράσι
2811 673 3262 745 μαλακιζομένοις
3300 675 3427 729 ἀπο-

1853 766 2012 836 λογία
2027 806 2042 829 ,
2068 767 2154 830 τίς
2173 766 2231 819 δέ
2264 765 2558 837 συγγνώμη
2575 807 2590 830 ,
2617 766 2743 819 ὅταν
2766 767 3022 834 γυναῖκες
3046 765 3425 837 ἀνδρίζωνταις

1847 860 1977 913 ὅταν
1996 857 2139 913 οὕτω
2163 857 2427 927 γενναίως
2453 858 2589 929 πρὸς
2617 858 2743 921 τοὺς
2769 857 2869 927 τῆς
2898 856 3176 921 εὐσεϐείας
3207 858 3426 922 ἀγῶνας

1848 948 2224 1017 ἀποδύωνταις
2257 948 2392 1004 Οῦτε
2414 948 2522 1021 γὰρ
2546 948 2726 1018 φύσις,
2759 946 2884 1002 οὔτε
2904 947 3111 1019 ἡλικία,
3147 947 3271 1001 οὔτε
3299 948 3428 1002 ἄλλο

1848 1041 2001 1096 οὐδὲν
2058 1040 2347 1111 ἐμποδίσαι
2371 1038 2573 1093 δύναιτ’
2626 1038 2714 1104 ἂν,
2765 1039 2892 1092 ὅταν
2936 1037 3215 1110 προθυμία
3255 1042 3426 1111 παρῇ,

1850 1131 1946 1187 καὶ
1974 1129 2159 1201 ζῆλος,
2180 1130 2276 1185 καὶ
2301 1128 2673 1202 πεπυρωμένη
2717 1128 2900 1192 πίστις
2920 1146 2933 1159 ο
2978 1128 3073 1182 καὶ
3102 1129 3192 1184 διὰ
3226 1128 3431 1184 τούτων

1850 1223 2110 1280 ἁπάντων
2152 1222 2251 1293 τὴν
2288 1222 2383 1277 τοῦ
2423 1220 2559 1275 Θεοῦ
2604 1221 2764 1292 χάριν
2804 1220 3261 1292 ἐπισπασώμεθα,
3296 1221 3325 1275 ὀ
3367 1222 3432 1293 δὴ

1854 1313 1949 1369 καὶ
1983 1314 2076 1367 ἐπὶ
2109 1313 2211 1383 τῆς
2241 1312 2516 1384 μακαρίας
2547 1312 2749 1384 ταύτης
2776 1312 2988 1381 γέγονε.
3011 1314 3122 1367 Καὶ
3149 1315 3257 1386 γὰρ
3280 1314 3436 1368 ἀσθε-

1852 1405 1941 1470 νὲς
1970 1400 2039 1476 ἦν
2086 1404 2223 1474 αὐτῇ
2254 1402 2315 1457 τὸ
2341 1403 2519 1474 ισῶμα
2539 1442 2553 1465 ,
2586 1402 2681 1456 καὶ
2711 1402 3137 1475 ἐὐεπηρέαστος
3176 1405 3210 1475 ή
3250 1403 3434 1473 φύσις,

1852 1498 1946 1551 καὶ
1975 1495 2310 1566 ἀτελεστέρα
2352 1496 2385 1566 ἡ
2414 1494 2628 1565 ἡλικία,
2672 1493 2808 1548 ἀλλὰ
2857 1495 3075 1548 πάντων
3101 1496 3307 1550 τούτων
3337 1498 3436 1569 τὴν

1852 1591 2139 1646 ἀσθένειαν
2190 1588 2498 1642 ἐπελθοῦσα
2541 1590 2576 1659 ἡ
2630 1587 2791 1660 χάρις
2835 1588 3193 1660 ἁπέκρδψεν,
3249 1590 3437 1663 ἐπειδὴ
3488 1656 3494 1663 1

1852 1682 2162 1755 προθυμίαν
2194 1675 2353 1755 εῦρεν
2381 1680 2523 1753 αῦτη
2549 1681 2828 1750 γενναίαν,
2861 1683 2956 1736 καὶ
2979 1683 3161 1736 πίστιν
3190 1682 3439 1755 άδιάκρι·

1852 1793 1965 1841 τον,
1999 1776 2095 1829 καὶ
2125 1775 2305 1847 ψυχὴν
2339 1773 2476 1847 πρὸς
2500 1772 2785 1838 κινδύνους
2815 1775 3365 1849 παρεσκευασμένην.

1923 1868 1986 1923 δ’.
2010 1869 2086 1922 Οὐ
2114 1868 2225 1939 γάρ
2253 1868 2424 1935 ἐστιν,
2458 1867 2559 1920 οὐκ
2580 1866 2730 1920 ἔστιν
2761 1867 2915 1921 οὐδὲν
2945 1856 3315 1942 δυνατώτερον
3341 1869 3438 1924 τοῦ

1858 1960 1997 2034 μετὰ
2025 1960 2266 2030 σπουδῆς
2292 1959 2496 2032 πολλῆς
2514 1960 2608 2013 τὸν
2638 1958 2805 2029 φόϐον
2825 1959 2920 2014 τοῦ
2950 1960 3083 2014 Θεοῦ
3110 1961 3324 2033 ἔχοντος
3348 1964 3441 2035 ἐρ-

1854 2050 2184 2124 ριζωμένον,
2220 2049 2358 2105 ἀλλά
2386 2051 2489 2105 κᾶν
2527 2049 2659 2121 πῦρ,
2689 2048 2794 2103 κᾶν
2831 2050 3078 2122 σίδηρος,
3114 2051 3218 2105 κᾶν
3253 2050 3438 2122 θηρία.

1857 2141 1960 2197 κᾶν
1982 2143 2161 2198 ὁτιοῦν
2191 2143 2377 2215 ἕτερον
2415 2143 2730 2215 ἀπειλῆται,
2771 2145 2989 2199 πάντων
3024 2145 3268 2215 ὑπερορᾷ
3303 2143 3442 2214 μετὰ

1858 2235 2065 2307 πολλῆς
2109 2235 2210 2308 τῆς
2258 2234 2532 2302 εὐκολίας,
2566 2236 2822 2309 καθάπερ
2854 2234 2947 2291 οῦν
2978 2237 3074 2290 καὶ
3115 2238 3148 2306 ή
3195 2236 3442 2306 μακαρία

1860 2327 1998 2400 α’ὑτη
2020 2328 2236 2400 Δροσίς.
2271 2327 2490 2400 Ἐπειδὴ
2518 2327 2628 2399 γὰρ
2649 2322 2755 2400 ἧψε
2777 2328 2877 2397 τήν
2904 2328 3082 2399 πυρὰν
3104 2329 3132 2380 6
3155 2326 3438 2398 τύραννος·

1859 2419 1981 2472 οὐδὲ
2009 2417 2119 2488 γὰρ
2151 2417 2245 2470 ἐπὶ
2279 2415 2554 2490 βάραθρον
2597 2417 2765 2489 αὐτὴν
2794 2418 3025 2488 ἤγαγεν,
3060 2415 3182 2469 οὐδὲ
3216 2416 3314 2484 τὴν
3347 2430 3444 2467 κε·
3541 2488 3544 2491 _

1860 2509 2037 2580 φαλὴν
2061 2508 2371 2581 ἀπέτεμεν,
2402 2508 2494 2563 ἵνα
2525 2509 2600 2580 μή
2629 2509 2691 2563 τὸ
2734 2509 3001 2580 σύντομον
3037 2508 3139 2578 τῆς
3177 2505 3445 2577 τιμωρίας

1861 2599 2229 2673 εὐκολώτερον
2259 2601 2398 2673 αὐτῇ
2446 2602 2649 2674 ποιήσῃ
2685 2601 2777 2655 τὸν
2817 2598 3001 2665 ἆθλον,
3047 2600 3184 2655 ἀλλὰ
3215 2600 3277 2653 τὸ
3311 2600 3445 2671 φρό-

1861 2711 2010 2765 νημα
2048 2692 2220 2765 αὐτῆς
2249 2692 2592 2764 καταπλῆξαι
2631 2693 2987 2766 βουλόμενος,
3019 2697 3113 2749 καὶ
3152 2695 3250 2767 τὴν
3290 2697 3448 2752 ἁδού-

1861 2783 2032 2838 λωτον
2064 2783 2247 2857 ψυχὴν
2298 2781 2672 2856 χειρώσασθαι
2705 2786 2771 2856 τῇ
2813 2786 2916 2856 τῆς
2954 2788 3132 2856 πυρᾶς
3180 2786 3322 2856 ὕψει,
3366 2788 3448 2850 είς

1862 2877 2033 2949 μέσον
2076 2877 2282 2948 ταύτην
2334 2876 2621 2930 ἐνέϐαλεν·
2666 2877 2853 2949 ἐπειδὴ
2897 2879 3079 2931 τοίνυν
3119 2879 3217 2949 τὴν
3267 2879 3451 2952 πυρὰν

1864 2970 2059 3042 ἀνῆψε,
2089 2970 2183 3024 καὶ
2209 2972 2242 3041 ἡ
2273 2969 2503 3041 κάμινος
2530 2970 2836 3033 ἀνεκαίετο,
2863 2971 2957 3023 καὶ
2992 2969 3128 3042 πρὸς
3163 2970 3294 3041 ὕψος
3318 2972 3448 3044 ᾔρε-

1863 3079 1925 3116 το
1972 3061 2153 3133 μέγα,
2199 3061 2372 3114 ταῦτα
2425 3060 2699 3131 βλέπουσα
2740 3064 2774 3133 ὴ
2823 3063 3069 3133 μακαρία
3103 3062 3311 3134 μάρτυς
3350 3066 3448 3118 ἀν-

1866 3156 2066 3226 ήπτετο
2087 3154 2184 3207 καὶ
2210 3153 2348 3225 αὑτὴ
2370 3155 2436 3224 τῇ
2458 3152 2755 3223 προθυμίᾳ,
2774 3154 2867 3206 καὶ
2891 3153 3073 3218 ἀνέζει
3099 3154 3174 3226 τῷ
3195 3156 3328 3227 πυρὶ
3356 3156 3448 3210 τοῦ

1866 3244 2105 3317 Χριστοῦ
2130 3243 2320 3307 πόθου,
2342 3245 2452 3297 τῶν
2476 3243 2643 3314 τριῶν
2669 3244 3078 3316 ἀναμνησθεῖσα
3105 3246 3331 3310 παίδων,
3357 3249 3452 3303 καὶ

1866 3337 2200 3409 λογισαμένη
2239 3336 2377 3409 πρὸς
2421 3334 2657 3406 ἑαυτὴν,
2700 3335 2783 3389 ὅτι
2812 3339 3065 3389 κοινωνεῖ
3111 3339 3223 3401 τοῖς
3269 3337 3453 3400 ἄθλοις

1868 3430 2119 3494 ἐκείνοις,
2160 3428 2255 3483 καὶ
2284 3429 2410 3492 τοὺς
2436 3427 2636 3490 αὐτοὺς
2672 3427 2994 3498 ἐπιφέρεται
3025 3430 3320 3500 στεφάνους
3351 3430 3451 3484 αὑι-

1868 3523 2000 3586 τοῖς.
2026 3520 2138 3573 Καὶ
2166 3518 2419 3590 καθάπερ
2445 3519 2495 3571 οί
2521 3518 2823 3589 μεμηνότες
2851 3518 3003 3571 οὐδὲν
3025 3518 3133 3573 τῶν
3160 3520 3452 3590 ὁρωμένων

1873 3611 2163 3682 βλέπουσιν
2206 3610 2283 3675 ὡς
2328 3609 2513 3674 ἐστιν,
2571 3608 2710 3663 ἀλλὰ
2761 3608 2866 3663 κᾶν
2916 3608 3069 3678 ξίφος
3116 3611 3455 3683 ἠκονημένον

1873 3704 2045 3766 ίδωσι,
2088 3691 2416 3756 κυϐιστῶσιν
2458 3700 2730 3768 εὐκόλως,
2777 3699 2880 3756 κᾶν
2910 3700 3108 3772 πυρὰν,
3136 3700 3242 3756 κᾶν
3286 3703 3455 3774 βάρα-

1874 3795 2023 3866 θρον,
2054 3793 2160 3847 κᾶν
2192 3793 2458 3865 κρημνὸν,
2492 3792 2596 3846 κᾶν
2626 3792 2882 3860 πέλαγος,
2914 3792 3019 3846 κᾶν
3042 3792 3219 3846 ὁτιοῦν
3246 3793 3451 3873 ἕτερον,

1872 3885 2045 3949 ἀδεῶς
2080 3884 2224 3938 κατά
2266 3884 2485 3938 πάντων
2531 3885 2757 3946 ἑαυτοὺς
2794 3883 3052 3953 ἀφιᾶσιν·
3088 3883 3229 3962 οςύτω
3257 3884 3322 3955 δὴ
3362 3884 3456 3939 καὶ

1874 3977 2015 4049 αῦτη
2047 3979 2278 4049 μανεῖσα
2311 3976 2509 4048 μανίαν
2531 3977 2651 4046 οὐχὶ
2669 3975 2946 4046 τοιαύτην,
2975 3976 3050 4048 μὴ
3076 3976 3315 4045 γένοιτοί
3341 3977 3455 4030 ἀλλ’

1876 4071 2068 4142 ἑτέραν
2110 4068 2294 4140 πάσης
2329 4066 2684 4138 σωφροσύνης
2717 4067 3070 4139 σεμνοτέραν,
3106 4067 3201 4122 καὶ
3248 4068 3326 4139 τῷ
3362 4068 3455 4122 τοῦ

1877 4163 2116 4235 Χριστοῦ
2154 4162 2388 4233 βαφεῖσα
2427 4160 2580 4231 πόθῳ
2608 4160 2762 4214 οὐδὲν
2790 4160 2899 4214 τῶν
2943 4161 3241 4232 ὁρωμένων
3285 4160 3452 4233 ἐώρα,

1876 4256 2015 4311 ἀλλά
2041 4253 2179 4327 πρὸς
2206 4253 2299 4306 τὸν
2326 4253 2553 4323 οὐρανὸν
2584 4252 3000 4325 μεταταξαμένη
3031 4254 3126 4308 καὶ
3150 4254 3251 4326 τὴν
3278 4253 3456 4325 ψυχὴν

1878 4347 1994 4399 ἐκεῖ
2035 4343 2330 4417 μεταθείσα
2354 4342 2572 4397 πάντων
2600 4342 2872 4413 κατεγέλα
2894 4343 3003 4397 τῶν
3030 4343 3240 4408 δεινῶν,
3274 4345 3368 4398 καὶ
3396 4345 3458 4399 τὸ

1879 4436 1991 4509 πῦρ
2023 4437 2143 4506 οὐχὶ
2176 4434 2309 4506 πῦρ,
2348 4434 2484 4488 ἀλλά
2509 4433 2696 4505 δρόσον
2730 4429 2869 4488 εἷναι
2899 4433 3138 4506 ἐνόμιζε.
3174 4435 3274 4489 Διά
3300 4434 3458 4489 τοῦτο

1879 4529 1991 4596 ἐγὼ
2017 4525 2115 4597 τήν
2149 4524 2324 4595 πυρὰν
2352 4523 2590 4594 ἐκείνην,
2622 4524 2717 4577 καὶ
2753 4524 2936 4597 πηγὴν
2964 4525 3171 4580 ὑδάτων
3202 4525 3457 4597 καθαρω-

1879 4616 2069 4687 τάτην,
2095 4616 2190 4687 καὶ
2231 4614 2408 4685 βαφήν
2435 4630 2558 4669 τινα
2596 4613 2930 4685 θαυμασίαν,
2962 4616 3058 4669 καὶ
3094 4617 3460 4687 χωνευτήριον

1880 4705 2050 4763 καλῶ.
2079 4706 2190 4760 Καὶ
2215 4705 2324 4777 γάρ
2345 4704 2598 4775 καθάπερ
2617 4706 2674 4757 ἐν
2696 4704 3046 4778 χωνευτηρίῳ
3066 4706 3291 4778 χρυσὸς,
3313 4705 3459 4760 οὓτω

1881 4797 1978 4853 καὶ
2022 4796 2125 4868 τῆς
2171 4796 2448 4869 μακαρίας
2492 4795 2707 4865 ἐκείνης
2744 4796 2778 4866 ή
2809 4794 2956 4867 ψυχὴ
3027 4795 3117 4851 διὰ
3147 4797 3461 4870 τῆςπυρᾶς

1880 4888 2086 4960 ταύτης
2115 4887 2477 4959 καθαρωτέρα
2516 4888 2743 4956 ἐγίνετο.
2791 4890 3173 4959 Κατετήκοντο
3214 4890 3314 4961 μὲν
3351 4891 3460 4961 γάρ

1886 4982 2108 5055 σάρκες,
2132 4982 2225 5035 καὶ
2248 4982 2380 5034 ὀστᾶ
2402 4980 2786 5052 συνεφρύγετο,
2814 4983 2910 5036 καὶ
2932 4983 3251 5037 κατεκαίετο
3272 4983 3459 5054 νεῦρα,

1884 5073 1981 5128 καὶ
2007 5075 2036 5126 ὀ
2066 5069 2160 5124 τοῦ
2195 5068 2444 5140 σώματος
2489 5067 2624 5140 ἰχὼρ
2659 5070 2991 5141 πανταχόθεν
3034 5073 3320 5144 κατέρρει.
3354 5071 3455 5140 τῆς

1884 5165 2059 5237 ψυχῆς
2088 5163 2207 5233 δέἡ
2248 5160 2429 5225 πίστις
2465 5159 2796 5235 στερροτέρα
2843 5162 2939 5215 καὶ
2979 5162 3303 5234 φαιδροτέρα
3342 5161 3459 5231 ἐγί-

1886 5276 2028 5314 νετο.
2064 5257 2322 5311 Κάκεῖνοι
2373 5254 2471 5325 μὲν
2510 5253 2681 5308 ταῦτα
2720 5255 2953 5326 ὁρῶντες
2988 5254 3238 5325 ἐνόμιζον
3291 5254 3463 5325 αὐτὴν

1886 5346 2240 5414 ἀπόλλυσθαι,
2273 5346 2410 5416 αὑτὴ
2431 5345 2487 5399 δὲ
2516 5344 2898 5416 ἐξεκαθαίρετο
2920 5345 3141 5417 μᾶλλον,
3165 5347 3261 5400 καὶ
3293 5344 3465 5401 καθά-

1889 5459 1995 5513 περ
2036 5439 2099 5493 τὸ
2137 5437 2358 5509 χρυσίον
2403 5438 2432 5490 6
2477 5436 2574 5506 μὲν
2610 5436 2823 5507 ἰδιώτης
2853 5437 3025 5501 ἑστὼς
3071 5439 3167 5492 καὶ
3197 5439 3341 5510 ὀρῶν
3366 5457 3465 5509 τη-

1888 5533 2117 5604 κόμενον
2145 5530 2239 5583 καὶ
2265 5528 2566 5600 καταρρέον
2595 5529 2687 5582 καὶ
2708 5528 3145 5601 ἀναμιγνύμενον
3167 5533 3233 5602 τῇ
3258 5531 3454 5604 τέφρᾳ,

1895 5621 2229 5680 ἀπολωλέναι
2283 5620 2377 5675 καὶ
2426 5619 2745 5692 διεφθάρθαι
2776 5620 3007 5692 νομίζει,
3037 5624 3065 5676 6
3105 5621 3161 5676 δὲ
3214 5619 3466 5696 τεχνίτης

1891 5717 1986 5771 καὶ
2040 5714 2290 5795 ἀκριϐῶς
2337 5710 2508 5768 ταῦτα
2563 5711 2921 5786 ἐπιστάμενος
2981 5710 3120 5769 οἶδεν
3169 5715 3252 5769 ὅτι
3294 5716 3465 5787 ταύτῃ

3104 5822 3178 5883 18
