3858 6280
376 217 477 274 ΤΘΙ
1151 219 1210 275 S.
1250 219 1525 278 JO.\NNIS
1562 216 2028 276 CIIRYSOSTOMI
2070 213 2380 270 ARCIIIEP.
2423 211 2945 269 CONSTANTINOP.

274 344 295 358 '
385 345 467 392 set
487 335 663 404 justus
689 333 942 394 futurum.
966 341 1024 388 ut
1048 346 1234 389 omnes
1257 343 1605 394 revertamur,
1626 346 1955 401 nequaquam

385 426 453 483 de
497 427 608 482 suis
654 426 866 481 ossibus
907 426 1276 496 praecepisset,
1321 434 1478 493 atque
1519 425 1586 478 ita
1626 422 1960 478 demonstra-

385 519 588 575 tionem
616 518 877 575 haberem
903 518 1288 580 certissimam,
1319 531 1575 587 spemque
1606 514 1963 570 firmissimam

386 626 500 666 sua:
537 612 588 665 in
619 611 840 681 patriam
872 611 1210 665 reversionis.
1253 610 1426 680 Atque
1472 609 1571 662 hoc
1597 621 1780 664 verum
1811 619 1962 666 esse,

387 710 446 756 et
469 702 665 757 idcirco
693 702 759 757 de
785 703 894 756 suis
920 701 1130 757 ossibus
1157 701 1470 770 przcdixisse
1495 701 1666 765 illum,
1698 712 1804 752 non
1826 695 1964 767 quod

390 793 459 847 de
483 793 750 862 sepultura
771 793 1030 848 Sollicitus
1048 802 1211 860 esset,
1239 802 1293 846 at
1313 791 1451 862 quod
1475 791 1683 846 illorum
1713 786 1966 858 impietati

391 883 682 938 remedium
711 883 874 939 vellet
899 885 1176 948 adhibere,
1207 884 1326 939 audi
1357 884 1548 954 quibus
1573 881 1750 937 verbis
1776 878 1971 934 Paulus

390 984 616 1030 testetur
639 992 653 1028 :
680 974 810 1029 Fide
846 975 1040 1045 Ioseph
1080 977 1296 1030 moriens
1330 977 1393 1030 de
1427 973 1709 1045 egressione
1747 969 1969 1040 filiorum

391 1063 560 1118 Israel
583 1067 826 1130 meminit,
863 1076 911 1120 et
951 1066 1014 1120 de
1037 1067 1227 1120 ossibus
1257 1067 1362 1120 suis
1387 1064 1642 1119 mandavit
1676 1061 1856 1135 (Hebr.
1883 1061 1969 1113 ll.

389 1156 507 1228 22).
535 1157 672 1226 Quid
710 1167 792 1213 est
831 1158 968 1223 hoc.
1017 1158 1064 1212 F
1067 1159 1186 1212 ide?
1229 1157 1388 1224 Quasi
1426 1157 1662 1221 diceret,
1707 1168 1826 1224 qua:
1853 1159 1975 1221 post

392 1250 593 1304 multos
616 1265 786 1305 annos
813 1261 968 1305 erant
991 1260 1276 1312 eventura,
1324 1247 1679 1318 prievidebat,
1722 1259 1787 1299 ac
1823 1242 1970 1301 fore.

391 1349 452 1394 nt
491 1342 686 1411 posteri
717 1343 939 1412 patriam
981 1357 1129 1396 suam
1170 1349 1568 1410 recuperarent.
1602 1336 1848 1406 Utigitur
1875 1333 1976 1386 hoc

394 1432 749 1502 significaret,
790 1443 1074 1504 utrumque
1103 1433 1344 1504 prtedixit
1366 1472 1382 1496 ,
1415 1445 1476 1485 ac
1498 1429 1680 1484 videre
1719 1434 1834 1482 erat
1862 1441 1974 1478 rem

394 1523 584 1578 miram
610 1533 664 1579 et
690 1524 1075 1591 incredibilem,
1098 1539 1219 1579 cum
1245 1537 1366 1577 ossa
1391 1522 1442 1575 in
1471 1518 1777 1590 egressione
1808 1526 1976 1570 trans-

398 1614 685 1668 ferrentur.
729 1614 860 1668 Nam
891 1615 983 1684 qui
1007 1613 1258 1669 effecerat
1285 1611 1502 1681 .loseph,
1533 1617 1593 1664 ut
1617 1609 1668 1663 in
1691 1607 1976 1678 Egyptum

398 1703 809 1771 descenderent,
832 1705 946 1776 ipse
969 1720 1157 1761 rursus
1183 1719 1279 1760 eos
1303 1704 1589 1758 redeuntes
1609 1698 1977 1760 antecedebat,

400 1803 453 1850 et
482 1794 548 1850 ad
576 1797 880 1865 patientiam
904 1812 967 1852 ac
994 1811 1142 1867 spem
1173 1796 1472 1852 futurorum
1506 1794 1818 1850 instruebat.
1845 1791 1978 1847 Cum

402 1885 542 1939 enim
556 1886 812 1957 reliquias
827 1895 949 1942 ante
966 1889 1150 1943 oeulos
1168 1888 1366 1958 positas
1382 1895 1685 1948 cernerent,
1702 1884 1982 1950 omniSque

402 1976 545 2032 illius
575 1977 811 2032 historia:
850 1978 952 2034 hoc
996 1990 1148 2049 pacto
1186 1978 1622 2042 recordarentur,
1655 1985 1814 2047 atque
1843 1976 1982 2046 apud

401 2084 461 2125 se
487 2071 786 2141 cogitarent
813 2071 986 2142 ipsum
1017 2088 1046 2126 a
1076 2071 1327 2127 fratribus
1354 2071 1571 2126 insidias
1598 2084 1717 2125 esse
1741 2083 1981 2141 passum,

403 2163 454 2215 in
478 2163 650 2216 lacum
672 2163 918 2232 missum,
937 2173 992 2219 et
1010 2163 1200 2234 capitis
1217 2163 1506 2219 discrimen
1528 2163 1743 2227 adiisse,
1768 2161 1986 2217 carcere

403 2253 713 2307 conclusum
746 2252 909 2309 fuisse
933 2295 947 2319 ,
979 2263 1139 2325 atque
1163 2253 1265 2309 alia
1295 2263 1485 2309 cuncta
1512 2294 1527 2319 ,
1559 2267 1682 2323 quae
1711 2253 1786 2307 illi
1813 2253 1983 2307 conti-

404 2354 592 2415 gerant
616 2363 630 2411 ;
659 2347 852 2403 deinde
876 2363 1004 2402 vero
1030 2358 1150 2418 post
1177 2350 1264 2403 illa
1289 2349 1468 2403 omnia
1493 2362 1672 2418 regem
1701 2346 1846 2402 illum
1869 2360 1989 2401 esse

407 2441 600 2494 factum
621 2481 636 2508 ,
669 2455 733 2496 ac
756 2441 1052 2511 principem
1077 2442 1236 2496 totius
1253 2440 1491 2513 Egypti,
1515 2448 1782 2510 tantzeque
1802 2439 1989 2494 ditioni

407 2537 706 2586 curatorem
733 2546 796 2587 ac
821 2531 1125 2601 mfcctum
1172 2532 1335 2587 fuisse
1360 2535 1700 2603 prtepositum
1723 2549 1735 2584 :
1760 2531 1812 2585 in
1842 2545 1990 2600 spem
2021 2547 2026 2552 '

409 2621 760 2677 certissimam
808 2625 1146 2693 erigebantur
1183 2622 1338 2689 fore,
1395 2634 1454 2678 ut
1495 2638 1525 2677 a
1571 2624 1755 2689 malis,
1802 2623 1993 2694 quibus

412 2727 628 2784 semper
655 2714 882 2784 opprimi
909 2715 1174 2780 solebant,
1206 2715 1581 2779 liberarentur,
1608 2730 1728 2770 cum
1761 2715 1828 2770 ab
1859 2715 1994 2770 ossi-

414 2804 514 2858 bus
536 2804 662 2874 justi
689 2806 1010 2861 docerentur
1046 2807 1314 2861 neminem
1356 2821 1607 2877 umquam
1655 2805 1818 2861 fuisse
1836 2805 1994 2860 dere-

414 2896 597 2950 lictum
623 2937 639 2962 ,
666 2897 754 2968 qui
794 2898 845 2952 in
888 2898 1054 2953 Deum
1081 2898 1428 2966 credidisset,
1459 2907 1513 2953 et
1541 2897 1706 2968 ipsius
1743 2897 1996 2952 auxilium

416 2997 793 3057 exspectasset.

487 3079 750 3136 Promissa
769 3078 866 3135 Dei
882 3090 1042 3136 certa.
1067 3080 1210 3137 Mors
1234 3083 1499 3136 metuenda
1525 3098 1624 3136 non
1651 3092 1744 3137 est.
1762 3112 1832 3122 —
1853 3081 2000 3136 Licet

417 3175 558 3228 enim
587 3190 672 3230 res
709 3174 950 3230 adversae
966 3174 1221 3246 'quzedam
1253 3184 1309 3230 et
1349 3187 1534 3231 contra
1564 3186 1745 3230 votum
1787 3175 1998 3229 interim

417 3265 708 3320 acciderint
732 3307 746 3330 ,
775 3266 900 3320 dum
925 3267 1045 3335 ejus
1073 3268 1333 3336 promissa
1364 3278 1664 3337 sperantur,
1693 3278 1747 3322 et
1774 3268 2004 3323 interve-

421 3357 635 3419 nerint,
684 3366 859 3411 tamen
900 3366 1080 3425 optato
1130 3359 1236 3413 fine
1278 3367 1554 3428 sperantes
1603 3359 1848 3415 fraudare
1897 3373 2003 3413 non

423 3455 692 3514 poterunt,
723 3447 814 3501 sed
845 3447 1055 3502 eveniet
1083 3449 1208 3504 illud
1242 3450 1461 3504 omnino
1485 3466 1550 3505 ex
1579 3451 1838 3505 sententia
1867 3451 2005 3504 divi-

425 3558 489 3596 na
519 3541 660 3610 quod
701 3542 1010 3610 praedictum
1044 3541 1172 3608 fuit,
1219 3553 1270 3599 et
1311 3544 1629 3600 illustriores
1658 3545 1844 3601 reddet
1887 3561 2002 3609 eos.

426 3633 516 3701 qui
557 3632 817 3701 patienter
846 3643 1157 3703 exspectant
1186 3636 1394 3700 omnia,
1436 3651 1554 3706 quae
1596 3651 1625 3689 a
1674 3636 1784 3692 Deo
1816 3636 2008 3693 fuerint

427 3724 733 3779 constituta.
766 3723 1054 3793 Propterea
1087 3724 1154 3779 de
1181 3725 1391 3780 ossibus
1417 3727 1528 3782 suis
1555 3727 1842 3782 mandavit.

498 3818 552 3872 ϐ.
594 3816 671 3872 Ne
709 3817 871 3887 igitur
909 3817 1044 3872 adeo
1088 3817 1156 3873 de
1201 3827 1380 3873 nostra
1425 3819 1478 3873 in
1526 3820 1693 3888 patria
1739 3821 2010 3890 sepultura

428 3910 596 3964 simus
620 3910 852 3976 solliciti,
883 3925 1054 3980 neque
1082 3919 1308 3965 mortem
1334 3920 1633 3967 metuamus
1632 3955 1665 3990 J
1697 3913 1789 3968 sed
1820 3926 2010 3982 pecca-

431 4014 560 4057 tum.
597 4000 946 4072 Nequeenim
976 4018 1121 4058 mors
1151 4011 1427 4073 peccatum
1454 4004 1678 4074 peperit,
1707 4003 1800 4059 sed
1828 4018 2015 4073 pecca-

431 4106 541 4150 tum
570 4104 794 4150 niortem
829 4096 980 4150 nobis
1011 4096 1350 4166 procreavit;
1383 4111 1527 4150 mors
1557 4105 1732 4151 autem
1762 4095 1813 4149 in
1841 4110 2012 4151 reme-

431 4187 577 4242 dium
605 4189 803 4257 peccati
835 4203 1097 4244 conversa
1141 4197 1242 4244 est.
1291 4187 1514 4243 Mortem
1554 4189 1695 4242 enim
1745 4203 1852 4242 non
1896 4202 2017 4242 esse

433 4279 808 4346 metuendam,
843 4280 937 4336 sed
969 4290 1244 4350 peccatum
1264 4321 1278 4346 ,
1311 4280 1431 4334 audi
1475 4281 1665 4349 quibus
1696 4279 1874 4334 verbis
1915 4279 2015 4334 do-

431 4382 550 4428 ceat
591 4374 848 4444 prepheta
893 4391 907 4426 :
954 4373 1186 4427 Pretiosa
1223 4374 1278 4426 in
1323 4382 1589 4442 conspectu
1633 4371 1842 4426 Domini
1885 4388 2020 4425 mors

434 4479 722 4522 sanctorum
751 4468 858 4536 ejus
885 4464 1054 4540 (Psal.
1082 4466 1203 4520 115.
1236 4465 1330 4534 15)
1355 4483 1370 4530 ;
1409 4475 1464 4521 et
1490 4466 1638 4533 alibi,
1673 4465 1814 4519 Mors
1841 4481 2021 4536 pecca-

434 4571 600 4614 torum
645 4561 860 4628 pessima
905 4557 1092 4629 (I’aal.
1120 4558 1208 4613 35.
1231 4556 1302 4610 22
1323 4557 1364 4627 ).
1394 4557 1558 4613 Vides
1586 4573 1679 4612 eos
1719 4560 1806 4628 qui
1839 4559 1902 4613 ad
1935 4574 2022 4616 res

436 4670 560 4710 snas
584 4654 768 4708 attenti
805 4662 960 4720 sunt,
993 4651 1283 4707 maximam
1327 4652 1485 4704 etiam
1517 4667 1581 4707 ex
1611 4666 1671 4706 ea
1701 4667 1857 4722 posse
1880 4654 2026 4709 utili-

437 4757 603 4802 tatem
642 4747 961 4817 percipere;
1008 4745 1098 4816 qui
1123 4760 1250 4800 vero
1289 4743 1500 4800 desides
1546 4752 1672 4798 sunt
1709 4752 1763 4798 et
1803 4745 2022 4813 inertes,

439 4839 522 4894 eis
565 4853 677 4892 rem
717 4839 860 4892 illam
893 4838 945 4892 in
979 4847 1182 4909 partem
1213 4837 1455 4908 supplicii
1501 4838 1801 4894 obvenire?
1844 4837 2026 4908 Neque

439 4944 570 4985 vero
593 4931 725 4994 ,sine
767 4943 928 4986 causa
963 4930 1104 4984 hunc
1145 4931 1363 4986 instituo
1401 4945 1735 4999 sermonem,
1767 4929 1861 4985 sed
1892 4945 2026 4998 quo-

439 5027 585 5082 niam
625 5025 823 5080 multos
852 5024 1012 5080 audio
1039 5039 1408 5093 saepenumero
1437 5025 1502 5078 de
1529 5025 1716 5079 mortis
1745 5023 2030 5094 generibus

443 5119 607 5176 verba
634 5117 925 5184 facientes,
971 5127 1024 5172 et
1067 5115 1309 5188 qumdam
1335 5159 1350 5183 ,
1395 5132 1514 5188 qua:
1544 5117 1890 5187 ignominiosa
1924 5131 2028 5169 non

443 5221 589 5276 sunt,
617 5211 716 5266 sibi
749 5209 946 5280 probro
973 5209 1190 5276 ducere,
1220 5207 1461 5279 quaedam
1485 5209 1711 5264 crimine
1735 5207 1895 5278 digna
1927 5222 2030 5261 non

443 5303 754 5373 vituperare
805 5319 818 5356 :
873 5309 1153 5372 propterea
1205 5299 1624 5355 controversiam
1683 5297 1819 5354 hanc
1872 5299 2032 5354 statui

447 5397 709 5454 hodierno
752 5396 839 5452 die
883 5397 1205 5466 disceptare.
1251 5393 1345 5450 Est
1392 5395 1533 5449 enim
1577 5401 1906 5464 opportunus
1951 5391 2036 5447 hic

450 5491 859 5563 philosophandi
880 5490 1088 5554 modus,
1115 5499 1170 5545 et
1197 5488 1421 5544 mirifice
1449 5501 1569 5542 cum
1597 5498 1886 5557 martyrum
1901 5500 2034 5540 con-

452 5585 597 5640 venit
622 5587 980 5641 solemnitate.
1031 5583 1226 5639 Multos
1255 5582 1396 5638 enim
1427 5579 1666 5636 dicentes
1691 5578 1903 5643 audivi,
1947 5577 2037 5632 Ille

459 5694 683 5749 peregre
709 5689 949 5733 mortuus
975 5686 1057 5733 est
1089 5675 1489 5747 ignominiosius
1515 5688 1673 5744 quam
1700 5672 1868 5740 canis,
1893 5672 2038 5725 nullo

3553 209 3670 264 ωε

2031 339 2130 382 'ex
2163 325 2471 395 propinquis
2515 335 2797 393 pra'sente,
2849 337 3022 392 neque
3061 319 3306 390 sepulcro
3347 319 3670 379 condente;

2068 419 2162 473 sed
2193 418 2275 471 vix
2309 418 2489 486 paucis
2514 416 2704 471 vicinis
2731 431 2790 470 se
2815 425 2998 469 mutuo
3029 413 3369 468 invitantibus
3394 421 3462 468 ex
3488 426 3672 480 pecu-

2071 511 2156 563 nia
2187 511 2414 579 quadam
2444 518 2719 577 corrogata
2752 507 3033 562 obvolutus
3056 505 3341 576 sepultura:
3373 503 3677 559 mandatus

2070 610 2170 655 est.
2214 600 2290 655 Ne
2322 600 2480 669 igitur
2509 601 2622 654 lure
2653 599 2808 654 nobis
2835 599 3104 668 negotium
3150 597 3433 662 facessant,
3477 608 3677 664 operzc

2072 694 2302 762 pretium
2332 693 2488 748 fuerit
2517 693 2824 762 opinionem
2852 675 3021 746 istam.
3049 689 3339 760 corrigere.
3369 687 3486 743 Non
3513 685 3676 741 enim

2075 785 2174 839 huc
2200 794 2283 841 est
2307 800 2441 841 cane
2483 786 2730 840 miserius
2755 783 2887 838 mori
2905 825 2918 849 ,
2948 783 3021 838 mi
3047 782 3208 837 homo
3232 825 3247 848 ,
3274 780 3370 836 sed
3399 795 3537 835 cane
3569 777 3679 832 mi-

2074 879 2246 933 serius
2287 878 2420 931 mori
2466 885 2550 932 est
2579 879 2629 930 in
2659 884 2880 944 peccato
2911 875 3046 930 mori
3071 917 3086 941 ,
3117 889 3224 928 non
3249 886 3471 942 peregre
3499 870 3680 924 vitam

2076 970 2248 1024 finire.
2279 969 2398 1023 Noli
2439 971 2580 1023 enim
2611 968 2738 1022 mihi
2778 980 3201 1021 commemorare
3227 963 3496 1018 hominem
3519 1001 3538 1026 ,
3581 959 3679 1029 qui

2077 1062 2130 1115 in
2159 1061 2411 1116 deaurato
2440 1061 2580 1114 lecto
2604 1068 2865 1129 gestetur,
2896 1057 2985 1127 qui
3016 1064 3372 1127 prosequente
3399 1061 3509 1107 tota
3536 1049 3686 1105 civi-

2081 1161 2207 1215 tate,
2241 1151 2331 1222 qui
2359 1151 2569 1222 pepulis
2595 1149 3044 1212 collaudantibus,
3075 1147 3158 1202 cui
3189 1146 3378 1200 sericae
3405 1151 3594 1198 vestes
3623 1151 3684 1193 et

2079 1261 2211 1300 auro
2254 1246 2555 1299 intertexta:
2599 1242 2890 1298 liberaliter
2933 1239 3215 1295 admodum
3262 1239 3680 1292 iusternantnr:

2083 1336 2183 1391 hoc
2212 1337 2352 1390 enim
2395 1335 2536 1389 aliud
2568 1333 2698 1388 nihil
2745 1344 2856 1396 est,
2889 1347 3046 1402 quam
3091 1331 3367 1385 lautiorem
3397 1327 3686 1381 vermibus

2083 1446 2322 1484 mensam
2366 1443 2654 1499 apponere.
2700 1427 2779 1483 Ne
2831 1427 2989 1497 igitur
3032 1424 3172 1479 hunc
3219 1421 3344 1477 mihi
3391 1419 3680 1480 ostendas.

2084 1527 2177 1582 scd
2206 1526 2347 1580 hunc
2377 1526 2550 1595 ipsum
2580 1524 2847 1594 qui'tanto
2870 1535 2992 1577 cum
3019 1519 3225 1573 honore
3250 1515 3556 1576 deducitur,
3587 1513 3686 1566 illo

2084 1619 2170 1674 die
2210 1602 2364 1673 mihi.
2383 1614 2542 1672 velim
2591 1615 2864 1682 ostendas,
2913 1628 3019 1684 quo
3063 1612 3116 1666 in
3160 1609 3374 1666 excelso
3419 1605 3683 1661 tribunaii

2085 1711 2326 1764 Christus
2357 1709 2582 1774 sedebit,
2607 1723 2729 1764 cum
2761 1707 2849 1762 ille
2877 1704 3079 1776 judicio
3107 1702 3344 1767 sistetur,
3373 1698 3683 1760 vocabitur,

2087 1805 2346 1858 rationem
2375 1801 2561 1857 reddet
2585 1813 2770 1855 eorum
2793 1813 2913 1868 qua:
2938 1793 3151 1860 dixerit,
3175 1808 3292 1863 quae
3320 1790 3526 1855 fecerit,
3558 1802 3688 1858 quae

2089 1893 2421 1965 cogitaverit.
2453 1892 2604 1946 Tunc
2632 1890 2774 1944 enim
2807 1888 2881 1941 illi
2915 1887 3089 1940 nullus
3115 1899 3178 1938 ex
3212 1884 3308 1936 hac
3333 1878 3690 1934 multitudine

2092 1984 2544 2056 patrocinabitur,
2580 1995 2755 2049 neque
2802 1977 3061 2047 supplicio
3093 1975 3238 2028 illum
3279 1987 3340 2027 ac
3371 1972 3547 2041 poenis
3589 1983 3688 2023 ex-

2091 2079 2244 2143 imet,
2275 2089 2445 2144 neque
2471 2071 2862 2127 auxiliabuntur
2878 2068 2925 2122 ei
2949 2068 3210 2121 clamores
3235 2078 3297 2118 ac
3325 2061 3510 2144 laudes
3537 2061 3687 2119 istm.

2092 2168 2184 2223 sed
2227 2169 2371 2222 vultu
2420 2167 2472 2219 in
2523 2173 2724 2218 terram
2775 2159 3042 2221 demisso,
3094 2154 3331 2226 trepidus
3374 2138 3428 2206 et
3474 2150 3690 2220 pudore

2093 2259 2327 2313 sull'usus
2355 2264 2572 2326 propter
2599 2253 2803 2322 objecta
2832 2249 2931 2305 sibi
2962 2247 3183 2303 crimina
3213 2244 3504 2298 abducetur
3522 2283 3538 2306 ,
3573 2249 3628 2294 et
3656 2254 3688 2291 a

2097 2350 2343 2421 malignis
2367 2347 2638 2419 spiritibus
2668 2344 2733 2399 ad
2775 2353 2974 2398 mtcrna
3017 2346 3278 2394 tormenta
3303 2350 3424 2390 cum
3471 2331 3688 2403 gravis—

2098 2445 2234 2498 simo
2261 2441 2498 2497 dentium
2527 2436 2775 2502 stridore,
2797 2435 2988 2488 frustra
3031 2431 3351 2493 lamentans,
3385 2434 3436 2481 et
3463 2429 3687 2495 propter

2101 2533 2459 2591 intolerabiles
2485 2531 2698 2585 dolores
2723 2527 2979 2597 plangens
3011 2523 3271 2576 trahetur.

2174 2627 2344 2679 Etiam
2375 2625 2427 2677 in
2458 2624 2554 2675 liae
2583 2622 2682 2675 vita
2710 2626 2940 2691 peccator
2968 2614 3194 2686 punitur.
3217 2641 3287 2652 —
3309 2612 3384 2664 Ac
3410 2607 3532 2663 talia
3562 2606 3690 2676 qui-

2101 2717 2222 2773 dem
2249 2722 2440 2778 erunt,
2472 2727 2592 2783 qua:
2637 2711 2738 2764 illis
2781 2708 2836 2762 in
2874 2706 3040 2760 altera
3083 2703 3184 2757 vita
3217 2701 3545 2769 contingent,
3593 2696 3691 2750 sed

2104 2825 2276 2879 neque
2304 2805 2572 2862 toleranda
2595 2811 2735 2868 sunt,
2759 2815 2876 2871 qure
2903 2798 2954 2852 in
2985 2795 3084 2850 hac
3112 2804 3387 2866 geruntur.
3412 2788 3691 2859 Siquidem
3728 2863 3730 2866 ν

2104 2911 2224 2971 post
2254 2898 2436 2954 Iaudes
2465 2897 2584 2951 illas
2613 2893 2872 2964 publicas,
2899 2898 2990 2943 aut
3015 2887 3186 2958 pretio
3215 2889 3566 2953 comparatas,
3602 2887 3695 2932 aut

2105 3009 2135 3048 a
2162 2992 2354 3046 timore
2380 2989 2559 3058 aliquo
2587 2983 2882 3056 profectas,
2914 2994 3100 3036 omnes
3136 2975 3314 3030 audiet
3352 2981 3689 3033 accusantes,

2107 3093 2161 3138 et
2187 3084 2238 3136 in
2269 3080 2437 3136 triviis
2461 3119 2475 3144 ,
2506 3079 2556 3131 in
2590 3077 2705 3130 foro
2728 3116 2743 3142 ,
2783 3074 2834 3127 in
2863 3071 3066 3125 :rdibus
3087 3109 3104 3134 ,
3131 3068 3182 3122 in
3219 3065 3428 3135 popinis
3450 3104 3463 3126 ,
3495 3063 3548 3116 in
3575 3061 3694 3114 aliis

2108 3174 2357 3236 officinis,
2388 3174 2440 3226 in
2471 3169 2576 3233 via,
2606 3169 2660 3222 in
2697 3164 2859 3236 agris,
2889 3171 2946 3218 et
2974 3161 3166 3231 ubique
3196 3156 3430 3228 singulos
3461 3155 3696 3206 viatores

2112 3267 2366 3340 proximis
2396 3279 2516 3319 cum
2558 3263 2750 3317 timore
2788 3263 3066 3312 narrantes
3107 3267 3170 3307 ac
3215 3251 3487 3312 dicentes,
3517 3245 3696 3316 qualia

2115 3335 2368 3434 passurus
2394 3358 2464 3414 sit
2490 3357 2649 3420 mala,
2679 3351 2870 3424 quibus
2894 3345 3167 3418 suppliciis
3189 3339 3549 3400 mulctabitur,
3574 3335 3697 3407 qui-

2115 3430 2212 3512 bus
2254 3468 2393 3508 nunc
2434 3450 2534 3507 erit
2565 3443 2926 3517 subjiciendus
2963 3435 3264 3495 tormentis.
3303 3432 3438 3500 Quid
3473 3430 3545 3484 illi
3578 3442 3702 3498 pro-

2115 3547 2213 3603 fuit
2253 3546 2369 3600 harc
2399 3543 2553 3597 vita?
2600 3553 2757 3610 quem
2803 3534 3032 3589 fructum
3073 3544 3138 3585 ex
3182 3525 3401 3582 avaritia
3445 3521 3701 3588 collegit?

2117 3639 2248 3693 Aliis
2277 3634 2529 3707 pecunias
2575 3644 2696 3684 suas
2739 3626 3046 3694 relinquens
3072 3618 3236 3683 abiit,
3280 3623 3335 3668 at
3378 3616 3492 3682 ipse
3519 3623 3699 3664 secum

2116 3702 2399 3797 assumptis
2427 3721 2660 3796 peccatis
2684 3717 2927 3787 sepultus
2957 3719 3059 3776 est,
3079 3724 3142 3765 ac
3166 3705 3318 3761 multi
3346 3702 3585 3782 undique
3613 3714 3699 3752 ac-

2117 3793 2390 3882 cusatores
2419 3793 2815 3886 compatiuntur
2854 3807 2958 3864 illis
2998 3817 3132 3875 quos
3162 3801 3250 3856 ille
3278 3797 3453 3852 affecit
3489 3793 3699 3862 injuria,

2122 3921 2244 3975 licet
2272 3916 2338 3970 ab
2377 3929 2442 3968 eo
2481 3884 2592 3966 ιωὲὶ
2639 3922 2745 3960 ηοη
2794 3901 3009 3957 fuerint.
3055 3895 3187 3952 Nam
3233 3884 3703 3962 quemadmodum.

2121 4025 2242 4067 cum
2293 4005 2450 4076 aliqui
2499 3998 2773 4057 beneficiis
2817 3992 3140 4051 afficiuntur,
3191 3985 3348 4040 etiam
3396 3979 3470 4033 illi
3517 3976 3736 4069 quibus.

2121 4101 2253 4157 nihil
2301 4071 2608 4158 confertur,
2652 4085 2982 4162 gratulantur
3031 4079 3171 4142 illis,
3215 4085 3269 4131 et
3314 4071 3705 4162 benefactoretn

2121 4191 2424 4250 collaudant
2460 4204 2474 4242 :
2512 4187 2581 4240 ita
2621 4158 2742 4238 cum
2774 4178 3000 4234 infertur
3029 4168 3346 4244 quibusdam
3376 4163 3566 4234 injuria
3587 4201 3610 4244 ,_
3637 4158 3706 4213 illi

2122 4286 2320 4348 etiam,
2363 4278 2454 4349 qui
2503 4275 2634 4331 nihil
2676 4271 2788 4326 ltesi
2834 4275 2993 4334 sunt,
3041 4260 3439 4330 compatiuntur
3479 4251 3706 4316 aﬂlictis,

2124 4344 2354 4444 eumque
2376 4344 2696 4440 vituperant,
2720 4363 2807 4434 qui
2830 4359 3076 4430 injuriam
3107 4353 3300 4408 intulit.
3325 4348 3528 4404 Idcirco
3549 4344 3706 4399 dixit:

2129 4437 2283 4522 Mors-
2313 4437 2632 4533 peccatorum
2678 4453 2931 4524 pessima,
2982 4462 3103 4502 cum
3150 4451 3366 4514 propter
3410 4439 3569 4507 hujus
3594 4437 3712 4490 vitta

2127 4526 2576 4616 obtrectationes,
2620 4556 2732 4602 tum
2775 4552 2993 4615 propter
3030 4536 3248 4592 alterius
3287 4539 3572 4587 tormenta.
3622 4526 3715 4581 Hic

2129 4651 2287 4722 igitur
2328 4647 2420 4702 ille
2462 4652 2575 4708 est,
2607 4639 2695 4711 qui
2731 4651 2863 4692 cane
2891 4631 3136 4688 miserius
3167 4627 3392 4682 moritur
3422 4640 3436 4675 :
3465 4631 3523 4722 at
3561 4619 3716 4722 iustis

2131 4709 2201 4799 ita
2223 4757 2330 4796 non
2361 4735 2576 4798 evenit;
2605 4709 2697 4787 sed
2723 4729 2851 4783 licet
2889 4726 2940 4780 in
2968 4723 3201 4785 deserto,
3233 4718 3356 4770 licet
3381 4712 3596 4768 nemine
3627 4709 3719 4763 ob-

2132 4834 2415 4893 volvente,
2459 4827 2582 4881 licet
2628 4822 2842 4877 nemine
2886 4820 3151 4885 praesente
3177 4810 3336 4864 vitam
3369 4805 3536 4869 finiat,
3568 4801 3721 4857 sufﬁ-

2133 4927 2336 4982 cientes
2372 4917 2652 4987 exsequias
2688 4929 2753 4968 ex
2781 4910 2878 4965 hac
2903 4908 3009 4962 vita
3045 4902 3328 4959 discedens
3355 4896 3556 4959 habet,
3591 4895 3720 4948 tidu-

2135 5021 2270 5076 ciam
2295 5013 2432 5087 apud
2453 5013 2615 5066 Deum
2637 5024 2651 5074 ;
2679 5014 2733 5060 et
2751 5000 3034 5058 admodum
3057 4992 3350 5051 honorifice
3371 4987 3719 5061 praesentibus

2135 5084 2358 5182 angelis,
2385 5107 2605 5176 ejusque
2626 5100 2855 5154 animam
2877 5087 3261 5149 deducentibus
3280 5084 3528 5144 effertur,
3542 5093 3722 5149 quem-

2137 5173 2427 5263 admodum
2463 5173 2533 5253 es
2558 5197 2760 5252 Lazaro
2787 5197 2912 5244 ante
2940 5178 3336 5244 demonstravi,
3380 5184 3543 5246 atque
3569 5173 3722 5226 innu-

2140 5313 2316 5356 meros
2339 5296 2457 5349 vita:
2479 5307 2587 5345 suae
2609 5285 2911 5344 laudatores
2934 5278 3240 5347 relinquens
3266 5289 3279 5326 :
3302 5267 3445 5340 quod
3468 5267 3510 5322 si
3521 5265 3724 5350 liberos

2140 5388 2436 5461 reliquerit,
2470 5395 2658 5440 omnes
2687 5377 2778 5450 qui
2807 5372 3074 5431 civitatem
3109 5366 3346 5423 incolunt
3373 5361 3480 5461 illis
3507 5372 3725 5461 succur-

2142 5447 2281 5549 rent',
2313 5488 2368 5535 ct
2396 5447 2579 5532 eorum
2607 5447 2790 5528 curam
2821 5472 3039 5538 gerent,
3065 5469 3125 5515 ut
3148 5465 3385 5528 paternae
3410 5447 3726 5506 benevolen-

2143 5574 2229 5631 tiae
2269 5543 2502 5643 gratiam
2551 5563 2654 5620 illis
2704 5557 3024 5631 rependant.
3074 5550 3174 5620 Qui
3224 5561 3353 5604 vero
3399 5543 3631 5643 peccatis
3677 5547 3726 5594 et

2144 5633 2345 5740 rapidis
2371 5661 2654 5720 obstrictus
2680 5653 2960 5711 defunctus
3003 5654 3119 5714 est,
3159 5643 3276 5699 sive
3312 5637 3512 5696 relictis
3554 5633 3727 5690 liberis
