3800 6282
95 495 195 554 691

95 606 375 681 ἀκριϐείας
409 605 600 664 ἑαυτὸν
629 609 658 661 ὀ
689 607 896 672 δίκαιος
937 605 1216 671 πεπεικὼς
1239 603 1327 679 ἦν,
1358 609 1439 662 ὅτι
1469 608 1675 672 Πάντες

98 697 456 768 ἐπανήξομεν,
510 697 612 750 οὐκ
655 695 722 751 ἂν
773 695 903 766 περὶ
953 693 1063 748 τῶν
1114 695 1291 750 ὀστῶν
1333 696 1634 749 ἐνετείλατο
1654 737 1670 762 ,

96 783 574 856 ἀναμφισϐήτητον
600 783 793 854 ἔχωσιν
821 781 1097 847 ἀπόδειξιν
1121 783 1216 837 καὶ
1238 781 1428 836 ἐλπίδα
1457 781 1679 852 βεϐαίαν

96 869 196 939 τῆς
221 874 296 935 είς
319 871 419 941 τὴν
435 871 768 940 ἐνεγκοῦσαν
795 871 1078 925 ἐπανόδου.
1106 871 1216 923 Καὶ
1238 871 1321 924 ὅτι
1341 869 1501 924 τοῦτό
1528 871 1678 924 ἐστιν

97 959 311 1030 ἀληθὲς,
336 958 432 1012 καὶ
459 957 548 1012 διά
567 957 728 1012 τοῦτο
746 961 978 1030 προεῖπε
999 957 1128 1029 περὶ
1154 957 1262 1011 τῶν
1284 957 1457 1011 ὀστῶν
1484 955 1676 1024 αὐτοῦ,

97 1047 199 1118 οὐχ
229 1047 367 1117 ὑπὲρ
394 1047 574 1117 ταφῆς
606 1045 931 1117 φροντίζων,
977 1045 1114 1106 ἀλλά
1153 1045 1252 1117 τὴν
1284 1044 1547 1099 ἀπιστίαν
1577 1044 1675 1098 αὑ-

97 1136 209 1188 τῶν
227 1133 622 1207 διορθούμενος,
645 1134 878 1189 ἄκουσον
899 1134 952 1188 τί
968 1150 1133 1205 φησιν
1156 1134 1184 1186 ὀ
1205 1132 1418 1196 Παῦλος
1438 1150 1450 1162 ·
1472 1133 1680 1186 Πίστει

113 1221 330 1292 Ἰωσὴφ
348 1219 646 1276 τελευτῶν
653 1221 787 1291 περὶ
800 1220 908 1290 τῆς
920 1220 1136 1286 ἐξόδου
1145 1220 1265 1274 τῶν
1274 1221 1421 1274 υιῶν
1435 1219 1680 1288 Ἰσραὴλ

96 1309 528 1378 ἐμνημόνευσε,
559 1308 659 1362 καὶ
689 1308 823 1377 περὶ
846 1308 965 1362 τῶν
991 1305 1220 1363 ὀστέων
1242 1306 1430 1361 αὑτοῦ
1457 1307 1674 1360 ἐνετεί-

97 1399 267 1449 λατο.
306 1396 372 1449 Τί
403 1398 520 1450 ἐστι
540 1435 555 1460 ,
590 1395 831 1461 Πίστει;
865 1395 1012 1448 Ἀντί⁵
1039 1394 1134 1449 τοῦ
1177 1393 1436 1466 προεώρα
1463 1393 1534 1447 τά
1568 1411 1679 1463 μαι

100 1485 254 1556 κροῖς
285 1481 510 1554 ὕστερον
545 1481 936 1553 συμϐησόμενα
963 1481 1202 1553 χρόνοις,
1226 1481 1320 1534 καὶ
1343 1481 1426 1534 ὅτι
1459 1479 1680 1544 πάντως

99 1569 154 1621 οἱ
201 1569 408 1637 ἔγγονοι
452 1568 823 1641 ἀπολήψονται
856 1569 956 1640 τῆν
987 1569 1212 1624 οἰκείαν,
1246 1567 1344 1622 'lv‘
1391 1563 1486 1622 οὖν
1515 1564 1678 1620 τοῦτο

100 1648 422 1726 ἐνδείξηται,
465 1656 752 1726 ἀμφότερα
783 1655 957 1711 ταῦτα
997 1658 1226 1727 προεῖπε
1251 1694 1268 1720 ,
1305 1655 1400 1709 καὶ
1441 1650 1510 1725 ἦν
1555 1654 1682 1707 ἰδεῖν

102 1743 412 1814 θαυμαστὸν
464 1744 560 1796 καὶ
608 1742 911 1814 παράδοξον
953 1743 1046 1796 ἐπὶ
1089 1743 1190 1813 τῆς
1231 1741 1412 1809 ἐξόδου
1446 1742 1682 1812 πρᾶγμα

100 1829 215 1882 τῶν
233 1829 408 1884 ὀστῶν
436 1831 868 1902 ἐπιφερομένων.
909 1831 967 1884 '0
995 1831 1101 1902 γάρ
1133 1827 1464 1897 καταγαγὼν
1480 1827 1680 1891 αὐτοὺς

102 1918 188 1982 είς
234 1915 506 1985 Αἴγυπτον
572 1917 790 1989 Ἰωσὴφ,
847 1917 1010 1982 αὐτὸς
1063 1916 1244 1971 αὐτῶν
1282 1917 1378 1969 καὶ
1421 1915 1683 1969 ἀνιόντων

103 2007 401 2075 προηγεῖτο
432 2005 613 2068 πάλιν,
643 2007 723 2069 είς
745 2004 1021 2076 ὑπομονὴν
1049 2004 1286 2073 ἀλείφων
1315 2003 1409 2056 καὶ
1440 2002 1538 2073 τὴν
1575 2001 1684 2054 τῶν

106 2091 409 2162 μελλόντων
443 2091 655 2145 ἐλπίδα.
707 2091 974 2162 Ὀρῶντες
998 2091 1106 2161 γὰρ
1134 2091 1330 2143 ἐκεῖνοι
1365 2087 1434 2142 τά
1461 2086 1685 2157 λείψανα

101 2178 217 2250 πρὸ
241 2178 348 2232 τῶν
373 2176 689 2248 ὀφθαλμῶν,
717 2174 838 2231 εἶτα
863 2176 1112 2231 ἐντεῦθεν
1137 2175 1684 2248 ἀναμιμνησκόμενοι

100 2266 206 2336 τῆς
255 2265 495 2338 ἱστορίας
540 2265 758 2336 ἀπάσης
804 2263 1042 2336 ἐκείνης,
1093 2265 1189 2318 καὶ
1235 2262 1684 2333 ἀναλογιζόμενοι

106 2353 247 2424 πρὸς
285 2354 533 2417 ἑαυτοὺς,
561 2353 642 2407 ὅτι
693 2351 842 2426 παρὰ
867 2351 976 2406 τῶν
1010 2352 1252 2422 ἀδελφῶν
1279 2350 1648 2420 ἐπεϐουλεύθη
1667 2390 1682 2413 ,

103 2439 189 2492 ὅτι
215 2440 292 2502 είς
325 2439 526 2493 λάκκον
546 2439 766 2511 ἐρρίφη,
801 2439 882 2492 ὅτι
909 2439 1036 2511 περὶ
1062 2439 1171 2491 τῶν
1202 2439 1446 2509 ἐσχάτων
1473 2437 1683 2491 ἐκινδύ-

103 2542 316 2590 νευσεν,
337 2525 418 2578 δτι
439 2525 813 2596 δεσμωτήριον
835 2525 1042 2598 ᾤκησε,
1059 2526 1152 2579 καὶ
1174 2525 1244 2578 τά
1267 2525 1400 2580 ἄλλα
1417 2524 1481 2596 δὴ
1508 2525 1685 2578 πάντα

105 2612 180 2666 τά
220 2611 602 2683 συμϐεϐηκότα
633 2611 785 2683 αὐτῷ
805 2629 818 2643 ·
843 2606 960 2665 εἶτα
982 2652 996 2677 ,
1039 2613 1121 2666 ὅτι
1147 2612 1263 2682 μετ’
1294 2613 1478 2665 ἐκεῖνα
1508 2611 1685 2666 πάντα

107 2699 364 2770 βασιλεὺς
389 2699 610 2768 ἐγένετο
635 2697 730 2752 καὶ
761 2700 863 2770 τῆς
902 2698 1180 2768 Αἰγύπτου
1206 2699 1442 2770 πρῶτος,
1471 2699 1566 2751 καὶ
1593 2715 1681 2750 το-

109 2787 318 2842 σούτων
347 2785 599 2858 κηδεμὼν
629 2786 725 2839 καὶ
761 2773 1093 2858 προστάτης,
1127 2786 1318 2850 ἱκανάς
1357 2780 1501 2857 είχον
1539 2785 1692 2838 ἐλπί-

104 2874 206 2938 δας
237 2873 374 2943 ὑπὲρ
406 2873 507 2941 τῆς
547 2873 865 2944 ἀπαλλαγῆς
894 2873 1001 2928 τῶν
1027 2873 1114 2926 ἀεὶ
1158 2873 1687 2945 καταλαμϐανόντων

107 2959 307 3023 αὐτοὺς
344 2958 552 3025 δεινῶν,
588 2959 969 3031 παιδευόμενοι
1001 2959 1088 3012 διά
1128 2959 1236 3013 τῶν
1267 2959 1442 3013 ὀστῶν
1484 2957 1579 3012 τοῦ
1609 2957 1689 3011 δι-

107 3049 271 3104 καίου
291 3089 305 3114 ,
340 3049 423 3102 ὅτι
456 3048 630 3112 οὐδεὶς
679 3048 790 3102 τῶν
827 3048 920 3103 ἐπὶ
952 3049 1043 3103 τὸν
1087 3048 1221 3102 Θεὸν
1253 3047 1684 3110 πιστευσάντων,

110 3137 209 3189 καὶ
246 3136 343 3207 τὴν
376 3137 506 3207 παρ’
541 3136 751 3189 ἐκείνου
799 3135 1117 3208 συμμαχίαν
1161 3135 1570 3208 ἀναμεινάντων
1607 3134 1693 3202 ἐγ-

110 3227 447 3300 κατελείφθη
477 3227 628 3282 ποτέ.

184 3317 302 3374 Κᾶν
331 3318 437 3391 γὰρ
461 3318 682 3390 λυπηρά
709 3337 828 3374 τινα
860 3321 956 3373 καὶ
990 3319 1264 3391 ἀϐούλητα
1291 3318 1562 3390 μεσολαϐῇ
1593 3317 1694 3381 τάς

111 3405 455 3477 ὑποσχέσεις,
485 3407 580 3460 καὶ
616 3406 816 3477 μεταξὺ
851 3407 1219 3479 παρεμπίπτῃ
1238 3446 1252 3470 ,
1283 3405 1378 3458 τοῦ
1417 3422 1478 3458 τε
1509 3403 1696 3466 τέλους

109 3492 685 3566 οὐδέποτε.ἐκκροῦσαι
712 3494 1002 3563 δυνήσεται
1025 3494 1150 3557 τοὺς
1176 3493 1494 3558 ἐλπίζοντας
1520 3533 1536 3558 ,
1577 3490 1694 3545 ἀλλ’

111 3581 410 3652 ἐκϐήσεται
445 3581 664 3643 πάντως
714 3581 892 3633 ἐκεῖνο
937 3580 1001 3634 τὸ
1045 3578 1358 3652 προρρηθὲν
1407 3578 1546 3633 κατά
1593 3577 1694 3648 τὴν

111 3668 324 3724 ἀνωθεν
346 3668 544 3739 ψῆφον,
578 3667 994 3739 λαμπροτέρους
1030 3667 1218 3721 ποιοῦν
1256 3668 1384 3730 τοὺς
1415 3665 1534 3738 μεθ’
1561 3665 1694 3718 ὑπο-

114 3755 291 3826 μονῆς
338 3754 708 3825 ἀναμένοντας
747 3754 816 3808 τά
845 3753 996 3825 παρά
1024 3752 1116 3807 τοῦ
1157 3751 1292 3807 Θεοῦ
1331 3751 1688 3806 θεσπισθέντα

112 3843 354 3900 ᾶπαντα.
387 3843 486 3896 Διά
501 3841 673 3896 ταῦτα
695 3841 954 3912 περὶτῶν
976 3840 1148 3895 ὀστῶν
1175 3839 1339 3894 αὐτοῦ
1370 3839 1692 3893 ἐνετείλατο.

187 3930 264 3995 ς’.
285 3929 376 4002 Μὴ
389 3930 568 3983 τοίνυν
580 3929 671 3982 ἐπὶ
685 3928 934 3983 τοσοῦτον
948 3929 1086 3998 ὑπὲρ
1097 3928 1196 3999 τῆς
1206 3927 1344 3981 οἴκοι
1355 3925 1534 3996 ταφῆς
1549 3926 1700 3997 ἀκριέ

111 4015 493 4088 ϐολογώμεθα,
515 4016 649 4088 μηδέ
666 4016 892 4070 θάνατον
912 4016 1224 4087 τρέμωμεν,
1244 4014 1379 4068 ἀλλά
1398 4011 1694 4084 ἁμαρτίαν.

111 4105 193 4162 Οὐ
210 4104 319 4175 γάρ
335 4105 561 4168 θάνατος
573 4105 848 4176 ἁμαρτίαν
863 4103 1209 4168 ἔτεκεν,ἀλλά
1219 4095 1458 4174 ἁμαρτία
1473 4101 1700 4155 θάνατον

113 4194 253 4264 ἡμῖν
269 4191 546 4262 ἐγέννησεο
565 4191 792 4255 θάνατος
807 4191 862 4244 δὲ
883 4189 1156 4264 ἀμαρτίας
1173 4189 1364 4258 γέγονε
1388 4188 1696 4259 φάρμακον.

112 4280 247 4334 Ὀτι
275 4277 384 4349 γὰρ
407 4278 468 4330 οὐ
496 4277 601 4349 χρὴ
632 4278 860 4332 θάνατον
884 4276 1198 4340 δεδοικέναι,
1230 4275 1363 4329 ἀλλά
1401 4274 1698 4346 ἁμαρτίαν,

110 4365 353 4420 ἄκουσον
368 4364 422 4419 τί
439 4382 602 4435 φησιν
614 4367 643 4419 ὀ
661 4365 962 4438 προφήτης·
983 4364 1176 4433 Τίμιος
1189 4362 1468 4416 ἐναντίον
1479 4361 1700 4429 Κυρίου

110 4456 148 4507 ό
169 4451 430 4518 θάνατος
457 4449 575 4505 τῶν
601 4451 788 4506 ὁσίων
809 4453 1014 4505 αὐτοῦ·
1046 4451 1138 4504 καὶ
1163 4448 1417 4520 ἀλλαχοῦ,
1439 4446 1704 4512 Θάνατος

111 4535 496 4609 ἁμαρτωλῶν
519 4537 800 4606 πονηρός.
844 4537 1009 4612 Ὁρᾷς
1029 4539 1108 4591 ὅτι
1141 4539 1190 4591 οἱ
1224 4539 1321 4608 μὲν
1347 4537 1702 4607 προσέχοντες

112 4629 337 4690 ἑαυτοῖς
368 4627 462 4679 καὶ
497 4624 893 4696 καρπώσασθαι
921 4625 990 4678 τὰ
1020 4626 1253 4695 μέγιστα
1291 4625 1387 4679 ἀπ’
1415 4623 1579 4679 αὐτοῦ
1608 4623 1700 4676 δύ-

112 4729 336 4775 νανται,
375 4715 426 4766 οἱ
471 4713 528 4766 δὲ
581 4711 918 4782 ἠμελημένοι
968 4712 1063 4765 καὶ
1100 4710 1510 4784 ῥᾳθυμοῦντες,
1557 4705 1700 4764 οὗτοί

112 4806 263 4857 εἰσιν
296 4803 347 4855 οί
377 4803 439 4854 τὸ
481 4803 717 4873 πρᾶγμα
749 4803 807 4853 ἐν
857 4800 1008 4867 τάξει
1049 4800 1346 4873 καταδίκης
1389 4800 1698 4871 δεχόμενοι;

113 4890 243 4960 Οὐχ
299 4889 487 4952 ἀπλῶς
534 4888 592 4942 δὲ
638 4888 760 4941 οὐδὲ
797 4887 984 4941 τοῦτον
1037 4888 1172 4941 κινῶ
1217 4889 1311 4941 τὸν
1355 4887 1532 4956 λόγον,
1585 4887 1700 4940 ἀλλ’

113 4977 314 5048 ἐπειδὴ
352 4975 560 5029 πολλῶν
592 4975 850 5039 πολλάκις
872 4974 1054 5028 ἀκούω
1083 4975 1350 5043 λεγόντων
1379 4976 1507 5046 περὶ
1528 4974 1694 5030 θανά-

93 5070 220 5118 ’του
255 5062 494 5135 τρόπων,
534 5062 629 5116 καὶ
671 5064 800 5126 τοὺς
841 5063 941 5133 μὲν
987 5065 1088 5117 οὐκ
1115 5063 1277 5126 ὄντας
1307 5063 1705 5127 ἐπονειδίστους

113 5150 554 5222 αἰσχυνομένων,
575 5149 706 5230 τοὺς
735 5149 790 5202 δὲ
815 5148 966 5223 [697]
1002 5151 1267 5221 μεγίστης
1291 5149 1449 5213 ὄντας
1468 5167 1704 5220 κατηγο·-

118 5239 252 5311 ρίας
279 5237 464 5301 ἀξίους
494 5237 555 5290 οὐ
599 5236 1013 5302 διαϐαλλόντων,
1040 5238 1230 5290 τούτου
1265 5237 1422 5307 χάριν
1459 5238 1554 5290 καὶ
1580 5237 1705 5290 τοῦ·
1787 5261 1789 5264 ⁴

113 5343 215 5379 τον
241 5323 503 5394 βούλομαι
531 5323 902 5394 διευκρινῆσαι
923 5323 1013 5376 τὸν
1039 5323 1196 5392 λόγον
1215 5324 1474 5394 τήμερον.
1502 5323 1705 5377 Εὔκαι-

117 5428 219 5482 ρος
243 5411 354 5481 γάρ
377 5411 470 5463 καὶ
499 5402 652 5473 οὗτος
674 5412 730 5464 ἐν
755 5409 1048 5481 μαρτύρων
1068 5409 1251 5481 ήμέρᾳ
1268 5410 1368 5479 τῆς
1391 5410 1705 5480 φιλοσοφίας

89 5500 146 5554 ’ὁ
173 5500 401 5572 τρόπος.
445 5498 663 5552 Πολλῶν
697 5498 807 5570 γάρ
833 5499 1040 5570 ήκουσα
1080 5499 1367 5568 λεγόντων,
1401 5499 1558 5563 κυνὸς
1591 5502 1708 5554 ἀτι-

116 5587 362 5658 μότερον
391 5588 419 5639 ό
450 5585 599 5639 δεῖνα
622 5584 1007 5656 τετελεύτηκεν
1039 5585 1126 5638 ἐπ’
1151 5584 1456 5655 ἀλλοτρίας,
1490 5585 1704 5652 οὐδενὸς
1743 5596 1748 5603 ’

112 5673 234 5728 τῶν
266 5671 585 5742 ἐπιτηδείων
610 5672 910 5744 παρόντος,
944 5671 1066 5726 οὐτε
1089 5675 1156 5742 τῇ
1189 5675 1260 5744 γῇ
1297 5671 1702 5742 παραδιδόντος,

111 5761 266 5820 ἀλλὰ
298 5760 449 5831 μόλις
467 5759 664 5828 ὀλίγων
687 5760 944 5828 γειτόνων
976 5761 1235 5833 ἀλλήλους
1270 5761 1702 5828 συγκαλούντων,

112 5850 184 5914 ἐξ
214 5848 417 5920 ἐράνου
458 5848 602 5912 τινὸς
641 5849 986 5919 περισταλεὶς
1010 5889 1025 5914 ,
1053 5849 1502 5922 οὐτωπαρεδόθη
1532 5852 1699 5921 ταφῇ.

112 5933 226 5992 Ἵν’
261 5931 357 5992 οὖν
387 5933 464 6007 μὴ
490 5934 662 5990 ταῦτα
683 5937 832 6008 ἡμᾶς
859 5936 1023 6011 λυπῇ,
1058 5939 1354 6009 ἀναγκαῖον
1381 5937 1473 5992 καὶ
1502 5936 1704 6010 ταύτην

1279 561 1283 565 ι
1333 489 1422 547 DE
1459 489 1520 548 s.
1561 441 1862 547 Dnosm
1901 485 2258 546 MARTYRE.

3246 483 3364 539 692‘

1779 609 2176 682 διορθώσασθαι
2196 606 2295 678 τὴν
2323 604 2599 659 ὑπόνοιαν.
2633 602 2710 658 Οὐ
2732 601 2838 673 γάρ
2863 602 2978 654 ἐστι
3003 597 3352 684 τοῦτολκυνὸς

1778 701 2104 773 ἀθλιώτερον
2140 699 2453 765 ἀποθανεῖν,
2486 695 2760 768 ἄνθρωπε,
2788 693 2923 750 ἀλλά
2961 692 3121 757 κυνὸς
3152 690 3352 745 ἀθλιώ-

1778 812 1936 868 τερον
1984 793 2279 848 ἀποθανεῖν
2310 792 2425 846 ἐστι
2465 790 2528 843 τὸ
2561 791 2619 843 ἐν
2659 788 2904 860 ἁμαρτίᾳ.
2938 787 3245 850 ἀποθανεῖν,
3291 786 3354 839 οὑ

1779 886 1842 940 τὺ
1878 886 1966 939 ἐπ’
2006 885 2293 957 ἀλλοτρίας
2340 881 2642 937 καταλῦσαι
2674 880 2766 934 τὸν
2810 879 2941 951 βίον.
2985 879 3074 949 Μὴ
3113 877 3220 948 γάρ
3265 894 3355 948 μοι

1779 976 1968 1031 τοῦτον
2002 977 2160 1048 εἴπῃς
2193 977 2282 1029 τὸν
2314 975 2409 1028 ἐπὶ
2435 973 2536 1044 τῆς
2569 971 2758 1041 κλίνης
2793 971 2893 1041 τῆς
2934 968 3225 1040 διαχρύσου
3263 985 3357 1036 φε-

1786 1069 2034 1140 ρόμενον,
2084 1069 2175 1122 τὸν
2218 1067 2319 1137 τῆς
2363 1065 2574 1128 πόλεως
2618 1061 3050 1135 προπεμπούσης
3098 1060 3356 1130 ἀπάσης,

1781 1157 1873 1212 τὸν
1899 1157 2008 1210 τῶν
2031 1155 2219 1227 δήμων
2248 1153 2661 1226 εὐφημούντων,
2697 1152 2789 1206 τὸν
2819 1150 3010 1223 ἱμάτια
3037 1151 3238 1222 σηρικά
3265 1151 3358 1204 καὶ

1783 1248 2049 1319 διάχρυσα
2091 1247 2229 1318 μετά
2273 1245 2476 1316 πολλῆς
2523 1248 2712 1316 ἔχοντα
2750 1243 3219 1314 ἐπεστοιϐασμένα
3258 1242 3357 1312 τῆς

1784 1339 2072 1409 ἀφθονίας·
2099 1338 2258 1391 τοῦτο
2280 1336 2389 1409 γάρ
2414 1337 2568 1391 οὐδὲν
2602 1335 2788 1406 ἕτερόν
2817 1337 2955 1401 ἐστι,
2991 1335 3106 1388 ἀλλ’
3141 1336 3172 1402 ἢ
3204 1333 3360 1403 δαψι-

1782 1430 2043 1503 λεστέραν
2090 1429 2168 1501 τῷ
2232 1429 2475 1500 σκώληκι
2537 1427 2867 1499 παραθεῖναι
2916 1426 3215 1498 τράπεζαν.
3266 1425 3358 1495 Μὴ

1783 1520 1960 1576 τοίνυν
1989 1519 2178 1572 τοῦτόν
2216 1536 2306 1589 μοι
2332 1517 2534 1589 δείξῃς,
2567 1516 2704 1572 ἀλλά
2730 1515 2900 1580 δεῖξόν
2933 1531 3023 1586 μοι
3045 1514 3234 1568 τοῦτον
3261 1515 3355 1567 αὐ-

1784 1612 1876 1667 τὸν
1905 1613 1996 1666 τὸν
2037 1615 2178 1684 μετά
2217 1611 2484 1682 τοσαύτης
2521 1608 2982 1682 προπεμπόμενον
3019 1607 3187 1678 τιμῆς
3221 1611 3362 1662 κατά

1785 1702 1883 1774 τὴν
1913 1702 2127 1775 ἡμέραν
2151 1703 2388 1773 ἐκείνην,
2413 1704 2540 1757 ὅταν
2572 1703 2601 1755 ὀ
2626 1699 2862 1772 Χριστὸς
2885 1699 2969 1770 ἐφ’
2993 1697 3198 1770 ὑψηλοῦ
3229 1717 3363 1770 προ-

1785 1794 2086 1867 καθέζηται
2135 1794 2229 1848 τοῦ
2280 1781 2543 1866 βήματος,
2590 1793 2963 1864 εἰσαγόμενον,
3006 1792 3362 1863 καλούμενον,

1784 1885 2013 1950 εὐθύνας
2062 1886 2486 1957 ἀπαιτούμενον,
2525 1880 2601 1941 ὧν
2636 1881 2814 1953 εἶπεν,
2857 1879 2932 1940 ὧν
2985 1883 3243 1956 ἔπραξεν,
3287 1877 3363 1936 ὧν
3463 1900 3470 1907 ·

1786 1977 2058 2048 ἐνενόησε.
2090 1976 2224 2029 Τότε
2252 1977 2360 2046 γὰρ
2389 1977 2567 2042 οὐδεὶς
2605 1975 2754 2048 αὑτῷ
2786 1975 2978 2030 τούτου
3008 1974 3101 2044 τοῦ
3126 1973 3364 2045 πλήθους
3421 2027 3431 2038 ,

1786 2070 2220 2140 παραστήσεται,
2254 2067 2376 2120 οὐδὲ
2402 2066 2748 2139 ἐξαιρήσεται
2769 2067 2873 2138 τῆς
2901 2067 3176 2128 κολάσεως
3200 2065 3364 2123 αὑτὸν

1788 2162 1882 2224 καζι
1907 2160 2008 2228 τῆς
2029 2159 2321 2230 τιμωρίας,
2350 2158 2469 2211 οὐδὲ
2492 2159 2936 2230 παραστήσονται
2977 2158 3032 2212 αἱ
3064 2157 3186 2228 βοαὶ
3207 2151 3374 2212 αὗται.

1787 2251 1881 2306 καὶ
1899 2252 1954 2304 αί
1983 2248 2268 2321 εὐφημίαι,
2290 2248 2426 2303 ἀλλά
2448 2249 2598 2304 κάτω
2618 2249 2862 2315 κύπτων,
2891 2249 3366 2321 ἀπαρρησίαστος..

1788 2343 2176 2412 αἰσχυνόμενος
2205 2340 2298 2393 ἐπὶ
2323 2342 2445 2405 ταῖς
2473 2340 2584 2394 τῶν
2619 2341 2962 2412 πραγμάτων
3001 2339 3362 2411 κατηγορίαις

1788 2432 2168 2503 ἀπαχθήσεται
2196 2430 2488 2502 ἑλκόμενος
2517 2429 2621 2484 ὑπὸ
2653 2429 2763 2485 τῶν
2804 2431 3056 2502 πονηρῶν
3081 2430 3367 2500 δυνάμεων

1789 2525 1882 2578 ἐπὶ
1912 2523 2011 2587 τάς
2053 2522 2352 2587 ἀθανάτους
2382 2523 2634 2588 κολάσεις
2679 2522 2820 2595 μετά
2851 2523 2946 2577 τοῦ
2978 2524 3366 2594 χαλεπωτάτου

1787 2615 1896 2669 τῶν
1945 2615 2173 2670 ὀδόντων
2210 2615 2480 2688 βρυγμοῦ,
2517 2617 2751 2688 ἀνόνητα
2777 2615 2964 2671 λοιπὸν
3013 2615 3229 2687 θρηνῶν
3271 2619 3366 2671 καὶ

1790 2709 2123 2781 κοπτόμενος
2151 2710 2216 2762 ἐκ
2241 2709 2350 2764 τῶν
2377 2710 2664 2782 ἀφορήτων
2687 2709 2907 2766 ὀδυνῶν.

1863 2799 1975 2853 Καὶ
2007 2797 2076 2852 τά
2110 2800 2209 2869 μὲν
2238 2800 2357 2852 ἐκεῖ
2372 2791 2617 2865 τοιαῦτα,
2652 2801 2713 2852 οὐ
2743 2800 2849 2871 μὴν
2878 2800 3000 2853 οὑδέ
3032 2800 3102 2854 τά
3132 2800 3370 2855 ἐνταῦθα

1791 2891 2012 2946 ἀνεκτά.
2038 2890 2194 2944 Μετά
2221 2890 2331 2962 γάρ
2359 2889 2458 2954 τάς
2487 2890 2762 2962 εὐφημίας
2787 2891 2885 2956 τὰς
2909 2889 3066 2962 ἐντῷ
3097 2892 3249 2963 μέσῳ
3269 2891 3369 2955 τάς

1791 2982 2003 3054 ώνητάς
2028 2981 2262 3048 ἐκείνας,
2293 2982 2327 3053 ἢ
2359 2984 2423 3036 ἐκ
2448 2982 2613 3052 φόϐου
2644 2983 2789 3048 τινὸς
2815 2985 3128 3054 γινομένας,
3153 2984 3370 3037 πάντων

1791 3071 2013 3126 ἀκούσει
2031 3071 2476 3144 κατηγορούντων
2495 3072 2587 3126 καὶ
2614 3073 2672 3126 ἐν
2689 3073 2953 3144 ἀμφόδοις
2971 3073 3066 3125 καὶ
3094 3074 3152 3127 ἐν
3169 3074 3367 3144 ἀγορᾷ,

1793 3163 1889 3217 καὶ
1916 3163 1974 3216 ἐν
1998 3163 2145 3234 οἰκία
2171 3163 2268 3216 καὶ
2304 3163 2362 3217 ἐν
2390 3162 2734 3234 καπηλείοις,
2765 3164 2860 3217 καὶ
2881 3165 2940 3217 ἐν
2966 3164 3178 3236 ἐτέροις
3199 3168 3368 3236 ἐργα-

1796 3253 2036 3325 στηρίοις
2053 3293 2068 3320 ,
2099 3253 2194 3306 καὶ
2219 3255 2277 3307 ἐν
2300 3253 2404 3324 ὀδῷ
2429 3255 2524 3308 καὶ
2551 3255 2609 3308 ἐν
2631 3253 2806 3327 χώρᾳ,
2835 3255 2930 3309 καὶ
2960 3256 3236 3328 πανταχοῦ
3262 3257 3371 3310 τῶν

1793 3344 2083 3400 ὁδευόντων
2111 3345 2343 3399 ἑκάστου
2364 3345 2502 3418 πρὸς
2522 3346 2614 3400 τὸν
2636 3347 2864 3418 πλησίον
2890 3347 3027 3420 μετά
3054 3348 3250 3401 πολλοῦ
3276 3348 3371 3402 τοῦ

1797 3437 1960 3506 φόϐου
1980 3437 2338 3509 διηγουμένου
2369 3439 2464 3493 καὶ
2486 3438 2758 3509 λέγοντος,
2780 3433 2868 3494 οἷα
2888 3440 3048 3494 αὐτὸν
3069 3439 3373 3506 διαδέξεται

1797 3529 1964 3596 κακά,
2007 3523 2117 3584 οἷαι
2142 3530 2547 3603 ἀπαντήσονται
2574 3532 2858 3605 τιμωρίαι,
2905 3527 3014 3587 οἷαι
3043 3534 3138 3588 νῦν
3169 3534 3376 3605 ἀναμέμ-

1797 3639 1946 3675 νουσι
1974 3621 2218 3692 βάσανοι.
2253 3621 2319 3676 Τί
2345 3623 2407 3676 τὸ
2428 3623 2618 3696 κέρδος
2641 3624 2792 3696 αὐτῷ
2814 3625 3007 3694 γέγονε
3035 3625 3135 3696 τῆς
3161 3625 3391 3698 παρού-’

1799 3732 1898 3787 σης
1922 3716 2098 3786 ζωῆς;
2138 3715 2192 3768 τί
2222 3715 2285 3769 τὸ
2319 3716 2479 3771 πλέον
2506 3716 2613 3771 ἀπὸ
2635 3719 2732 3788 τῆς
2769 3717 3084 3784 πλεονεξίας
3114 3717 3373 3789 ἐκαρπώ-

1798 3822 1963 3874 σατο;
2023 3805 2263 3877 Ἐτέροις
2304 3806 2374 3860 τά
2428 3808 2691 3879 χρήματα
2738 3807 3063 3861 καταλιπὼν
3107 3807 3372 3876 ἀπῆλθεν.

1797 3896 1958 3960 αὐτὸς
1983 3896 2043 3950 δὲ
2066 3895 2138 3951 τά
2169 3899 2546 3970 ἁμαρτήματα
2584 3898 2769 3953 λαϐὼν
2800 3898 3236 3972 κατορώρυκται,
3281 3902 3377 3958 κα),

1800 3989 1986 4042 πολλοὶ
2009 3989 2344 4060 πανταχόθεν
2371 3991 2665 4063 κατήγοροι
2704 3992 2818 4052 τοῖς
2857 3991 3208 4062 ἠδικημένοις
3253 4009 3376 4045 συν-

1800 4079 2090 4150 αλγοῦντες
2113 4121 2128 4146 ,
2153 4083 2250 4136 καὶ
2285 4083 2334 4136 οί
2365 4083 2530 4155 μηδὲν
2568 4083 2894 4148 πεπονθότες
2924 4083 3115 4138 δεινόν.
3165 4083 3377 4154 Ὥσπερ

1801 4173 1911 4244 γάρ
1938 4173 2031 4226 καὶ
2056 4173 2150 4225 ἐπὶ
2174 4173 2283 4227 τῶν
2319 4175 2814 4247 εὐεργετουμένων,
2853 4177 2950 4229 καὶ
2989 4177 3038 4230 οί
3076 4175 3241 4248 μηδὲν
3269 4193 3378 4229 πα-

1803 4265 1985 4330 θόντες
2009 4267 2317 4338 συνήδονται
2343 4270 2456 4332 τοῖς
2472 4267 2724 4334 παθοῦσι,
2746 4268 2840 4322 καὶ
2863 4269 2955 4323 τὸν
2991 4264 3050 4323 εὖ
3076 4269 3378 4341 ποιήσαντα

1799 4353 2152 4411 ’ἐπαινοῦσινο
2191 4355 2364 4421 οὕτως
2408 4358 2502 4411 ἐπὶ
2545 4358 2654 4411 τῶν
2686 4359 3146 4433 ἐπηρεαζομένων
3194 4360 3287 4414 καλ⁵
3327 4361 3377 4412 οί

1807 4449 1974 4520 μηδὲν
2007 4449 2323 4522 ἠδικημένοι
2359 4449 2683 4521 συναλγοῦσι
2709 4456 2820 4518 τοῖς
2847 4454 3032 4517 κακῶς
3057 4455 3374 4518 πεπονθόσι,

1804 4541 1900 4593 καὶ
1933 4540 2023 4594 τὸν
2045 4542 2346 4612 ποιήσαντα
2368 4541 2670 4608 κακίζουσι.
2694 4543 2795 4598 Διά
2814 4545 2972 4598 τοῦτό
2998 4563 3152 4618 φησιο
3187 4546 3378 4600 Θάνα-

1805 4652 1908 4702 τος
1940 4635 2317 4706 ,ἀμαρτωλῶν
2367 4636 2650 4706 πονηρὸς,
2713 4641 2807 4692 καὶ
2860 4639 2948 4692 διὰ
3010 4639 3106 4703 τὰς
3146 4639 3380 4696 ἐνταῦθα

1805 4727 2158 4799 κατηγορίας,
2189 4728 2282 4781 καὶ
2311 4727 2400 4780 διὰ
2427 4728 2524 4792 τὰς
2546 4729 2661 4782 ἐκεῖ
2689 4729 2957 4793 κολάσεις.
2991 4726 3159 4795 Οὗτος
3200 4730 3379 4787 τοίνυν

1806 4817 1954 4870 ἐστὶν
1991 4820 2019 4870 ὁ
2048 4817 2225 4882 ,κυνὸς
2276 4818 2598 4888 ἀτιμότερον
2642 4818 2929 4884 τελευτῶν,
2968 4819 3084 4872 ἀλλ’
3139 4820 3232 4872 ἐπὶ
3269 4820 3379 4873 τῶν

1803 4908 2024 4962 δικαίων
2047 4911 2144 4980 οὐχ
2161 4909 2358 4972 οὕτως·
2385 4909 2524 4963 ἀλλά
2547 4910 2650 4964 κᾶν
2678 4911 2736 4965 ἐν
2764 4911 2987 4984 ἐρημίᾳ,
3019 4911 3122 4965 κᾶν
3155 4911 3381 4984 μηδενὸς

1806 5002 2278 5072 περιστέλλοντος,
2323 5000 2476 5074 [698]
2509 5001 2610 5056 κᾶν
2643 5002 2868 5074 μηδενὸς
2899 5003 3164 5074 παρόντος
3206 5018 3379 5055 καταο

1804 5090 1940 5163 λύσῃ
1977 5092 2077 5161 τὴν
2113 5089 2276 5161 ζωὴν,
2319 5092 2497 5145 ἱκανὸν
2539 5092 2788 5161 ἐντάφιον
2817 5091 2996 5145 λαϐὼν
3037 5093 3242 5156 ἄπεισι,
3279 5090 3380 5160 τὴν
3421 5144 3426 5167 λ,

1807 5187 1942 5258 πρὸς
1965 5185 2056 5238 τὸν
2085 5185 2217 5237 Θεὸν
2237 5185 2544 5257 παρρησίαν
2570 5201 2582 5212 ·
2610 5184 2928 5256 θαυμαστὴν
2961 5184 3072 5254 ἔχει
3098 5184 3196 5254 τὴν
3218 5185 3380 5253 ἐκφο-

1810 5279 1930 5352 ράν,
1989 5277 2236 5346 ἀγγέλων
2296 5278 2602 5351 παρόντων,
2655 5279 2751 5332 καὶ
2795 5278 2975 5348 ψυχὴν
3018 5275 3377 5345 ὁδηγούντων,
3425 5273 3432 5305 ³

1808 5371 2058 5441 καθάπερ
2095 5364 2189 5423 οὖν
2217 5368 2386 5440 ἔφθην
2410 5368 2693 5433 ἀποδείξας
2728 5370 2820 5422 ἐπὶ
2860 5367 2953 5421 τοῦ
2976 5367 3249 5440 Λαζάρου,
3280 5384 3382 5437 μυ-

1811 5463 1956 5536 ρίους
2003 5461 2297 5526 ἐπαινέτας
2343 5461 2768 5532 καταλιμπάνων
2830 5459 2932 5531 τῆς
2968 5457 3158 5512 ἐαυτοῦ
3198 5457 3376 5528 ζωῆς·

1806 5555 1910 5608 κᾶν
1939 5553 2132 5618 παῖδας
2161 5552 2437 5626 καταλίπῃ
2455 5592 2468 5616 ,
2497 5552 2696 5614 πάντες
2714 5551 2764 5604 οί
2793 5551 2891 5623 τήν
2918 5551 3072 5604 πόλιν
3099 5550 3381 5615 οἰκοῦντες

1807 5647 2110 5721 προστάται
2137 5648 2232 5702 καὶ
2273 5647 2570 5718 κηδεμόνες
2601 5644 2778 5701 αὐτῶν
2810 5644 3022 5700 ἔσονται
3046 5686 3061 5712 ,
3100 5646 3202 5718 τῆς
3242 5648 3378 5722 πρὸς

1805 5743 1914 5809 τὸν,
1946 5741 2160 5812 πατέρα
2207 5740 2421 5803 εὐνοίας
2457 5740 2655 5804 αὐτοὺς
2698 5740 3074 5813 ἀμειϐόμενοι.
3123 5743 3182 5796 '0
3230 5741 3289 5797 δέ
3321 5745 3382 5799 ἐν

1808 5836 2107 5909 ἁμαρτίαις
2135 5835 2230 5889 καὶ
2256 5830 2590 5900 πλεονεξίαις
2625 5833 3050 5908 τετελευτηκὼς,
3085 5835 3188 5891 κᾶν
3222 5837 3380 5904 ἀφεὶς

1820 5928 2010 5995 παῖδας
2048 5926 2278 6001 ἀπέλθῃ,
2308 5926 2675 6002 κληρονόμους
2715 5929 2812 6001 τῆς
2844 5928 3050 5996 οἰκείας
3083 5927 3379 6000 ἀπεχθείας
