3858 6280
110 440 225 497 ως

115 588 188 626 ex
218 571 318 626 hac
346 569 450 624 vita
480 569 796 638 decesserit,
826 569 1217 626 inimicitiarum
1246 580 1459 628 suarum
1486 571 1715 629 heredes

121 663 251 717 illos
292 659 565 727 deseruit,
603 669 659 715 et
700 661 840 715 inter
878 662 1119 717 inimicos
1150 662 1362 732 reliquit
1395 681 1407 718 :
1451 663 1563 719 sive
1601 664 1716 718 sine

118 749 312 809 liberis
351 753 514 807 vitam
543 750 758 819 finierit,
792 768 860 806 ex
890 752 1146 819 aedificiis,
1179 770 1241 809 ex
1269 753 1387 810 aliis
1418 755 1715 824 possessio-

127 846 339 910 nibus,
360 859 493 915 quas
523 860 589 900 ex
620 846 804 914 rapina
834 854 887 900 et
913 846 1191 902 fraudibus
1213 848 1525 917 acquisivit,
1557 858 1717 902 aeter-

128 952 256 990 nam
288 936 643 990 accusationis
682 937 959 999 materiam
1007 937 1346 1008 derelinquit.
1389 940 1460 992 At
1498 953 1603 992 non
1647 938 1719 993 ita

125 1028 326 1097 justus,
355 1026 453 1082 sed
476 1036 674 1083 etvcum
703 1029 946 1095 moritur,
975 1030 1259 1083 maximam
1290 1029 1565 1084 utilitatem
1592 1044 1718 1098 per-

128 1120 298 1188 cipit,
329 1134 452 1173 cum
480 1133 551 1174 ex
571 1119 801 1189 propria:
826 1119 1038 1174 virtutis
1063 1118 1432 1175 recordatione
1454 1119 1523 1175 de
1544 1120 1721 1173 omni-

132 1210 237 1265 bus
280 1209 419 1264 vivis
452 1209 596 1265 bene
638 1221 940 1278 mereatur,
986 1221 1042 1267 et
1083 1212 1331 1267 meliores
1375 1226 1469 1268 eos
1512 1212 1721 1278 reddat,

130 1301 587 1371 quemadmodum
622 1313 679 1356 et
716 1301 990 1371 improbus
1019 1302 1119 1357 hac
1144 1296 1303 1357 etiam
1332 1303 1538 1358 ratione
1567 1302 1723 1372 puni-

136 1403 250 1448 tur.
295 1393 409 1448 Non
440 1394 580 1449 enim
610 1401 812 1448 tantum
834 1435 849 1460 ,
878 1393 1003 1449 dum
1030 1394 1249 1460 vivunt,
1289 1394 1382 1449 sed
1413 1394 1571 1449 etiam
1604 1408 1724 1448 cum

140 1485 469 1551 moriuntur,
492 1483 686 1538 multos
714 1484 934 1548 iazdunt,
963 1500 1087 1539 cum
1112 1484 1346 1539 avaritiae
1374 1500 1484 1539 sua:
1512 1485 1727 1555 pignora

137 1584 199 1630 et
235 1574 431 1628 indicia
472 1574 664 1644 ubique
704 1574 1094 1645 derelinquant.
1139 1573 1268 1641 Quae
1309 1588 1429 1629 cum
1455 1574 1727 1643 explorata

144 1666 303 1721 nobis
331 1666 460 1732 sint,
489 1683 594 1721 non
618 1681 711 1721 eos
737 1667 825 1736 qui
854 1681 1094 1736 peregre,
1122 1666 1220 1721 sed
1244 1681 1337 1721 eos
1364 1666 1452 1736 qui
1484 1675 1729 1737 peccato-

146 1774 264 1815 rum
307 1759 382 1813 rei
423 1759 756 1825 moriuntur,
797 1760 1021 1816 miseros
1048 1774 1397 1825 censeamus,
1438 1775 1611 1829 neque
1636 1775 1731 1816 eos

149 1852 234 1922 qui
264 1850 409 1906 domi
440 1859 598 1921 atque
626 1851 678 1905 in
720 1850 886 1911 lecto.
920 1851 1015 1907 sed
1055 1865 1150 1908 eos
1173 1852 1262 1922 qui
1292 1867 1411 1917 cum
1444 1851 1639 1908 virtute
1663 1868 1733 1908 ex

1367 440 1433 497 IN
1461 439 1648 496 MART
1654 438 1834 494 YRES
1873 436 2255 495 EGYPTIOS.

3293 435 3397 492 ΘΜ

1821 574 1919 629 hac
1947 574 2052 628 vita
2078 570 2392 637 discedunt,
2427 569 2611 625 beatos
2651 569 2995 639 praedicemus
3015 612 3030 636 ,
3061 585 3124 625 ac
3149 572 3398 626 virtutem

1818 676 2103 730 sectemur,
2132 664 2318 720 vitium
2349 661 2630 732 fugiamus.
2660 661 2750 716 Illa
2777 662 2919 718 enim
2947 671 2999 719 et
3024 663 3322 719 viventibus
3348 675 3400 719 et

1819 757 2168 813 morientibus
2212 755 2428 825 prodest
2472 773 2485 809 :
2529 754 2668 811 istud
2709 770 2836 811 vero
2875 771 2941 810 ex
2984 764 3206 826 utraque
3252 769 3404 827 parte

1819 847 2124 911 laedit,dum
2152 856 2204 902 et
2230 846 2329 902 hos
2356 845 2551 916 probro
2579 845 2762 913 afficit,
2791 854 2845 900 et
2868 845 2934 901 ad
2959 846 3215 916 supplicia
3239 847 3405 901 abdu-

1821 940 1895 995 cit
1917 948 2135 995 aeterna.
2170 939 2309 994 Deus
2335 948 2511 993 autem
2533 978 2546 1002 ,
2575 938 2663 1008 qui
2690 939 2860 995 beata:
2888 938 3003 1004 iSti‘,
3035 953 3153 1008 quae
3179 952 3277 993 nos
3305 938 3404 993 ho-

1822 1030 2011 1085 dierno
2036 1029 2124 1085 die
2151 1030 2519 1100 congregavit,
2549 1037 2607 1084 ut
2633 1038 2906 1084 certamen
2932 1029 3123 1093 iniret,
3155 1036 3206 1083 et
3236 1028 3405 1083 lucta-

1824 1130 1990 1185 retur,
2018 1129 2072 1176 et
2097 1120 2360 1187 vinceret,
2393 1128 2526 1175 etut
2551 1127 2832 1175 ornaretur
2859 1134 3053 1175 corona
3077 1160 3091 1185 ,
3120 1120 3406 1183 concessit,

1826 1212 1980 1265 nobis
2026 1210 2185 1265 etiam
2230 1210 2388 1264 simul
2432 1210 2681 1266 omnibus
2723 1210 2776 1265 in
2823 1210 2915 1265 illo
2962 1209 3083 1277 die,
3130 1219 3407 1279 postquam

1828 1302 1984 1372 hujus
2015 1303 2135 1357 vitae
2180 1316 2395 1357 cursum
2444 1301 2849 1368 absolverimus,
2900 1301 3119 1371 ejusque
3163 1300 3411 1355 mandata

1828 1404 1882 1449 et
1906 1396 2053 1465 leges
2078 1394 2559 1458 observaverimns,
2587 1403 2646 1447 ut
2690 1394 2743 1447 in
2772 1403 2970 1447 aeterna
3000 1393 3264 1463 possimus
3291 1406 3413 1446 san-

1829 1498 1929 1543 ctte
1967 1487 2122 1558 hujus
2151 1487 2485 1542 tabernacula
2514 1488 2709 1541 intrare
2729 1527 2743 1553 ,
2784 1485 3073 1552 concedat,
3115 1493 3168 1539 et
3195 1486 3414 1537 immor-

1834 1579 2026 1634 talibus
2071 1580 2225 1634 bonis
2278 1578 2475 1649 potiri,
2522 1578 2691 1648 gratia
2739 1586 2793 1632 et
2837 1576 3162 1649 benignitate
3208 1574 3414 1629 Domini

1834 1671 2000 1727 nostri
2026 1669 2151 1726 Jesu
2191 1670 2425 1734 Christi,
2470 1684 2591 1724 cum
2620 1683 2725 1739 quo
2756 1668 2896 1723 Patri
2924 1667 3091 1737 gloria
3112 1709 3125 1733 ,
3150 1648 3263 1720 una
3292 1679 3417 1720 cum

1836 1763 2035 1834 Spiritu
2062 1771 2275 1829 sancto,
2304 1762 2355 1816 in
2386 1761 2597 1817 Stecnla.
2633 1760 2823 1815 Amen.

162 2168 3391 2218 WWMM

1598 2442 1652 2501 Μ
1659 2434 1944 2502 ONITUM
1953 2486 1965 2499 .

164 2724 293 2777 hinc
319 2736 446 2776 vero
480 2720 727 2791 sequitur
761 2716 1094 2789 probabilius
1126 2732 1247 2773 csse
1278 2715 1518 2771 habitam
1540 2727 1658 2769 eam
1696 2710 2185 2781 Constantinopoli,
2215 2705 2721 2780 quam‘Antiochiae'
2743 2702 2932 2760 fuisse.
2964 2700 3081 2757 Non
3107 2700 3251 2755 aliud
3274 2714 3409 2769 sup-

166 2837 302 2906 petit
337 2843 717 2905 argumentum
750 2852 763 2886 :
796 2831 863 2887 de
895 2831 1151 2886 firmitate
1191 2828 1505 2900 hujusmodi
1542 2827 1869 2898 conjecturze
1893 2825 2139 2896 judicent
2174 2822 2397 2879 eruditi.

240 2949 622 3019 interpretatio
659 2948 852 3004 Latina
890 2956 987 3003 est"
1010 2946 1308 3003 Frontonis
1346 2944 1548 3001 Ducaei.

734 3390 1259 3474 LAUDATIO
1335 3384 1903 3467 MARTYBUM
1980 3370 2678 3462 EGYPTIORUM
2744 3364 2846 3451 (α).

237 3732 288 3788 Ι.
334 3727 634 3783 Laudantur
663 3721 907 3796 .‘Egypth'
946 3723 1083 3793 quod
1098 3721 1347 3793 reliquias
1373 3719 1554 3790 ubique
1579 3719 1746 3785 eﬂun—

163 3823 338 3876 darent
357 3835 379 3885 ;
415 3817 639 3887 reliquiae
675 3814 979 3870 Sanctorum
1020 3811 1165 3866 urbe:
1208 3809 1515 3865 custodiunt.
1542 3839 1612 3849 --
1649 3810 1749 3864 Be-

166 3911 409 3968 nedictus
436 3909 603 3973 Deus,
643 3906 855 3978 quando
882 3905 1040 3961 etiam
1071 3918 1136 3958 ex
1174 3901 1412 3974 Egypto
1449 3911 1745 3973 martyres,

165 4020 230 4060 ex
260 4002 488 4077 lEgypm
528 4000 761 4054 illa‘cum
800 3998 910 4053 Deo
955 4005 1219 4067 pugnante
1265 4009 1328 4049 ac
1371 3994 1704 4048 insanissima
1730 4034 1744 4059 ,

164 4109 221 4154 ct
268 4097 411 4152 unde
463 4094 622 4165 impia
683 4106 806 4158 ora,
860 4090 1001 4145 unde
1046 4089 1238 4159 linguae
1279 4086 1632 4156 blasphemas,
1681 4101 1746 4140 ex

166 4190 401 4261 Egypto
421 4194 683 4257 martyres
702 4183 961 4237 habentur
979 4221 995 4247 ,
1022 4193 1122 4235 nec
1156 4180 1208 4233 in
1236 4177 1468 4249 Egypto
1503 4184 1702 4231 tantum
1728 4216 1744 4244 ,

167 4301 265 4341 nec
290 4285 345 4339 in
384 4281 606 4337 finitima
638 4278 915 4349 vicinaque
943 4274 1159 4345 regione
1182 4312 1199 4340 ,
1230 4271 1326 4328 sed
1352 4271 1549 4341 ubique
1576 4277 1746 4324 terra-

168 4394 309 4433 rum.
340 4374 409 4430 Et
436 4368 883 4443 quemadmodum
922 4367 975 4420 in
1014 4371 1239 4418 annona:
1274 4375 1480 4418 summa
1506 4360 1750 4415 ubertate

166 4484 290 4525 cum
327 4465 558 4521 viderint
596 4462 805 4517 urbium
851 4458 1039 4514 incola:
1079 4456 1335 4526 majorem
1361 4494 1376 4520 ,
1421 4468 1579 4524 quam
1620 4464 1752 4505 usus

169 4560 526 4614 habitatorum
570 4552 837 4624 postulet,
881 4564 1000 4604 esse
1051 4548 1290 4618 copiam,
1336 4544 1404 4600 ad
1446 4542 1752 4614 peregrinas

170 4649 332 4706 etiam
364 4646 523 4701 urbes
548 4643 931 4704 transmittunt;
954 4648 1087 4694 cum
1105 4647 1162 4693 ut
1178 4651 1328 4692 suam
1358 4635 1659 4690 comitatem
1689 4645 1753 4688 ac

168 4738 538 4796 liberalitatem
557 4733 842 4790 ostendant
862 4775 877 4799 ,
901 4741 1012 4785 tum
1033 4738 1092 4785 ut
1109 4771 1124 4797 ,
1147 4736 1340 4799 praeter
1368 4727 1557 4782 horum
1586 4725 1753 4780 abun-

168 4830 439 4894 dantiam,
471 4843 592 4882 cum
620 4824 870 4880 facilitate
904 4837 990 4877 res
1010 4863 1025 4887 ,
1056 4820 1245 4891 quibus
1275 4820 1543 4889 indigent,
1570 4826 1754 4871 rursus

167 4923 237 4977 ab
276 4921 384 4975 illis
411 4918 510 4973 sibi
537 4921 848 4985 comparent
877 4930 889 4966 :
923 4914 1000 4967 sic
1028 4921 1082 4968 et
1104 4910 1337 4982 :Egyptii
1360 4952 1374 4976 ,
1399 4909 1539 4980 quod
1568 4908 1757 4963 attinet

168 5010 236 5066 ad
280 5008 557 5079 religionis
599 5006 857 5066 athletas,
886 5001 1124 5058 fecerunt
1156 5019 1168 5055 :
1197 5015 1318 5057 cum
1349 4999 1487 5069 apud
1525 5014 1583 5054 se
1619 4998 1758 5053 mul-

170 5116 280 5158 tam
304 5116 491 5157 eorum
520 5096 611 5154 Dei
628 5097 948 5167 benignitate
966 5096 1172 5164 copiam
1196 5103 1476 5149 cernerent
1495 5134 1511 5160 ,
1534 5108 1643 5148 non
1669 5092 1754 5146 in-

169 5211 306 5269 gens
336 5194 430 5250 Dei
457 5208 649 5247 munus
671 5206 763 5246 sua
784 5189 999 5245 civitate
1018 5188 1417 5251 concluserunt,
1437 5186 1530 5242 sed
1557 5187 1611 5241 in
1636 5201 1755 5241 om-

172 5304 272 5343 nes
298 5298 456 5342 terrze
486 5293 663 5357 partes
684 5283 942 5338 bonorum
974 5283 1253 5336 thesauros
1282 5278 1614 5345 effuderunt;
1634 5292 1755 5333 cum

173 5390 230 5436 ut
253 5392 409 5435 suum
442 5378 493 5431 in
521 5375 708 5431 fratres
735 5387 971 5429 amorem
998 5370 1360 5435 05tenderenf,
1393 5379 1502 5424 tum
1530 5379 1587 5423 ut
1611 5384 1754 5424 com-

174 5476 391 5528 munem
413 5469 649 5525 omnium
678 5467 959 5522 Dominum
983 5462 1512 5529 honore'afﬁcercnt,
1546 5476 1608 5517 ac
1631 5462 1760 5516 civi-

175 5565 270 5620 tati
293 5579 404 5619 suae
428 5561 653 5633 gloriam
683 5558 822 5629 apud
840 5572 1027 5612 omnes
1057 5564 1428 5624 cOmpararCnt
1447 5597 1461 5622 ,
1494 5556 1760 5624 totiusque

172 5656 325 5712 orbis
372 5668 493 5709 esse
534 5650 869 5721 metropolim‘
921 5649 1272 5704 declararent.
1300 5646 1431 5702 Nam
1468 5648 1514 5703 si
1560 5645 1761 5702 frivola:

173 5747 420 5822 quamam
443 5760 506 5799 ac
532 5744 737 5799 minimi
759 5742 915 5814 pretii
936 5741 1266 5806 occasiones,
1289 5753 1513 5811 qumque
1537 5739 1603 5794 ad
1623 5739 1761 5794 hanc

174 5850 384 5899 tantum
411 5839 572 5893 vitam
600 5833 755 5890 nobis
782 5833 1093 5902 conferunt,
1121 5832 1426 5903 largitiones
1457 5830 1596 5888 hunc
1619 5831 1760 5889 mul-

239 5955 318 6020 (α)
348 5950 527 6003 collata
549 5962 658 6003 cum
677 5948 819 6000 Codd.
839 5955 989 6013 nega.
1016 5948 1153 6010 19η,
1181 5955 1231 6000 et
1252 5947 1391 5999 2345.

1860 3723 1927 3776 tis
1959 3721 2177 3778 urbibus
2193 3722 2448 3777 honorem
2476 3722 2755 3793 nequirem
2783 3728 3091 3792 potuerunt,
3116 3732 3292 3773 nonne
3317 3730 3432 3771 cam

1856 3816 2034 3886 potius
2059 3856 2073 3881 ,
2101 3830 2220 3885 quzc
2250 3815 2379 3869 nihil
2410 3830 2476 3868 ex
2506 3814 2721 3869 caducis
2745 3823 2799 3869 et
2822 3809 3258 3880 corruptibilibus
3278 3808 3436 3862 rebus

1858 3904 2098 3975 largitur,
2132 3904 2229 3960 sed
2250 3905 2413 3970 viros,
2445 3905 2534 3974 qui
2560 3903 2801 3970 urbibus,
2829 3917 2946 3969 qua:
2967 3901 3069 3956 illis
3094 3898 3439 3962 obvenerint,

1857 4007 1974 4068 post
1988 3997 2190 4053 obitum
2215 3998 2372 4053 etiam
2402 4004 2656 4065 prmstant
2680 3996 3038 4059 securitatem,
3058 4008 3165 4063 prie
3186 3989 3437 4046 omnibus

1856 4105 2066 4159 mquam
2093 4096 2176 4143 est
2213 4088 2312 4142 hac
2339 4087 2555 4141 honoris
2577 4083 2924 4156 praerogativa
2954 4083 3182 4139 donari?
3206 4082 3436 4138 Sancto-

1856 4198 1973 4237 rum
1997 4181 2138 4236 enim
2165 4180 2358 4235 horum
2380 4190 2604 4248 corpora
2627 4175 2813 4245 quovis
2839 4174 3179 4228 adamantino
3207 4179 3261 4227 ct
3285 4171 3436 4226 inex-

1857 4271 2122 4344 pugnabili
2144 4284 2300 4325 muro
2328 4269 2491 4323 tutius
2520 4265 2673 4320 nobis
2693 4263 2882 4319 urbem
2908 4263 3184 4326 muniunt,
3214 4269 3271 4315 et
3300 4268 3436 4313 tam-

1855 4380 2013 4436 quam
2059 4362 2255 4418 excelsi
2296 4359 2508 4431 quidam
2546 4357 2749 4428 scopuli
2779 4354 3013 4424 untdique
3041 4352 3437 4423 prominentes,

1859 4473 1963 4513 non
2004 4456 2193 4510 horum
2213 4495 2228 4519 ,
2264 4453 2355 4524 qui
2374 4451 2491 4507 sub
2514 4463 2703 4505 sensus
2733 4447 2998 4502 caduntct
3017 4443 3186 4500 oculis
3205 4458 3438 4497 cernun-

1859 4561 1945 4606 tur
1966 4590 1983 4616 ,
2016 4548 2246 4604 hostium
2276 4547 2507 4615 impetus
2535 4542 2845 4614 propulsant
2875 4547 3077 4594 tantum
3104 4578 3117 4603 ,
3160 4535 3253 4592 sed
3279 4535 3445 4590 etiam

1858 4640 2199 4698 invisibilinm
2246 4638 2547 4694 daemonum
2590 4632 2849 4699 insidias,
2902 4643 3193 4698 omnesque
3244 4623 3439 4681 diaboli

1859 4734 2072 4790 fraudes
2100 4731 2413 4787 subvertunt
2440 4742 2503 4782 ac
2541 4726 2837 4796 dissipant,
2880 4737 2987 4778 non
3030 4721 3204 4775 minus
3243 4716 3399 4772 facile
3424 4756 3442 4782 ,

1860 4841 2018 4897 quam
2048 4825 2098 4879 si
2121 4822 2274 4879 fortis
2304 4822 2384 4876 vir
2404 4819 2595 4889 aliquis
2617 4817 2820 4873 ludicra
2848 4827 3136 4885 puerorum
3167 4810 3442 4867 subverte-

1860 4926 1942 4973 ret
1965 4932 2027 4972 ac
2060 4921 2441 4985 prosterneret.
2463 4912 2540 4965 Ac
2566 4918 2759 4965 cretera
2787 4906 3004 4977 quidem
3032 4920 3152 4975 qua:
3172 4902 3239 4958 ab
3265 4899 3441 4956 homi-

1861 5008 2017 5063 nibus
2036 5007 2168 5061 ﬁunt
2193 5004 2617 5067 machinamenta
2638 5040 2653 5066 ,
2677 4999 2815 5054 sicut
2839 4996 3012 5061 muri,
3037 4994 3192 5049 fossae
3214 5033 3228 5057 ,
3260 5004 3404 5046 arma
3423 5028 3442 5055 ,

1862 5101 2085 5156 militum
2124 5097 2293 5166 copiae
2323 5103 2377 5150 et
2401 5104 2749 5163 quaecumque
2774 5089 2840 5144 ad
2870 5088 3164 5143 incolarum
3191 5081 3445 5137 securita-

1863 5202 1969 5247 tem
2004 5189 2403 5258 excogitantur,
2439 5183 2507 5242 ab
2546 5173 3299 5250 hostibnspossuntpluribus
3324 5169 3445 5223 aliis

1863 5284 2138 5352 multoque
2173 5279 2466 5349 majoribus
2494 5274 2757 5331 machinis
2798 5273 3035 5341 ipsorum
3064 5264 3248 5334 repelli
3278 5279 3293 5317 :
3321 5277 3442 5316 cum

1865 5392 1991 5433 vero
2014 5381 2318 5431 sanctorum
2340 5369 2653 5439 corporibus
2678 5366 2837 5421 fuerit
2865 5362 3053 5417 civitas
3076 5356 3402 5413 communita
3424 5394 3443 5421 ,
3492 5415 3499 5431 ἱ

1864 5473 1990 5527 licet
2040 5469 2343 5524 innumeras
2389 5464 2465 5519 illi
2512 5460 2767 5533 pecunias
2795 5453 3135 5525 expcndant,
3186 5446 3442 5513 urbibus,
3510 5501 3521 5523 κ

1864 5579 1983 5633 ηοω
2008 5562 2151 5632 ipsos
2169 5556 2473 5629 possideant
2496 5596 2511 5621 ,
2540 5550 2757 5607 minime
2781 5552 3030 5619 poterunt
3053 5540 3254 5611 aequale
3273 5536 3444 5609 quod-

1865 5658 1987 5713 dam
2017 5651 2500 5710 machinamentum
2541 5655 2830 5715 opponere.
2865 5637 3047 5707 Neque
3074 5644 3204 5690 vero
3241 5638 3445 5687 tantum

1867 5749 2121 5805 adversus
2162 5743 2437 5798 hominum
2482 5736 2733 5799 insidias,
2780 5739 2873 5788 aut
2918 5730 3173 5785 adversus
3206 5721 3442 5779 fallacias

1868 5840 2172 5896 daemonum
2210 5832 2354 5890 utilis
2389 5829 2543 5887 nobis
2578 5835 2663 5884 est
2702 5826 2818 5881 haec
2865 5819 3136 5894 possessio
3158 5858 3175 5885 ,
3217 5812 3448 5872 dilectis-

1871 5935 2041 6003 sime;
2084 5931 2179 5991 sed
2203 5929 2302 5990 etsi
2329 5921 2810 6013 nobis’communis
2836 5917 3091 5977 Dominus
3116 5913 3187 5971 ob
3212 5918 3449 5986 peccato-
