3858 6280
391 425 501 481 895

391 552 511 591 rum
548 538 938 597 multitudinem
983 545 1272 610 irascatur,
1297 544 1385 599 bis
1411 542 1632 614 objectis
1663 543 1974 615 corporibus

390 631 649 687 continuo
695 635 986 704 poterimus
1022 651 1142 691 eum
1174 638 1459 708 pmpitium
1497 637 1720 694 reddere
1752 638 1975 693 civitati.

394 719 606 776 Etenim
647 725 692 777 si
713 766 727 786 ,
758 727 845 793 qui
880 728 1041 781 multa
1085 731 1342 799 przcclare
1375 740 1685 800 gesserant,
1714 731 1976 800 majorum

393 821 696 868 nostrorum
726 824 881 872 actate
909 829 1215 874 sanctorum
1247 821 1480 875 virorum
1512 822 1723 876 nomina
1750 830 1977 891 praetenc

392 901 600 969 dentes,
628 914 787 976 atque
816 907 883 962 ad
905 907 1173 966 Abraham
1193 953 1207 975 ,
1233 910 1379 966 lsaac
1404 921 1458 967 et
1477 912 1641 968 Iacob
1666 913 1979 982 appellatio-

391 1011 516 1050 nem
564 999 931 1071 confugientes
978 1001 1170 1075 (Ezod.
1199 1004 1305 1065 32;
1344 1004 1549 1059 Βαναεή
1590 1006 1701 1075 2),
1736 1006 1976 1061 nonnihil

390 1089 567 1144 solatii
607 1099 734 1146 sunt
766 1096 1038 1165 assequuti
1064 1138 1079 1163 ,
1111 1110 1174 1151 ac
1203 1112 1449 1167 magnam
1478 1113 1543 1152 ex
1575 1097 1765 1153 horum
1805 1097 1977 1152 nomi-

390 1194 518 1233 num
587 1186 1099 1243 commemoratione
1166 1188 1447 1244 utilitatem
1521 1188 1904 1257 decerpserunt
1957 1207 1972 1243 :

390 1271 560 1325 multo
587 1275 754 1344 magis
782 1290 880 1329 nos
904 1293 1009 1331 non
1039 1286 1242 1333 tantum
1269 1281 1487 1335 nomina
1508 1322 1521 1347 ,
1551 1281 1645 1336 sed
1678 1281 1825 1351 ipsa.
1856 1296 1976 1352 quae

390 1360 759 1429 deccrtaruut,
784 1380 1010 1435 corpora
1034 1370 1426 1438 praetendentes
1450 1412 1464 1435 ,
1494 1371 1658 1426 Deum
1689 1374 1974 1443 propitium

389 1461 445 1507 et
463 1453 751 1525 benignum
779 1456 977 1514 habere
1002 1462 1295 1529 poterimus
1316 1477 1378 1517 ac
1406 1464 1689 1533 placatum.
1719 1465 1893 1535 Atque
1921 1475 1977 1520 ut

388 1560 473 1611 ea,
502 1562 620 1616 qua:
647 1548 893 1617 dicimus,
924 1553 1213 1607 verborum
1243 1555 1441 1610 fumum
1466 1572 1568 1612 nou
1587 1572 1709 1613 esse
1728 1569 1974 1625 constet,

391 1647 586 1692 norunt
635 1640 791 1695 multi
841 1658 962 1697 cum
1019 1644 1425 1716 indigenarum,
1480 1658 1589 1703 tum
1645 1666 1831 1705 eorum
1886 1651 1976 1721 qui

388 1726 607 1783 aliunde
636 1743 928 1799 venerunt,
957 1746 1152 1806 quanta
1180 1751 1485 1793 sanctorum
1516 1742 1737 1795 istorum
1769 1743 1837 1797 sit
1866 1743 1972 1796 vir-

391 1827 510 1887 tus,
557 1823 645 1890 qui
692 1832 744 1877 et
790 1826 1096 1882 testimonio
1131 1844 1229 1884 suo
1255 1846 1374 1900 quae
1399 1831 1537 1887 dicta
1569 1843 1693 1888 sunt
1738 1850 1979 1903 compro-

388 1910 535 1977 bant,
566 1917 733 1984 utqui
762 1931 1013 1987 quantam
1042 1922 1183 1991 apud
1213 1924 1376 1977 Deum
1407 1925 1650 1979 fiduciam
1674 1926 1972 1993 obtineant,

388 2005 753 2071 experimento
782 2012 1142 2079 compererint
1168 2030 1181 2066 :
1206 2028 1267 2067 ac
1294 2014 1485 2070 merito
1514 2031 1663 2071 sane.
1695 2017 1811 2071 Non
1831 2020 1971 2071 enim

387 2095 591 2165 vulgari
623 2098 780 2153 modo
806 2115 902 2169 pro
934 2104 1155 2159 veritate
1186 2104 1557 2175 decertarunt,
1586 2108 1683 2163 sed
1707 2110 1842 2164 adeo
1872 2112 1974 2164 for-

388 2187 512 2240 titer
568 2198 891 2260 strenueque
940 2195 1200 2250 violentos
1243 2206 1296 2252 et
1339 2200 1697 2256 intolerabiles
1746 2202 1975 2272 impetus

388 2281 646 2338 dmmonis
673 2288 1018 2356 repulerunt,
1053 2307 1115 2346 ac
1154 2293 1198 2346 si
1226 2294 1277 2347 in
1309 2296 1482 2349 saxeis
1513 2296 1803 2367 ferreisque
1823 2341 1837 2364 ,
1868 2314 1973 2353 non

388 2382 564 2428 autem
592 2377 835 2434 obnoxiis
858 2382 1185 2451 corruptioni
1215 2386 1631 2457 mortalibusque
1663 2389 1981 2458 corporibus

387 2465 728 2524 decertarent
763 2490 774 2525 :
799 2474 952 2543 quasi
975 2474 1085 2545 jam
1115 2476 1180 2531 ad
1208 2478 1347 2530 illam
1379 2468 1640 2547 paSsionis
1666 2491 1971 2548 expertem,

388 2568 445 2611 ct
483 2560 834 2616 immortalem
865 2574 1104 2620 naturam
1134 2569 1340 2623 acerbis
1362 2583 1422 2622 ac
1447 2568 1685 2623 dolorem
1712 2573 1973 2626 inurenti-

390 2649 490 2703 bus
519 2653 756 2720 corporis
778 2656 1095 2710 cruciatibus
1121 2673 1224 2712 non
1249 2659 1547 2724 cedentem,
1578 2663 1817 2717 translati
1847 2663 1975 2719 fuis-

388 2752 527 2797 sent.
563 2744 774 2801 Etenim
806 2757 1055 2818 tanquam
1075 2767 1228 2806 sacrm
1251 2754 1491 2822 qumdam
1523 2756 1745 2823 bellum,
1779 2758 1973 2815 erude-

389 2831 497 2898 les,
530 2844 584 2889 et
624 2836 883 2893 immanes
918 2854 1142 2909 corpora
1170 2844 1572 2900 circumstantes
1602 2847 1830 2917 undique
1853 2864 1972 2904 car-

389 2926 573 2981 nifices
616 2927 780 2983 latera
823 2931 1223 3001 perfodiebant,
1264 2952 1455 2993 carnes
1486 2939 1822 3009 lacerabant,
1851 2957 1973 2998 ossa

388 3017 706 3088 detegebant
730 3037 791 3076 ac
819 3023 1158 3081 denudabant
1180 3070 1194 3094 ,
1229 3043 1327 3082 nec
1352 3044 1445 3084 eos
1473 3032 1757 3102 quidquam
1789 3033 1857 3088 ab
1885 3034 1973 3088 illa

387 3108 704 3165 crudelitate
732 3122 892 3185 atque
934 3114 1258 3171 immanitate
1291 3122 1615 3187 revocabat;
1645 3124 1737 3178 sed
1762 3132 1814 3179 et
1851 3140 1972 3179 cum

390 3211 532 3271 terga
565 3206 924 3272 pervasissent
950 3224 1013 3263 ac
1037 3210 1238 3266 viscera
1260 3255 1273 3275 ,
1302 3223 1355 3267 et
1381 3214 1446 3268 ad
1475 3216 1657 3271 intima
1696 3228 1973 3287 penetras-

388 3304 542 3360 sent,
576 3297 906 3353 reeonditutn
940 3301 992 3355 in
1035 3302 1139 3358 illis
1184 3304 1304 3359 fidei
1335 3305 1643 3370 thesaurum.
1684 3311 1974 3380 compilan-

389 3382 515 3437 dum
544 3401 645 3438 non
679 3388 995 3445 invenerunt
1028 3411 1041 3445 :
1074 3395 1198 3463 quin
1232 3397 1369 3450 idem
1410 3400 1583 3467 potius
1611 3399 1716 3455 illis
1742 3403 1970 3468 accidit,

390 3474 530 3541 quod
558 3477 839 3545 aliquibus,
860 3482 946 3550 qui
978 3498 1100 3537 cum
1126 3486 1314 3540 urbem
1344 3490 1805 3557 augustissimam,
1837 3494 1975 3549 divi-

394 3565 481 3618 tiis
514 3568 694 3623 multis
718 3570 968 3626 refertam
994 3616 1007 3639 ,
1038 3583 1088 3630 et
1117 3579 1348 3647 c0piosis
1379 3580 1643 3636 thesauris
1669 3586 1972 3653 opulentam

393 3658 720 3728 obsederint,
754 3673 807 3718 et
828 3668 1030 3722 eversis
1057 3672 1325 3727 moenibus
1344 3673 1459 3743 ejus
1484 3676 1549 3729 ad
1578 3676 1689 3744 ipsa
1727 3682 1976 3747 pecunia-

394 3765 509 3803 rum
534 3756 896 3824 promptuaria
918 3759 1251 3831 devenerint,
1273 3776 1450 3832 portas
1467 3770 1773 3833 everterint,
1797 3780 1976 3829 vectes

390 3842 733 3912 sustulerint,
782 3849 1143 3917 pavimentum
1194 3854 1512 3921 cll‘oderint,
1540 3860 1717 3915 omnia
1758 3865 1974 3919 scrutati

393 3950 500 3989 non
538 3938 808 4007 potuerint
843 3942 960 4012 ejus
993 3944 1197 4001 divitiis
1239 3948 1473 4018 abreptis
1500 3951 1795 4009 discedere.
1827 3956 1973 4012 Talia

392 4039 621 4097 namque
646 4042 770 4086 sunt
793 4033 985 4091 animm
1010 4035 1148 4093 bona
1177 4054 1192 4090 :
1224 4054 1326 4093 non
1367 4044 1607 4111 corporis
1643 4046 1976 4113 passionibus

394 4120 714 4187 produntur,
745 4138 869 4180 cum
908 4141 969 4180 ca
1006 4127 1117 4196 ipsa
1153 4139 1307 4185 caute
1343 4134 1575 4187 custodit
1604 4152 1618 4188 :
1648 4136 1773 4191 licet
1802 4137 1973 4205 ipsum

394 4220 579 4276 pectus
606 4213 862 4281 ell'odias,
903 4224 959 4272 et
985 4229 1197 4287 raptum
1231 4236 1324 4276 cor
1359 4223 1660 4279 minutatim
1689 4227 1973 4296 concidas,

394 4302 702 4373 thesaurum
733 4308 893 4363 semel
922 4322 952 4362 a
983 4310 1088 4365 fide
1125 4311 1226 4365 sibi
1265 4314 1524 4373 creditum
1574 4332 1679 4371 non
1720 4317 1974 4373 dimittet.

393 4393 505 4449 lloc
542 4408 721 4451 autem
759 4398 952 4453 divinae
980 4402 1166 4469 gratia)
1194 4417 1328 4471 Opus
1352 4416 1615 4475 est,‘qu.'e_
1645 4417 1831 4463 cuneta
1862 4408 1976 4464 dis-

394 4496 581 4553 pensat
620 4497 673 4542 ct
699 4490 753 4543 in
778 4489 1001 4546 infirmis
1033 4494 1346 4561 corporibus
1366 4497 1625 4554 mirabilia
1648 4510 1823 4568 potest
1850 4517 1974 4572 per-

394 4581 571 4634 licere.
614 4582 785 4652 Atque
829 4583 929 4637 hoc
968 4584 1183 4655 quidem
1211 4580 1563 4644 admiratione
1608 4591 1818 4661 dignius
1847 4604 1973 4650 est:

395 4685 499 4737 non
527 4672 666 4724 enim
695 4673 874 4739 modo,
906 4690 1025 4728 cum
1058 4675 1192 4729 adeo
1223 4676 1641 4735 insaniisseutac
1660 4683 1974 4751 saeviissent,

394 4763 525 4817 nihil
551 4780 614 4819 ex
646 4766 907 4822 thesauris
946 4770 1232 4824 reconditis
1260 4770 1671 4840 subripuerunt,
1699 4775 1792 4829 sed
1820 4778 1976 4834 etiam

394 4856 725 4921 effecerunt,
755 4867 811 4911 ut
836 4875 930 4913 eos
969 4860 1152 4929 majori
1183 4862 1428 4919 cautione
1453 4864 1819 4932 custodirent;
1851 4869 1976 4936 quin

394 4951 556 5015 etiam
586 4950 704 5005 illos
729 4968 848 5007 cum
884 4953 1231 5023 illustriores,
1266 4968 1372 5010 tum
1404 4958 1767 5026 cpulentiores
1802 4959 1976 5013 reddi-

391 5048 609 5101 derunt.
638 5043 752 5099 Non
778 5046 917 5100 enim
945 5047 1055 5115 jam
1080 5046 1254 5102 anima
1283 5049 1419 5114 sola,
1453 5050 1543 5105 sed
1569 5058 1624 5104 et
1650 5050 1823 5120 ipsum
1854 5066 1974 5115 cor.

392 5140 489 5210 pu’s
515 5136 732 5208 majoris
774 5138 955 5208 gratiae
981 5139 1174 5194 factum
1212 5152 1294 5195 est
1322 5142 1584 5212 particeps
1614 5158 1822 5213 :neque
1859 5153 1978 5199 tan-

392 5245 504 5287 tum
545 5246 702 5303 quam
750 5231 1018 5300 habebat,
1060 5247 1164 5288 non
1192 5235 1399 5299 amisit,
1440 5244 1717 5305 postquam
1765 5237 1978 5292 dissecti

390 5335 516 5380 sunt
540 5334 696 5395 atque
716 5326 913 5379 concisi
950 5336 1191 5395 persaepe
1208 5368 1223 5392 ,
1246 5325 1341 5380 sed
1362 5335 1415 5379 et
1443 5327 1710 5395 copiosius
1739 5327 1838 5382 sibi
1869 5343 1980 5381 ma-

390 5418 582 5490 jusque
624 5417 920 5474 subsidium
948 5420 1293 5488 comparavit.
1335 5418 1471 5486 Quid
1513 5420 1612 5472 hac
1640 5419 1858 5476 victoria
1883 5420 1981 5478 mi-

394 5515 613 5569 rabilius
663 5513 776 5567 fieri
816 5513 1017 5583 possit,
1047 5528 1167 5568 cum
1212 5528 1305 5568 eos
1330 5554 1344 5578 ,
1388 5527 1522 5581 quos
1552 5512 1895 5576 detinebant,
1925 5522 1979 5567 et

393 5606 652 5660 obnoxios
690 5605 986 5671 habebant,
1018 5620 1079 5661 ac
1106 5606 1311 5659 vinctos
1348 5604 1628 5673 imperiose
1664 5603 1975 5668 caedebant,

394 5714 648 5767 superare
677 5713 782 5752 non
807 5699 1072 5766 potuerint
1095 5740 1110 5766 ,
1141 5697 1234 5752 sed
1256 5697 1323 5751 ab
1354 5697 1469 5752 istis
1494 5696 1688 5769 misere
1713 5712 1775 5751 ac
1798 5695 1977 5750 infeli-

395 5790 528 5844 citer
555 5789 1069 5845 vincerenturiNon
1100 5789 1242 5843 enim
1283 5789 1479 5846 bellum
1519 5804 1638 5844 cum
1674 5788 1838 5859 ipsis,
1885 5788 1978 5841 Sed

397 5898 516 5937 cum
551 5880 843 5936 habitatore
870 5881 1105 5953 ipsorum
1144 5880 1251 5943 Deo
1304 5883 1557 5955 gerebant
1602 5898 1612 5933 :
1654 5896 1771 5938 eum
1821 5895 1977 5958 porto

1164 428 1220 484 S.
1263 424 1538 483 JOANNIS
1578 420 2053 480 CllltYSUSTOMl
2092 423 2404 484 ARCIIIEP.
2447 426 2975 486 CONSTANTINOP.

3562 428 3676 488 696

2089 542 2313 612 quicum
2344 544 2453 600 Deo
2478 545 2671 601 bellum
2697 549 2850 618 gerit.
2877 546 3236 602 necessarium
3254 563 3372 605 esse
3393 549 3551 620 plane
3574 568 3674 607 su-

2084 633 2279 704 periori
2310 638 2545 705 potentia
2569 638 2726 704 vinci,
2750 654 2814 694 ac
2833 638 2998 695 solius
3035 650 3255 697 conatus
3307 641 3451 698 luere
3479 658 3673 713 prunas

2084 725 2292 796 ignorat
2330 744 2508 784 nemo.

2153 819 2207 879 ἳ.
2235 820 2359 875 Cum
2392 822 2496 877 Deo
2522 823 2706 878 bellum
2733 825 2858 896 gerit
2876 824 2963 894 qui
2986 823 3241 897 Martyres
3269 836 3483 898 torquet.
3512 826 3670 885 Chri-

2083 910 2235 965 stiani
2259 912 2328 965 ad
2353 914 2558 968 metalla
2585 915 2833 968 damnati.
2854 946 2925 956 —
2953 916 3267 986 Hujusmodi
3299 929 3422 972 sunt
3447 929 3670 973 sancto-

2083 1019 2199 1058 rum
2233 1006 2487 1060 victoriae.
2518 1007 2671 1075 Quod
2710 1009 2755 1063 si
2781 1010 3070 1063 certamina
3100 1019 3154 1064 et
3182 1010 3337 1065 lucta:
3365 1020 3492 1065 sunt
3529 1012 3675 1067 adeo

2084 1096 2353 1152 mirabiles
2382 1112 2446 1152 ac
2473 1100 2784 1168 stupendae,
2814 1100 2938 1169 quid
2972 1099 3039 1154 de
3077 1101 3311 1169 pmmiis
3344 1102 3671 1169 coronisque

2083 1186 2320 1242 dicemus
2340 1229 2354 1253 ,
2396 1204 2513 1259 quae
2544 1190 2778 1258 ipsorum
2812 1191 3106 1246 tolerantiae
3132 1192 3511 1247 reservantur?
3548 1191 3673 1246 Non

2082 1279 2223 1333 enim
2275 1280 2411 1334 intra
2463 1280 2561 1335 ista
2592 1290 2850 1336 tormenta
2893 1282 3281 1348 constiterunt,
3312 1297 3411 1338 nec
3446 1297 3672 1337 cursum

2082 1370 2170 1424 hic
2207 1384 2359 1424 suum
2392 1370 2818 1441 interruperunt;
2854 1372 2948 1427 sed
2988 1372 3209 1428 ulterius
3252 1373 3464 1428 illorum
3490 1388 3671 1428 scmu-

2081 1471 2221 1515 mata
2262 1461 2716 1532 protendebantur
2758 1480 2772 1516 :
2813 1463 2955 1533 quod
2991 1463 3263 1534 improbus
3291 1463 3509 1533 quidem
3553 1463 3669 1518 daa-

2083 1567 2206 1606 mon
2233 1553 2541 1609 accessione
2568 1568 2843 1623 poenarum
2869 1554 3096 1610 athletas
3120 1569 3180 1609 se
3202 1556 3671 1625 supplantaturum

2081 1656 2358 1715 speraret,
2396 1646 2534 1702 Deus
2558 1654 2737 1701 autem
2762 1647 3022 1715 benignus
3050 1647 3415 1716 permitteret,
3446 1662 3549 1702 nec
3579 1647 3671 1701 im-

2081 1739 2286 1810 pediret
2308 1782 2323 1803 ,
2353 1747 2409 1793 ut
2434 1747 2487 1792 et
2511 1738 2804 1793 inﬁdelium
2827 1738 3030 1791 insania
3060 1737 3390 1791 manifestior
3416 1738 3671 1792 omnibus

2080 1838 2397 1900 appareret,
2442 1840 2498 1884 et
2535 1827 2925 1898 splendidiores
2973 1828 3088 1883 istis
3132 1842 3345 1883 corona:
3388 1828 3673 1897 multoque

2082 1921 2257 1990 plures
2288 1928 2645 1975 necterentur.
2674 1920 2740 1974 Et
2766 1919 3215 1989 quemadmodum
3239 1920 3289 1972 in
3314 1918 3449 1974 Jobe
3474 1921 3623 1973 venit
3654 1936 3668 1973 :

2081 2011 2168 2067 hic
2195 2013 2407 2082 quidem
2435 2012 2614 2082 plures
2634 2010 2896 2066 adversus
2921 2026 3043 2066 eum
3073 2024 3261 2081 pmnas
3289 2025 3319 2063 a
3348 2009 3460 2064 Deo
3488 2018 3671 2078 postu-

2080 2103 2253 2168 labat,
2279 2118 2340 2158 ac
2370 2118 2427 2157 se
2462 2104 2720 2157 malorum
2750 2102 3170 2157 accumulatione
3195 2116 3515 2171 generosum
3546 2100 3668 2171 pie-

2080 2196 2204 2250 tatis
2230 2196 2484 2250 athletam
2511 2204 2883 2265 superaturum
2922 2194 3170 2264 sperabat
3203 2211 3216 2248 :
3245 2194 3334 2247 ille
3360 2208 3489 2247 vero
3524 2193 3670 2247 sine~

2080 2287 2190 2353 bat,
2219 2302 2282 2343 ac
2307 2289 2482 2357 pravis
2502 2287 2844 2357 petitionibus
2870 2286 3017 2356 pravi
3037 2286 3295 2341 daemonis
3317 2286 3664 2357 indulgebat,

2078 2390 2133 2434 et
2154 2378 2409 2431 athletam
2440 2391 2592 2431 suum
2620 2377 2963 2432 illustriorem
2991 2375 3247 2431 reddebat
3277 2376 3387 2430 :ita
3414 2376 3669 2431 nimirum

2079 2470 2166 2525 hic
2194 2469 2401 2524 accidit.
2435 2469 2723 2540 Postquam
2761 2470 2903 2524 enim
2950 2470 3192 2539 ipsorum
3236 2484 3432 2539 corpus
3480 2472 3669 2539 quavis

2079 2560 2190 2616 fera
2221 2560 2485 2616 crudelius
2517 2560 2659 2615 omni
2690 2575 2754 2614 ex
2791 2569 2941 2630 parte
2969 2559 3221 2630 depastus
3247 2568 3329 2614 est
3356 2568 3411 2614 et
3444 2559 3665 2613 exedit.

2080 2654 2419 2724 linguamque
2445 2662 2500 2709 et
2527 2669 2587 2708 os
2609 2654 2929 2719 cruentavit,
2961 2653 3167 2707 tametsi
3201 2667 3304 2706 non
3326 2667 3522 2707 cruore
3539 2666 3664 2707 sar.-

2078 2756 2317 2813 ctorum,
2349 2746 2441 2801 sed
2465 2746 2770 2801 inhumanis
2794 2755 2848 2801 et
2875 2744 3181 2800 crudelibus
3208 2744 3313 2799 illis
3341 2744 3628 2797 sententiis
3647 2780 3663 2810 ς

2078 2838 2146 2893 ab
2171 2837 2386 2893 illorum
2421 2837 2671 2907 patientia
2707 2838 2879 2892 victus
2907 2845 2961 2891 et
2991 2836 3279 2890 inhumano
3304 2834 3396 2889 illo
3414 2832 3673 2889 convivio

2077 2928 2276 2984 all'atim
2322 2930 2567 2999 expletus
2614 2939 2667 2984 et
2718 2937 3056 2984 exsaturatus
3101 2927 3377 2982 abscessu.
3422 2930 3503 2981 Ac
3544 2924 3668 2979 vide

2078 3030 2276 3091 quanta
2302 3021 2456 3076 fuerit
2483 3022 2736 3091 patientia
2767 3031 3072 3075 sanctorum
3091 3062 3105 3085 ,
3138 3035 3255 3090 quae
3285 3027 3494 3073 tantum
3519 3017 3667 3071 furo-

2078 3128 2190 3167 rem
2220 3113 2330 3167 suis
2360 3113 2682 3167 cruciatibus
2702 3111 3060 3168 exsatiaverit.
3090 3111 3285 3166 Invasit
3310 3124 3518 3176 rursus,
3541 3124 3667 3163 cum

2078 3202 2257 3260 furore
2282 3214 2553 3259 certamen
2587 3206 2911 3269 instaurans,
2940 3218 3003 3259 ac
3030 3203 3167 3258 fcras
3191 3217 3376 3257 omnes
3405 3203 3508 3255 atia
3538 3216 3665 3255 cru.

2078 3297 2296 3353 delitate
2325 3312 2578 3367 superare
2606 3295 2936 3351 contendens
2965 3314 2977 3349 :
3009 3294 3272 3364 siquidem
3308 3294 3413 3348 illae
3460 3304 3667 3350 natura:

2080 3388 2398 3442 necessitate
2428 3387 2669 3457 impulsa:
2705 3387 2771 3441 ad
2807 3386 2909 3442 hoc
2947 3386 3247 3441 convivium
3286 3384 3533 3443 feruntur
3556 3427 3574 3449 ,
3614 3397 3668 3441 et

2078 3479 2284 3533 satiate
2314 3478 2588 3543 recedunt,
2619 3486 2673 3533 et
2702 3477 2747 3531 si
2776 3477 2859 3531 vel
2879 3483 3131 3532 sexcenta
3158 3476 3387 3532 viderint
3412 3492 3664 3547 corpora,

2079 3571 2280 3625 nullum
2305 3586 2367 3624 ex
2396 3569 2499 3624 illis
2525 3570 2790 3639 attingunt
2823 3588 2839 3625 :
2865 3568 2951 3625 hic
2973 3584 3100 3624 vero
3120 3584 3188 3624 ex
3214 3569 3376 3622 animi
3399 3570 3671 3639 pravitate

2078 3663 2144 3719 ad
2172 3679 2347 3719 escam
2379 3664 2532 3719 istam
2563 3662 2857 3733 pergebat,
2892 3670 3155 3718 eteorum
3195 3661 3445 3716 carnibus
3482 3662 3669 3730 exple:

2082 3764 2166 3811 tus
2184 3798 2200 3823 ,
2241 3755 2462 3808 alteram
2489 3754 2747 3808 adversus
2768 3754 2886 3808 illos
2911 3752 3209 3807 machinam
3238 3751 3563 3818 fabricatur,
3602 3767 3667 3810 ac

2079 3859 2291 3902 sanetos
2317 3846 2638 3916 longissimae
2664 3845 3131 3914 acerbissimaeque
3159 3844 3315 3897 morti
3343 3842 3539 3897 addicit
3567 3860 3583 3896 :
3613 3845 3665 3897 iu

2078 3939 2307 3995 metallis
2347 3941 2488 3993 enim
2531 3939 2649 3992 illos
2697 3953 2831 4007 opus
2881 3935 3056 3991 facere
3104 3944 3360 4005 perpetuo
3396 3936 3579 4004 jussit.
3622 3933 3669 3989 ο

2078 4030 2364 4085 amentiam
2406 4030 2763 4099 singularem!
2806 4042 2927 4082 cum
2970 4028 3039 4081 ita
3084 4025 3419 4080 manifestqu
3456 4027 3671 4095 experi-

2080 4132 2323 4178 mentum
2351 4122 2582 4192 cepisset
2611 4120 2939 4178 fortitudinis
2975 4119 3213 4190 ipsorum
3239 4132 3302 4172 ac
3333 4118 3629 4171 tolerantia:
3650 4158 3667 4182 ,

2082 4217 2182 4272 hac
2221 4217 2424 4271 ratione
2474 4230 2533 4270 se
2580 4222 2950 4284 superaturum
2990 4210 3312 4267 confidebat.
3355 4210 3490 4265 Cum
3538 4208 3670 4265 feris

2081 4308 2238 4379 igitur
2268 4305 2576 4361 habitabant
2604 4304 2813 4372 sancti,
2862 4303 3270 4359 contubernales
3309 4301 3623 4372 angelorum
3648 4341 3666 4369 ,

2080 4416 2143 4456 ac
2190 4400 2441 4455 calorum
2484 4397 2659 4462 cives,
2701 4406 2755 4451 et
2796 4409 3041 4464 supernae
3080 4392 3373 4448 Jerusalem
3413 4391 3671 4460 deinceps

2082 4492 2332 4560 adscripti
2364 4508 2379 4547 :
2407 4500 2517 4545 tum
2544 4504 2673 4543 vero
2702 4488 2937 4543 sanctius
2972 4494 3086 4540 erat
3110 4492 3293 4555 postea
3321 4483 3510 4554 quavis
3535 4484 3670 4537 urbe

2083 4584 2377 4639 desertum.
2403 4583 2577 4649 Atque
2597 4579 2652 4634 in
2676 4578 2895 4634 urbibus
2925 4576 3137 4647 quidem
3158 4575 3273 4629 hrec
3305 4575 3487 4644 iniqua
3514 4582 3568 4628 et
3594 4582 3673 4645 ty-

2083 4678 2299 4732 rannica
2342 4674 2530 4729 diebus
2554 4671 2784 4743 singulis
2810 4669 3060 4725 mandata
3088 4667 3511 4723 conficiebantur
3529 4708 3543 4730 ,
3572 4666 3673 4720 de-

2084 4778 2282 4825 sertum
2328 4774 2506 4821 autem
2540 4764 2814 4819 inhumani
2843 4763 3123 4818 ministerii
3154 4761 3294 4817 illius
3330 4760 3677 4815 immunitate

2082 4860 2385 4931 gaudebat;
2414 4856 2700 4914 tribunalia
2728 4855 2941 4926 quidem
2983 4853 3142 4923 plena
3173 4850 3391 4906 nefariis
3415 4850 3675 4906 facinori-

2081 4956 2181 5010 bus
2210 4951 2603 5017 redundabant,
2627 4949 2945 5019 injustisque
2974 4944 3238 5001 mandatis
3260 4960 3277 4997 :
3299 4943 3512 4998 deserta
3543 4956 3676 4997 vero

2084 5045 2386 5101 mortalium
2413 5051 2724 5097 cunctorum
2742 5038 3069 5109 iustissimos
3094 5036 3240 5090 cives
3264 5033 3553 5096 habebant,
3582 5033 3676 5102 qui

2084 5153 2151 5195 ex
2179 5137 2483 5192 hominibus
2512 5134 2684 5205 angeli
2714 5132 2837 5186 facti
2865 5140 3019 5186 erant
3052 5147 3065 5183 :
3093 5144 3214 5183 cum
3238 5129 3370 5183 ca-lo
3396 5127 3678 5181 desertum

2083 5231 2339 5293 certabat,
2370 5229 2556 5283 saltem
2584 5228 2651 5282 ob
2671 5227 2917 5280 virtutem
2945 5224 3160 5289 civium,
3186 5237 3216 5276 a
3247 5220 3439 5291 quibus
3461 5219 3679 5275 habita-

2086 5324 2258 5378 batur.
2292 5324 2368 5376 Ac
2397 5331 2583 5376 natura
2612 5318 2823 5389 quidem
2860 5331 2955 5370 sua
2984 5314 3297 5386 gravissima
3331 5320 3447 5367 erat
3480 5327 3676 5382 penna,

2085 5416 2177 5471 sed
2206 5416 2271 5470 ab
2292 5431 2475 5470 eorum
2504 5414 2779 5473 alacritate
2808 5412 2993 5475 animi,
3021 5411 3112 5481 qui
3140 5408 3515 5472 decertabant,
3542 5423 3677 5477 pro-

2084 5508 2232 5563 clivis
2266 5522 2327 5561 ac
2353 5506 2483 5560 levis
2514 5514 2567 5560 et
2595 5504 2764 5558 facilis
2795 5501 3116 5558 reddebatur
3142 5517 3156 5554 :
3183 5500 3587 5572 multiplicatam
3618 5512 3684 5551 se

2085 5601 2257 5656 lucem
2294 5598 2483 5652 intueri
2512 5606 2636 5654 tunc
2662 5593 3088 5655 arbitrabantur,
3119 5601 3173 5645 et
3197 5590 3340 5660 quod
3364 5589 3565 5644 dictum
3593 5598 3683 5643 est

2085 5693 2223 5763 apud
2250 5692 2555 5761 prOphetam
2576 5730 2590 5753 ,
2623 5687 2769 5742 Luna
2795 5686 2886 5741 erit
2914 5697 2964 5738 ut
2987 5683 3095 5749 sol,
3121 5682 3199 5737 sol
3214 5692 3382 5736 autent
3412 5681 3683 5749 septupla

2092 5786 2242 5859 (lsai.
2275 5785 2363 5840 50.
2423 5783 2552 5849 26),
2605 5781 2741 5836 hanc
2764 5779 2865 5837 sibi
2891 5776 3145 5846 obtigisse
3195 5775 3364 5829 lucem
3391 5773 3678 5850 putabant.

2090 5877 2205 5935 Non
2232 5877 2372 5932 enim
2400 5884 2500 5945 cst,
2533 5889 2638 5930 non
2666 5880 2766 5941 cst,
2792 5870 3004 5940 inquam
3027 5908 3041 5935 ,
3071 5865 3244 5921 anima
3274 5864 3563 5937 quidquam
3583 5860 3679 5917 hir
