  <div class='ocr_page' id='page_1' title='image "/cluster/home/n/w/nwhite01/storage/ocr_20150623/50/mdp.39015066055818/292.png"; bbox 0 0 3858 6280; ppageno 0'>
   <div class='ocr_carea' id='block_1_1' title="bbox 158 330 274 390">
    <p class='ocr_par' dir='ltr' id='par_1_1' title="bbox 158 330 274 390">
     <span class='ocr_line' id='line_1_1' title="bbox 158 330 274 390; baseline -0.017 0"><span class='ocrx_word' id='word_1_1' title='bbox 158 330 274 390; x_wconf 74' lang='grc'>695</span> 
     </span>
    </p>
   </div>
   <div class='ocr_carea' id='block_1_2' title="bbox 155 446 1736 530">
    <p class='ocr_par' dir='ltr' id='par_1_2' title="bbox 155 446 1736 530">
     <span class='ocr_line' id='line_1_2' title="bbox 155 446 1736 530; baseline 0.006 -27"><span class='ocrx_word' id='word_1_2' title='bbox 155 446 592 521; x_wconf 72' lang='grc' dir='ltr'>προϐαλλόμενοι</span> <span class='ocrx_word' id='word_1_3' title='bbox 618 446 952 520; x_wconf 79' lang='grc' dir='ltr'>τὰσώματα,</span> <span class='ocrx_word' id='word_1_4' title='bbox 978 451 1182 522; x_wconf 78' lang='grc' dir='ltr'>ταχέως</span> <span class='ocrx_word' id='word_1_5' title='bbox 1210 453 1368 508; x_wconf 83' lang='grc' dir='ltr'>αὐτὸν</span> <span class='ocrx_word' id='word_1_6' title='bbox 1393 456 1552 511; x_wconf 84' lang='grc' dir='ltr'>ἵλεων</span> <span class='ocrx_word' id='word_1_7' title='bbox 1583 460 1736 530; x_wconf 84' lang='grc' dir='ltr'>ποιῆ-</span> 
     </span>
    </p>
   </div>
   <div class='ocr_carea' id='block_1_3' title="bbox 158 530 1738 610">
    <p class='ocr_par' dir='ltr' id='par_1_3' title="bbox 158 530 1738 610">
     <span class='ocr_line' id='line_1_3' title="bbox 158 530 1738 610; baseline 0.006 -25"><span class='ocrx_word' id='word_1_8' title='bbox 158 549 254 586; x_wconf 89' lang='grc' dir='ltr'>σαι</span> <span class='ocrx_word' id='word_1_9' title='bbox 287 533 353 601; x_wconf 82' lang='grc' dir='ltr'>τῇ</span> <span class='ocrx_word' id='word_1_10' title='bbox 405 530 576 584; x_wconf 90' lang='grc' dir='ltr'>πόλει.</span> <span class='ocrx_word' id='word_1_11' title='bbox 610 531 673 584; x_wconf 73' lang='lat' dir='ltr'>EE</span> <span class='ocrx_word' id='word_1_12' title='bbox 709 531 818 604; x_wconf 90' lang='grc' dir='ltr'>γάρ</span> <span class='ocrx_word' id='word_1_13' title='bbox 847 535 896 587; x_wconf 89' lang='grc' dir='ltr'>οί</span> <span class='ocrx_word' id='word_1_14' title='bbox 944 533 1011 587; x_wconf 92' lang='grc' dir='ltr'>τά</span> <span class='ocrx_word' id='word_1_15' title='bbox 1055 537 1268 606; x_wconf 89' lang='grc' dir='ltr'>μεγάλα</span> <span class='ocrx_word' id='word_1_16' title='bbox 1314 540 1738 610; x_wconf 83' lang='grc' dir='ltr'>κατωρθωκότες</span> 
     </span>
    </p>
   </div>
   <div class='ocr_carea' id='block_1_4' title="bbox 155 613 1738 694">
    <p class='ocr_par' dir='ltr' id='par_1_4' title="bbox 155 613 1738 694">
     <span class='ocr_line' id='line_1_4' title="bbox 155 613 1738 694; baseline 0.006 -26"><span class='ocrx_word' id='word_1_17' title='bbox 155 616 256 668; x_wconf 58' lang='grc' dir='ltr'>ἐπὶ¹</span> <span class='ocrx_word' id='word_1_18' title='bbox 296 613 446 686; x_wconf 84' lang='grc'>[700]</span> <span class='ocrx_word' id='word_1_19' title='bbox 483 614 594 668; x_wconf 90' lang='grc' dir='ltr'>τῶν</span> <span class='ocrx_word' id='word_1_20' title='bbox 646 615 927 686; x_wconf 85' lang='grc' dir='ltr'>προγόνων</span> <span class='ocrx_word' id='word_1_21' title='bbox 983 619 1090 671; x_wconf 89' lang='grc' dir='ltr'>τῶν</span> <span class='ocrx_word' id='word_1_22' title='bbox 1138 619 1454 692; x_wconf 80' lang='grc' dir='ltr'>ἡμετέρων,</span> <span class='ocrx_word' id='word_1_23' title='bbox 1499 623 1738 694; x_wconf 84' lang='grc' dir='ltr'>ὀνόματα</span> 
     </span>
    </p>
   </div>
   <div class='ocr_carea' id='block_1_5' title="bbox 158 697 1737 777">
    <p class='ocr_par' dir='ltr' id='par_1_5' title="bbox 158 697 1737 777">
     <span class='ocr_line' id='line_1_5' title="bbox 158 697 1737 777; baseline 0.004 -25"><span class='ocrx_word' id='word_1_24' title='bbox 158 697 593 777; x_wconf 86' lang='grc' dir='ltr'>προϐαλλόμενοι</span> <span class='ocrx_word' id='word_1_25' title='bbox 625 698 796 767; x_wconf 79' lang='grc' dir='ltr'>ἁγίων</span> <span class='ocrx_word' id='word_1_26' title='bbox 827 699 1056 773; x_wconf 87' lang='grc' dir='ltr'>ἀνδρῶν,</span> <span class='ocrx_word' id='word_1_27' title='bbox 1091 703 1184 756; x_wconf 69' lang='grc' dir='ltr'>καῖ⁹</span> <span class='ocrx_word' id='word_1_28' title='bbox 1211 703 1302 756; x_wconf 77' lang='grc' dir='ltr'>ἐπὶ</span> <span class='ocrx_word' id='word_1_29' title='bbox 1326 704 1428 776; x_wconf 80' lang='grc' dir='ltr'>τὴν</span> <span class='ocrx_word' id='word_1_30' title='bbox 1459 722 1737 777; x_wconf 87' lang='grc' dir='ltr'>προσηγο-</span> 
     </span>
    </p>
   </div>
   <div class='ocr_carea' id='block_1_6' title="bbox 162 774 1739 858">
    <p class='ocr_par' dir='ltr' id='par_1_6' title="bbox 162 774 1739 858">
     <span class='ocr_line' id='line_1_6' title="bbox 162 774 1739 858; baseline 0.006 -26"><span class='ocrx_word' id='word_1_31' title='bbox 162 781 290 852; x_wconf 87' lang='grc' dir='ltr'>ρίαν</span> <span class='ocrx_word' id='word_1_32' title='bbox 325 774 573 852; x_wconf 77' lang='grc' dir='ltr'>Ἀϐραὰμ</span> <span class='ocrx_word' id='word_1_33' title='bbox 622 780 718 834; x_wconf 78' lang='grc' dir='ltr'>καὶ</span> <span class='ocrx_word' id='word_1_34' title='bbox 756 781 940 836; x_wconf 86' lang='grc' dir='ltr'>Ἰσαὰκ</span> <span class='ocrx_word' id='word_1_35' title='bbox 985 785 1078 838; x_wconf 79' lang='grc' dir='ltr'>καὶ</span> <span class='ocrx_word' id='word_1_36' title='bbox 1141 785 1334 840; x_wconf 85' lang='grc' dir='ltr'>Ἰακὼϐ</span> <span class='ocrx_word' id='word_1_37' title='bbox 1367 774 1739 858; x_wconf 81' lang='grc' dir='ltr'>καταφεύγον-</span> 
     </span>
    </p>
   </div>
   <div class='ocr_carea' id='block_1_7' title="bbox 158 863 1738 942">
    <p class='ocr_par' dir='ltr' id='par_1_7' title="bbox 158 863 1738 942">
     <span class='ocr_line' id='line_1_7' title="bbox 158 863 1738 942; baseline 0.006 -27"><span class='ocrx_word' id='word_1_38' title='bbox 158 881 253 926; x_wconf 86' lang='grc' dir='ltr'>τες</span> <span class='ocrx_word' id='word_1_39' title='bbox 274 903 290 928; x_wconf 94' lang='grc'>,</span> <span class='ocrx_word' id='word_1_40' title='bbox 321 863 510 933; x_wconf 78' lang='grc' dir='ltr'>ἔτυχόν</span> <span class='ocrx_word' id='word_1_41' title='bbox 539 880 683 927; x_wconf 90' lang='grc' dir='ltr'>τινος</span> <span class='ocrx_word' id='word_1_42' title='bbox 711 866 1084 936; x_wconf 82' lang='grc' dir='ltr'>παραμυθίας,</span> <span class='ocrx_word' id='word_1_43' title='bbox 1121 869 1214 922; x_wconf 79' lang='grc' dir='ltr'>καὶ</span> <span class='ocrx_word' id='word_1_44' title='bbox 1235 869 1477 940; x_wconf 83' lang='grc' dir='ltr'>μεγάλην</span> <span class='ocrx_word' id='word_1_45' title='bbox 1505 871 1612 924; x_wconf 82' lang='grc' dir='ltr'>ἀπὸ</span> <span class='ocrx_word' id='word_1_46' title='bbox 1637 873 1738 942; x_wconf 90' lang='grc' dir='ltr'>τῆς</span> 
     </span>
    </p>
   </div>
   <div class='ocr_carea' id='block_1_8' title="bbox 161 945 1737 1026">
    <p class='ocr_par' dir='ltr' id='par_1_8' title="bbox 161 945 1737 1026">
     <span class='ocr_line' id='line_1_8' title="bbox 161 945 1737 1026; baseline 0.006 -26"><span class='ocrx_word' id='word_1_47' title='bbox 161 947 389 1018; x_wconf 84' lang='grc' dir='ltr'>μνήμης</span> <span class='ocrx_word' id='word_1_48' title='bbox 415 945 528 999; x_wconf 88' lang='grc' dir='ltr'>τῶν</span> <span class='ocrx_word' id='word_1_49' title='bbox 554 947 833 1016; x_wconf 81' lang='grc' dir='ltr'>ὀνομάτων</span> <span class='ocrx_word' id='word_1_50' title='bbox 855 947 1062 1002; x_wconf 89' lang='grc' dir='ltr'>τούτων</span> <span class='ocrx_word' id='word_1_51' title='bbox 1102 952 1440 1022; x_wconf 79' lang='grc' dir='ltr'>ἐκαρποῦντο</span> <span class='ocrx_word' id='word_1_52' title='bbox 1467 953 1566 1026; x_wconf 82' lang='grc' dir='ltr'>τὴν</span> <span class='ocrx_word' id='word_1_53' title='bbox 1593 955 1737 1024; x_wconf 87' lang='grc' dir='ltr'>ὠφέ-</span> 
     </span>
    </p>
   </div>
   <div class='ocr_carea' id='block_1_9' title="bbox 157 1027 1736 1108">
    <p class='ocr_par' dir='ltr' id='par_1_9' title="bbox 157 1027 1736 1108">
     <span class='ocr_line' id='line_1_9' title="bbox 157 1027 1736 1108; baseline 0.007 -28"><span class='ocrx_word' id='word_1_54' title='bbox 157 1028 214 1081; x_wconf 91' lang='grc' dir='ltr'>λε</span> <span class='ocrx_word' id='word_1_55' title='bbox 225 1045 332 1092; x_wconf 89' lang='grc' dir='ltr'>ιαν,</span> <span class='ocrx_word' id='word_1_56' title='bbox 363 1027 543 1099; x_wconf 89' lang='grc' dir='ltr'>πολλῷ</span> <span class='ocrx_word' id='word_1_57' title='bbox 576 1029 776 1100; x_wconf 77' lang='grc' dir='ltr'>μᾶλλον</span> <span class='ocrx_word' id='word_1_58' title='bbox 797 1033 959 1102; x_wconf 80' lang='grc' dir='ltr'>ήμεῖς</span> <span class='ocrx_word' id='word_1_59' title='bbox 978 1071 993 1096; x_wconf 92' lang='grc'>,</span> <span class='ocrx_word' id='word_1_60' title='bbox 1027 1033 1154 1086; x_wconf 80' lang='grc' dir='ltr'>ὅταν</span> <span class='ocrx_word' id='word_1_61' title='bbox 1196 1035 1269 1104; x_wconf 86' lang='grc' dir='ltr'>μὴ</span> <span class='ocrx_word' id='word_1_62' title='bbox 1298 1035 1539 1106; x_wconf 83' lang='grc' dir='ltr'>ὀνόματα</span> <span class='ocrx_word' id='word_1_63' title='bbox 1575 1037 1736 1108; x_wconf 90' lang='grc' dir='ltr'>μόνον</span> 
     </span>
    </p>
   </div>
   <div class='ocr_carea' id='block_1_10' title="bbox 159 1109 1737 1190">
    <p class='ocr_par' dir='ltr' id='par_1_10' title="bbox 159 1109 1737 1190">
     <span class='ocr_line' id='line_1_10' title="bbox 159 1109 1737 1190; baseline 0.007 -29"><span class='ocrx_word' id='word_1_64' title='bbox 159 1109 627 1180; x_wconf 89' lang='grc' dir='ltr'>προϐαλλόμενοι,</span> <span class='ocrx_word' id='word_1_65' title='bbox 661 1111 796 1165; x_wconf 88' lang='grc' dir='ltr'>ἀλλά</span> <span class='ocrx_word' id='word_1_66' title='bbox 847 1114 942 1167; x_wconf 75' lang='grc' dir='ltr'>καὶ</span> <span class='ocrx_word' id='word_1_67' title='bbox 999 1114 1139 1168; x_wconf 85' lang='grc' dir='ltr'>αὐτὰ</span> <span class='ocrx_word' id='word_1_68' title='bbox 1169 1117 1238 1169; x_wconf 91' lang='grc' dir='ltr'>τά</span> <span class='ocrx_word' id='word_1_69' title='bbox 1274 1118 1584 1190; x_wconf 82' lang='grc' dir='ltr'>ἀθλήσαντα</span> <span class='ocrx_word' id='word_1_70' title='bbox 1631 1119 1737 1172; x_wconf 88' lang='grc' dir='ltr'>σώ-</span> 
     </span>
    </p>
   </div>
   <div class='ocr_carea' id='block_1_11' title="bbox 161 1194 1735 1275">
    <p class='ocr_par' dir='ltr' id='par_1_11' title="bbox 161 1194 1735 1275">
     <span class='ocr_line' id='line_1_11' title="bbox 161 1194 1735 1275; baseline 0.008 -31"><span class='ocrx_word' id='word_1_71' title='bbox 161 1211 330 1263; x_wconf 88' lang='grc' dir='ltr'>ματα,</span> <span class='ocrx_word' id='word_1_72' title='bbox 367 1194 710 1264; x_wconf 82' lang='grc' dir='ltr'>δυνησόμεθα</span> <span class='ocrx_word' id='word_1_73' title='bbox 736 1196 827 1250; x_wconf 81' lang='grc' dir='ltr'>τὸν</span> <span class='ocrx_word' id='word_1_74' title='bbox 857 1197 990 1252; x_wconf 78' lang='grc' dir='ltr'>Θεὸν</span> <span class='ocrx_word' id='word_1_75' title='bbox 1014 1199 1170 1255; x_wconf 82' lang='grc' dir='ltr'>ἵλεων</span> <span class='ocrx_word' id='word_1_76' title='bbox 1221 1201 1364 1272; x_wconf 79' lang='grc' dir='ltr'>ἔχειν</span> <span class='ocrx_word' id='word_1_77' title='bbox 1389 1205 1482 1256; x_wconf 79' lang='grc' dir='ltr'>καὶ</span> <span class='ocrx_word' id='word_1_78' title='bbox 1527 1205 1735 1275; x_wconf 81' lang='grc' dir='ltr'>ἥμερον</span> 
     </span>
    </p>
   </div>
   <div class='ocr_carea' id='block_1_12' title="bbox 158 1278 1735 1359">
    <p class='ocr_par' dir='ltr' id='par_1_12' title="bbox 158 1278 1735 1359">
     <span class='ocr_line' id='line_1_12' title="bbox 158 1278 1735 1359; baseline 0.008 -30"><span class='ocrx_word' id='word_1_79' title='bbox 158 1279 254 1330; x_wconf 76' lang='grc' dir='ltr'>καὶ</span> <span class='ocrx_word' id='word_1_80' title='bbox 280 1278 548 1348; x_wconf 76' lang='grc' dir='ltr'>προσηνῆ.</span> <span class='ocrx_word' id='word_1_81' title='bbox 578 1279 687 1332; x_wconf 79' lang='grc' dir='ltr'>Καὶ</span> <span class='ocrx_word' id='word_1_82' title='bbox 717 1281 798 1333; x_wconf 86' lang='grc' dir='ltr'>ὅτι</span> <span class='ocrx_word' id='word_1_83' title='bbox 823 1280 885 1333; x_wconf 89' lang='grc' dir='ltr'>οὐ</span> <span class='ocrx_word' id='word_1_84' title='bbox 919 1283 1129 1352; x_wconf 86' lang='grc' dir='ltr'>κόμπος</span> <span class='ocrx_word' id='word_1_85' title='bbox 1157 1285 1225 1338; x_wconf 83' lang='grc' dir='ltr'>τὰ</span> <span class='ocrx_word' id='word_1_86' title='bbox 1247 1286 1377 1359; x_wconf 89' lang='grc' dir='ltr'>παρ’</span> <span class='ocrx_word' id='word_1_87' title='bbox 1404 1286 1560 1358; x_wconf 89' lang='grc' dir='ltr'>ήμῶν</span> <span class='ocrx_word' id='word_1_88' title='bbox 1582 1288 1735 1356; x_wconf 89' lang='grc' dir='ltr'>λεγό-</span> 
     </span>
    </p>
   </div>
   <div class='ocr_carea' id='block_1_13' title="bbox 161 1362 1733 1438">
    <p class='ocr_par' dir='ltr' id='par_1_13' title="bbox 161 1362 1733 1438">
     <span class='ocr_line' id='line_1_13' title="bbox 161 1362 1733 1438; baseline 0.009 -26"><span class='ocrx_word' id='word_1_89' title='bbox 161 1377 323 1431; x_wconf 89' lang='grc' dir='ltr'>μενα,</span> <span class='ocrx_word' id='word_1_90' title='bbox 354 1362 498 1414; x_wconf 76' lang='grc' dir='ltr'>ἴσασι</span> <span class='ocrx_word' id='word_1_91' title='bbox 521 1362 706 1415; x_wconf 74' lang='grc' dir='ltr'>πολλοὶ</span> <span class='ocrx_word' id='word_1_92' title='bbox 737 1364 830 1416; x_wconf 78' lang='grc' dir='ltr'>καὶ</span> <span class='ocrx_word' id='word_1_93' title='bbox 854 1364 963 1418; x_wconf 89' lang='grc' dir='ltr'>τῶν</span> <span class='ocrx_word' id='word_1_94' title='bbox 994 1367 1275 1438; x_wconf 77' lang='grc' dir='ltr'>ἐγχωρίων</span> <span class='ocrx_word' id='word_1_95' title='bbox 1295 1409 1309 1432; x_wconf 93' lang='grc'>,</span> <span class='ocrx_word' id='word_1_96' title='bbox 1335 1371 1429 1424; x_wconf 83' lang='grc' dir='ltr'>καὶ</span> <span class='ocrx_word' id='word_1_97' title='bbox 1463 1371 1570 1424; x_wconf 90' lang='grc' dir='ltr'>τῶν</span> <span class='ocrx_word' id='word_1_98' title='bbox 1615 1370 1733 1426; x_wconf 69' lang='grc' dir='ltr'>ἐπέ-</span> 
     </span>
    </p>
   </div>
   <div class='ocr_carea' id='block_1_14' title="bbox 161 1443 1728 1523">
    <p class='ocr_par' dir='ltr' id='par_1_14' title="bbox 161 1443 1728 1523">
     <span class='ocr_line' id='line_1_14' title="bbox 161 1443 1728 1523; baseline 0.007 -28"><span class='ocrx_word' id='word_1_99' title='bbox 161 1443 334 1515; x_wconf 88' lang='grc' dir='ltr'>ρωθεν</span> <span class='ocrx_word' id='word_1_100' title='bbox 362 1443 716 1514; x_wconf 79' lang='grc' dir='ltr'>ἐληλυθότων,</span> <span class='ocrx_word' id='word_1_101' title='bbox 745 1446 845 1516; x_wconf 81' lang='grc' dir='ltr'>ὅση</span> <span class='ocrx_word' id='word_1_102' title='bbox 865 1446 972 1502; x_wconf 88' lang='grc' dir='ltr'>τῶν</span> <span class='ocrx_word' id='word_1_103' title='bbox 1001 1450 1169 1517; x_wconf 82' lang='grc' dir='ltr'>ἁγίων</span> <span class='ocrx_word' id='word_1_104' title='bbox 1189 1450 1392 1506; x_wconf 90' lang='grc' dir='ltr'>τούτων</span> <span class='ocrx_word' id='word_1_105' title='bbox 1425 1455 1458 1523; x_wconf 88' lang='grc' dir='ltr'>ή</span> <span class='ocrx_word' id='word_1_106' title='bbox 1481 1453 1728 1523; x_wconf 89' lang='grc' dir='ltr'>δύναμις,</span> 
     </span>
    </p>
   </div>
   <div class='ocr_carea' id='block_1_15' title="bbox 157 1528 1732 1608">
    <p class='ocr_par' dir='ltr' id='par_1_15' title="bbox 157 1528 1732 1608">
     <span class='ocr_line' id='line_1_15' title="bbox 157 1528 1732 1608; baseline 0.005 -27"><span class='ocrx_word' id='word_1_107' title='bbox 157 1528 207 1581; x_wconf 83' lang='grc' dir='ltr'>οἰ</span> <span class='ocrx_word' id='word_1_108' title='bbox 233 1529 329 1581; x_wconf 78' lang='grc' dir='ltr'>καὶ</span> <span class='ocrx_word' id='word_1_109' title='bbox 359 1528 694 1600; x_wconf 76' lang='grc' dir='ltr'>μαρτυροῦσι</span> <span class='ocrx_word' id='word_1_110' title='bbox 723 1532 838 1594; x_wconf 85' lang='grc' dir='ltr'>τοῖς</span> <span class='ocrx_word' id='word_1_111' title='bbox 888 1531 1196 1604; x_wconf 83' lang='grc' dir='ltr'>λεγομένοις</span> <span class='ocrx_word' id='word_1_112' title='bbox 1215 1575 1229 1598; x_wconf 92' lang='grc'>,</span> <span class='ocrx_word' id='word_1_113' title='bbox 1271 1536 1358 1589; x_wconf 87' lang='grc' dir='ltr'>διά</span> <span class='ocrx_word' id='word_1_114' title='bbox 1392 1539 1491 1606; x_wconf 83' lang='grc' dir='ltr'>τῆς</span> <span class='ocrx_word' id='word_1_115' title='bbox 1537 1537 1732 1608; x_wconf 88' lang='grc' dir='ltr'>πείρας</span> 
     </span>
    </p>
   </div>
   <div class='ocr_carea' id='block_1_16' title="bbox 158 1610 1730 1690">
    <p class='ocr_par' dir='ltr' id='par_1_16' title="bbox 158 1610 1730 1690">
     <span class='ocr_line' id='line_1_16' title="bbox 158 1610 1730 1690; baseline 0.005 -26"><span class='ocrx_word' id='word_1_116' title='bbox 158 1611 328 1680; x_wconf 87' lang='grc' dir='ltr'>αὐτῆς</span> <span class='ocrx_word' id='word_1_117' title='bbox 353 1610 617 1682; x_wconf 85' lang='grc' dir='ltr'>μαθόντες</span> <span class='ocrx_word' id='word_1_118' title='bbox 645 1614 826 1668; x_wconf 87' lang='grc' dir='ltr'>αὐτῶν</span> <span class='ocrx_word' id='word_1_119' title='bbox 849 1614 950 1687; x_wconf 79' lang='grc' dir='ltr'>τήν</span> <span class='ocrx_word' id='word_1_120' title='bbox 975 1616 1113 1689; x_wconf 82' lang='grc' dir='ltr'>πρὸς</span> <span class='ocrx_word' id='word_1_121' title='bbox 1135 1618 1228 1672; x_wconf 81' lang='grc' dir='ltr'>τὸν</span> <span class='ocrx_word' id='word_1_122' title='bbox 1242 1618 1375 1672; x_wconf 85' lang='grc' dir='ltr'>Θεὸν</span> <span class='ocrx_word' id='word_1_123' title='bbox 1398 1619 1730 1690; x_wconf 77' lang='grc' dir='ltr'>παρρησίανο</span> 
     </span>
    </p>
   </div>
   <div class='ocr_carea' id='block_1_17' title="bbox 158 1693 1734 1773">
    <p class='ocr_par' dir='ltr' id='par_1_17' title="bbox 158 1693 1734 1773">
     <span class='ocr_line' id='line_1_17' title="bbox 158 1693 1734 1773; baseline 0.005 -27"><span class='ocrx_word' id='word_1_124' title='bbox 158 1694 252 1746; x_wconf 75' lang='grc' dir='ltr'>καὶ</span> <span class='ocrx_word' id='word_1_125' title='bbox 296 1693 442 1764; x_wconf 87' lang='grc' dir='ltr'>μάλα</span> <span class='ocrx_word' id='word_1_126' title='bbox 465 1695 706 1760; x_wconf 86' lang='grc' dir='ltr'>εἰκότως.</span> <span class='ocrx_word' id='word_1_127' title='bbox 737 1697 811 1752; x_wconf 91' lang='grc' dir='ltr'>Οὐ</span> <span class='ocrx_word' id='word_1_128' title='bbox 833 1698 941 1770; x_wconf 87' lang='grc' dir='ltr'>γάρ</span> <span class='ocrx_word' id='word_1_129' title='bbox 969 1700 1045 1763; x_wconf 85' lang='grc' dir='ltr'>ὡς</span> <span class='ocrx_word' id='word_1_130' title='bbox 1066 1698 1254 1771; x_wconf 75' lang='grc' dir='ltr'>ἔτυχεν</span> <span class='ocrx_word' id='word_1_131' title='bbox 1289 1701 1430 1772; x_wconf 87' lang='grc' dir='ltr'>ὑπὲρ</span> <span class='ocrx_word' id='word_1_132' title='bbox 1460 1701 1560 1772; x_wconf 86' lang='grc' dir='ltr'>τῆς</span> <span class='ocrx_word' id='word_1_133' title='bbox 1600 1701 1734 1773; x_wconf 85' lang='grc' dir='ltr'>ἀλη-</span> 
     </span>
    </p>
   </div>
   <div class='ocr_carea' id='block_1_18' title="bbox 159 1776 1735 1855">
    <p class='ocr_par' dir='ltr' id='par_1_18' title="bbox 159 1776 1735 1855">
     <span class='ocr_line' id='line_1_18' title="bbox 159 1776 1735 1855; baseline 0.006 -27"><span class='ocrx_word' id='word_1_134' title='bbox 159 1776 310 1839; x_wconf 73' lang='grc' dir='ltr'>θείας</span> <span class='ocrx_word' id='word_1_135' title='bbox 345 1778 683 1846; x_wconf 78' lang='grc' dir='ltr'>ἠγωνίσαντο</span> <span class='ocrx_word' id='word_1_136' title='bbox 706 1817 720 1842; x_wconf 90' lang='grc'>,</span> <span class='ocrx_word' id='word_1_137' title='bbox 747 1779 860 1834; x_wconf 79' lang='grc' dir='ltr'>ἀλλ’</span> <span class='ocrx_word' id='word_1_138' title='bbox 889 1780 1030 1835; x_wconf 78' lang='grc' dir='ltr'>οὕτω</span> <span class='ocrx_word' id='word_1_139' title='bbox 1063 1784 1346 1855; x_wconf 82' lang='grc' dir='ltr'>καρτερῶς</span> <span class='ocrx_word' id='word_1_140' title='bbox 1377 1784 1474 1838; x_wconf 75' lang='grc' dir='ltr'>καὶ</span> <span class='ocrx_word' id='word_1_141' title='bbox 1501 1784 1735 1848; x_wconf 83' lang='grc' dir='ltr'>εὐτόνως</span> 
     </span>
    </p>
   </div>
   <div class='ocr_carea' id='block_1_19' title="bbox 159 1860 1733 1936">
    <p class='ocr_par' dir='ltr' id='par_1_19' title="bbox 159 1860 1733 1936">
     <span class='ocr_line' id='line_1_19' title="bbox 159 1860 1733 1936; baseline 0.006 -25"><span class='ocrx_word' id='word_1_142' title='bbox 159 1860 455 1931; x_wconf 77' lang='grc' dir='ltr'>ἐνέστησαν</span> <span class='ocrx_word' id='word_1_143' title='bbox 481 1861 618 1929; x_wconf 69' lang='grc' dir='ltr'>πρὸς</span> <span class='ocrx_word' id='word_1_144' title='bbox 646 1862 747 1934; x_wconf 86' lang='grc' dir='ltr'>τὴν</span> <span class='ocrx_word' id='word_1_145' title='bbox 787 1864 1044 1934; x_wconf 79' lang='grc' dir='ltr'>ραγδαίαν</span> <span class='ocrx_word' id='word_1_146' title='bbox 1076 1867 1170 1919; x_wconf 79' lang='grc' dir='ltr'>καὶ</span> <span class='ocrx_word' id='word_1_147' title='bbox 1197 1867 1467 1936; x_wconf 89' lang='grc' dir='ltr'>ἀφόρητον</span> <span class='ocrx_word' id='word_1_148' title='bbox 1496 1866 1590 1919; x_wconf 89' lang='grc' dir='ltr'>τοῦ</span> <span class='ocrx_word' id='word_1_149' title='bbox 1617 1866 1733 1920; x_wconf 89' lang='grc' dir='ltr'>δια-</span> 
     </span>
    </p>
   </div>
   <div class='ocr_carea' id='block_1_20' title="bbox 158 1940 1731 2020">
    <p class='ocr_par' dir='ltr' id='par_1_20' title="bbox 158 1940 1731 2020">
     <span class='ocr_line' id='line_1_20' title="bbox 158 1940 1731 2020; baseline 0.004 -26"><span class='ocrx_word' id='word_1_150' title='bbox 158 1940 314 1996; x_wconf 76' lang='grc' dir='ltr'>δόλου</span> <span class='ocrx_word' id='word_1_151' title='bbox 343 1942 484 2012; x_wconf 85' lang='grc' dir='ltr'>βίαν,</span> <span class='ocrx_word' id='word_1_152' title='bbox 519 1945 594 2009; x_wconf 86' lang='grc' dir='ltr'>ὼς</span> <span class='ocrx_word' id='word_1_153' title='bbox 627 1945 686 1998; x_wconf 83' lang='grc' dir='ltr'>ἐν</span> <span class='ocrx_word' id='word_1_154' title='bbox 710 1946 931 2010; x_wconf 85' lang='grc' dir='ltr'>λιθίνοις</span> <span class='ocrx_word' id='word_1_155' title='bbox 967 1948 1061 2001; x_wconf 73' lang='grc' dir='ltr'>καὶ</span> <span class='ocrx_word' id='word_1_156' title='bbox 1095 1949 1363 2020; x_wconf 81' lang='grc' dir='ltr'>σιδηροῖς,</span> <span class='ocrx_word' id='word_1_157' title='bbox 1397 1949 1510 2002; x_wconf 89' lang='grc' dir='ltr'>ἀλλ’</span> <span class='ocrx_word' id='word_1_158' title='bbox 1542 1948 1642 2002; x_wconf 89' lang='grc' dir='ltr'>οὐκ</span> <span class='ocrx_word' id='word_1_159' title='bbox 1673 1950 1731 2001; x_wconf 89' lang='grc' dir='ltr'>ἐν</span> 
     </span>
    </p>
   </div>
   <div class='ocr_carea' id='block_1_21' title="bbox 160 2026 1729 2103">
    <p class='ocr_par' dir='ltr' id='par_1_21' title="bbox 160 2026 1729 2103">
     <span class='ocr_line' id='line_1_21' title="bbox 160 2026 1729 2103; baseline -0.006 -11"><span class='ocrx_word' id='word_1_160' title='bbox 160 2026 421 2096; x_wconf 72' lang='grc' dir='ltr'>φθαρτοῖς</span> <span class='ocrx_word' id='word_1_161' title='bbox 443 2027 540 2080; x_wconf 74' lang='grc' dir='ltr'>καὶ</span> <span class='ocrx_word' id='word_1_162' title='bbox 565 2027 781 2100; x_wconf 84' lang='grc' dir='ltr'>θνητοῖς</span> <span class='ocrx_word' id='word_1_163' title='bbox 809 2029 1199 2103; x_wconf 82' lang='grc' dir='ltr'>ἀγωνιζόμενοι</span> <span class='ocrx_word' id='word_1_164' title='bbox 1231 2031 1494 2102; x_wconf 90' lang='grc' dir='ltr'>σώμασιν,</span> <span class='ocrx_word' id='word_1_165' title='bbox 1525 2031 1600 2096; x_wconf 90' lang='grc' dir='ltr'>ὼς</span> <span class='ocrx_word' id='word_1_166' title='bbox 1629 2031 1729 2103; x_wconf 84' lang='grc' dir='ltr'>ήδη</span> 
     </span>
    </p>
   </div>
   <div class='ocr_carea' id='block_1_22' title="bbox 160 2109 1728 2186">
    <p class='ocr_par' dir='ltr' id='par_1_22' title="bbox 160 2109 1728 2186">
     <span class='ocr_line' id='line_1_22' title="bbox 160 2109 1728 2186; baseline 0.004 -26"><span class='ocrx_word' id='word_1_167' title='bbox 160 2109 296 2179; x_wconf 80' lang='grc' dir='ltr'>πρὸς</span> <span class='ocrx_word' id='word_1_168' title='bbox 317 2109 418 2179; x_wconf 82' lang='grc' dir='ltr'>τὴν</span> <span class='ocrx_word' id='word_1_169' title='bbox 449 2111 637 2180; x_wconf 82' lang='grc' dir='ltr'>ἀπαθῆ</span> <span class='ocrx_word' id='word_1_170' title='bbox 685 2113 781 2167; x_wconf 78' lang='grc' dir='ltr'>καὶ</span> <span class='ocrx_word' id='word_1_171' title='bbox 816 2114 1081 2169; x_wconf 89' lang='grc' dir='ltr'>ἀθάνατον</span> <span class='ocrx_word' id='word_1_172' title='bbox 1135 2117 1495 2186; x_wconf 84' lang='grc' dir='ltr'>μεταστάντες</span> <span class='ocrx_word' id='word_1_173' title='bbox 1547 2115 1728 2185; x_wconf 90' lang='grc' dir='ltr'>φύσιν,</span> 
     </span>
    </p>
   </div>
   <div class='ocr_carea' id='block_1_23' title="bbox 159 2193 1728 2271">
    <p class='ocr_par' dir='ltr' id='par_1_23' title="bbox 159 2193 1728 2271">
     <span class='ocr_line' id='line_1_23' title="bbox 159 2193 1728 2271; baseline 0.006 -28"><span class='ocrx_word' id='word_1_174' title='bbox 159 2193 253 2262; x_wconf 81' lang='grc' dir='ltr'>τὴν</span> <span class='ocrx_word' id='word_1_175' title='bbox 281 2193 384 2245; x_wconf 90' lang='grc' dir='ltr'>οὐκ</span> <span class='ocrx_word' id='word_1_176' title='bbox 417 2193 669 2248; x_wconf 76' lang='grc' dir='ltr'>εἴκουσαν</span> <span class='ocrx_word' id='word_1_177' title='bbox 721 2199 840 2260; x_wconf 88' lang='grc' dir='ltr'>ταῖς</span> <span class='ocrx_word' id='word_1_178' title='bbox 871 2201 1094 2271; x_wconf 79' lang='grc' dir='ltr'>πικραῖς</span> <span class='ocrx_word' id='word_1_179' title='bbox 1151 2200 1244 2254; x_wconf 76' lang='grc' dir='ltr'>καὶ</span> <span class='ocrx_word' id='word_1_180' title='bbox 1297 2201 1581 2270; x_wconf 80' lang='grc' dir='ltr'>όδυνηραῖς</span> <span class='ocrx_word' id='word_1_181' title='bbox 1634 2198 1728 2252; x_wconf 87' lang='grc' dir='ltr'>τοῦ</span> 
     </span>
    </p>
   </div>
   <div class='ocr_carea' id='block_1_24' title="bbox 163 2276 1731 2354">
    <p class='ocr_par' dir='ltr' id='par_1_24' title="bbox 163 2276 1731 2354">
     <span class='ocr_line' id='line_1_24' title="bbox 163 2276 1731 2354; baseline 0.004 -25"><span class='ocrx_word' id='word_1_182' title='bbox 163 2276 408 2346; x_wconf 90' lang='grc' dir='ltr'>σώματος</span> <span class='ocrx_word' id='word_1_183' title='bbox 434 2279 722 2346; x_wconf 83' lang='grc' dir='ltr'>ἀνάγκαις.</span> <span class='ocrx_word' id='word_1_184' title='bbox 750 2281 1015 2354; x_wconf 80' lang='grc' dir='ltr'>Καθάπερ</span> <span class='ocrx_word' id='word_1_185' title='bbox 1043 2281 1151 2354; x_wconf 90' lang='grc' dir='ltr'>γάρ</span> <span class='ocrx_word' id='word_1_186' title='bbox 1186 2301 1333 2346; x_wconf 91' lang='grc' dir='ltr'>τινες</span> <span class='ocrx_word' id='word_1_187' title='bbox 1363 2282 1542 2354; x_wconf 79' lang='grc' dir='ltr'>ἄγριοι</span> <span class='ocrx_word' id='word_1_188' title='bbox 1569 2283 1731 2354; x_wconf 87' lang='grc' dir='ltr'>θῆρες</span> 
     </span>
    </p>
   </div>
   <div class='ocr_carea' id='block_1_25' title="bbox 159 2361 1732 2437">
    <p class='ocr_par' dir='ltr' id='par_1_25' title="bbox 159 2361 1732 2437">
     <span class='ocr_line' id='line_1_25' title="bbox 159 2361 1732 2437; baseline 0.006 -24"><span class='ocrx_word' id='word_1_189' title='bbox 159 2361 248 2414; x_wconf 83' lang='grc' dir='ltr'>καὶ</span> <span class='ocrx_word' id='word_1_190' title='bbox 269 2361 413 2430; x_wconf 72' lang='grc' dir='ltr'>ὠμοὶ</span> <span class='ocrx_word' id='word_1_191' title='bbox 445 2363 538 2414; x_wconf 71' lang='grc' dir='ltr'>καὶ</span> <span class='ocrx_word' id='word_1_192' title='bbox 560 2363 824 2435; x_wconf 91' lang='grc' dir='ltr'>ἀνήμεροι</span> <span class='ocrx_word' id='word_1_193' title='bbox 854 2367 922 2418; x_wconf 80' lang='grc' dir='ltr'>τά</span> <span class='ocrx_word' id='word_1_194' title='bbox 944 2366 1171 2437; x_wconf 90' lang='grc' dir='ltr'>σώματα</span> <span class='ocrx_word' id='word_1_195' title='bbox 1198 2365 1574 2430; x_wconf 87' lang='grc' dir='ltr'>κυκλώσαντες</span> <span class='ocrx_word' id='word_1_196' title='bbox 1596 2385 1732 2421; x_wconf 88' lang='grc' dir='ltr'>παν-</span> 
     </span>
    </p>
   </div>
   <div class='ocr_carea' id='block_1_26' title="bbox 159 2444 1732 2520">
    <p class='ocr_par' dir='ltr' id='par_1_26' title="bbox 159 2444 1732 2520">
     <span class='ocr_line' id='line_1_26' title="bbox 159 2444 1732 2520; baseline 0.005 -25"><span class='ocrx_word' id='word_1_197' title='bbox 159 2444 380 2514; x_wconf 90' lang='grc' dir='ltr'>ταχόθεν</span> <span class='ocrx_word' id='word_1_198' title='bbox 411 2446 461 2497; x_wconf 92' lang='grc' dir='ltr'>οἰ</span> <span class='ocrx_word' id='word_1_199' title='bbox 502 2444 684 2515; x_wconf 88' lang='grc' dir='ltr'>δήμιοι</span> <span class='ocrx_word' id='word_1_200' title='bbox 718 2446 1010 2518; x_wconf 82' lang='grc' dir='ltr'>διώρυττον</span> <span class='ocrx_word' id='word_1_201' title='bbox 1047 2449 1147 2513; x_wconf 87' lang='grc' dir='ltr'>τάς</span> <span class='ocrx_word' id='word_1_202' title='bbox 1177 2449 1416 2520; x_wconf 76' lang='grc' dir='ltr'>πλευρὰς</span> <span class='ocrx_word' id='word_1_203' title='bbox 1435 2491 1450 2516; x_wconf 96' lang='grc'>,</span> <span class='ocrx_word' id='word_1_204' title='bbox 1478 2450 1732 2515; x_wconf 78' lang='grc' dir='ltr'>κατέξαι-</span> 
     </span>
    </p>
   </div>
   <div class='ocr_carea' id='block_1_27' title="bbox 161 2527 1729 2606">
    <p class='ocr_par' dir='ltr' id='par_1_27' title="bbox 161 2527 1729 2606">
     <span class='ocr_line' id='line_1_27' title="bbox 161 2527 1729 2606; baseline 0.004 -26"><span class='ocrx_word' id='word_1_205' title='bbox 161 2545 246 2581; x_wconf 91' lang='grc' dir='ltr'>νον</span> <span class='ocrx_word' id='word_1_206' title='bbox 302 2527 404 2591; x_wconf 85' lang='grc' dir='ltr'>τὰς</span> <span class='ocrx_word' id='word_1_207' title='bbox 466 2529 675 2600; x_wconf 84' lang='grc' dir='ltr'>σάρκας</span> <span class='ocrx_word' id='word_1_208' title='bbox 704 2570 718 2592; x_wconf 83' lang='grc'>,</span> <span class='ocrx_word' id='word_1_209' title='bbox 789 2531 1152 2597; x_wconf 77' lang='grc' dir='ltr'>ἐξεκάλυπτον</span> <span class='ocrx_word' id='word_1_210' title='bbox 1230 2535 1364 2586; x_wconf 78' lang='grc' dir='ltr'>ὁστᾶ</span> <span class='ocrx_word' id='word_1_211' title='bbox 1432 2535 1525 2588; x_wconf 77' lang='grc' dir='ltr'>καὶ</span> <span class='ocrx_word' id='word_1_212' title='bbox 1583 2552 1729 2606; x_wconf 90' lang='grc' dir='ltr'>παρ-</span> 
     </span>
    </p>
   </div>
   <div class='ocr_carea' id='block_1_28' title="bbox 162 2612 1730 2688">
    <p class='ocr_par' dir='ltr' id='par_1_28' title="bbox 162 2612 1730 2688">
     <span class='ocr_line' id='line_1_28' title="bbox 162 2612 1730 2688; baseline 0.004 -24"><span class='ocrx_word' id='word_1_213' title='bbox 162 2612 446 2682; x_wconf 83' lang='grc' dir='ltr'>εγύμνουν,</span> <span class='ocrx_word' id='word_1_214' title='bbox 472 2614 564 2667; x_wconf 81' lang='grc' dir='ltr'>καὶ</span> <span class='ocrx_word' id='word_1_215' title='bbox 589 2613 739 2666; x_wconf 83' lang='grc' dir='ltr'>οὐδὲν</span> <span class='ocrx_word' id='word_1_216' title='bbox 759 2616 955 2678; x_wconf 65' lang='grc' dir='ltr'>αὐτοὺς</span> <span class='ocrx_word' id='word_1_217' title='bbox 979 2616 1078 2686; x_wconf 85' lang='grc' dir='ltr'>τῆς</span> <span class='ocrx_word' id='word_1_218' title='bbox 1108 2615 1388 2688; x_wconf 82' lang='grc' dir='ltr'>ὠμότητος</span> <span class='ocrx_word' id='word_1_219' title='bbox 1418 2617 1598 2688; x_wconf 80' lang='grc' dir='ltr'>ἵστησι</span> <span class='ocrx_word' id='word_1_220' title='bbox 1635 2620 1730 2672; x_wconf 75' lang='grc' dir='ltr'>καὶ</span> 
     </span>
    </p>
   </div>
   <div class='ocr_carea' id='block_1_29' title="bbox 160 2695 1730 2774">
    <p class='ocr_par' dir='ltr' id='par_1_29' title="bbox 160 2695 1730 2774">
     <span class='ocr_line' id='line_1_29' title="bbox 160 2695 1730 2774; baseline 0.004 -25"><span class='ocrx_word' id='word_1_221' title='bbox 160 2697 254 2767; x_wconf 81' lang='grc' dir='ltr'>τῆς</span> <span class='ocrx_word' id='word_1_222' title='bbox 276 2695 675 2766; x_wconf 76' lang='grc' dir='ltr'>ἀπανθρωπίας</span> <span class='ocrx_word' id='word_1_223' title='bbox 708 2698 920 2768; x_wconf 76' lang='grc' dir='ltr'>ἐκείνης</span> <span class='ocrx_word' id='word_1_224' title='bbox 942 2717 956 2730; x_wconf 74' lang='grc' dir='ltr'><strong><em>ο</em></strong></span> <span class='ocrx_word' id='word_1_225' title='bbox 992 2699 1128 2753; x_wconf 87' lang='grc' dir='ltr'>ἀλλά</span> <span class='ocrx_word' id='word_1_226' title='bbox 1161 2702 1254 2754; x_wconf 76' lang='grc' dir='ltr'>καὶ</span> <span class='ocrx_word' id='word_1_227' title='bbox 1305 2701 1488 2756; x_wconf 84' lang='grc' dir='ltr'>νώτων</span> <span class='ocrx_word' id='word_1_228' title='bbox 1517 2702 1730 2774; x_wconf 82' lang='grc' dir='ltr'>ἁψάμε-</span> 
     </span>
    </p>
   </div>
   <div class='ocr_carea' id='block_1_30' title="bbox 162 2780 1727 2852">
    <p class='ocr_par' dir='ltr' id='par_1_30' title="bbox 162 2780 1727 2852">
     <span class='ocr_line' id='line_1_30' title="bbox 162 2780 1727 2852; baseline 0.004 -20"><span class='ocrx_word' id='word_1_229' title='bbox 162 2796 240 2833; x_wconf 91' lang='grc' dir='ltr'>νοι</span> <span class='ocrx_word' id='word_1_230' title='bbox 272 2780 367 2833; x_wconf 75' lang='grc' dir='ltr'>καὶ</span> <span class='ocrx_word' id='word_1_231' title='bbox 401 2780 743 2851; x_wconf 85' lang='grc' dir='ltr'>σπλάγχνων,</span> <span class='ocrx_word' id='word_1_232' title='bbox 772 2784 864 2835; x_wconf 72' lang='grc' dir='ltr'>καὶ</span> <span class='ocrx_word' id='word_1_233' title='bbox 896 2784 976 2847; x_wconf 80' lang='grc' dir='ltr'>είς</span> <span class='ocrx_word' id='word_1_234' title='bbox 1001 2783 1071 2836; x_wconf 85' lang='grc' dir='ltr'>τά</span> <span class='ocrx_word' id='word_1_235' title='bbox 1097 2784 1350 2839; x_wconf 86' lang='grc' dir='ltr'>ἐνδότατα</span> <span class='ocrx_word' id='word_1_236' title='bbox 1376 2785 1727 2852; x_wconf 78' lang='grc' dir='ltr'>εἰσελθόντες,</span> 
     </span>
    </p>
   </div>
   <div class='ocr_carea' id='block_1_31' title="bbox 161 2863 1762 2940">
    <p class='ocr_par' dir='ltr' id='par_1_31' title="bbox 161 2863 1762 2940">
     <span class='ocr_line' id='line_1_31' title="bbox 161 2863 1762 2940; baseline 0.002 -24"><span class='ocrx_word' id='word_1_237' title='bbox 161 2864 248 2917; x_wconf 75' lang='grc' dir='ltr'>τὸν</span> <span class='ocrx_word' id='word_1_238' title='bbox 299 2865 720 2934; x_wconf 87' lang='grc' dir='ltr'>ἐναποκείμενον</span> <span class='ocrx_word' id='word_1_239' title='bbox 769 2866 951 2929; x_wconf 84' lang='grc' dir='ltr'>αὐτοῖς</span> <span class='ocrx_word' id='word_1_240' title='bbox 995 2867 1092 2936; x_wconf 89' lang='grc' dir='ltr'>τῆς</span> <span class='ocrx_word' id='word_1_241' title='bbox 1153 2868 1388 2932; x_wconf 89' lang='grc' dir='ltr'>πίστεως</span> <span class='ocrx_word' id='word_1_242' title='bbox 1428 2869 1525 2940; x_wconf 89' lang='grc' dir='ltr'>οὐχ</span> <span class='ocrx_word' id='word_1_243' title='bbox 1573 2863 1762 2940; x_wconf 75' lang='grc' dir='ltr'>εὖρον.</span> 
     </span>
    </p>
   </div>
   <div class='ocr_carea' id='block_1_32' title="bbox 163 2947 1731 3020">
    <p class='ocr_par' dir='ltr' id='par_1_32' title="bbox 163 2947 1731 3020">
     <span class='ocr_line' id='line_1_32' title="bbox 163 2947 1731 3020; baseline 0.003 -17"><span class='ocrx_word' id='word_1_244' title='bbox 163 2947 386 3018; x_wconf 78' lang='grc' dir='ltr'>συλῆσαι</span> <span class='ocrx_word' id='word_1_245' title='bbox 413 2947 700 3020; x_wconf 85' lang='grc' dir='ltr'>θησαυρὸν,</span> <span class='ocrx_word' id='word_1_246' title='bbox 736 2949 871 3002; x_wconf 86' lang='grc' dir='ltr'>ἀλλά</span> <span class='ocrx_word' id='word_1_247' title='bbox 902 2952 1095 3004; x_wconf 80' lang='grc' dir='ltr'>ταυτὸν</span> <span class='ocrx_word' id='word_1_248' title='bbox 1118 2950 1337 3016; x_wconf 69' lang='grc' dir='ltr'>ἔπαθον,</span> <span class='ocrx_word' id='word_1_249' title='bbox 1370 2948 1480 3007; x_wconf 74' lang='grc' dir='ltr'>οἷον</span> <span class='ocrx_word' id='word_1_250' title='bbox 1507 2954 1560 3007; x_wconf 84' lang='grc' dir='ltr'>εί</span> <span class='ocrx_word' id='word_1_251' title='bbox 1587 2971 1731 3020; x_wconf 90' lang='grc' dir='ltr'>τινες</span> 
     </span>
    </p>
   </div>
   <div class='ocr_carea' id='block_1_33' title="bbox 162 3031 1727 3106">
    <p class='ocr_par' dir='ltr' id='par_1_33' title="bbox 162 3031 1727 3106">
     <span class='ocr_line' id='line_1_33' title="bbox 162 3031 1727 3106; baseline 0.005 -23"><span class='ocrx_word' id='word_1_252' title='bbox 162 3032 309 3085; x_wconf 87' lang='grc' dir='ltr'>πόλιν</span> <span class='ocrx_word' id='word_1_253' title='bbox 336 3031 768 3102; x_wconf 80' lang='grc' dir='ltr'>βασιλικωτάτην</span> <span class='ocrx_word' id='word_1_254' title='bbox 789 3073 802 3098; x_wconf 95' lang='grc'>,</span> <span class='ocrx_word' id='word_1_255' title='bbox 829 3034 921 3086; x_wconf 67' lang='grc' dir='ltr'>καὶ</span> <span class='ocrx_word' id='word_1_256' title='bbox 952 3033 1146 3087; x_wconf 89' lang='grc' dir='ltr'>πολλοῦ</span> <span class='ocrx_word' id='word_1_257' title='bbox 1177 3035 1447 3106; x_wconf 84' lang='grc' dir='ltr'>γέμουσαν</span> <span class='ocrx_word' id='word_1_258' title='bbox 1477 3037 1727 3104; x_wconf 90' lang='grc' dir='ltr'>πλούτου,</span> 
     </span>
    </p>
   </div>
   <div class='ocr_carea' id='block_1_34' title="bbox 164 3115 1732 3190">
    <p class='ocr_par' dir='ltr' id='par_1_34' title="bbox 164 3115 1732 3190">
     <span class='ocr_line' id='line_1_34' title="bbox 164 3115 1732 3190; baseline 0.005 -22"><span class='ocrx_word' id='word_1_259' title='bbox 164 3115 253 3168; x_wconf 78' lang='grc' dir='ltr'>καὶ</span> <span class='ocrx_word' id='word_1_260' title='bbox 287 3117 506 3178; x_wconf 79' lang='grc' dir='ltr'>ἱκανοὺς</span> <span class='ocrx_word' id='word_1_261' title='bbox 533 3115 759 3185; x_wconf 77' lang='grc' dir='ltr'>ἔχουσαν</span> <span class='ocrx_word' id='word_1_262' title='bbox 811 3116 1114 3188; x_wconf 71' lang='grc' dir='ltr'>θησαυροὺς</span> <span class='ocrx_word' id='word_1_263' title='bbox 1151 3118 1561 3190; x_wconf 79' lang='grc' dir='ltr'>πολιορκοῦντες</span> <span class='ocrx_word' id='word_1_264' title='bbox 1589 3162 1602 3186; x_wconf 93' lang='grc'>,</span> <span class='ocrx_word' id='word_1_265' title='bbox 1637 3124 1732 3176; x_wconf 76' lang='grc' dir='ltr'>καὶ</span> 
     </span>
    </p>
   </div>
   <div class='ocr_carea' id='block_1_35' title="bbox 162 3198 1732 3272">
    <p class='ocr_par' dir='ltr' id='par_1_35' title="bbox 162 3198 1732 3272">
     <span class='ocr_line' id='line_1_35' title="bbox 162 3198 1732 3272; baseline 0.005 -20"><span class='ocrx_word' id='word_1_266' title='bbox 162 3199 477 3262; x_wconf 81' lang='grc' dir='ltr'>καθελόντες</span> <span class='ocrx_word' id='word_1_267' title='bbox 519 3199 689 3268; x_wconf 89' lang='grc' dir='ltr'>αὐτῆς</span> <span class='ocrx_word' id='word_1_268' title='bbox 718 3198 786 3252; x_wconf 88' lang='grc' dir='ltr'>τά</span> <span class='ocrx_word' id='word_1_269' title='bbox 827 3199 982 3270; x_wconf 84' lang='grc' dir='ltr'>τείχη</span> <span class='ocrx_word' id='word_1_270' title='bbox 1005 3241 1020 3264; x_wconf 94' lang='grc'>,</span> <span class='ocrx_word' id='word_1_271' title='bbox 1058 3200 1152 3253; x_wconf 76' lang='grc' dir='ltr'>καὶ</span> <span class='ocrx_word' id='word_1_272' title='bbox 1186 3201 1322 3272; x_wconf 84' lang='grc' dir='ltr'>πρὸς</span> <span class='ocrx_word' id='word_1_273' title='bbox 1368 3203 1509 3256; x_wconf 89' lang='grc' dir='ltr'>αὑτά</span> <span class='ocrx_word' id='word_1_274' title='bbox 1537 3204 1606 3258; x_wconf 86' lang='grc' dir='ltr'>τά</span> <span class='ocrx_word' id='word_1_275' title='bbox 1634 3221 1732 3260; x_wconf 87' lang='grc' dir='ltr'>τα-</span> 
     </span>
    </p>
   </div>
   <div class='ocr_carea' id='block_1_36' title="bbox 165 3281 1726 3359">
    <p class='ocr_par' dir='ltr' id='par_1_36' title="bbox 165 3281 1726 3359">
     <span class='ocr_line' id='line_1_36' title="bbox 165 3281 1726 3359; baseline 0.003 -24"><span class='ocrx_word' id='word_1_276' title='bbox 165 3286 310 3354; x_wconf 87' lang='grc' dir='ltr'>μιεῖα</span> <span class='ocrx_word' id='word_1_277' title='bbox 354 3281 467 3335; x_wconf 89' lang='grc' dir='ltr'>τῶν</span> <span class='ocrx_word' id='word_1_278' title='bbox 497 3282 794 3353; x_wconf 85' lang='grc' dir='ltr'>χρημάτων</span> <span class='ocrx_word' id='word_1_279' title='bbox 827 3282 1073 3346; x_wconf 76' lang='grc' dir='ltr'>ἐλθόντες</span> <span class='ocrx_word' id='word_1_280' title='bbox 1093 3323 1108 3347; x_wconf 95' lang='grc'>,</span> <span class='ocrx_word' id='word_1_281' title='bbox 1147 3285 1504 3354; x_wconf 78' lang='grc' dir='ltr'>ἀνατρέψαιεν</span> <span class='ocrx_word' id='word_1_282' title='bbox 1541 3287 1726 3359; x_wconf 86' lang='grc' dir='ltr'>θύρας,</span> 
     </span>
    </p>
   </div>
   <div class='ocr_carea' id='block_1_37' title="bbox 163 3363 1732 3438">
    <p class='ocr_par' dir='ltr' id='par_1_37' title="bbox 163 3363 1732 3438">
     <span class='ocr_line' id='line_1_37' title="bbox 163 3363 1732 3438; baseline 0.003 -18"><span class='ocrx_word' id='word_1_283' title='bbox 163 3365 438 3422; x_wconf 83' lang='grc' dir='ltr'>καθέλοιεν</span> <span class='ocrx_word' id='word_1_284' title='bbox 478 3365 738 3436; x_wconf 78' lang='grc' dir='ltr'>μοχλοὺς,</span> <span class='ocrx_word' id='word_1_285' title='bbox 772 3363 1088 3435; x_wconf 78' lang='grc' dir='ltr'>ἀνορύξαιεν</span> <span class='ocrx_word' id='word_1_286' title='bbox 1141 3366 1370 3436; x_wconf 75' lang='grc' dir='ltr'>ἔδαφος,</span> <span class='ocrx_word' id='word_1_287' title='bbox 1429 3369 1608 3438; x_wconf 82' lang='grc' dir='ltr'>πάντα</span> <span class='ocrx_word' id='word_1_288' title='bbox 1652 3371 1732 3426; x_wconf 88' lang='grc' dir='ltr'>δι-</span> 
     </span>
    </p>
   </div>
   <div class='ocr_carea' id='block_1_38' title="bbox 163 3447 1732 3524">
    <p class='ocr_par' dir='ltr' id='par_1_38' title="bbox 163 3447 1732 3524">
     <span class='ocr_line' id='line_1_38' title="bbox 163 3447 1732 3524; baseline 0.004 -24"><span class='ocrx_word' id='word_1_289' title='bbox 163 3449 604 3519; x_wconf 78' lang='grc' dir='ltr'>ερευνησάμενοι,</span> <span class='ocrx_word' id='word_1_290' title='bbox 627 3448 700 3519; x_wconf 83' lang='grc' dir='ltr'>μὴ</span> <span class='ocrx_word' id='word_1_291' title='bbox 722 3447 997 3518; x_wconf 88' lang='grc' dir='ltr'>δυνηθεῖεν</span> <span class='ocrx_word' id='word_1_292' title='bbox 1020 3449 1109 3502; x_wconf 85' lang='grc' dir='ltr'>τὸν</span> <span class='ocrx_word' id='word_1_293' title='bbox 1133 3449 1360 3503; x_wconf 86' lang='grc' dir='ltr'>πλοῦτον</span> <span class='ocrx_word' id='word_1_294' title='bbox 1375 3452 1541 3523; x_wconf 86' lang='grc' dir='ltr'>αὐτῆς</span> <span class='ocrx_word' id='word_1_295' title='bbox 1554 3455 1732 3524; x_wconf 87' lang='grc' dir='ltr'>ἀφαρ-</span> 
     </span>
    </p>
   </div>
   <div class='ocr_carea' id='block_1_39' title="bbox 164 3531 1732 3607">
    <p class='ocr_par' dir='ltr' id='par_1_39' title="bbox 164 3531 1732 3607">
     <span class='ocr_line' id='line_1_39' title="bbox 164 3531 1732 3607; baseline 0.004 -22"><span class='ocrx_word' id='word_1_296' title='bbox 164 3533 432 3595; x_wconf 82' lang='grc' dir='ltr'>πάσαντες</span> <span class='ocrx_word' id='word_1_297' title='bbox 463 3531 736 3585; x_wconf 84' lang='grc' dir='ltr'>ἀπελθεῖν.</span> <span class='ocrx_word' id='word_1_298' title='bbox 769 3531 1006 3584; x_wconf 88' lang='grc' dir='ltr'>Τοιαῦτα</span> <span class='ocrx_word' id='word_1_299' title='bbox 1032 3532 1140 3602; x_wconf 89' lang='grc' dir='ltr'>γάρ</span> <span class='ocrx_word' id='word_1_300' title='bbox 1180 3534 1296 3587; x_wconf 81' lang='grc' dir='ltr'>ἐστι</span> <span class='ocrx_word' id='word_1_301' title='bbox 1337 3535 1436 3604; x_wconf 88' lang='grc' dir='ltr'>τῆς</span> <span class='ocrx_word' id='word_1_302' title='bbox 1463 3535 1637 3607; x_wconf 77' lang='grc' dir='ltr'>ψυχῆς</span> <span class='ocrx_word' id='word_1_303' title='bbox 1664 3540 1732 3592; x_wconf 88' lang='grc' dir='ltr'>τά</span> 
     </span>
    </p>
   </div>
   <div class='ocr_carea' id='block_1_40' title="bbox 163 3613 1730 3688">
    <p class='ocr_par' dir='ltr' id='par_1_40' title="bbox 163 3613 1730 3688">
     <span class='ocr_line' id='line_1_40' title="bbox 163 3613 1730 3688; baseline 0.004 -21"><span class='ocrx_word' id='word_1_304' title='bbox 163 3618 444 3686; x_wconf 77' lang='grc' dir='ltr'>κτήματαο</span> <span class='ocrx_word' id='word_1_305' title='bbox 475 3616 535 3668; x_wconf 88' lang='grc' dir='ltr'>οὐ</span> <span class='ocrx_word' id='word_1_306' title='bbox 569 3613 872 3686; x_wconf 89' lang='grc' dir='ltr'>προδίδοται</span> <span class='ocrx_word' id='word_1_307' title='bbox 904 3617 1014 3678; x_wconf 87' lang='grc' dir='ltr'>τοῖς</span> <span class='ocrx_word' id='word_1_308' title='bbox 1064 3615 1158 3668; x_wconf 87' lang='grc' dir='ltr'>τοῦ</span> <span class='ocrx_word' id='word_1_309' title='bbox 1201 3616 1450 3688; x_wconf 87' lang='grc' dir='ltr'>σώματος</span> <span class='ocrx_word' id='word_1_310' title='bbox 1485 3619 1730 3688; x_wconf 88' lang='grc' dir='ltr'>πάθεσιν,</span> 
     </span>
    </p>
   </div>
   <div class='ocr_carea' id='block_1_41' title="bbox 163 3696 1735 3768">
    <p class='ocr_par' dir='ltr' id='par_1_41' title="bbox 163 3696 1735 3768">
     <span class='ocr_line' id='line_1_41' title="bbox 163 3696 1735 3768; baseline 0.004 -18"><span class='ocrx_word' id='word_1_311' title='bbox 163 3697 282 3753; x_wconf 81' lang='grc' dir='ltr'>ὅταν</span> <span class='ocrx_word' id='word_1_312' title='bbox 326 3697 470 3754; x_wconf 88' lang='grc' dir='ltr'>αὐτά</span> <span class='ocrx_word' id='word_1_313' title='bbox 495 3699 704 3768; x_wconf 78' lang='grc' dir='ltr'>κατέχῃ</span> <span class='ocrx_word' id='word_1_314' title='bbox 740 3696 879 3768; x_wconf 86' lang='grc' dir='ltr'>μετά</span> <span class='ocrx_word' id='word_1_315' title='bbox 914 3697 1210 3766; x_wconf 84' lang='grc' dir='ltr'>ἀσφαλείας</span> <span class='ocrx_word' id='word_1_316' title='bbox 1235 3739 1249 3765; x_wconf 92' lang='grc'>,</span> <span class='ocrx_word' id='word_1_317' title='bbox 1281 3699 1416 3753; x_wconf 88' lang='grc' dir='ltr'>ἀλλά</span> <span class='ocrx_word' id='word_1_318' title='bbox 1466 3701 1573 3754; x_wconf 84' lang='grc' dir='ltr'>κᾶν</span> <span class='ocrx_word' id='word_1_319' title='bbox 1595 3703 1735 3757; x_wconf 90' lang='grc' dir='ltr'>αὐτά</span> 
     </span>
    </p>
   </div>
   <div class='ocr_carea' id='block_1_42' title="bbox 163 3780 1736 3859">
    <p class='ocr_par' dir='ltr' id='par_1_42' title="bbox 163 3780 1736 3859">
     <span class='ocr_line' id='line_1_42' title="bbox 163 3780 1736 3859; baseline 0.004 -25"><span class='ocrx_word' id='word_1_320' title='bbox 163 3799 241 3846; x_wconf 90' lang='grc' dir='ltr'>τις</span> <span class='ocrx_word' id='word_1_321' title='bbox 269 3781 554 3854; x_wconf 66' lang='grc' dir='ltr'>ἀναρρήξῃ</span> <span class='ocrx_word' id='word_1_322' title='bbox 585 3795 612 3824; x_wconf 78' lang='grc' dir='ltr'>ει</span> <span class='ocrx_word' id='word_1_323' title='bbox 643 3781 711 3834; x_wconf 91' lang='grc' dir='ltr'>τά</span> <span class='ocrx_word' id='word_1_324' title='bbox 736 3780 952 3853; x_wconf 85' lang='grc' dir='ltr'>στέρνα,</span> <span class='ocrx_word' id='word_1_325' title='bbox 981 3781 1076 3834; x_wconf 77' lang='grc' dir='ltr'>καὶ</span> <span class='ocrx_word' id='word_1_326' title='bbox 1099 3782 1240 3836; x_wconf 88' lang='grc' dir='ltr'>κατά</span> <span class='ocrx_word' id='word_1_327' title='bbox 1274 3785 1466 3854; x_wconf 84' lang='grc' dir='ltr'>μικρὸν</span> <span class='ocrx_word' id='word_1_328' title='bbox 1485 3787 1583 3857; x_wconf 80' lang='grc' dir='ltr'>τὴν</span> <span class='ocrx_word' id='word_1_329' title='bbox 1607 3804 1736 3859; x_wconf 88' lang='grc' dir='ltr'>καρ-</span> 
     </span>
    </p>
   </div>
   <div class='ocr_carea' id='block_1_43' title="bbox 164 3865 1733 3943">
    <p class='ocr_par' dir='ltr' id='par_1_43' title="bbox 164 3865 1733 3943">
     <span class='ocr_line' id='line_1_43' title="bbox 164 3865 1733 3943; baseline 0.004 -24"><span class='ocrx_word' id='word_1_330' title='bbox 164 3865 275 3920; x_wconf 85' lang='grc' dir='ltr'>δίαν</span> <span class='ocrx_word' id='word_1_331' title='bbox 301 3867 465 3920; x_wconf 79' lang='grc' dir='ltr'>διέλοι</span> <span class='ocrx_word' id='word_1_332' title='bbox 488 3865 691 3930; x_wconf 92' lang='grc' dir='ltr'>λαϐὼν,</span> <span class='ocrx_word' id='word_1_333' title='bbox 713 3865 772 3918; x_wconf 90' lang='grc' dir='ltr'>οὐ</span> <span class='ocrx_word' id='word_1_334' title='bbox 801 3865 1100 3936; x_wconf 84' lang='grc' dir='ltr'>προήσεται</span> <span class='ocrx_word' id='word_1_335' title='bbox 1127 3865 1218 3919; x_wconf 83' lang='grc' dir='ltr'>τὸν</span> <span class='ocrx_word' id='word_1_336' title='bbox 1243 3865 1387 3932; x_wconf 74' lang='grc' dir='ltr'>ἅπαξ</span> <span class='ocrx_word' id='word_1_337' title='bbox 1415 3869 1552 3942; x_wconf 84' lang='grc' dir='ltr'>αὐτῇ</span> <span class='ocrx_word' id='word_1_338' title='bbox 1583 3873 1733 3943; x_wconf 82' lang='grc' dir='ltr'>παρὰ</span> 
     </span>
    </p>
   </div>
   <div class='ocr_carea' id='block_1_44' title="bbox 165 3948 1734 4024">
    <p class='ocr_par' dir='ltr' id='par_1_44' title="bbox 165 3948 1734 4024">
     <span class='ocr_line' id='line_1_44' title="bbox 165 3948 1734 4024; baseline 0.004 -23"><span class='ocrx_word' id='word_1_339' title='bbox 165 3951 258 4019; x_wconf 81' lang='grc' dir='ltr'>τῆς</span> <span class='ocrx_word' id='word_1_340' title='bbox 287 3951 522 4013; x_wconf 89' lang='grc' dir='ltr'>πίστεως</span> <span class='ocrx_word' id='word_1_341' title='bbox 548 3948 981 4020; x_wconf 85' lang='grc' dir='ltr'>ἐμπιστευθέντα</span> <span class='ocrx_word' id='word_1_342' title='bbox 1011 3949 1302 4020; x_wconf 88' lang='grc' dir='ltr'>θησαυρόν.</span> <span class='ocrx_word' id='word_1_343' title='bbox 1341 3951 1510 4005; x_wconf 87' lang='grc' dir='ltr'>Τοῦτο</span> <span class='ocrx_word' id='word_1_344' title='bbox 1541 3953 1598 4006; x_wconf 91' lang='grc' dir='ltr'>δέ</span> <span class='ocrx_word' id='word_1_345' title='bbox 1632 3955 1734 4024; x_wconf 86' lang='grc' dir='ltr'>τῆς</span> 
     </span>
    </p>
   </div>
   <div class='ocr_carea' id='block_1_45' title="bbox 165 4031 1732 4106">
    <p class='ocr_par' dir='ltr' id='par_1_45' title="bbox 165 4031 1732 4106">
     <span class='ocr_line' id='line_1_45' title="bbox 165 4031 1732 4106; baseline 0.004 -22"><span class='ocrx_word' id='word_1_346' title='bbox 165 4031 254 4085; x_wconf 88' lang='grc' dir='ltr'>τοῦ</span> <span class='ocrx_word' id='word_1_347' title='bbox 282 4032 416 4087; x_wconf 88' lang='grc' dir='ltr'>Θεοῦ</span> <span class='ocrx_word' id='word_1_348' title='bbox 469 4033 692 4105; x_wconf 89' lang='grc' dir='ltr'>χάριτος</span> <span class='ocrx_word' id='word_1_349' title='bbox 733 4032 922 4100; x_wconf 90' lang='grc' dir='ltr'>γέγονε</span> <span class='ocrx_word' id='word_1_350' title='bbox 956 4033 1054 4102; x_wconf 87' lang='grc' dir='ltr'>τῆς</span> <span class='ocrx_word' id='word_1_351' title='bbox 1084 4033 1261 4087; x_wconf 88' lang='grc' dir='ltr'>πάντα</span> <span class='ocrx_word' id='word_1_352' title='bbox 1309 4037 1694 4106; x_wconf 87' lang='grc' dir='ltr'>οἰκονομούσης</span> <span class='ocrx_word' id='word_1_353' title='bbox 1715 4078 1732 4105; x_wconf 96' lang='grc'>,</span> 
     </span>
    </p>
   </div>
   <div class='ocr_carea' id='block_1_46' title="bbox 168 4114 1731 4188">
    <p class='ocr_par' dir='ltr' id='par_1_46' title="bbox 168 4114 1731 4188">
     <span class='ocr_line' id='line_1_46' title="bbox 168 4114 1731 4188; baseline 0.005 -22"><span class='ocrx_word' id='word_1_354' title='bbox 168 4117 256 4168; x_wconf 76' lang='grc' dir='ltr'>καὶ</span> <span class='ocrx_word' id='word_1_355' title='bbox 291 4119 348 4169; x_wconf 88' lang='grc' dir='ltr'>ἐν</span> <span class='ocrx_word' id='word_1_356' title='bbox 386 4116 674 4170; x_wconf 86' lang='grc' dir='ltr'>ἀσθενοῦσι</span> <span class='ocrx_word' id='word_1_357' title='bbox 705 4114 920 4187; x_wconf 89' lang='grc' dir='ltr'>σώμασι</span> <span class='ocrx_word' id='word_1_358' title='bbox 953 4116 1257 4188; x_wconf 83' lang='grc' dir='ltr'>δυναμένης</span> <span class='ocrx_word' id='word_1_359' title='bbox 1303 4118 1578 4188; x_wconf 83' lang='grc' dir='ltr'>παράδοξα</span> <span class='ocrx_word' id='word_1_360' title='bbox 1610 4122 1731 4174; x_wconf 86' lang='grc' dir='ltr'>ἐπι-</span> 
     </span>
    </p>
   </div>
   <div class='ocr_carea' id='block_1_47' title="bbox 166 4198 1734 4272">
    <p class='ocr_par' dir='ltr' id='par_1_47' title="bbox 166 4198 1734 4272">
     <span class='ocr_line' id='line_1_47' title="bbox 166 4198 1734 4272; baseline 0.003 -21"><span class='ocrx_word' id='word_1_361' title='bbox 166 4198 349 4254; x_wconf 80' lang='grc' dir='ltr'>τελεῖν.</span> <span class='ocrx_word' id='word_1_362' title='bbox 385 4201 497 4253; x_wconf 79' lang='lat' dir='ltr'><strong><em>Kal</em></strong></span> <span class='ocrx_word' id='word_1_363' title='bbox 519 4199 578 4252; x_wconf 84' lang='grc' dir='ltr'>τὸ</span> <span class='ocrx_word' id='word_1_364' title='bbox 609 4200 675 4270; x_wconf 84' lang='grc' dir='ltr'>δὴ</span> <span class='ocrx_word' id='word_1_365' title='bbox 703 4200 1140 4270; x_wconf 83' lang='grc' dir='ltr'>θαυμαστότερον</span> <span class='ocrx_word' id='word_1_366' title='bbox 1159 4218 1172 4231; x_wconf 83' lang='grc'><strong>·</strong></span> <span class='ocrx_word' id='word_1_367' title='bbox 1208 4201 1269 4252; x_wconf 89' lang='grc' dir='ltr'>οὐ</span> <span class='ocrx_word' id='word_1_368' title='bbox 1312 4202 1421 4272; x_wconf 80' lang='grc' dir='ltr'>γὰρ</span> <span class='ocrx_word' id='word_1_369' title='bbox 1456 4203 1614 4272; x_wconf 87' lang='grc' dir='ltr'>μόνον</span> <span class='ocrx_word' id='word_1_370' title='bbox 1644 4205 1734 4258; x_wconf 90' lang='grc' dir='ltr'>οὐ-</span> 
     </span>
    </p>
   </div>
   <div class='ocr_carea' id='block_1_48' title="bbox 167 4279 1732 4357">
    <p class='ocr_par' dir='ltr' id='par_1_48' title="bbox 167 4279 1732 4357">
     <span class='ocr_line' id='line_1_48' title="bbox 167 4279 1732 4357; baseline 0.006 -25"><span class='ocrx_word' id='word_1_371' title='bbox 167 4279 250 4335; x_wconf 80' lang='grc' dir='ltr'>δὲν</span> <span class='ocrx_word' id='word_1_372' title='bbox 277 4281 556 4352; x_wconf 74' lang='grc' dir='ltr'>ὑφείλοντο</span> <span class='ocrx_word' id='word_1_373' title='bbox 598 4281 831 4337; x_wconf 88' lang='grc' dir='ltr'>τοσαῦτα</span> <span class='ocrx_word' id='word_1_374' title='bbox 863 4283 1123 4353; x_wconf 80' lang='grc' dir='ltr'>μανέντες</span> <span class='ocrx_word' id='word_1_375' title='bbox 1169 4283 1276 4336; x_wconf 89' lang='grc' dir='ltr'>τῶν</span> <span class='ocrx_word' id='word_1_376' title='bbox 1299 4284 1732 4357; x_wconf 86' lang='grc' dir='ltr'>ἐναποκειμενων</span> 
     </span>
    </p>
   </div>
   <div class='ocr_carea' id='block_1_49' title="bbox 171 4365 1731 4444">
    <p class='ocr_par' dir='ltr' id='par_1_49' title="bbox 171 4365 1731 4444">
     <span class='ocr_line' id='line_1_49' title="bbox 171 4365 1731 4444; baseline 0.005 -27"><span class='ocrx_word' id='word_1_377' title='bbox 171 4366 343 4430; x_wconf 84' lang='grc' dir='ltr'>αὐτοῖς</span> <span class='ocrx_word' id='word_1_378' title='bbox 371 4366 682 4438; x_wconf 82' lang='grc' dir='ltr'>θησαυρῶν,</span> <span class='ocrx_word' id='word_1_379' title='bbox 707 4365 842 4419; x_wconf 90' lang='grc' dir='ltr'>ἀλλά</span> <span class='ocrx_word' id='word_1_380' title='bbox 865 4367 958 4419; x_wconf 76' lang='grc' dir='ltr'>καὶ</span> <span class='ocrx_word' id='word_1_381' title='bbox 983 4365 1121 4438; x_wconf 90' lang='grc' dir='ltr'>μετά</span> <span class='ocrx_word' id='word_1_382' title='bbox 1151 4366 1389 4433; x_wconf 87' lang='grc' dir='ltr'>πλείονος</span> <span class='ocrx_word' id='word_1_383' title='bbox 1415 4371 1609 4434; x_wconf 86' lang='grc' dir='ltr'>αὐτοὺς</span> <span class='ocrx_word' id='word_1_384' title='bbox 1634 4376 1731 4444; x_wconf 86' lang='grc' dir='ltr'>τῆς</span> 
     </span>
    </p>
   </div>
   <div class='ocr_carea' id='block_1_50' title="bbox 169 4448 1729 4524">
    <p class='ocr_par' dir='ltr' id='par_1_50' title="bbox 169 4448 1729 4524">
     <span class='ocr_line' id='line_1_50' title="bbox 169 4448 1729 4524; baseline 0.006 -24"><span class='ocrx_word' id='word_1_385' title='bbox 169 4449 462 4518; x_wconf 80' lang='grc' dir='ltr'>ἀσφαλείας</span> <span class='ocrx_word' id='word_1_386' title='bbox 491 4448 850 4519; x_wconf 87' lang='grc' dir='ltr'>φυλάττεσθαι</span> <span class='ocrx_word' id='word_1_387' title='bbox 890 4450 1150 4520; x_wconf 86' lang='grc' dir='ltr'>ἐποίησαν</span> <span class='ocrx_word' id='word_1_388' title='bbox 1168 4490 1180 4513; x_wconf 89' lang='grc'>,</span> <span class='ocrx_word' id='word_1_389' title='bbox 1231 4450 1641 4524; x_wconf 84' lang='grc' dir='ltr'>λαμπροτέρους</span> <span class='ocrx_word' id='word_1_390' title='bbox 1670 4473 1729 4509; x_wconf 88' lang='grc' dir='ltr'>τε</span> 
     </span>
    </p>
   </div>
   <div class='ocr_carea' id='block_1_51' title="bbox 169 4533 1730 4614">
    <p class='ocr_par' dir='ltr' id='par_1_51' title="bbox 169 4533 1730 4614">
     <span class='ocr_line' id='line_1_51' title="bbox 169 4533 1730 4614; baseline 0.006 -30"><span class='ocrx_word' id='word_1_391' title='bbox 169 4533 355 4598; x_wconf 79' lang='grc' dir='ltr'>αὐτοὺς</span> <span class='ocrx_word' id='word_1_392' title='bbox 404 4535 500 4588; x_wconf 73' lang='grc' dir='ltr'>καὶ</span> <span class='ocrx_word' id='word_1_393' title='bbox 533 4534 936 4604; x_wconf 78' lang='grc' dir='ltr'>εὐπορωτέρους</span> <span class='ocrx_word' id='word_1_394' title='bbox 984 4534 1326 4603; x_wconf 83' lang='grc' dir='ltr'>εἰργάσαντο.</span> <span class='ocrx_word' id='word_1_395' title='bbox 1361 4538 1474 4590; x_wconf 84' lang='grc' dir='ltr'>Οὐκ</span> <span class='ocrx_word' id='word_1_396' title='bbox 1503 4538 1583 4592; x_wconf 80' lang='grc' dir='ltr'>ἔτι</span> <span class='ocrx_word' id='word_1_397' title='bbox 1623 4540 1730 4614; x_wconf 87' lang='grc' dir='ltr'>γὰρ</span> 
     </span>
    </p>
   </div>
   <div class='ocr_carea' id='block_1_52' title="bbox 169 4615 1730 4693">
    <p class='ocr_par' dir='ltr' id='par_1_52' title="bbox 169 4615 1730 4693">
     <span class='ocr_line' id='line_1_52' title="bbox 169 4615 1730 4693; baseline 0.005 -25"><span class='ocrx_word' id='word_1_398' title='bbox 169 4615 363 4687; x_wconf 76' lang='grc' dir='ltr'>ἡψυχὴ</span> <span class='ocrx_word' id='word_1_399' title='bbox 397 4619 552 4688; x_wconf 83' lang='grc' dir='ltr'>μόνη,</span> <span class='ocrx_word' id='word_1_400' title='bbox 578 4615 715 4669; x_wconf 87' lang='grc' dir='ltr'>ἀλλά</span> <span class='ocrx_word' id='word_1_401' title='bbox 760 4616 853 4668; x_wconf 79' lang='grc' dir='ltr'>καὶ</span> <span class='ocrx_word' id='word_1_402' title='bbox 886 4617 1017 4669; x_wconf 86' lang='grc' dir='ltr'>αὐτὸ</span> <span class='ocrx_word' id='word_1_403' title='bbox 1045 4617 1110 4669; x_wconf 85' lang='grc' dir='ltr'>τὸ</span> <span class='ocrx_word' id='word_1_404' title='bbox 1141 4619 1297 4690; x_wconf 90' lang='grc' dir='ltr'>σῶμα</span> <span class='ocrx_word' id='word_1_405' title='bbox 1331 4619 1574 4685; x_wconf 84' lang='grc' dir='ltr'>πλείονος</span> <span class='ocrx_word' id='word_1_406' title='bbox 1603 4640 1730 4693; x_wconf 88' lang='grc' dir='ltr'>μετ-</span> 
     </span>
    </p>
   </div>
   <div class='ocr_carea' id='block_1_53' title="bbox 170 4697 1733 4778">
    <p class='ocr_par' dir='ltr' id='par_1_53' title="bbox 170 4697 1733 4778">
     <span class='ocr_line' id='line_1_53' title="bbox 170 4697 1733 4778; baseline 0.007 -30"><span class='ocrx_word' id='word_1_407' title='bbox 170 4697 322 4778; x_wconf 81' lang='grc' dir='ltr'>έλαϐε</span> <span class='ocrx_word' id='word_1_408' title='bbox 379 4700 479 4768; x_wconf 85' lang='grc' dir='ltr'>τῆς</span> <span class='ocrx_word' id='word_1_409' title='bbox 506 4703 727 4770; x_wconf 85' lang='grc' dir='ltr'>χάριτος</span> <span class='ocrx_word' id='word_1_410' title='bbox 753 4739 766 4761; x_wconf 90' lang='grc'>,</span> <span class='ocrx_word' id='word_1_411' title='bbox 799 4699 894 4752; x_wconf 61' lang='grc' dir='ltr'>καλ⁵</span> <span class='ocrx_word' id='word_1_412' title='bbox 925 4700 986 4751; x_wconf 84' lang='grc' dir='ltr'>οὐ</span> <span class='ocrx_word' id='word_1_413' title='bbox 1025 4701 1184 4773; x_wconf 81' lang='grc' dir='ltr'>μόνον</span> <span class='ocrx_word' id='word_1_414' title='bbox 1211 4703 1310 4756; x_wconf 85' lang='grc' dir='ltr'>οὐκ</span> <span class='ocrx_word' id='word_1_415' title='bbox 1343 4704 1634 4772; x_wconf 88' lang='grc' dir='ltr'>ἀπέϐαλεν,</span> <span class='ocrx_word' id='word_1_416' title='bbox 1666 4707 1733 4778; x_wconf 82' lang='grc' dir='ltr'>ἥν</span> 
     </span>
    </p>
   </div>
   <div class='ocr_carea' id='block_1_54' title="bbox 170 4775 1733 4857">
    <p class='ocr_par' dir='ltr' id='par_1_54' title="bbox 170 4775 1733 4857">
     <span class='ocr_line' id='line_1_54' title="bbox 170 4775 1733 4857; baseline 0.007 -26"><span class='ocrx_word' id='word_1_417' title='bbox 170 4775 298 4851; x_wconf 75' lang='grc' dir='ltr'>εἶχε,</span> <span class='ocrx_word' id='word_1_418' title='bbox 335 4783 473 4851; x_wconf 88' lang='grc' dir='ltr'>μετά</span> <span class='ocrx_word' id='word_1_419' title='bbox 497 4783 558 4834; x_wconf 81' lang='grc' dir='ltr'>τὸ</span> <span class='ocrx_word' id='word_1_420' title='bbox 587 4782 945 4852; x_wconf 87' lang='grc' dir='ltr'>διατμηθῆναι</span> <span class='ocrx_word' id='word_1_421' title='bbox 980 4785 1073 4837; x_wconf 77' lang='grc' dir='ltr'>καὶ</span> <span class='ocrx_word' id='word_1_422' title='bbox 1110 4786 1487 4857; x_wconf 89' lang='grc' dir='ltr'>κατακοπῆναι</span> <span class='ocrx_word' id='word_1_423' title='bbox 1535 4775 1733 4843; x_wconf 87' lang='grc' dir='ltr'>πολλά-</span> 
     </span>
    </p>
   </div>
   <div class='ocr_carea' id='block_1_55' title="bbox 171 4865 1734 4942">
    <p class='ocr_par' dir='ltr' id='par_1_55' title="bbox 171 4865 1734 4942">
     <span class='ocr_line' id='line_1_55' title="bbox 171 4865 1734 4942; baseline 0.006 -26"><span class='ocrx_word' id='word_1_424' title='bbox 171 4879 252 4928; x_wconf 87' lang='grc' dir='ltr'>κις</span> <span class='ocrx_word' id='word_1_425' title='bbox 276 4905 290 4927; x_wconf 93' lang='grc'>,</span> <span class='ocrx_word' id='word_1_426' title='bbox 324 4866 460 4918; x_wconf 88' lang='grc' dir='ltr'>ἀλλά</span> <span class='ocrx_word' id='word_1_427' title='bbox 489 4865 584 4919; x_wconf 78' lang='grc' dir='ltr'>καὶ</span> <span class='ocrx_word' id='word_1_428' title='bbox 618 4865 965 4919; x_wconf 77' lang='grc' dir='ltr'>ἐπεσπάσατο</span> <span class='ocrx_word' id='word_1_429' title='bbox 1011 4866 1232 4922; x_wconf 88' lang='grc' dir='ltr'>πλείονα</span> <span class='ocrx_word' id='word_1_430' title='bbox 1275 4870 1368 4922; x_wconf 74' lang='grc' dir='ltr'>καὶ</span> <span class='ocrx_word' id='word_1_431' title='bbox 1425 4872 1593 4941; x_wconf 84' lang='grc' dir='ltr'>μείζω</span> <span class='ocrx_word' id='word_1_432' title='bbox 1635 4871 1734 4942; x_wconf 81' lang='grc' dir='ltr'>τὴν</span> 
     </span>
    </p>
   </div>
   <div class='ocr_carea' id='block_1_56' title="bbox 174 4948 1734 5024">
    <p class='ocr_par' dir='ltr' id='par_1_56' title="bbox 174 4948 1734 5024">
     <span class='ocr_line' id='line_1_56' title="bbox 174 4948 1734 5024; baseline 0.007 -25"><span class='ocrx_word' id='word_1_433' title='bbox 174 4948 356 5019; x_wconf 79' lang='grc' dir='ltr'>ῥοπήν.</span> <span class='ocrx_word' id='word_1_434' title='bbox 387 4951 451 5002; x_wconf 87' lang='grc' dir='ltr'>Τί</span> <span class='ocrx_word' id='word_1_435' title='bbox 483 4948 685 5016; x_wconf 85' lang='grc' dir='ltr'>ταύτης</span> <span class='ocrx_word' id='word_1_436' title='bbox 715 4949 911 5017; x_wconf 84' lang='grc' dir='ltr'>γένοιτ’</span> <span class='ocrx_word' id='word_1_437' title='bbox 943 4950 1010 5004; x_wconf 84' lang='grc' dir='ltr'>ἂν</span> <span class='ocrx_word' id='word_1_438' title='bbox 1039 4950 1139 5020; x_wconf 89' lang='grc' dir='ltr'>τῆς</span> <span class='ocrx_word' id='word_1_439' title='bbox 1169 4952 1324 5021; x_wconf 87' lang='grc' dir='ltr'>νίκης</span> <span class='ocrx_word' id='word_1_440' title='bbox 1362 4953 1734 5024; x_wconf 69' lang='grc' dir='ltr'>θαυμαστότεοι</span> 
     </span>
    </p>
   </div>
   <div class='ocr_carea' id='block_1_57' title="bbox 175 5029 1733 5109">
    <p class='ocr_par' dir='ltr' id='par_1_57' title="bbox 175 5029 1733 5109">
     <span class='ocr_line' id='line_1_57' title="bbox 175 5029 1733 5109; baseline 0.005 -25"><span class='ocrx_word' id='word_1_441' title='bbox 175 5046 292 5099; x_wconf 87' lang='grc' dir='ltr'>ρον,</span> <span class='ocrx_word' id='word_1_442' title='bbox 340 5033 420 5085; x_wconf 80' lang='grc' dir='ltr'>ὅτι</span> <span class='ocrx_word' id='word_1_443' title='bbox 468 5031 562 5096; x_wconf 83' lang='grc' dir='ltr'>οὒς</span> <span class='ocrx_word' id='word_1_444' title='bbox 597 5035 845 5102; x_wconf 86' lang='grc' dir='ltr'>κατεῖχον</span> <span class='ocrx_word' id='word_1_445' title='bbox 879 5035 973 5086; x_wconf 77' lang='grc' dir='ltr'>καὶ</span> <span class='ocrx_word' id='word_1_446' title='bbox 1021 5029 1164 5104; x_wconf 75' lang='grc' dir='ltr'>εἶχον</span> <span class='ocrx_word' id='word_1_447' title='bbox 1207 5036 1586 5109; x_wconf 85' lang='grc' dir='ltr'>ὑποχειρίους,</span> <span class='ocrx_word' id='word_1_448' title='bbox 1641 5041 1733 5092; x_wconf 78' lang='grc' dir='ltr'>καὶ</span> 
     </span>
    </p>
   </div>
   <div class='ocr_carea' id='block_1_58' title="bbox 171 5111 1732 5196">
    <p class='ocr_par' dir='ltr' id='par_1_58' title="bbox 171 5111 1732 5196">
     <span class='ocr_line' id='line_1_58' title="bbox 171 5111 1732 5196; baseline 0.009 -34"><span class='ocrx_word' id='word_1_449' title='bbox 171 5111 421 5184; x_wconf 84' lang='grc' dir='ltr'>δήσαντες</span> <span class='ocrx_word' id='word_1_450' title='bbox 441 5117 647 5181; x_wconf 77' lang='grc' dir='ltr'>ἔξαινον</span> <span class='ocrx_word' id='word_1_451' title='bbox 679 5116 816 5186; x_wconf 88' lang='grc' dir='ltr'>μετά</span> <span class='ocrx_word' id='word_1_452' title='bbox 841 5117 1086 5181; x_wconf 80' lang='grc' dir='ltr'>ἐξουσίας</span> <span class='ocrx_word' id='word_1_453' title='bbox 1103 5161 1118 5179; x_wconf 88' lang='grc'>,</span> <span class='ocrx_word' id='word_1_454' title='bbox 1143 5118 1364 5196; x_wconf 79' lang='grc' dir='ltr'>τούτους</span> <span class='ocrx_word' id='word_1_455' title='bbox 1393 5121 1608 5192; x_wconf 88' lang='grc' dir='ltr'>νικῆσαι</span> <span class='ocrx_word' id='word_1_456' title='bbox 1633 5124 1732 5177; x_wconf 88' lang='grc' dir='ltr'>οὐκ</span> 
     </span>
    </p>
   </div>
   <div class='ocr_carea' id='block_1_59' title="bbox 174 5193 1733 5273">
    <p class='ocr_par' dir='ltr' id='par_1_59' title="bbox 174 5193 1733 5273">
     <span class='ocr_line' id='line_1_59' title="bbox 174 5193 1733 5273; baseline 0.008 -29"><span class='ocrx_word' id='word_1_457' title='bbox 174 5193 388 5273; x_wconf 70' lang='grc' dir='ltr'>ίσχυσαν</span> <span class='ocrx_word' id='word_1_458' title='bbox 412 5240 427 5264; x_wconf 96' lang='grc'>,</span> <span class='ocrx_word' id='word_1_459' title='bbox 468 5200 582 5252; x_wconf 88' lang='grc' dir='ltr'>ἀλλ’</span> <span class='ocrx_word' id='word_1_460' title='bbox 631 5201 736 5255; x_wconf 77' lang='grc' dir='ltr'>ὑπὸ</span> <span class='ocrx_word' id='word_1_461' title='bbox 776 5200 980 5253; x_wconf 87' lang='grc' dir='ltr'>τούτων</span> <span class='ocrx_word' id='word_1_462' title='bbox 1011 5199 1156 5273; x_wconf 74' lang='grc'>[701]</span> <span class='ocrx_word' id='word_1_463' title='bbox 1199 5193 1437 5273; x_wconf 82' lang='grc' dir='ltr'>ἡττῶντο</span> <span class='ocrx_word' id='word_1_464' title='bbox 1488 5203 1733 5268; x_wconf 82' lang='grc' dir='ltr'>ἐλεεινῶς</span> 
     </span>
    </p>
   </div>
   <div class='ocr_carea' id='block_1_60' title="bbox 173 5278 1732 5356">
    <p class='ocr_par' dir='ltr' id='par_1_60' title="bbox 173 5278 1732 5356">
     <span class='ocr_line' id='line_1_60' title="bbox 173 5278 1732 5356; baseline 0.006 -26"><span class='ocrx_word' id='word_1_465' title='bbox 173 5278 262 5330; x_wconf 79' lang='grc' dir='ltr'>καὶ</span> <span class='ocrx_word' id='word_1_466' title='bbox 292 5281 487 5346; x_wconf 85' lang='grc' dir='ltr'>ἀθλίως</span> <span class='ocrx_word' id='word_1_467' title='bbox 512 5302 526 5349; x_wconf 88' lang='grc'><strong>;</strong></span> <span class='ocrx_word' id='word_1_468' title='bbox 559 5284 634 5337; x_wconf 92' lang='grc' dir='ltr'>Οὐ</span> <span class='ocrx_word' id='word_1_469' title='bbox 663 5285 771 5356; x_wconf 85' lang='grc' dir='ltr'>γὰρ</span> <span class='ocrx_word' id='word_1_470' title='bbox 800 5285 939 5354; x_wconf 82' lang='grc' dir='ltr'>πρὸς</span> <span class='ocrx_word' id='word_1_471' title='bbox 984 5285 1179 5347; x_wconf 84' lang='grc' dir='ltr'>αὐτοὺς</span> <span class='ocrx_word' id='word_1_472' title='bbox 1231 5284 1527 5355; x_wconf 76' lang='grc' dir='ltr'>ἐπολέμουν</span> <span class='ocrx_word' id='word_1_473' title='bbox 1550 5327 1564 5352; x_wconf 93' lang='grc'>,</span> <span class='ocrx_word' id='word_1_474' title='bbox 1596 5287 1732 5340; x_wconf 85' lang='grc' dir='ltr'>ἀλλά</span> 
     </span>
    </p>
   </div>
   <div class='ocr_carea' id='block_1_61' title="bbox 171 5362 1732 5440">
    <p class='ocr_par' dir='ltr' id='par_1_61' title="bbox 171 5362 1732 5440">
     <span class='ocr_line' id='line_1_61' title="bbox 171 5362 1732 5440; baseline 0.01 -30"><span class='ocrx_word' id='word_1_475' title='bbox 171 5362 302 5440; x_wconf 59' lang='grc' dir='ltr'>προς</span> <span class='ocrx_word' id='word_1_476' title='bbox 350 5365 438 5418; x_wconf 77' lang='grc' dir='ltr'>τὸν</span> <span class='ocrx_word' id='word_1_477' title='bbox 469 5367 674 5420; x_wconf 82' lang='grc' dir='ltr'>ἐνοικον</span> <span class='ocrx_word' id='word_1_478' title='bbox 720 5367 900 5422; x_wconf 86' lang='grc' dir='ltr'>αὐτῶν</span> <span class='ocrx_word' id='word_1_479' title='bbox 931 5367 1060 5420; x_wconf 90' lang='grc' dir='ltr'>Θεόν</span> <span class='ocrx_word' id='word_1_480' title='bbox 1088 5381 1102 5395; x_wconf 91' lang='grc'><strong>·</strong></span> <span class='ocrx_word' id='word_1_481' title='bbox 1155 5367 1247 5422; x_wconf 80' lang='grc' dir='ltr'>τὸν</span> <span class='ocrx_word' id='word_1_482' title='bbox 1295 5367 1351 5421; x_wconf 86' lang='grc' dir='ltr'>δέ</span> <span class='ocrx_word' id='word_1_483' title='bbox 1404 5369 1522 5440; x_wconf 84' lang='grc' dir='ltr'>Θεῷ</span> <span class='ocrx_word' id='word_1_484' title='bbox 1577 5371 1732 5424; x_wconf 87' lang='grc' dir='ltr'>πολε-</span> 
     </span>
    </p>
   </div>
   <div class='ocr_carea' id='block_1_62' title="bbox 175 5435 1732 5525">
    <p class='ocr_par' dir='ltr' id='par_1_62' title="bbox 175 5435 1732 5525">
     <span class='ocr_line' id='line_1_62' title="bbox 175 5435 1732 5525; baseline 0.007 -30"><span class='ocrx_word' id='word_1_485' title='bbox 175 5435 370 5510; x_wconf 85' lang='grc' dir='ltr'>μοῦντα</span> <span class='ocrx_word' id='word_1_486' title='bbox 401 5449 482 5503; x_wconf 83' lang='grc' dir='ltr'>ὅτι</span> <span class='ocrx_word' id='word_1_487' title='bbox 511 5452 661 5503; x_wconf 85' lang='grc' dir='ltr'>πᾶσα</span> <span class='ocrx_word' id='word_1_488' title='bbox 689 5450 902 5522; x_wconf 84' lang='grc' dir='ltr'>ἀνάγκη</span> <span class='ocrx_word' id='word_1_489' title='bbox 947 5449 1087 5520; x_wconf 83' lang='grc' dir='ltr'>μετὰ</span> <span class='ocrx_word' id='word_1_490' title='bbox 1114 5450 1313 5521; x_wconf 87' lang='grc' dir='ltr'>πολλῆς</span> <span class='ocrx_word' id='word_1_491' title='bbox 1345 5435 1605 5522; x_wconf 80' lang='grc' dir='ltr'>ἡττᾶσθαι</span> <span class='ocrx_word' id='word_1_492' title='bbox 1632 5455 1732 5525; x_wconf 92' lang='grc' dir='ltr'>τῆς</span> 
     </span>
    </p>
   </div>
   <div class='ocr_carea' id='block_1_63' title="bbox 171 5529 1728 5611">
    <p class='ocr_par' dir='ltr' id='par_1_63' title="bbox 171 5529 1728 5611">
     <span class='ocr_line' id='line_1_63' title="bbox 171 5529 1728 5611; baseline 0.01 -33"><span class='ocrx_word' id='word_1_493' title='bbox 171 5529 509 5596; x_wconf 85' lang='grc' dir='ltr'>περιουσίας,</span> <span class='ocrx_word' id='word_1_494' title='bbox 539 5534 696 5603; x_wconf 86' lang='grc' dir='ltr'>δίκην</span> <span class='ocrx_word' id='word_1_495' title='bbox 743 5534 951 5588; x_wconf 86' lang='grc' dir='ltr'>διδόντα</span> <span class='ocrx_word' id='word_1_496' title='bbox 994 5534 1094 5606; x_wconf 90' lang='grc' dir='ltr'>τῆς</span> <span class='ocrx_word' id='word_1_497' title='bbox 1120 5537 1512 5609; x_wconf 87' lang='grc' dir='ltr'>ἐπιχειρήσεως</span> <span class='ocrx_word' id='word_1_498' title='bbox 1538 5537 1728 5611; x_wconf 86' lang='grc' dir='ltr'>μόνης,</span> 
     </span>
    </p>
   </div>
   <div class='ocr_carea' id='block_1_64' title="bbox 172 5611 800 5687">
    <p class='ocr_par' dir='ltr' id='par_1_64' title="bbox 172 5611 800 5687">
     <span class='ocr_line' id='line_1_64' title="bbox 172 5611 800 5687; baseline 0.01 -22"><span class='ocrx_word' id='word_1_499' title='bbox 172 5611 325 5668; x_wconf 66' lang='grc' dir='ltr'>⁴παντί</span> <span class='ocrx_word' id='word_1_500' title='bbox 349 5628 450 5666; x_wconf 91' lang='grc' dir='ltr'>που</span> <span class='ocrx_word' id='word_1_501' title='bbox 475 5615 632 5687; x_wconf 86' lang='grc' dir='ltr'>δῆλόν</span> <span class='ocrx_word' id='word_1_502' title='bbox 663 5618 800 5671; x_wconf 83' lang='grc' dir='ltr'>ἐστι.</span> 
     </span>
    </p>
   </div>
   <div class='ocr_carea' id='block_1_65' title="bbox 204 5775 950 5854">
    <p class='ocr_par' dir='ltr' id='par_1_65' title="bbox 204 5775 950 5854">
     <span class='ocr_line' id='line_1_65' title="bbox 204 5775 950 5854; baseline 0.004 -22"><span class='ocrx_word' id='word_1_503' title='bbox 204 5847 206 5851; x_wconf 85' lang='lat'><em>_</em></span> <span class='ocrx_word' id='word_1_504' title='bbox 234 5775 260 5814; x_wconf 71' lang='grc'>⁸</span> <span class='ocrx_word' id='word_1_505' title='bbox 284 5776 424 5843; x_wconf 66' lang='lat' dir='ltr'>Regii</span> <span class='ocrx_word' id='word_1_506' title='bbox 449 5784 530 5832; x_wconf 83' lang='grc' dir='ltr'>κᾶν</span> <span class='ocrx_word' id='word_1_507' title='bbox 557 5785 681 5848; x_wconf 77' lang='grc' dir='ltr'>μέσα</span> <span class='ocrx_word' id='word_1_508' title='bbox 701 5785 950 5854; x_wconf 72' lang='grc' dir='ltr'>ἀναρρήξῃ.</span> 
     </span>
    </p>
   </div>
   <div class='ocr_carea' id='block_1_66' title="bbox 1299 343 2195 409">
    <p class='ocr_par' dir='ltr' id='par_1_66' title="bbox 1299 343 2195 409">
     <span class='ocr_line' id='line_1_66' title="bbox 1299 343 2195 409; baseline 0.013 -12"><span class='ocrx_word' id='word_1_509' title='bbox 1299 343 1364 398; x_wconf 80' lang='grc' dir='ltr'>ΙΝ</span> <span class='ocrx_word' id='word_1_510' title='bbox 1396 343 1774 402; x_wconf 74' lang='lat' dir='ltr'>MARTYRES</span> <span class='ocrx_word' id='word_1_511' title='bbox 1810 346 2195 409; x_wconf 63' lang='lat' dir='ltr'>EGYPTIOS.</span> 
     </span>
    </p>
   </div>
   <div class='ocr_carea' id='block_1_67' title="bbox 3300 364 3405 422">
    <p class='ocr_par' dir='ltr' id='par_1_67' title="bbox 3300 364 3405 422">
     <span class='ocr_line' id='line_1_67' title="bbox 3300 364 3405 422; baseline 0 0"><span class='ocrx_word' id='word_1_512' title='bbox 3300 364 3405 422; x_wconf 81' lang='lat'><strong>696</strong></span> 
     </span>
    </p>
   </div>
   <div class='ocr_carea' id='block_1_68' title="bbox 1912 463 3410 546">
    <p class='ocr_par' dir='ltr' id='par_1_68' title="bbox 1912 463 3410 546">
     <span class='ocr_line' id='line_1_68' title="bbox 1912 463 3410 546; baseline 0.008 -29"><span class='ocrx_word' id='word_1_513' title='bbox 1912 463 1981 533; x_wconf 84' lang='grc' dir='ltr'>β’.</span> <span class='ocrx_word' id='word_1_514' title='bbox 1999 465 2256 520; x_wconf 89' lang='grc' dir='ltr'>Τοιαῦται</span> <span class='ocrx_word' id='word_1_515' title='bbox 2271 466 2377 522; x_wconf 85' lang='grc' dir='ltr'>τῶν</span> <span class='ocrx_word' id='word_1_516' title='bbox 2392 467 2561 538; x_wconf 91' lang='grc' dir='ltr'>άγίων</span> <span class='ocrx_word' id='word_1_517' title='bbox 2576 469 2631 524; x_wconf 90' lang='grc' dir='ltr'>αἰ</span> <span class='ocrx_word' id='word_1_518' title='bbox 2646 472 2809 526; x_wconf 88' lang='grc' dir='ltr'>νῖκαι.</span> <span class='ocrx_word' id='word_1_519' title='bbox 2824 470 3041 526; x_wconf 85' lang='grc' dir='ltr'>Εἰδέτά</span> <span class='ocrx_word' id='word_1_520' title='bbox 3055 471 3410 546; x_wconf 86' lang='grc' dir='ltr'>ἀγωνίσματα</span> 
     </span>
    </p>
   </div>
   <div class='ocr_carea' id='block_1_69' title="bbox 1837 553 3411 632">
    <p class='ocr_par' dir='ltr' id='par_1_69' title="bbox 1837 553 3411 632">
     <span class='ocr_line' id='line_1_69' title="bbox 1837 553 3411 632; baseline 0.008 -26"><span class='ocrx_word' id='word_1_521' title='bbox 1837 553 1934 607; x_wconf 73' lang='grc' dir='ltr'>καὶ</span> <span class='ocrx_word' id='word_1_522' title='bbox 1954 556 2022 609; x_wconf 83' lang='grc' dir='ltr'>τὰ</span> <span class='ocrx_word' id='word_1_523' title='bbox 2044 555 2397 628; x_wconf 86' lang='grc' dir='ltr'>παλαίσματα</span> <span class='ocrx_word' id='word_1_524' title='bbox 2427 557 2566 613; x_wconf 81' lang='grc' dir='ltr'>οὑτω</span> <span class='ocrx_word' id='word_1_525' title='bbox 2596 559 2883 632; x_wconf 88' lang='grc' dir='ltr'>θαυμαστά</span> <span class='ocrx_word' id='word_1_526' title='bbox 2907 561 3000 615; x_wconf 75' lang='grc' dir='ltr'>καὶ</span> <span class='ocrx_word' id='word_1_527' title='bbox 3029 563 3326 632; x_wconf 82' lang='grc' dir='ltr'>παράδοξα,</span> <span class='ocrx_word' id='word_1_528' title='bbox 3354 565 3411 619; x_wconf 87' lang='grc' dir='ltr'>τί</span> 
     </span>
    </p>
   </div>
   <div class='ocr_carea' id='block_1_70' title="bbox 1837 642 3410 724">
    <p class='ocr_par' dir='ltr' id='par_1_70' title="bbox 1837 642 3410 724">
     <span class='ocr_line' id='line_1_70' title="bbox 1837 642 3410 724; baseline 0.008 -27"><span class='ocrx_word' id='word_1_529' title='bbox 1837 642 1904 698; x_wconf 84' lang='grc' dir='ltr'>ἂν</span> <span class='ocrx_word' id='word_1_530' title='bbox 1937 646 2183 717; x_wconf 76' lang='grc' dir='ltr'>εἴποιμεν</span> <span class='ocrx_word' id='word_1_531' title='bbox 2232 649 2361 720; x_wconf 77' lang='grc' dir='ltr'>περὶ</span> <span class='ocrx_word' id='word_1_532' title='bbox 2413 648 2521 705; x_wconf 87' lang='grc' dir='ltr'>τῶν</span> <span class='ocrx_word' id='word_1_533' title='bbox 2555 651 2804 708; x_wconf 87' lang='grc' dir='ltr'>ἐπάθλων</span> <span class='ocrx_word' id='word_1_534' title='bbox 2851 654 2945 707; x_wconf 76' lang='lat' dir='ltr'>xal</span> <span class='ocrx_word' id='word_1_535' title='bbox 2989 653 3268 724; x_wconf 89' lang='grc' dir='ltr'>στεφάνων</span> <span class='ocrx_word' id='word_1_536' title='bbox 3299 655 3410 710; x_wconf 88' lang='grc' dir='ltr'>τῶν</span> 
     </span>
    </p>
   </div>
   <div class='ocr_carea' id='block_1_71' title="bbox 1838 735 3407 815">
    <p class='ocr_par' dir='ltr' id='par_1_71' title="bbox 1838 735 3407 815">
     <span class='ocr_line' id='line_1_71' title="bbox 1838 735 3407 815; baseline 0.007 -27"><span class='ocrx_word' id='word_1_537' title='bbox 1838 735 1979 807; x_wconf 81' lang='grc' dir='ltr'>ὑπὲρ</span> <span class='ocrx_word' id='word_1_538' title='bbox 2012 741 2111 809; x_wconf 78' lang='grc' dir='ltr'>τῆς</span> <span class='ocrx_word' id='word_1_539' title='bbox 2138 738 2317 792; x_wconf 90' lang='grc' dir='ltr'>αὐτῶν</span> <span class='ocrx_word' id='word_1_540' title='bbox 2341 742 2636 813; x_wconf 90' lang='grc' dir='ltr'>καρτερίας</span> <span class='ocrx_word' id='word_1_541' title='bbox 2661 743 3039 815; x_wconf 84' lang='grc' dir='ltr'>ἀποκειμένων</span> <span class='ocrx_word' id='word_1_542' title='bbox 3079 746 3297 812; x_wconf 85' lang='grc' dir='ltr'>αὐτοῖς;</span> <span class='ocrx_word' id='word_1_543' title='bbox 3331 747 3407 799; x_wconf 89' lang='grc' dir='ltr'>Οὐ</span> 
     </span>
    </p>
   </div>
   <div class='ocr_carea' id='block_1_72' title="bbox 1836 827 3408 906">
    <p class='ocr_par' dir='ltr' id='par_1_72' title="bbox 1836 827 3408 906">
     <span class='ocr_line' id='line_1_72' title="bbox 1836 827 3408 906; baseline 0.005 -24"><span class='ocrx_word' id='word_1_544' title='bbox 1836 827 1946 901; x_wconf 85' lang='grc' dir='ltr'>γάρ</span> <span class='ocrx_word' id='word_1_545' title='bbox 1969 830 2032 901; x_wconf 81' lang='grc' dir='ltr'>δή</span> <span class='ocrx_word' id='word_1_546' title='bbox 2083 831 2247 904; x_wconf 89' lang='grc' dir='ltr'>μέχρι</span> <span class='ocrx_word' id='word_1_547' title='bbox 2296 833 2405 886; x_wconf 91' lang='grc' dir='ltr'>τῶν</span> <span class='ocrx_word' id='word_1_548' title='bbox 2443 834 2689 904; x_wconf 89' lang='grc' dir='ltr'>βασάνων</span> <span class='ocrx_word' id='word_1_549' title='bbox 2739 835 2942 889; x_wconf 83' lang='grc' dir='ltr'>τούτων</span> <span class='ocrx_word' id='word_1_550' title='bbox 2974 835 3209 906; x_wconf 76' lang='grc' dir='ltr'>ἔστησαν</span> <span class='ocrx_word' id='word_1_551' title='bbox 3237 876 3252 900; x_wconf 90' lang='grc'>,</span> <span class='ocrx_word' id='word_1_552' title='bbox 3286 837 3408 890; x_wconf 87' lang='grc' dir='ltr'>οὐδέ</span> 
     </span>
    </p>
   </div>
   <div class='ocr_carea' id='block_1_73' title="bbox 1836 921 3408 999">
    <p class='ocr_par' dir='ltr' id='par_1_73' title="bbox 1836 921 3408 999">
     <span class='ocr_line' id='line_1_73' title="bbox 1836 921 3408 999; baseline 0.005 -25"><span class='ocrx_word' id='word_1_553' title='bbox 1836 921 2070 975; x_wconf 88' lang='grc' dir='ltr'>ἐνταῦθα</span> <span class='ocrx_word' id='word_1_554' title='bbox 2100 921 2190 976; x_wconf 84' lang='grc' dir='ltr'>τὸν</span> <span class='ocrx_word' id='word_1_555' title='bbox 2215 923 2414 994; x_wconf 88' lang='grc' dir='ltr'>δρόμον</span> <span class='ocrx_word' id='word_1_556' title='bbox 2443 925 2742 980; x_wconf 85' lang='grc' dir='ltr'>κατέλυσαν</span> <span class='ocrx_word' id='word_1_557' title='bbox 2760 967 2776 994; x_wconf 90' lang='grc'>,</span> <span class='ocrx_word' id='word_1_558' title='bbox 2814 925 2952 980; x_wconf 87' lang='grc' dir='ltr'>ἀλλά</span> <span class='ocrx_word' id='word_1_559' title='bbox 2996 928 3307 999; x_wconf 88' lang='grc' dir='ltr'>περαιτέρω</span> <span class='ocrx_word' id='word_1_560' title='bbox 3336 928 3408 982; x_wconf 89' lang='grc' dir='ltr'>τά</span> 
     </span>
    </p>
   </div>
   <div class='ocr_carea' id='block_1_74' title="bbox 1837 1013 3408 1090">
    <p class='ocr_par' dir='ltr' id='par_1_74' title="bbox 1837 1013 3408 1090">
     <span class='ocr_line' id='line_1_74' title="bbox 1837 1013 3408 1090; baseline 0.003 -23"><span class='ocrx_word' id='word_1_561' title='bbox 1837 1013 2138 1085; x_wconf 89' lang='grc' dir='ltr'>σκάμματα</span> <span class='ocrx_word' id='word_1_562' title='bbox 2170 1015 2350 1080; x_wconf 88' lang='grc' dir='ltr'>αὐτοῖς</span> <span class='ocrx_word' id='word_1_563' title='bbox 2379 1016 2671 1083; x_wconf 78' lang='grc' dir='ltr'>ἐξετείνετο</span> <span class='ocrx_word' id='word_1_564' title='bbox 2694 1058 2709 1084; x_wconf 96' lang='grc'>,</span> <span class='ocrx_word' id='word_1_565' title='bbox 2761 1017 2854 1072; x_wconf 92' lang='grc' dir='ltr'>τοῦ</span> <span class='ocrx_word' id='word_1_566' title='bbox 2889 1019 2989 1090; x_wconf 87' lang='grc' dir='ltr'>μέν</span> <span class='ocrx_word' id='word_1_567' title='bbox 3023 1019 3260 1090; x_wconf 89' lang='grc' dir='ltr'>πονηροῦ</span> <span class='ocrx_word' id='word_1_568' title='bbox 3291 1019 3408 1073; x_wconf 84' lang='grc' dir='ltr'>δαί-</span> 
     </span>
    </p>
   </div>
   <div class='ocr_carea' id='block_1_75' title="bbox 1839 1095 3406 1180">
    <p class='ocr_par' dir='ltr' id='par_1_75' title="bbox 1839 1095 3406 1180">
     <span class='ocr_line' id='line_1_75' title="bbox 1839 1095 3406 1180; baseline 0.003 -22"><span class='ocrx_word' id='word_1_569' title='bbox 1839 1121 1999 1176; x_wconf 92' lang='grc' dir='ltr'>μονος</span> <span class='ocrx_word' id='word_1_570' title='bbox 2044 1107 2112 1176; x_wconf 86' lang='grc' dir='ltr'>τῇ</span> <span class='ocrx_word' id='word_1_571' title='bbox 2150 1107 2432 1179; x_wconf 87' lang='grc' dir='ltr'>προσθήκῃ</span> <span class='ocrx_word' id='word_1_572' title='bbox 2485 1107 2593 1161; x_wconf 90' lang='grc' dir='ltr'>τῶν</span> <span class='ocrx_word' id='word_1_573' title='bbox 2647 1109 2927 1179; x_wconf 90' lang='grc' dir='ltr'>τιμωριῶν</span> <span class='ocrx_word' id='word_1_574' title='bbox 2983 1095 3406 1180; x_wconf 86' lang='grc' dir='ltr'>προσδοκοῦντος</span> 
     </span>
    </p>
   </div>
   <div class='ocr_carea' id='block_1_76' title="bbox 1835 1186 3404 1270">
    <p class='ocr_par' dir='ltr' id='par_1_76' title="bbox 1835 1186 3404 1270">
     <span class='ocr_line' id='line_1_76' title="bbox 1835 1186 3404 1270; baseline 0.003 -22"><span class='ocrx_word' id='word_1_575' title='bbox 1835 1195 2209 1260; x_wconf 77' lang='grc' dir='ltr'>ὑποσκελίζειν</span> <span class='ocrx_word' id='word_1_576' title='bbox 2264 1198 2390 1262; x_wconf 83' lang='grc' dir='ltr'>τοὺς</span> <span class='ocrx_word' id='word_1_577' title='bbox 2449 1186 2726 1268; x_wconf 86' lang='grc' dir='ltr'>ἀθλητὰς,</span> <span class='ocrx_word' id='word_1_578' title='bbox 2777 1200 2872 1252; x_wconf 91' lang='grc' dir='ltr'>τοῦ</span> <span class='ocrx_word' id='word_1_579' title='bbox 2909 1200 2967 1254; x_wconf 90' lang='grc' dir='ltr'>δέ</span> <span class='ocrx_word' id='word_1_580' title='bbox 3022 1199 3404 1270; x_wconf 83' lang='grc' dir='ltr'>φιλανθρώπου</span> 
     </span>
    </p>
   </div>
   <div class='ocr_carea' id='block_1_77' title="bbox 1833 1283 3405 1360">
    <p class='ocr_par' dir='ltr' id='par_1_77' title="bbox 1833 1283 3405 1360">
     <span class='ocr_line' id='line_1_77' title="bbox 1833 1283 3405 1360; baseline 0.004 -24"><span class='ocrx_word' id='word_1_581' title='bbox 1833 1283 1968 1337; x_wconf 85' lang='grc' dir='ltr'>Θεοῦ</span> <span class='ocrx_word' id='word_1_582' title='bbox 2000 1285 2403 1357; x_wconf 89' lang='grc' dir='ltr'>συγχωροῦντος</span> <span class='ocrx_word' id='word_1_583' title='bbox 2432 1288 2526 1341; x_wconf 76' lang='grc' dir='ltr'>καὶ</span> <span class='ocrx_word' id='word_1_584' title='bbox 2555 1287 2615 1340; x_wconf 92' lang='grc' dir='ltr'>οὐ</span> <span class='ocrx_word' id='word_1_585' title='bbox 2649 1287 2950 1352; x_wconf 85' lang='grc' dir='ltr'>κωλύοντος</span> <span class='ocrx_word' id='word_1_586' title='bbox 2971 1306 2986 1320; x_wconf 86' lang='grc'><strong>·</strong></span> <span class='ocrx_word' id='word_1_587' title='bbox 3018 1290 3158 1343; x_wconf 82' lang='grc' dir='ltr'>ὥστε</span> <span class='ocrx_word' id='word_1_588' title='bbox 3191 1289 3286 1343; x_wconf 78' lang='grc' dir='ltr'>καὶ</span> <span class='ocrx_word' id='word_1_589' title='bbox 3306 1289 3405 1360; x_wconf 83' lang='grc' dir='ltr'>τὴν</span> 
     </span>
    </p>
   </div>
   <div class='ocr_carea' id='block_1_78' title="bbox 1833 1375 3403 1453">
    <p class='ocr_par' dir='ltr' id='par_1_78' title="bbox 1833 1375 3403 1453">
     <span class='ocr_line' id='line_1_78' title="bbox 1833 1375 3403 1453; baseline 0.003 -25"><span class='ocrx_word' id='word_1_590' title='bbox 1833 1375 1940 1429; x_wconf 88' lang='grc' dir='ltr'>τῶν</span> <span class='ocrx_word' id='word_1_591' title='bbox 1978 1377 2221 1431; x_wconf 86' lang='grc' dir='ltr'>ἀπίστων</span> <span class='ocrx_word' id='word_1_592' title='bbox 2277 1379 2472 1447; x_wconf 88' lang='grc' dir='ltr'>μανίαν</span> <span class='ocrx_word' id='word_1_593' title='bbox 2515 1383 2851 1453; x_wconf 83' lang='grc' dir='ltr'>σαφεστέραν</span> <span class='ocrx_word' id='word_1_594' title='bbox 2895 1383 3062 1436; x_wconf 76' lang='grc' dir='ltr'>πᾶσιν</span> <span class='ocrx_word' id='word_1_595' title='bbox 3090 1380 3403 1452; x_wconf 85' lang='grc' dir='ltr'>ἐπιδειχθῆ-</span> 
     </span>
    </p>
   </div>
   <div class='ocr_carea' id='block_1_79' title="bbox 1834 1469 3404 1544">
    <p class='ocr_par' dir='ltr' id='par_1_79' title="bbox 1834 1469 3404 1544">
     <span class='ocr_line' id='line_1_79' title="bbox 1834 1469 3404 1544; baseline 0.003 -25"><span class='ocrx_word' id='word_1_596' title='bbox 1834 1483 1939 1532; x_wconf 90' lang='grc' dir='ltr'>ναι,</span> <span class='ocrx_word' id='word_1_597' title='bbox 1965 1469 2059 1521; x_wconf 72' lang='lat' dir='ltr'><strong><em>ml</em></strong></span> <span class='ocrx_word' id='word_1_598' title='bbox 2082 1469 2292 1534; x_wconf 83' lang='grc' dir='ltr'>τούτοις</span> <span class='ocrx_word' id='word_1_599' title='bbox 2321 1471 2732 1544; x_wconf 85' lang='grc' dir='ltr'>λαμπροτέρους</span> <span class='ocrx_word' id='word_1_600' title='bbox 2763 1474 2858 1528; x_wconf 79' lang='grc' dir='ltr'>καὶ</span> <span class='ocrx_word' id='word_1_601' title='bbox 2889 1471 3103 1537; x_wconf 88' lang='grc' dir='ltr'>πλείους</span> <span class='ocrx_word' id='word_1_602' title='bbox 3133 1471 3404 1542; x_wconf 89' lang='grc' dir='ltr'>πλακῆναι</span> 
     </span>
    </p>
   </div>
   <div class='ocr_carea' id='block_1_80' title="bbox 1832 1558 3404 1634">
    <p class='ocr_par' dir='ltr' id='par_1_80' title="bbox 1832 1558 3404 1634">
     <span class='ocr_line' id='line_1_80' title="bbox 1832 1558 3404 1634; baseline 0.003 -24"><span class='ocrx_word' id='word_1_603' title='bbox 1832 1558 1958 1622; x_wconf 83' lang='grc' dir='ltr'>τούς</span> <span class='ocrx_word' id='word_1_604' title='bbox 1984 1560 2296 1627; x_wconf 88' lang='grc' dir='ltr'>στεφάνους.</span> <span class='ocrx_word' id='word_1_605' title='bbox 2326 1562 2435 1615; x_wconf 79' lang='grc' dir='ltr'>Καὶ</span> <span class='ocrx_word' id='word_1_606' title='bbox 2481 1563 2731 1634; x_wconf 85' lang='grc' dir='ltr'>καθάπερ</span> <span class='ocrx_word' id='word_1_607' title='bbox 2773 1565 2865 1617; x_wconf 77' lang='grc' dir='ltr'>ἐπὶ</span> <span class='ocrx_word' id='word_1_608' title='bbox 2901 1562 2996 1617; x_wconf 88' lang='grc' dir='ltr'>τοῦ</span> <span class='ocrx_word' id='word_1_609' title='bbox 3035 1562 3152 1616; x_wconf 84' lang='grc' dir='ltr'>Ἰὼϐ</span> <span class='ocrx_word' id='word_1_610' title='bbox 3182 1562 3404 1631; x_wconf 88' lang='grc' dir='ltr'>γέγονεν</span> 
     </span>
    </p>
   </div>
   <div class='ocr_carea' id='block_1_81' title="bbox 1833 1641 3402 1726">
    <p class='ocr_par' dir='ltr' id='par_1_81' title="bbox 1833 1641 3402 1726">
     <span class='ocr_line' id='line_1_81' title="bbox 1833 1641 3402 1726; baseline 0.001 -22"><span class='ocrx_word' id='word_1_611' title='bbox 1833 1648 1926 1704; x_wconf 57' lang='grc' dir='ltr'>καὶ⁸</span> <span class='ocrx_word' id='word_1_612' title='bbox 1968 1650 2061 1702; x_wconf 89' lang='grc' dir='ltr'>τοῦ</span> <span class='ocrx_word' id='word_1_613' title='bbox 2108 1641 2385 1705; x_wconf 79' lang='grc' dir='ltr'>δίαϐόλου·</span> <span class='ocrx_word' id='word_1_614' title='bbox 2424 1656 2452 1706; x_wconf 88' lang='grc' dir='ltr'>ὁ</span> <span class='ocrx_word' id='word_1_615' title='bbox 2504 1656 2602 1724; x_wconf 89' lang='grc' dir='ltr'>μέν</span> <span class='ocrx_word' id='word_1_616' title='bbox 2653 1655 2882 1718; x_wconf 83' lang='grc' dir='ltr'>πλείουςι</span> <span class='ocrx_word' id='word_1_617' title='bbox 2913 1654 3034 1726; x_wconf 71' lang='grc' dir='ltr'>ᾔτει</span> <span class='ocrx_word' id='word_1_618' title='bbox 3083 1655 3202 1708; x_wconf 85' lang='grc' dir='ltr'>κατ’</span> <span class='ocrx_word' id='word_1_619' title='bbox 3237 1650 3402 1707; x_wconf 88' lang='grc' dir='ltr'>αὐτοῦ</span> 
     </span>
    </p>
   </div>
   <div class='ocr_carea' id='block_1_82' title="bbox 1832 1741 3403 1816">
    <p class='ocr_par' dir='ltr' id='par_1_82' title="bbox 1832 1741 3403 1816">
     <span class='ocr_line' id='line_1_82' title="bbox 1832 1741 3403 1816; baseline 0.001 -23"><span class='ocrx_word' id='word_1_620' title='bbox 1832 1742 1982 1813; x_wconf 86' lang='grc' dir='ltr'>παρά</span> <span class='ocrx_word' id='word_1_621' title='bbox 2033 1741 2125 1795; x_wconf 87' lang='grc' dir='ltr'>τοῦ</span> <span class='ocrx_word' id='word_1_622' title='bbox 2180 1742 2315 1796; x_wconf 86' lang='grc' dir='ltr'>Θεοῦ</span> <span class='ocrx_word' id='word_1_623' title='bbox 2365 1745 2668 1816; x_wconf 87' lang='grc' dir='ltr'>τιμωρίας,</span> <span class='ocrx_word' id='word_1_624' title='bbox 2702 1745 3015 1816; x_wconf 81' lang='grc' dir='ltr'>προσδοκῶν</span> <span class='ocrx_word' id='word_1_625' title='bbox 3052 1741 3403 1815; x_wconf 87' lang='grc' dir='ltr'>περιέσεσθαι</span> 
     </span>
    </p>
   </div>
   <div class='ocr_carea' id='block_1_83' title="bbox 1831 1833 3402 1906">
    <p class='ocr_par' dir='ltr' id='par_1_83' title="bbox 1831 1833 3402 1906">
     <span class='ocr_line' id='line_1_83' title="bbox 1831 1833 3402 1906; baseline 0.002 -22"><span class='ocrx_word' id='word_1_626' title='bbox 1831 1834 1896 1902; x_wconf 81' lang='grc' dir='ltr'>τῇ</span> <span class='ocrx_word' id='word_1_627' title='bbox 1935 1833 2223 1906; x_wconf 84' lang='grc' dir='ltr'>προσθήκῃ</span> <span class='ocrx_word' id='word_1_628' title='bbox 2258 1833 2367 1887; x_wconf 89' lang='grc' dir='ltr'>τῶν</span> <span class='ocrx_word' id='word_1_629' title='bbox 2391 1835 2578 1889; x_wconf 87' lang='grc' dir='ltr'>δεινῶν</span> <span class='ocrx_word' id='word_1_630' title='bbox 2605 1837 2700 1890; x_wconf 92' lang='grc' dir='ltr'>τοῦ</span> <span class='ocrx_word' id='word_1_631' title='bbox 2721 1838 2968 1906; x_wconf 90' lang='grc' dir='ltr'>γενναίου</span> <span class='ocrx_word' id='word_1_632' title='bbox 2993 1837 3093 1905; x_wconf 88' lang='grc' dir='ltr'>τῆς</span> <span class='ocrx_word' id='word_1_633' title='bbox 3120 1835 3402 1896; x_wconf 87' lang='grc' dir='ltr'>εὐσεϐείας</span> 
     </span>
    </p>
   </div>
   <div class='ocr_carea' id='block_1_84' title="bbox 1830 1924 3400 1998">
    <p class='ocr_par' dir='ltr' id='par_1_84' title="bbox 1830 1924 3400 1998">
     <span class='ocr_line' id='line_1_84' title="bbox 1830 1924 3400 1998; baseline 0 -20"><span class='ocrx_word' id='word_1_634' title='bbox 1830 1924 2092 1994; x_wconf 75' lang='grc' dir='ltr'>ἀθλητοῦο</span> <span class='ocrx_word' id='word_1_635' title='bbox 2125 1927 2154 1978; x_wconf 91' lang='grc' dir='ltr'>ὁ</span> <span class='ocrx_word' id='word_1_636' title='bbox 2185 1926 2240 1978; x_wconf 78' lang='grc' dir='ltr'>δὲ</span> <span class='ocrx_word' id='word_1_637' title='bbox 2266 1925 2556 1998; x_wconf 84' lang='grc' dir='ltr'>συνεχώρει</span> <span class='ocrx_word' id='word_1_638' title='bbox 2579 1967 2596 1992; x_wconf 95' lang='grc'>,</span> <span class='ocrx_word' id='word_1_639' title='bbox 2627 1929 2722 1981; x_wconf 76' lang='grc' dir='ltr'>καὶ</span> <span class='ocrx_word' id='word_1_640' title='bbox 2751 1926 3034 1998; x_wconf 76' lang='grc' dir='ltr'>ἐχαρίζετο</span> <span class='ocrx_word' id='word_1_641' title='bbox 3075 1929 3194 1989; x_wconf 87' lang='grc' dir='ltr'>ταῖς</span> <span class='ocrx_word' id='word_1_642' title='bbox 3231 1942 3400 1996; x_wconf 83' lang='grc' dir='ltr'>πονη-</span> 
     </span>
    </p>
   </div>
   <div class='ocr_carea' id='block_1_85' title="bbox 1834 2017 3403 2091">
    <p class='ocr_par' dir='ltr' id='par_1_85' title="bbox 1834 2017 3403 2091">
     <span class='ocr_line' id='line_1_85' title="bbox 1834 2017 3403 2091; baseline 0.001 -23"><span class='ocrx_word' id='word_1_643' title='bbox 1834 2019 1950 2087; x_wconf 90' lang='grc' dir='ltr'>ραῖς</span> <span class='ocrx_word' id='word_1_644' title='bbox 1982 2018 2229 2088; x_wconf 85' lang='grc' dir='ltr'>αἰτήσεσι</span> <span class='ocrx_word' id='word_1_645' title='bbox 2253 2017 2348 2071; x_wconf 90' lang='grc' dir='ltr'>τοῦ</span> <span class='ocrx_word' id='word_1_646' title='bbox 2384 2017 2621 2091; x_wconf 89' lang='grc' dir='ltr'>πονηροῦ</span> <span class='ocrx_word' id='word_1_647' title='bbox 2653 2019 2902 2090; x_wconf 88' lang='grc' dir='ltr'>δαίμονος</span> <span class='ocrx_word' id='word_1_648' title='bbox 2927 2057 2942 2083; x_wconf 91' lang='grc'>,</span> <span class='ocrx_word' id='word_1_649' title='bbox 2977 2019 3403 2088; x_wconf 86' lang='grc' dir='ltr'>ἐπιφανέστερον</span> 
     </span>
    </p>
   </div>
   <div class='ocr_carea' id='block_1_86' title="bbox 1829 2107 3403 2182">
    <p class='ocr_par' dir='ltr' id='par_1_86' title="bbox 1829 2107 3403 2182">
     <span class='ocr_line' id='line_1_86' title="bbox 1829 2107 3403 2182; baseline 0.001 -22"><span class='ocrx_word' id='word_1_650' title='bbox 1829 2107 1921 2161; x_wconf 83' lang='grc' dir='ltr'>τὸν</span> <span class='ocrx_word' id='word_1_651' title='bbox 1950 2109 2115 2163; x_wconf 85' lang='grc' dir='ltr'>αὑτοῦ</span> <span class='ocrx_word' id='word_1_652' title='bbox 2137 2109 2305 2163; x_wconf 86' lang='grc' dir='ltr'>ποιῶν</span> <span class='ocrx_word' id='word_1_653' title='bbox 2335 2109 2605 2181; x_wconf 86' lang='grc' dir='ltr'>ἀθλητήν·</span> <span class='ocrx_word' id='word_1_654' title='bbox 2639 2110 2779 2163; x_wconf 81' lang='grc' dir='ltr'>οὕτω</span> <span class='ocrx_word' id='word_1_655' title='bbox 2805 2110 2870 2182; x_wconf 81' lang='grc' dir='ltr'>δή</span> <span class='ocrx_word' id='word_1_656' title='bbox 2897 2110 2992 2163; x_wconf 74' lang='grc' dir='ltr'>καὶ</span> <span class='ocrx_word' id='word_1_657' title='bbox 3021 2109 3253 2164; x_wconf 87' lang='grc' dir='ltr'>ἐνταῦθα</span> <span class='ocrx_word' id='word_1_658' title='bbox 3280 2107 3403 2178; x_wconf 81' lang='grc' dir='ltr'>ἐγέ-</span> 
     </span>
    </p>
   </div>
   <div class='ocr_carea' id='block_1_87' title="bbox 1829 2201 3403 2276">
    <p class='ocr_par' dir='ltr' id='par_1_87' title="bbox 1829 2201 3403 2276">
     <span class='ocr_line' id='line_1_87' title="bbox 1829 2201 3403 2276; baseline -0.003 -17"><span class='ocrx_word' id='word_1_659' title='bbox 1829 2221 1969 2259; x_wconf 90' lang='grc' dir='ltr'>νετο.</span> <span class='ocrx_word' id='word_1_660' title='bbox 2016 2203 2232 2276; x_wconf 82' lang='grc' dir='ltr'>Ἐπειδὴ</span> <span class='ocrx_word' id='word_1_661' title='bbox 2277 2203 2382 2275; x_wconf 85' lang='grc' dir='ltr'>γὰρ</span> <span class='ocrx_word' id='word_1_662' title='bbox 2433 2203 2621 2273; x_wconf 88' lang='grc' dir='ltr'>θηρίου</span> <span class='ocrx_word' id='word_1_663' title='bbox 2661 2203 2860 2268; x_wconf 77' lang='grc' dir='ltr'>παντὸς</span> <span class='ocrx_word' id='word_1_664' title='bbox 2906 2203 3285 2274; x_wconf 88' lang='grc' dir='ltr'>χαλεπώτερον</span> <span class='ocrx_word' id='word_1_665' title='bbox 3338 2201 3403 2256; x_wconf 77' lang='grc' dir='ltr'>τὸ</span> 
     </span>
    </p>
   </div>
   <div class='ocr_carea' id='block_1_88' title="bbox 1831 2285 3420 2368">
    <p class='ocr_par' dir='ltr' id='par_1_88' title="bbox 1831 2285 3420 2368">
     <span class='ocr_line' id='line_1_88' title="bbox 1831 2285 3420 2368; baseline -0.002 -18"><span class='ocrx_word' id='word_1_666' title='bbox 1831 2297 1992 2368; x_wconf 92' lang='grc' dir='ltr'>σῶμα</span> <span class='ocrx_word' id='word_1_667' title='bbox 2018 2295 2194 2350; x_wconf 88' lang='grc' dir='ltr'>αὐτῶν</span> <span class='ocrx_word' id='word_1_668' title='bbox 2219 2296 2553 2365; x_wconf 86' lang='grc' dir='ltr'>πανταχόθεν</span> <span class='ocrx_word' id='word_1_669' title='bbox 2583 2297 2968 2367; x_wconf 86' lang='grc' dir='ltr'>διεμασήσατο,</span> <span class='ocrx_word' id='word_1_670' title='bbox 2991 2296 3085 2349; x_wconf 75' lang='grc' dir='ltr'>καὶ</span> <span class='ocrx_word' id='word_1_671' title='bbox 3107 2295 3205 2364; x_wconf 87' lang='grc' dir='ltr'>τὴν</span> <span class='ocrx_word' id='word_1_672' title='bbox 3228 2285 3420 2362; x_wconf 65' lang='grc' dir='ltr'>γλῶτ-’</span> 
     </span>
    </p>
   </div>
   <div class='ocr_carea' id='block_1_89' title="bbox 1828 2384 3400 2459">
    <p class='ocr_par' dir='ltr' id='par_1_89' title="bbox 1828 2384 3400 2459">
     <span class='ocr_line' id='line_1_89' title="bbox 1828 2384 3400 2459; baseline -0.003 -17"><span class='ocrx_word' id='word_1_673' title='bbox 1828 2406 1927 2442; x_wconf 90' lang='grc' dir='ltr'>ταν</span> <span class='ocrx_word' id='word_1_674' title='bbox 1959 2388 2052 2442; x_wconf 79' lang='grc' dir='ltr'>καί.</span> <span class='ocrx_word' id='word_1_675' title='bbox 2075 2389 2136 2441; x_wconf 85' lang='grc' dir='ltr'>τδ</span> <span class='ocrx_word' id='word_1_676' title='bbox 2162 2388 2336 2459; x_wconf 90' lang='grc' dir='ltr'>στόμα</span> <span class='ocrx_word' id='word_1_677' title='bbox 2358 2386 2587 2458; x_wconf 73' lang='grc' dir='ltr'>ᾗμαξεν,</span> <span class='ocrx_word' id='word_1_678' title='bbox 2618 2388 2666 2439; x_wconf 85' lang='grc' dir='ltr'>εί</span> <span class='ocrx_word' id='word_1_679' title='bbox 2695 2387 2790 2439; x_wconf 75' lang='grc' dir='ltr'>καὶ</span> <span class='ocrx_word' id='word_1_680' title='bbox 2820 2387 2893 2456; x_wconf 82' lang='grc' dir='ltr'>μή</span> <span class='ocrx_word' id='word_1_681' title='bbox 2927 2389 3038 2449; x_wconf 88' lang='grc' dir='ltr'>τοῖς</span> <span class='ocrx_word' id='word_1_682' title='bbox 3068 2385 3262 2454; x_wconf 80' lang='grc' dir='ltr'>αἵμασι</span> <span class='ocrx_word' id='word_1_683' title='bbox 3287 2384 3400 2438; x_wconf 70' lang='grc' dir='ltr'>τῶι</span> 
     </span>
    </p>
   </div>
   <div class='ocr_carea' id='block_1_90' title="bbox 1828 2474 3401 2549">
    <p class='ocr_par' dir='ltr' id='par_1_90' title="bbox 1828 2474 3401 2549">
     <span class='ocr_line' id='line_1_90' title="bbox 1828 2474 3401 2549; baseline -0.004 -16"><span class='ocrx_word' id='word_1_684' title='bbox 1828 2480 1998 2548; x_wconf 83' lang='grc' dir='ltr'>ἁγίων</span> <span class='ocrx_word' id='word_1_685' title='bbox 2027 2520 2042 2544; x_wconf 97' lang='grc'>,</span> <span class='ocrx_word' id='word_1_686' title='bbox 2075 2479 2210 2533; x_wconf 91' lang='grc' dir='ltr'>ἀλλά</span> <span class='ocrx_word' id='word_1_687' title='bbox 2256 2481 2374 2541; x_wconf 89' lang='grc' dir='ltr'>ταῖς</span> <span class='ocrx_word' id='word_1_688' title='bbox 2415 2475 2801 2549; x_wconf 77' lang='grc' dir='ltr'>ἀπανθρώπςις</span> <span class='ocrx_word' id='word_1_689' title='bbox 2853 2477 2948 2530; x_wconf 74' lang='grc' dir='ltr'>καὶ</span> <span class='ocrx_word' id='word_1_690' title='bbox 2990 2475 3169 2546; x_wconf 85' lang='grc' dir='ltr'>ὠμαῖς</span> <span class='ocrx_word' id='word_1_691' title='bbox 3201 2474 3401 2546; x_wconf 84' lang='grc' dir='ltr'>ψήφοις</span> 
     </span>
    </p>
   </div>
   <div class='ocr_carea' id='block_1_91' title="bbox 1829 2568 3402 2646">
    <p class='ocr_par' dir='ltr' id='par_1_91' title="bbox 1829 2568 3402 2646">
     <span class='ocr_line' id='line_1_91' title="bbox 1829 2568 3402 2646; baseline -0.003 -22"><span class='ocrx_word' id='word_1_692' title='bbox 1829 2573 2094 2646; x_wconf 86' lang='grc' dir='ltr'>ἐκείναις,</span> <span class='ocrx_word' id='word_1_693' title='bbox 2128 2570 2380 2641; x_wconf 75' lang='grc' dir='ltr'>ἡττηθεὶς</span> <span class='ocrx_word' id='word_1_694' title='bbox 2411 2571 2516 2624; x_wconf 89' lang='grc' dir='ltr'>ὑπὸ</span> <span class='ocrx_word' id='word_1_695' title='bbox 2563 2573 2662 2641; x_wconf 88' lang='grc' dir='ltr'>τῆς</span> <span class='ocrx_word' id='word_1_696' title='bbox 2709 2570 3004 2642; x_wconf 88' lang='grc' dir='ltr'>καρτερίας</span> <span class='ocrx_word' id='word_1_697' title='bbox 3047 2568 3256 2632; x_wconf 89' lang='grc' dir='ltr'>αὐτῶν,</span> <span class='ocrx_word' id='word_1_698' title='bbox 3306 2568 3402 2621; x_wconf 74' lang='grc' dir='ltr'>καὶ</span> 
     </span>
    </p>
   </div>
   <div class='ocr_carea' id='block_1_92' title="bbox 1830 2661 3398 2735">
    <p class='ocr_par' dir='ltr' id='par_1_92' title="bbox 1830 2661 3398 2735">
     <span class='ocr_line' id='line_1_92' title="bbox 1830 2661 3398 2735; baseline -0.001 -17"><span class='ocrx_word' id='word_1_699' title='bbox 1830 2663 2160 2735; x_wconf 78' lang='grc' dir='ltr'>ἐμφορηθεὶς</span> <span class='ocrx_word' id='word_1_700' title='bbox 2191 2663 2390 2726; x_wconf 82' lang='grc' dir='ltr'>ἱκανῶς</span> <span class='ocrx_word' id='word_1_701' title='bbox 2415 2663 2513 2733; x_wconf 88' lang='grc' dir='ltr'>τῆς</span> <span class='ocrx_word' id='word_1_702' title='bbox 2541 2663 2912 2734; x_wconf 83' lang='grc' dir='ltr'>ἀπανθρώπου</span> <span class='ocrx_word' id='word_1_703' title='bbox 2947 2662 3130 2732; x_wconf 90' lang='grc' dir='ltr'>θοίνης</span> <span class='ocrx_word' id='word_1_704' title='bbox 3154 2661 3398 2731; x_wconf 83' lang='grc' dir='ltr'>ἐκείνης,</span> 
     </span>
    </p>
   </div>
   <div class='ocr_carea' id='block_1_93' title="bbox 1827 2754 3404 2829">
    <p class='ocr_par' dir='ltr' id='par_1_93' title="bbox 1827 2754 3404 2829">
     <span class='ocr_line' id='line_1_93' title="bbox 1827 2754 3404 2829; baseline -0.003 -18"><span class='ocrx_word' id='word_1_705' title='bbox 1827 2757 1923 2811; x_wconf 78' lang='grc' dir='ltr'>καὶ</span> <span class='ocrx_word' id='word_1_706' title='bbox 1951 2758 2109 2829; x_wconf 86' lang='grc' dir='ltr'>κόρον</span> <span class='ocrx_word' id='word_1_707' title='bbox 2141 2756 2321 2811; x_wconf 90' lang='grc' dir='ltr'>λαϐὼν</span> <span class='ocrx_word' id='word_1_708' title='bbox 2345 2757 2604 2828; x_wconf 84' lang='grc' dir='ltr'>ἀπῆλθεν.</span> <span class='ocrx_word' id='word_1_709' title='bbox 2619 2757 2761 2828; x_wconf 87' lang='grc' dir='ltr'>Ὅρα</span> <span class='ocrx_word' id='word_1_710' title='bbox 2788 2755 2898 2827; x_wconf 85' lang='grc' dir='ltr'>γάρ</span> <span class='ocrx_word' id='word_1_711' title='bbox 2931 2755 3072 2825; x_wconf 87' lang='grc' dir='ltr'>πόση</span> <span class='ocrx_word' id='word_1_712' title='bbox 3102 2754 3209 2808; x_wconf 89' lang='grc' dir='ltr'>τῶν</span> <span class='ocrx_word' id='word_1_713' title='bbox 3231 2754 3404 2822; x_wconf 82' lang='grc' dir='ltr'>ἁγίων</span> 
     </span>
    </p>
   </div>
   <div class='ocr_carea' id='block_1_94' title="bbox 1827 2846 3403 2923">
    <p class='ocr_par' dir='ltr' id='par_1_94' title="bbox 1827 2846 3403 2923">
     <span class='ocr_line' id='line_1_94' title="bbox 1827 2846 3403 2923; baseline -0.005 -19"><span class='ocrx_word' id='word_1_714' title='bbox 1827 2853 1862 2923; x_wconf 88' lang='grc' dir='ltr'>ή</span> <span class='ocrx_word' id='word_1_715' title='bbox 1893 2851 2137 2920; x_wconf 80' lang='grc' dir='ltr'>ὑπομονὴ</span> <span class='ocrx_word' id='word_1_716' title='bbox 2158 2892 2172 2916; x_wconf 90' lang='grc'>,</span> <span class='ocrx_word' id='word_1_717' title='bbox 2202 2851 2236 2920; x_wconf 79' lang='grc' dir='ltr'>ἢ</span> <span class='ocrx_word' id='word_1_718' title='bbox 2260 2848 2525 2920; x_wconf 85' lang='grc' dir='ltr'>τοσαύτην</span> <span class='ocrx_word' id='word_1_719' title='bbox 2556 2849 2752 2920; x_wconf 90' lang='grc' dir='ltr'>μανίαν</span> <span class='ocrx_word' id='word_1_720' title='bbox 2779 2850 2894 2911; x_wconf 90' lang='grc' dir='ltr'>τοῖς</span> <span class='ocrx_word' id='word_1_721' title='bbox 2929 2847 3150 2910; x_wconf 79' lang='grc' dir='ltr'>οἰκείοις</span> <span class='ocrx_word' id='word_1_722' title='bbox 3177 2846 3403 2915; x_wconf 70' lang='grc' dir='ltr'>ἐκόρεσσ</span> 
     </span>
    </p>
   </div>
   <div class='ocr_carea' id='block_1_95' title="bbox 1829 2935 3400 3010">
    <p class='ocr_par' dir='ltr' id='par_1_95' title="bbox 1829 2935 3400 3010">
     <span class='ocr_line' id='line_1_95' title="bbox 1829 2935 3400 3010; baseline -0.005 -15"><span class='ocrx_word' id='word_1_723' title='bbox 1829 2942 2075 2996; x_wconf 89' lang='grc' dir='ltr'>πάθεσιν.</span> <span class='ocrx_word' id='word_1_724' title='bbox 2124 2939 2311 3010; x_wconf 76' lang='grc' dir='ltr'>Ἐπῄει</span> <span class='ocrx_word' id='word_1_725' title='bbox 2366 2942 2526 2998; x_wconf 87' lang='grc' dir='ltr'>πάλιν</span> <span class='ocrx_word' id='word_1_726' title='bbox 2573 2939 3042 3010; x_wconf 79' lang='grc' dir='ltr'>ἐπαγωνιζόμενος</span> <span class='ocrx_word' id='word_1_727' title='bbox 3084 2939 3150 3008; x_wconf 81' lang='grc' dir='ltr'>τῇ</span> <span class='ocrx_word' id='word_1_728' title='bbox 3213 2935 3400 3006; x_wconf 75' lang='grc' dir='ltr'>μανίᾳ,</span> 
     </span>
    </p>
   </div>
   <div class='ocr_carea' id='block_1_96' title="bbox 1832 3027 3402 3108">
    <p class='ocr_par' dir='ltr' id='par_1_96' title="bbox 1832 3027 3402 3108">
     <span class='ocr_line' id='line_1_96' title="bbox 1832 3027 3402 3108; baseline -0.008 -18"><span class='ocrx_word' id='word_1_729' title='bbox 1832 3036 1926 3090; x_wconf 73' lang='grc' dir='ltr'>καὶ</span> <span class='ocrx_word' id='word_1_730' title='bbox 1957 3037 2132 3091; x_wconf 89' lang='grc' dir='ltr'>πάντα</span> <span class='ocrx_word' id='word_1_731' title='bbox 2186 3036 2255 3090; x_wconf 86' lang='grc' dir='ltr'>τά</span> <span class='ocrx_word' id='word_1_732' title='bbox 2302 3036 2464 3108; x_wconf 86' lang='grc' dir='ltr'>θηρία</span> <span class='ocrx_word' id='word_1_733' title='bbox 2508 3036 2576 3088; x_wconf 81' lang='grc' dir='ltr'>δι’</span> <span class='ocrx_word' id='word_1_734' title='bbox 2610 3033 2776 3102; x_wconf 80' lang='grc' dir='ltr'>ἄλλης</span> <span class='ocrx_word' id='word_1_735' title='bbox 2810 3030 3090 3101; x_wconf 82' lang='grc' dir='ltr'>ὠμότητος</span> <span class='ocrx_word' id='word_1_736' title='bbox 3115 3027 3402 3095; x_wconf 87' lang='grc' dir='ltr'>ἐκνικῆσαι</span> 
     </span>
    </p>
   </div>
   <div class='ocr_carea' id='block_1_97' title="bbox 1834 3117 3404 3196">
    <p class='ocr_par' dir='ltr' id='par_1_97' title="bbox 1834 3117 3404 3196">
     <span class='ocr_line' id='line_1_97' title="bbox 1834 3117 3404 3196; baseline -0.008 -15"><span class='ocrx_word' id='word_1_737' title='bbox 1834 3126 2167 3196; x_wconf 85' lang='grc' dir='ltr'>φιλονεικῶν.</span> <span class='ocrx_word' id='word_1_738' title='bbox 2209 3127 2419 3180; x_wconf 79' lang='grc' dir='ltr'>Ἐκεῖνα</span> <span class='ocrx_word' id='word_1_739' title='bbox 2451 3124 2559 3195; x_wconf 80' lang='grc' dir='ltr'>γὰρ</span> <span class='ocrx_word' id='word_1_740' title='bbox 2591 3121 2804 3190; x_wconf 87' lang='grc' dir='ltr'>ἀνάγκῃ</span> <span class='ocrx_word' id='word_1_741' title='bbox 2852 3118 3067 3188; x_wconf 83' lang='grc' dir='ltr'>φύσεως</span> <span class='ocrx_word' id='word_1_742' title='bbox 3120 3117 3257 3187; x_wconf 76' lang='grc' dir='ltr'>πρὸς</span> <span class='ocrx_word' id='word_1_743' title='bbox 3302 3117 3404 3185; x_wconf 79' lang='grc' dir='ltr'>τὴν</span> 
     </span>
    </p>
   </div>
   <div class='ocr_carea' id='block_1_98' title="bbox 1835 3209 3403 3293">
    <p class='ocr_par' dir='ltr' id='par_1_98' title="bbox 1835 3209 3403 3293">
     <span class='ocr_line' id='line_1_98' title="bbox 1835 3209 3403 3293; baseline -0.01 -17"><span class='ocrx_word' id='word_1_744' title='bbox 1835 3221 2015 3292; x_wconf 88' lang='grc' dir='ltr'>θοίνην</span> <span class='ocrx_word' id='word_1_745' title='bbox 2053 3220 2268 3293; x_wconf 79' lang='grc' dir='ltr'>ἔρχεται</span> <span class='ocrx_word' id='word_1_746' title='bbox 2303 3217 2526 3287; x_wconf 89' lang='grc' dir='ltr'>ταύτην,</span> <span class='ocrx_word' id='word_1_747' title='bbox 2563 3215 2659 3269; x_wconf 69' lang='grc' dir='ltr'>καὶ</span> <span class='ocrx_word' id='word_1_748' title='bbox 2690 3211 3016 3286; x_wconf 87' lang='grc' dir='ltr'>κορεσθέντα</span> <span class='ocrx_word' id='word_1_749' title='bbox 3048 3211 3266 3274; x_wconf 83' lang='grc' dir='ltr'>ἄπεισι,</span> <span class='ocrx_word' id='word_1_750' title='bbox 3296 3209 3403 3262; x_wconf 82' lang='grc' dir='ltr'>κᾶν</span> 
     </span>
    </p>
   </div>
   <div class='ocr_carea' id='block_1_99' title="bbox 1838 3294 3402 3386">
    <p class='ocr_par' dir='ltr' id='par_1_99' title="bbox 1838 3294 3402 3386">
     <span class='ocr_line' id='line_1_99' title="bbox 1838 3294 3402 3386; baseline -0.009 -19"><span class='ocrx_word' id='word_1_751' title='bbox 1838 3313 2004 3386; x_wconf 86' lang='grc' dir='ltr'>μυρία</span> <span class='ocrx_word' id='word_1_752' title='bbox 2031 3312 2116 3384; x_wconf 81' lang='grc' dir='ltr'>ἴδῃ</span> <span class='ocrx_word' id='word_1_753' title='bbox 2147 3312 2374 3383; x_wconf 90' lang='grc' dir='ltr'>σώματα</span> <span class='ocrx_word' id='word_1_754' title='bbox 2393 3348 2409 3374; x_wconf 94' lang='grc'>,</span> <span class='ocrx_word' id='word_1_755' title='bbox 2443 3306 2656 3370; x_wconf 80' lang='grc' dir='ltr'>οὐδενὸς</span> <span class='ocrx_word' id='word_1_756' title='bbox 2683 3305 2904 3359; x_wconf 88' lang='grc' dir='ltr'>ἐκείνων</span> <span class='ocrx_word' id='word_1_757' title='bbox 2933 3303 3266 3372; x_wconf 75' lang='grc' dir='ltr'>ἐφάπτεταιο</span> <span class='ocrx_word' id='word_1_758' title='bbox 3309 3294 3402 3354; x_wconf 70' lang='grc' dir='ltr'>οὗ-</span> 
     </span>
    </p>
   </div>
   <div class='ocr_carea' id='block_1_100' title="bbox 1833 3391 3404 3472">
    <p class='ocr_par' dir='ltr' id='par_1_100' title="bbox 1833 3391 3404 3472">
     <span class='ocr_line' id='line_1_100' title="bbox 1833 3391 3404 3472; baseline -0.009 -16"><span class='ocrx_word' id='word_1_759' title='bbox 1833 3421 1925 3467; x_wconf 83' lang='grc' dir='ltr'>τος</span> <span class='ocrx_word' id='word_1_760' title='bbox 1951 3404 2008 3456; x_wconf 87' lang='grc' dir='ltr'>δέ</span> <span class='ocrx_word' id='word_1_761' title='bbox 2036 3404 2130 3457; x_wconf 67' lang='grc' dir='ltr'>καὶ</span> <span class='ocrx_word' id='word_1_762' title='bbox 2159 3401 2392 3472; x_wconf 81' lang='grc' dir='ltr'>πονηρίᾳ</span> <span class='ocrx_word' id='word_1_763' title='bbox 2440 3397 2809 3471; x_wconf 81' lang='grc' dir='ltr'>προαιρέσεως</span> <span class='ocrx_word' id='word_1_764' title='bbox 2834 3395 2927 3448; x_wconf 76' lang='grc' dir='ltr'>ἐπὶ</span> <span class='ocrx_word' id='word_1_765' title='bbox 2961 3393 3062 3465; x_wconf 83' lang='grc' dir='ltr'>τὴν</span> <span class='ocrx_word' id='word_1_766' title='bbox 3095 3391 3261 3465; x_wconf 86' lang='grc' dir='ltr'>βοράν</span> <span class='ocrx_word' id='word_1_767' title='bbox 3312 3391 3404 3462; x_wconf 62' lang='grc' dir='ltr'>⁴ᾔει</span> 
     </span>
    </p>
   </div>
   <div class='ocr_carea' id='block_1_101' title="bbox 1832 3485 3404 3566">
    <p class='ocr_par' dir='ltr' id='par_1_101' title="bbox 1832 3485 3404 3566">
     <span class='ocr_line' id='line_1_101' title="bbox 1832 3485 3404 3566; baseline -0.008 -16"><span class='ocrx_word' id='word_1_768' title='bbox 1832 3497 2034 3566; x_wconf 88' lang='grc' dir='ltr'>ταύτην</span> <span class='ocrx_word' id='word_1_769' title='bbox 2054 3537 2068 3562; x_wconf 91' lang='grc'>,</span> <span class='ocrx_word' id='word_1_770' title='bbox 2099 3495 2194 3549; x_wconf 80' lang='lat' dir='ltr'><strong><em>xal</em></strong></span> <span class='ocrx_word' id='word_1_771' title='bbox 2225 3493 2333 3547; x_wconf 90' lang='grc' dir='ltr'>τῶν</span> <span class='ocrx_word' id='word_1_772' title='bbox 2366 3491 2583 3565; x_wconf 90' lang='grc' dir='ltr'>σαρκῶν</span> <span class='ocrx_word' id='word_1_773' title='bbox 2606 3489 2783 3544; x_wconf 88' lang='grc' dir='ltr'>αὐτῶν</span> <span class='ocrx_word' id='word_1_774' title='bbox 2816 3486 3177 3559; x_wconf 71' lang='grc' dir='ltr'>ἐμπλησθεὶς,</span> <span class='ocrx_word' id='word_1_775' title='bbox 3211 3485 3404 3554; x_wconf 89' lang='grc' dir='ltr'>ἐτέραν</span> 
     </span>
    </p>
   </div>
   <div class='ocr_carea' id='block_1_102' title="bbox 1834 3577 3402 3656">
    <p class='ocr_par' dir='ltr' id='par_1_102' title="bbox 1834 3577 3402 3656">
     <span class='ocr_line' id='line_1_102' title="bbox 1834 3577 3402 3656; baseline -0.013 -14"><span class='ocrx_word' id='word_1_776' title='bbox 1834 3588 2020 3643; x_wconf 86' lang='grc' dir='ltr'>πλέκει</span> <span class='ocrx_word' id='word_1_777' title='bbox 2069 3588 2188 3640; x_wconf 87' lang='grc' dir='ltr'>κατ’</span> <span class='ocrx_word' id='word_1_778' title='bbox 2239 3585 2416 3641; x_wconf 88' lang='grc' dir='ltr'>αὐτῶν</span> <span class='ocrx_word' id='word_1_779' title='bbox 2444 3585 2688 3656; x_wconf 82' lang='grc' dir='ltr'>μηχανὴν</span> <span class='ocrx_word' id='word_1_780' title='bbox 2707 3624 2724 3651; x_wconf 92' lang='grc'>,</span> <span class='ocrx_word' id='word_1_781' title='bbox 2766 3580 3090 3654; x_wconf 76' lang='grc' dir='ltr'>μακροτάτω</span> <span class='ocrx_word' id='word_1_782' title='bbox 3119 3579 3214 3633; x_wconf 76' lang='grc' dir='ltr'>καὶ</span> <span class='ocrx_word' id='word_1_783' title='bbox 3240 3577 3402 3648; x_wconf 79' lang='grc' dir='ltr'>χαλε-</span> 
     </span>
    </p>
   </div>
   <div class='ocr_carea' id='block_1_103' title="bbox 1833 3669 3401 3752">
    <p class='ocr_par' dir='ltr' id='par_1_103' title="bbox 1833 3669 3401 3752">
     <span class='ocr_line' id='line_1_103' title="bbox 1833 3669 3401 3752; baseline -0.008 -18"><span class='ocrx_word' id='word_1_784' title='bbox 1833 3680 2068 3752; x_wconf 84' lang='grc' dir='ltr'>πωτάτῳ</span> <span class='ocrx_word' id='word_1_785' title='bbox 2098 3679 2311 3747; x_wconf 85' lang='grc' dir='ltr'>θανάτῳ</span> <span class='ocrx_word' id='word_1_786' title='bbox 2355 3677 2483 3740; x_wconf 85' lang='grc' dir='ltr'>τούς</span> <span class='ocrx_word' id='word_1_787' title='bbox 2519 3676 2707 3744; x_wconf 89' lang='grc' dir='ltr'>ἀγίους</span> <span class='ocrx_word' id='word_1_788' title='bbox 2760 3672 3038 3745; x_wconf 89' lang='grc' dir='ltr'>παραδούς</span> <span class='ocrx_word' id='word_1_789' title='bbox 3059 3688 3074 3704; x_wconf 79' lang='grc' dir='ltr'><strong><em>ο</em></strong></span> <span class='ocrx_word' id='word_1_790' title='bbox 3101 3669 3401 3742; x_wconf 81' lang='grc' dir='ltr'>προσέταξε</span> 
     </span>
    </p>
   </div>
   <div class='ocr_carea' id='block_1_104' title="bbox 1832 3759 3397 3844">
    <p class='ocr_par' dir='ltr' id='par_1_104' title="bbox 1832 3759 3397 3844">
     <span class='ocr_line' id='line_1_104' title="bbox 1832 3759 3397 3844; baseline -0.009 -18"><span class='ocrx_word' id='word_1_791' title='bbox 1832 3773 1938 3844; x_wconf 82' lang='grc' dir='ltr'>γὰρ</span> <span class='ocrx_word' id='word_1_792' title='bbox 1971 3775 2028 3825; x_wconf 82' lang='grc' dir='ltr'>ἐν</span> <span class='ocrx_word' id='word_1_793' title='bbox 2067 3772 2178 3832; x_wconf 88' lang='grc' dir='ltr'>τοῖς</span> <span class='ocrx_word' id='word_1_794' title='bbox 2210 3767 2490 3840; x_wconf 87' lang='grc' dir='ltr'>μετάλλοις</span> <span class='ocrx_word' id='word_1_795' title='bbox 2539 3763 2735 3828; x_wconf 81' lang='grc' dir='ltr'>αὐτοὺς</span> <span class='ocrx_word' id='word_1_796' title='bbox 2760 3761 3087 3836; x_wconf 86' lang='grc' dir='ltr'>ἐργάζεσθαι</span> <span class='ocrx_word' id='word_1_797' title='bbox 3113 3759 3397 3832; x_wconf 88' lang='grc' dir='ltr'>διηνεκῶς.</span> 
     </span>
    </p>
   </div>
   <div class='ocr_carea' id='block_1_105' title="bbox 1837 3847 3403 3930">
    <p class='ocr_par' dir='ltr' id='par_1_105' title="bbox 1837 3847 3403 3930">
     <span class='ocr_line' id='line_1_105' title="bbox 1837 3847 3403 3930; baseline -0.01 -17"><span class='ocrx_word' id='word_1_798' title='bbox 1837 3862 1900 3913; x_wconf 86' lang='grc' dir='ltr'><strong>Ὢ</strong></span> <span class='ocrx_word' id='word_1_799' title='bbox 1940 3860 2038 3930; x_wconf 92' lang='grc' dir='ltr'>τῆς</span> <span class='ocrx_word' id='word_1_800' title='bbox 2070 3856 2326 3919; x_wconf 87' lang='grc' dir='ltr'>ἀπονοίας</span> <span class='ocrx_word' id='word_1_801' title='bbox 2349 3856 2362 3910; x_wconf 79' lang='grc' dir='ltr'>ἰ</span> <span class='ocrx_word' id='word_1_802' title='bbox 2420 3856 2616 3924; x_wconf 88' lang='grc' dir='ltr'>πεῖραν</span> <span class='ocrx_word' id='word_1_803' title='bbox 2645 3851 2787 3905; x_wconf 80' lang='grc' dir='ltr'>οὑτω</span> <span class='ocrx_word' id='word_1_804' title='bbox 2813 3850 2961 3920; x_wconf 89' lang='grc' dir='ltr'>σαφῆ</span> <span class='ocrx_word' id='word_1_805' title='bbox 2985 3847 3164 3902; x_wconf 88' lang='grc' dir='ltr'>λαϐὼν</span> <span class='ocrx_word' id='word_1_806' title='bbox 3182 3847 3282 3915; x_wconf 89' lang='grc' dir='ltr'>τῆς</span> <span class='ocrx_word' id='word_1_807' title='bbox 3307 3847 3403 3898; x_wconf 89' lang='grc' dir='ltr'>ἀν-</span> 
     </span>
    </p>
   </div>
   <div class='ocr_carea' id='block_1_106' title="bbox 1831 3937 3400 4024">
    <p class='ocr_par' dir='ltr' id='par_1_106' title="bbox 1831 3937 3400 4024">
     <span class='ocr_line' id='line_1_106' title="bbox 1831 3937 3400 4024; baseline -0.011 -18"><span class='ocrx_word' id='word_1_808' title='bbox 1831 3952 2012 4024; x_wconf 87' lang='grc' dir='ltr'>δρείας</span> <span class='ocrx_word' id='word_1_809' title='bbox 2038 3949 2234 4014; x_wconf 89' lang='grc' dir='ltr'>αὐτῶν,</span> <span class='ocrx_word' id='word_1_810' title='bbox 2260 3948 2352 4002; x_wconf 70' lang='grc' dir='ltr'>καὶ</span> <span class='ocrx_word' id='word_1_811' title='bbox 2371 3946 2470 4016; x_wconf 82' lang='grc' dir='ltr'>τῆς</span> <span class='ocrx_word' id='word_1_812' title='bbox 2496 3943 2803 4012; x_wconf 89' lang='grc' dir='ltr'>ὑπομονῆς,</span> <span class='ocrx_word' id='word_1_813' title='bbox 2829 3942 3004 4013; x_wconf 89' lang='grc' dir='ltr'>ταύτῃ</span> <span class='ocrx_word' id='word_1_814' title='bbox 3031 3937 3400 4011; x_wconf 88' lang='grc' dir='ltr'>προσεδόκησε</span> 
     </span>
    </p>
   </div>
   <div class='ocr_carea' id='block_1_107' title="bbox 1833 4029 3401 4116">
    <p class='ocr_par' dir='ltr' id='par_1_107' title="bbox 1833 4029 3401 4116">
     <span class='ocr_line' id='line_1_107' title="bbox 1833 4029 3401 4116; baseline -0.011 -18"><span class='ocrx_word' id='word_1_815' title='bbox 1833 4041 2198 4116; x_wconf 88' lang='grc' dir='ltr'>περιέσεσθαι.</span> <span class='ocrx_word' id='word_1_816' title='bbox 2230 4039 2340 4092; x_wconf 73' lang='grc' dir='ltr'>Καὶ</span> <span class='ocrx_word' id='word_1_817' title='bbox 2385 4037 2449 4108; x_wconf 80' lang='grc' dir='ltr'>δὴ</span> <span class='ocrx_word' id='word_1_818' title='bbox 2485 4035 2694 4106; x_wconf 86' lang='grc' dir='ltr'>θηρίοις</span> <span class='ocrx_word' id='word_1_819' title='bbox 2727 4031 3001 4102; x_wconf 81' lang='grc' dir='ltr'>συνῴκουν</span> <span class='ocrx_word' id='word_1_820' title='bbox 3043 4031 3092 4084; x_wconf 79' lang='grc' dir='ltr'>οἱ</span> <span class='ocrx_word' id='word_1_821' title='bbox 3136 4029 3279 4098; x_wconf 80' lang='grc' dir='ltr'>ἆγιοι</span> <span class='ocrx_word' id='word_1_822' title='bbox 3301 4069 3318 4096; x_wconf 87' lang='grc'>,</span> <span class='ocrx_word' id='word_1_823' title='bbox 3349 4029 3401 4082; x_wconf 78' lang='grc' dir='ltr'>οι</span> 
     </span>
    </p>
   </div>
   <div class='ocr_carea' id='block_1_108' title="bbox 1832 4121 3404 4204">
    <p class='ocr_par' dir='ltr' id='par_1_108' title="bbox 1832 4121 3404 4204">
     <span class='ocr_line' id='line_1_108' title="bbox 1832 4121 3404 4204; baseline -0.01 -13"><span class='ocrx_word' id='word_1_824' title='bbox 1832 4138 1939 4191; x_wconf 88' lang='grc' dir='ltr'>τῶν</span> <span class='ocrx_word' id='word_1_825' title='bbox 1962 4134 2206 4204; x_wconf 86' lang='grc' dir='ltr'>ἀγγέλων</span> <span class='ocrx_word' id='word_1_826' title='bbox 2229 4130 2483 4190; x_wconf 84' lang='grc' dir='ltr'>σύνοικοι,</span> <span class='ocrx_word' id='word_1_827' title='bbox 2511 4128 2604 4181; x_wconf 74' lang='grc' dir='ltr'>καὶ</span> <span class='ocrx_word' id='word_1_828' title='bbox 2633 4125 2742 4180; x_wconf 88' lang='grc' dir='ltr'>τῶν</span> <span class='ocrx_word' id='word_1_829' title='bbox 2770 4121 3014 4196; x_wconf 88' lang='grc' dir='ltr'>οὐρανῶν</span> <span class='ocrx_word' id='word_1_830' title='bbox 3041 4122 3272 4185; x_wconf 80' lang='grc' dir='ltr'>πολῖται,</span> <span class='ocrx_word' id='word_1_831' title='bbox 3304 4124 3404 4176; x_wconf 74' lang='grc' dir='ltr'>καὶ</span> 
     </span>
    </p>
   </div>
   <div class='ocr_carea' id='block_1_109' title="bbox 1834 4210 3404 4299">
    <p class='ocr_par' dir='ltr' id='par_1_109' title="bbox 1834 4210 3404 4299">
     <span class='ocr_line' id='line_1_109' title="bbox 1834 4210 3404 4299; baseline -0.011 -15"><span class='ocrx_word' id='word_1_832' title='bbox 1834 4233 1912 4294; x_wconf 87' lang='grc' dir='ltr'>είς</span> <span class='ocrx_word' id='word_1_833' title='bbox 1934 4227 2038 4299; x_wconf 84' lang='grc' dir='ltr'>τὴν</span> <span class='ocrx_word' id='word_1_834' title='bbox 2075 4227 2186 4280; x_wconf 88' lang='grc' dir='ltr'>ἀνω</span> <span class='ocrx_word' id='word_1_835' title='bbox 2215 4222 2398 4276; x_wconf 84' lang='grc' dir='ltr'>λοιπὸν</span> <span class='ocrx_word' id='word_1_836' title='bbox 2439 4219 2741 4290; x_wconf 83' lang='grc' dir='ltr'>γραφέντες</span> <span class='ocrx_word' id='word_1_837' title='bbox 2785 4213 3138 4287; x_wconf 85' lang='grc' dir='ltr'>Ἰερουσαλὴμ</span> <span class='ocrx_word' id='word_1_838' title='bbox 3161 4253 3178 4278; x_wconf 92' lang='grc'>,</span> <span class='ocrx_word' id='word_1_839' title='bbox 3213 4214 3308 4269; x_wconf 81' lang='grc' dir='ltr'>καὶ</span> <span class='ocrx_word' id='word_1_840' title='bbox 3332 4210 3404 4286; x_wconf 79' lang='grc' dir='ltr'>ἦν</span> 
     </span>
    </p>
   </div>
   <div class='ocr_carea' id='block_1_110' title="bbox 1836 4307 3404 4391">
    <p class='ocr_par' dir='ltr' id='par_1_110' title="bbox 1836 4307 3404 4391">
     <span class='ocr_line' id='line_1_110' title="bbox 1836 4307 3404 4391; baseline -0.01 -15"><span class='ocrx_word' id='word_1_841' title='bbox 1836 4322 2015 4391; x_wconf 88' lang='grc' dir='ltr'>πάσης</span> <span class='ocrx_word' id='word_1_842' title='bbox 2059 4317 2264 4388; x_wconf 85' lang='grc' dir='ltr'>πόλεως</span> <span class='ocrx_word' id='word_1_843' title='bbox 2291 4313 2476 4366; x_wconf 83' lang='grc' dir='ltr'>λοιπὸν</span> <span class='ocrx_word' id='word_1_844' title='bbox 2503 4313 2537 4382; x_wconf 87' lang='grc' dir='ltr'>ή</span> <span class='ocrx_word' id='word_1_845' title='bbox 2587 4311 2790 4381; x_wconf 78' lang='grc' dir='ltr'>ἔρημος</span> <span class='ocrx_word' id='word_1_846' title='bbox 2833 4307 3128 4376; x_wconf 82' lang='grc' dir='ltr'>ἀγιωτέρα.</span> <span class='ocrx_word' id='word_1_847' title='bbox 3172 4307 3260 4360; x_wconf 82' lang='grc' dir='ltr'>Ἑν</span> <span class='ocrx_word' id='word_1_848' title='bbox 3301 4307 3404 4376; x_wconf 84' lang='grc' dir='ltr'>μὲν</span> 
     </span>
    </p>
   </div>
   <div class='ocr_carea' id='block_1_111' title="bbox 1833 4398 3404 4484">
    <p class='ocr_par' dir='ltr' id='par_1_111' title="bbox 1833 4398 3404 4484">
     <span class='ocr_line' id='line_1_111' title="bbox 1833 4398 3404 4484; baseline -0.01 -17"><span class='ocrx_word' id='word_1_849' title='bbox 1833 4414 1941 4484; x_wconf 87' lang='grc' dir='ltr'>γάρ</span> <span class='ocrx_word' id='word_1_850' title='bbox 1971 4412 2090 4473; x_wconf 91' lang='grc' dir='ltr'>ταῖς</span> <span class='ocrx_word' id='word_1_851' title='bbox 2135 4407 2322 4459; x_wconf 88' lang='grc' dir='ltr'>πόλεσι</span> <span class='ocrx_word' id='word_1_852' title='bbox 2371 4404 2440 4458; x_wconf 87' lang='grc' dir='ltr'>τά</span> <span class='ocrx_word' id='word_1_853' title='bbox 2466 4399 2758 4473; x_wconf 74' lang='grc' dir='ltr'>παράνομα</span> <span class='ocrx_word' id='word_1_854' title='bbox 2787 4400 2961 4454; x_wconf 89' lang='grc' dir='ltr'>ταῦτα</span> <span class='ocrx_word' id='word_1_855' title='bbox 2989 4400 3083 4452; x_wconf 71' lang='grc' dir='ltr'>καὶ</span> <span class='ocrx_word' id='word_1_856' title='bbox 3109 4398 3404 4484; x_wconf 86' lang='grc' dir='ltr'>τυραννικά</span> 
     </span>
    </p>
   </div>
   <div class='ocr_carea' id='block_1_112' title="bbox 1833 4483 3402 4572">
    <p class='ocr_par' dir='ltr' id='par_1_112' title="bbox 1833 4483 3402 4572">
     <span class='ocr_line' id='line_1_112' title="bbox 1833 4483 3402 4572; baseline -0.013 -15"><span class='ocrx_word' id='word_1_857' title='bbox 1833 4483 2094 4572; x_wconf 80' lang='grc' dir='ltr'>ἐτολμᾶτο</span> <span class='ocrx_word' id='word_1_858' title='bbox 2148 4495 2268 4551; x_wconf 88' lang='grc' dir='ltr'>καθ’</span> <span class='ocrx_word' id='word_1_859' title='bbox 2323 4494 2558 4562; x_wconf 88' lang='grc' dir='ltr'>ἐκάστην</span> <span class='ocrx_word' id='word_1_860' title='bbox 2601 4490 2812 4561; x_wconf 85' lang='grc' dir='ltr'>ἡμέραν</span> <span class='ocrx_word' id='word_1_861' title='bbox 2850 4486 3202 4558; x_wconf 86' lang='grc' dir='ltr'>ἐπιτάγματα</span> <span class='ocrx_word' id='word_1_862' title='bbox 3227 4503 3242 4517; x_wconf 88' lang='grc'><strong>·</strong></span> <span class='ocrx_word' id='word_1_863' title='bbox 3277 4486 3310 4555; x_wconf 89' lang='grc' dir='ltr'>ή</span> <span class='ocrx_word' id='word_1_864' title='bbox 3342 4483 3402 4537; x_wconf 82' lang='grc' dir='ltr'>δέ</span> 
     </span>
    </p>
   </div>
   <div class='ocr_carea' id='block_1_113' title="bbox 1833 4577 3398 4667">
    <p class='ocr_par' dir='ltr' id='par_1_113' title="bbox 1833 4577 3398 4667">
     <span class='ocr_line' id='line_1_113' title="bbox 1833 4577 3398 4667; baseline -0.013 -19"><span class='ocrx_word' id='word_1_865' title='bbox 1833 4597 2038 4667; x_wconf 74' lang='grc' dir='ltr'>ἔρημος</span> <span class='ocrx_word' id='word_1_866' title='bbox 2076 4591 2320 4646; x_wconf 86' lang='grc' dir='ltr'>ἀτέλειαν</span> <span class='ocrx_word' id='word_1_867' title='bbox 2354 4582 2466 4656; x_wconf 78' lang='grc' dir='ltr'>εἶχε</span> <span class='ocrx_word' id='word_1_868' title='bbox 2495 4585 2592 4654; x_wconf 81' lang='grc' dir='ltr'>τῆς</span> <span class='ocrx_word' id='word_1_869' title='bbox 2625 4580 2991 4652; x_wconf 84' lang='grc' dir='ltr'>ἀπανθρώπου</span> <span class='ocrx_word' id='word_1_870' title='bbox 3019 4577 3358 4648; x_wconf 88' lang='grc' dir='ltr'>λειτουργίας</span> <span class='ocrx_word' id='word_1_871' title='bbox 3381 4593 3398 4607; x_wconf 77' lang='grc' dir='ltr'><strong>ο</strong></span> 
     </span>
    </p>
   </div>
   <div class='ocr_carea' id='block_1_114' title="bbox 1834 4668 3405 4748">
    <p class='ocr_par' dir='ltr' id='par_1_114' title="bbox 1834 4668 3405 4748">
     <span class='ocr_line' id='line_1_114' title="bbox 1834 4668 3405 4748; baseline -0.013 -6"><span class='ocrx_word' id='word_1_872' title='bbox 1834 4687 2020 4742; x_wconf 78' lang='grc' dir='ltr'>καὶτὰ</span> <span class='ocrx_word' id='word_1_873' title='bbox 2049 4684 2145 4745; x_wconf 82' lang='grc' dir='ltr'>μὲν</span> <span class='ocrx_word' id='word_1_874' title='bbox 2187 4681 2512 4748; x_wconf 86' lang='grc' dir='ltr'>δικαστήρια</span> <span class='ocrx_word' id='word_1_875' title='bbox 2556 4674 2776 4736; x_wconf 91' lang='grc' dir='ltr'>ἀνοσίας</span> <span class='ocrx_word' id='word_1_876' title='bbox 2827 4672 3075 4743; x_wconf 82' lang='grc' dir='ltr'>πράξεως</span> <span class='ocrx_word' id='word_1_877' title='bbox 3106 4670 3273 4740; x_wconf 81' lang='grc' dir='ltr'>έγεμε</span> <span class='ocrx_word' id='word_1_878' title='bbox 3307 4668 3405 4722; x_wconf 78' lang='grc' dir='ltr'>καὶ</span> 
     </span>
    </p>
   </div>
   <div class='ocr_carea' id='block_1_115' title="bbox 1832 4763 3405 4850">
    <p class='ocr_par' dir='ltr' id='par_1_115' title="bbox 1832 4763 3405 4850">
     <span class='ocr_line' id='line_1_115' title="bbox 1832 4763 3405 4850; baseline -0.014 -15"><span class='ocrx_word' id='word_1_879' title='bbox 1832 4782 2087 4850; x_wconf 90' lang='grc' dir='ltr'>ἀθέσμων</span> <span class='ocrx_word' id='word_1_880' title='bbox 2118 4775 2504 4842; x_wconf 86' lang='grc' dir='ltr'>ἐπιταγμάτων</span> <span class='ocrx_word' id='word_1_881' title='bbox 2527 4784 2542 4799; x_wconf 78' lang='grc'><strong><em>⁸</em></strong></span> <span class='ocrx_word' id='word_1_882' title='bbox 2582 4769 2636 4821; x_wconf 80' lang='grc' dir='ltr'>αἱ</span> <span class='ocrx_word' id='word_1_883' title='bbox 2667 4767 2722 4820; x_wconf 82' lang='grc' dir='ltr'>δὲ</span> <span class='ocrx_word' id='word_1_884' title='bbox 2759 4765 2986 4837; x_wconf 88' lang='grc' dir='ltr'>ἐρημίαι</span> <span class='ocrx_word' id='word_1_885' title='bbox 3033 4765 3158 4827; x_wconf 77' lang='grc' dir='ltr'>τοὺς</span> <span class='ocrx_word' id='word_1_886' title='bbox 3186 4763 3405 4816; x_wconf 89' lang='grc' dir='ltr'>πάντων</span> 
     </span>
    </p>
   </div>
   <div class='ocr_carea' id='block_1_116' title="bbox 1832 4853 3404 4943">
    <p class='ocr_par' dir='ltr' id='par_1_116' title="bbox 1832 4853 3404 4943">
     <span class='ocr_line' id='line_1_116' title="bbox 1832 4853 3404 4943; baseline -0.015 -16"><span class='ocrx_word' id='word_1_887' title='bbox 1832 4871 2132 4943; x_wconf 83' lang='grc' dir='ltr'>ἀνθρώπων</span> <span class='ocrx_word' id='word_1_888' title='bbox 2162 4863 2564 4935; x_wconf 88' lang='grc' dir='ltr'>εὐνομωτέρους</span> <span class='ocrx_word' id='word_1_889' title='bbox 2609 4856 2753 4930; x_wconf 83' lang='grc' dir='ltr'>εἰχον</span> <span class='ocrx_word' id='word_1_890' title='bbox 2784 4857 3005 4920; x_wconf 89' lang='grc' dir='ltr'>πολίτας</span> <span class='ocrx_word' id='word_1_891' title='bbox 3028 4897 3040 4920; x_wconf 88' lang='grc'>,</span> <span class='ocrx_word' id='word_1_892' title='bbox 3069 4856 3196 4918; x_wconf 79' lang='grc' dir='ltr'>τοὺς</span> <span class='ocrx_word' id='word_1_893' title='bbox 3220 4853 3280 4919; x_wconf 83' lang='grc' dir='ltr'>ἐξ</span> <span class='ocrx_word' id='word_1_894' title='bbox 3303 4855 3404 4939; x_wconf 78' lang='grc' dir='ltr'>ἀν-</span> 
     </span>
    </p>
   </div>
   <div class='ocr_carea' id='block_1_117' title="bbox 1835 4947 3404 5034">
    <p class='ocr_par' dir='ltr' id='par_1_117' title="bbox 1835 4947 3404 5034">
     <span class='ocr_line' id='line_1_117' title="bbox 1835 4947 3404 5034; baseline -0.012 -18"><span class='ocrx_word' id='word_1_895' title='bbox 1835 4963 2065 5034; x_wconf 78' lang='grc' dir='ltr'>θρώπιον</span> <span class='ocrx_word' id='word_1_896' title='bbox 2089 4956 2349 5026; x_wconf 88' lang='grc' dir='ltr'>ἀγγέλους</span> <span class='ocrx_word' id='word_1_897' title='bbox 2377 4951 2775 5023; x_wconf 86' lang='grc' dir='ltr'>γεγενημένους</span> <span class='ocrx_word' id='word_1_898' title='bbox 2793 4989 2808 5014; x_wconf 91' lang='grc'>,</span> <span class='ocrx_word' id='word_1_899' title='bbox 2839 4949 2935 5004; x_wconf 71' lang='grc' dir='ltr'>καὶ</span> <span class='ocrx_word' id='word_1_900' title='bbox 2964 4949 3100 5020; x_wconf 84' lang='grc' dir='ltr'>πρὸς</span> <span class='ocrx_word' id='word_1_901' title='bbox 3129 4947 3220 5000; x_wconf 81' lang='grc' dir='ltr'>τὸν</span> <span class='ocrx_word' id='word_1_902' title='bbox 3242 4948 3404 5015; x_wconf 90' lang='grc' dir='ltr'>οὐρα.-</span> 
     </span>
    </p>
   </div>
   <div class='ocr_carea' id='block_1_118' title="bbox 1832 5034 3404 5122">
    <p class='ocr_par' dir='ltr' id='par_1_118' title="bbox 1832 5034 3404 5122">
     <span class='ocr_line' id='line_1_118' title="bbox 1832 5034 3404 5122; baseline -0.013 -15"><span class='ocrx_word' id='word_1_903' title='bbox 1832 5053 1922 5107; x_wconf 88' lang='grc' dir='ltr'>νὸν</span> <span class='ocrx_word' id='word_1_904' title='bbox 1956 5055 1989 5122; x_wconf 88' lang='grc' dir='ltr'>ή</span> <span class='ocrx_word' id='word_1_905' title='bbox 2041 5050 2244 5120; x_wconf 76' lang='grc' dir='ltr'>ἔρημος</span> <span class='ocrx_word' id='word_1_906' title='bbox 2297 5043 2596 5116; x_wconf 81' lang='grc' dir='ltr'>ἡμιλλᾶτο,</span> <span class='ocrx_word' id='word_1_907' title='bbox 2630 5041 2690 5094; x_wconf 93' lang='grc' dir='ltr'>τό</span> <span class='ocrx_word' id='word_1_908' title='bbox 2737 5058 2800 5109; x_wconf 90' lang='grc' dir='ltr'>γε</span> <span class='ocrx_word' id='word_1_909' title='bbox 2829 5040 2894 5092; x_wconf 85' lang='grc' dir='ltr'>ἐκ</span> <span class='ocrx_word' id='word_1_910' title='bbox 2921 5037 3020 5106; x_wconf 92' lang='grc' dir='ltr'>τῆς</span> <span class='ocrx_word' id='word_1_911' title='bbox 3063 5035 3264 5105; x_wconf 90' lang='grc' dir='ltr'>ἀρετῆς</span> <span class='ocrx_word' id='word_1_912' title='bbox 3294 5034 3404 5087; x_wconf 84' lang='grc' dir='ltr'>τῶν</span> 
     </span>
    </p>
   </div>
   <div class='ocr_carea' id='block_1_119' title="bbox 1832 5124 3468 5210">
    <p class='ocr_par' dir='ltr' id='par_1_119' title="bbox 1832 5124 3468 5210">
     <span class='ocr_line' id='line_1_119' title="bbox 1832 5124 3468 5210; baseline -0.012 -13"><span class='ocrx_word' id='word_1_913' title='bbox 1832 5141 2121 5198; x_wconf 79' lang='grc' dir='ltr'>οἰκούντων</span> <span class='ocrx_word' id='word_1_914' title='bbox 2142 5137 2392 5192; x_wconf 91' lang='grc' dir='ltr'>πολιτῶν.</span> <span class='ocrx_word' id='word_1_915' title='bbox 2418 5135 2532 5210; x_wconf 23' lang='grc' dir='ltr'>,Καὶ</span> <span class='ocrx_word' id='word_1_916' title='bbox 2563 5132 2720 5203; x_wconf 89' lang='grc' dir='ltr'>φύσει</span> <span class='ocrx_word' id='word_1_917' title='bbox 2745 5131 2843 5201; x_wconf 88' lang='grc' dir='ltr'>μέν</span> <span class='ocrx_word' id='word_1_918' title='bbox 2874 5124 2940 5199; x_wconf 79' lang='grc' dir='ltr'>ἦν</span> <span class='ocrx_word' id='word_1_919' title='bbox 2979 5130 3012 5197; x_wconf 84' lang='grc' dir='ltr'>ἡ</span> <span class='ocrx_word' id='word_1_920' title='bbox 3037 5127 3276 5196; x_wconf 84' lang='grc' dir='ltr'>τιμωρία</span> <span class='ocrx_word' id='word_1_921' title='bbox 3306 5141 3402 5195; x_wconf 84' lang='grc' dir='ltr'>χα-</span> <span class='ocrx_word' id='word_1_922' title='bbox 3454 5125 3468 5146; x_wconf 78' lang='grc'>⁸</span> 
     </span>
    </p>
   </div>
   <div class='ocr_carea' id='block_1_120' title="bbox 1833 5215 3402 5302">
    <p class='ocr_par' dir='ltr' id='par_1_120' title="bbox 1833 5215 3402 5302">
     <span class='ocr_line' id='line_1_120' title="bbox 1833 5215 3402 5302; baseline -0.013 -14"><span class='ocrx_word' id='word_1_923' title='bbox 1833 5232 2150 5302; x_wconf 87' lang='grc' dir='ltr'>λεπωτάτη,</span> <span class='ocrx_word' id='word_1_924' title='bbox 2177 5231 2242 5300; x_wconf 84' lang='grc' dir='ltr'>τῇ</span> <span class='ocrx_word' id='word_1_925' title='bbox 2283 5228 2339 5281; x_wconf 89' lang='grc' dir='ltr'>δέ</span> <span class='ocrx_word' id='word_1_926' title='bbox 2377 5224 2658 5296; x_wconf 80' lang='grc' dir='ltr'>προθυμίᾳ</span> <span class='ocrx_word' id='word_1_927' title='bbox 2688 5224 2796 5275; x_wconf 86' lang='grc' dir='ltr'>τῶν</span> <span class='ocrx_word' id='word_1_928' title='bbox 2842 5217 3254 5288; x_wconf 81' lang='grc' dir='ltr'>ἀγωνιζομένων</span> <span class='ocrx_word' id='word_1_929' title='bbox 3281 5215 3402 5284; x_wconf 85' lang='grc' dir='ltr'>ἐγέ-</span> 
     </span>
    </p>
   </div>
   <div class='ocr_carea' id='block_1_121' title="bbox 1833 5307 3402 5395">
    <p class='ocr_par' dir='ltr' id='par_1_121' title="bbox 1833 5307 3402 5395">
     <span class='ocr_line' id='line_1_121' title="bbox 1833 5307 3402 5395; baseline -0.013 -15"><span class='ocrx_word' id='word_1_930' title='bbox 1833 5343 1952 5380; x_wconf 90' lang='grc' dir='ltr'>νετο</span> <span class='ocrx_word' id='word_1_931' title='bbox 1989 5323 2145 5395; x_wconf 74' lang='grc' dir='ltr'>ῥᾳδία</span> <span class='ocrx_word' id='word_1_932' title='bbox 2195 5321 2290 5374; x_wconf 73' lang='grc' dir='ltr'>καὶ</span> <span class='ocrx_word' id='word_1_933' title='bbox 2342 5319 2516 5389; x_wconf 89' lang='grc' dir='ltr'>κούφη</span> <span class='ocrx_word' id='word_1_934' title='bbox 2574 5315 2669 5369; x_wconf 72' lang='grc' dir='ltr'>καὶ</span> <span class='ocrx_word' id='word_1_935' title='bbox 2700 5313 2950 5383; x_wconf 75' lang='grc' dir='ltr'>εὔπορος.</span> <span class='ocrx_word' id='word_1_936' title='bbox 2995 5307 3402 5362; x_wconf 90' lang='grc' dir='ltr'>Πολλαπλάσιον</span> 
     </span>
    </p>
   </div>
   <div class='ocr_carea' id='block_1_122' title="bbox 1833 5395 3402 5482">
    <p class='ocr_par' dir='ltr' id='par_1_122' title="bbox 1833 5395 3402 5482">
     <span class='ocr_line' id='line_1_122' title="bbox 1833 5395 3402 5482; baseline -0.012 -13"><span class='ocrx_word' id='word_1_937' title='bbox 1833 5416 1953 5471; x_wconf 88' lang='grc' dir='ltr'>τότε</span> <span class='ocrx_word' id='word_1_938' title='bbox 1982 5409 2226 5482; x_wconf 80' lang='grc' dir='ltr'>ἐνόμιζον</span> <span class='ocrx_word' id='word_1_939' title='bbox 2260 5410 2390 5479; x_wconf 83' lang='grc' dir='ltr'>ὁρᾷν</span> <span class='ocrx_word' id='word_1_940' title='bbox 2432 5406 2494 5459; x_wconf 83' lang='grc' dir='ltr'>τὸ</span> <span class='ocrx_word' id='word_1_941' title='bbox 2523 5405 2669 5472; x_wconf 87' lang='grc' dir='ltr'>φῶς,</span> <span class='ocrx_word' id='word_1_942' title='bbox 2701 5403 2796 5456; x_wconf 87' lang='grc' dir='ltr'>καί</span> <span class='ocrx_word' id='word_1_943' title='bbox 2822 5400 2883 5453; x_wconf 84' lang='grc' dir='ltr'>τὸ</span> <span class='ocrx_word' id='word_1_944' title='bbox 2919 5397 3206 5469; x_wconf 83' lang='grc' dir='ltr'>εἰρημένον</span> <span class='ocrx_word' id='word_1_945' title='bbox 3249 5395 3402 5467; x_wconf 82' lang='grc' dir='ltr'>παρὰ</span> 
     </span>
    </p>
   </div>
   <div class='ocr_carea' id='block_1_123' title="bbox 1831 5486 3399 5576">
    <p class='ocr_par' dir='ltr' id='par_1_123' title="bbox 1831 5486 3399 5576">
     <span class='ocr_line' id='line_1_123' title="bbox 1831 5486 3399 5576; baseline -0.013 -17"><span class='ocrx_word' id='word_1_946' title='bbox 1831 5505 1908 5576; x_wconf 86' lang='grc' dir='ltr'>τῷ</span> <span class='ocrx_word' id='word_1_947' title='bbox 1925 5501 2072 5576; x_wconf 73' lang='grc'>[702]</span> <span class='ocrx_word' id='word_1_948' title='bbox 2099 5499 2375 5570; x_wconf 79' lang='grc' dir='ltr'>προφήτῃ,</span> <span class='ocrx_word' id='word_1_949' title='bbox 2403 5497 2485 5548; x_wconf 82' lang='grc' dir='ltr'>ὅτι</span> <span class='ocrx_word' id='word_1_950' title='bbox 2508 5495 2575 5549; x_wconf 83' lang='grc' dir='ltr'><strong><em>Ἢ</em></strong></span> <span class='ocrx_word' id='word_1_951' title='bbox 2601 5492 2834 5558; x_wconf 79' lang='grc' dir='ltr'>σελήνη</span> <span class='ocrx_word' id='word_1_952' title='bbox 2860 5491 3028 5544; x_wconf 79' lang='grc' dir='ltr'>ἔσται</span> <span class='ocrx_word' id='word_1_953' title='bbox 3053 5488 3132 5553; x_wconf 87' lang='grc' dir='ltr'>ὡς</span> <span class='ocrx_word' id='word_1_954' title='bbox 3153 5489 3185 5540; x_wconf 84' lang='grc' dir='ltr'><em>ὁ</em></span> <span class='ocrx_word' id='word_1_955' title='bbox 3207 5486 3399 5554; x_wconf 80' lang='grc' dir='ltr'>ἣλιος,</span> 
     </span>
    </p>
   </div>
   <div class='ocr_carea' id='block_1_124' title="bbox 1832 5576 3401 5662">
    <p class='ocr_par' dir='ltr' id='par_1_124' title="bbox 1832 5576 3401 5662">
     <span class='ocr_line' id='line_1_124' title="bbox 1832 5576 3401 5662; baseline -0.013 -12"><span class='ocrx_word' id='word_1_956' title='bbox 1832 5601 1864 5651; x_wconf 84' lang='grc' dir='ltr'><em>ὁ</em></span> <span class='ocrx_word' id='word_1_957' title='bbox 1891 5594 1958 5648; x_wconf 83' lang='grc' dir='ltr'>δὲ</span> <span class='ocrx_word' id='word_1_958' title='bbox 1989 5594 2156 5662; x_wconf 78' lang='grc' dir='ltr'>ἣλιος</span> <span class='ocrx_word' id='word_1_959' title='bbox 2183 5585 2630 5650; x_wconf 76' lang='grc' dir='ltr'>ἑπταπλασίων,</span> <span class='ocrx_word' id='word_1_960' title='bbox 2646 5583 2804 5637; x_wconf 87' lang='grc' dir='ltr'>τοῦτο</span> <span class='ocrx_word' id='word_1_961' title='bbox 2817 5578 3174 5650; x_wconf 87' lang='grc' dir='ltr'>ἀπειληφέναι</span> <span class='ocrx_word' id='word_1_962' title='bbox 3189 5577 3250 5630; x_wconf 86' lang='grc' dir='ltr'>τὸ</span> <span class='ocrx_word' id='word_1_963' title='bbox 3284 5576 3401 5648; x_wconf 88' lang='grc' dir='ltr'>φῶς</span> 
     </span>
    </p>
   </div>
   <div class='ocr_carea' id='block_1_125' title="bbox 1832 5668 3400 5767">
    <p class='ocr_par' dir='ltr' id='par_1_125' title="bbox 1832 5668 3400 5767">
     <span class='ocr_line' id='line_1_125' title="bbox 1832 5668 3400 5767; baseline -0.016 -24"><span class='ocrx_word' id='word_1_964' title='bbox 1832 5689 1932 5758; x_wconf 82' lang='grc' dir='ltr'>’ήδη</span> <span class='ocrx_word' id='word_1_965' title='bbox 1969 5681 2234 5755; x_wconf 86' lang='grc' dir='ltr'>ἐνόμιζον.</span> <span class='ocrx_word' id='word_1_966' title='bbox 2267 5679 2342 5733; x_wconf 85' lang='grc' dir='ltr'>Οὐ</span> <span class='ocrx_word' id='word_1_967' title='bbox 2367 5677 2475 5748; x_wconf 91' lang='grc' dir='ltr'>γάρ</span> <span class='ocrx_word' id='word_1_968' title='bbox 2501 5676 2668 5743; x_wconf 79' lang='grc' dir='ltr'>ἐστιν,</span> <span class='ocrx_word' id='word_1_969' title='bbox 2695 5675 2795 5728; x_wconf 90' lang='grc' dir='ltr'>οὐκ</span> <span class='ocrx_word' id='word_1_970' title='bbox 2821 5673 2937 5767; x_wconf 68' lang='grc' dir='ltr'>ἔστι</span> <span class='ocrx_word' id='word_1_971' title='bbox 2967 5672 3144 5767; x_wconf 79' lang='grc' dir='ltr'>ψυχῆς</span> <span class='ocrx_word' id='word_1_972' title='bbox 3169 5668 3400 5767; x_wconf 53' lang='grc' dir='ltr'>εὐθυμό-</span> 
     </span>
    </p>
   </div>
   <div class='ocr_carea' id='block_1_126' title="bbox 1836 5763 3401 5851">
    <p class='ocr_par' dir='ltr' id='par_1_126' title="bbox 1836 5763 3401 5851">
     <span class='ocr_line' id='line_1_126' title="bbox 1836 5763 3401 5851; baseline -0.01 -20"><span class='ocrx_word' id='word_1_973' title='bbox 1836 5795 1992 5851; x_wconf 80' lang='grc' dir='ltr'>τερον</span> <span class='ocrx_word' id='word_1_974' title='bbox 2041 5771 2468 5848; x_wconf 6' lang='grc' dir='ltr'>καταξιουμὶένης</span> <span class='ocrx_word' id='word_1_975' title='bbox 2521 5768 2660 5845; x_wconf 87' lang='grc' dir='ltr'>ὐπέρ</span> <span class='ocrx_word' id='word_1_976' title='bbox 2705 5765 2940 5840; x_wconf 81' lang='grc' dir='ltr'>Χριστοῦ</span> <span class='ocrx_word' id='word_1_977' title='bbox 2980 5763 3168 5822; x_wconf 82' lang='grc' dir='ltr'>παθεῖν</span> <span class='ocrx_word' id='word_1_978' title='bbox 3208 5781 3259 5816; x_wconf 87' lang='grc' dir='ltr'>τι</span> <span class='ocrx_word' id='word_1_979' title='bbox 3293 5763 3401 5810; x_wconf 76' lang='grc' dir='ltr'>τῶν</span> 
     </span>
    </p>
   </div>
  </div>
