3800 6282
90 334 200 391 697

90 456 294 519 larius,
343 464 463 523 qua
500 451 660 520 digna
699 457 783 503 est
812 443 988 499 habita
1030 458 1125 514 pro
1151 440 1362 499 Christo
1400 440 1509 511 pati
1538 437 1687 509 quid-

90 548 234 615 piam
266 557 448 598 eorum
475 581 491 604 ,
522 554 641 610 quae
667 537 820 593 nobis
841 536 1020 607 gravia
1048 543 1102 590 et
1131 532 1481 589 intolerabilia
1508 532 1693 586 viden-

93 646 201 689 tur.
237 633 354 690 iam
383 647 442 687 se
468 630 752 686 translatos
781 628 834 682 in
862 626 1051 683 caalum
1082 640 1224 692 esse,
1248 640 1311 680 ac
1338 639 1459 679 cum
1485 623 1691 695 angelis

88 729 291 783 «lucere
338 724 561 780 choreas
610 721 890 793 putabant.
938 720 1076 787 Quid
1119 719 1261 774 enim
1307 717 1534 786 amplius
1586 716 1690 770 illis

87 818 224 873 caelo
250 824 305 871 et
328 814 530 886 angelis
559 828 695 883 opus
728 821 878 877 erat,
914 826 1034 866 cum
1071 809 1124 863 in
1165 809 1377 863 deserto
1412 822 1533 861 cum
1584 806 1689 860 illis

90 908 402 979 angelorum
448 905 704 960 Dominus
749 902 904 959 Jesus
952 901 1126 957 esset?
1151 899 1284 977 Nam
1325 899 1403 966 si,
1435 898 1521 954 ubi
1562 900 1692 948 sunt

83 1002 197 1057 duo
221 1001 307 1057 vel
328 1008 439 1056 tres
458 998 763 1070 congregati
792 998 847 1051 in
876 996 1090 1051 nomine
1117 996 1255 1065 ejus,
1282 993 1353 1048 ibi
1383 1002 1465 1048 est
1493 992 1546 1045 in
1573 1004 1687 1046 me-

84 1094 179 1148 dio
197 1109 382 1149 eorum
413 1090 626 1162 (Matth.
658 1090 745 1156 18,
776 1087 891 1159 20),
914 1087 1081 1142 multo
1103 1086 1271 1156 magis
1292 1086 1342 1140 in
1361 1083 1537 1139 medio
1558 1083 1683 1138 Illo-

82 1201 204 1240 rum
236 1195 358 1239 tunc
383 1191 533 1250 erat,
565 1182 654 1253 qui
683 1180 991 1251 congregati
1022 1189 1131 1234 tum
1162 1178 1372 1233 fuerant
1395 1192 1501 1232 non
1541 1187 1600 1231 ut
1629 1177 1683 1231 in

83 1276 328 1339 nomine,
361 1273 455 1329 sed
482 1282 542 1328 ut
568 1288 665 1343 pro
690 1274 905 1327 nomine
935 1270 1053 1341 ejus
1080 1278 1337 1339 perpetuo
1365 1278 1681 1339 torqueren-

84 1374 196 1418 tur.
224 1364 402 1419 Nostis
429 1362 571 1419 enim
595 1403 612 1430 ,
639 1363 808 1418 nostis
831 1370 1019 1431 aperte
1058 1360 1159 1415 hoc
1183 1360 1441 1429 supplicio
1469 1359 1681 1428 gravius

80 1469 212 1510 esse
234 1454 459 1519 nullum,
491 1468 691 1522 eosque
710 1495 724 1519 ,
753 1452 841 1522 qui
863 1451 1123 1508 sententia
1145 1460 1269 1505 sunt
1291 1451 1381 1505 illa
1406 1449 1675 1515 damnati,

78 1554 366 1602 sexcentas
390 1546 521 1600 alias
546 1554 746 1600 mortes
771 1544 931 1599 malle
950 1544 1177 1599 tolerare
1194 1585 1209 1609 ,
1241 1558 1399 1613 quam
1433 1558 1525 1599 eos
1546 1586 1560 1608 ,
1589 1544 1678 1614 qui

77 1636 197 1692 illic
223 1637 523 1703 inuruntur,
549 1635 762 1692 dolores
786 1636 1068 1691 sustinere.
1090 1634 1316 1691 Metallis
1336 1634 1533 1691 addicti
1560 1636 1675 1691 fue-

76 1737 245 1795 runt,
276 1728 366 1784 ubi
408 1743 482 1783 tes
510 1727 865 1783 eﬂ'odicntlum
912 1737 1025 1783 erat
1057 1727 1371 1798 plerumque
1399 1728 1466 1782 ab
1510 1729 1673 1799 ipsis,

76 1820 174 1890 qui
203 1820 317 1876 auri
344 1821 560 1877 metallo
580 1829 733 1875 erant
753 1821 1119 1889 pretiosiores,
1139 1829 1193 1875 et
1214 1836 1365 1887 auro,
1390 1822 1530 1891 quod
1563 1837 1676 1876 ma-

76 1912 218 1966 teria
262 1929 367 1967 non
408 1922 647 1981 constat,
691 1912 832 1983 quod
876 1928 981 1966 non
1021 1912 1393 1968 damnatorum
1431 1913 1678 1971 eﬂ‘oditur

73 2004 361 2071 manibus,
404 2003 499 2059 sed
543 2003 778 2059 ﬁdelium
805 2003 1042 2058 virorum
1083 2002 1261 2057 studio
1286 2005 1592 2073 reperitur:
1622 2004 1675 2059 in

73 2095 317 2150 metallis
338 2109 473 2166 opus
499 2092 785 2158 iaciebant,
803 2095 891 2165 qui
914 2094 1178 2150 thesauris
1202 2096 1493 2152 innumeris
1510 2097 1677 2152 abun-

71 2185 304 2240 dabant.
333 2184 470 2251 Quid
497 2193 612 2241 crat
639 2185 853 2256 gravius
878 2195 934 2240 et
969 2185 1214 2241 acerbius
1239 2187 1328 2241 illa
1358 2188 1500 2242 vita?
1526 2188 1593 2243 Et
1623 2189 1673 2244 in

70 2278 275 2347 seipsis
310 2279 553 2334 evenisse
596 2278 930 2333 narrationes
956 2288 1011 2334 et
1039 2278 1288 2334 historias
1316 2279 1384 2335 de
1414 2280 1540 2335 viris
1570 2281 1675 2337 illis

70 2368 288 2438 magnis
324 2368 649 2436 cernebant,
680 2383 821 2440 quas.
850 2368 918 2423 de
945 2369 1146 2425 sanctis
1175 2367 1337 2426 refert
1363 2371 1560 2433 Paulus
1578 2372 1673 2426 adi-

70 2474 209 2514 cens
234 2475 248 2511 :
280 2457 597 2514 Circuierunt
621 2459 674 2513 in
698 2459 915 2527 metatis,
937 2460 988 2514 in
1017 2459 1497 2531 pellibusﬁaprinis,
1520 2479 1673 2534 egen-

72 2533 147 2604 ὶσε
176 2592 191 2617 ,
218 2550 519 2620 angustiati.
551 2550 746 2621 afflicti,
780 2548 958 2622 quibus
981 2550 1163 2622 dignus
1191 2533 1683 2619 non,erat,muudus.

72 2642 264 2714 (Hebr.
289 2642 502 2721 11.37.
533 2643 648 2715 ss).
820 2630 825 2637 '

148 2732 367 2809 Muralis
396 2733 698 2805 exhortatio.
725 2762 796 2774 ——
823 2733 949 2793 Huic
974 2734 1161 2807 itaque.
1181 2736 1582 2804 cumsciamus,
1612 2744 1685 2801 et;

71 2837 219 2889 nunc
244 2832 298 2885 et
322 2823 571 2902 olim,“
595 2839 701 2899 quo
728 2823 1283 2902 natisuntbomines,
1312 2841 1683 2897 aerumnosam:

72 2923 129 2970 et
156 2913 483 2993 laboriosam
511 2929 589 2991 ac,
619 2914 913 2989 innumeris
934 2916 1192 2985 refertam
1220 2917 1381 2987 malis
1405 2917 1664 2983 [δεῖθθωί-

72 3022 171 3064 eos
194 3020 384 3061 omnes
411 3006 577 3083 vitam
620 3021 743 3079 esse
768 3008 1030 3073 sortitos:
1060 3023 1131 3081 ne
1156 3008 1441 3083 delicatam
1468 3024 1539 3077 ac
1553 3009 1687 3069 ὧερ.

73 3098 303 3155 solutam
343 3107 397 3175 et
441 3098 801 3185 voiupurtibus
838 3097 1150 3171 afﬂuentem
1189 3100 1355 3171 vitam
1391 3112 1683 3174 consecter.

1055 337 1124 394 rx
1162 334 1218 392 s.
1265 326 1549 391 euocari,
1578 322 1991 395 mmmam.
2028 315 2446 382 «neutrum.

3286 325 3386 382 698

1795 450 1933 502 mar,
1973 434 2066 491 sed
2105 434 2429 491 laboriosum
2467 441 2629 506 atque
2663 449 3018 491 aerumnosum
3050 435 3173 491 vitae
3202 452 3372 507 genus

1789 527 2094 584 amictionis
2136 537 2192 585 et
2222 526 2450 583 miseria:
2478 527 2720 598 plenum.
2749 525 2818 585 Ut
2843 528 2987 585 enim
3028 526 3141 584 ﬁeri
3180 533 3385 601 nequit,

1792 630 1850 673 ut
1878 620 1944 685 is,
1971 620 2060 690 qui
2101 619 2153 673 in
2189 633 2362 689 agone
2384 617 2681 685 contendit,
2712 633 2809 689 per
2836 634 3081 674 somnum
3107 628 3162 675 et
3192 627 3379 688 torpo-

1789 726 1905 765 rem
1949 725 2014 765 ac
2037 709 2257 765 delicias
2304 723 2534 765 coronas
2577 711 2739 766 etiam
2786 720 3164 781 consequatur,
3210 726 3388 782 neque

1791 802 1943 857 miles
1975 810 2196 874 tropaza,
2226 818 2399 874 neque
2428 812 2639 872 portum
2669 803 3018 874 gubernator,
3058 819 3160 859 nec
3194 820 3379 860 aream

1788 893 2049 962 repletam
2075 896 2308 966 agricola
2334 914 2347 950 :
2378 897 2459 951 sic
2487 912 2587 951 nec
2615 904 2677 951 ut
2698 896 2888 961 fidelis,
2920 898 3011 968 qui
3040 897 3380 953 vitam~suam

1788 982 1840 1037 in
1870 984 2081 1055 pigritia
2125 1000 2191 1041 ac
2225 985 2553 1041 remissione
2584 986 2899 1051 traduxerit,
2937 987 3074 1042 bona
3119 988 3382 1058 promissa

1785 1086 2167 1146 consequatur.
2207 1080 2402 1131 Annon
2442 1076 2600 1147 igitur
2620 1078 2907 1133 absurdum
2934 1086 3017 1133 est
3043 1078 3094 1132 in
3131 1078 3382 1133 omnibus

1783 1167 1997 1237 quidem
2025 1169 2184 1224 rebus
2224 1169 2405 1224 smculi
2452 1169 2609 1240 hujus
2647 1180 2772 1225 ante
2810 1171 3136 1241 voluptatem
3168 1172 3380 1227 labores
3413 1170 3420 1176 ’

1785 1273 1906 1314 esse
1929 1259 2252 1330 propositos,
2298 1268 2354 1314 et
2389 1270 2516 1315 ante
2555 1262 2896 1316 securitatem
2938 1262 3191 1331 pericula,
3220 1261 3380 1331 idque

1783 1361 1907 1403 cum
1939 1350 2125 1403 vilium
2167 1357 2223 1404 et
2263 1351 2575 1420 exiguarum
2626 1366 2807 1406 rerum
2838 1360 2960 1421 pOst
3006 1352 3217 1408 labores
3257 1353 3379 1408 illos

1780 1440 2114 1510 exspectatio
2138 1442 2504 1513 relinquatur;
2543 1458 2666 1497 cum
2693 1459 2824 1499 vero
2856 1444 3043 1500 etclam
3088 1447 3157 1499 sit
3182 1461 3378 1517 propo-

1781 1531 1964 1596 situm,
1994 1534 2307 1605 angelorum
2350 1535 2601 1603 honores,
2642 1536 2752 1591 vita
2790 1553 2909 1607 qua:
2956 1537 3102 1597 nullo
3130 1540 3234 1594 line
3272 1549 3377 1594 ter-

1779 1626 2033 1691 minatur,
2071 1639 2192 1679 cum
2232 1625 2436 1695 angelis
2474 1625 2835 1692 conversatio,
2876 1637 2929 1683 et
2956 1628 3092 1684 bona
3133 1645 3252 1699 qua:
3277 1645 3376 1695 nec

1780 1714 2072 1787 intelligere
2119 1732 2220 1772 nec
2258 1716 2409 1772 eﬂ‘ari
2449 1718 2733 1788 quisquam
2771 1726 2948 1788 potest
2978 1737 2991 1774 :
3018 1733 3235 1789 Sperare
3279 1736 3377 1775 nos

1778 1802 1913 1871 fore,
1945 1815 2001 1859 ut
2027 1821 2122 1876 per
2148 1805 2408 1861 desidiam
2434 1818 2488 1862 et
2524 1807 2771 1862 inertiam
2798 1807 3070 1878 animique
3098 1810 3376 1866 remissio-

1782 1909 1903 1948 nem
1940 1910 2000 1950 ea
2036 1911 2445 1967 consequamur.
2476 1913 2574 1952 nec
2600 1897 2846 1953 eamdem
2876 1898 2980 1953 illis
3003 1898 3209 1969 dignari
3250 1900 3372 1954 diti-
3402 1918 3419 1943 ο

1779 1988 2015 2056 gentiam
2068 2003 2228 2058 quam
2276 1988 2623 2044 saecularibus
2682 1989 2843 2044 rebus
2884 1990 3231 2057 impendere?
3274 1990 3372 2057 Ne,

1777 2077 2024 2146 obsecro,
2042 2094 2110 2134 ne
2135 2078 2270 2134 adeo
2295 2079 2436 2134 male
2449 2079 2517 2135 de
2539 2079 2714 2147 nobis,
2738 2079 2908 2149 deque
2930 2088 3110 2135 nostra
3137 2081 3372 2151 ipsorum

1778 2169 1950 2225 salute
1982 2178 2314 2235 statuamus;
2357 2169 2451 2225 sed
2478 2170 2646 2225 oculis
2672 2170 2869 2225 nostris
2892 2170 2960 2225 ad
2995 2178 3209 2226 sanctos
3243 2171 3374 2227 istos

1777 2260 2074 2326 conversis,
2100 2261 2169 2315 ad
2199 2275 2489 2330 generosos
2513 2271 2671 2330 atque
2694 2262 2984 2317 tolerantes
3003 2262 3250 2332 athletas,
3282 2267 3370 2334 qui

1775 2353 1950 2417 nobis,
1975 2362 2036 2407 ut
2050 2410 2053 2411 ν
2065 2353 2214 2421 quasi
2228 2351 2382 2409 traces
2396 2354 2756 2423 prmluceant,
2778 2354 2887 2409 dati
2909 2360 3054 2421 sum,
3080 2355 3370 2419 adgliorttm

1778 2444 2113 2511 tolerantiam
2143 2446 2836 2516 atquc-patientiamvitam
2876 2455 3364 2517 nostratvcompo-
3454 2484 3457 2487 λ

1784 2550 1996 2603 namus,
2030 2547 2103 2590 ut.
2131 2551 2321 2593 eorum
2350 2538 2618 2607 precibus,
2662 2547 2942 2608 postquam
2971 2537 3107 2592 hinc
3135 2553 3379 2594 excessem

1776 2627 1968 2693 rimus,
2020 2643 2161 2684 eum.
2186 2629 2319 2689 illos.
2359 2629 2565 2694 videre,
2616 2640 2733 2685 tam
2775 2630 3045 2701 amplecti-
3083 2632 3368 2701 possimus,

1775 2719 2024 2788 atquein
2058 2719 2165 2776 illis
2205 2721 2509 2777 caelestibus
2536 2720 2901 2777 tabemtaculist
2929 2720 3205 2777 collocari.
3235 2720 3372 2789 Quae

1776 2824 1879 2873 nos
1913 2824 2109 2871 omnes
2143 2810 2351 2866 utinam,
2385 2826 2801 2882 musequamur,
2830 2812 3005 2881 gratia
3024 2819 3085 2866 et:
3123 2811 3351 2882 benigni-

1774 2907 1881 2963 tate
1913 2899 2125 2961 Domini
2145 2901 2314 2958 nostri
2340 2900 2712 2968 JcsuChr-isti,
2741 2917 2835 2973 per
2852 2909 3100 2971 quamet.
3112 2916 3379 2972 cumquo-

1772 2990 1917 3047 Patri
1939 3001 1996 3047 et
2028 2992 2246 3064 Spiritui
2279 2992 2677 3064 sancto-gloria;
2710 2993 2763 3047 in
2802 2994 3002 3055 sazcnla.
3022 2992 3366 3057 sazoulorum,

1775 3084 1969 3151 Amen-

100 3444 198 3459 .-
228 3447 2780 3475 .W'MM-m_~——mm-o
2921 3468 3030 3478 —a—-—o
3240 3470 3276 3482 .-

1506 3720 1881 3787 MONITUM.

68 3981 310 4040 Phocam
344 3982 840 4057 Thaumaturgum.
881 3989 947 4043 Et
985 3988 1038 4044 in
1072 3989 1460 4064 Martyrologio
1492 3992 1740 4059 Romano
1780 3995 2009 4066 legimus
2042 3996 2076 4050 5
2104 3994 2279 4051 Martii
2309 4012 2376 4051 ex
2408 3996 2671 4069 Gregorio
2702 3997 3010 4053 Turonensi
3048 3997 3125 4055 De
3159 4001 3340 4071 gloria

68 4073 367 4148 Martyrum
397 4093 410 4129 :
452 4076 683 4135 Natalis.
719 4078 787 4133 S.‘
828 4078 1022 4155 Placete
1044 4082 1184 4151 apud
1215 4083 1575 4155 Antiochiam.
1623 4084 1868 4158 Itemque
1913 4088 1997 4141 14.
2018 4086 2150 4151 Julii
2186 4106 2200 4142 :
2240 4086 2443 4158 Sinope
2470 4089 2741 4147 inPonto.
2775 4088 2835 4145 S.
2867 4088 3057 4146 Pltocw
3085 4096 3338 4165 martyris

68 4167 304 4259 ejusdem
366 4169 601 4224 civitatis
643 4169 913 4240 Episcopi,
970 4173 1129 4243 cujus
1183 4176 1440 4247 reliquias
1504 4176 1767 4251 Viennam
1824 4180 2029 4251 Gallivm-
2072 4179 2385 4242 trnnsltalas.
2426 4181 2544 4234 Ado
2600 4187 2833 4236 testatur
2896 4181 2952 4235 in
3015 4181 3341 4259 Chronico;

69 4258 125 4315 in
180 4257 477 4331 Horologio
549 4261 860 4342 Graecorum
929 4267 1001 4319 ‘22
1064 4262 1213 4322 Junii
1261 4278 1541 4349 notatur,
1583 4274 1618 4343 ἡ
1682 4302 1685 4322 ι

1785 4273 1997 4345 ap;qu
2067 4273 2163 4333 τοῦ
2234 4273 2489 4344 λειψάνου
2517 4320 2521 4327 .
2553 4275 2647 4328 τοῦ
2711 4274 2881 4344 ἁγίου
2931 4276 3333 4351 ἱερομάρτυρος

67 4354 254 4419 «rma,
287 4358 433 4426 quod
467 4360 608 4429 apud
628 4359 942 4418 Usuardum
976 4380 1006 4419 a
1032 4364 1245 4431 Molano
1273 4367 1478 4423 editum
1509 4370 1590 4425 sic
1622 4371 1839 4438 legitur,
1868 4369 2179 4440 Reportatio
2204 4368 2639 4439 Lipsanisancti
2658 4369 3072 4442 Hiaomartyris
3088 4371 3287 4428 Phoco:
3314 4389 3335 4428 :

68 4446 124 4509 in
150 4447 474 4507 Calendario
500 4468 629 4507 vero
656 4453 988 4519 Graecorum,
1012 4458 1321 4535 interprete
1359 4460 1728 4530 Genehrardo,
1757 4463 2063 4524 Translatio
2086 4461 2457 4532 Retiquiarum
2476 4461 2674 4535 .Pliocaa
2703 4464 2994 4535 martyris;
3029 4481 3243 4521 rursus.
3263 4467 3336 4521 22

71 4538 424 4611 Septembris,
462 4545 733 4615 τοῦιάγίου
762 4549 1157 4622 ἱερομ-άρτυρος
1200 4553 1383 4611 Φωκᾶ.
1413 4554 1475 4625 1η
1510 4554 1685 4621 Menol

1785 4572 1814 4613 0
1839 4570 2012 4627 graece
2052 4552 2317 4610 Venetiis.
2335 4540 2743 4625 editodoplicis
2767 4556 2963 4612 Phoete
2982 4559 3176 4627 passio
3203 4561 3335 4616 bre-

70 4629 210 4684 viter
243 4632 429 4688 eodem
456 4634 546 4689 die
567 4636 638 4689 22
658 4636 997 4707 Septembris
1022 4643 1436 4713 perstringitur;
1467 4662 1530 4700 ac
1552 4646 1685 4716 prio:

1785 4647 2031 4716 quidem;
2066 4644 2345 4715 toﬁdytou
2379 4647 2778 4719 ἱερρμάρτυρος
2810 4648 2975 4702 Φωκᾶ
2999 4649 3093 4703 τοῦ
3117 4649 3333 4722 θαυμα-

65 4722 323 4815 τῳργοῖξ,
352 4725 449 4795 qui
471 4726 641 4784 fuisse
675 4729 944 4800 Pamphili
976 4741 1031 4787 et
1051 4731 1234 4789 Maria:
1263 4736 1407 4792 ﬁlius
1436 4739 1773 4807 perhibetur,
1803 4736 2291 4809 SinopeinPonto
2312 4745 2499 4806 natus,
2532 4750 2694 4810 atque
2719 4755 2749 4795 a
2775 4743 2979 4799 teneris
3012 4744 3330 4815 unguiculis

69 4808 463 4906 miraculorum
521 4816 692 4887 gloria
725 4816 991 4877 claruisse
1051 4823 1213 4894 eique
1274 4828 1623 4899 martyrium
1658 4829 1765 4884 hoc
1813 4808 2667 4899 signoprtenuntiawmnest
2710 4831 2954 4890 insidens
2996 4808 3158 4906 capiti
3212 4836 3333 4906 ejus

69 4902 614 5003 columba-coronam
646 4911 907 4982 imposuit
946 4914 1185 4971 humana
1215 4918 1488 4988 ejusmodi
1516 4937 1651 4977 voce
1680 4923 1892 4997 missa:
1926 4923 2227 4980 Mistusest
2265 4926 2429 4992 calix,
2464 4936 2643 4997 teque,
2668 4927 2857 4984 bibere
2904 4902 3330 5003 illum—oportet.

69 4991 305 5057 Quodet
326 4996 434 5099 ipsi
462 4999 558 5055 Dei
584 5016 811 5060 munere
841 5022 1161 5064 concessum
1199 5020 1283 5065 est
1312 5029 1327 5065 :
1356 5028 1481 5067 nam
1520 4991 1855 5085 Ii‘nperatore
1875 5017 2468 5089 Trajano-martyrium
2511 4991 2695 5090 gladio
2718 5022 2922 5093 pariter
2958 5036 3012 5079 et
3040 4991 3163 5095 igne
3194 5039 3332 5077 con-

69 5094 393 5183 summavit,
444 5099 571 5159 post
607 5105 835 5150 mortem
899 5097 1080 5169 clarus
1142 5100 1442 5183 miraculis.
1485 5103 1764 5175 Posterior
1811 5121 1940 5163 vero
1968 5107 2180 5165 Phocais
2240 5109 2445 5165 ibidem
2498 5111 2823 5170 hortulanus
2884 5114 3052 5169 fuisse
3100 5112 3330 5181 dicitur,

70 5169 535 5274 δίηοΡέηφιοίιιιθ
594 5186 881 5256 oriundus»
918 5191 1011 5261 τιυὶ
1059 5169 1341 5260 satellites;
1396 5211 1427 5249 a
1486 5170 1691 5271 quibus
1737 5200 1813 5255 ad.
1846 5214 2045 5257 necem.
2088 5200 2454 5269 quaerebatur,
2521 5202 2758 5273 hospitio
2800 5204 3032 5274 excepit,
3078 5218 3143 5257 ac
3186 5169 3332 5274 seip:

68 5280 189 5372 ξυξη
237 5272 344 5372 iliis
388 5279 648 5372 prodidit,
683 5285 759 5339 uti
814 5296 1000 5341 narrat
1036 5289 1178 5358 apud
1206 5288 1581 5361 Lipomanunr
1612 5293 1885 5359 Asterius,
1909 5302 2274 5364 ebantputato
2308 5298 2481 5367 capite
2506 5308 2657 5367 grata
2700 5298 2810 5353 Deo
2839 5272 3060 5352 victima
3113 5272 3331 5353 oblatus

68 5359 187 5463 fuit.
252 5364 336 5463 Eir-
386 5370 471 5463 his
525 5373 739 5432 duobus
790 5377 1051 5447 priorem,
1099 5382 1191 5457 qui
1243 5359 1730 5456 Episcopusl'uit,
1782 5359 2189 5454 suapicorthac
2234 5359 2483 5446 oratione
2507 5359 2761 5455 vlaudari,
2792 5391 2935 5460 quod
2997 5392 3329 5463 ἱερομάρτυς

69 5463 121 5553 in
171 5456 531 5530 inscriptione
588 5474 851 5524 tractatus
915 5456 1161 5536 dicatur,
1224 5490 1333 5549 quo
1386 5475 1825 5549 titulogsmpius.
1872 5479 1927 5533 in
1994 5479 2297 5551 Menolngio
2349 5480 2530 5553 [704]
2595 5456 2897 5551 Episcopos
2945 5456 3060 5536 aut-
3093 5456 3325 5552 Presby-

68 5546 215 5648 leros
249 5554 514 5623 martyrio
558 5567 853 5615 exornatus
882 5576 912 5615 a
952 5560 1154 5619 Graecis
1190 5546 1440 5637 insigniri
1482 5546 1768 5634 rvideoiut
1799 5570 2092 5641 lgnatium,
2148 5570 2469 5642 Dionysium
2523 5585 2578 5628 et
2629 5573 2890 5638 Blasium,
2924 5580 2982 5626 ut
3013 5582 3068 5629 et
3109 5574 3328 5648 ἶερομο-

68 5635 264 5708 νάχους
301 5646 573 5713 appellant
602 5652 925 5718 monachos,
949 5652 1042 5723 qui
1070 5635 1365 5726 presbyteri
1394 5658 1586 5725 creati,
1616 5668 1670 5715 et
1699 5659 1754 5717 in
1784 5635 2214 5718 ecclesiasticam
2240 5635 2604 5720 Initararcltiam
2646 5671 2775 5720 sunt
2796 5635 2996 5719 allecti.
3028 5680 3046 5715 ο

143 5748 520 5826 interpretatio
554 5757 747 5825 Latina
780 5772 861 5819 est
895 5762 1188 5835 Frontonis
1218 5767 1419 5839 Ducaei.
