3858 6280
440 344 552 401 699

1148 342 1206 398 S.
1242 339 1528 398 JOANNIS
1565 326 2052 398 CIIRYSOSTOMI
2089 327 2411 396 ARCHIEP.
2454 337 3001 397 CONSTANTINOP.
3608 346 3695 403 780

1273 963 1404 1038 DE
1470 962 1552 1041 S.
1626 962 2432 1043 HIEROMARTYRE
2516 963 2878 1057 PHOCA,

1633 1314 1721 1369 ET
1760 1315 2037 1371 CONTRA
2080 1314 2517 1383 HERETICOS,

523 1640 691 1711 Atque
717 1642 769 1695 in
800 1638 1074 1694 Psalmum
1106 1652 1254 1702 cru,
1296 1657 1314 1689 t
1360 1638 1493 1691 Voce
1524 1654 1635 1691 mea
1667 1638 1735 1691 ad
1770 1638 2051 1692 Dominum
2085 1639 2307 1693 clamavi
2339 1656 2353 1692 :
2385 1657 2503 1695 voce
2540 1657 2653 1695 mea
2682 1642 2751 1695 ad
2788 1641 2955 1697 Deum
2987 1641 3298 1714 deprecatus
3325 1662 3450 1701 sunt
3485 1648 3578 1722 (ι).
3607 1667 3631 1705 ι

523 2352 576 2406 Ι.
616 2341 904 2421 Splendida
946 2354 1101 2410 nobis
1139 2354 1393 2411 hesterno
1431 2306 1682 2416 die\facta
1710 2372 1793 2417 est
1821 2363 2027 2432 civitas,

449 2443 728 2512 Splendida
770 2454 824 2499 et
862 2445 1105 2511 illustris,
1146 2462 1252 2501 non
1279 2449 1402 2519 quia
1445 2450 1743 2522 columnas,
1789 2455 1882 2509 sed
1913 2457 2035 2525 quia

450 2545 738 2605 martyrem
766 2534 950 2591 habuit
964 2552 1083 2592 cum
1116 2553 1306 2608 pompa
1335 2541 1691 2612 incedentem,
1731 2546 1819 2614 qui
1847 2546 1913 2601 ad
1935 2562 2034 2603 nos

451 2639 517 2687 ex
561 2624 730 2679 Ponto
772 2626 1003 2681 advenit.
1049 2628 1195 2682 Vidit
1230 2638 1461 2685 vestram
1511 2632 1945 2705 hospitalitatem,
1982 2649 2038 2694 et

450 2728 547 2769 vos
593 2714 960 2771 benedictione
1015 2719 1340 2785 cumulavit;
1391 2722 1623 2778 laudavit
1668 2727 1829 2781 animi
1872 2731 2037 2785 vestri

450 2808 797 2873 alacritatem,
831 2820 885 2864 et
906 2825 1001 2865 eos
1033 2812 1122 2881 qui
1147 2812 1493 2881 advenerant,
1522 2816 1813 2876 benedixit.
1842 2821 2032 2880 Beatos

450 2899 591 2965 illos,
622 2900 712 2970 qui
736 2913 1113 2968 convenerant,
1152 2905 1452 2974 praedicavi,
1486 2910 1682 2980 quique
1705 2917 1887 2969 suavis
1909 2917 2028 2985 ejus

450 2990 634 3045 odoris
660 2993 942 3064 participes
981 2994 1212 3063 fuerant,
1258 3008 1311 3053 et
1352 3015 1446 3056 eos
1474 3004 1563 3072 qui
1593 3005 1836 3073 aberant,
1870 3009 2035 3066 mise-

450 3096 539 3135 ros
566 3084 864 3151 appellavi:
893 3098 1281 3155 verumtamen,
1315 3106 1384 3145 ne
1422 3091 1675 3149 damnum
1712 3113 1899 3154 eorum
1946 3102 2037 3157 fiat

452 3173 820 3243 irreparabile,
854 3193 1041 3233 rursus
1069 3180 1241 3249 ipsum
1273 3183 1435 3238 altera
1461 3184 1549 3240 die
1577 3187 1946 3262 prtedicamus,
1975 3203 2035 3250 ut

452 3276 506 3318 et
543 3267 576 3320 ii
602 3267 692 3337 qui
720 3268 789 3323 ob
831 3270 1204 3341 negligentiam
1250 3273 1554 3342 abfuerunt,
1595 3293 1626 3333 a
1670 3290 1904 3352 martyre
1930 3285 2036 3340 im-

452 3358 699 3424 pertitam
727 3358 998 3428 duplicent
1027 3362 1297 3433 diligentia
1338 3366 1785 3428 benedictionem.
1820 3374 2032 3432 Etenim

451 3446 592 3514 quod
620 3463 992 3518 saepenumero
1032 3452 1162 3518 dixi,
1193 3453 1296 3509 hoc
1323 3471 1532 3528 quoque
1557 3460 1738 3517 dicere
1772 3480 1876 3519 non
1920 3482 2037 3523 ces-

450 3538 617 3591 sabo:
648 3554 752 3592 non
781 3554 968 3609 poenas
992 3552 1331 3610 peccatorum
1368 3557 1575 3618 repeto,
1603 3552 1698 3606 sed
1729 3559 2035 3625 aegrotanti-

453 3627 553 3681 bus
589 3628 904 3685 medicinam
928 3648 1079 3703 paro.
1116 3634 1345 3690 Abfuisti
1373 3638 1524 3694 heri?
1553 3642 1738 3699 saltem
1761 3644 1920 3703 hodie
1938 3649 2036 3705 ad-

452 3725 591 3786 esto,
623 3728 679 3774 ut
699 3735 818 3775 eum
842 3721 894 3776 in
919 3724 1191 3793 proprium
1219 3726 1400 3782 videas
1416 3728 1592 3786 locum
1608 3733 1819 3791 deduci.
1850 3737 2037 3795 Vidisti

451 3823 577 3865 eum
606 3825 701 3877 rer
722 3811 894 3869 forum
928 3811 1183 3872 ductum?
1225 3834 1387 3876 cerne
1425 3822 1534 3893 jam
1565 3826 1739 3895 ipsum
1770 3845 1865 3900 per
1888 3848 2037 3890 mare

452 3903 810 3978 navigantem,
856 3914 914 3961 ut
951 3910 1280 3967 elementum
1328 3922 1615 3989 utrumque
1659 3921 1777 3991 ejus
1809 3924 2034 3982 benedi-

450 3994 627 4048 ctione
648 3995 934 4064 repleatur.

522 4082 861 4155 Imperatores
886 4092 1058 4149 colunt
1083 4092 1356 4167 Martyres.
1382 4126 1453 4139 -
1472 4098 1641 4158 Nemo
1658 4103 1725 4159 ab
1750 4104 1851 4162 hac
1880 4123 2032 4165 sacra

449 4174 788 4233 solemnitate
829 4180 1139 4239 absit:non
1184 4188 1336 4258 virgo
1370 4189 1532 4263 domi
1576 4208 1872 4265 remaneat,
1927 4216 2035 4257 non

450 4266 641 4321 mulier
671 4269 876 4328 mdibus
916 4289 975 4329 se
1004 4278 1271 4333 contineat
1304 4300 1317 4333 :
1343 4282 1718 4342 exhauriamus
1747 4290 1953 4359 urbem,
1980 4303 2037 4350 et

450 4373 548 4413 nos
573 4358 642 4413 atl
669 4364 978 4433 sepulcrum
1006 4371 1257 4440 martyris
1290 4373 1662 4445 conferamus;
1697 4396 1819 4435 nam
1845 4392 1897 4438 et
1928 4384 2034 4439 lm-

448 4459 725 4518 peratores
763 4472 867 4509 una
897 4458 1171 4515 nobiscum
1212 4462 1439 4520 choreas
1483 4467 1704 4524 ducunt.
1735 4473 2033 4539 Quamnam

450 4541 608 4609 igitur
646 4545 854 4600 veniam
899 4559 1137 4604 meretur
1174 4553 1434 4621 privatus,
1475 4571 1595 4612 cum
1638 4563 1782 4632 regia
1835 4569 2029 4635 palatia

448 4630 705 4689 deserant
720 4635 1093 4705 Imperatores,
1117 4650 1171 4696 et
1194 4645 1443 4715 martyris
1464 4630 1719 4717 sepulcro:
1729 4630 2034 4714 assideant?

449 4721 593 4776 Talis
636 4726 882 4781 nimirum
932 4737 1016 4784 est
1059 4732 1229 4787 virtus
1261 4746 1580 4807 martyrum,
1626 4750 1685 4795 ut
1729 4759 1835 4799 non
1873 4749 2033 4805 modo

448 4811 707 4879 privatos,
745 4816 841 4869 sed
879 4832 972 4872 eos
1014 4821 1173 4876 etiam
1204 4825 1294 4893 qui
1343 4826 1643 4886 diademata
1667 4844 1898 4905 gestant,
1938 4856 2031 4895 sa-

447 4917 583 4969 gena
632 4904 916 4959 concludat
947 4926 960 4961 :
992 4908 1106 4967 hzec
1144 4916 1417 4983 gentilium
1462 4930 1543 4976 est
1572 4904 1891 4995 ignominia,
1920 4930 2034 4989 haec

446 4993 649 5048 erroris
690 4993 928 5064 ipsorum
963 5004 1331 5072 upprobrium,
1379 5009 1493 5066 haec
1522 5014 1823 5074 daemonum
1856 5022 2033 5092 perdi-

446 5086 541 5151 tio,
576 5084 691 5139 haec
736 5095 915 5143 nostra
966 5093 1236 5163 nobilitas,
1281 5108 1335 5153 et
1380 5101 1629 5161 Ecclesia:
1656 5124 1874 5168 corona.
1925 5114 2030 5171 Ex-

444 5176 587 5229 sulto
610 5193 732 5233 cum
777 5185 1122 5254 martyribus,
1156 5200 1211 5243 et
1238 5205 1347 5260 prae
1375 5192 1557 5251 laetitia
1602 5200 1850 5273 tripudio,
1898 5206 2025 5265 dum

443 5277 715 5337 pratorum
746 5273 863 5330 loco
908 5286 1166 5347 tropaeum
1212 5284 1449 5353 ipsorum
1502 5290 1732 5363 intueor,
1776 5303 2025 5369 quoniam

443 5375 541 5428 pro
594 5363 825 5422 futilibus
877 5374 1187 5439 sanguinem
1240 5378 1542 5437 effuderunt
1583 5403 1595 5439 :
1644 5363 1851 5447 illoru-m
1904 5412 2025 5453 Ossa

441 5466 751 5525 consumpta
777 5470 930 5527 sunt,
958 5472 1013 5517 at
1047 5469 1253 5523 illorum
1294 5474 1549 5530 memoria
1597 5477 1651 5533 in
1700 5480 1813 5538 dies
1842 5483 1899 5539 ﬁt
1943 5505 2029 5544 re-

442 5547 668 5600 centior.
698 5547 763 5604 Ut
787 5553 927 5606 enim
961 5560 1072 5610 lteri
1109 5569 1296 5629 nequit
1325 5575 1382 5617 ut
1415 5566 1495 5619 sol
1532 5570 1918 5642 exstinguatur,
1953 5579 2023 5634 ita

442 5650 613 5705 neque
644 5648 700 5691 ut
721 5653 1013 5715 martyrum
1041 5652 1296 5707 memoria
1318 5668 1502 5721 pereat
1527 5678 1541 5714 :
1567 5662 1676 5730 ipse
1696 5667 1838 5722 enim
1869 5669 2021 5726 Chri-

500 5769 575 5831 (α)
608 5772 784 5823 evitata
804 5789 912 5828 cum
938 5794 1031 5831 uno
1056 5794 1201 5849 negto
1226 5793 1305 5837 Ms.
1331 5794 1413 5854 qui
1436 5807 1532 5846 non
1558 5799 1728 5850 variat.

2146 2383 2263 2433 slus
2313 2391 2690 2464 pronuntiavit,
2736 2399 2929 2456 Cretum
2978 2415 3024 2460 et
3067 2417 3201 2465 terra
3253 2418 3552 2487 transibunt,
3583 2425 3697 2479 verba

2147 2483 2315 2530 autem
2358 2496 2469 2535 mea
2498 2501 2598 2541 non
2638 2496 2963 2560 praeteribunt
2994 2499 3207 2571 (Matth.
3250 2507 3346 2564 24.
3386 2514 3495 2584 55).
3538 2483 3693 2571 l’erum

2148 2571 2399 2640 martyris
2429 2576 2643 2644 quidem
2670 2580 2855 2642 laudes
2881 2589 2947 2644 ad
2973 2597 3301 2655 conveniens
3332 2571 3499 2672 usque
3523 2614 3694 2678 tempus

2145 2670 2518 2728 exspectemus
2545 2685 2559 2721 :
2584 2686 2707 2727 nam
2753 2684 2808 2731 et
2844 2677 2911 2733 de
2938 2681 3047 2738 illis
3075 2686 3206 2743 satis
3235 2692 3406 2747 multa
3421 2670 3558 2749 dicta
3598 2709 3693 2752 sunt

2146 2839 2450 2902 festivitatis
2477 2850 2616 2907 diem
2653 2839 2936 2917 celebrem“
2966 2839 3416 2941 reddere.thtod

2146 2943 2332 2991 sterno
2376 2939 2463 2997 die
2506 2943 2634 3013 dixi,
2680 2950 2841 3007 etiam
2888 2954 3051 3015 hodie
3097 2939 3296 3021 rursus-
3331 2968 3689 3042 dieozmartyri

2143 3028 2357 3097 quidem
2386 3033 2554 3103 gloria
2574 3040 2715 3096 nulla
2739 3058 2805 3099 ex
2835 3049 3123 3107 multorum
3143 3062 3430 3126 praesentia
3453 3078 3688 3135 compara-

2143 3117 2307 3189 bitur,
2337 3139 2432 3179 vos
2476 3138 2653 3185 autem
2700 3134 3124 3200 benedictionem
3169 3147 3513 3211 lucrifacietis
3549 3172 3606 3212 ex
3641 3171 3688 3211 eo

2143 3212 2284 3280 quod
2306 3214 2373 3269 ad
2404 3230 2693 3292 martyrem
2719 3234 3074 3291 accesseritis.
3097 3238 3548 3307 Quemadmodum
3569 3250 3684 3302 enim

2143 3300 2211 3366 is,
2247 3305 2334 3375 qui
2363 3310 2550 3365 oculos
2580 3313 2634 3368 in
2662 3317 2830 3373 solem
2859 3300 3144 3396 convertit:
3170 3340 3377 3391 astrum
3404 3338 3491 3392 ille
3511 3338 3685 3408 quidem

2143 3394 2474 3463 splendidius
2513 3404 2736 3464 minime
2779 3412 2976 3483 reddit,
3016 3419 3111 3475 sed
3130 3394 3331 3482 oculos
3367 3443 3490 3484 suos
3525 3394 3679 3483 illumio

2143 3493 2236 3539 nat
2269 3504 2282 3541 :
2310 3488 2381 3544 ita
2413 3491 2665 3551 nimirum
2693 3508 2747 3555 et
2785 3502 2850 3569 is,
2876 3507 2964 3576 qui
2992 3515 3215 3584 martyri
3245 3515 3501 3575 honorem
3525 3520 3685 3584 defert,

2142 3576 2427 3676 clariorem
2457 3585 2608 3644 illum
2637 3607 2743 3648 non
2772 3594 2962 3667 efﬁcit,
3003 3602 3100 3659 sed
3129 3576 3248 3676 ipse
3285 3611 3359 3666 ab
3385 3612 3472 3667 illo
3496 3612 3586 3668 sibi
3609 3576 3682 3667 be:

2142 3668 2499 3732 nedictionem
2535 3679 2669 3737 lucis
2703 3690 2946 3745 accersit.

2212 3759 2500 3834 Lampadas
2535 3769 2589 3824 in
2632 3776 3087 3846 supplicationibus
3124 3784 3537 3848 Christianorum.
3585 3792 3681 3847 Non

2142 3850 2453 3924 htereticum,
2486 3861 2587 3916 sed.
2602 3862 2835 3922 heresim
2878 3878 3211 3945 persequitur.
3250 3911 3325 3923 —
3364 3883 3543 3941 lterum
3567 3900 3682 3940 mare

2139 3947 2422 4004 ecclesiam
2465 3952 2761 4016 efficiamus
2789 3977 2909 4018 cum
2938 3966 3272 4043 lampadibus
3300 3976 3428 4033 illuc
3458 3976 3685 4048 prodeun-

2140 4044 2221 4092 tes
2241 4079 2256 4104 ,
2288 4048 2343 4094 et
2366 4040 2540 4112 ignem
2572 4047 2938 4112 ltutnectantes
2959 4097 2975 4125 ,
2996 4040 3058 4116 et
3091 4077 3282 4135 aquam
3311 4069 3433 4140 igne
3454 4040 3685 4138 complen-

2141 4138 2223 4187 tes
2254 4149 2268 4186 :
2300 4151 2459 4191 nemo
2488 4139 2704 4213 pelagus
2738 4146 3085 4222 reformidet;
3133 4138 3362 4218 mortem
3392 4171 3573 4233 martyr
3596 4176 3679 4214 non

2139 4225 2520 4296 reformidavit,
2542 4243 2597 4289 et
2613 4244 2667 4291 tu
2681 4253 2871 4309 aquam
2891 4246 3223 4314 pertimescis
3237 4253 3261 4307 ἲ
3275 4252 3382 4310 Sed
3399 4257 3447 4311 in
3465 4225 3582 4308 hanc
3594 4252 3677 4321 qui-

2138 4317 2259 4375 dem
2282 4327 2599 4383 sententiam
2624 4332 2757 4388 satis
2776 4336 2940 4393 multa
2960 4339 3069 4410 jam
3094 4342 3329 4403 diximus
3355 4368 3370 4404 :
3388 4364 3477 4419 age
3494 4361 3602 4416 ergo
3622 4358 3673 4399 ex

2139 4410 2223 4467 his
2243 4415 2400 4471 etiam
2424 4434 2542 4489 qua:
2565 4421 2723 4481 hodie
2744 4428 2961 4486 recitata
2983 4445 3133 4502 sunt,
3151 4451 3456 4497 consuetam
3476 4452 3673 4496 mensam

2137 4505 2289 4561 vobis
2312 4524 2638 4580 apponamus
2663 4534 2676 4571 :
2701 4517 2826 4576 licet
2844 4524 2987 4579 enim
3003 4541 3228 4599 corpora
3249 4545 3421 4590 vestra
3441 4541 3671 4591 coarcten-

2136 4697 2571 4767 coarctationem,
2591 4703 2683 4758 sed
2700 4706 2863 4763 animi
2883 4714 3045 4768 vestri
3066 4716 3390 4776 alacritatem
3405 4714 3670 4791 Specto.th-

2140 4786 2407 4845 bernatori
2447 4809 2659 4865 quoque
2688 4814 2837 4856 mare
2863 4802 3114 4862 ﬂuctibus
3141 4812 3392 4882 agitatum
3425 4786 3667 4882 jucundum

2136 4886 2236 4943 est,
2252 4881 2517 4940 etdoctori
2536 4888 2758 4945 ecclesia
2778 4893 2946 4951 turbis
2964 4898 3170 4956 undans
3186 4881 3202 4955 7:
3220 4918 3326 4959 non
3343 4904 3474 4961 enim
3491 4903 3536 4957 in
3550 4895 3668 4967 aquis

2135 4979 2218 5025 est
2235 4971 2350 5028 istis
2366 4975 2599 5048 salsugo,
2619 4995 2725 5037 non
2747 4986 3019 5055 scopulus,
3042 5006 3217 5063 neque
3232 4994 3435 5062 bellum,
3456 4991 3537 5049 sed
3553 4999 3666 5044 mm

2132 5076 2196 5115 ac
2210 5063 2423 5136 pelagus
2434 5068 2601 5127 odore
2617 5074 2765 5129 suavi
2781 5076 3085 5137 redundans
3105 5100 3118 5136 :
3136 5083 3223 5141 hic
3237 5088 3455 5158 navigia,
3467 5096 3569 5154 qum
3582 5090 3663 5133 που

2133 5165 2163 5205 a
2189 5160 2327 5209 terra
2351 5157 2403 5211 in
2428 5165 2645 5230 terram,
2665 5165 2760 5220 sed
2780 5181 2811 5219 a
2832 5175 2972 5223 terra
2994 5170 3047 5225 in
3071 5174 3260 5231 caelum
3284 5178 3552 5249 trajiciunt;
3571 5179 3663 5287 qua:

2133 5259 2238 5287 nnn
2268 5262 2517 5287 npmlnmc
2544 5266 2732 5287 nnn-nn!
2787 5274 2891 5287 nnn
2924 5277 3107 5287 ..η-η...
3161 5283 3261 5287 __,-
3302 5284 3373 5287 μη
3394 5277 3544 5287 -ᾼ.--...
3589 5274 3609 5287 ο

2132 5259 2240 5299 non
2266 5251 2519 5317 pecunias
2543 5266 2756 5323 gerunt,
2787 5274 2892 5314 non
2921 5277 3132 5331 aurum,
3161 5283 3267 5323 non
3295 5277 3565 5340 argentum,
3589 5255 3659 5313 sed

2132 5333 2314 5405 fidem,
2345 5350 2400 5394 et
2424 5343 2699 5402 caritatem
2722 5390 2737 5416 ,
2766 5360 2822 5405 et
2849 5352 3020 5408 zelum
3042 5396 3058 5422 ,
3085 5366 3140 5412 et
3167 5333 3486 5431 sapientiam.

2200 5428 2254 5482 2.
2296 5433 2409 5503 Age
2453 5433 2629 5506 itaque
2667 5456 2855 5497 navem
2899 5444 3183 5518 diligenter
3221 5428 3537 5511 emittamus.
3565 5455 3658 5513 flu‘8

2128 5536 2420 5594 numquam
2447 5529 2628 5598 perit,
2660 5548 2948 5605 numquam
2989 5542 3319 5614 naufragium
3351 5544 3540 5616 patitur.

2127 5614 2192 5668 .is
2215 5657 2231 5682 ,
2268 5634 2387 5687 quae
2417 5620 2694 5691 dicuntur,
2724 5630 2981 5686 attendite
3021 5614 3568 5727 diligenter;pssimius

2127 5711 2340 5779 quidem
2370 5713 2528 5772 hodie
2559 5718 2611 5773 in
2633 5720 2802 5777 aciem
2840 5734 3026 5782 contra
3057 5727 3335 5789 haereticos
3361 5742 3448 5785 nos
3472 5717 3645 5813 educito

2128 5820 2234 5862 non
2259 5814 2317 5863 ut
2336 5807 2457 5866 illos
2478 5819 2681 5871 stantes
2698 5826 3122 5892 prosternamus,
3144 5824 3237 5881 sed
3259 5834 3313 5883 ut
3336 5825 3546 5897 jacentcs
3565 5808 3648 5864 cri—
