3858 6280
123 286 233 341 699

1267 306 1330 362 IN
1378 308 1432 363 S.
1478 307 1756 366 PHOCAM
1795 311 2193 372 MARTYREM.

3245 322 3348 398 τοο

523 901 716 978 [¹⁷⁰⁴]
779 916 952 1002 ΕΙΣ
1016 921 1242 1006 ΤΟΝ
1299 921 1635 1008 ΑΓΙΟΝ
1689 928 1704 1007 ]

1812 925 2446 1013 ΡΟΜΛΡΤΥΡΑ
2511 927 2898 1017 ΦΩΚΑΝ
2919 983 2940 1016 .

1369 1359 1485 1412 ΚΑΙ
1529 1361 1721 1414 ΚΑΤΑ
1757 1361 2136 1422 ΑΙΡΕΤΙΚΩΝ

231 1742 342 1799 Κιιί
378 1742 468 1812 είς
499 1742 606 1798 τὸν
637 1749 776 1815 ρμα¹
802 1743 1070 1816 ψαλμὸν,
1104 1763 1124 1796 ι
1167 1746 1341 1816 Φωνῇ
1378 1767 1497 1817 μου
1544 1751 1694 1819 πρὸς
1719 1751 1828 1806 τόν
1857 1753 2076 1822 Κύριον
2103 1753 2422 1824 ἐκέκραξα,
2462 1755 2632 1826 φωνῇ
2665 1774 2787 1828 μου
2811 1757 2962 1828 πρὸς
2987 1757 3094 1815 τὸν
3124 1761 3272 1816 Θεὸν

1585 1843 1862 1909 ἐδεήθην.
1901 1863 1921 1895 ι

199 2667 264 2724 α’.
299 2665 548 2737 Λαμπρά
592 2663 809 2736 γέγονεν
840 2665 973 2734 ἡμῖν
1012 2662 1136 2733 χθὲς
1167 2669 1198 2739 ή
1252 2665 1432 2732 πόλις,
1473 2667 1705 2739 λαμπρὰ

134 2755 220 2806 καί
253 2748 580 2822 περιφανὴς,
615 2755 715 2800 οὐκ
741 2746 928 2818 ἐπειδὴ
959 2746 1144 2808 κίονας
1175 2741 1338 2814 εἶχεν,
1371 2747 1485 2800 ἀλλ’
1518 2747 1702 2817 ἐπειδὴ

135 2836 382 2906 μάρτυρα
410 2829 761 2901 πομπεύοντα
789 2828 897 2882 ἀπὸ
927 2828 1128 2882 Πόντου
1167 2827 1303 2899 πρὸς
1349 2831 1494 2900 ἡμᾶς
1528 2847 1701 2901 παρα..

130 2918 434 2989 γενόμενον.
460 2911 612 2968 Εἰδεν
641 2913 795 2985 ὐμῶν
814 2911 913 2982 τὴν
937 2911 1260 2981 φιλοξενίαν,
1286 2914 1380 2966 καί⁵
1411 2913 1702 2985 ἐνέπλησεν

131 3002 267 3070 ὑμᾶς
292 3001 395 3070 τῆς
429 2997 717 3066 εὐλογίας·
759 2996 1019 3067 ἐπῄνεσεν
1053 2995 1206 3065 ὑμῶν
1237 2994 1335 3066 τὴν
1374 2997 1701 3068 προθυμίαν,

133 3086 219 3138 καὶ
239 3084 501 3155 εὐλόγησε
530 3081 655 3143 τοὺς
682 3079 1178 3153 παραγενομένους.
1210 3078 1552 3151 Ἐμακάρισα
1577 3079 1704 3143 τοὺς

134 3169 478 3230 συνελθόντας
508 3165 603 3218 καὶ
634 3163 998 3235 μετασχόντας
1027 3161 1192 3216 αὐτοῦ
1222 3162 1324 3232 τῆς
1345 3163 1590 3227 εὐωδίας,
1613 3164 1705 3217 καὶ

75 3278 80 3285 ·
132 3254 412 3308 ἐταλάνισα
446 3251 571 3312 τοὺς
609 3246 1032 3316 ἀπολειφθέντας
1059 3263 1074 3278 ’
1105 3245 1218 3298 ἀλλ’
1251 3246 1338 3299 ἵνα
1370 3246 1445 3317 μὴ
1474 3249 1506 3317 ἠ
1533 3247 1706 3317 ζημία

131 3335 301 3390 αὐτῶν
325 3333 546 3395 ἀνίατος
572 3331 815 3400 γένηται,
844 3328 1003 3382 πάλιν
1030 3331 1088 3382 ἐν
1111 3328 1272 3399 ἑτέρᾳ
1294 3329 1478 3399 ἡμέρᾳ
1502 3330 1706 3399 ἀνακη-

135 3421 387 3491 ρύττομεν
410 3417 597 3479 αὐτὸν,
629 3415 716 3468 ἵνα
745 3414 840 3469 καὶ
869 3414 920 3466 οἱ
966 3411 1380 3482 ἀπολειφθέντες
1409 3412 1496 3466 διά
1538 3411 1706 3484 ρᾳθυ-

135 3505 252 3574 μίαν
279 3500 676 3554 διπλασιάσωσι
696 3499 763 3568 τῇ
791 3495 992 3567 σπουδῇ
1022 3494 1122 3566 τὴν
1143 3495 1394 3564 εὐλογίαν
1426 3495 1525 3566 τὴν
1555 3495 1706 3565 παρά

131 3586 219 3640 τοῦ
247 3586 541 3658 μάρτυρος.
577 3584 642 3636 Ὃ
673 3581 772 3653 μὲν
797 3579 907 3651 γὰρ
936 3579 1196 3642 πολλάκις
1227 3576 1402 3644 εἶπον,
1431 3579 1588 3632 τοῦτο
1612 3579 1707 3632 καὶ

132 3670 294 3738 λέγων
313 3669 372 3723 οὐ
398 3666 681 3736 παύσομαι
701 3681 716 3694 ·
740 3664 840 3717 οὐκ
871 3662 1101 3726 εὐθύνας
1133 3663 1348 3716 ἀπαιτῶ
1377 3663 1707 3734 ἁμαρτημά-

135 3771 268 3814 των,
305 3751 446 3805 ἀλλά
491 3752 604 3814 τοῖς
641 3745 925 3801 ἀσθενοῦσι
974 3745 1242 3818 φάρμακα
1290 3745 1704 3808 κατασκευάζει).

144 3835 495 3905 ’Λπελείφθης
519 3831 644 3903 χθές
668 3846 686 3896 ;
717 3828 1027 3902 παραγενοῦ
1054 3826 1156 3882 κᾶν
1185 3828 1443 3899 σήμερον,
1475 3829 1563 3881 ἵνα
1591 3827 1707 3899 ἴδῃς

133 3919 282 3972 αὐτὸν
315 3920 394 3982 εἰς
427 3917 520 3969 τὸν
552 3915 751 3968 οἰκεῖον
772 3910 950 3983 χῶρον
979 3910 1343 3982 ἀπαγόμενον.
1373 3905 1526 3973 Εἶδες
1544 3910 1702 3963 αὐτὸν

131 4001 213 4054 διὰ
241 3988 336 4072 τῆς
366 3999 576 4070 ἀγορᾶς
624 3995 890 4066 ἀγόμενον
916 4010 931 4060 ;
969 3991 1132 4063 βλέπε
1172 3993 1333 4046 αὐτὸν
1366 3994 1460 4046 καὶ
1491 3993 1578 4046 διὰ
1605 3993 1701 4046 τοῦ

133 4084 386 4153 πελάγους
421 4081 678 4142 πλέοντα,
706 4079 795 4132 ἵνα
821 4077 1057 4148 ἑκάτερα
1083 4074 1151 4129 τά
1177 4079 1412 4147 στοιχεῖα
1440 4075 1540 4146 τῆς
1571 4077 1702 4148 παρ’

135 4166 286 4218 αὐτοῦ
322 4163 574 4233 εὐλογίας
613 4160 924 4233 ἐμπλησθῇ.

196 4249 395 4318 Μηδεὶς
448 4243 910 4315 ἀπολιμπανέσθω
944 4241 1046 4312 τῆς
1089 4242 1240 4314 ἱερᾶς
1309 4240 1513 4313 ταύτης
1575 4257 1704 4294 παν-

133 4329 403 4401 ηγύρεωςο
439 4328 516 4400 μὴ
565 4326 832 4398 παρθένος
875 4324 1012 4377 οίκοι
1044 4324 1282 4394 μενέτω,
1317 4323 1392 4394 μὴ
1426 4323 1561 4394 γυνὴ
1604 4325 1702 4393 τὴν

134 4415 298 4469 οἰκίαν
330 4413 628 4484 κατεχέτω,
651 4410 977 4481 κενώσωμεν
999 4409 1098 4479 τὴν
1130 4407 1306 4471 πόλιν,
1334 4407 1428 4460 καὶ
1454 4407 1589 4476 πρὸς
1614 4405 1703 4460 τὸν

135 4498 292 4567 τάφον
319 4488 413 4552 τοῦ
451 4498 728 4568 μάρτυρος
788 4492 1242 4565 μεθορμίσωμεν’
1297 4492 1394 4544 καὶ
1449 4490 1558 4561 γάρ
1609 4490 1703 4543 καὶ

138 4579 362 4648 βασιλεῖς
400 4582 555 4649 κοινῇ
594 4577 712 4649 μεθ’
738 4575 893 4648 ήμῶν
924 4573 1226 4645 χορεύουσι.
1264 4571 1429 4627 Ποίαν
1452 4568 1544 4626 οὖν
1575 4590 1702 4642 συγ-

135 4662 348 4735 γνώμην
380 4663 494 4734 ἕχει
522 4665 550 4716 6
579 4659 794 4730 ἰδιώτης
817 4699 832 4722 ,
866 4657 1131 4729 βασιλέων
1159 4657 1259 4719 τὰς
1291 4655 1573 4725 βασιλικὰς
1604 4656 1702 4709 αὐ-

135 4745 224 4810 λάς
255 4747 766 4819 καταλιμπανόντων
791 4782 808 4804 ,
842 4743 936 4798 καὶ
967 4741 1044 4812 τῷ
1092 4741 1248 4812 τάφῳ
1286 4739 1380 4794 τοῦ
1430 4741 1704 4813 μάρτυρος

136 4831 604 4903 παρακαθημένων
631 4847 645 4896 ;
678 4826 910 4898 Τοιαύτη
942 4826 1051 4896 γὰρ
1083 4825 1190 4878 τῶν
1224 4824 1514 4896 μαρτύρων
1546 4825 1578 4896 ἡ
1622 4823 1706 4877 δύο

136 4930 323 4986 ναμις,
362 4917 437 4980 ὡς
489 4916 564 4987 μὴ
607 4917 766 4984 μόνον
815 4913 941 4975 τοὺς
987 4909 1237 4975 ἰδιώτας,
1273 4909 1409 4962 ἀλλὰ
1460 4909 1556 4962 καὶ
1578 4910 1704 4974 τοὺς

136 4996 200 5050 τὰ
225 4999 529 5070 διαδήματα
564 4996 864 5069 φοροῦντας
899 4991 1249 5064 σαγηνεύειν·
1283 4990 1422 5060 αὕτη
1447 4991 1555 5045 τῶν
1594 4991 1703 5045 Ἐλ-

137 5077 300 5148 λήνων
324 5083 357 5152 ή
392 5080 644 5150 αἰσχύνη,
672 5077 811 5147 αὐτη
836 5077 932 5147 τῆς
961 5075 1168 5144 πλάνης
1189 5073 1367 5126 αὐτῶν
1396 5073 1456 5126 τὸ
1479 5073 1699 5138 ὄνειδος,

138 5162 267 5232 αὕτη
313 5165 423 5219 τῶν
473 5165 743 5235 δαιμόνων
788 5163 822 5232 ὴ
876 5159 1281 5228 ἐξολόθρευσις·
1309 5157 1448 5227 αὕτη
1479 5157 1700 5230 ἡμῶνή

139 5247 373 5313 εὐγένεια
397 5291 412 5315 ,
448 5247 670 5317 καὶτῆς
709 5242 1038 5310 Ἐκκλησίας
1077 5242 1107 5294 6
1158 5239 1441 5308 στέφανος.
1483 5239 1708 5312 Χορεύω

142 5331 270 5398 μετά
294 5330 607 5402 μαρτύρων,
642 5329 738 5382 καὶ
764 5325 1002 5398 σκιρτῶ,
1027 5323 1146 5378 ἀντὶ
1174 5321 1457 5402 λειμώνων
1495 5322 1710 5393 βλέπων

138 5401 306 5468 αὐτῶν
332 5401 394 5468 τδ
425 5401 702 5486 τρόπαιον,
735 5411 816 5465 ὅτι
842 5408 964 5463 ἀντὶ
986 5405 1178 5477 πηγῶν
1218 5401 1359 5476 αἷμα
1386 5405 1574 5477 ἔρρεον
1594 5422 1610 5436 ο
1643 5406 1711 5461 τά

140 5495 263 5548 όστᾶ
296 5497 474 5550 αὐτῶν
517 5493 829 5567 ἐδαπανήθη
853 5532 868 5554 ,
910 5490 1006 5544 καὶ
1053 5490 1086 5560 ή
1135 5488 1324 5560 μνήμη
1371 5488 1549 5542 αὐτῶν
1589 5489 1712 5542 καθ’

140 5577 363 5649 ἑκάστην
389 5579 602 5652 ἡμέραν
626 5575 938 5650 νεαρωτέρα
965 5573 1198 5642 γίνεται.
1239 5571 1447 5645 Ὠσπερ
1475 5571 1584 5644 γὰρ
1616 5572 1708 5626 τὸν

139 5658 279 5726 ἥλιον
306 5662 584 5733 ἀμήχανον
621 5660 933 5731 σϐεσθῆναι,
959 5653 1100 5710 οὕτω
1125 5654 1218 5708 καί⁵
1245 5655 1464 5726 μνήμην
1497 5655 1707 5725 μαρτύ-

145 5756 242 5810 ρων
261 5758 273 5771 ·
301 5745 460 5810 αὐτὸς
491 5747 604 5820 γὰρ
649 5747 678 5799 6
705 5741 938 5816 Χριστὸς
966 5738 1316 5809 ἀπεφήνατο·
1361 5738 1414 5788 '0
1447 5738 1704 5808 οὐρανός

1804 2667 1903 2721 καὶ
1930 2669 1968 2737 ἡ
2002 2667 2078 2738 γῆ
2118 2669 2613 2740 παρελεύσονται,
2645 2674 2699 2727 οἱ
2721 2673 2789 2727 δὲ
2824 2674 2991 2746 λόγοι
3029 2691 3150 2744 μου
3179 2677 3252 2729 οὐ
3290 2675 3379 2747 μὴ

1803 2751 2202 2819 παρέλθωσιν.
2248 2756 2410 2811 Ἀλλά
2455 2755 2548 2810 τοῦ
2580 2756 2677 2827 μὲν
2713 2757 2986 2828 μάρτυρος
3018 2757 3089 2810 τὰ
3131 2757 3383 2828 ἐγκώμια

1803 2835 1882 2897 εἰς
1929 2833 2019 2888 τὸν
2052 2838 2399 2909 προσήκοντα
2443 2837 2632 2910 καιρὸν
2685 2839 3097 2910 ἀναμείνωμεν·
3151 2843 3245 2893 καὶ
3273 2840 3383 2909 γὰρ

1805 2917 1896 2969 καὶ
1928 2916 2098 2970 ταῦτα
2141 2920 2450 2991 ἀρκούντως
2478 2922 2694 2991 εἴρηται
2733 2921 2822 2976 διὰ
2853 2921 2950 2994 τὴν
3001 2923 3232 2995 σπουδὴν
3274 2923 3383 2976 τῶν

1803 2998 2125 3079 ὀφειλόντων
2166 3003 2512 3076 συναχθῆναι,
2563 3004 2658 3058 καὶ
2704 3005 2979 3075 περιφανῆ
3032 3007 3252 3076 ποιῆσαι
3284 3007 3387 3076 τὴν

1805 3081 2016 3152 ἡμέραν
2043 3083 2142 3153 τῆς
2173 3085 2385 3156 ἑορτῆς.
2419 3084 2573 3157 [705]
2619 3088 2684 3138 Ὃ
2718 3086 2816 3156 μὲν
2847 3087 2955 3158 γάρ
2988 3089 3081 3140 καί
3109 3089 3235 3158 χθὲς
3265 3088 3384 3140 ἐλε-

1805 3180 1920 3231 γον,
1953 3166 2045 3217 καὶ
2084 3167 2321 3238 σήμερον
2356 3168 2516 3221 πάλιν
2549 3167 2727 3236 λέγω,
2765 3168 2842 3238 τῷ
2876 3171 2973 3238 μὲν
3024 3171 3258 3242 μάρτυρι
3290 3171 3384 3223 οὐ-

1804 3245 1966 3316 δεμία
1989 3245 2113 3314 δόξα
2137 3249 2244 3301 ἀπὸ
2267 3250 2359 3320 τῆς,
2392 3250 2500 3302 τῶν
2523 3249 2730 3303 πολλῶν
2757 3252 3052 3323 παρουσίας
3074 3253 3381 3322 γενήσεται,

1806 3328 1934 3398 ὑμῖν
1986 3328 2044 3382 δὲ
2100 3329 2300 3384 πλείων
2331 3330 2485 3384 ἔσται
2526 3333 2558 3403 ή
2601 3333 2816 3400 εὐλογία
2851 3331 2959 3387 ἀπὸ
3006 3334 3100 3387 τοῦ
3135 3352 3384 3407 παραγε-

1805 3410 1991 3464 νέσθαι
2024 3413 2159 3484 πρὸς
2190 3413 2281 3466 τὸν
2342 3415 2613 3486 μάρτυρα.
2649 3416 2858 3486 ’Ὠσπερ
2892 3417 3000 3487 γάρ
3048 3419 3077 3470 6
3129 3419 3264 3486 πρὸς
3293 3418 3385 3471 τὸν

1805 3493 1954 3565 ἥλιον
1982 3495 2194 3565 βλέπων
2219 3496 2280 3549 τὸ
2301 3497 2400 3568 μὲν
2425 3498 2622 3569 ἄστρον
2654 3499 3005 3570 φαιδρότερον
3029 3500 3089 3553 οὐ
3124 3503 3287 3565 ποιεῖ,
3317 3501 3387 3555 τά

1805 3575 1863 3629 δὲ
1887 3578 2060 3631 οἰκεῖα
2106 3579 2329 3655 ὄμματα
2361 3580 2696 3650 καταυγάζει
2723 3597 2738 3612 ο
2776 3581 2916 3637 οὕτω
2947 3583 3011 3654 δὴ
3046 3585 3141 3638 καὶ
3189 3585 3217 3637 6
3243 3583 3387 3655 μάρ-

1805 3675 1946 3730 τυρα
1979 3661 2188 3730 τιμῶν,
2229 3654 2434 3716 ἐκεῖνον
2490 3662 2873 3736 λαμπρότερον
2927 3665 2989 3718 οὐ
3045 3654 3385 3729 ποιεῖ,ίὰλλ’

1807 3741 1970 3806 αὐτὸς
2019 3743 2148 3816 παρ’
2181 3743 2389 3798 ἐκείνου
2439 3745 2539 3817 τὴν
2588 3746 2842 3815 εὐλογίαν
2892 3745 2988 3801 τοῦ
3040 3749 3217 3818 φωτὸς
3267 3751 3387 3802 ἐπι-

1811 3840 2035 3878 σπαται.

1882 3907 2204 3977 Ποιήσωμεν
2255 3907 2417 3962 πάλιν
2451 3908 2549 3981 τὴν
2593 3909 2860 3965 θάλατταν
2898 3909 3192 3980 ἐκκλησίαν
3249 3911 3386 3982 μετὰ

1809 3989 2102 4062 λαμπάδων
2131 3990 2362 4057 ἐξιόντες
2393 3994 2704 4058 ἐκεῖσε,καί
2731 3994 2793 4047 τὸ
2819 3993 2929 4066 πῦρ
2955 3995 3382 4064 ἐνυγραίνοντες,

1810 4074 1904 4126 καὶ
1935 4073 1996 4127 τὸ
2020 4072 2163 4145 ὕδωρ
2188 4076 2612 4146 ἐμπιμπλῶντες
2645 4078 2836 4148 πυρός.
2879 4077 3085 4146 Μηδεὶς
3118 4077 3388 4146 φοϐείσθω

1808 4158 1870 4212 τὸ
1891 4157 2130 4227 πέλαγος
2149 4176 2162 4188 ·
2197 4161 2226 4211 6
2252 4159 2462 4230 μάρτυς
2499 4160 2728 4214 θάνατον
2760 4163 2860 4214 οὐκ
2898 4160 3137 4232 ἐφοϐήθη
3157 4200 3172 4224 ,
3203 4163 3294 4214 καὶ
3322 4164 3385 4215 σὺ

1808 4242 1870 4294 τὸ
1909 4241 2052 4313 ὕδωρ
2083 4241 2360 4308 δέδοικας;
2403 4243 2564 4297 Ἀλλά
2596 4243 2783 4298 τοῦτον
2833 4245 2932 4316 μὲν
2975 4244 3262 4314 αὐτάρκως
3295 4245 3388 4300 τὸν

1808 4324 1963 4392 λόγον
1996 4326 2297 4396 εἰρήκαμεν
2318 4343 2331 4356 ·
2361 4326 2495 4396 φέρε
2526 4325 2590 4396 δὴ
2623 4327 2717 4380 καὶ
2742 4329 2807 4380 ἐκ
2839 4327 2948 4381 τῶν
2975 4328 3210 4400 σήμερον
3238 4329 3388 4400 εἰρη-

1813 4406 1987 4478 μένων
2019 4408 2116 4478 τὴν
2159 4407 2413 4462 εἰωθυῖαν
2463 4408 2591 4479 ὑμῖν
2630 4409 2967 4481 παραϐῶμεν
2998 4410 3297 4482 τράπεζαν.
3325 4412 3386 4464 Εἰ

1809 4489 1919 4562 γάρ
1957 4490 2051 4543 καὶ
2102 4493 2512 4561 στενοχωρεῖται
2557 4491 2712 4562 ήμῶν
2745 4492 2813 4546 τὰ
2847 4491 3093 4564 σώματα,
3121 4493 3234 4547 ἀλλ’
3261 4495 3390 4548 ἀνα-

1810 4571 2128 4643 πτερούσθω
2177 4575 2210 4642 ἡ
2261 4572 2504 4626 διάνοιαο
2553 4574 2674 4627 οὐδὲ
2722 4574 2830 4646 γὰρ
2881 4577 2979 4647 τὴν
3031 4577 3389 4648 στενοχωρίαν

1811 4653 1985 4725 ὑμῶν,
2010 4654 2144 4709 ἀλλά
2166 4655 2264 4727 τὴν
2302 4655 2612 4728 προθυμίαν
2647 4657 2850 4728 βλέπω.
2893 4658 3020 4712 Ἡδὺ
3054 4661 3147 4713 καὶ
3195 4659 3391 4731 κυϐερ-

1809 4740 1946 4812 νήτῃ
1978 4738 2215 4792 θάλαττα
2246 4741 2632 4811 κυματουμένη
2652 4780 2666 4803 ,
2717 4741 2812 4794 καὶ
2853 4741 3156 4816 διδασκάλῳ
3188 4744 3388 4816 ἐκκλψ

1811 4822 1900 4876 σία
1928 4822 2328 4894 πελαγιζομένη
2350 4841 2363 4854 ·
2395 4825 2456 4876 οὐ
2480 4825 2588 4894 γάρ
2610 4827 2756 4877 ἐστιν
2785 4827 2842 4879 ἐν
2865 4828 2976 4890 τοῖς
3007 4825 3164 4881 ὕδασι
3182 4828 3393 4892 τούτοις

1809 4905 1933 4960 οὐτε
1975 4905 2156 4976 ἅλμη,
2203 4905 2326 4960 οὐτε
2371 4907 2663 4971 σκόπελος,
2716 4907 2839 4962 οὐτε
2880 4908 3080 4978 θηρία,
3116 4911 3252 4966 ἀλλὰ
3295 4912 3392 4966 θά-

1807 4989 1977 5044 λαττα
2016 4990 2110 5043 καὶ
2154 4989 2388 5057 πέλαγος
2435 4990 2604 5059 γέμον
2647 4991 2876 5056 εὐωδίας
2904 5009 2918 5025 ο
2954 4993 3187 5049 ἐνταῦθα
3234 4994 3391 5048 πλοῖα

1809 5073 1909 5127 οὐκ
1933 5073 2041 5126 ἀπὸ
2066 5073 2170 5143 γῆς
2192 5073 2274 5136 εἰς
2313 5071 2438 5143 γῆν,
2476 5073 2590 5126 ἀλλ’
2616 5074 2723 5128 ἀπὸ
2767 5076 2873 5146 γῆς
2901 5077 2980 5140 εἰς
3003 5077 3232 5149 οὐρανὸν
3259 5075 3390 5148 μεθ-

1810 5154 2177 5226 ορμιζόμενα,
2226 5155 2287 5208 οὐ
2343 5155 2600 5228 χρήματα
2639 5156 2865 5228 ἔχοντα,
2905 5157 2967 5210 οὐ
3005 5159 3236 5228 χρυσὸν,
3267 5159 3389 5212 οὐδὲ

1811 5237 2082 5312 ἄργυρον,
2115 5236 2252 5293 ἀλλά
2284 5237 2466 5292 πίστιν
2489 5277 2504 5304 ,
2535 5239 2628 5293 καί
2652 5241 2873 5312 ἀγάπην
2894 5279 2910 5306 ,
2953 5241 3048 5294 καὶ
3075 5239 3259 5310 ζῆλον.
3292 5240 3388 5294 καὶ

1815 5339 2022 5390 σοφίαν.

1887 5405 1951 5474 β’.
1979 5403 2117 5470 Φέρε
2139 5405 2202 5476 δὴ
2227 5404 2404 5460 τοίνυν
2422 5405 2562 5476 μετά
2579 5405 2863 5478 ἀκριϐείας
2884 5407 3109 5478 ἐφίεμεν
3135 5407 3195 5460 τᾎ
3209 5406 3390 5459 πλοῖον

1821 5489 2088 5561 μηδέποτε
2132 5489 2502 5560 ἀπολλύμενον
2526 5526 2546 5552 .
2600 5488 2736 5560 μηδέ
2783 5490 3039 5558 ναυάγιον
3096 5491 3386 5561 ὑπομένον.

1828 5564 1989 5625 Ἀλλά
2037 5571 2334 5643 προσέχετε
2366 5571 2503 5643 μετὰ
2530 5571 2818 5642 ἀκριϐείας
2845 5575 2958 5636 τοῖς
2987 5572 3296 5643 λεγομένοις
3314 5590 3327 5602 ·
3363 5575 3392 5626 ό

1813 5656 1921 5726 γάρ
1948 5654 2162 5725 ψαλμδς
2189 5655 2340 5726 ἡμᾶς
2372 5645 2609 5726 σήμερον
2637 5655 2718 5718 εἰς
2744 5653 3050 5725 παράταξιν
3073 5655 3255 5724 ἐξάγει
3283 5654 3394 5709 τῶν

1812 5739 2106 5812 αἰρετικῶν
2125 5781 2141 5802 ,
2171 5739 2270 5810 οὐχ
2311 5737 2398 5793 ἵνα
2420 5737 2622 5803 αὐτοὺς
2651 5737 2892 5804 ἑστῶτας
2923 5737 3235 5811 βάλλωμεν,
3275 5739 3390 5795 ἀλλ’
