3800 6282
34 336 138 389 731

34 474 270 531 gamus:
291 465 549 530 ejusmout
577 468 804 525 namque
825 460 1063 508 nostrum
1084 463 1166 507 est
1182 452 1375 508 bellum
1396 466 1408 507 ς
1430 467 1535 507 non
1566 466 1634 506 ex

28 551 178 606 vivis
202 558 443 605 mortuos
466 547 658 611 reddit,
683 546 776 601 sed
797 560 862 600 ex
884 544 1107 599 mortuis
1130 544 1277 598 vivos
1292 543 1473 608 efﬁcit,
1490 558 1640 596 man-

32 642 331 697 suetudine
342 655 404 695 ac
416 640 579 694 muita
597 638 898 694 redundans
915 636 1255 707 benignitate.
1274 635 1389 689 Non
1406 636 1552 689 enim
1569 634 1640 687 ta.

32 734 143 787 ctis
163 732 420 797 insector,
434 730 528 786 sed
546 731 721 786 verbis
741 744 1049 800 persequor,
1064 743 1174 783 non
1194 727 1523 791 bznretieum,
1544 725 1639 779 sed

35 826 319 891 haeresim,
342 840 444 879 non
464 823 733 879 hominem
752 837 991 889 aversor,
1011 820 1101 875 sed
1123 835 1358 875 errorem
1378 818 1499 873 odio
1520 834 1638 886 pro-

33 930 245 986 sequor
258 925 311 970 et
323 914 553 969 avellere
565 928 749 968 conor:
767 927 870 967 non
888 920 969 967 est
981 910 1107 965 mihi
1122 910 1319 965 bellum
1334 919 1636 977 susceptum

33 1023 167 1061 cum
191 1007 515 1069 substantia;
546 1005 639 1059 Dei
660 1003 922 1075 siquidem
950 1018 1083 1073 opus
1101 1009 1182 1058 est
1197 1001 1520 1057 substantia:
1545 999 1637 1055 sed

34 1099 315 1168 corrigere
340 1107 569 1153 mentem
593 1097 735 1159 volo,
755 1110 910 1167 quam
933 1094 1173 1149 diabolus
1194 1094 1449 1162 corrupit.
1475 1092 1561 1146 Sic
1582 1100 1640 1146 et

36 1189 290 1244 medicus
306 1188 433 1245 dum
452 1200 708 1258 aegrotum
724 1195 894 1251 curat,
911 1202 1014 1241 non
1029 1200 1221 1256 corpus
1237 1194 1526 1255 oppugnat,
1543 1182 1637 1237 sed

37 1283 293 1353 corporis
315 1283 496 1336 vitium
520 1281 673 1337 tollit.
691 1280 779 1337 Sic
801 1281 961 1350 igitur
975 1295 1074 1349 ego
1089 1293 1316 1350 quoque,
1338 1280 1380 1334 si
1398 1292 1517 1332 cum
1539 1276 1641 1331 lite-

34 1377 230 1432 reticis
246 1377 437 1432 bellum
451 1390 798 1446 gessero,non
813 1390 933 1431 cum
949 1373 1250 1428 hominibus
1263 1372 1459 1427 bellum
1484 1386 1632 1441 gero,

32 1467 140 1522 sed
170 1483 408 1523 errorem
432 1466 852 1537 expellerevolo,
876 1481 939 1521 ac
960 1465 1294 1536 putredinem
1320 1479 1635 1537 expurgare.

117 1558 350 1615 Christus
380 1560 632 1630 patientia:
671 1557 855 1630 pra’bet
894 1557 1198 1627 exemplum.
1236 1586 1309 1597 —
1344 1557 1467 1610 Mihi
1504 1570 1636 1610 con-

33 1663 258 1709 suetum
279 1654 839 1725 estpersequutionem
860 1651 986 1721 pati,
1005 1665 1112 1705 non
1134 1648 1379 1720 persequi
1401 1666 1414 1703 :
1434 1648 1635 1716 vexari,

35 1760 153 1800 non
182 1760 397 1801 vexare.
440 1745 529 1800 Sic
566 1753 620 1799 et
644 1742 888 1799 Christus
911 1741 1179 1807 vincebat,
1211 1755 1319 1795 non
1344 1739 1489 1795 cruci
1516 1739 1636 1793 afﬁ-

31 1853 181 1906 gens
199 1878 214 1904 ,
242 1836 335 1892 sed
367 1836 509 1891 cruci
536 1835 724 1891 allixus
749 1851 764 1900 ;
796 1847 900 1889 non
928 1833 1093 1903 alapis
1125 1831 1337 1888 emdens
1356 1872 1372 1899 ,
1401 1830 1493 1886 sed
1522 1829 1637 1885 ala-

34 1932 129 2001 pis
159 1945 349 1986 casus.
385 1930 445 1985 Si
474 1929 606 1984 male
631 1929 865 1998 loquutus
892 1943 1003 1981 sum
1022 1967 1038 1994 ,
1068 1926 1272 1996 inquit,
1302 1923 1637 1979 testimonium

30 2023 252 2090 per/tibe
279 2021 341 2075 de
368 2022 540 2086 malo;
575 2022 619 2075 si
643 2028 810 2074 autent
834 2018 956 2073 bene
974 2060 989 2086 ,
1022 2018 1142 2088 quid
1169 2033 1249 2071 me
1275 2017 1427 2072 credis
1452 2017 1631 2089 (Joan.

34 2112 134 2168 18.
163 2112 236 2167 25
262 2110 323 2183 )?
354 2110 608 2165 Dominus
637 2096 779 2165 urbis
807 2119 1066 2164 terrarum
1097 2108 1236 2180 apud
1265 2123 1475 2164 servum
1505 2123 1678 2180 pon-,

32 2202 204 2257 tiﬁcis
228 2218 288 2258 se
316 2211 521 2273 purgat,
543 2202 702 2258 etiam
730 2201 894 2273 alapis
922 2200 977 2256 in
1006 2215 1099 2256 ore
1128 2215 1318 2267 ca-sus,
1352 2200 1491 2255 unde
1513 2216 1638 2271 pro-

28 2296 143 2352 diit
173 2295 415 2362 verbum,
436 2303 491 2353 et
521 2310 667 2350 mare
696 2293 937 2359 frenavit,
964 2302 1018 2349 et
1036 2292 1444 2365 quatriduanum
1473 2293 1636 2347 Laza-

30 2403 161 2442 rum
190 2402 219 2443 a
250 2386 472 2441 mortuis
496 2386 750 2441 excitavit
776 2403 789 2441 :
819 2385 961 2441 unde
986 2386 1185 2439 malum
1214 2383 1463 2455 fugiebat,
1496 2383 1636 2439 unde

30 2478 389 2549 a-gritudines
401 2489 456 2534 et
475 2487 687 2549 peccata
711 2476 1052 2534 solvebantur
1075 2495 1087 2530 :
1112 2477 1214 2532 hoc
1226 2485 1307 2532 est
1322 2477 1631 2531 miraculum

31 2570 314 2627 Cruciﬁxi.
339 2569 470 2624 Nam
492 2585 611 2624 cum
636 2568 853 2624 fulmina
882 2569 1092 2623 vibrare
1114 2577 1314 2638 posset,
1347 2582 1409 2622 ac
1434 2576 1632 2623 terram

22 2648 332 2717 'mncutere
356 2702 370 2728 ,
402 2660 649 2730 servique
678 2674 893 2714 manum
930 2657 1200 2715 arefacere
1223 2699 1239 2725 ,
1280 2658 1412 2713 nihil
1441 2659 1633 2714 horum

34 2757 204 2821 fecit;
237 2753 331 2811 sed
357 2763 409 2809 et
432 2768 492 2809 se
516 2762 724 2825 purgat,
747 2763 804 2809 et
829 2760 1046 2823 superat
1064 2751 1411 2823 benignitate,
1437 2760 1487 2807 te
1512 2766 1637 2807 eru-

34 2850 220 2917 diens,
247 2859 304 2909 ut
329 2863 447 2903 cum
472 2848 633 2901 homo
657 2846 750 2912 sis,
780 2860 1066 2916 numquam
1092 2845 1446 2904 excandescas
1470 2863 1483 2898 :
1506 2845 1633 2901 licet

41 2941 196 2995 cruci
225 2937 486 3011 aiﬁgaris,
514 2940 637 2995 licet
665 2939 869 3010 alapam
896 2937 1159 3009 accipias,
1189 2946 1245 2993 ut
1272 2936 1459 2993 eadem
1485 2938 1631 2994 dicas

35 3048 163 3103 qua:
188 3031 443 3087 Dominus
469 3041 607 3097 tuus,
633 3030 694 3086 Si
719 3029 852 3084 male
876 3029 1111 3101 loquutus
1135 3046 1265 3094 sum,
1294 3030 1631 3083 testimonium

36 3126 249 3196 perhibes
268 3125 330 3179 de
349 3122 515 3190 malo;
541 3124 582 3179 si
600 3134 769 3179 autem
789 3123 930 3191 bene,
958 3122 1078 3194 quid
1098 3140 1178 3178 me
1204 3122 1356 3177 cwdis
1372 3122 1399 3176 ?
1419 3124 1497 3177 Ac
1510 3121 1631 3178 vide

36 3218 213 3289 ipsius
239 3216 613 3288 benignitatem
634 3258 649 3282 ,
671 3231 778 3288 quo
798 3223 952 3286 pacto
971 3230 1088 3285 quae
1114 3230 1389 3271 servorum
1416 3215 1628 3284 quidem

37 3325 262 3367 suorum
289 3319 412 3365 sunt
435 3309 684 3375 vindicet,
713 3324 831 3378 qua:
858 3322 987 3363 vero
1014 3323 1109 3363 sua
1137 3315 1282 3375 sunt,
1314 3308 1631 3377 praetermit-

38 3411 139 3456 tat.
170 3401 429 3471 Propheta
449 3399 716 3472 quondam
744 3398 839 3454 i‘uit
858 3441 873 3466 ,
894 3399 983 3470 qui
1004 3414 1182 3470 regem
1204 3399 1366 3469 impie
1385 3408 1627 3471 agentem

38 3492 431 3564 redarguebat;
459 3502 513 3549 et
540 3508 658 3547 cum
682 3493 1014 3559 accessisset,
1033 3492 1162 3547 dixit
1188 3510 1200 3548 :
1228 3491 1420 3560 Attare,
1445 3493 1624 3557 altare,

36 3589 165 3642 audi
183 3589 256 3658 (5.
277 3587 498 3659 Reg.l5.
513 3587 591 3659 2).
611 3587 746 3643 Nam
761 3587 1009 3657 quoniam
1023 3602 1113 3641 rex
1132 3585 1413 3643 Jeroboam
1427 3586 1631 3641 sacriﬁ-

39 3682 183 3735 cium
208 3680 360 3735 idolis
382 3680 613 3735 oilerens
636 3680 830 3745 stabat,
846 3686 959 3734 tum
980 3678 1199 3734 veniens
1222 3679 1481 3751 prOpbeta
1507 3693 1627 3734 cum

40 3774 198 3828 altari
223 3773 561 3843 colloquitur.
589 3772 725 3840 Quid
736 3772 869 3843 agis,
887 3788 920 3827 ο
941 3771 1238 3842 propheta?
1260 3771 1525 3826 hominem
1549 3771 1631 3826 di-

41 3868 234 3933 mittis,
251 3875 305 3922 et
324 3882 443 3922 cum
462 3866 613 3921 altari
634 3864 984 3936 eolloqueris?
999 3863 1070 3920 lta
1093 3874 1194 3929 est,
1216 3865 1401 3935 inquit.
1420 3864 1629 3932 Quare?

41 3958 483 4029 Quandoquidem
513 3957 673 4013 homo
701 3958 870 4027 magis
912 3972 1103 4027 expers
1135 3971 1325 4012 sensus
1361 3972 1423 4011 ac
1457 3959 1629 4027 stupi-

39 4051 164 4105 dior
186 4050 361 4121 lapide
388 4049 556 4105 iactus
583 4059 694 4115 est,
720 4050 908 4103 omitto
936 4048 1084 4103 illum
1111 4056 1308 4104 etcum
1338 4049 1440 4104 isto
1465 4047 1631 4105 collo-

40 4157 183 4213 quor
201 4184 215 4208 ,
244 4152 303 4197 ut
341 4142 601 4211 intelligas
626 4140 811 4196 audire
840 4140 1066 4211 lapidem
1091 4184 1106 4209 ,
1135 4148 1191 4195 et
1220 4139 1489 4195 hominem
1522 4156 1629 4195 non

44 4234 251 4289 audire.
283 4234 442 4303 Audi,
466 4235 646 4302 altare,
678 4234 800 4288 audi
825 4248 844 4287 :
873 4244 925 4288 et
953 4232 1129 4289 subito
1153 4243 1367 4304 ruptum
1394 4240 1477 4289 est
1501 4232 1633 4289 alta-

45 4343 123 4383 re.
157 4327 407 4383 Extendit
428 4341 644 4382 manum
674 4340 823 4382 suam
849 4341 968 4389 rex,
990 4340 1110 4380 cum
1137 4326 1447 4397 prophetam
1472 4326 1632 4382 vellet

46 4418 346 4490 corripere,
377 4432 549 4489 neque
576 4419 748 4489 potuit
775 4417 918 4473 illam
944 4416 1012 4472 ad
1041 4432 1102 4473 se
1131 4416 1407 4473 reducere.
1444 4416 1626 4486 Vides,

49 4522 105 4568 ut
128 4515 298 4568 altare
325 4514 525 4583 potius,
558 4526 715 4581 quam
747 4526 841 4566 rex
868 4509 1133 4565 audierit?
1158 4507 1326 4573 vides,
1356 4517 1413 4563 ut
1432 4509 1632 4564 omisso

48 4624 113 4662 eo
151 4605 242 4676 qui
280 4606 485 4660 ratione
526 4602 780 4674 praeditus
815 4612 931 4657 erat
953 4644 967 4668 ,
1000 4601 1051 4656 id
1089 4601 1229 4671 quod
1262 4610 1375 4656 erat
1411 4602 1632 4657 rationis

48 4714 248 4768 expers
274 4698 343 4753 sit
369 4696 690 4765 alloquutus,
719 4702 779 4750 ut
806 4709 899 4764 per
925 4694 1076 4748 istius
1105 4692 1458 4749 obedientiam
1492 4693 1633 4748 illius

48 4802 318 4861 stuporem
337 4788 694 4855 malitiamque
710 4784 1036 4855 corrigeret?
1062 4784 1305 4839 Fractum
1333 4793 1414 4838 est
1438 4784 1629 4851 altare,

50 4894 104 4937 et
132 4881 274 4951 regis
302 4878 502 4937 malitia
531 4876 693 4932 fracta
722 4890 827 4930 non
853 4886 954 4931 est.
986 4878 1064 4931 Ac
1090 4874 1209 4930 vide
1227 4915 1240 4940 ,
1273 4875 1398 4944 quid
1424 4875 1632 4930 accide-

50 4976 119 5028 rit
145 4990 159 5026 :
193 4970 430 5027 extendit
456 4985 669 5024 manum
710 4981 859 5023 suam
898 4983 993 5024 rex
1015 5008 1031 5033 ,
1061 4974 1119 5021 ut
1142 4967 1452 5037 prepitetam
1479 4982 1631 5021 com-

52 5062 425 5134 prehenderet,
441 5070 496 5117 et
515 5060 765 5117 continuo
786 5074 975 5114 manus
990 5059 1103 5128 ejus
1123 5059 1347 5113 exaruit.
1371 5058 1631 5127 Quoniam

52 5156 235 5211 altaris
264 5153 524 5225 supplicio
551 5152 740 5207 melior
765 5149 936 5207 factus
962 5164 1068 5205 non
1095 5159 1211 5215 est,
1237 5149 1448 5218 propria
1477 5163 1633 5219 poma

53 5247 407 5304 obedientiam
451 5246 542 5300 Dei
582 5245 821 5299 docetur.
871 5242 983 5312 Ego
1022 5241 1233 5311 quidem
1279 5240 1369 5293 tibl
1408 5255 1633 5311 parcens

52 5342 194 5396 volui
222 5342 273 5395 in
295 5336 527 5408 lapidem
554 5337 686 5391 iram
715 5333 1023 5399 ell'undere;
1051 5332 1265 5402 quando
1291 5341 1467 5386 autem
1496 5331 1636 5400 lapi-

56 5438 134 5489 dis
166 5432 468 5503 magisterio
494 5447 600 5487 non
627 5445 689 5485 es
711 5428 969 5492 eruditus,
1003 5436 1056 5480 tu
1082 5424 1396 5495 supplicium
1425 5425 1631 5493 excipe.

57 5527 120 5581 Et
143 5526 380 5581 extendit
404 5538 618 5578 manum
645 5535 812 5585 suam,
838 5528 893 5574 et
916 5534 947 5574 e
970 5517 1191 5585 vestigio
1215 5516 1421 5571 exaruit
1448 5515 1554 5586 (Ib.
1583 5532 1631 5569 υ.

57 5618 322 5689 4).5ωι›ίιι
348 5616 598 5684 deinceps
625 5622 882 5682 tropmum
912 5607 1207 5679 prophetae,
1233 5619 1286 5662 et
1311 5622 1401 5661 rex
1427 5616 1637 5660 contra-

57 5718 186 5769 here
228 5711 397 5779 ipsam
443 5724 547 5763 non
590 5694 816 5777 potei'at.
866 5702 966 5758 Ubi
1007 5699 1291 5755 diadema?
1331 5699 1416 5753 ubi
1459 5706 1636 5752 vestes

61 5803 371 5877 purpurae?
395 5801 481 5857 ubi
510 5798 729 5856 loricae?
752 5797 839 5852 ubi
866 5792 1076 5868 clypei?
1104 5791 1188 5848 ubi
1218 5791 1517 5848 exercitus?
1544 5790 1630 5846 ubi

1300 337 1367 395 ΙΝ
1403 338 1460 394 S.
1501 335 1780 394 PliOCAM
1816 336 2229 397 MARTYREM.

3229 354 3334 411 70‘)

1754 450 1990 506 lanceae?
2014 452 2179 507 .lussit
2206 454 2364 521 Deus,
2387 467 2440 511 et
2458 458 2636 512 omnia
2659 456 2747 515 illa
2772 460 3046 529 perierunt
3068 480 3082 518 :
3107 463 3337 522 circum-

1748 542 1959 598 stabant
1985 554 2231 615 satrapa),
2262 548 2352 616 qui
2382 561 2698 605 succurrere
2724 551 2943 608 minime
2972 562 3251 621 poterunt,
3282 568 3337 612 at

1749 634 1914 706 plagm
1954 645 2153 691 tantum
2198 646 2706 708 spectatoreseraut
2729 643 2946 701 redditi.
2995 644 3062 700 Et
3095 647 3339 704 extendit

1748 740 1960 780 manum
1992 742 2140 783 suam
2159 744 2281 794 rex,
2308 741 2362 784 et
2384 732 2596 786 exaruit
2625 749 2638 785 :
2658 733 2879 803 quando
2898 734 3045 791 arida
3062 736 3207 793 (acta
3225 749 3332 805 est,

1748 828 1871 874 time
1901 819 2127 877 fructum
2160 825 2295 879 tulit.
2343 825 2629 881 Considera
2658 827 2786 882 mihi
2815 829 3117 899 exemplum
3141 872 3158 896 .
3184 833 3334 902 quod

1748 916 1982 968 occurrit
2008 915 2060 970 in
2091 916 2255 986 ligno,
2289 918 2429 988 quod
2461 920 2512 974 in
2545 920 2789 988 paradiso
2818 920 2936 987 fuit,
2970 932 3026 977 et
3060 924 3118 977 in
3148 924 3334 995 ligno,

1746 1007 1885 1077 quod
1905 1006 2073 1063 fuitin
2092 1026 2268 1066 cruce.
2304 1012 2449 1069 Sicut
2474 1015 2614 1069 enim
2647 1017 2841 1087 lignum
2863 1017 3019 1085 illud,
3037 1030 3162 1075 mm
3184 1031 3333 1087 esset

1745 1099 1936 1167 viride,
1969 1113 2194 1159 mortem
2223 1108 2450 1177 peperit,
2470 1108 2672 1177 lignum
2699 1125 2828 1165 vero
2848 1113 3050 1181 crucis,
3080 1122 3199 1167 eum
3228 1115 3332 1168 ari-

1746 1191 1870 1246 dum
1893 1206 2056 1263 esset,
2081 1197 2243 1253 vitam
2264 1201 2481 1270 genuit:
2507 1203 2586 1258 sic
2606 1210 2659 1256 et
2682 1202 2734 1257 in
2758 1217 2914 1257 manu
2938 1205 3077 1275 regis
3098 1205 3329 1261 accidit:

1745 1285 1958 1353 quando
1982 1287 2164 1343 viridis
2192 1298 2325 1357 erat,
2354 1298 2477 1346 tunc
2502 1292 2827 1361 impietatem
2849 1299 3093 1366 peperit;
3118 1297 3331 1367 quando

1744 1375 1891 1429 arida
1914 1375 2049 1432 facta
2077 1389 2178 1447 est,
2202 1389 2327 1436 tunc
2346 1382 2704 1439 obedientiam
2726 1386 2978 1454 produxit
3006 1406 3019 1444 :
3047 1388 3169 1445 vide
3191 1388 3328 1444 facta

1747 1461 1840 1520 Dei
1877 1467 2156 1522 mirabilia.

1815 1555 1955 1611 Deus
1995 1574 2250 1615 servorum
2290 1577 2495 1616 suorum
2536 1564 2795 1620 ulciscitur
2840 1568 3075 1639 injurias.
3111 1596 3181 1611 -ι-
3220 1570 3328 1625 Sed

1744 1647 1885 1716 quod
1925 1648 2165 1704 dicebam
2189 1692 2204 1717 ,
2237 1652 2450 1722 quando
2479 1654 2647 1726 alapis
2684 1656 2797 1726 ipse
2825 1656 3130 1715 cmdebatur
3151 1702 3164 1726 ,
3196 1661 3328 1717 nituit

1744 1737 1870 1793 ntali
1891 1737 2115 1794 cadenti
2139 1740 2427 1799 inferebat:
2446 1745 2659 1814 quando
2678 1756 2853 1802 autem
2876 1762 3061 1805 servus
3083 1750 3332 1821 injurism

1746 1843 1998 1899 passurus
2022 1842 2159 1900 erat,
2177 1847 2355 1903 regem
2383 1837 2620 1906 punivit,
2650 1847 2713 1892 ut
2742 1849 2793 1895 te
2820 1839 3009 1895 doceat
3026 1856 3092 1897 ea
3108 1843 3331 1913 quidem

1743 1937 1863 1992 qua:
1896 1918 2001 1979 Dei
2022 1934 2144 1980 sunt
2165 1926 2457 1995 vindicare,
2488 1944 2607 1999 qua;
2632 1946 2760 1986 vero
2787 1933 3004 2003 propria
3029 1945 3155 1990 sunt
3184 1949 3329 2006 prc-

1745 2016 2056 2073 termittere.
2087 2018 2237 2075 Sicut
2262 2020 2405 2075 enim
2431 2036 2531 2092 ego
2556 2037 2675 2079 mea
2695 2025 3064 2095 praetermitto,
3090 2036 3177 2082 tua
3202 2042 3340 2085 vero

1743 2110 1954 2167 vindico
1979 2130 1993 2168 :
2015 2110 2095 2167 sic
2120 2119 2173 2169 et
2196 2121 2255 2168 tu
2284 2128 2403 2169 mea
2429 2114 2660 2180 vindica,
2691 2126 2777 2173 tua
2809 2132 2938 2173 vero
2958 2122 3327 2189 praetermitto.

1743 2200 1943 2261 Verum
1986 2206 2203 2277 arrigite
2230 2206 2360 2262 mihi
2388 2221 2546 2264 aures
2582 2218 2791 2265 vestras
2819 2227 2836 2265 :
2861 2212 2952 2267 ubi
2980 2214 3122 2267 enim
3151 2224 3339 2270 certae.

1742 2298 1943 2352 minum
1969 2305 2181 2369 tempus
2205 2307 2320 2366 est,
2352 2300 2683 2358 auditoribus
2706 2310 2791 2359 est
2815 2318 2949 2375 opus
2971 2347 2986 2372 ,
3016 2307 3207 2378 quibus
3232 2324 3324 2364 ar-

1741 2396 1903 2443 rectae
1928 2389 2036 2443 sint
2059 2403 2216 2445 aures
2245 2399 2299 2446 et
2325 2400 2563 2458 attenta,
2594 2400 2654 2448 ut
2680 2392 2965 2465 diligenter
2996 2398 3283 2453 advertatis
3310 2443 3335 2467 ,

1740 2493 1846 2548 quo
1887 2488 2041 2550 pacto
2084 2480 2241 2551 ligem
2265 2523 2280 2549 ,
2318 2495 2425 2552 quo
2463 2493 2620 2555 pacto
2660 2485 2861 2541 solvam
2899 2486 3337 2545 adversariorum

1740 2568 1931 2625 delicta
1957 2613 1970 2637 ,
2003 2585 2109 2642 quo
2136 2581 2293 2643 pacto
2317 2573 2491 2631 lueter
2512 2615 2527 2642 ,
2560 2590 2667 2647 quo
2696 2585 2851 2648 pacto
2876 2577 3085 2635 feriam.
3117 2580 3248 2634 Nam
3281 2582 3332 2636 si

1740 2661 1814 2718 illi
1845 2663 1934 2733 qui
1964 2663 2017 2718 in
2048 2663 2258 2719 theatro
2292 2663 2482 2722 sedent
2509 2666 2716 2724 duobus
2744 2669 3072 2727 certantibus
3097 2714 3112 2739 ,
3139 2674 3325 2729 oculos

1739 2768 1864 2810 suos
1889 2764 1943 2810 et
1967 2756 2206 2826 corporis
2231 2765 2487 2813 staturam
2514 2758 2861 2817 extendentes
2880 2803 2895 2828 ,
2923 2764 3077 2834 proni
3106 2779 3329 2836 prospe»

1737 2855 1923 2915 etant,
1955 2857 2014 2904 ut
2053 2851 2340 2905 certamina
2378 2851 2592 2907 videant
2622 2852 2803 2924 probri
2852 2853 3007 2926 plena
3032 2897 3048 2923 ,
3105 2868 3161 2911 ut
3203 2873 3328 2914 cer-

1739 2943 1935 2997 tamina
1960 2944 2198 2999 .videant
2234 2960 2353 3016 quae
2401 2945 2596 3002 imitari
2636 2949 2952 3018 probrosum
2998 2957 3080 3005 est
3115 2966 3129 3004 :
3160 2951 3333 3005 multo

1737 3034 1906 3107 magis
1942 3049 2041 3090 nos
2068 3044 2280 3108 oportet
2318 3037 2598 3094 audiendis
2632 3037 2921 3109 Scripturis
2953 3037 3145 3095 divinis
3172 3057 3330 3097 aures

1738 3135 1970 3182 attentas
1998 3127 2258 3197 prmbere.
2291 3126 2347 3183 Si
2374 3128 2515 3184 enim
2550 3128 2734 3183 laudas
2760 3128 3013 3184 athletam
3037 3172 3052 3195 ,
3085 3146 3181 3185 cur
3220 3147 3327 3186 non

1736 3217 1801 3273 ﬁs
1839 3218 2078 3274 athleta?
2114 3219 2195 3275 sin
2238 3226 2415 3275 autem
2445 3219 2557 3275 ﬁeri
2598 3220 2849 3276 athletam
2881 3221 3195 3291 probrosum
3223 3232 3328 3290 est,

1738 3328 1835 3368 cur
1874 3313 2095 3367 istorum
2146 3312 2329 3368 laudes
2375 3312 2638 3368 imitaris?
2674 3313 2744 3367 At
2769 3313 3032 3383 ejusmodi
3071 3329 3174 3369 non
3204 3326 3331 3369 sunt

1738 3404 1826 3460 hic
1870 3405 2193 3472 certamina,
2221 3404 2313 3460 sed
2359 3405 2660 3459 communia
2701 3404 2908 3460 cunctis
2954 3413 3009 3460 et
3040 3404 3188 3460 utilia
3215 3414 3329 3460 tum

1736 3494 2037 3552 dicentibus
2063 3536 2078 3561 ,
2112 3503 2222 3550 tum
2250 3494 2604 3551 audientibus.
2644 3493 2778 3551 Cum
2807 3494 3070 3551 ltrereticis
3099 3512 3329 3567 namque

1736 3587 1976 3653 deeerto,
1999 3597 2057 3643 ut
2080 3597 2135 3644 et
2159 3603 2256 3644 vos
2281 3588 2508 3644 athletas
2535 3586 2784 3655 efﬁciam,
2807 3597 2993 3643 utnon
3022 3589 3179 3644 modo
3201 3589 3328 3645 dum

1735 3680 1999 3751 psallitis,
2031 3679 2127 3735 sed
2170 3690 2224 3735 et
2264 3678 2389 3735 dum
2434 3678 2794 3750 colloquimini
2820 3721 2835 3746 ,
2866 3679 3099 3750 linguam
3140 3694 3327 3735 eorum

1736 3771 2104 3841 eompescatis.
2154 3771 2293 3841 Quid
2340 3771 2497 3842 igitur
2519 3770 2591 3825 ait
2634 3770 2925 3839 propheta?
2965 3770 3092 3824 Voce
3119 3786 3230 3825 mea
3260 3773 3330 3824 ad

1736 3862 2013 3918 Dominum
2041 3864 2256 3917 clamavi
2278 3878 2297 3917 :
2316 3878 2435 3917 uoce
2470 3879 2579 3916 mea
2608 3860 2677 3915 ad
2699 3860 2863 3915 Deum
2895 3861 3190 3931 deprecatus
3214 3878 3329 3917 sum

1739 3955 1911 4022 (Psal.
1928 3956 2046 4011 141.
2064 3955 2146 4025 2).
2175 3955 2407 4010 Advorte
2431 3972 2445 4008 :
2470 3968 2596 4009 num
2621 3953 2971 4009 certaminum
2990 3952 3330 4008 occasionem

1736 4047 1977 4119 praebere
2016 4047 2225 4102 videtur
2247 4089 2263 4115 ,
2312 4045 2453 4118 quod
2492 4046 2687 4101 dictum
2726 4043 2849 4099 est?
2876 4043 3009 4099 Vide
3037 4058 3144 4115 quo
3172 4054 3328 4114 pacto

1736 4149 1945 4196 nectam
1965 4155 2214 4196 coronam
2232 4147 2287 4195 ct
2304 4136 2653 4195 certaminum
2674 4136 2950 4192 materiam
2965 4150 3168 4206 parem.
3198 4136 3333 4191 Voce

1737 4249 1846 4287 mea
1859 4232 1925 4286 ad
1943 4230 2223 4285 Dominum
2243 4229 2456 4285 clamavi
2475 4244 2492 4284 :
2509 4244 2627 4283 vocs
2644 4243 2753 4282 mea
2771 4228 2840 4280 ad
2861 4226 3023 4281 Deum
3036 4229 3329 4297 deprecatus

1737 4343 1847 4379 sum
1873 4322 2082 4398 (Ibid.).
2112 4322 2209 4377 Hic
2233 4330 2287 4377 tu
2313 4320 2443 4377 mihi
2475 4320 2782 4377 haereticum
2812 4334 2972 4386 voca,
3005 4320 3121 4374 sive
3155 4314 3327 4385 adsit,

1737 4420 1850 4475 sive
1871 4434 1973 4473 non
1988 4417 2145 4472 adsit.
2168 4416 2222 4473 Si
2243 4420 2385 4473 enim
2401 4415 2559 4483 adsit,
2582 4430 2614 4470 a
2630 4431 2761 4471 voce
2781 4425 2959 4470 nostra
2978 4415 3258 4480 doceatur;
3281 4416 3327 4469 si

1736 4525 1863 4564 vero
1880 4525 1989 4564 non
2008 4507 2165 4574 adsit,
2184 4523 2213 4562 a
2234 4507 2510 4577 vobis,_qui
2532 4505 2825 4572 audieritis,
2845 4505 3034 4562 discat.
3054 4505 3158 4561 Sed
3179 4506 3324 4576 quod

1737 4601 2002 4667 dicebam,
2026 4615 2133 4657 non
2160 4614 2455 4672 persequor
2476 4600 2649 4670 ipsum
2672 4607 3008 4668 prazscntem,
3033 4597 3129 4653 sed
3151 4598 3325 4667 ipsum

1738 4694 1949 4764 excipio
1986 4693 2451 4764 persequutionem
2491 4705 2702 4762 passum
2727 4732 2740 4756 ,
2772 4705 2880 4746 non
2926 4704 2957 4744 a
2998 4704 3084 4745 me
3111 4729 3127 4754 ,
3162 4687 3258 4743 sed
3296 4706 3326 4742 a

1738 4786 1949 4856 propria
1974 4786 2300 4841 conscientia
2328 4828 2344 4852 ,
2369 4784 2518 4854 juxta
2547 4798 2668 4840 eum
2707 4782 2799 4854 qui
2844 4780 2976 4836 dixit
3007 4800 3021 4836 :
3053 4781 3210 4852 Fugit
3235 4780 3331 4833 im-

1739 4879 1852 4949 pius
1876 4879 2073 4934 nemine
2098 4888 2420 4948 persequente
2448 4875 2630 4948 (Prov.
2658 4875 2747 4932 28.
2784 4874 2859 4948 1).
2890 4875 3059 4930 Mater
3084 4881 3169 4930 est
3194 4872 3330 4927 illico

1739 4988 1856 5027 rum
1884 4987 2101 5027 suorum
2139 4971 2416 5039 Ecclesia,
2449 4987 2566 5042 quac
2593 4979 2650 5026 et
2674 4971 2809 5045 istos
2834 4968 3031 5041 excipit
3054 5012 3070 5036 ,
3103 4978 3159 5024 et
3202 4983 3327 5037 per-

1738 5065 1936 5135 egrinis
1962 5065 2136 5121 sinum
2163 5065 2433 5135 expandit.
2462 5063 2762 5121 Commune
2784 5062 3053 5119 theatrum
3070 5070 3186 5117 erat
3205 5070 3329 5114 arca

1738 5154 1884 5224 Noe,
1918 5157 2011 5213 sed
2051 5156 2289 5213 Ecclesia
2316 5157 2504 5213 melior
2531 5166 2615 5212 est
2656 5157 2815 5211 etiam
2843 5169 3001 5225 quam
3026 5154 3147 5207 ista.
3195 5150 3328 5205 Nam

1740 5256 1891 5311 bruta
1921 5250 2133 5322 quidem
2172 5248 2418 5303 animalia
2461 5247 2547 5301 illa
2588 5245 2918 5316 recipiebat,
2946 5251 2998 5297 et
3024 5242 3175 5295 bruta
3200 5253 3328 5293 cou-

1740 5342 1989 5403 servabat
2018 5360 2031 5396 :
2059 5341 2174 5396 haec
2214 5349 2390 5394 autem
2430 5338 2585 5392 bruta
2626 5335 2852 5404 recipit,
2899 5340 2955 5388 et
2984 5337 3326 5385 transmutat.

1741 5433 1981 5504 Exempli
2006 5432 2196 5503 gratia,
2223 5431 2269 5486 si
2294 5427 2572 5484 intraverit
2597 5427 2782 5495 vulpes
2804 5423 3087 5478 haereticus
3103 5462 3120 5487 ,
3146 5421 3322 5488 ipsum

1741 5543 1894 5585 ovem
1918 5525 2125 5592 efﬁcio;
2154 5524 2197 5578 si
2221 5521 2494 5577 intraverit
2517 5521 2693 5588 lupus,
2720 5518 2892 5587 ipsum
2915 5526 3113 5585 agnum
3128 5511 3328 5580 cilicio,

1743 5628 1997 5694 quantum
2024 5617 2076 5671 in
2098 5630 2184 5669 me
2206 5615 2365 5671 situm
2392 5620 2473 5668 est
2493 5610 2603 5685 (a);
2630 5608 2710 5663 sin
2737 5616 2913 5662 autem
2940 5603 3191 5669 noluerit,
3219 5616 3329 5656 non

1808 5735 1883 5799 (α)
1914 5742 2023 5784 Haec
2044 5730 2210 5783 confer
2234 5740 2344 5799 cum
2361 5734 2485 5779 urat.
2504 5732 2521 5777 ι
2542 5725 2606 5776 de
2625 5721 2861 5774 laudibus
2883 5717 3011 5770 rauli
3038 5725 3088 5769 et
3111 5728 3221 5768 cum
3239 5720 3330 5763 γιιι

1747 5791 2117 5850 σιεῬὶιξηίιρηιίε
2141 5804 2273 5841 num.
2301 5791 2345 5839 1.
