3858 6280
520 263 628 319 703

519 377 576 433 id
613 376 741 430 vitio
768 390 888 430 meo
915 374 972 430 fit
993 417 1008 442 ,
1041 373 1135 429 sed
1165 388 1229 429 ex
1261 372 1425 443 ipsius
1455 367 1792 438 improbitate
1811 407 1826 432 ,
1857 363 2097 435 quando-

519 469 736 542 quidem
780 469 1018 524 Christus
1061 467 1218 522 etiam
1262 464 1542 520 duodecim
1579 459 1868 530 discipulos
1894 459 2096 525 habuit,

515 571 576 617 et
601 576 739 616 unus
763 560 928 616 factus
952 569 1034 615 est
1062 558 1319 628 proditor,
1351 571 1535 610 verum
1563 570 1668 608 non
1691 568 1723 608 a
1744 551 1976 617 Christo,
2004 551 2098 606 sed

517 654 587 707 ab
616 653 794 707 animo
833 665 932 705 suo
975 650 1157 705 vitiato
1185 667 1196 700 :
1225 645 1652 718 quandoquidem
1681 652 1738 698 et
1765 644 1987 698 Eliszeus
2013 641 2097 697 di-

515 742 780 812 scipulum
802 739 984 795 habuit
1005 755 1222 794 avarum
1256 739 1332 807 (4.
1367 736 1494 807 Reg.
1524 737 1603 807 5),
1630 744 1685 789 at
1713 750 1817 789 non
1839 734 1906 788 ab
1933 733 2099 788 imbe-

518 835 738 888 cillitate.
759 832 1014 896 doctoris,
1039 830 1132 886 sed
1156 847 1186 884 a
1203 829 1446 896 discipuli
1471 826 1811 896 negligentia.
1835 824 2094 894 Equidem

513 925 718 978 semina
757 923 937 994 jacio:
969 923 1014 976 si
1045 933 1184 977 terra
1226 921 1298 974 sis
1329 919 1536 990 pinguis
1570 933 1750 972 semen
1793 915 2092 984 excipiens,

511 1017 672 1072 etiam
702 1024 937 1086 segetem
981 1013 1196 1079 reddis;
1246 1012 1328 1067 sin
1366 1019 1542 1065 autem
1587 1017 1732 1078 petra
1760 1007 1833 1062 sis
1863 1006 2092 1070 sterilis,

515 1109 661 1163 nullo
681 1122 802 1163 meo
823 1107 950 1161 vitio
975 1105 1026 1160 id
1052 1105 1112 1158 fit
1136 1122 1150 1157 :
1172 1104 1282 1158 sive
1302 1101 1552 1165 audieris,
1578 1100 1689 1154 sive
1713 1114 1816 1152 non
1838 1096 2089 1162 audieris,

512 1201 791 1271 spirituale
816 1199 910 1255 tibi
935 1213 1150 1254 carmen
1180 1197 1424 1251 occinere
1445 1237 1459 1261 ,
1483 1195 1702 1247 vulnera
1730 1192 1970 1261 mitigare
1987 1206 2092 1244 non

511 1293 750 1347 desinam
771 1332 786 1357 ,
817 1305 884 1346 ne
909 1291 963 1344 in
991 1289 1079 1344 illo
1102 1288 1191 1343 die
1215 1287 1424 1341 audiam
1447 1327 1464 1351 ,
1497 1283 1650 1340 Serve
1675 1286 1806 1335 male
1825 1323 1840 1347 ,
1871 1282 2092 1351 oportuit

510 1393 558 1437 te
589 1384 892 1437 committere
924 1381 1188 1450 pecuniam
1224 1393 1387 1430 meam
1424 1376 1721 1429 nuntulariis
1763 1372 1974 1447 (Matth.
1996 1370 2088 1426 95.

506 1474 580 1529 26
600 1479 640 1545 ).
685 1473 818 1528 Voce
859 1489 968 1526 mea
1003 1471 1070 1524 ad
1116 1470 1388 1524 Dominum
1415 1467 1673 1532 clamavi;
1719 1481 1834 1519 voce
1875 1480 1984 1518 mea
2023 1463 2092 1517 ad

507 1566 676 1622 Deum
707 1567 1000 1635 deprecatus
1027 1579 1139 1616 sum
1163 1561 1332 1632 (Psal.
1364 1560 1486 1614 Mi.
1505 1557 1586 1628 2).

581 1658 636 1710 5.
677 1655 863 1711 Contra
883 1654 1147 1708 Anomaeos
1176 1652 1313 1722 agit;
1341 1667 1373 1704 a
1399 1648 1680 1718 Scripturis
1707 1655 1878 1716 petunt
1907 1645 2089 1700 erroris

507 1763 686 1801 ansam
718 1743 956 1800 hwretici.
996 1773 1068 1783 -—-
1092 1742 1228 1810 Quid
1265 1741 1344 1795 ais
1367 1781 1383 1804 ,
1425 1737 1716 1794 haeretice?
1753 1737 1820 1791 de
1856 1750 2086 1806 quonam

509 1841 636 1896 dicit
660 1839 772 1892 haec
794 1836 1068 1906 propheta,
1092 1845 1145 1888 et
1161 1849 1318 1905 quem
1339 1830 1620 1886 Dominum
1641 1844 1705 1884 ac
1722 1829 1885 1884 Deum
1907 1827 2087 1898 appel-

503 1932 611 1985 lat?
652 1930 719 1985 de
747 1943 850 1983 una
871 1928 1012 1982 enim
1045 1939 1270 1996 persona
1301 1922 1359 1977 ﬁt
1383 1937 1581 1978 sermo.
1628 1921 1707 1976 llli
1745 1920 2002 1990 siquidem
2027 1919 2084 1974 in

502 2035 657 2075 suum
681 2027 840 2089 caput
867 2018 1166 2088 Scripturas
1191 2014 1554 2069 adulterantes
1576 2053 1591 2078 ,
1624 2027 1688 2067 ac
1712 2019 1969 2082 perpetuo
1993 2024 2086 2065 ar-

500 2119 751 2181 gumenta
773 2110 1029 2164 adversus
1054 2107 1278 2163 salutem
1301 2120 1450 2160 suam
1472 2105 1858 2175 perquirentes,
1887 2103 1937 2157 in
1958 2117 2084 2173 per-

500 2202 716 2256 ditionis
743 2199 1048 2255 barathrum
1074 2199 1276 2268 seipsos
1303 2195 1590 2251 detrudere
1614 2209 1675 2249 se
1710 2209 1816 2249 non
1847 2193 2086 2247 animad-

499 2302 731 2350 verumt.
761 2293 950 2348 Filium
977 2292 1118 2347 enim
1143 2290 1236 2346 Dei
1267 2302 1443 2358 neque
1465 2286 1556 2358 qui
1582 2285 1778 2350 laudat,
1803 2285 2082 2340 clariorem

501 2386 704 2446 efﬁcit;
734 2384 1023 2454 nequcqni
1061 2381 1405 2452 blasphemiis
1431 2388 1485 2434 et
1510 2377 1849 2432 contumeliis
1875 2375 2039 2430 afficit
2064 2417 2081 2443 ,

503 2479 648 2533 laedit
676 2494 689 2530 :
718 2493 824 2531 non
851 2477 992 2532 enim
1016 2475 1218 2544 indiget
1243 2471 1398 2528 laude
1420 2480 1602 2526 nostra
1623 2481 1812 2525 natura
1835 2471 2085 2538 incorpo-

501 2585 622 2634 rea;
645 2568 743 2623 sed
763 2565 1209 2638 quemadmodum
1229 2565 1275 2620 is
1292 2563 1380 2634 qui
1395 2561 1728 2634 splendidum
1745 2560 1914 2616 solem
1931 2559 2081 2627 dicit,

505 2663 674 2718 lucem
699 2662 773 2716 illi
795 2677 900 2716 non
925 2659 1091 2726 addit,
1113 2674 1288 2728 nequc
1313 2657 1401 2728 qui
1426 2656 1560 2732 dicit,
1579 2655 1936 2721 tenebrosum,
1959 2655 2084 2710 sub-

503 2753 754 2807 stantiam
770 2751 890 2828 .ejus
913 2749 1196 2815 imminuit,
1219 2747 1312 2803 sed
1334 2747 1562 2818 propria:
1582 2745 1835 2801 czecitatis
1857 2745 2084 2800 indicem

505 2842 707 2913 profert
748 2840 1063 2897 sententiam
1103 2855 1118 2892 :
1160 2839 1247 2896 ita:
1269 2839 1358 2908 qui
1397 2838 1587 2892 Filium
1627 2837 1722 2892 Dei
1759 2837 1951 2892 Filium
1979 2851 2084 2890 non

503 2935 652 3000 dicit,
676 2942 731 2987 at
758 2940 1080 2994 creaturam,
1106 2930 1323 2984 insaniae
1353 2943 1463 2983 sua:
1483 2927 1658 2998 prodit
1681 2937 2081 2997 argumentum;

503 3027 592 3096 qui
619 3040 746 3080 vero
774 3023 1120 3078 substantiam
1145 3021 1262 3092 ejus
1289 3019 1550 3091 agnoscit,
1578 3018 1903 3089 probitatem
1933 3033 2084 3073 suam

503 3116 771 3182 ostendit;
802 3124 857 3172 et
895 3130 994 3170 nec
1038 3115 1138 3168 iste
1177 3111 1450 3168 beneficiis
1483 3110 1656 3182 ipsum
1684 3110 1954 3176 cumulat,
1986 3124 2087 3165 nec

505 3213 596 3266 ille
623 3211 909 3280 quidquam
938 3209 1109 3278 ipsum
1135 3205 1301 3273 lzcdit,
1331 3205 1424 3260 sed
1450 3205 1537 3260 hic
1559 3203 1770 3276 quidem
1801 3219 1897 3274 pro
1918 3205 2086 3258 salute

503 3321 624 3367 sua,
648 3303 736 3356 ille
763 3317 889 3356 vero
909 3300 1164 3355 adversus
1190 3300 1414 3354 salutem
1435 3313 1586 3353 suam
1605 3298 1840 3352 dimicat.
1867 3296 2083 3362 Verum,

507 3409 564 3451 ut
616 3394 894 3461 dicebam,
940 3392 1240 3462 Scripturas
1282 3390 1677 3454 adulterantes,
1728 3389 1830 3444 alia
1870 3389 2085 3460 quidem

507 3487 905 3558 praetervolant,
937 3492 1180 3555 quazrunt
1205 3492 1404 3549 autem,
1435 3496 1561 3536 num
1585 3479 1776 3535 alicubi
1805 3496 2086 3550 argumen-

508 3591 619 3634 tum
643 3577 855 3649 aliquod
875 3575 1164 3640 oﬂ'endant,
1184 3574 1322 3646 quod
1349 3574 1582 3644 ipsorum
1605 3573 1790 3627 morbo
1810 3571 2084 3643 suffragari

505 3688 571 3730 ac
609 3673 788 3727 favere
826 3669 1086 3724 videatur.
1133 3667 1315 3736 Neque
1352 3666 1480 3720 mihi
1520 3675 1574 3720 tu
1603 3665 1800 3720 dixeris
1839 3665 1891 3719 in
1927 3680 2084 3719 causa

502 3780 624 3820 esse
651 3763 979 3834 Scripturam
1008 3779 1021 3817 :
1045 3776 1150 3816 non
1175 3761 1468 3830 Scriptum,
1493 3758 1586 3814 sed
1617 3759 1848 3830 ipsorum
1879 3758 2083 3826 impro-

504 3857 643 3910 bitas
669 3863 751 3910 est
781 3854 832 3908 in
861 3867 1021 3908 causa
1054 3869 1067 3906 :
1097 3849 1519 3923 quandoquidem
1552 3850 1655 3904 mel
1691 3863 1902 3919 quoque
1932 3848 2086 3904 dulce

499 3961 604 4016 est,
629 3957 684 4003 at
709 3948 801 4018 qui
821 3962 964 4018 aeger
986 3955 1088 4008 est,
1111 3943 1361 4000 acerbum
1390 3943 1519 3998 illud
1547 3942 1868 4007 arbitratur;
1900 3957 2083 3996 verum

501 4055 610 4096 non
636 4039 811 4094 mellis
838 4038 993 4108 culpa
1014 4077 1028 4102 ,
1055 4035 1151 4092 sed
1177 4034 1499 4090 infirmitatis
1528 4043 1610 4089 est
1634 4033 1856 4088 crimen.
1891 4033 1964 4086 Ita
1994 4031 2083 4102 qui

499 4133 684 4190 furiosi
706 4141 845 4198 sunt,
870 4147 990 4203 qua:
1011 4130 1278 4195 videntur,
1297 4143 1401 4182 non
1419 4135 1646 4183 cernunt
1663 4144 1677 4192 ;
1695 4135 1750 4180 at
1764 4141 1950 4181 eorum
1966 4140 2084 4194 qua:

499 4224 744 4280 videntur
769 4223 922 4292 culpa
950 4236 1054 4276 non
1082 4229 1184 4286 est,
1207 4220 1303 4275 sed
1326 4219 1520 4274 mentis
1548 4217 1744 4271 vitiaL'e
1773 4216 1955 4270 furiosi
1983 4215 2080 4269 ho-

499 4318 676 4372 minis.
694 4315 896 4371 Caelum
923 4314 1061 4369 Deus
1085 4313 1304 4378 creavit,
1323 4321 1380 4365 ut
1405 4325 1539 4379 opus
1567 4310 2006 4379 contemplemur,
2029 4318 2084 4362 et

498 4411 740 4481 opificem
768 4408 1052 4463 adoremus
1071 4447 1086 4471 ,
1117 4415 1172 4458 at
1193 4405 1417 4475 gentiles
1445 4418 1580 4474 Opus
1605 4405 1768 4457 Deum
1797 4405 2079 4469 fecerunt;

497 4518 683 4559 verum
705 4517 810 4556 non
832 4513 987 4569 opus,
1013 4497 1106 4553 sed
1133 4498 1343 4551 illorum
1367 4496 1674 4566 improbitas
1701 4507 1779 4550 est
1802 4496 1856 4550 in
1882 4512 2039 4551 causa
2064 4513 2080 4549 :

498 4604 554 4649 ct
595 4589 1044 4662 quemadmodum
1094 4587 1368 4657 improbus
1398 4601 1427 4640 a
1469 4587 1682 4640 nemine
1720 4586 1971 4655 juvatur,
2011 4587 2083 4641 ita

499 4684 698 4754 probus
726 4698 755 4734 a
785 4697 844 4736 se
870 4681 983 4749 ipso
1012 4679 1170 4734 etiam
1192 4677 1428 4747 juvatur.
1457 4675 1593 4742 Quid
1620 4675 1828 4731 Christo
1852 4677 1986 4748 par?
2028 4686 2085 4732 at

499 4776 570 4831 ab
599 4790 664 4830 eo
700 4789 805 4827 non
835 4772 1046 4841 adjutus
1074 4779 1156 4824 est
1180 4769 1362 4825 Judas.
1410 4767 1546 4836 Quid
1577 4767 1786 4823 diabolo
1818 4769 2084 4838 nequius?

499 4877 555 4922 at
577 4866 679 4922 Job
702 4879 899 4940 corona
925 4863 1202 4919 redimitus
1222 4870 1336 4928 est;
1366 4871 1420 4918 et
1441 4877 1613 4933 neque
1631 4861 1819 4917 Judam
1842 4861 2082 4919 Christus

500 4961 700 5032 adjuvit
721 5001 736 5025 ,
767 4958 889 5028 quia
929 4957 975 5012 is
1014 4961 1128 5011 erat
1164 4955 1436 5025 improbus
1457 4998 1470 5020 ,
1499 4970 1672 5026 neque
1703 4954 1806 5010 Job
1840 4953 2082 5011 diabolus

499 5055 700 5120 nocuit,
731 5052 853 5123 quia
879 5050 967 5106 hic
995 5048 1191 5120 probus
1219 5056 1352 5102 erat.
1383 5047 1508 5103 llaec
1531 5062 1631 5115 ego
1656 5047 1804 5113 dico,
1841 5055 1897 5102 ut
1924 5063 2082 5102 nemo

497 5150 804 5219 Scripturas
830 5151 1063 5209 accuset,
1090 5141 1183 5197 sed
1209 5155 1392 5196 eorum
1417 5140 1806 5210 improbitatem
1823 5183 1838 5210 ,
1867 5140 1956 5211 qui
1984 5155 2044 5196 ea
2061 5182 2078 5208 ,

495 5257 614 5315 qua:
653 5248 799 5295 recte
838 5236 977 5292 dicta
1014 5244 1175 5298 sunt,
1209 5233 1348 5288 male
1381 5231 1815 5302 interpretantur.
1857 5233 1989 5288 Nam
2026 5242 2082 5290 et

495 5334 740 5391 diabolus
768 5345 833 5386 ex
861 5328 1149 5399 Scripturis
1177 5341 1299 5382 cum
1327 5325 1540 5381 Christo
1565 5325 1884 5396 disputabat.

558 5421 630 5477 Νι
655 5433 702 5492 β
731 5423 810 5477 lue
834 5437 995 5486 voces,
1017 5421 1159 5475 Deus
1178 5428 1231 5473 et
1251 5417 1529 5483 Dominus,
1559 5415 1705 5470 Patri
1733 5427 1779 5472 et
1799 5417 1936 5472 Filio
1963 5434 2083 5488 pro-

495 5502 632 5586 pria?
650 5515 782 5577 sint;
824 5527 1004 5566 nomen
1032 5509 1290 5563 Dominus
1309 5523 1409 5560 non
1444 5515 1515 5560 est
1543 5507 1705 5562 minus
1731 5524 1878 5578 quam
1901 5524 2082 5562 nomen

499 5603 932 5673 Deus.—Atqui
982 5615 1083 5656 non
1126 5609 1207 5655 est
1253 5598 1305 5652 in
1348 5612 1506 5653 causa
1549 5596 1841 5667 Scriptura,
1880 5599 1973 5654 sed
2017 5614 2080 5654 ea

498 5707 672 5754 mens.
694 5709 810 5764 qua:
839 5701 984 5749 recte
1010 5691 1146 5747 dicta
1176 5690 1312 5746 male
1338 5690 1737 5762 interpretatur.
1773 5691 1906 5746 Dum
1935 5689 2076 5748 enim

1237 258 1292 315 S.
1333 254 1611 314 JOANNIS
1649 250 2122 310 CliRYSOSTOlIl
2163 255 2476 320 ARCﬂlEP.
2505 263 3041 322 CONSTANTINOP.
3691 269 3774 324 ’ῖςι

2211 371 2400 431 Filium
2433 381 2588 434 Patre
2621 381 2878 434 minorem
2933 393 3052 432 esse
3093 376 3272 430 volunt
3293 375 3606 443 ostendere,
3635 380 3773 436 inus:-

2203 478 2309 524 tata
2340 472 2552 526 nomina
2577 474 2786 528 curiose
2814 471 3186 542 perquirentes
3214 472 3556 526 circumeunt
3581 514 3596 538 ,
3623 472 3772 544 deque

2201 562 2376 617 verbis
2417 564 2521 618 illis
2561 563 2740 636 (Deus
2767 572 2821 619 et
2849 562 3100 616 Dominus
3123 561 3142 632 )
3167 560 3344 629 aiunt,
3378 563 3552 623 Deum
3581 563 3768 620 Patnem

2200 667 2338 717 esse,
2370 653 2559 708 Filium
2603 655 2906 720 Dominum,
2935 662 2988 708 et
3028 653 3243 708 nomina
3276 652 3527 707 dividunt
3559 672 3573 706 :
3603 669 3767 711 vocem

2199 741 2411 812 quidem
2440 743 2574 797 Deus
2603 744 2766 810 Patri,
2797 757 2981 797 vocem
3023 752 3200 797 autem
3245 740 3503 796 Dominus
3539 743 3666 798 Filio
3686 749 3765 799 tri-

2199 831 2385 896 buunt,
2419 843 2475 887 ut
2502 834 2590 904 qui
2617 833 2828 888 deitatis
2856 831 3230 886 distributores
3258 832 3362 886 sint
3382 874 3396 898 ,
3437 841 3494 886 et
3527 841 3764 903 tamquam

2200 922 2506 978 hereditatis
2543 924 2826 978 divisores.
2859 922 3129 992 Scriptura
3167 921 3302 976 Filio
3339 921 3475 976 dicit
3504 920 3765 978 Dominus?

2197 1015 2284 1068 ain
2313 1024 2387 1081 tu,
2420 1017 2532 1070 haec
2556 1016 2716 1070 dicit?
2761 1016 3025 1085 Numquid
3062 1015 3322 1085 psalmum
3352 1031 3464 1069 non
3499 1015 3686 1070 audisti
3709 1018 3761 1070 ad

2197 1121 2355 1161 unam
2386 1122 2667 1176 personam
2692 1107 2850 1162 hodie
2878 1107 3142 1162 dicentem
3176 1124 3190 1162 :
3230 1105 3361 1160 Voce
3384 1124 3500 1160 mea
3519 1107 3589 1160 ad
3607 1108 3758 1162 Domi-

2196 1215 2318 1252 num
2337 1201 2546 1254 clamavi
2568 1216 2588 1254 :
2609 1216 2726 1255 voce
2743 1217 2854 1254 mea
2875 1201 2944 1253 ad
2963 1198 3131 1254 Deum
3153 1200 3451 1270 deprecatus
3470 1217 3586 1254 sum
3609 1201 3757 1271 (Psal.

2196 1291 2420 1362 MLQ)?
2450 1291 2630 1362 Itaque
2655 1301 2709 1347 et
2739 1293 3020 1346 Dominum
3048 1301 3102 1347 et
3134 1292 3299 1349 Deum
3323 1292 3498 1360 ipsum
3528 1294 3749 1362 appellat.

2197 1379 2383 1435 Utrum
2416 1381 2576 1436 Deum
2607 1398 2726 1438 esse
2751 1383 2829 1438 vis
2859 1382 3071 1448 Filium,
3105 1399 3171 1435 an
3201 1383 3453 1436 Patrem?
3497 1383 3653 1438 Plane
3677 1386 3756 1438 Pa-

2195 1481 2328 1526 trem
2357 1473 2502 1529 dices
2529 1474 2642 1528 lnnc
2671 1477 2884 1530 nomina
2925 1475 3174 1528 indicare.
3219 1474 3380 1545 igitur
3416 1476 3557 1530 Deus
3582 1486 3656 1532 est
3681 1477 3750 1532 Fi-

2193 1563 2296 1618 lius
2328 1573 2382 1618 ct
2414 1564 2668 1619 Dominus
2705 1565 2881 1620 Pater.
2923 1565 3061 1631 Quid
3084 1580 3211 1636 ergo
3239 1567 3457 1619 nomina
3489 1567 3682 1631 dividis,
3707 1578 3748 1622 et

2193 1653 2295 1708 hoc
2329 1655 2544 1725 quidem
2582 1657 2692 1712 illic
2727 1657 2933 1728 adjicis,
2964 1657 3090 1712 illud
3116 1667 3292 1711 autem
3324 1657 3412 1712 hic
3439 1658 3662 1714 dividis?
3695 1661 3746 1714 Et

2191 1760 2319 1800 vero
2365 1746 2562 1803 Paulus
2599 1748 2673 1802 ait
2710 1747 2930 1818 (utinam
2963 1748 3182 1802 Paulum
3219 1747 3457 1816 audires,
3499 1759 3553 1804 et
3592 1749 3742 1804 beatus

2190 1839 2362 1908 esses)
2394 1856 2407 1891 :
2441 1837 2602 1892 Nobis
2621 1849 2786 1894 tamen
2816 1856 2944 1894 unus
2969 1837 3108 1893 Deus
3143 1837 3315 1903 Pater,
3347 1855 3412 1893 ex
3436 1855 3535 1909 quo
3564 1841 3744 1893 omnia:

2190 1937 2237 1982 et
2261 1945 2391 1982 unus
2433 1927 2682 1983 Dominus
2720 1929 2870 1984 Jesus
2914 1930 3171 1995 Christus,
3209 1946 3298 2000 per
3323 1947 3472 1998 quem
3503 1932 3659 1984 omnia
3679 1931 3738 2001 (l.

2188 2019 2308 2075 Cor.
2335 2019 2388 2075 8.
2413 2019 2492 2092 6).
2542 2019 2713 2076 Unum
2752 2020 2944 2076 Filium
2971 2021 3138 2076 Deum
3169 2021 3416 2075 vocavit?
3455 2021 3576 2090 quid
3601 2023 3740 2090 ergo?

2190 2110 2493 2165 Dominum.
2533 2110 2641 2166 Cur
2672 2111 3397 2184 enim,qu:eso,splendidius
3451 2120 3534 2166 est
3579 2129 3734 2165 nomen

2191 2202 2350 2270 Deus,
2402 2218 2560 2272 quam
2611 2203 2885 2269 Dominus,
2934 2211 3028 2257 aut
3082 2203 3341 2258 Dominus
3389 2204 3564 2258 minus
3608 2219 3732 2272 quam

2188 2297 2363 2352 Deus?
2409 2297 2716 2365 Attendite,
2753 2297 3010 2364 obsecro,
3037 2296 3336 2366 diligenter.
3370 2295 3428 2352 Si
3456 2311 3578 2367 ergo
3604 2312 3731 2348 unum

2189 2404 2308 2444 esse
2355 2390 2464 2456 illa,
2512 2388 2766 2444 Dominus
2810 2397 2866 2444 et
2909 2389 3068 2452 Deus,
3100 2387 3406 2452 ostendero,
3439 2388 3557 2459 quid
3581 2387 3732 2441 dices?

2186 2481 2392 2536 Nomen
2415 2482 2550 2536 Deus
2570 2481 2740 2550 majus
2767 2496 2888 2536 esse
2907 2481 3060 2546 dicis,
3083 2479 3342 2541 Dominus
3361 2490 3535 2536 autem
3561 2480 3731 2535 minus?

2188 2572 2326 2626 Audi
2352 2572 2663 2643 prophetam
2685 2571 2948 2626 dicentem
2975 2589 2988 2625 :
3016 2570 3118 2624 Iste
3144 2569 3412 2636 Dominus,
3436 2573 3519 2640 qui
3541 2572 3642 2640 fecit
3659 2586 3730 2622 ar-

2189 2663 2292 2716 lum
2320 2677 2340 2716 :
2367 2663 2460 2716 iste
2502 2661 2640 2716 Deus
2663 2703 2679 2728 ,
2722 2661 2809 2734 qui
2846 2671 3027 2715 terram
3075 2661 3301 2714 condidit
3343 2660 3502 2733 (Isai.
3539 2662 3618 2716 45.
3646 2658 3727 2728 l8).

2189 2754 2444 2809 Dominus
2469 2753 2654 2808 cmlum
2676 2795 2691 2818 ,
2723 2761 2778 2807 et
2804 2752 2944 2807 Deus
2975 2761 3190 2807 terram.
3223 2751 3321 2806 Hic
3351 2753 3404 2805 in
3432 2751 3608 2806 eadem
3635 2766 3727 2819 pcr-

2189 2861 2318 2900 sona
2356 2855 2410 2901 et
2452 2860 2645 2900 nomen
2692 2838 2982 2910 Dominus,
3012 2853 3065 2899 et
3091 2859 3286 2898 nomen
3320 2844 3460 2899 Deus
3485 2843 3657 2914 posuit.
3681 2840 3727 2894 Et

2189 2951 2394 3002 rursus,
2414 2934 2550 2988 Audi
2570 2933 2755 2998 Israel,
2779 2933 3022 2987 Dominus
3050 2932 3190 2988 Deus
3219 2943 3336 2986 tuus
3360 2932 3600 2986 Dominus
3625 2946 3724 2982 unus

2188 3038 2262 3082 est
2291 3025 2466 3097 (Deut.
2493 3026 2545 3081 6.
2575 3026 2652 3097 4).
2681 3026 2768 3079 Bis
2794 3025 3068 3090 Dominus,
3099 3033 3152 3079 et
3179 3026 3342 3080 semel
3375 3027 3507 3079 Deus
3533 3042 3544 3076 :
3575 3039 3627 3076 ac
3646 3021 3726 3090 pri~

2191 3135 2334 3173 mum
2366 3117 2651 3182 Dominus,
2687 3126 2740 3171 et
2769 3115 2959 3170 deinde
2989 3116 3147 3180 Deus,
3183 3127 3236 3171 et
3264 3129 3452 3170 rursus
3477 3114 3719 3168 Dominu5°

2191 3213 2330 3284 quod
2359 3215 2402 3267 si
2433 3212 2535 3266 hoc
2559 3211 2794 3266 deterius
2820 3221 2982 3276 esset,
3005 3209 3133 3265 illud
3155 3221 3330 3263 autem
3361 3209 3544 3279 majus,
3565 3221 3652 3260 non
3674 3202 3723 3255 de

2189 3321 2378 3376 magna
2417 3305 2706 3360 substantia
2732 3347 2747 3371 ,
2791 3304 3083 3374 majorique
3121 3304 3434 3357 vocabulum
3474 3303 3628 3356 minus
3649 3311 3719 3366 po-

2189 3400 2383 3454 suisset
2411 3399 2660 3470 primum,
2698 3397 2790 3452 sed
2838 3397 3024 3466 majori
3064 3396 3206 3451 dicto
3244 3403 3522 3450 contentus
3560 3391 3718 3449 fuisset,

2193 3501 2364 3559 neque
2389 3489 2563 3542 minus
2588 3487 2937 3542 attribuisset.
2983 3486 3116 3540 Num
3161 3501 3220 3540 ea
3245 3527 3260 3549 ,
3302 3501 3426 3556 qum
3452 3483 3574 3547 dixi,
3601 3478 3717 3533 intel-

2191 3579 2430 3641 lexistis?
2474 3580 2667 3634 lterum
2715 3577 2919 3632 doceo:
2955 3593 3056 3631 non
3097 3579 3236 3632 enim
3276 3576 3379 3631 hoc
3415 3572 3717 3646 spectaculum

2191 3682 2275 3730 est
2315 3675 2382 3727 ad
2425 3671 2853 3737 ostentationem,
2886 3669 2977 3724 sed
3022 3670 3261 3724 doctrina
3303 3669 3372 3723 ad
3409 3664 3715 3736 compunctio-

2190 3781 2334 3828 nem,
2364 3778 2470 3816 non
2491 3772 2547 3816 ut
2569 3763 2798 3816 inermes
2824 3763 3048 3828 abeatis,
3077 3761 3171 3816 sed
3196 3771 3252 3815 ut
3279 3761 3466 3814 armati
3488 3754 3712 3813 recedatis.

2189 3855 2394 3909 Nomen
2435 3854 2574 3908 Deus
2613 3855 2784 3922 majus
2825 3868 2944 3908 esse
2990 3853 3143 3920 dicis,
3189 3853 3454 3916 hmretice,
3498 3860 3546 3904 et
3583 3846 3713 3901 minus

2189 3961 2308 4001 csse
2334 3960 2526 4000 nomen
2559 3944 2844 3998 Dominus?
2883 3944 3100 3999 Ostendi
3125 3944 3214 3996 tibi
3251 3944 3548 4012 prophetam
3571 3939 3712 3991 dicen-

2192 4049 2296 4091 tem
2317 4075 2334 4100 ,
2377 4033 2626 4090 Dominus
2649 4036 2734 4106 qui
2762 4035 2876 4105 fecit
2903 4035 3099 4097 ca'lum,
3130 4033 3266 4086 Deus
3298 4034 3386 4103 qui
3411 4029 3610 4086 condidit
3636 4036 3710 4076 ter-

2187 4147 2316 4183 ram.
2386 4129 2619 4201 Moyscm
2653 4129 2747 4182 tibi
2790 4143 2973 4182 rursus
3021 4127 3245 4182 ostendo
3290 4126 3575 4185 dicentem,
3615 4115 3710 4169 Αωίὶ

2187 4219 2371 4283 Israel,
2391 4220 2640 4275 Dominus
2659 4218 2798 4274 Deus
2826 4227 2939 4272 tuus
2959 4217 3208 4272 Dominus
3228 4233 3361 4272 unus
3379 4225 3465 4271 est.
3488 4206 3707 4280 Quomodo

2193 4329 2350 4380 unus,
2381 4313 2426 4369 si
2451 4312 2558 4368 duo
2588 4321 2713 4368 sunt
2739 4313 2972 4377 nomina,
3004 4312 3105 4365 hoc
3132 4311 3343 4381 quidem
3372 4309 3588 4368 minoris,
3615 4298 3705 4354 illud

2186 4421 2316 4461 vero
2343 4404 2650 4460 substantiae
2674 4402 2924 4473 majoris?
2953 4403 3068 4456 Non
3089 4403 3230 4457 enim
3253 4403 3433 4473 utique
3457 4399 3604 4467 seipsa
3623 4403 3702 4443 ma-

2182 4499 2270 4569 jor
2293 4507 2347 4552 et
2376 4498 2548 4551 minor
2587 4505 2670 4551 est
2707 4496 3000 4551 substantia
3021 4537 3035 4560 ,
3060 4495 3154 4551 sed
3183 4495 3402 4566 arqualis
3427 4504 3475 4548 et
3497 4496 3700 4544 connexa.

2187 4591 2437 4645 Dominus
2455 4589 2593 4644 Deus
2621 4599 2734 4643 tuus
2759 4588 3003 4644 Dominus
3028 4606 3156 4643 unus
3186 4602 3276 4642 est.
3322 4589 3401 4643 En
3427 4582 3620 4642 ostendo
3639 4574 3702 4629 tibi

2187 4699 2382 4739 nomen
2403 4683 2658 4739 Dominus
2677 4682 2777 4736 hoc
2797 4697 2916 4737 esse
2937 4682 3096 4744 idem,
3121 4681 3261 4752 quod
3289 4681 3424 4737 Deus
3446 4697 3459 4735 :
3482 4680 3526 4730 in
3546 4680 3699 4728 summa

2185 4785 2363 4830 autem
2399 4775 2444 4830 si
2488 4774 2743 4830 Dominus
2785 4774 2982 4839 minus,
3015 4775 3156 4828 Deus
3179 4783 3355 4828 autem
3381 4771 3552 4840 majus,
3577 4758 3699 4833 (ιιιυά⁶

2188 4883 2309 4921 nam
2347 4866 2464 4937 ejus
2510 4881 2628 4922 esse
2670 4881 2866 4930 nomen
2911 4865 3124 4920 debuit?
3153 4865 3404 4920 Dominus
3443 4862 3618 4916 minus.
3653 4864 3697 4899 ειιι
3763 4839 3765 4852 ¹

2185 4957 2328 5013 Deus
2368 4955 2576 5026 majus?
2617 4956 2674 5011 Si
2709 4956 2886 5010 dicat:
2918 4954 3195 5022 Quodnam
3224 4964 3307 5010 est
3331 4967 3508 5008 nomen
3532 4937 3698 5000 meum?

2186 5049 2312 5122 quid
2339 5049 2438 5116 ais,
2467 5049 2754 5103 lneretice?
2781 5064 2848 5103 an
2878 5062 3073 5103 nomen
3107 5047 3361 5102 Dominus
3389 5044 3525 5106 Filii,
3552 5043 3695 5122 nonus

2185 5118 2361 5196 autem
2388 5141 2529 5197 Deus
2554 5140 2725 5196 Patris
2760 5147 2843 5194 est
2877 5149 3127 5210 tanquam
3155 5139 3323 5209 magis
3352 5125 3626 5208 preprium?
3657 5118 3694 5170 Si

2187 5247 2388 5287 nomen
2430 5232 2706 5298 Donnnns,
2755 5230 2896 5301 quod
2943 5239 3025 5284 est
3072 5230 3266 5295 minus,
3298 5229 3533 5284 denotare
3567 5221 3691 5301 ipsqu
3755 5209 3757 5223 '

2185 5323 2508 5390 ostendero,
2551 5322 2676 5393 quid
2714 5298 2911 5377 facies?
2953 5319 3270 5392 Cognoscant
3307 5321 3421 5392 quia
3453 5325 3600 5369 nomen
3631 5298 3691 5353 tibi

2185 5415 2434 5470 Dominus
2463 5416 2631 5486 (Psal.
2662 5416 2753 5473 82.
2783 5415 2897 5487 19),
2928 5416 3097 5485 inquit
3138 5413 3408 5484 propheta.
3451 5408 3563 5463 Num
3597 5397 3688 5449 dixit

2186 5507 2366 5563 Deus?
2393 5507 2626 5563 Tametsi
2655 5523 2770 5572 cur,
2797 5507 2843 5561 si
2866 5508 3035 5575 majus
3056 5515 3136 5559 est
3161 5506 3319 5570 Deus,
3339 5519 3436 5558 non
3463 5495 3575 5551 dixit
3597 5498 3685 5557 Ρτ⁰⁹

2185 5601 2366 5673 Phcmv
2396 5599 2730 5669 cognoscant
2758 5600 2877 5668 quia
2904 5613 3098 5652 nomen
3121 5595 3214 5650 tibi
3243 5596 3376 5649 Deus
3395 5611 3406 5646 :
3428 5591 3465 5644 si
3489 5579 3683 5673 enitnlloc

2187 5696 2401 5769 quidem
2443 5694 2559 5766 ejus
2597 5691 2869 5764 proprium
2898 5705 2960 5746 ac
2988 5687 3256 5762 peculiare
3287 5688 3442 5753 Deus,
3468 5671 3572 5734 illud
3593 5673 3682 5720 vero
