3800 6282
21 303 153 359 703

22 438 25 463 ι
64 413 276 468 ἱκέίαν
336 413 768 486 ἀγνωμοσύνην·
804 413 928 469 ἐπεὶ
965 414 1060 468 καὶ
1101 416 1130 468 6
1179 416 1411 487 Χριστὸς
1461 404 1666 467 δώδεκα

21 502 170 577 εἶχε
211 506 504 578 μαθητὰς,
562 507 656 560 καὶ
705 501 787 569 εἷς
839 506 1105 577 προδότης
1154 506 1391 575 ἐγένετο,
1441 504 1555 559 ἀλλ’
1605 505 1666 557 οὐ

21 596 212 667 παρὰ
277 595 378 650 τὸν
430 595 688 667 Χριστὸν,
735 595 871 648 ἀλλά
913 594 1064 666 παρά
1118 594 1217 666 τὴν
1265 593 1667 667 διεφθαρμένην

21 684 297 758 γνώμην
335 686 577 741 ἑκείνου·
614 686 735 739 ἐπεὶ
763 686 857 740 καὶ
883 686 912 740 6
945 686 1244 749 Ἐλισσαῖος
1273 681 1387 756 εἶχε
1419 684 1666 756 μαθητὴν

21 776 432 847 φιλάργυρον,
462 774 576 829 ἀλλ’
611 777 674 830 οὐ
701 776 851 848 παρὰ
872 774 971 847 τὴν
992 775 1274 830 ἀσθένειαν
1294 774 1389 828 τοῦ
1413 774 1667 828 διδασκά-

21 864 170 927 λου,
212 865 364 920 ἀλλᾶ
408 866 560 938 παρά
605 867 705 938 τὴν
755 865 1029 938 ρᾳθυμίαν
1066 863 1162 918 τοῦ
1214 863 1477 936 μαθητοῦ.
1523 863 1679 941 Ἐγὼ⁴

22 956 405 1011 καταόάλλω
446 957 515 1010 τὰ
558 957 850 1028 σπέρματα
875 973 889 989 ο
930 956 1024 1010 ἐὰν
1064 956 1135 1027 γῆ
1168 956 1375 1027 λιπαρά
1413 951 1480 1029 ᾗς
1513 957 1664 1027 δεχο-

27 1049 198 1119 μένη
224 1049 301 1102 τά
336 1048 653 1119 σπέρματα,
689 1050 783 1102 καὶ
805 1048 898 1101 τὸν
928 1048 1129 1119 στάχυν
1155 1048 1418 1112 ἀποδίδως
1442 1066 1455 1079 ·
1491 1048 1584 1101 ὲάν
1606 1048 1664 1103 δὲ

22 1137 118 1213 ᾗς
168 1140 362 1213 πέτρα
394 1143 607 1211 ἄγονος,
643 1140 792 1194 οὐδὲν
832 1141 960 1212 παρ’
992 1140 1093 1211 ὲμέ
1116 1153 1134 1172 ο
1172 1140 1267 1195 ἐάν
1304 1158 1365 1194 τε
1406 1140 1661 1210 ἀκούσῃς,

23 1233 153 1286 ὲάν
189 1249 253 1285 τε
296 1233 374 1304 μή
416 1229 676 1306 ἀκούσῃς,
715 1232 777 1285 οὐ
824 1232 1104 1303 παύσομαί
1146 1251 1229 1287 σοι
1272 1233 1486 1304 ἐπᾴδων
1520 1232 1664 1304 ᾠδὴν

31 1341 195 1375 πνευ
205 1324 472 1394 ματικὴν,
495 1322 806 1377 καταντλῶν
828 1323 895 1377 τὰ
915 1325 1226 1395 τραύματα,
1246 1325 1333 1378 ἴνα
1356 1324 1433 1396 μὴ
1447 1324 1664 1393 ἀκούσω

30 1415 206 1468 κατὰ
254 1414 356 1486 τὴν
402 1415 618 1486 ἡμέραν
651 1415 883 1485 ἐκείνην·
926 1416 1158 1486 Πονηρὲ
1188 1417 1391 1479 δοῦλε,
1428 1416 1550 1470 ἔδει
1590 1432 1666 1471 σε

36 1506 438 1560 καταϐαλεῖν
465 1508 532 1560 τὸ
557 1508 841 1576 ἀργύριόν
860 1526 981 1578 μου
1003 1508 1102 1562 ἐπὶ
1132 1508 1276 1575 τοὺς
1296 1507 1659 1577 τραπεᾶτας.

37 1597 247 1667 Φωνῇ
295 1616 419 1668 μου
471 1598 623 1667 πρὸς
671 1601 891 1667 Κύριον
941 1598 1274 1668 ἐκέκραξαο
1330 1598 1502 1669 φωνῇ
1543 1618 1663 1671 μου

51 1691 230 1758 πρὸς
253 1690 365 1744 τὸν
400 1691 549 1745 Θεὸν
585 1690 862 1758 ἐδεήθην.

131 1788 208 1850 γ’.
225 1783 292 1835 Τί
312 1782 514 1853 λέγεις,
534 1785 777 1853 αἱρετικέ
799 1800 813 1849 ;
838 1783 965 1856 περὶ
978 1778 1123 1850 τίνος
1140 1785 1290 1854 λέγει
1306 1786 1335 1838 6
1354 1785 1661 1857 προφήτης,

36 1875 165 1929 καὶ
221 1874 347 1929 τίνα
394 1875 554 1929 καλεῖ
602 1875 803 1947 Κύριον
851 1875 946 1929 καὶ
1000 1876 1165 1942 Θεὸνς
1215 1877 1344 1949 περὶ
1392 1874 1510 1940 ἑνὸς
1554 1874 1664 1947 γὰρ

41 1964 370 2035 προσώπου
399 1967 429 2018 6
452 1965 628 2035 λόγος.
662 1966 892 2020 Ἐκεῖνοι
916 1966 1021 2038 γὰρ
1051 1963 1538 2039 παραγραφόμενοι
1563 1964 1664 2030 τάς

39 2058 299 2129 Γραφὰς
349 2059 490 2113 κατὰ
532 2058 634 2130 τῆς
683 2057 893 2114 ἑαυτῶν
931 2057 1194 2131 κεφαλῆς,
1238 2059 1333 2113 καὶ
1374 2053 1665 2130 ζητοῦντες

42 2151 155 2204 ἀεὶ
184 2150 455 2221 λήμματα
481 2151 620 2203 κατὰ
647 2152 744 2222 τῆς
771 2149 980 2205 ἑαυτῶν
1019 2150 1313 2223 σωτηρίας,
1347 2150 1447 2204 οὐκ
1472 2149 1662 2205 αἰσθά-

43 2258 257 2295 νονται
313 2243 394 2305 είς
446 2240 719 2314 βάραθρον
761 2242 1039 2304 ἀπωλείας
1076 2244 1301 2308 ἑαυτοὺς
1348 2241 1618 2305 ὠθοῦντες
1645 2258 1660 2273 ο

45 2335 163 2388 τὸν
213 2333 366 2405 [708]
414 2334 525 2405 γὰρ
589 2334 718 2386 Υἰὸν
779 2333 873 2386 τοῦ
933 2332 1070 2387 Θεοῦ
1131 2332 1253 2387 οὐτε
1309 2335 1339 2387 6
1397 2331 1664 2403 εὐφημῶν

51 2423 414 2494 ἐνδοξότερον
462 2424 629 2486 ποιεῖ,
677 2421 801 2476 οὔτε
843 2426 871 2477 6
913 2422 1251 2494 βλασφημῶν
1298 2423 1563 2494 βλάπτειο
1601 2424 1662 2478 οὐ

53 2517 186 2587 γὰρ
231 2516 422 2586 χρείαν
465 2514 578 2584 ἔχει
615 2515 647 2584 ἡ
692 2513 984 2584 ἀσώματος
1029 2516 1186 2569 οὐσία
1234 2515 1334 2586 τῆς
1386 2513 1664 2588 ἡμετέρας

21 2658 26 2668 ,
56 2607 375 2677 εὐφημίας,
419 2606 533 2660 ἀλλ’
583 2604 772 2679 ὥσπερ
808 2607 837 2659 6
875 2607 968 2661 τὸν
1005 2608 1158 2679 ήλιον
1202 2607 1376 2677 λέγων
1414 2609 1660 2681 φαιδρὸν,

59 2698 131 2751 οὐ
172 2698 524 2770 προστίθησιν
557 2697 721 2752 αὐτοῦ
761 2696 839 2768 τῷ
869 2699 1026 2767 φωτὶ,
1057 2696 1178 2752 οὐδὲ
1209 2700 1238 2752 6
1275 2699 1548 2753 σκοτεινὸν
1575 2698 1664 2752 λέ-

60 2807 192 2859 γων
228 2792 368 2861 μειοῖ
410 2788 576 2844 αὐτοῦ
613 2788 713 2861 τὴν
752 2789 966 2853 οὐσίαν,
1007 2789 1143 2843 ἀλλά
1183 2791 1284 2859 τῆς
1320 2791 1524 2853 οἰκείας
1557 2806 1664 2859 πη-

68 2881 300 2952 ρώσεως
341 2881 559 2952 ἐκφέρει
612 2880 809 2951 δεῖγμα
856 2881 955 2952 τὴν
1000 2881 1219 2951 ψῆφον·
1274 2880 1446 2946 οὔτως
1491 2885 1520 2935 6
1572 2882 1664 2935 τὸν

67 2973 210 3027 Υἰὸν
254 2971 347 3026 τοῦ
393 2972 527 3026 Θεοῦ
572 2972 648 3044 μὴ
690 2972 864 3041 λέγων
904 2972 1069 3036 Υἱὸν,
1114 2971 1250 3027 ἀλλά
1290 2974 1525 3043 κτίσμα.
1563 2974 1660 3044 τῆς

70 3065 287 3129 οἰκείας
321 3064 517 3135 μανίας
549 3065 772 3136 ἐκφέρει
805 3063 1099 3128 ἀπόδειξιν,
1130 3067 1158 3118 6
1193 3065 1250 3118 δὲ
1283 3065 1663 3134 ἐπιγινώσκων

73 3154 247 3211 αὐτοῦ
286 3156 384 3227 τήν
416 3157 627 3221 οὐσίαν,
681 3156 778 3227 τὴν
819 3156 1026 3209 οἰκείαν
1073 3156 1492 3229 εὐγνωμοσύνην
1538 3158 1659 3209 ἑπι-

71 3248 352 3302 δείκνυται
373 3266 387 3279 ο
421 3249 511 3302 καὶ
537 3247 660 3301 οὔτε
690 3243 845 3311 οὗτος
870 3247 1028 3301 αὐτὸν
1052 3247 1269 3316 ὠφελεῖ,
1304 3245 1428 3301 οὔτε
1457 3250 1662 3312 ἐκεῖνος

76 3337 243 3391 αὐτὸν
265 3337 507 3407 βλάπτει,
535 3337 651 3392 ἀλλ’
675 3338 705 3390 6
730 3337 827 3408 μὲν
854 3336 996 3392 κατὰ
1014 3338 1113 3408 τῆς
1139 3337 1334 3392 ἑαυτοῦ
1364 3339 1658 3409 σωτηρίας,

78 3434 111 3482 6
151 3428 210 3482 δὲ
251 3429 388 3499 ὑπὲρ
431 3429 531 3500 τῆς
568 3428 763 3483 ἑαυτοῦ
815 3428 1086 3501 σωτηρίας
1127 3428 1472 3497 ἀγωνίζεται.
1522 3431 1659 3484 Ἀλλ’

82 3521 224 3589 ὅπερ
252 3518 453 3587 ἔλεγον,
505 3518 989 3591 παραγραψάμενοι
1040 3519 1138 3583 τὰς
1183 3518 1427 3591 Γραφάς,
1461 3522 1529 3574 τὰ
1561 3522 1660 3594 μὲν

81 3611 220 3664 ἄλλα
268 3611 690 3683 παρα-τρέχουσι,
746 3609 971 3682 ζητοῦσι
1028 3610 1106 3676 δὲ,
1163 3612 1216 3665 εἴ
1269 3627 1373 3665 που
1427 3612 1641 3685 εὕροιεν

83 3701 278 3771 λῆμμα
317 3700 505 3755 δοκοῦν
559 3720 610 3757 τι
660 3703 973 3774 συντρέχειν
1019 3703 1199 3757 αὐτῶν
1248 3704 1324 3774 τῷ
1372 3707 1656 3777 νοσήματι.

83 3792 198 3846 Καὶ
240 3792 309 3863 μή
343 3809 432 3860 μοι
464 3792 587 3861 λέγε
625 3793 707 3845 ὅτι
741 3793 773 3863 ἢ
806 3792 996 3864 Γραφὴ
1033 3792 1181 3848 αἰτία
1204 3811 1218 3823 ’
1248 3795 1366 3864 οὐκὶ
1398 3797 1430 3867 ἡ
1469 3796 1658 3868 Γραφὴ

87 3882 255 3949 αἰτία,
298 3883 408 3936 ἀλλ’
445 3885 479 3954 ἡ
524 3882 883 3957 ἀγνωμοσύνη
919 3885 1121 3952 αὐτῶν,
1159 3886 1281 3938 ἐπεὶ
1311 3887 1404 3939 καὶ
1440 3887 1499 3939 τὸ
1536 3885 1658 3959 μέλι

87 3974 257 4042 γλυκύ
285 3977 448 4034 ἐστιν,
472 3975 584 4029 ἀλλ’
612 3976 640 4028 6
668 3976 843 4031 νοσῶν
873 3976 1070 4048 πικρὸν
1105 3977 1234 4031 αὐτὸ
1262 3979 1471 4048 νομίζει
1495 3996 1509 4010 ·
1541 3980 1657 4033 ἀλλ’

90 4069 150 4120 οὐ
186 4066 276 4120 τοῦ
315 4067 522 4137 μέλιτος
571 4067 630 4121 τὸ
673 4067 943 4139 ἔγκλημα,
977 4068 1113 4120 ἀλλά
1146 4069 1241 4140 τῆς
1280 4069 1589 4142 ἀρρωστίας
1624 4073 1656 4142 ἡ

93 4158 404 4230 κατηγορία.
452 4156 607 4210 (ὶύτω
644 4159 735 4212 καὶ
776 4160 822 4210 οί
865 4159 1176 4228 μαινόμενοι
1210 4159 1281 4213 τὰ
1314 4161 1563 4234 ὁρώμενα
1594 4163 1655 4215 οὐ

52 4286 61 4293 ι
96 4247 387 4317 βλέπουσιν,
423 4243 536 4301 ἀλλ’
575 4249 634 4301 οὐ
669 4246 777 4301 τῶν
806 4249 1097 4319 ὁρωμένων
1131 4245 1190 4303 τὸ
1223 4249 1490 4321 ἔγκλημα,
1524 4252 1659 4307 ἀλλὰ

92 4338 185 4393 τοῦ
218 4338 531 4409 μαινομένου
562 4340 595 4409 ή
631 4338 998 4410 διεφθαρμένη
1029 4339 1241 4411 γνώμη.
1280 4338 1533 4412 Ἐποίησε
1564 4343 1656 4396 τὸν

95 4430 311 4501 οὐρανὸν
335 4431 363 4483 6
388 4429 541 4493 Θεὸς,
570 4429 658 4483 ἵνα
685 4429 878 4501 ἴδωμεν
910 4429 972 4483 τὸ
1010 4429 1191 4501 ἔργον,
1224 4432 1319 4486 καὶ
1348 4434 1659 4504 προσκυνή-

99 4539 271 4593 σωμεν
302 4520 376 4591 τῷ
399 4520 745 4593 Δημιόυργῷ,
783 4521 900 4575 ἀλλ’
932 4524 981 4576 οἱ
1009 4523 1269 4595 Ἕλληνες
1303 4522 1658 4597 ἐθεοποίησαν

96 4614 157 4667 τὸ
186 4614 370 4685 ἔργονσ
401 4613 516 4667 ἀλλ’
557 4613 620 4666 οὐ
656 4612 719 4666 τὸ
761 4612 921 4686 ἔργον
966 4614 1157 4679 αἴτιον,
1197 4615 1310 4669 ἀλλ’
1356 4617 1390 4687 ἡ
1433 4616 1658 4670 ἐκείνων

99 4706 441 4778 ἀγνωμοσύνη
470 4723 485 4738 ο
518 4706 615 4759 καὶ
647 4705 836 4778 ὥσπερ
866 4709 895 4760 6
928 4705 1025 4778 μὲν
1050 4707 1319 4778 ἀγνώμων
1354 4710 1484 4781 παρ’
1509 4710 1658 4764 οὐδε-

99 4797 185 4862 νὸς
212 4797 506 4867 ὠφελεῖται,
547 4796 720 4861 οὕτως
761 4797 790 4848 6
828 4796 1125 4868 εὐγνώμων
1163 4798 1259 4852 καὶ
1299 4798 1428 4870 παρ’
1462 4799 1656 4853 ἑαυτοῦ

101 4886 388 4957 ὠφελεῖται.
431 4884 496 4940 Τί
526 4887 618 4940 τοῦ
647 4882 881 4958 Χριστοῦ
909 4886 1054 4953 ἵσον;
1093 4887 1190 4943 καὶ
1218 4889 1319 4941 οὐκ
1345 4888 1599 4960 ὠφελήθη
1628 4890 1657 4940 6

114 4977 313 5040 Ἰούδας.
345 4976 410 5029 Τί
441 4975 531 5029 τοῦ
561 4974 803 5029 διαϐόλου
834 4975 1225 5048 πονηρότερον;
1282 4978 1376 5031 καὶ
1427 4980 1658 5046 ἐστεφα.

102 5068 237 5138 νώθη
263 5070 289 5122 6
310 5066 428 5121 ’1ώὸ
455 5084 469 5098 ’
509 5068 600 5121 κα)⁹
631 5066 756 5120 οὐτε
793 5067 884 5119 τὸν
926 5067 1123 5120 Ἰούδαν
1153 5068 1433 5138 ὠφέλησεν
1462 5072 1490 5124 6
1523 5070 1657 5142 Χρι-

106 5159 237 5225 στὸς,
285 5160 465 5231 ἐπειδὴ
513 5157 783 5229 ἀγνώμων
816 5155 904 5231 ἦν,
944 5159 1067 5213 οὔτε
1117 5163 1208 5214 τὸν
1255 5162 1374 5215 Ἰὼϐ
1424 5162 1655 5234 ἔϐλαψεν

107 5257 133 5309 6
184 5255 441 5321 διάϐολος,
500 5251 687 5323 ἐπειδὴ
746 5251 1040 5321 εὐγνώμων
1093 5248 1182 5324 ἦν.
1242 5254 1423 5308 Ταῦτα
1475 5256 1652 5324 λέγω,

109 5346 186 5400 ἵνα
228 5347 399 5420 μηδεὶς
448 5345 546 5408 τὰς
592 5342 814 5415 Γραφὰς
845 5342 1124 5415 διαὸἇιλλῃ,
1170 5345 1306 5400 ἀλλά
1352 5347 1450 5418 τὴν
1479 5348 1657 5417 ἀγνω-

113 5436 325 5508 μοσύνην
355 5436 461 5490 τῶν
493 5434 563 5488 τὰ
593 5431 769 5496 καλῶς
803 5432 1069 5502 εἰρημένα
1104 5433 1290 5498 κακῶς
1326 5434 1653 5505 ὲρμηνευόν-

109 5543 223 5580 των.
267 5526 369 5582 Καὶ
406 5525 515 5597 γὰρ
555 5527 583 5578 6
623 5522 863 5585 διάϐολος
910 5523 1017 5576 ἀπὸ
1054 5525 1283 5596 Γραφῶν
1316 5525 1394 5597 τῷ
1433 5526 1654 5598 Χριστῷ

111 5615 371 5687 διελέγετο.
710 5627 717 5633 ”

187 5708 313 5763 ’Δλλ’
343 5709 439 5778 οὐχ
484 5711 518 5782 ἡ
561 5710 751 5781 Γραφὴ
785 5708 951 5773 αἰτία,
1001 5709 1114 5764 ἀλλ’
1165 5711 1199 5779 ή
1242 5708 1451 5763 διάνοια
1496 5710 1529 5777 ἠ
1580 5709 1649 5763 ’τὰ

397 5796 666 5859 Ριιτιιοι.
711 5800 832 5859 Gn.
873 5799 942 5861 L.
1283 5800 1286 5803 “

1219 302 1286 358 IN
1341 304 1395 358 S.
1441 289 1720 356 PIIOCA.“
1780 289 2187 354 MARTYREM.

3258 275 3361 337 τοι

1773 411 1955 475 καλῶς
1979 409 2243 483 εἰρημένα
2274 407 2456 473 κακῶς
2508 409 2902 481 ἐρμηνεύουσα.
2947 408 3204 474 Θέλοντες
3242 426 3351 482 γαρ

1771 502 1937 569 δεῖξαι
1975 503 2067 556 τὸν
2105 501 2234 554 Υίὸν
2265 500 2522 554 ἐλάττονα
2559 500 2654 554 τοῦ
2695 501 2927 572 Πατρὸς,
2970 501 3353 573 περιέρχονται

1750 593 2011 665 -ὁνόματα
2046 592 2175 659 ξένα
2218 590 2722 663 περιεργαζόμενοι,
2757 592 2851 645 καὶ
2878 591 3124 659 λέγουσιν
3168 593 3245 655 είς
3267 594 3353 655 τὸ,

1782 679 1929 746 Θεὸς
1957 679 2054 733 καὶ
2078 680 2313 748 Κύριος,
2340 679 2417 742 ὼς
2445 679 2474 730 6
2514 679 2703 750 Πατὴρ
2731 679 2885 743 Θεὸς,
2931 682 2959 734 6
2998 681 3056 734 δὲ
3084 681 3208 745 Υἱὸς
3242 683 3353 734 Κύ-

1774 787 1909 842 ριος,
1962 771 2058 825 καὶ
2100 769 2367 843 διαιροῦσι
2411 770 2480 825 τά
2528 771 2789 840 ὀνόματα,
2840 772 2933 825 καὶ
2987 773 3352 844 προσνέμουσι

1770 862 1832 914 τὸ
1878 863 1981 933 μὲν
2024 863 2167 928 Θεὸς
2195 861 2275 933 τῷ
2306 862 2501 934 Πατρὶ.
2537 862 2597 915 τὸ
2633 863 2690 915 δὲ
2732 864 2944 932 Κύριος
2977 863 3056 934 τῷ
3111 867 3249 939 Υίῷ,
3276 866 3354 930 ὡς

1767 953 2034 1025 διαιρέται
2064 953 2214 1018 ὅντες
2250 955 2350 1025 τῆς
2392 954 2645 1022 θεότητος
2676 955 2777 1008 καὶ
2807 948 3145 1026 κληροδόται.
3190 956 3352 1024 Λέγει

1767 1041 1846 1113 τῷ
1869 1043 1983 1113 Υίῷ
2008 1043 2068 1097 τὸ
2095 1044 2310 1113 Κύριος
2346 1044 2380 1114 ἡ
2409 1043 2631 1114 Γραφή;
2675 1044 2850 1097 ταῦτα
2879 1044 3026 1114 λέγει
3052 1061 3067 1110 ;
3099 1044 3223 1109 Πῶς
3255 1046 3355 1099 οὐκ

1768 1135 2009 1205 ἤκουσας
2047 1129 2139 1189 τοῦ
2191 1135 2407 1206 ψαλμοῦ
2457 1136 2596 1207 πρὸς
2648 1135 2706 1188 ἓν
2765 1136 3054 1208 πρόσωπον
3103 1135 3355 1205 λέγοντος

1769 1229 2028 1299 σήμερον,
2056 1224 2232 1296 Φωνῇ
2251 1245 2371 1297 μου
2403 1223 2551 1294 πρὸς
2584 1228 2804 1295 Κύριον
2838 1227 3151 1297 ἐκέκραξα,
3182 1227 3353 1297 φωνῇ

1760 1337 1880 1388 μου
1919 1305 2069 1386 πρὸς
2104 1319 2214 1373 τὸν
2257 1319 2404 1372 Θεὸν
2438 1318 2729 1387 ἐδεήθην;
2769 1317 2978 1372 Οὐκοῦν
3018 1319 3114 1372 καὶ
3146 1317 3351 1389 Κύριον

1767 1408 1862 1464 xm
1910 1409 2042 1465 Θεὸν
2092 1409 2253 1463 αὐτὸν
2286 1406 2564 1479 ὀνομάζει.
2603 1409 2737 1461 Τίνα
2776 1406 2953 1477 βούλει
2995 1408 3127 1463 Θεὸν
3184 1403 3349 1469 εἶναι.

1764 1501 1856 1554 τὸν
1884 1500 2029 1565 Υἱὸν,
2062 1500 2096 1573 ἢ
2135 1499 2227 1554 τὸν
2261 1501 2522 1571 Πατέρα;
2566 1499 2790 1561 Πάντως
2825 1498 2916 1551 τὸν
2950 1499 3172 1571 Πατέρα
3205 1500 3352 1569 ἐρεῖς

1764 1594 1832 1649 τὰ
1851 1596 2090 1667 ὀνόματα
2116 1595 2310 1650 ταῦτα.
2341 1595 2555 1650 Οὐκοῦν
2572 1594 2708 1658 Θεὸς
2736 1596 2764 1647 6
2794 1594 2938 1660 Υἱὸς,
2974 1590 3070 1647 καὶ
3090 1592 3293 1665 Κύριος
3322 1594 3353 1645 6

1766 1688 1978 1757 Πατήρ.
2009 1687 2075 1740 Τί
2107 1683 2201 1741 οὖν
2231 1686 2457 1757 διαιρεῖς
2495 1686 2565 1740 τὰ
2596 1682 2858 1759 ὀνόματα,
2886 1686 2983 1739 καὶ
3017 1684 3078 1738 τὸ
3111 1684 3211 1756 μὲν
3237 1686 3357 1738 ἐκεῖ

1764 1780 2142 1850 προσρίπτεις,
2206 1779 2267 1833 τὸ
2343 1778 2402 1831 δὲ
2475 1777 2710 1831 ἐνταῦθα
2791 1777 3055 1849 διαιρεῖςς
3142 1777 3256 1830 Καὶ
3327 1778 3356 1825 6

1766 1873 1977 1937 Παῦλος
2006 1873 2062 1926 δὲ
2093 1872 2239 1941 λέγει
2267 1872 2411 1940 (εἴθε
2445 1868 2641 1942 ἤκουες
2687 1861 2925 1934 Παύλου,
2957 1869 3052 1923 καὶ
3083 1867 3357 1939 μακάριος

1762 1962 1899 2038 ἦς)·
1963 1964 2123 2019 Ἀλλ’
2176 1961 2320 2033 ’ἡμῖν
2371 1956 2459 2029 εἷς
2508 1962 2654 2030 Θεὸς
2707 1964 2741 2016 6
2791 1960 2993 2030 Πατὴρ
3041 1959 3111 2024 ἐξ
3160 1955 3233 2015 οὗ
3283 1958 3357 2015 τὰ

1765 2056 1981 2122 πάντα,
2009 2054 2106 2110 καί
2135 2046 2222 2120 εἷς
2253 2052 2467 2123 Κύριος
2506 2053 2743 2121 Ἰησοῦς
2776 2053 3051 2121 Χριστὸς,
3076 2045 3151 2105 δι’
3174 2047 3246 2108 οὗ
3282 2053 3356 2107 τὰ

1763 2148 1977 2203 πάντα.
2001 2147 2088 2219 Μὴ
2115 2146 2343 2203 ἐκάλεσε
2374 2146 2464 2200 τὸν
2490 2146 2617 2200 Υίὸν
2640 2136 2772 2201 Θεὸν
2797 2162 2811 2210 ;
2842 2138 2980 2199 ἀλλὰ
3007 2145 3090 2211 τί;
3125 2136 3351 2215 Κύριον.

1766 2239 1830 2292 Τί
1872 2239 2013 2310 γὰρ,
2043 2238 2164 2292 είπέ
2209 2255 2320 2310 μοι,
2353 2237 2413 2292 τὸ
2443 2237 2587 2303 Θεὸς
2626 2236 2952 2307 σεμνότερον
2981 2228 3077 2291 τοῦ
3113 2236 3351 2303 Κύριος,

1764 2331 1859 2385 καὶ
1899 2331 1959 2384 τὸ
1985 2332 2200 2399 Κύριος
2239 2330 2460 2384 ἔλαττον
2498 2329 2591 2383 τοῦ
2623 2330 2803 2395 Θεός;
2840 2325 3351 2402 [7091Σνντείνατε

1764 2422 2010 2485 ἑαυτοὺς,
2042 2421 2366 2492 παρακαλῶ,
2397 2420 2538 2492 μετά
2569 2421 2853 2491 ἀκριϐείας
2877 2431 2891 2447 ⁸
2924 2419 3019 2473 ἐὰν
3047 2413 3140 2472 οὖν
3169 2416 3349 2482 δείξω,

1762 2510 1844 2563 ὅτι
1867 2511 1926 2563 ’έν
1953 2511 2068 2564 ἐστι
2095 2511 2157 2563 τὸ
2181 2511 2391 2579 Κύριος
2423 2508 2517 2563 καὶ
2542 2509 2605 2562 τὸ
2627 2510 2793 2577 Θεὸς,
2822 2508 2874 2562 τί
2906 2507 3119 2575 λέγειςς
3156 2506 3353 2575 Λέγεις

1762 2601 1822 2655 τὸ
1855 2601 1999 2667 Θεὸς
2030 2602 2233 2672 μεῖζον,
2263 2602 2323 2655 τὸ
2343 2594 2401 2655 δὲ
2424 2603 2642 2670 Κύριος
2669 2601 2923 2666 ﬂow-cev;
2957 2599 3222 2653 Ἄκουσον
3254 2595 3349 2651 τοῦ

1763 2692 2042 2762 προφήτου
2074 2690 2323 2759 λέγοντος
2354 2707 2367 2719 °
2405 2686 2597 2754 Οὗτος
2642 2689 2858 2758 Κύριος
2887 2691 2920 2743 6
2949 2686 3213 2754 ποιήσας
3241 2684 3352 2739 τὸν

1761 2783 2022 2851 οὐρανόν
2045 2800 2058 2814 ο
2092 2778 2273 2848 οὗτος
2305 2781 2450 2849 Θεὸς
2477 2785 2511 2836 6
2548 2779 3015 2847 κατασκευάσας
3042 2779 3159 2846 τὴν
3189 2774 3309 2847 γῆν
3330 2790 3346 2808 ⁸

1762 2874 1966 2947 Κύριος
2019 2874 2111 2929 τὸν
2156 2872 2403 2947 οὐρανὸν,
2461 2876 2558 2928 καὶ
2611 2874 2639 2925 ὁ
2683 2872 2814 2937 Θεὸς
2861 2871 2959 2943 τὴν
3010 2873 3151 2942 γῆν·
3195 2864 3349 2933 οὗτος

1761 2966 1854 3018 ἐπὶ
1884 2964 1976 3018 τοῦ
2008 2964 2171 3018 αὐτοῦ
2205 2964 2496 3036 προσώπου
2526 2963 2619 3017 καὶ
2648 2963 2710 3016 τὸ
2738 2964 2954 3031 Κύριος
2990 2961 3085 3016 καὶ
3120 2960 3181 3014 τὸ
3205 2959 3348 3025 Θεὸς

1759 3057 1991 3111 τέθεικε.
2029 3056 2140 3109 Καὶ
2170 3055 2352 3109 πάλινο
2391 3058 2628 3116 Ἄκουε,
2665 3054 2932 3122 Ἰσραὴλ.
2963 3054 3176 3120 Κύριος
3202 3051 3347 3116 Θεός

1761 3164 1898 3211 σου,
1917 3138 2129 3217 Κύριος
2143 3142 2231 3213 εἷς
2253 3147 2405 3201 ἐστι.
2435 3147 2698 3217 Δεύτερον
2730 3146 2790 3199 τὸ
2815 3146 3050 3211 Κύριος,
3077 3144 3173 3197 καὶ
3199 3142 3346 3209 ἅπαξ

1762 3240 1822 3294 τὸ
1853 3240 1994 3304 Θεός
2014 3255 2030 3270 ⁶
2063 3239 2158 3292 καὶ
2204 3238 2419 3310 πρῶτον
2449 3238 2508 3291 τὸ
2536 3238 2768 3305 Κύριος,
2800 3234 2892 3289 καὶ
2921 3231 3043 3288 τότε
3085 3234 3146 3288 τὸ
3177 3232 3341 3300 Θεὸς,

1763 3335 1857 3387 καὶ
1906 3330 2070 3385 πάλιν
2118 3330 2180 3383 τὸ
2230 3331 2466 3399 Κύριος.
2509 3330 2573 3384 Et
2625 3325 2681 3382 δὲ
2716 3327 2877 3383 τοῦτο
2901 3326 3344 3398 καταδεέστερον,

1761 3424 1936 3479 ὲκείνο
1966 3425 2023 3478 δὲ
2064 3423 2269 3495 μεῖζον,
2308 3424 2408 3478 οὐκ
2440 3422 2534 3476 ἐπὶ
2560 3421 2803 3495 μεγάλης
2846 3421 3033 3486 οὐσίας
3083 3422 3175 3475 καὶ
3225 3420 3345 3492 μεί-

1759 3517 1913 3582 ζονος
1940 3517 2034 3571 τοῦ
2064 3517 2223 3586 λόγου
2267 3514 2330 3569 τὸ
2362 3515 2582 3570 ἔλαττον
2610 3516 2821 3569 τέθεικε
2848 3514 3085 3586 πρῶτον,
3117 3512 3255 3566 ἀλλά
3282 3512 3345 3566 τὸ

1762 3609 1945 3680 μεῖζον
1990 3607 2162 3663 εἰπὼν
2208 3607 2475 3682 ἠρκέσθη,
2511 3607 2605 3662 καὶ
2654 3608 2756 3661 οὐκ
2792 3607 2859 3661 ἂν
2914 3606 3247 3679 προσέῤῥιψε
3283 3606 3345 3659 τὸ

1761 3697 2001 3752 ἔλαττον.
2033 3693 2182 3770 τΑρα
2221 3697 2487 3768 συνήκατε
2542 3695 2571 3750 6
2622 3693 2811 3762 εἷπον;
2850 3694 3019 3748 Πάλιν
3061 3695 3300 3749 παιδεύω
3322 3710 3340 3727 ’
3427 3692 3434 3701 ’

1758 3787 1818 3839 οὐ
1845 3787 1954 3858 γὰρ
1985 3785 2210 3857 θέατρόν
2237 3786 2354 3838 ἐστι
2379 3778 2514 3856 πρὸς
2538 3779 2824 3857 ἐπίδειξιν,
2863 3782 2997 3836 ἀλλά
3025 3782 3344 3837 διδασκαλία

1760 3875 1895 3946 πρὸς
1928 3873 2240 3939 κατάνυξιν,
2275 3874 2375 3943 οὐχ
2412 3872 2501 3927 ἵνα
2536 3872 2725 3926 ἄοπλοι
2770 3868 3064 3942 ἀπέλθητε,
3105 3871 3217 3923 ἀλλ’
3255 3871 3344 3925 ἵνα

1756 3960 2101 4025 ὁπλισθέντες
2130 3960 2546 4031 ἁναχωρήσητε.
2568 3959 2641 4011 Τὸ
2673 3956 2818 4023 Θεὸς
2844 3956 3042 4024 λέγεις,
3073 3956 3338 4029 αἱρετικὲ.

1760 4048 1963 4118 μεῖζον,
2025 4047 2117 4100 καὶ
2164 4046 2224 4099 τὸ
2269 4046 2481 4115 Κύριος
2534 4045 2795 4109 ἔλαττονς
2849 4044 3068 4111 Ἔδειξά
3117 4061 3198 4098 σοι
3251 4045 3342 4098 τὸν

1759 4139 2041 4210 προφήτην
2061 4132 2289 4204 λέγοντα
2308 4152 2321 4165 ’
2348 4134 2565 4203 Κύριος
2586 4138 2619 4189 6
2644 4130 2903 4204 ποιήσας
2928 4128 3035 4187 τὸν
3059 4134 3337 4202 οιέῬανὸν,

1763 4224 1911 4291 Θεὸς
1945 4228 1978 4279 6
2006 4221 2468 4289 κατασκευάσας
2496 4221 2611 4290 τὴν
2645 4215 2781 4292 γῆν.
2814 4219 3073 4293 Δείκνυμί
3115 4238 3196 4275 σοι
3236 4222 3340 4276 πάρ

1757 4313 1841 4365 λιν
1878 4312 1971 4366 τὸν
2010 4311 2213 4366 Μωσέα
2252 4310 2477 4379 λέγοντα
2504 4329 2518 4342 ο
2550 4311 2783 4371 Ἄκουε,
2833 4310 3100 4378 Ἰσραὴλ,
3128 4311 3340 4379 Κύριος

1761 4405 1794 4455 6
1830 4401 1973 4466 Θεός
2012 4414 2147 4464 σου,
2175 4399 2390 4466 Κύριος
2419 4393 2505 4465 εἷς
2534 4398 2685 4453 ἐστι.
2734 4397 2859 4462 Πῶς
2888 4397 2989 4462 εἷς,
3032 4401 3079 4452 εἰ
3110 4398 3203 4452 δύο
3232 4398 3337 4452 εἰσὶ

1758 4488 1826 4541 τὰ
1851 4486 2110 4558 ὀνόματα,
2134 4485 2194 4539 16
2222 4485 2317 4556 μὲν
2340 4482 2640 4548 ἐλάττονος,
2670 4483 2730 4539 τὸ
2757 4482 2813 4539 δὲ
2846 4479 3085 4554 μείζονος
3114 4481 3334 4549 οὐσίας;

1758 4576 1832 4629 Οὐ
1864 4575 1972 4645 γὰρ
1998 4574 2062 4643 δὴ
2094 4575 2127 4645 ή
2157 4572 2315 4626 οὐσία
2347 4572 2547 4642 μείζων
2577 4573 2777 4642 ἑαυτῆς
2806 4574 2898 4627 καὶ
2935 4573 3187 4628 ἐλάττων.
3221 4574 3336 4626 ἀλλ’

1759 4662 1846 4734 ἴση
1874 4662 1968 4716 καὶ
1995 4660 2314 4731 συνημμένη
2342 4660 2575 4727 ’Κύριος
2611 4661 2644 4712 ό
2671 4658 2816 4725 Θεός
2842 4673 2978 4725 σου,
3012 4660 3223 4727 Κύριος
3248 4652 3337 4726 εἷς
3438 4714 3439 4719 η

1716 4791 1725 4798 .
1755 4749 1886 4803 ἐστι
1909 4764 1923 4777 ’
1957 4748 2050 4801 καὶ
2075 4746 2303 4801 δεικνύω
2331 4764 2433 4809 σοι,
2463 4746 2544 4799 ὅτι
2569 4745 2630 4798 τὸ
2653 4746 2823 4814 ὄνομα
2842 4745 2901 4798 τὸ
2926 4746 3161 4814 Κύριος,
3178 4743 3337 4800 τοῦτὸ

1756 4840 1872 4891 ἐστι
1910 4839 2053 4903 Θεός
2077 4852 2091 4866 ’
2122 4835 2258 4898 ὅλως
2278 4835 2353 4900 δὲ,
2378 4835 2427 4887 εί
2460 4824 2881 4905 καταδεέστερον
2912 4833 2973 4889 τὸ
3010 4836 3240 4903 Κύριος,
3274 4836 3337 4889 τὸ

1754 4925 1810 4979 δὲ
1833 4923 1978 4989 Θεὸς
2010 4921 2212 4995 μεῖζον,
2243 4924 2392 4975 ποῖον
2418 4921 2645 4991 ὤφειλεν
2676 4921 2841 4974 αὐτοῦ
2866 4921 3041 4993 δνομα¹
3061 4918 3233 4986 εἷναις
3262 4923 3335 4975 Τὸ

1754 5016 1972 5082 Κύριος
2011 5007 2074 5065 τὸ
2119 5009 2459 5082 μικρότερον,
2508 5010 2541 5081 ἢ
2584 5011 2644 5063 τὸ
2678 5010 2821 5078 Θεὸς
2841 5011 2901 5065 τὸ
2949 5012 3163 5081 μεῖζονς
3205 5011 3333 5064 Ἐὰν

1756 5103 1885 5174 εἴπῃ
1915 5117 1930 5131 ·
1978 5100 2138 5153 Ποῖον
2195 5098 2366 5170 ὄνομά
2417 5116 2555 5169 μου;
2601 5100 2653 5151 τί
2700 5099 2899 5166 λέγεις,
2953 5093 2998 5151 ὦ
3048 5097 3327 5170 αίρετικέ;

1753 5188 1931 5258 λέγεις
1974 5186 2055 5240 ὅτι
2103 5182 2164 5240 τὸ
2193 5189 2406 5255 Κύριος
2430 5187 2524 5240 τοῦ
2556 5184 2709 5250 Υἱοῦ,
2739 5184 2800 5240 τὸ
2831 5186 2887 5238 δὲ
2919 5186 3063 5251 Θεὸς
3093 5184 3184 5238 τοῦ
3212 5185 3328 5238 Πα-

1751 5276 1899 5348 τρὸς,
1939 5273 2014 5337 ώς
2053 5274 2415 5345 οἰκειότερονς
2455 5272 2580 5325 Ἐὰν
2613 5270 2706 5327 οὖν
2734 5288 2815 5325 σοι
2834 5272 2992 5337 δείξω
3026 5271 3086 5324 τὸ
3114 5272 3331 5339 Κύριος

1752 5363 1813 5416 τὸ
1848 5361 2041 5433 μικρὸν
2064 5360 2421 5432 γνωριστικὸν
2448 5358 2633 5421 αὐτοῦ,
2673 5358 2727 5410 τί
2761 5354 2964 5423 ποιείς;
2992 5353 3331 5413 Γνώτωσαν

1672 5502 1685 5515 ,
1753 5451 1842 5505 ὅτι
1868 5450 2057 5518 ὄνομά
2079 5464 2178 5504 σοι
2204 5451 2439 5518 Κύριος,
2469 5453 2497 5504 6
2530 5448 2809 5518 προφήτης
2835 5446 2980 5515 λέγει
3003 5462 3018 5478 ·
3055 5447 3128 5517 μετ
3165 5442 3285 5502 εἷπε
3312 5466 3326 5479 υ

1757 5536 1922 5601 εεόςς
1960 5536 2155 5590 Καίτοι
2191 5537 2239 5588 εἰ
2263 5535 2444 5606 μεῖζον
2480 5535 2541 5588 τὸ
2568 5534 2731 5598 Θεὸς,
2771 5532 2861 5585 διὰ
2895 5535 2948 5586 τί
2990 5535 3091 5587 οὐκ
3120 5532 3272 5588 εἶπεν
3299 5534 3329 5588 ὁ

1754 5624 2056 5695 προφήτης,
2109 5621 2403 5676 Γνώτωσαν
2455 5623 2537 5675 ὅτι
2581 5619 2754 5690 ὄνομά
2796 5636 2879 5673 σοι
2918 5619 3086 5689 Θεός;
3121 5622 3182 5675 Εἰ
3218 5621 3325 5693 γαρ

1754 5714 1813 5765 τὸ
1849 5711 1945 5783 μὲν
1973 5712 2102 5765 ἴδιον
2138 5710 2301 5765 αὐτοῦ
2336 5711 2426 5765 καὶ
2454 5712 2648 5765 οἰκεῖον
2682 5708 2740 5762 τὸ
2769 5708 2932 5775 Θεὸς,
2964 5709 3239 5782 ἀλλότριον
3272 5713 3330 5766 ὀὶ

2961 5799 3036 5858 1‘.)
