3858 6280
161 467 443 528 homiuus,
472 463 702 518 alienum
732 460 798 514 ab
823 475 887 515 eo
919 469 1183 529 tamquam
1215 457 1456 524 inferius,
1475 474 1571 514 cur
1589 457 1742 523 dixit,

159 558 478 630 (.‘ognoscant
520 556 636 624 quia
679 571 858 608 nomen
902 553 989 606 tibi
1036 552 1300 617 Dominus,
1330 550 1456 604 illud
1489 565 1744 619 parvum,

162 651 342 704 minus
365 689 380 712 ,
423 657 481 703 et
509 646 728 701 inferius
756 647 974 699 numine
1002 659 1065 700 ac
1093 644 1347 714 dignitate
1375 661 1388 698 :
1422 657 1592 713 neque
1619 642 1749 696 dicit

159 739 295 794 illud
327 753 573 808 magnum
598 747 651 793 et
675 737 899 791 sublime
919 779 933 798 ,
978 735 1118 806 quod
1150 736 1363 806 dignum
1392 744 1473 789 est
1499 735 1748 789 substan-

160 829 268 884 tia?
298 829 454 900 Atqui
482 837 540 883 ut
566 828 826 897 intelligas
853 826 952 883 hoc
981 841 1197 896 parvum
1229 840 1333 879 non
1361 839 1504 889 esse,
1534 840 1632 879 nec
1655 825 1748 880 de-

161 923 326 977 terius
354 961 369 987 ,
401 921 495 976 sed
525 924 768 978 eamdem
799 936 902 974 vnn
932 919 1160 986 habere,
1193 919 1527 989 Cognoscant,
1557 918 1748 988 inquit,

153 1013 280 1080 quia
326 1028 505 1066 nomen
547 1011 636 1064 tibi
678 1009 927 1066 Dominus
959 1027 979 1064 :
1019 1021 1073 1063 tu
1115 1009 1252 1064 solus
1289 1007 1560 1063 altissimus
1602 1024 1752 1078 super

157 1119 363 1156 onmem
392 1112 597 1157 terram.

233 1197 288 1248 4.
311 1196 378 1248 At
408 1194 640 1248 nondum
666 1209 696 1248 a
717 1209 888 1264 pugna
911 1193 1158 1257 discedis,
1182 1193 1274 1248 sed
1301 1193 1380 1247 ais
1401 1207 1586 1248 rursus
1613 1192 1752 1247 Dens

157 1285 338 1354 majus
365 1300 506 1350 esse,
535 1282 786 1338 Dominus
809 1291 986 1338 autem
1016 1285 1208 1338 minus.
1247 1283 1302 1338 Si
1333 1283 1528 1337 Filium
1558 1283 1747 1353 majori

159 1376 381 1430 nomine
409 1374 742 1444 appellatum
773 1374 1095 1438 indicavero,
1135 1374 1262 1444 quid
1289 1373 1468 1429 dices?
1494 1388 1617 1428 num
1652 1391 1752 1442 pu-

153 1482 319 1535 gnam
359 1465 548 1520 ﬁnies?
579 1479 702 1518 num
724 1479 756 1520 a
781 1466 1121 1519 contentione
1148 1465 1406 1520 desistes?
1448 1481 1574 1519 num
1606 1476 1752 1520 tuam

158 1557 392 1610 salutem
423 1555 715 1626 agnosces?
743 1572 868 1612 num
894 1556 961 1610 ab
984 1557 1184 1610 insania
1206 1557 1463 1611 recedes?
1488 1557 1752 1612 intellexi-

158 1649 268 1710 sti,
317 1647 444 1716 quid
488 1645 747 1701 dixerim?
796 1645 1221 1716 quandoquidem
1269 1661 1462 1700 nomen
1505 1647 1754 1702 Dominus

161 1738 304 1792 Filio
337 1738 606 1804 tribuunt,
636 1735 775 1791 Deus
800 1748 977 1792 autem
1008 1737 1156 1792 Patri.
1180 1745 1238 1791 ut
1275 1739 1467 1808 majus.
1511 1738 1568 1793 Si
1597 1738 1756 1808 igitur

161 1829 355 1899 majori
399 1829 616 1884 nomine
656 1828 846 1883 Filium
876 1830 1198 1900 appellatum
1229 1829 1552 1893 indicavero,
1581 1847 1752 1902 pugna

159 1919 410 1974 confecta
439 1927 520 1974 est
551 1936 564 1972 :
593 1921 696 1974 tuis
721 1919 861 1974 enim
885 1921 1048 1974 armis
1081 1929 1131 1975 te
1159 1920 1370 1990 subigo,
1391 1922 1599 1992 tuisque
1626 1937 1755 1992 pen-

167 2012 253 2064 nis
281 2019 332 2065 te
360 2027 574 2081 supero.
606 2011 684 2066 Tu
714 2012 890 2067 dixisti
920 2014 1054 2067 Deus
1080 2013 1276 2084 majus,
1304 2013 1551 2069 Dominus
1575 2024 1754 2070 autem

165 2103 348 2156 minus
392 2118 513 2158 esse
552 2118 744 2158 nomen
779 2103 1182 2159 :dcmonstrare
1221 2104 1344 2159 volo
1389 2106 1562 2159 minus
1613 2106 1754 2160 Patri

163 2210 276 2247 non
321 2194 654 2258 convenisse,
689 2195 736 2250 si
783 2195 952 2264 major
997 2205 1132 2262 erat,
1165 2206 1218 2251 et
1261 2197 1431 2265 majus
1472 2198 1606 2251 Filio
1648 2211 1754 2253 non

160 2288 508 2352 convenisse,
538 2285 584 2340 si
612 2285 777 2340 Filius
805 2289 977 2340 minor
1006 2296 1138 2342 erat.
1171 2287 1307 2342 Audi
1333 2287 1639 2357 prophetam
1668 2288 1752 2342 di-

159 2385 400 2442 centem,
438 2375 534 2429 llic
565 2388 635 2431 est
659 2375 794 2432 Deus
825 2388 992 2432 noster
1018 2395 1036 2433 :
1063 2397 1160 2432 non
1182 2379 1511 2434 mtimabitur
1530 2381 1661 2435 alius
1687 2382 1756 2434 ad

168 2483 287 2521 eum
311 2484 328 2520 :
349 2469 600 2522 adint'enit
621 2485 817 2523 omnem
842 2470 971 2522 riam
996 2471 1220 2524 scientiis:
1241 2487 1261 2524 :
1286 2480 1396 2542 post
1416 2472 1522 2525 Iure
1541 2473 1591 2526 in.
1611 2473 1757 2526 terris

162 2559 304 2611 uisus
331 2569 426 2624 est,
450 2569 496 2612 et
520 2576 635 2613 cum
655 2560 938 2615 hominibus
959 2572 1276 2615 conuersatus
1303 2573 1374 2616 est
1402 2563 1546 2636 (Bar.
1576 2565 1628 2619 5.
1656 2564 1756 2619 56-
1783 2626 1792 2630 _

160 2648 301 2720 58).
332 2649 468 2718 Quid
516 2650 580 2704 ad
628 2651 727 2706 hoc
775 2653 1105 2720 respondes?
1157 2669 1280 2707 num
1314 2655 1397 2708 his
1423 2655 1596 2709 verbis
1622 2669 1755 2709 con-

160 2740 420 2796 tradicis?
463 2741 532 2794 At
561 2757 664 2795 non
693 2751 842 2811 potes
876 2761 887 2794 :
921 2744 1115 2797 veritas
1140 2744 1282 2798 enim
1309 2754 1605 2814 permanet,
1634 2761 1752 2816 qua:

163 2833 510 2899 splendorem
537 2850 689 2888 suum
719 2835 930 2898 emittit,
965 2843 1017 2889 et
1043 2836 1223 2891 oculos
1244 2835 1614 2892 hmreticorum
1635 2853 1756 2892 cre-

157 2924 296 2977 dere
353 2926 450 2993 ipsi
511 2927 868 2980 recusantium
921 2938 1179 2982 excaecat.
1227 2929 1559 3000 Quamquam
1601 2930 1756 3000 longa

178 3164 1365 3193 tW

1348 365 1435 421 DE
1475 361 1756 422 SANCTIS
1795 362 2260 422 MARTYRIBUS.

3320 369 3423 423 7m;

1854 469 1978 513 sunt
2016 459 2302 514 certamina
2327 499 2344 523 ,
2377 467 2429 513 ct
2459 458 2654 513 multus
2699 468 2780 514 est
2819 470 2980 515 :estus
3012 478 3027 516 :
3059 463 3228 533 major
3257 477 3435 523 tamen

1857 559 1939 605 est
1988 551 2191 618 oratio,
2237 561 2395 621 atque
2448 551 2780 605 incommoda
2831 562 3048 622 superat
3099 555 3435 620 anditonuu,

1855 651 2146 711 aestumque
2189 642 2394 712 mitigat
2437 658 2558 697 rore
2603 643 2862 698 doctrinm
2894 660 2907 696 :
2937 653 2992 699 et
3029 645 3242 714 quando
3269 660 3438 704 semet

1855 745 1946 788 aut
1992 736 2182 788 iterutn
2229 735 2281 788 in
2328 734 2654 788 hebdomatla
2696 750 3105 804 congregamur,
3138 737 3436 794 auditorem

1857 824 2209 895 negligentem
2236 839 2355 880 esse
2384 840 2488 880 non
2515 835 2744 895 oportet.
2795 826 2850 880 Si
2887 827 3028 881 enim
3070 842 3134 882 ex
3177 825 3278 883 hoc
3322 829 3438 882 loco

1855 919 2174 983 excesseris,
2201 933 2264 973 ac
2281 918 2473 974 dixerit
2499 919 2756 987 quispiam
2781 937 2793 973 :
2816 919 2928 985 Qua
2949 919 3017 974 de
3042 932 3098 974 re
3121 920 3311 974 doctor
3327 921 3446 975 dis-

1856 999 2060 1064 seruit?
2083 1010 2352 1078 subjicies,
2384 1010 2652 1065 Adversus
2690 1010 3004 1065 hmreticos:
3037 1011 3082 1066 si
3107 1011 3299 1066 dixerit
3321 1012 3434 1078 tibi,

1857 1101 1969 1168 Qua
1998 1103 2065 1158 de
2094 1118 2153 1156 re
2171 1104 2317 1173 egit?
2343 1118 2514 1172 neque
2537 1104 2698 1158 menti
2726 1105 3048 1171 occurrerit,
3081 1105 3310 1158 maxima
3338 1107 3440 1159 erit

1860 1195 2183 1263 ignominia;
2223 1195 2306 1249 sin
2330 1202 2504 1249 autem
2535 1195 2755 1261 dixeris,
2790 1196 2958 1264 ipsum
2990 1196 3177 1264 pungis
3211 1207 3305 1251 :et
3325 1196 3438 1250 sive

1859 1286 1928 1340 sit
1958 1286 2255 1351 haereticus,
2284 1286 2456 1355 ipsum
2486 1285 2740 1356 corrigis,
2773 1286 2883 1340 sive
2913 1287 3184 1356 negligens
3212 1287 3282 1341 sit
3306 1288 3438 1340 ami-

1858 1391 1973 1444 cus,
2004 1376 2174 1446 ipsum
2199 1377 2406 1446 pellicis
2430 1417 2444 1441 ,
2474 1377 2584 1431 sive
2614 1376 2774 1431 etiam
2801 1377 2993 1431 mulier
3017 1377 3208 1432 lasciva
3226 1420 3240 1443 ,
3269 1377 3438 1432 el’llcis

1861 1470 2358 1538 temperantiorem;
2402 1485 2523 1523 nam
2567 1478 2621 1523 et
2665 1469 2871 1523 mulieri
2919 1469 3139 1524 reddere
3177 1470 3437 1524 rationem

1858 1558 2021 1614 debes
2051 1576 2066 1612 :
2091 1558 2331 1613 Mulieres
2372 1559 2524 1624 enim,
2560 1559 2745 1627 inquit,
2784 1559 2836 1611 in
2882 1559 3092 1612 ecclesia
3130 1568 3322 1612 taceant
3354 1559 3441 1613 :si

1858 1650 1981 1721 quid
2019 1661 2185 1704 autent
2219 1652 2392 1704 volunt
2416 1651 2624 1717 discere,
2648 1650 2787 1704 domi
2820 1651 2951 1704 viros
2988 1665 3103 1704 suos
3137 1651 3441 1720 interrogent

1863 1742 1938 1813 (sl.
1969 1739 2089 1797 Cor.
2118 1743 2203 1795 14.
2241 1741 2328 1796 54.
2369 1741 2482 1812 '55).
2531 1741 2586 1796 Si
2625 1741 2842 1795 domum
2876 1741 3145 1810 ingressus
3173 1739 3355 1804 fueris,
3389 1749 3442 1794 et

1858 1849 1925 1888 ex
1972 1843 2022 1887 te
2063 1833 2255 1887 mulier
2280 1834 2594 1896 seiscitetur,
2627 1832 2763 1900 Quid
2793 1832 2919 1886 mihi
2949 1833 3016 1887 ab
3040 1832 3268 1886 ecclesia
3298 1841 3440 1886 retu-

1859 1925 2001 1980 listi?
2042 1925 2306 1996 responde
2349 1925 2442 1991 illi,
2475 1924 2586 1979 Non
2614 1939 2822 1988 carnes,
2857 1937 2956 1977 nec
2981 1924 3183 1986 vinum,
3211 1937 3310 1977 nec
3340 1937 3437 1975 au-

1858 2032 1996 2084 rum,
2021 2032 2120 2071 nec
2145 2017 2418 2076 mundum.
2455 2032 2560 2086 quo
2605 2025 2800 2085 corpus
2847 2022 3100 2078 ornetur;
3141 2022 3195 2067 at
3233 2027 3442 2069 sermo.

1860 2124 2002 2173 nem,
2029 2123 2134 2178 quo
2161 2109 2451 2178 sapientior
2476 2121 2627 2162 meus
2655 2105 2927 2161 reddatur.
2958 2106 3088 2164 Cum
3121 2105 3172 2159 in
3198 2119 3440 2174 congres-

1858 2217 1974 2256 sum
1997 2203 2234 2258 mulieris
2251 2201 2480 2262 veneris,
2501 2215 2737 2254 mensam
2755 2199 2828 2253 illi
2846 2198 3168 2268 spiritualem
3187 2212 3396 2266 appone
3421 2213 3436 2250 :

1858 2297 1944 2351 die
1972 2301 2198 2366 primum
2225 2295 2351 2349 dum
2378 2295 2551 2348 adhuc
2575 2307 2761 2348 recens
2788 2301 2868 2347 est
2895 2290 3169 2356 memoria,
3197 2288 3443 2344 Pet-frua-

1859 2402 1978 2440 mur
2007 2385 2382 2455 spiritualibus,
2415 2400 2476 2439 ac
2501 2383 2692 2438 deinde
2721 2382 2956 2438 sensibili
2985 2396 3166 2436 mensa
3199 2380 3441 2449 perfrua-

1860 2477 2242 2533 ntur:etenim
2289 2476 2333 2532 si
2381 2492 2467 2531 res
2512 2484 2720 2530 nostras
2766 2475 2835 2528 ita
2882 2473 3258 2544 disponamus,
3305 2473 3443 2526 Deus

1860 2569 2016 2622 etiam
2043 2569 2212 2622 aderit
2237 2569 2288 2622 in
2315 2568 2493 2622 medio
2521 2566 2707 2632 nostri,
2736 2579 2858 2620 cum
2889 2573 2947 2618 ut
2968 2577 3206 2618 mensam
3232 2561 3445 2616 benedi-

1860 2670 1964 2723 cat,
1990 2668 2099 2712 tum
2129 2667 2186 2712 ut
2210 2673 2307 2713 nos
2338 2664 2578 2713 coronet.
2603 2655 2709 2711 Nos
2729 2655 2939 2726 quidem
2967 2668 3066 2723 pro
3085 2653 3168 2708 bis
3196 2651 3444 2707 omnibus

1834 2754 2058 2820 -gratias
2085 2766 2301 2821 agamus
2330 2751 2428 2820 ipsi
2461 2749 2598 2805 Patri
2621 2764 2740 2806 cum
2768 2747 2904 2803 Filio
2930 2763 2993 2803 ac
3015 2745 3213 2816 Spiritu
3234 2753 3441 2807 sancto,

1864 2861 2002 2900 nunc
2029 2853 2082 2900 et
2111 2860 2341 2912 semper,
2370 2854 2422 2900 ct
2453 2845 2503 2899 in
2534 2843 2724 2899 saecula
2756 2841 3091 2897 surculorum.
3122 2839 3312 2898 Amen.

2021 3164 3048 3174 ‘m—M.—.‘————.————o--_
3058 3163 3220 3172 ———.—
3234 3164 3343 3172 -ι-ν

1365 3164 3048 3176 W‘W—M-M-_"-_
3058 3163 3220 3172 ———-—
3234 3161 3423 3186 ——-—'=

1365 3183 1554 3189 _—_—_-_—._--
1565 3183 1688 3189 ος--ρ-
1697 3177 2514 3190 ..ᾠδὴ-σά.οῇᾘὴ

1057 3424 1156 3482 ΑΙ)
1191 3417 1573 3482 HOMILIAM
1623 3421 1700 3480 IN
1755 3420 2080 3480 SANCTOS
2134 3420 2563 3480 MARTYRES.

184 3695 361 3763 ἁγίων
409 3695 646 3748 πάντων
687 3691 944 3748 Fortasse
988 3692 1121 3745 utin
1171 3689 1361 3744 Latina
1414 3688 1657 3744 Ecclesia
1705 3686 1941 3755 primum
1989 3685 2262 3741 celebrata
2307 3695 2390 3740 est
2435 3685 2679 3740 omnium
2716 3697 3014 3757 martyrum
3058 3686 3320 3743 festivitas
3373 3704 3439 3742 ex

186 3812 514 3886 praescripto
543 3809 805 3865 Bouifacii
832 3808 921 3872 IV,
959 3824 1020 3862 ac
1042 3805 1237 3861 deinde
1270 3805 1594 3859 Sanctorum
1619 3802 1862 3857 omnium
1890 3799 2134 3870 Gregorii
2171 3798 2236 3852 Π
2274 3810 2513 3868 tempore
2545 3817 2560 3853 :
2600 3801 2678 3854 sic
2699 3809 2754 3854 et
2788 3800 2840 3852 in
2869 3798 3054 3854 Graeca
3093 3802 3280 3869 paucis
3317 3813 3440 3871 post

185 3927 550 3980 Pentecosten
589 3923 782 3977 diebus
824 3921 954 3974 olim
989 3927 1288 3988 martyrum
1337 3915 1581 3971 omnium
1623 3911 1899 3968 memoriae
1925 3911 2234 3966 dedicatum
2262 3921 2379 3970 erat
2443 3909 2662 3974 festum,
2693 3910 2836 3978 quod
2867 3910 3059 3964 deinde
3121 3911 3441 3966 Sanctorum

186 4039 444 4092 omnium
493 4036 838 4091 solemnitate
886 4040 1267 4088 consecratum
1299 4039 1402 4085 est.
1446 4028 1712 4083 Caeterum
1745 4027 1891 4080 hunc
1921 4024 2312 4096 Chrysostomo
2351 4024 2596 4076 tribuunt
2617 4037 2920 4077 sermonem
2967 4033 3158 4092 przeter
3190 4023 3444 4077 Codicctn

196 4157 384 4227 Regia:
411 4156 694 4220 Bibli0th.,
743 4155 995 4209 Mediceae
1038 4152 1497 4220 manuscriptum,
1540 4147 1831 4218 Catalogus
1860 4147 2220 4216 genuinarum
2261 4145 2500 4198 auctoris
2531 4143 2651 4211 ejus
2691 4143 3025 4208 orationum,
3057 4142 3146 4211 qui
3183 4143 3234 4195 in
3266 4142 3450 4211 Augu-

196 4285 361 4330 stana
396 4285 667 4341 servatur,
701 4284 754 4328 et
784 4275 921 4328 alius
947 4289 1011 4326 ex
1039 4271 1186 4325 Italia
1226 4272 1426 4325 missus
1461 4270 1525 4322 ad
1552 4285 1651 4323 nos
1691 4267 1780 4321 iud

1889 4267 1987 4334 τῆς
2018 4264 2201 4336 βίϐλου
2225 4263 2332 4316 τῶν
2378 4261 2751 4334 μαργαριτῶν,
2782 4261 2886 4316 hoc
2921 4261 3076 4314 titulo
3116 4258 3451 4330 εῚῧγκώμιον

196 4398 282 4458 εἰς
311 4394 437 4457 τοὺς
465 4394 650 4462 ἁγίους
677 4393 906 4456 πάντας.
947 4413 964 4444 ι

275 4507 661 4576 lntcrpretatio
697 4504 888 4558 Latina
917 4513 1000 4556 est
1035 4502 1279 4571 ejusdem
1321 4498 1612 4553 Frontonis
1638 4494 1837 4550 Ducaei.

190 4692 283 4706 .-

293 4681 3436 4704 Wm—

1509 4745 2112 4829 LAUDATIO

581 4926 668 4968 ss.
717 4925 969 4968 OMNIUM
1018 4924 1124 4976 QUI
1172 4923 1554 4966 MARTYRIUM
1599 4923 1764 4966 τοΤο
1805 4923 2156 4969 ΤεηιιΔῐιυΜ
2201 4925 2366 4967 eum:
2395 4923 2557 4966 sum
2602 4921 2768 4964 rassr
2817 4909 2916 4981 (a).

1594 5047 2089 5129 «mem

267 5201 317 5253 Ι.
355 5197 602 5267 Martyres
629 5212 740 5248 cum
769 5208 960 5265 angens
981 5201 1184 5253 cotton,
1215 5189 1344 5242 bona
1374 5206 1436 5244 ea:
1461 5207 1571 5261 ipsa
1596 5199 1783 5244 morta-

188 5295 334 5346 litate
354 5273 602 5343 derivata.
627 5317 698 5327 -
726 5286 967 5340 Nondum
1000 5293 1201 5352 septem
1228 5283 1434 5337 dierum
1463 5283 1672 5352 elapsus
1702 5292 1787 5338 cst

191 5398 476 5442 numerus.
509 5398 572 5438 ex
620 5396 728 5451 quo
772 5395 976 5436 sacram
1027 5379 1365 5432 Pentecostes
1396 5376 1786 5431 solemnitatem

190 5477 616 5543 celebravimus,
653 5483 708 5529 et
736 5487 834 5528 nos
869 5485 1054 5528 rursus
1096 5479 1384 5540 martyrum
1414 5468 1609 5523 chorus
1636 5483 1788 5524 asse-

258 5590 278 5651 (
286 5591 334 5651 α)
368 5586 548 5639 (:ollata
564 5599 671 5638 cum
687 5584 938 5636 codicibus
954 5583 1113 5647 Regiis
1128 5582 1282 5634 tribus
1298 5590 1348 5634 et
1366 5594 1464 5634 uno
1484 5579 1786 5632 Coisliuiano.

1889 5208 2080 5268 quutus
2111 5205 2211 5261 est,
2235 5197 2314 5251 vel
2356 5205 2650 5266 martyrum
2696 5205 2868 5248 castra
2909 5193 3083 5262 potius
3121 5191 3174 5246 et
3214 5191 3475 5245 exercitus

1893 5289 2060 5345 nihilo
2103 5288 2278 5341 tninor
2318 5289 2418 5342 illis
2459 5287 2766 5355 angelorum
2793 5285 3000 5350 castris,
3028 5297 3147 5352 quae
3178 5280 3478 5350 patriarcha

1895 5381 2059 5436 Jacob
2086 5379 2214 5433 vidit
2241 5377 2392 5449 (Gen.
2421 5378 2510 5433 5:2.
2535 5377 2615 5447 2),
2643 5375 2736 5430 sed
2764 5374 2987 5429 azmulus
3017 5374 3120 5427 illis
3149 5381 3202 5427 et
3229 5371 3472 5440 aequalis.

1901 5473 2155 5544 Martyres
2176 5469 2315 5526 enim
2340 5479 2391 5525 et
2411 5469 2584 5539 angeli
2607 5467 2819 5521 nornine
2846 5474 3046 5519 tantum
3074 5459 3303 5517 distincti
3333 5471 3476 5529 sunt,

1897 5568 2049 5625 factis
2069 5573 2244 5621 autem
2270 5563 2559 5634 junguntur
2585 5579 2596 5615 :
2621 5559 2807 5616 omium
2831 5555 3064 5609 incolunt
3086 5553 3278 5624 angeli,
3299 5552 3475 5606 itidem
