  <div class='ocr_page' id='page_1' title='image "/cluster/home/n/w/nwhite01/storage/ocr_20150623/50/mdp.39015066055818/303.png"; bbox 0 0 3800 6282; ppageno 0'>
   <div class='ocr_carea' id='block_1_1' title="bbox 368 284 473 343">
    <p class='ocr_par' dir='ltr' id='par_1_1' title="bbox 368 284 473 343">
     <span class='ocr_line' id='line_1_1' title="bbox 368 284 473 343; baseline -0.019 0"><span class='ocrx_word' id='word_1_1' title='bbox 368 284 473 343; x_wconf 64' lang='grc'><strong>7437</strong></span> 
     </span>
    </p>
   </div>
   <div class='ocr_carea' id='block_1_2' title="bbox 371 378 1944 475">
    <p class='ocr_par' dir='ltr' id='par_1_2' title="bbox 371 378 1944 475">
     <span class='ocr_line' id='line_1_2' title="bbox 371 378 1944 475; baseline -0.018 -22"><span class='ocrx_word' id='word_1_2' title='bbox 371 407 425 453; x_wconf 86' lang='lat' dir='ltr'><strong>et</strong></span> <span class='ocrx_word' id='word_1_3' title='bbox 459 400 719 463; x_wconf 77' lang='lat' dir='ltr'><strong>martyres</strong></span> <span class='ocrx_word' id='word_1_4' title='bbox 749 408 759 442; x_wconf 88' lang='lat'><strong>:</strong></span> <span class='ocrx_word' id='word_1_5' title='bbox 792 387 1077 444; x_wconf 89' lang='lat' dir='ltr'><strong>senectutis</strong></span> <span class='ocrx_word' id='word_1_6' title='bbox 1103 396 1348 454; x_wconf 88' lang='lat' dir='ltr'><strong>expertes</strong></span> <span class='ocrx_word' id='word_1_7' title='bbox 1375 393 1423 436; x_wconf 90' lang='lat' dir='ltr'><strong>et</strong></span> <span class='ocrx_word' id='word_1_8' title='bbox 1459 378 1781 435; x_wconf 85' lang='lat' dir='ltr'><strong>immortales</strong></span> <span class='ocrx_word' id='word_1_9' title='bbox 1820 383 1944 475; x_wconf 62' lang='lat' dir='ltr'><strong>sunt</strong></span> 
     </span>
    </p>
   </div>
   <div class='ocr_carea' id='block_1_3' title="bbox 373 464 1948 552">
    <p class='ocr_par' dir='ltr' id='par_1_3' title="bbox 373 464 1948 552">
     <span class='ocr_line' id='line_1_3' title="bbox 373 464 1948 552; baseline -0.014 -13"><span class='ocrx_word' id='word_1_10' title='bbox 373 486 485 552; x_wconf 87' lang='lat' dir='ltr'><strong>illi,</strong></span> <span class='ocrx_word' id='word_1_11' title='bbox 519 483 619 538; x_wconf 87' lang='lat' dir='ltr'><strong>hoc</strong></span> <span class='ocrx_word' id='word_1_12' title='bbox 645 492 699 538; x_wconf 89' lang='lat' dir='ltr'><strong>et</strong></span> <span class='ocrx_word' id='word_1_13' title='bbox 727 488 986 550; x_wconf 86' lang='lat' dir='ltr'><strong>martyres</strong></span> <span class='ocrx_word' id='word_1_14' title='bbox 1021 475 1352 531; x_wconf 90' lang='lat' dir='ltr'><strong>obtinebunt.</strong></span> <span class='ocrx_word' id='word_1_15' title='bbox 1381 471 1450 525; x_wconf 82' lang='lat' dir='ltr'><strong>At</strong></span> <span class='ocrx_word' id='word_1_16' title='bbox 1476 470 1840 537; x_wconf 88' lang='lat' dir='ltr'><strong>incorpoream</strong></span> <span class='ocrx_word' id='word_1_17' title='bbox 1872 464 1948 518; x_wconf 90' lang='lat' dir='ltr'><strong>illi</strong></span> 
     </span>
    </p>
   </div>
   <div class='ocr_carea' id='block_1_4' title="bbox 374 555 1951 632">
    <p class='ocr_par' dir='ltr' id='par_1_4' title="bbox 374 555 1951 632">
     <span class='ocr_line' id='line_1_4' title="bbox 374 555 1951 632; baseline -0.013 -3"><span class='ocrx_word' id='word_1_18' title='bbox 374 584 617 630; x_wconf 87' lang='lat' dir='ltr'><strong>naturam</strong></span> <span class='ocrx_word' id='word_1_19' title='bbox 667 571 838 625; x_wconf 89' lang='lat' dir='ltr'><strong>sortiti</strong></span> <span class='ocrx_word' id='word_1_20' title='bbox 883 566 1039 623; x_wconf 84' lang='lat' dir='ltr'><strong>sunt?</strong></span> <span class='ocrx_word' id='word_1_21' title='bbox 1087 563 1221 632; x_wconf 82' lang='lat' dir='ltr'><strong>Quid</strong></span> <span class='ocrx_word' id='word_1_22' title='bbox 1268 573 1377 617; x_wconf 91' lang='lat' dir='ltr'><strong>tum</strong></span> <span class='ocrx_word' id='word_1_23' title='bbox 1421 559 1635 631; x_wconf 85' lang='lat' dir='ltr'><strong>postea?</strong></span> <span class='ocrx_word' id='word_1_24' title='bbox 1662 557 1785 613; x_wconf 91' lang='lat' dir='ltr'><strong>licet</strong></span> <span class='ocrx_word' id='word_1_25' title='bbox 1808 555 1951 611; x_wconf 90' lang='lat' dir='ltr'><strong>enim</strong></span> 
     </span>
    </p>
   </div>
   <div class='ocr_carea' id='block_1_5' title="bbox 377 649 1948 733">
    <p class='ocr_par' dir='ltr' id='par_1_5' title="bbox 377 649 1948 733">
     <span class='ocr_line' id='line_1_5' title="bbox 377 649 1948 733; baseline -0.011 -15"><span class='ocrx_word' id='word_1_26' title='bbox 377 675 638 733; x_wconf 81' lang='lat' dir='ltr'><strong>martyres</strong></span> <span class='ocrx_word' id='word_1_27' title='bbox 663 674 885 729; x_wconf 85' lang='lat' dir='ltr'><strong>corpore</strong></span> <span class='ocrx_word' id='word_1_28' title='bbox 908 655 1246 725; x_wconf 80' lang='lat' dir='ltr'><strong>circumsepti</strong></span> <span class='ocrx_word' id='word_1_29' title='bbox 1277 655 1403 718; x_wconf 91' lang='lat' dir='ltr'><strong>sint,</strong></span> <span class='ocrx_word' id='word_1_30' title='bbox 1428 649 1711 706; x_wconf 83' lang='lat' dir='ltr'><strong>immortali</strong></span> <span class='ocrx_word' id='word_1_31' title='bbox 1736 656 1908 703; x_wconf 87' lang='lat' dir='ltr'><strong>tamen</strong></span> <span class='ocrx_word' id='word_1_32' title='bbox 1935 664 1948 700; x_wconf 88' lang='lat'><strong>:</strong></span> 
     </span>
    </p>
   </div>
   <div class='ocr_carea' id='block_1_6' title="bbox 376 738 1954 824">
    <p class='ocr_par' dir='ltr' id='par_1_6' title="bbox 376 738 1954 824">
     <span class='ocr_line' id='line_1_6' title="bbox 376 738 1954 824; baseline -0.01 -18"><span class='ocrx_word' id='word_1_33' title='bbox 376 755 502 824; x_wconf 88' lang='lat' dir='ltr'><strong>quin</strong></span> <span class='ocrx_word' id='word_1_34' title='bbox 532 753 704 822; x_wconf 83' lang='lat' dir='ltr'><strong>potius</strong></span> <span class='ocrx_word' id='word_1_35' title='bbox 735 751 893 805; x_wconf 88' lang='lat' dir='ltr'><strong>etiam</strong></span> <span class='ocrx_word' id='word_1_36' title='bbox 932 758 1057 803; x_wconf 83' lang='lat' dir='ltr'><strong>ante</strong></span> <span class='ocrx_word' id='word_1_37' title='bbox 1085 749 1252 817; x_wconf 85' lang='lat' dir='ltr'><strong>ipsam</strong></span> <span class='ocrx_word' id='word_1_38' title='bbox 1282 743 1730 800; x_wconf 67' lang='lat' dir='ltr'><strong>immortalitatem</strong></span> <span class='ocrx_word' id='word_1_39' title='bbox 1756 738 1954 795; x_wconf 85' lang='lat' dir='ltr'><strong>Christi</strong></span> 
     </span>
    </p>
   </div>
   <div class='ocr_carea' id='block_1_7' title="bbox 379 831 1957 925">
    <p class='ocr_par' dir='ltr' id='par_1_7' title="bbox 379 831 1957 925">
     <span class='ocr_line' id='line_1_7' title="bbox 379 831 1957 925; baseline -0.011 -23"><span class='ocrx_word' id='word_1_40' title='bbox 379 860 524 903; x_wconf 89' lang='lat' dir='ltr'><strong>mors</strong></span> <span class='ocrx_word' id='word_1_41' title='bbox 555 858 777 913; x_wconf 90' lang='lat' dir='ltr'><strong>corpora</strong></span> <span class='ocrx_word' id='word_1_42' title='bbox 808 842 974 925; x_wconf 78' lang='lat' dir='ltr'><strong>mqlto</strong></span> <span class='ocrx_word' id='word_1_43' title='bbox 1000 840 1117 909; x_wconf 87' lang='lat' dir='ltr'><strong>plus</strong></span> <span class='ocrx_word' id='word_1_44' title='bbox 1138 881 1152 904; x_wconf 93' lang='lat'><strong>,</strong></span> <span class='ocrx_word' id='word_1_45' title='bbox 1182 854 1337 909; x_wconf 92' lang='lat' dir='ltr'><strong>quam</strong></span> <span class='ocrx_word' id='word_1_46' title='bbox 1365 835 1734 891; x_wconf 80' lang='lat' dir='ltr'><strong>immortalitas</strong></span> <span class='ocrx_word' id='word_1_47' title='bbox 1759 831 1957 888; x_wconf 88' lang='lat' dir='ltr'><strong>conde-</strong></span> 
     </span>
    </p>
   </div>
   <div class='ocr_carea' id='block_1_8' title="bbox 378 922 1957 1009">
    <p class='ocr_par' dir='ltr' id='par_1_8' title="bbox 378 922 1957 1009">
     <span class='ocr_line' id='line_1_8' title="bbox 378 922 1957 1009; baseline -0.008 -19"><span class='ocrx_word' id='word_1_48' title='bbox 378 947 550 1009; x_wconf 76' lang='lat' dir='ltr'><strong>corat.</strong></span> <span class='ocrx_word' id='word_1_49' title='bbox 583 936 693 990; x_wconf 86' lang='lat' dir='ltr'><strong>Non</strong></span> <span class='ocrx_word' id='word_1_50' title='bbox 722 936 791 989; x_wconf 91' lang='lat' dir='ltr'><strong>ita</strong></span> <span class='ocrx_word' id='word_1_51' title='bbox 821 922 1055 988; x_wconf 89' lang='lat' dir='ltr'><strong>siderum</strong></span> <span class='ocrx_word' id='word_1_52' title='bbox 1085 940 1396 986; x_wconf 86' lang='lat' dir='ltr'><strong>exornatum</strong></span> <span class='ocrx_word' id='word_1_53' title='bbox 1421 932 1587 983; x_wconf 87' lang='lat' dir='ltr'><strong>choro</strong></span> <span class='ocrx_word' id='word_1_54' title='bbox 1616 926 1803 982; x_wconf 63' lang='lat' dir='ltr'><strong>caelum</strong></span> <span class='ocrx_word' id='word_1_55' title='bbox 1834 922 1957 979; x_wconf 90' lang='lat' dir='ltr'><strong>illu-</strong></span> 
     </span>
    </p>
   </div>
   <div class='ocr_carea' id='block_1_9' title="bbox 344 1021 1957 1095">
    <p class='ocr_par' dir='ltr' id='par_1_9' title="bbox 344 1021 1957 1095">
     <span class='ocr_line' id='line_1_9' title="bbox 344 1021 1957 1095; baseline -0.008 -15"><span class='ocrx_word' id='word_1_56' title='bbox 344 1021 353 1095; x_wconf 71' lang='grc' dir='ltr'>ξ</span> <span class='ocrx_word' id='word_1_57' title='bbox 374 1038 485 1082; x_wconf 84' lang='lat' dir='ltr'><strong>stre</strong></span> <span class='ocrx_word' id='word_1_58' title='bbox 507 1035 610 1091; x_wconf 88' lang='lat' dir='ltr'><strong>est,</strong></span> <span class='ocrx_word' id='word_1_59' title='bbox 629 1042 692 1079; x_wconf 86' lang='lat' dir='ltr'><strong>ac</strong></span> <span class='ocrx_word' id='word_1_60' title='bbox 717 1024 988 1095; x_wconf 83' lang='lat' dir='ltr'><strong>splendida</strong></span> <span class='ocrx_word' id='word_1_61' title='bbox 1010 1024 1286 1078; x_wconf 74' lang='lat' dir='ltr'><strong>vulnerum</strong></span> <span class='ocrx_word' id='word_1_62' title='bbox 1313 1021 1496 1076; x_wconf 83' lang='lat' dir='ltr'><strong>sauie&#39;</strong></span> <span class='ocrx_word' id='word_1_63' title='bbox 1522 1031 1810 1089; x_wconf 85' lang='lat' dir='ltr'><strong>martyrum</strong></span> <span class='ocrx_word' id='word_1_64' title='bbox 1837 1029 1957 1070; x_wconf 85' lang='lat' dir='ltr'><strong>cur-</strong></span> 
     </span>
    </p>
   </div>
   <div class='ocr_carea' id='block_1_10' title="bbox 345 1090 1956 1187">
    <p class='ocr_par' dir='ltr' id='par_1_10' title="bbox 345 1090 1956 1187">
     <span class='ocr_line' id='line_1_10' title="bbox 345 1090 1956 1187; baseline -0.006 -20"><span class='ocrx_word' id='word_1_65' title='bbox 345 1090 504 1187; x_wconf 70' lang='grc' dir='ltr'><strong>ἰιοιιτι</strong></span> <span class='ocrx_word' id='word_1_66' title='bbox 561 1090 838 1173; x_wconf 72' lang='lat' dir='ltr'><strong>exornata.</strong></span> <span class='ocrx_word' id='word_1_67' title='bbox 904 1115 1085 1185; x_wconf 87' lang='lat' dir='ltr'><strong>Itaque</strong></span> <span class='ocrx_word' id='word_1_68' title='bbox 1131 1115 1251 1185; x_wconf 87' lang='lat' dir='ltr'><strong>quia</strong></span> <span class='ocrx_word' id='word_1_69' title='bbox 1301 1112 1493 1167; x_wconf 87' lang='lat' dir='ltr'><strong>mortui</strong></span> <span class='ocrx_word' id='word_1_70' title='bbox 1541 1119 1702 1174; x_wconf 90' lang='lat' dir='ltr'><strong>sunt,</strong></span> <span class='ocrx_word' id='word_1_71' title='bbox 1758 1106 1956 1161; x_wconf 87' lang='lat' dir='ltr'><strong>idcirco</strong></span> 
     </span>
    </p>
   </div>
   <div class='ocr_carea' id='block_1_11' title="bbox 382 1202 1958 1277">
    <p class='ocr_par' dir='ltr' id='par_1_11' title="bbox 382 1202 1958 1277">
     <span class='ocr_line' id='line_1_11' title="bbox 382 1202 1958 1277; baseline -0.01 -12"><span class='ocrx_word' id='word_1_72' title='bbox 382 1210 613 1265; x_wconf 72' lang='lat' dir='ltr'><strong>maxime</strong></span> <span class='ocrx_word' id='word_1_73' title='bbox 655 1215 939 1277; x_wconf 86' lang='lat' dir='ltr'><strong>superant,</strong></span> <span class='ocrx_word' id='word_1_74' title='bbox 979 1218 1033 1260; x_wconf 92' lang='lat' dir='ltr'><strong>et</strong></span> <span class='ocrx_word' id='word_1_75' title='bbox 1080 1216 1203 1260; x_wconf 90' lang='lat' dir='ltr'><strong>ante</strong></span> <span class='ocrx_word' id='word_1_76' title='bbox 1250 1202 1697 1258; x_wconf 81' lang='lat' dir='ltr'><strong>immortalitatem</strong></span> <span class='ocrx_word' id='word_1_77' title='bbox 1726 1213 1755 1252; x_wconf 91' lang='lat' dir='ltr'><strong>a</strong></span> <span class='ocrx_word' id='word_1_78' title='bbox 1786 1207 1958 1252; x_wconf 87' lang='lat' dir='ltr'><strong>morte</strong></span> 
     </span>
    </p>
   </div>
   <div class='ocr_carea' id='block_1_12' title="bbox 378 1285 1960 1369">
    <p class='ocr_par' dir='ltr' id='par_1_12' title="bbox 378 1285 1960 1369">
     <span class='ocr_line' id='line_1_12' title="bbox 378 1285 1960 1369; baseline -0.01 -15"><span class='ocrx_word' id='word_1_79' title='bbox 378 1300 616 1354; x_wconf 74' lang='lat' dir='ltr'><strong>coronati</strong></span> <span class='ocrx_word' id='word_1_80' title='bbox 656 1297 870 1369; x_wconf 70' lang='lat' dir='ltr'><strong>praemia</strong></span> <span class='ocrx_word' id='word_1_81' title='bbox 900 1302 1256 1364; x_wconf 83' lang='lat' dir='ltr'><strong>reportarunt.</strong></span> <span class='ocrx_word' id='word_1_82' title='bbox 1300 1291 1531 1345; x_wconf 82' lang='lat' dir='ltr'><strong>Minuisti</strong></span> <span class='ocrx_word' id='word_1_83' title='bbox 1553 1306 1665 1343; x_wconf 83' lang='lat' dir='ltr'><strong>eum</strong></span> <span class='ocrx_word' id='word_1_84' title='bbox 1689 1287 1841 1357; x_wconf 80' lang='lat' dir='ltr'><strong>paulo</strong></span> <span class='ocrx_word' id='word_1_85' title='bbox 1865 1285 1960 1338; x_wconf 85' lang='lat' dir='ltr'><strong>mi-</strong></span> 
     </span>
    </p>
   </div>
   <div class='ocr_carea' id='block_1_13' title="bbox 380 1375 1955 1459">
    <p class='ocr_par' dir='ltr' id='par_1_13' title="bbox 380 1375 1955 1459">
     <span class='ocr_line' id='line_1_13' title="bbox 380 1375 1955 1459; baseline -0.012 -14"><span class='ocrx_word' id='word_1_86' title='bbox 380 1408 475 1445; x_wconf 79' lang='lat' dir='ltr'><strong>nus</strong></span> <span class='ocrx_word' id='word_1_87' title='bbox 517 1390 578 1444; x_wconf 83' lang='lat' dir='ltr'><strong>ab</strong></span> <span class='ocrx_word' id='word_1_88' title='bbox 617 1389 845 1459; x_wconf 84' lang='lat' dir='ltr'><strong>angelis;</strong></span> <span class='ocrx_word' id='word_1_89' title='bbox 870 1387 1053 1457; x_wconf 81' lang='lat' dir='ltr'><strong>_gloria</strong></span> <span class='ocrx_word' id='word_1_90' title='bbox 1084 1395 1129 1438; x_wconf 83' lang='lat' dir='ltr'><strong>et</strong></span> <span class='ocrx_word' id='word_1_91' title='bbox 1156 1385 1344 1438; x_wconf 76' lang='lat' dir='ltr'><strong>honore</strong></span> <span class='ocrx_word' id='word_1_92' title='bbox 1367 1381 1617 1435; x_wconf 82' lang='lat' dir='ltr'><strong>coronasti</strong></span> <span class='ocrx_word' id='word_1_93' title='bbox 1643 1395 1759 1432; x_wconf 86' lang='lat' dir='ltr'><strong>eum</strong></span> <span class='ocrx_word' id='word_1_94' title='bbox 1784 1375 1955 1447; x_wconf 82' lang='lat' dir='ltr'><strong>(Psal.</strong></span> 
     </span>
    </p>
   </div>
   <div class='ocr_carea' id='block_1_14' title="bbox 382 1464 1957 1547">
    <p class='ocr_par' dir='ltr' id='par_1_14' title="bbox 382 1464 1957 1547">
     <span class='ocr_line' id='line_1_14' title="bbox 382 1464 1957 1547; baseline -0.011 -11"><span class='ocrx_word' id='word_1_95' title='bbox 382 1481 433 1536; x_wconf 88' lang='lat'><strong>8.</strong></span> <span class='ocrx_word' id='word_1_96' title='bbox 462 1480 541 1547; x_wconf 77' lang='grc' dir='ltr'><strong>ὃ).</strong></span> <span class='ocrx_word' id='word_1_97' title='bbox 561 1480 629 1534; x_wconf 89' lang='lat' dir='ltr'><strong>de</strong></span> <span class='ocrx_word' id='word_1_98' title='bbox 655 1477 924 1533; x_wconf 87' lang='lat' dir='ltr'><strong>communi</strong></span> <span class='ocrx_word' id='word_1_99' title='bbox 947 1475 1217 1530; x_wconf 88' lang='lat' dir='ltr'><strong>hominum</strong></span> <span class='ocrx_word' id='word_1_100' title='bbox 1244 1482 1427 1527; x_wconf 88' lang='lat' dir='ltr'><strong>natura</strong></span> <span class='ocrx_word' id='word_1_101' title='bbox 1450 1472 1618 1540; x_wconf 83' lang='lat' dir='ltr'><strong>inquit</strong></span> <span class='ocrx_word' id='word_1_102' title='bbox 1646 1467 1840 1522; x_wconf 86' lang='lat' dir='ltr'><strong>David:</strong></span> <span class='ocrx_word' id='word_1_103' title='bbox 1865 1464 1957 1520; x_wconf 85' lang='lat' dir='ltr'><strong>sed</strong></span> 
     </span>
    </p>
   </div>
   <div class='ocr_carea' id='block_1_15' title="bbox 384 1558 1962 1638">
    <p class='ocr_par' dir='ltr' id='par_1_15' title="bbox 384 1558 1962 1638">
     <span class='ocr_line' id='line_1_15' title="bbox 384 1558 1962 1638; baseline -0.011 -11"><span class='ocrx_word' id='word_1_104' title='bbox 384 1582 437 1627; x_wconf 88' lang='lat' dir='ltr'><strong>et</strong></span> <span class='ocrx_word' id='word_1_105' title='bbox 489 1572 591 1626; x_wconf 90' lang='lat' dir='ltr'><strong>hoc</strong></span> <span class='ocrx_word' id='word_1_106' title='bbox 630 1569 839 1638; x_wconf 86' lang='lat' dir='ltr'><strong>paulum</strong></span> <span class='ocrx_word' id='word_1_107' title='bbox 879 1566 1109 1623; x_wconf 86' lang='lat' dir='ltr'><strong>reddidit</strong></span> <span class='ocrx_word' id='word_1_108' title='bbox 1142 1564 1384 1620; x_wconf 80' lang='lat' dir='ltr'><strong>Christus</strong></span> <span class='ocrx_word' id='word_1_109' title='bbox 1412 1577 1531 1617; x_wconf 89' lang='lat' dir='ltr'><strong>cum</strong></span> <span class='ocrx_word' id='word_1_110' title='bbox 1558 1558 1880 1623; x_wconf 68' lang='lat' dir='ltr'><strong>advenisset,</strong></span> <span class='ocrx_word' id='word_1_111' title='bbox 1908 1564 1962 1609; x_wconf 87' lang='lat' dir='ltr'><strong>et</strong></span> 
     </span>
    </p>
   </div>
   <div class='ocr_carea' id='block_1_16' title="bbox 384 1648 1958 1722">
    <p class='ocr_par' dir='ltr' id='par_1_16' title="bbox 384 1648 1958 1722">
     <span class='ocr_line' id='line_1_16' title="bbox 384 1648 1958 1722; baseline -0.01 -6"><span class='ocrx_word' id='word_1_112' title='bbox 384 1671 612 1717; x_wconf 90' lang='lat' dir='ltr'><strong>mortem</strong></span> <span class='ocrx_word' id='word_1_113' title='bbox 654 1669 825 1715; x_wconf 90' lang='lat' dir='ltr'><strong>morte</strong></span> <span class='ocrx_word' id='word_1_114' title='bbox 862 1657 1185 1713; x_wconf 86' lang='lat' dir='ltr'><strong>damnasset.</strong></span> <span class='ocrx_word' id='word_1_115' title='bbox 1232 1654 1427 1710; x_wconf 84' lang='lat' dir='ltr'><strong>Verum</strong></span> <span class='ocrx_word' id='word_1_116' title='bbox 1455 1653 1556 1707; x_wconf 83' lang='lat' dir='ltr'><strong>hoc</strong></span> <span class='ocrx_word' id='word_1_117' title='bbox 1581 1665 1679 1722; x_wconf 80' lang='lat' dir='ltr'><strong>ego</strong></span> <span class='ocrx_word' id='word_1_118' title='bbox 1707 1648 1829 1703; x_wconf 86' lang='lat' dir='ltr'><strong>inde</strong></span> <span class='ocrx_word' id='word_1_119' title='bbox 1855 1662 1958 1701; x_wconf 91' lang='lat' dir='ltr'><strong>non</strong></span> 
     </span>
    </p>
   </div>
   <div class='ocr_carea' id='block_1_17' title="bbox 384 1737 1959 1817">
    <p class='ocr_par' dir='ltr' id='par_1_17' title="bbox 384 1737 1959 1817">
     <span class='ocr_line' id='line_1_17' title="bbox 384 1737 1959 1817; baseline -0.012 -9"><span class='ocrx_word' id='word_1_120' title='bbox 384 1752 678 1816; x_wconf 87' lang='lat' dir='ltr'><strong>confirmo,</strong></span> <span class='ocrx_word' id='word_1_121' title='bbox 716 1749 809 1805; x_wconf 84' lang='lat' dir='ltr'><strong>sed</strong></span> <span class='ocrx_word' id='word_1_122' title='bbox 839 1765 901 1802; x_wconf 84' lang='lat' dir='ltr'><strong>ex</strong></span> <span class='ocrx_word' id='word_1_123' title='bbox 932 1762 998 1803; x_wconf 91' lang='lat' dir='ltr'><strong>eo</strong></span> <span class='ocrx_word' id='word_1_124' title='bbox 1029 1746 1167 1817; x_wconf 89' lang='lat' dir='ltr'><strong>quod</strong></span> <span class='ocrx_word' id='word_1_125' title='bbox 1206 1743 1441 1801; x_wconf 88' lang='lat' dir='ltr'><strong>defectus</strong></span> <span class='ocrx_word' id='word_1_126' title='bbox 1467 1742 1553 1798; x_wconf 90' lang='lat' dir='ltr'><strong>hic</strong></span> <span class='ocrx_word' id='word_1_127' title='bbox 1580 1740 1766 1796; x_wconf 88' lang='lat' dir='ltr'><strong>mortis</strong></span> <span class='ocrx_word' id='word_1_128' title='bbox 1794 1739 1846 1792; x_wconf 91' lang='lat' dir='ltr'><strong>in</strong></span> <span class='ocrx_word' id='word_1_129' title='bbox 1877 1737 1959 1790; x_wconf 88' lang='lat' dir='ltr'><strong>lu-</strong></span> 
     </span>
    </p>
   </div>
   <div class='ocr_carea' id='block_1_18' title="bbox 386 1829 1965 1903">
    <p class='ocr_par' dir='ltr' id='par_1_18' title="bbox 386 1829 1965 1903">
     <span class='ocr_line' id='line_1_18' title="bbox 386 1829 1965 1903; baseline -0.011 -4"><span class='ocrx_word' id='word_1_130' title='bbox 386 1861 533 1899; x_wconf 88' lang='lat' dir='ltr'><strong>crum</strong></span> <span class='ocrx_word' id='word_1_131' title='bbox 574 1853 629 1899; x_wconf 89' lang='lat' dir='ltr'><strong>et</strong></span> <span class='ocrx_word' id='word_1_132' title='bbox 667 1840 1001 1903; x_wconf 86' lang='lat' dir='ltr'><strong>commodum</strong></span> <span class='ocrx_word' id='word_1_133' title='bbox 1031 1838 1193 1894; x_wconf 72' lang='lat' dir='ltr'><strong>ce:sit</strong></span> <span class='ocrx_word' id='word_1_134' title='bbox 1222 1856 1235 1892; x_wconf 94' lang='lat'>:</span> <span class='ocrx_word' id='word_1_135' title='bbox 1265 1837 1365 1892; x_wconf 89' lang='lat' dir='ltr'><strong>nisi</strong></span> <span class='ocrx_word' id='word_1_136' title='bbox 1392 1837 1531 1892; x_wconf 89' lang='lat' dir='ltr'><strong>enim</strong></span> <span class='ocrx_word' id='word_1_137' title='bbox 1559 1833 1806 1889; x_wconf 90' lang='lat' dir='ltr'><strong>mortales</strong></span> <span class='ocrx_word' id='word_1_138' title='bbox 1835 1829 1965 1883; x_wconf 85' lang='lat' dir='ltr'><strong>fuis-</strong></span> 
     </span>
    </p>
   </div>
   <div class='ocr_carea' id='block_1_19' title="bbox 384 1924 1963 2005">
    <p class='ocr_par' dir='ltr' id='par_1_19' title="bbox 384 1924 1963 2005">
     <span class='ocr_line' id='line_1_19' title="bbox 384 1924 1963 2005; baseline -0.011 -14"><span class='ocrx_word' id='word_1_139' title='bbox 384 1944 545 2004; x_wconf 84' lang='lat' dir='ltr'><strong>sent,</strong></span> <span class='ocrx_word' id='word_1_140' title='bbox 592 1945 851 2005; x_wconf 82' lang='lat' dir='ltr'><strong>martyres</strong></span> <span class='ocrx_word' id='word_1_141' title='bbox 896 1931 1017 1987; x_wconf 84' lang='lat' dir='ltr'><strong>facti</strong></span> <span class='ocrx_word' id='word_1_142' title='bbox 1061 1946 1164 1987; x_wconf 86' lang='lat' dir='ltr'><strong>non</strong></span> <span class='ocrx_word' id='word_1_143' title='bbox 1209 1939 1388 1984; x_wconf 88' lang='lat' dir='ltr'><strong>essent</strong></span> <span class='ocrx_word' id='word_1_144' title='bbox 1420 1946 1432 1983; x_wconf 89' lang='lat'><strong>:</strong></span> <span class='ocrx_word' id='word_1_145' title='bbox 1465 1929 1638 1997; x_wconf 87' lang='lat' dir='ltr'><strong>itaque</strong></span> <span class='ocrx_word' id='word_1_146' title='bbox 1681 1924 1780 1979; x_wconf 91' lang='lat' dir='ltr'><strong>nisi</strong></span> <span class='ocrx_word' id='word_1_147' title='bbox 1821 1936 1963 1976; x_wconf 86' lang='lat' dir='ltr'><strong>mors</strong></span> 
     </span>
    </p>
   </div>
   <div class='ocr_carea' id='block_1_20' title="bbox 386 2012 1966 2094">
    <p class='ocr_par' dir='ltr' id='par_1_20' title="bbox 386 2012 1966 2094">
     <span class='ocr_line' id='line_1_20' title="bbox 386 2012 1966 2094; baseline -0.009 -14"><span class='ocrx_word' id='word_1_148' title='bbox 386 2027 593 2094; x_wconf 88' lang='lat' dir='ltr'><strong>fuisset,</strong></span> <span class='ocrx_word' id='word_1_149' title='bbox 623 2041 690 2081; x_wconf 88' lang='lat' dir='ltr'><strong>ne</strong></span> <span class='ocrx_word' id='word_1_150' title='bbox 705 2039 915 2080; x_wconf 67' lang='lat' dir='ltr'><strong>coronae</strong></span> <span class='ocrx_word' id='word_1_151' title='bbox 939 2022 1150 2093; x_wconf 85' lang='lat' dir='ltr'><strong>quidem</strong></span> <span class='ocrx_word' id='word_1_152' title='bbox 1180 2021 1543 2074; x_wconf 79' lang='lat' dir='ltr'><strong>exstitissent:</strong></span> <span class='ocrx_word' id='word_1_153' title='bbox 1576 2018 1617 2072; x_wconf 89' lang='lat' dir='ltr'><strong>si</strong></span> <span class='ocrx_word' id='word_1_154' title='bbox 1647 2032 1751 2069; x_wconf 89' lang='lat' dir='ltr'><strong>non</strong></span> <span class='ocrx_word' id='word_1_155' title='bbox 1781 2012 1966 2070; x_wconf 86' lang='lat' dir='ltr'><strong>fuisset</strong></span> 
     </span>
    </p>
   </div>
   <div class='ocr_carea' id='block_1_21' title="bbox 388 2105 1961 2186">
    <p class='ocr_par' dir='ltr' id='par_1_21' title="bbox 388 2105 1961 2186">
     <span class='ocr_line' id='line_1_21' title="bbox 388 2105 1961 2186; baseline -0.01 -15"><span class='ocrx_word' id='word_1_156' title='bbox 388 2118 655 2181; x_wconf 87' lang='lat' dir='ltr'><strong>interitus,</strong></span> <span class='ocrx_word' id='word_1_157' title='bbox 680 2116 990 2186; x_wconf 79' lang='lat' dir='ltr'><strong>martyrium</strong></span> <span class='ocrx_word' id='word_1_158' title='bbox 1012 2129 1116 2167; x_wconf 91' lang='lat' dir='ltr'><strong>non</strong></span> <span class='ocrx_word' id='word_1_159' title='bbox 1144 2112 1329 2166; x_wconf 80' lang='lat' dir='ltr'><strong>fuisset</strong></span> <span class='ocrx_word' id='word_1_160' title='bbox 1353 2128 1366 2165; x_wconf 94' lang='lat'>:</span> <span class='ocrx_word' id='word_1_161' title='bbox 1390 2111 1434 2165; x_wconf 90' lang='lat' dir='ltr'><strong>si</strong></span> <span class='ocrx_word' id='word_1_162' title='bbox 1458 2125 1601 2164; x_wconf 90' lang='lat' dir='ltr'><strong>mors</strong></span> <span class='ocrx_word' id='word_1_163' title='bbox 1624 2122 1727 2162; x_wconf 89' lang='lat' dir='ltr'><strong>non</strong></span> <span class='ocrx_word' id='word_1_164' title='bbox 1757 2105 1961 2168; x_wconf 89' lang='lat' dir='ltr'><strong>fuisset,</strong></span> 
     </span>
    </p>
   </div>
   <div class='ocr_carea' id='block_1_22' title="bbox 388 2200 1965 2280">
    <p class='ocr_par' dir='ltr' id='par_1_22' title="bbox 388 2200 1965 2280">
     <span class='ocr_line' id='line_1_22' title="bbox 388 2200 1965 2280; baseline -0.011 -15"><span class='ocrx_word' id='word_1_165' title='bbox 388 2225 494 2265; x_wconf 88' lang='lat' dir='ltr'><strong>non</strong></span> <span class='ocrx_word' id='word_1_166' title='bbox 526 2210 781 2280; x_wconf 86' lang='lat' dir='ltr'><strong>potuisset</strong></span> <span class='ocrx_word' id='word_1_167' title='bbox 816 2207 1000 2262; x_wconf 83' lang='lat' dir='ltr'><strong>dicere</strong></span> <span class='ocrx_word' id='word_1_168' title='bbox 1038 2205 1265 2268; x_wconf 78' lang='lat' dir='ltr'><strong>Paulus,</strong></span> <span class='ocrx_word' id='word_1_169' title='bbox 1299 2201 1531 2268; x_wconf 80' lang='lat' dir='ltr'><strong>Quotidie</strong></span> <span class='ocrx_word' id='word_1_170' title='bbox 1557 2200 1742 2253; x_wconf 82' lang='lat' dir='ltr'><strong>metior</strong></span> <span class='ocrx_word' id='word_1_171' title='bbox 1767 2213 1854 2267; x_wconf 81' lang='lat' dir='ltr'><strong>per</strong></span> <span class='ocrx_word' id='word_1_172' title='bbox 1881 2213 1965 2248; x_wconf 81' lang='lat' dir='ltr'><strong>vc-</strong></span> 
     </span>
    </p>
   </div>
   <div class='ocr_carea' id='block_1_23' title="bbox 387 2284 1963 2369">
    <p class='ocr_par' dir='ltr' id='par_1_23' title="bbox 387 2284 1963 2369">
     <span class='ocr_line' id='line_1_23' title="bbox 387 2284 1963 2369; baseline -0.011 -16"><span class='ocrx_word' id='word_1_173' title='bbox 387 2309 543 2353; x_wconf 82' lang='lat' dir='ltr'><strong>stram</strong></span> <span class='ocrx_word' id='word_1_174' title='bbox 578 2298 789 2369; x_wconf 83' lang='lat' dir='ltr'><strong>gloriam</strong></span> <span class='ocrx_word' id='word_1_175' title='bbox 811 2339 826 2364; x_wconf 92' lang='lat'><strong>,</strong></span> <span class='ocrx_word' id='word_1_176' title='bbox 862 2312 1009 2365; x_wconf 80' lang='lat' dir='ltr'><strong>quant</strong></span> <span class='ocrx_word' id='word_1_177' title='bbox 1045 2294 1199 2347; x_wconf 81' lang='lat' dir='ltr'><strong>habeo</strong></span> <span class='ocrx_word' id='word_1_178' title='bbox 1242 2294 1295 2345; x_wconf 85' lang='lat' dir='ltr'><strong>in</strong></span> <span class='ocrx_word' id='word_1_179' title='bbox 1339 2292 1536 2347; x_wconf 79' lang='lat' dir='ltr'><strong>Christo</strong></span> <span class='ocrx_word' id='word_1_180' title='bbox 1571 2289 1696 2343; x_wconf 82' lang='lat' dir='ltr'><strong>Jesu</strong></span> <span class='ocrx_word' id='word_1_181' title='bbox 1736 2288 1809 2357; x_wconf 87' lang='grc' dir='ltr'><strong>(ι.</strong></span> <span class='ocrx_word' id='word_1_182' title='bbox 1841 2284 1963 2339; x_wconf 88' lang='lat' dir='ltr'><strong>Cor.</strong></span> 
     </span>
    </p>
   </div>
   <div class='ocr_carea' id='block_1_24' title="bbox 393 2377 1968 2457">
    <p class='ocr_par' dir='ltr' id='par_1_24' title="bbox 393 2377 1968 2457">
     <span class='ocr_line' id='line_1_24' title="bbox 393 2377 1968 2457; baseline -0.01 -14"><span class='ocrx_word' id='word_1_183' title='bbox 393 2390 483 2444; x_wconf 72' lang='grc'><strong>15.</strong></span> <span class='ocrx_word' id='word_1_184' title='bbox 512 2387 603 2457; x_wconf 74' lang='lat' dir='ltr'><strong>Si)</strong></span> <span class='ocrx_word' id='word_1_185' title='bbox 634 2407 648 2442; x_wconf 88' lang='lat'><strong>:</strong></span> <span class='ocrx_word' id='word_1_186' title='bbox 673 2388 772 2442; x_wconf 82' lang='lat' dir='ltr'><strong>nisi</strong></span> <span class='ocrx_word' id='word_1_187' title='bbox 799 2400 943 2441; x_wconf 89' lang='lat' dir='ltr'><strong>mors</strong></span> <span class='ocrx_word' id='word_1_188' title='bbox 971 2395 1023 2439; x_wconf 86' lang='lat' dir='ltr'><strong>et</strong></span> <span class='ocrx_word' id='word_1_189' title='bbox 1044 2384 1287 2440; x_wconf 89' lang='lat' dir='ltr'><strong>interitus</strong></span> <span class='ocrx_word' id='word_1_190' title='bbox 1314 2382 1552 2443; x_wconf 74' lang='lat' dir='ltr'><strong>fuissent,</strong></span> <span class='ocrx_word' id='word_1_191' title='bbox 1576 2393 1680 2433; x_wconf 89' lang='lat' dir='ltr'><strong>non</strong></span> <span class='ocrx_word' id='word_1_192' title='bbox 1712 2377 1968 2447; x_wconf 82' lang='lat' dir='ltr'><strong>potuisset</strong></span> 
     </span>
    </p>
   </div>
   <div class='ocr_carea' id='block_1_25' title="bbox 391 2468 1991 2544">
    <p class='ocr_par' dir='ltr' id='par_1_25' title="bbox 391 2468 1991 2544">
     <span class='ocr_line' id='line_1_25' title="bbox 391 2468 1991 2544; baseline -0.009 -9"><span class='ocrx_word' id='word_1_193' title='bbox 391 2479 532 2536; x_wconf 87' lang='lat' dir='ltr'><strong>idem</strong></span> <span class='ocrx_word' id='word_1_194' title='bbox 558 2480 734 2534; x_wconf 87' lang='lat' dir='ltr'><strong>dicere</strong></span> <span class='ocrx_word' id='word_1_195' title='bbox 756 2518 771 2540; x_wconf 92' lang='lat'><strong><em>.</em></strong></span> <span class='ocrx_word' id='word_1_196' title='bbox 814 2476 1021 2531; x_wconf 79' lang='lat' dir='ltr'><strong>Gaudeo</strong></span> <span class='ocrx_word' id='word_1_197' title='bbox 1047 2477 1099 2529; x_wconf 86' lang='lat' dir='ltr'><strong>in</strong></span> <span class='ocrx_word' id='word_1_198' title='bbox 1126 2475 1456 2544; x_wconf 81' lang='lat' dir='ltr'><strong>passionibus.</strong></span> <span class='ocrx_word' id='word_1_199' title='bbox 1476 2472 1597 2525; x_wconf 83' lang='lat' dir='ltr'><strong>meis</strong></span> <span class='ocrx_word' id='word_1_200' title='bbox 1628 2486 1718 2540; x_wconf 86' lang='lat' dir='ltr'><strong>pro</strong></span> <span class='ocrx_word' id='word_1_201' title='bbox 1741 2468 1896 2534; x_wconf 76' lang='lat' dir='ltr'><strong>vobis,</strong></span> <span class='ocrx_word' id='word_1_202' title='bbox 1920 2477 1991 2521; x_wconf 81' lang='lat' dir='ltr'><strong>et.</strong></span> 
     </span>
    </p>
   </div>
   <div class='ocr_carea' id='block_1_26' title="bbox 391 2562 1970 2640">
    <p class='ocr_par' dir='ltr' id='par_1_26' title="bbox 391 2562 1970 2640">
     <span class='ocr_line' id='line_1_26' title="bbox 391 2562 1970 2640; baseline -0.008 -15"><span class='ocrx_word' id='word_1_203' title='bbox 391 2570 647 2638; x_wconf 83' lang='lat' dir='ltr'><strong>adimpleo</strong></span> <span class='ocrx_word' id='word_1_204' title='bbox 673 2585 730 2623; x_wconf 88' lang='lat' dir='ltr'><strong>ea</strong></span> <span class='ocrx_word' id='word_1_205' title='bbox 749 2584 862 2640; x_wconf 76' lang='lat' dir='ltr'><strong>qua:</strong></span> <span class='ocrx_word' id='word_1_206' title='bbox 880 2569 1060 2621; x_wconf 80' lang='lat' dir='ltr'><strong>desunt</strong></span> <span class='ocrx_word' id='word_1_207' title='bbox 1081 2566 1372 2637; x_wconf 80' lang='lat' dir='ltr'><strong>passionum</strong></span> <span class='ocrx_word' id='word_1_208' title='bbox 1402 2562 1586 2619; x_wconf 79' lang='lat' dir='ltr'><strong>Christi</strong></span> <span class='ocrx_word' id='word_1_209' title='bbox 1613 2563 1663 2616; x_wconf 85' lang='lat' dir='ltr'><strong>in</strong></span> <span class='ocrx_word' id='word_1_210' title='bbox 1684 2577 1835 2615; x_wconf 84' lang='lat' dir='ltr'><strong>carne</strong></span> <span class='ocrx_word' id='word_1_211' title='bbox 1858 2576 1970 2613; x_wconf 87' lang='lat' dir='ltr'><strong>mea</strong></span> 
     </span>
    </p>
   </div>
   <div class='ocr_carea' id='block_1_27' title="bbox 397 2653 1971 2731">
    <p class='ocr_par' dir='ltr' id='par_1_27' title="bbox 397 2653 1971 2731">
     <span class='ocr_line' id='line_1_27' title="bbox 397 2653 1971 2731; baseline -0.008 -14"><span class='ocrx_word' id='word_1_212' title='bbox 397 2663 531 2728; x_wconf 83' lang='lat' dir='ltr'><strong>(Col.</strong></span> <span class='ocrx_word' id='word_1_213' title='bbox 557 2664 606 2717; x_wconf 79' lang='lat' dir='ltr'><strong>l.</strong></span> <span class='ocrx_word' id='word_1_214' title='bbox 635 2662 751 2731; x_wconf 69' lang='grc'><strong>24).</strong></span> <span class='ocrx_word' id='word_1_215' title='bbox 797 2660 875 2715; x_wconf 84' lang='lat' dir='ltr'><strong>Ne</strong></span> <span class='ocrx_word' id='word_1_216' title='bbox 914 2659 1188 2715; x_wconf 88' lang='lat' dir='ltr'><strong>doleamus</strong></span> <span class='ocrx_word' id='word_1_217' title='bbox 1215 2671 1341 2726; x_wconf 88' lang='lat' dir='ltr'><strong>ergo</strong></span> <span class='ocrx_word' id='word_1_218' title='bbox 1363 2695 1376 2719; x_wconf 91' lang='lat'><strong>,</strong></span> <span class='ocrx_word' id='word_1_219' title='bbox 1404 2655 1543 2725; x_wconf 88' lang='lat' dir='ltr'><strong>quod</strong></span> <span class='ocrx_word' id='word_1_220' title='bbox 1572 2653 1821 2708; x_wconf 80' lang='lat' dir='ltr'><strong>mortales</strong></span> <span class='ocrx_word' id='word_1_221' title='bbox 1851 2653 1971 2706; x_wconf 88' lang='lat' dir='ltr'><strong>facti</strong></span> 
     </span>
    </p>
   </div>
   <div class='ocr_carea' id='block_1_28' title="bbox 395 2744 1970 2822">
    <p class='ocr_par' dir='ltr' id='par_1_28' title="bbox 395 2744 1970 2822">
     <span class='ocr_line' id='line_1_28' title="bbox 395 2744 1970 2822; baseline -0.007 -14"><span class='ocrx_word' id='word_1_222' title='bbox 395 2756 587 2821; x_wconf 87' lang='lat' dir='ltr'><strong>simus,</strong></span> <span class='ocrx_word' id='word_1_223' title='bbox 617 2754 710 2808; x_wconf 88' lang='lat' dir='ltr'><strong>sed</strong></span> <span class='ocrx_word' id='word_1_224' title='bbox 751 2751 948 2822; x_wconf 82' lang='lat' dir='ltr'><strong>gratias</strong></span> <span class='ocrx_word' id='word_1_225' title='bbox 988 2764 1239 2819; x_wconf 81' lang='lat' dir='ltr'><strong>agamus,</strong></span> <span class='ocrx_word' id='word_1_226' title='bbox 1278 2747 1414 2817; x_wconf 84' lang='lat' dir='ltr'><strong>quod</strong></span> <span class='ocrx_word' id='word_1_227' title='bbox 1463 2745 1700 2816; x_wconf 84' lang='lat' dir='ltr'><strong>martyrii</strong></span> <span class='ocrx_word' id='word_1_228' title='bbox 1744 2744 1970 2798; x_wconf 87' lang='lat' dir='ltr'><strong>stadium</strong></span> 
     </span>
    </p>
   </div>
   <div class='ocr_carea' id='block_1_29' title="bbox 396 2833 1971 2903">
    <p class='ocr_par' dir='ltr' id='par_1_29' title="bbox 396 2833 1971 2903">
     <span class='ocr_line' id='line_1_29' title="bbox 396 2833 1971 2903; baseline -0.01 -3"><span class='ocrx_word' id='word_1_229' title='bbox 396 2846 549 2900; x_wconf 71' lang='lat' dir='ltr'><strong>nullis</strong></span> <span class='ocrx_word' id='word_1_230' title='bbox 578 2846 646 2898; x_wconf 88' lang='lat' dir='ltr'><strong>sit</strong></span> <span class='ocrx_word' id='word_1_231' title='bbox 682 2858 710 2897; x_wconf 91' lang='lat' dir='ltr'><strong>a</strong></span> <span class='ocrx_word' id='word_1_232' title='bbox 743 2849 913 2897; x_wconf 90' lang='lat' dir='ltr'><strong>morte</strong></span> <span class='ocrx_word' id='word_1_233' title='bbox 953 2849 1266 2902; x_wconf 89' lang='lat' dir='ltr'><strong>reseratum,</strong></span> <span class='ocrx_word' id='word_1_234' title='bbox 1303 2848 1354 2892; x_wconf 92' lang='lat' dir='ltr'><strong>et</strong></span> <span class='ocrx_word' id='word_1_235' title='bbox 1381 2836 1447 2890; x_wconf 93' lang='lat' dir='ltr'><strong>ab</strong></span> <span class='ocrx_word' id='word_1_236' title='bbox 1478 2836 1692 2889; x_wconf 91' lang='lat' dir='ltr'><strong>interitu</strong></span> <span class='ocrx_word' id='word_1_237' title='bbox 1722 2833 1971 2903; x_wconf 73' lang='lat' dir='ltr'><strong>prmmio-</strong></span> 
     </span>
    </p>
   </div>
   <div class='ocr_carea' id='block_1_30' title="bbox 395 2925 1976 3001">
    <p class='ocr_par' dir='ltr' id='par_1_30' title="bbox 395 2925 1976 3001">
     <span class='ocr_line' id='line_1_30' title="bbox 395 2925 1976 3001; baseline -0.009 -11"><span class='ocrx_word' id='word_1_238' title='bbox 395 2952 514 2991; x_wconf 89' lang='lat' dir='ltr'><strong>rum</strong></span> <span class='ocrx_word' id='word_1_239' title='bbox 545 2935 819 2989; x_wconf 87' lang='lat' dir='ltr'><strong>materiam</strong></span> <span class='ocrx_word' id='word_1_240' title='bbox 846 2932 1240 3001; x_wconf 85' lang='lat' dir='ltr'><strong>acceperimus;</strong></span> <span class='ocrx_word' id='word_1_241' title='bbox 1265 2928 1404 2983; x_wconf 88' lang='lat' dir='ltr'><strong>unde</strong></span> <span class='ocrx_word' id='word_1_242' title='bbox 1430 2937 1484 2982; x_wconf 84' lang='lat' dir='ltr'><strong>et</strong></span> <span class='ocrx_word' id='word_1_243' title='bbox 1512 2925 1859 2982; x_wconf 84' lang='lat' dir='ltr'><strong>certaminum</strong></span> <span class='ocrx_word' id='word_1_244' title='bbox 1884 2937 1976 2977; x_wconf 85' lang='lat' dir='ltr'><strong>oc—</strong></span> 
     </span>
    </p>
   </div>
   <div class='ocr_carea' id='block_1_31' title="bbox 394 3018 1975 3091">
    <p class='ocr_par' dir='ltr' id='par_1_31' title="bbox 394 3018 1975 3091">
     <span class='ocr_line' id='line_1_31' title="bbox 394 3018 1975 3091; baseline -0.009 -9"><span class='ocrx_word' id='word_1_245' title='bbox 394 3028 664 3083; x_wconf 84' lang='lat' dir='ltr'><strong>casiunem</strong></span> <span class='ocrx_word' id='word_1_246' title='bbox 692 3025 830 3081; x_wconf 90' lang='lat' dir='ltr'><strong>nacti</strong></span> <span class='ocrx_word' id='word_1_247' title='bbox 858 3039 1059 3077; x_wconf 84' lang='lat' dir='ltr'><strong>sumus.</strong></span> <span class='ocrx_word' id='word_1_248' title='bbox 1092 3022 1250 3077; x_wconf 74' lang='lat' dir='ltr'><strong>Vides</strong></span> <span class='ocrx_word' id='word_1_249' title='bbox 1274 3020 1583 3091; x_wconf 86' lang='lat' dir='ltr'><strong>sapientiam</strong></span> <span class='ocrx_word' id='word_1_250' title='bbox 1613 3018 1724 3085; x_wconf 89' lang='lat' dir='ltr'><strong>Dei,</strong></span> <span class='ocrx_word' id='word_1_251' title='bbox 1753 3030 1856 3088; x_wconf 92' lang='lat' dir='ltr'><strong>quo</strong></span> <span class='ocrx_word' id='word_1_252' title='bbox 1880 3031 1975 3086; x_wconf 84' lang='lat' dir='ltr'><strong>pa-</strong></span> 
     </span>
    </p>
   </div>
   <div class='ocr_carea' id='block_1_32' title="bbox 394 3108 1974 3182">
    <p class='ocr_par' dir='ltr' id='par_1_32' title="bbox 394 3108 1974 3182">
     <span class='ocr_line' id='line_1_32' title="bbox 394 3108 1974 3182; baseline -0.009 -8"><span class='ocrx_word' id='word_1_253' title='bbox 394 3130 483 3174; x_wconf 93' lang='lat' dir='ltr'><strong>cto</strong></span> <span class='ocrx_word' id='word_1_254' title='bbox 526 3119 811 3173; x_wconf 87' lang='lat' dir='ltr'><strong>maximum</strong></span> <span class='ocrx_word' id='word_1_255' title='bbox 859 3115 985 3170; x_wconf 90' lang='lat' dir='ltr'><strong>illud</strong></span> <span class='ocrx_word' id='word_1_256' title='bbox 1033 3113 1291 3168; x_wconf 82' lang='lat' dir='ltr'><strong>malorum</strong></span> <span class='ocrx_word' id='word_1_257' title='bbox 1319 3120 1582 3182; x_wconf 71' lang='lat' dir='ltr'><strong>caputque</strong></span> <span class='ocrx_word' id='word_1_258' title='bbox 1608 3117 1801 3164; x_wconf 76' lang='lat' dir='ltr'><strong>nostra:</strong></span> <span class='ocrx_word' id='word_1_259' title='bbox 1829 3108 1974 3162; x_wconf 89' lang='lat' dir='ltr'><strong>cala-</strong></span> 
     </span>
    </p>
   </div>
   <div class='ocr_carea' id='block_1_33' title="bbox 397 3203 1973 3280">
    <p class='ocr_par' dir='ltr' id='par_1_33' title="bbox 397 3203 1973 3280">
     <span class='ocr_line' id='line_1_33' title="bbox 397 3203 1973 3280; baseline -0.006 -17"><span class='ocrx_word' id='word_1_260' title='bbox 397 3210 618 3276; x_wconf 86' lang='lat' dir='ltr'><strong>mitatis,</strong></span> <span class='ocrx_word' id='word_1_261' title='bbox 650 3209 792 3280; x_wconf 91' lang='lat' dir='ltr'><strong>quod</strong></span> <span class='ocrx_word' id='word_1_262' title='bbox 823 3206 1031 3261; x_wconf 76' lang='lat' dir='ltr'><strong>invexit</strong></span> <span class='ocrx_word' id='word_1_263' title='bbox 1052 3206 1317 3271; x_wconf 83' lang='lat' dir='ltr'><strong>diabolus,</strong></span> <span class='ocrx_word' id='word_1_264' title='bbox 1343 3214 1568 3258; x_wconf 90' lang='lat' dir='ltr'><strong>mortem</strong></span> <span class='ocrx_word' id='word_1_265' title='bbox 1601 3203 1835 3271; x_wconf 90' lang='lat' dir='ltr'><strong>inquam,</strong></span> <span class='ocrx_word' id='word_1_266' title='bbox 1858 3214 1973 3254; x_wconf 91' lang='lat' dir='ltr'><strong>eam</strong></span> 
     </span>
    </p>
   </div>
   <div class='ocr_carea' id='block_1_34' title="bbox 397 3295 1979 3368">
    <p class='ocr_par' dir='ltr' id='par_1_34' title="bbox 397 3295 1979 3368">
     <span class='ocr_line' id='line_1_34' title="bbox 397 3295 1979 3368; baseline -0.006 -14"><span class='ocrx_word' id='word_1_267' title='bbox 397 3303 450 3354; x_wconf 90' lang='lat' dir='ltr'><strong>in</strong></span> <span class='ocrx_word' id='word_1_268' title='bbox 501 3301 757 3354; x_wconf 85' lang='lat' dir='ltr'><strong>honorem</strong></span> <span class='ocrx_word' id='word_1_269' title='bbox 803 3298 1129 3368; x_wconf 75' lang='lat' dir='ltr'><strong>gloriamque</strong></span> <span class='ocrx_word' id='word_1_270' title='bbox 1172 3304 1406 3351; x_wconf 89' lang='lat' dir='ltr'><strong>nostram</strong></span> <span class='ocrx_word' id='word_1_271' title='bbox 1449 3295 1740 3359; x_wconf 90' lang='lat' dir='ltr'><strong>convertit,</strong></span> <span class='ocrx_word' id='word_1_272' title='bbox 1783 3308 1846 3348; x_wconf 88' lang='lat' dir='ltr'><strong>ac</strong></span> <span class='ocrx_word' id='word_1_273' title='bbox 1880 3307 1979 3363; x_wconf 86' lang='lat' dir='ltr'><strong>per</strong></span> 
     </span>
    </p>
   </div>
   <div class='ocr_carea' id='block_1_35' title="bbox 383 3383 1976 3460">
    <p class='ocr_par' dir='ltr' id='par_1_35' title="bbox 383 3383 1976 3460">
     <span class='ocr_line' id='line_1_35' title="bbox 383 3383 1976 3460; baseline -0.007 -13"><span class='ocrx_word' id='word_1_274' title='bbox 383 3393 537 3447; x_wconf 73' lang='lat' dir='ltr'><strong>hanc</strong></span> <span class='ocrx_word' id='word_1_275' title='bbox 566 3392 734 3460; x_wconf 91' lang='lat' dir='ltr'><strong>ipsam</strong></span> <span class='ocrx_word' id='word_1_276' title='bbox 759 3390 984 3445; x_wconf 88' lang='lat' dir='ltr'><strong>athletas</strong></span> <span class='ocrx_word' id='word_1_277' title='bbox 1010 3389 1074 3443; x_wconf 90' lang='lat' dir='ltr'><strong>ad</strong></span> <span class='ocrx_word' id='word_1_278' title='bbox 1104 3388 1339 3460; x_wconf 84' lang='lat' dir='ltr'><strong>martyrii</strong></span> <span class='ocrx_word' id='word_1_279' title='bbox 1363 3386 1540 3441; x_wconf 83' lang='lat' dir='ltr'><strong>hravia</strong></span> <span class='ocrx_word' id='word_1_280' title='bbox 1567 3384 1816 3440; x_wconf 82' lang='lat' dir='ltr'><strong>deduxit?</strong></span> <span class='ocrx_word' id='word_1_281' title='bbox 1840 3383 1976 3451; x_wconf 84' lang='lat' dir='ltr'><strong>Quid</strong></span> 
     </span>
    </p>
   </div>
   <div class='ocr_carea' id='block_1_36' title="bbox 403 3473 1980 3554">
    <p class='ocr_par' dir='ltr' id='par_1_36' title="bbox 403 3473 1980 3554">
     <span class='ocr_line' id='line_1_36' title="bbox 403 3473 1980 3554; baseline -0.007 -16"><span class='ocrx_word' id='word_1_282' title='bbox 403 3483 573 3554; x_wconf 78' lang='lat' dir='ltr'><strong>ergo?</strong></span> <span class='ocrx_word' id='word_1_283' title='bbox 600 3482 865 3537; x_wconf 82' lang='lat' dir='ltr'><strong>idcircone</strong></span> <span class='ocrx_word' id='word_1_284' title='bbox 893 3480 1104 3534; x_wconf 82' lang='lat' dir='ltr'><strong>diabolo</strong></span> <span class='ocrx_word' id='word_1_285' title='bbox 1127 3480 1311 3533; x_wconf 91' lang='lat' dir='ltr'><strong>mortis</strong></span> <span class='ocrx_word' id='word_1_286' title='bbox 1334 3492 1489 3532; x_wconf 88' lang='lat' dir='ltr'><strong>causa</strong></span> <span class='ocrx_word' id='word_1_287' title='bbox 1511 3475 1706 3546; x_wconf 80' lang='lat' dir='ltr'><strong>gratias</strong></span> <span class='ocrx_word' id='word_1_288' title='bbox 1725 3473 1980 3545; x_wconf 80' lang='lat' dir='ltr'><strong>agemus?</strong></span> 
     </span>
    </p>
   </div>
   <div class='ocr_carea' id='block_1_37' title="bbox 403 3564 1978 3640">
    <p class='ocr_par' dir='ltr' id='par_1_37' title="bbox 403 3564 1978 3640">
     <span class='ocr_line' id='line_1_37' title="bbox 403 3564 1978 3640; baseline -0.007 -10"><span class='ocrx_word' id='word_1_289' title='bbox 403 3576 555 3631; x_wconf 83' lang='lat' dir='ltr'><strong>Absit</strong></span> <span class='ocrx_word' id='word_1_290' title='bbox 578 3593 591 3629; x_wconf 91' lang='lat'><strong>:</strong></span> <span class='ocrx_word' id='word_1_291' title='bbox 614 3589 718 3627; x_wconf 90' lang='lat' dir='ltr'><strong>non</strong></span> <span class='ocrx_word' id='word_1_292' title='bbox 745 3573 887 3628; x_wconf 91' lang='lat' dir='ltr'><strong>enim</strong></span> <span class='ocrx_word' id='word_1_293' title='bbox 909 3571 977 3627; x_wconf 90' lang='lat' dir='ltr'><strong>ab</strong></span> <span class='ocrx_word' id='word_1_294' title='bbox 1003 3570 1120 3640; x_wconf 89' lang='lat' dir='ltr'><strong>ejus</strong></span> <span class='ocrx_word' id='word_1_295' title='bbox 1146 3578 1321 3625; x_wconf 87' lang='lat' dir='ltr'><strong>mente</strong></span> <span class='ocrx_word' id='word_1_296' title='bbox 1349 3577 1494 3623; x_wconf 89' lang='lat' dir='ltr'><strong>recte</strong></span> <span class='ocrx_word' id='word_1_297' title='bbox 1523 3567 1714 3621; x_wconf 86' lang='lat' dir='ltr'><strong>factum</strong></span> <span class='ocrx_word' id='word_1_298' title='bbox 1740 3564 1862 3631; x_wconf 86' lang='lat' dir='ltr'><strong>hoc,</strong></span> <span class='ocrx_word' id='word_1_299' title='bbox 1884 3564 1978 3620; x_wconf 76' lang='lat' dir='ltr'><strong>sed</strong></span> 
     </span>
    </p>
   </div>
   <div class='ocr_carea' id='block_1_38' title="bbox 405 3656 1978 3735">
    <p class='ocr_par' dir='ltr' id='par_1_38' title="bbox 405 3656 1978 3735">
     <span class='ocr_line' id='line_1_38' title="bbox 405 3656 1978 3735; baseline -0.008 -15"><span class='ocrx_word' id='word_1_300' title='bbox 405 3667 495 3720; x_wconf 89' lang='lat' dir='ltr'><strong>Dei</strong></span> <span class='ocrx_word' id='word_1_301' title='bbox 527 3662 800 3735; x_wconf 65' lang='lat' dir='ltr'><strong>sapientiai</strong></span> <span class='ocrx_word' id='word_1_302' title='bbox 830 3671 912 3717; x_wconf 91' lang='lat' dir='ltr'><strong>est</strong></span> <span class='ocrx_word' id='word_1_303' title='bbox 937 3661 1153 3716; x_wconf 90' lang='lat' dir='ltr'><strong>donum.</strong></span> <span class='ocrx_word' id='word_1_304' title='bbox 1185 3659 1277 3714; x_wconf 85' lang='lat' dir='ltr'><strong>Ille</strong></span> <span class='ocrx_word' id='word_1_305' title='bbox 1301 3659 1511 3729; x_wconf 89' lang='lat' dir='ltr'><strong>quidem</strong></span> <span class='ocrx_word' id='word_1_306' title='bbox 1538 3656 1755 3721; x_wconf 80' lang='lat' dir='ltr'><strong>invexit,</strong></span> <span class='ocrx_word' id='word_1_307' title='bbox 1774 3664 1827 3709; x_wconf 91' lang='lat' dir='ltr'><strong>ut</strong></span> <span class='ocrx_word' id='word_1_308' title='bbox 1855 3670 1978 3725; x_wconf 87' lang='lat' dir='ltr'><strong>per-</strong></span> 
     </span>
    </p>
   </div>
   <div class='ocr_carea' id='block_1_39' title="bbox 403 3747 1980 3819">
    <p class='ocr_par' dir='ltr' id='par_1_39' title="bbox 403 3747 1980 3819">
     <span class='ocr_line' id='line_1_39' title="bbox 403 3747 1980 3819; baseline -0.008 -9"><span class='ocrx_word' id='word_1_309' title='bbox 403 3757 587 3819; x_wconf 85' lang='lat' dir='ltr'><strong>deret,</strong></span> <span class='ocrx_word' id='word_1_310' title='bbox 630 3764 684 3810; x_wconf 86' lang='lat' dir='ltr'><strong>et</strong></span> <span class='ocrx_word' id='word_1_311' title='bbox 730 3752 794 3807; x_wconf 89' lang='lat' dir='ltr'><strong>ad</strong></span> <span class='ocrx_word' id='word_1_312' title='bbox 840 3762 1034 3806; x_wconf 90' lang='lat' dir='ltr'><strong>terram</strong></span> <span class='ocrx_word' id='word_1_313' title='bbox 1077 3749 1307 3805; x_wconf 90' lang='lat' dir='ltr'><strong>reductis</strong></span> <span class='ocrx_word' id='word_1_314' title='bbox 1349 3763 1495 3817; x_wconf 89' lang='lat' dir='ltr'><strong>spem</strong></span> <span class='ocrx_word' id='word_1_315' title='bbox 1545 3747 1727 3800; x_wconf 83' lang='lat' dir='ltr'><strong>salutis</strong></span> <span class='ocrx_word' id='word_1_316' title='bbox 1769 3760 1980 3800; x_wconf 88' lang='lat' dir='ltr'><strong>omnem</strong></span> 
     </span>
    </p>
   </div>
   <div class='ocr_carea' id='block_1_40' title="bbox 404 3837 1980 3917">
    <p class='ocr_par' dir='ltr' id='par_1_40' title="bbox 404 3837 1980 3917">
     <span class='ocr_line' id='line_1_40' title="bbox 404 3837 1980 3917; baseline -0.008 -18"><span class='ocrx_word' id='word_1_317' title='bbox 404 3845 783 3917; x_wconf 71' lang='lat' dir='ltr'><strong>prmsciuderct</strong></span> <span class='ocrx_word' id='word_1_318' title='bbox 802 3861 813 3896; x_wconf 91' lang='lat'>:</span> <span class='ocrx_word' id='word_1_319' title='bbox 833 3841 1077 3898; x_wconf 86' lang='lat' dir='ltr'><strong>Christus</strong></span> <span class='ocrx_word' id='word_1_320' title='bbox 1096 3851 1270 3895; x_wconf 89' lang='lat' dir='ltr'><strong>autem</strong></span> <span class='ocrx_word' id='word_1_321' title='bbox 1296 3839 1344 3894; x_wconf 87' lang='lat' dir='ltr'><strong>id</strong></span> <span class='ocrx_word' id='word_1_322' title='bbox 1364 3849 1632 3910; x_wconf 86' lang='lat' dir='ltr'><strong>arreptum</strong></span> <span class='ocrx_word' id='word_1_323' title='bbox 1665 3837 1980 3902; x_wconf 83' lang='lat' dir='ltr'><strong>itttttttttavit,</strong></span> 
     </span>
    </p>
   </div>
   <div class='ocr_carea' id='block_1_41' title="bbox 403 3928 1984 4002">
    <p class='ocr_par' dir='ltr' id='par_1_41' title="bbox 403 3928 1984 4002">
     <span class='ocr_line' id='line_1_41' title="bbox 403 3928 1984 4002; baseline -0.006 -11"><span class='ocrx_word' id='word_1_324' title='bbox 403 3946 458 3992; x_wconf 86' lang='lat' dir='ltr'><strong>et</strong></span> <span class='ocrx_word' id='word_1_325' title='bbox 496 3937 546 3991; x_wconf 91' lang='lat' dir='ltr'><strong>in</strong></span> <span class='ocrx_word' id='word_1_326' title='bbox 573 3938 762 3991; x_wconf 67' lang='lat' dir='ltr'><strong>caelum</strong></span> <span class='ocrx_word' id='word_1_327' title='bbox 797 3949 893 3988; x_wconf 87' lang='lat' dir='ltr'><strong>nos</strong></span> <span class='ocrx_word' id='word_1_328' title='bbox 926 3947 1108 3988; x_wconf 86' lang='lat' dir='ltr'><strong>rursus</strong></span> <span class='ocrx_word' id='word_1_329' title='bbox 1135 3947 1228 4002; x_wconf 91' lang='lat' dir='ltr'><strong>per</strong></span> <span class='ocrx_word' id='word_1_330' title='bbox 1257 3931 1427 4001; x_wconf 89' lang='lat' dir='ltr'><strong>ipsum</strong></span> <span class='ocrx_word' id='word_1_331' title='bbox 1458 3928 1767 3985; x_wconf 83' lang='lat' dir='ltr'><strong>introduxit.</strong></span> <span class='ocrx_word' id='word_1_332' title='bbox 1816 3928 1984 3982; x_wconf 83' lang='lat' dir='ltr'><strong>Nemo</strong></span> 
     </span>
    </p>
   </div>
   <div class='ocr_carea' id='block_1_42' title="bbox 406 4020 1987 4099">
    <p class='ocr_par' dir='ltr' id='par_1_42' title="bbox 406 4020 1987 4099">
     <span class='ocr_line' id='line_1_42' title="bbox 406 4020 1987 4099; baseline -0.007 -17"><span class='ocrx_word' id='word_1_333' title='bbox 406 4029 566 4099; x_wconf 77' lang='lat' dir='ltr'><strong>igitur</strong></span> <span class='ocrx_word' id='word_1_334' title='bbox 591 4044 687 4081; x_wconf 89' lang='lat' dir='ltr'><strong>nos</strong></span> <span class='ocrx_word' id='word_1_335' title='bbox 717 4026 950 4090; x_wconf 85' lang='lat' dir='ltr'><strong>damnet,</strong></span> <span class='ocrx_word' id='word_1_336' title='bbox 981 4023 1119 4094; x_wconf 89' lang='lat' dir='ltr'><strong>quod</strong></span> <span class='ocrx_word' id='word_1_337' title='bbox 1146 4022 1365 4077; x_wconf 88' lang='lat' dir='ltr'><strong>chorum</strong></span> <span class='ocrx_word' id='word_1_338' title='bbox 1393 4031 1447 4076; x_wconf 92' lang='lat' dir='ltr'><strong>et</strong></span> <span class='ocrx_word' id='word_1_339' title='bbox 1469 4020 1758 4076; x_wconf 80' lang='lat' dir='ltr'><strong>exercitum</strong></span> <span class='ocrx_word' id='word_1_340' title='bbox 1789 4029 1987 4092; x_wconf 77' lang='lat' dir='ltr'><strong>marty-</strong></span> 
     </span>
    </p>
   </div>
   <div class='ocr_carea' id='block_1_43' title="bbox 405 4114 1984 4190">
    <p class='ocr_par' dir='ltr' id='par_1_43' title="bbox 405 4114 1984 4190">
     <span class='ocr_line' id='line_1_43' title="bbox 405 4114 1984 4190; baseline -0.008 -13"><span class='ocrx_word' id='word_1_341' title='bbox 405 4139 522 4177; x_wconf 85' lang='lat' dir='ltr'><strong>rum</strong></span> <span class='ocrx_word' id='word_1_342' title='bbox 555 4132 748 4177; x_wconf 83' lang='lat' dir='ltr'><strong>ccetum</strong></span> <span class='ocrx_word' id='word_1_343' title='bbox 774 4119 1104 4190; x_wconf 87' lang='lat' dir='ltr'><strong>appellarim,</strong></span> <span class='ocrx_word' id='word_1_344' title='bbox 1134 4120 1329 4188; x_wconf 86' lang='lat' dir='ltr'><strong>unique</strong></span> <span class='ocrx_word' id='word_1_345' title='bbox 1355 4117 1432 4171; x_wconf 88' lang='lat' dir='ltr'><strong>rei</strong></span> <span class='ocrx_word' id='word_1_346' title='bbox 1458 4116 1723 4170; x_wconf 81' lang='lat' dir='ltr'><strong>cmttraria</strong></span> <span class='ocrx_word' id='word_1_347' title='bbox 1750 4114 1855 4169; x_wconf 94' lang='lat' dir='ltr'><strong>duo</strong></span> <span class='ocrx_word' id='word_1_348' title='bbox 1885 4129 1984 4166; x_wconf 87' lang='lat' dir='ltr'><strong>no-</strong></span> 
     </span>
    </p>
   </div>
   <div class='ocr_carea' id='block_1_44' title="bbox 408 4204 1984 4270">
    <p class='ocr_par' dir='ltr' id='par_1_44' title="bbox 408 4204 1984 4270">
     <span class='ocr_line' id='line_1_44' title="bbox 408 4204 1984 4270; baseline -0.008 -1"><span class='ocrx_word' id='word_1_349' title='bbox 408 4217 549 4270; x_wconf 88' lang='lat' dir='ltr'><strong>mina</strong></span> <span class='ocrx_word' id='word_1_350' title='bbox 598 4212 868 4268; x_wconf 86' lang='lat' dir='ltr'><strong>tribuerim</strong></span> <span class='ocrx_word' id='word_1_351' title='bbox 901 4228 913 4264; x_wconf 92' lang='lat'><strong>:</strong></span> <span class='ocrx_word' id='word_1_352' title='bbox 942 4211 1136 4264; x_wconf 88' lang='lat' dir='ltr'><strong>chorus</strong></span> <span class='ocrx_word' id='word_1_353' title='bbox 1163 4210 1302 4263; x_wconf 88' lang='lat' dir='ltr'><strong>enim</strong></span> <span class='ocrx_word' id='word_1_354' title='bbox 1343 4216 1397 4263; x_wconf 89' lang='lat' dir='ltr'><strong>et</strong></span> <span class='ocrx_word' id='word_1_355' title='bbox 1431 4207 1697 4262; x_wconf 82' lang='lat' dir='ltr'><strong>exercitus</strong></span> <span class='ocrx_word' id='word_1_356' title='bbox 1723 4204 1984 4260; x_wconf 89' lang='lat' dir='ltr'><strong>contraria</strong></span> 
     </span>
    </p>
   </div>
   <div class='ocr_carea' id='block_1_45' title="bbox 408 4291 2015 4372">
    <p class='ocr_par' dir='ltr' id='par_1_45' title="bbox 408 4291 2015 4372">
     <span class='ocr_line' id='line_1_45' title="bbox 408 4291 2015 4372; baseline -0.011 -11"><span class='ocrx_word' id='word_1_357' title='bbox 408 4316 550 4372; x_wconf 85' lang='lat' dir='ltr'><strong>sunt,</strong></span> <span class='ocrx_word' id='word_1_358' title='bbox 572 4320 756 4360; x_wconf 87' lang='lat' dir='ltr'><strong>verum</strong></span> <span class='ocrx_word' id='word_1_359' title='bbox 784 4303 869 4357; x_wconf 85' lang='lat' dir='ltr'><strong>hic</strong></span> <span class='ocrx_word' id='word_1_360' title='bbox 893 4310 1175 4370; x_wconf 89' lang='lat' dir='ltr'><strong>utrumque</strong></span> <span class='ocrx_word' id='word_1_361' title='bbox 1200 4299 1428 4354; x_wconf 73' lang='lat' dir='ltr'><strong>conluit:</strong></span> <span class='ocrx_word' id='word_1_362' title='bbox 1455 4298 1647 4353; x_wconf 89' lang='lat' dir='ltr'><strong>etenim</strong></span> <span class='ocrx_word' id='word_1_363' title='bbox 1679 4296 1826 4366; x_wconf 85' lang='lat' dir='ltr'><strong>quasi</strong></span> <span class='ocrx_word' id='word_1_364' title='bbox 1856 4291 2015 4349; x_wconf 68' lang='lat' dir='ltr'><strong>cltn-&#39;</strong></span> 
     </span>
    </p>
   </div>
   <div class='ocr_carea' id='block_1_46' title="bbox 408 4392 1987 4464">
    <p class='ocr_par' dir='ltr' id='par_1_46' title="bbox 408 4392 1987 4464">
     <span class='ocr_line' id='line_1_46' title="bbox 408 4392 1987 4464; baseline -0.009 -8"><span class='ocrx_word' id='word_1_365' title='bbox 408 4417 528 4455; x_wconf 89' lang='lat' dir='ltr'><strong>reas</strong></span> <span class='ocrx_word' id='word_1_366' title='bbox 553 4400 840 4464; x_wconf 86' lang='lat' dir='ltr'><strong>ducerent,</strong></span> <span class='ocrx_word' id='word_1_367' title='bbox 882 4394 949 4450; x_wconf 88' lang='lat' dir='ltr'><strong>ad</strong></span> <span class='ocrx_word' id='word_1_368' title='bbox 994 4403 1255 4448; x_wconf 89' lang='lat' dir='ltr'><strong>tormenta</strong></span> <span class='ocrx_word' id='word_1_369' title='bbox 1292 4408 1414 4447; x_wconf 90' lang='lat' dir='ltr'><strong>ctttn</strong></span> <span class='ocrx_word' id='word_1_370' title='bbox 1442 4392 1711 4459; x_wconf 80' lang='lat' dir='ltr'><strong>voluptate</strong></span> <span class='ocrx_word' id='word_1_371' title='bbox 1738 4402 1987 4459; x_wconf 75' lang='lat' dir='ltr'><strong>perrexe-</strong></span> 
     </span>
    </p>
   </div>
   <div class='ocr_carea' id='block_1_47' title="bbox 411 4480 1991 4558">
    <p class='ocr_par' dir='ltr' id='par_1_47' title="bbox 411 4480 1991 4558">
     <span class='ocr_line' id='line_1_47' title="bbox 411 4480 1991 4558; baseline -0.009 -10"><span class='ocrx_word' id='word_1_372' title='bbox 411 4501 555 4557; x_wconf 88' lang='lat' dir='ltr'><strong>runt,</strong></span> <span class='ocrx_word' id='word_1_373' title='bbox 583 4502 636 4546; x_wconf 89' lang='lat' dir='ltr'><strong>et</strong></span> <span class='ocrx_word' id='word_1_374' title='bbox 666 4499 933 4558; x_wconf 85' lang='lat' dir='ltr'><strong>tamquam</strong></span> <span class='ocrx_word' id='word_1_375' title='bbox 966 4485 1248 4540; x_wconf 87' lang='lat' dir='ltr'><strong>bellatores</strong></span> <span class='ocrx_word' id='word_1_376' title='bbox 1287 4498 1502 4535; x_wconf 85' lang='lat' dir='ltr'><strong>onmem</strong></span> <span class='ocrx_word' id='word_1_377' title='bbox 1541 4480 1901 4536; x_wconf 83' lang='lat' dir='ltr'><strong>fortitudinem</strong></span> <span class='ocrx_word' id='word_1_378' title='bbox 1929 4495 1991 4534; x_wconf 79' lang='lat' dir='ltr'><strong>ac</strong></span> 
     </span>
    </p>
   </div>
   <div class='ocr_carea' id='block_1_48' title="bbox 412 4571 1992 4648">
    <p class='ocr_par' dir='ltr' id='par_1_48' title="bbox 412 4571 1992 4648">
     <span class='ocr_line' id='line_1_48' title="bbox 412 4571 1992 4648; baseline -0.006 -13"><span class='ocrx_word' id='word_1_379' title='bbox 412 4584 746 4636; x_wconf 81' lang='lat' dir='ltr'><strong>tolerantiam</strong></span> <span class='ocrx_word' id='word_1_380' title='bbox 786 4594 894 4648; x_wconf 78' lang='lat' dir='ltr'><strong>pra:</strong></span> <span class='ocrx_word' id='word_1_381' title='bbox 921 4591 983 4631; x_wconf 89' lang='lat' dir='ltr'><strong>se</strong></span> <span class='ocrx_word' id='word_1_382' title='bbox 1014 4575 1277 4638; x_wconf 87' lang='lat' dir='ltr'><strong>tulerunt,</strong></span> <span class='ocrx_word' id='word_1_383' title='bbox 1302 4572 1594 4642; x_wconf 73' lang='lat' dir='ltr'><strong>hostesque</strong></span> <span class='ocrx_word' id='word_1_384' title='bbox 1624 4572 1883 4626; x_wconf 86' lang='lat' dir='ltr'><strong>vicerunt.</strong></span> <span class='ocrx_word' id='word_1_385' title='bbox 1915 4571 1992 4625; x_wconf 79' lang='lat' dir='ltr'><strong>Ac</strong></span> 
     </span>
    </p>
   </div>
   <div class='ocr_carea' id='block_1_49' title="bbox 412 4670 1989 4741">
    <p class='ocr_par' dir='ltr' id='par_1_49' title="bbox 412 4670 1989 4741">
     <span class='ocr_line' id='line_1_49' title="bbox 412 4670 1989 4741; baseline -0.007 -13"><span class='ocrx_word' id='word_1_386' title='bbox 412 4676 458 4728; x_wconf 92' lang='lat' dir='ltr'><strong>si</strong></span> <span class='ocrx_word' id='word_1_387' title='bbox 502 4688 685 4728; x_wconf 89' lang='lat' dir='ltr'><strong>eorum</strong></span> <span class='ocrx_word' id='word_1_388' title='bbox 726 4670 938 4741; x_wconf 88' lang='lat' dir='ltr'><strong>quidem</strong></span> <span class='ocrx_word' id='word_1_389' title='bbox 966 4710 980 4734; x_wconf 92' lang='lat'><strong>,</strong></span> <span class='ocrx_word' id='word_1_390' title='bbox 1022 4683 1139 4737; x_wconf 76' lang='lat' dir='ltr'><strong>qua:</strong></span> <span class='ocrx_word' id='word_1_391' title='bbox 1174 4675 1448 4736; x_wconf 89' lang='lat' dir='ltr'><strong>geruntur,</strong></span> <span class='ocrx_word' id='word_1_392' title='bbox 1480 4673 1687 4733; x_wconf 84' lang='lat' dir='ltr'><strong>spectes</strong></span> <span class='ocrx_word' id='word_1_393' title='bbox 1713 4672 1954 4718; x_wconf 75' lang='lat' dir='ltr'><strong>naturam</strong></span> <span class='ocrx_word' id='word_1_394' title='bbox 1974 4704 1989 4728; x_wconf 95' lang='lat'><strong>,</strong></span> 
     </span>
    </p>
   </div>
   <div class='ocr_carea' id='block_1_50' title="bbox 415 4756 1992 4836">
    <p class='ocr_par' dir='ltr' id='par_1_50' title="bbox 415 4756 1992 4836">
     <span class='ocr_line' id='line_1_50' title="bbox 415 4756 1992 4836; baseline -0.006 -17"><span class='ocrx_word' id='word_1_395' title='bbox 415 4779 589 4836; x_wconf 83' lang='lat' dir='ltr'><strong>pugna</strong></span> <span class='ocrx_word' id='word_1_396' title='bbox 615 4773 668 4817; x_wconf 83' lang='lat' dir='ltr'><strong>et</strong></span> <span class='ocrx_word' id='word_1_397' title='bbox 699 4763 894 4816; x_wconf 84' lang='lat' dir='ltr'><strong>bellum</strong></span> <span class='ocrx_word' id='word_1_398' title='bbox 918 4769 973 4815; x_wconf 86' lang='lat' dir='ltr'><strong>et</strong></span> <span class='ocrx_word' id='word_1_399' title='bbox 992 4760 1136 4814; x_wconf 83' lang='lat' dir='ltr'><strong>acies</strong></span> <span class='ocrx_word' id='word_1_400' title='bbox 1163 4769 1306 4822; x_wconf 89' lang='lat' dir='ltr'><strong>sunt,</strong></span> <span class='ocrx_word' id='word_1_401' title='bbox 1334 4772 1452 4826; x_wconf 70' lang='lat' dir='ltr'><strong>qua:</strong></span> <span class='ocrx_word' id='word_1_402' title='bbox 1477 4763 1732 4826; x_wconf 86' lang='lat' dir='ltr'><strong>geruntur</strong></span> <span class='ocrx_word' id='word_1_403' title='bbox 1758 4756 1871 4809; x_wconf 88' lang='lat' dir='ltr'><strong>:sin</strong></span> <span class='ocrx_word' id='word_1_404' title='bbox 1900 4770 1992 4809; x_wconf 88' lang='lat' dir='ltr'><strong>au-</strong></span> 
     </span>
    </p>
   </div>
   <div class='ocr_carea' id='block_1_51' title="bbox 416 4844 1993 4918">
    <p class='ocr_par' dir='ltr' id='par_1_51' title="bbox 416 4844 1993 4918">
     <span class='ocr_line' id='line_1_51' title="bbox 416 4844 1993 4918; baseline -0.008 -6"><span class='ocrx_word' id='word_1_405' title='bbox 416 4870 523 4913; x_wconf 89' lang='lat' dir='ltr'><strong>tem</strong></span> <span class='ocrx_word' id='word_1_406' title='bbox 564 4868 748 4908; x_wconf 90' lang='lat' dir='ltr'><strong>eorum</strong></span> <span class='ocrx_word' id='word_1_407' title='bbox 780 4861 1010 4907; x_wconf 90' lang='lat' dir='ltr'><strong>mentem</strong></span> <span class='ocrx_word' id='word_1_408' title='bbox 1058 4848 1398 4915; x_wconf 89' lang='lat' dir='ltr'><strong>consideres,</strong></span> <span class='ocrx_word' id='word_1_409' title='bbox 1435 4862 1552 4918; x_wconf 76' lang='lat' dir='ltr'><strong>qute</strong></span> <span class='ocrx_word' id='word_1_410' title='bbox 1579 4844 1748 4911; x_wconf 83' lang='lat' dir='ltr'><strong>ﬁunt,</strong></span> <span class='ocrx_word' id='word_1_411' title='bbox 1784 4845 1993 4900; x_wconf 67' lang='lat' dir='ltr'><strong>chorea:</strong></span> 
     </span>
    </p>
   </div>
   <div class='ocr_carea' id='block_1_52' title="bbox 412 4936 1990 5009">
    <p class='ocr_par' dir='ltr' id='par_1_52' title="bbox 412 4936 1990 5009">
     <span class='ocr_line' id='line_1_52' title="bbox 412 4936 1990 5009; baseline -0.01 -4"><span class='ocrx_word' id='word_1_412' title='bbox 412 4957 557 5009; x_wconf 76' lang='lat' dir='ltr'><strong>sunt,</strong></span> <span class='ocrx_word' id='word_1_413' title='bbox 585 4953 635 4999; x_wconf 92' lang='lat' dir='ltr'><strong>et</strong></span> <span class='ocrx_word' id='word_1_414' title='bbox 661 4942 922 5006; x_wconf 86' lang='lat' dir='ltr'><strong>convivia,</strong></span> <span class='ocrx_word' id='word_1_415' title='bbox 944 4955 1007 4994; x_wconf 91' lang='lat' dir='ltr'><strong>ac</strong></span> <span class='ocrx_word' id='word_1_416' title='bbox 1039 4940 1366 5004; x_wconf 83' lang='lat' dir='ltr'><strong>festivitates,</strong></span> <span class='ocrx_word' id='word_1_417' title='bbox 1389 4948 1442 4993; x_wconf 89' lang='lat' dir='ltr'><strong>et</strong></span> <span class='ocrx_word' id='word_1_418' title='bbox 1467 4939 1710 5007; x_wconf 79' lang='lat' dir='ltr'><strong>voluptas</strong></span> <span class='ocrx_word' id='word_1_419' title='bbox 1739 4936 1990 5001; x_wconf 75' lang='lat' dir='ltr'><strong>maxima,</strong></span> 
     </span>
    </p>
   </div>
   <div class='ocr_carea' id='block_1_53' title="bbox 414 5034 922 5110">
    <p class='ocr_par' dir='ltr' id='par_1_53' title="bbox 414 5034 922 5110">
     <span class='ocr_line' id='line_1_53' title="bbox 414 5034 922 5110; baseline -0.018 -16"><span class='ocrx_word' id='word_1_420' title='bbox 414 5055 532 5110; x_wconf 84' lang='lat' dir='ltr'><strong>qu:c</strong></span> <span class='ocrx_word' id='word_1_421' title='bbox 562 5034 922 5106; x_wconf 86' lang='lat' dir='ltr'><strong>perficiuntur.</strong></span> 
     </span>
    </p>
   </div>
   <div class='ocr_carea' id='block_1_54' title="bbox 483 5163 1993 5238">
    <p class='ocr_par' dir='ltr' id='par_1_54' title="bbox 483 5163 1993 5238">
     <span class='ocr_line' id='line_1_54' title="bbox 483 5163 1993 5238; baseline -0.01 -9"><span class='ocrx_word' id='word_1_422' title='bbox 483 5174 614 5229; x_wconf 85' lang='lat' dir='ltr'><strong>Cum</strong></span> <span class='ocrx_word' id='word_1_423' title='bbox 641 5166 773 5225; x_wconf 76' lang='lat' dir='ltr'><strong>bello</strong></span> <span class='ocrx_word' id='word_1_424' title='bbox 809 5173 1067 5238; x_wconf 82' lang='lat' dir='ltr'><strong>comparat</strong></span> <span class='ocrx_word' id='word_1_425' title='bbox 1112 5163 1396 5235; x_wconf 73' lang='lat' dir='ltr'><strong>llartyrum</strong></span> <span class='ocrx_word' id='word_1_426' title='bbox 1438 5172 1717 5228; x_wconf 87' lang='lat' dir='ltr'><strong>tormenta;</strong></span> <span class='ocrx_word' id='word_1_427' title='bbox 1757 5172 1993 5217; x_wconf 79' lang='lat' dir='ltr'><strong>constan-</strong></span> 
     </span>
    </p>
   </div>
   <div class='ocr_carea' id='block_1_55' title="bbox 418 5255 1994 5332">
    <p class='ocr_par' dir='ltr' id='par_1_55' title="bbox 418 5255 1994 5332">
     <span class='ocr_line' id='line_1_55' title="bbox 418 5255 1994 5332; baseline -0.006 -14"><span class='ocrx_word' id='word_1_428' title='bbox 418 5264 540 5318; x_wconf 86' lang='lat' dir='ltr'><strong>tium</strong></span> <span class='ocrx_word' id='word_1_429' title='bbox 573 5261 862 5332; x_wconf 79' lang='lat' dir='ltr'><strong>Martyrum</strong></span> <span class='ocrx_word' id='word_1_430' title='bbox 905 5257 1100 5330; x_wconf 77' lang='lat' dir='ltr'><strong>egregie</strong></span> <span class='ocrx_word' id='word_1_431' title='bbox 1132 5256 1384 5311; x_wconf 70' lang='lat' dir='ltr'><strong>describit.</strong></span> <span class='ocrx_word' id='word_1_432' title='bbox 1406 5255 1654 5310; x_wconf 79' lang='lat' dir='ltr'><strong>--\&#39;isne</strong></span> <span class='ocrx_word' id='word_1_433' title='bbox 1695 5264 1747 5310; x_wconf 87' lang='lat' dir='ltr'><strong>te</strong></span> <span class='ocrx_word' id='word_1_434' title='bbox 1775 5256 1994 5310; x_wconf 87' lang='lat' dir='ltr'><strong>doceam</strong></span> 
     </span>
    </p>
   </div>
   <div class='ocr_carea' id='block_1_56' title="bbox 421 5348 1992 5421">
    <p class='ocr_par' dir='ltr' id='par_1_56' title="bbox 421 5348 1992 5421">
     <span class='ocr_line' id='line_1_56' title="bbox 421 5348 1992 5421; baseline -0.004 -15"><span class='ocrx_word' id='word_1_435' title='bbox 421 5354 533 5407; x_wconf 68' lang='lat' dir='ltr'><strong>haec</strong></span> <span class='ocrx_word' id='word_1_436' title='bbox 560 5353 702 5406; x_wconf 85' lang='lat' dir='ltr'><strong>omni</strong></span> <span class='ocrx_word' id='word_1_437' title='bbox 734 5351 872 5405; x_wconf 83' lang='lat' dir='ltr'><strong>bello</strong></span> <span class='ocrx_word' id='word_1_438' title='bbox 910 5364 1028 5404; x_wconf 80' lang='lat' dir='ltr'><strong>esse</strong></span> <span class='ocrx_word' id='word_1_439' title='bbox 1046 5348 1407 5421; x_wconf 55' lang='lat' dir='ltr'><strong>)crribiliura,</strong></span> <span class='ocrx_word' id='word_1_440' title='bbox 1450 5359 1739 5419; x_wconf 89' lang='lat' dir='ltr'><strong>martyrum</strong></span> <span class='ocrx_word' id='word_1_441' title='bbox 1782 5348 1992 5417; x_wconf 85' lang='lat' dir='ltr'><strong>inquam</strong></span> 
     </span>
    </p>
   </div>
   <div class='ocr_carea' id='block_1_57' title="bbox 416 5438 1995 5514">
    <p class='ocr_par' dir='ltr' id='par_1_57' title="bbox 416 5438 1995 5514">
     <span class='ocr_line' id='line_1_57' title="bbox 416 5438 1995 5514; baseline -0.003 -16"><span class='ocrx_word' id='word_1_442' title='bbox 416 5459 505 5499; x_wconf 89' lang='lat' dir='ltr'><strong>res</strong></span> <span class='ocrx_word' id='word_1_443' title='bbox 532 5442 746 5514; x_wconf 83' lang='lat' dir='ltr'><strong>gestas?</strong></span> <span class='ocrx_word' id='word_1_444' title='bbox 784 5442 919 5511; x_wconf 85' lang='lat' dir='ltr'><strong>Quid</strong></span> <span class='ocrx_word' id='word_1_445' title='bbox 955 5450 1037 5495; x_wconf 69' lang='lat' dir='ltr'><strong>est</strong></span> <span class='ocrx_word' id='word_1_446' title='bbox 1058 5443 1110 5496; x_wconf 91' lang='lat' dir='ltr'><strong>in</strong></span> <span class='ocrx_word' id='word_1_447' title='bbox 1151 5438 1288 5496; x_wconf 88' lang='lat' dir='ltr'><strong>bello</strong></span> <span class='ocrx_word' id='word_1_448' title='bbox 1311 5438 1680 5495; x_wconf 87' lang='lat' dir='ltr'><strong>formidabile?</strong></span> <span class='ocrx_word' id='word_1_449' title='bbox 1718 5438 1995 5509; x_wconf 88' lang='lat' dir='ltr'><strong>Utrimque</strong></span> 
     </span>
    </p>
   </div>
   <div class='ocr_carea' id='block_1_58' title="bbox 420 5612 1999 5726">
    <p class='ocr_par' dir='ltr' id='par_1_58' title="bbox 420 5612 1999 5726">
     <span class='ocr_line' id='line_1_58' title="bbox 420 5612 1999 5726; baseline 0.004 -67"><span class='ocrx_word' id='word_1_450' title='bbox 420 5688 453 5726; x_wconf 58' lang='grc' dir='ltr'><strong>Π</strong></span> <span class='ocrx_word' id='word_1_451' title='bbox 457 5612 620 5725; x_wconf 46' lang='lat'><strong>$1122,</strong></span> <span class='ocrx_word' id='word_1_452' title='bbox 634 5614 888 5678; x_wconf 74' lang='lat' dir='ltr'><strong>splendido</strong></span> <span class='ocrx_word' id='word_1_453' title='bbox 904 5615 1150 5667; x_wconf 81' lang='lat' dir='ltr'><strong>vulnerum</strong></span> <span class='ocrx_word' id='word_1_454' title='bbox 1172 5617 1333 5680; x_wconf 78' lang='lat' dir='ltr'><strong>choro,</strong></span> <span class='ocrx_word' id='word_1_455' title='bbox 1350 5631 1459 5682; x_wconf 83' lang='lat' dir='ltr'><strong>qua:</strong></span> <span class='ocrx_word' id='word_1_456' title='bbox 1485 5617 1628 5669; x_wconf 84' lang='lat' dir='ltr'><strong>lectio</strong></span> <span class='ocrx_word' id='word_1_457' title='bbox 1649 5629 1744 5665; x_wconf 87' lang='lat' dir='ltr'><strong>non</strong></span> <span class='ocrx_word' id='word_1_458' title='bbox 1766 5625 1840 5667; x_wconf 88' lang='lat' dir='ltr'><strong>est</strong></span> <span class='ocrx_word' id='word_1_459' title='bbox 1865 5628 1999 5678; x_wconf 87' lang='lat' dir='ltr'><strong>sper-</strong></span> 
     </span>
    </p>
   </div>
   <div class='ocr_carea' id='block_1_59' title="bbox 1083 249 2890 329">
    <p class='ocr_par' dir='ltr' id='par_1_59' title="bbox 1083 249 2890 329">
     <span class='ocr_line' id='line_1_59' title="bbox 1083 249 2890 329; baseline -0.012 -1"><span class='ocrx_word' id='word_1_460' title='bbox 1083 274 1139 328; x_wconf 91' lang='lat' dir='ltr'><strong>S.</strong></span> <span class='ocrx_word' id='word_1_461' title='bbox 1181 269 1453 329; x_wconf 76' lang='lat' dir='ltr'><strong>JO.\NNIS</strong></span> <span class='ocrx_word' id='word_1_462' title='bbox 1489 260 1963 325; x_wconf 68' lang='lat' dir='ltr'><strong>CilliYSOSTOMi</strong></span> <span class='ocrx_word' id='word_1_463' title='bbox 2004 254 2320 314; x_wconf 79' lang='lat' dir='ltr'><strong>ARCHIEP.</strong></span> <span class='ocrx_word' id='word_1_464' title='bbox 2361 249 2890 311; x_wconf 77' lang='lat' dir='ltr'><strong>CONSTANTINOP.</strong></span> 
     </span>
    </p>
   </div>
   <div class='ocr_carea' id='block_1_60' title="bbox 3566 249 3694 302">
    <p class='ocr_par' dir='ltr' id='par_1_60' title="bbox 3566 249 3694 302">
     <span class='ocr_line' id='line_1_60' title="bbox 3566 249 3694 302; baseline 0 0"><span class='ocrx_word' id='word_1_465' title='bbox 3566 249 3694 302; x_wconf 69' lang='grc' dir='ltr'><strong>’ωε</strong></span> 
     </span>
    </p>
   </div>
   <div class='ocr_carea' id='block_1_61' title="bbox 2059 363 3693 439">
    <p class='ocr_par' dir='ltr' id='par_1_61' title="bbox 2059 363 3693 439">
     <span class='ocr_line' id='line_1_61' title="bbox 2059 363 3693 439; baseline -0.002 -13"><span class='ocrx_word' id='word_1_466' title='bbox 2059 363 2359 426; x_wconf 64' lang='grc' dir='ltr'><strong>ειδηιέιεῑεε</strong></span> <span class='ocrx_word' id='word_1_467' title='bbox 2383 368 2745 435; x_wconf 73' lang='lat' dir='ltr'><strong>communittn,</strong></span> <span class='ocrx_word' id='word_1_468' title='bbox 2774 368 3007 439; x_wconf 89' lang='lat' dir='ltr'><strong>undique</strong></span> <span class='ocrx_word' id='word_1_469' title='bbox 3033 368 3196 424; x_wconf 89' lang='lat' dir='ltr'><strong>armis</strong></span> <span class='ocrx_word' id='word_1_470' title='bbox 3221 367 3533 439; x_wconf 75' lang='lat' dir='ltr'><strong>fulgentes,</strong></span> <span class='ocrx_word' id='word_1_471' title='bbox 3574 379 3693 423; x_wconf 84' lang='lat' dir='ltr'><strong>ter-</strong></span> 
     </span>
    </p>
   </div>
   <div class='ocr_carea' id='block_1_62' title="bbox 2055 460 3685 533">
    <p class='ocr_par' dir='ltr' id='par_1_62' title="bbox 2055 460 3685 533">
     <span class='ocr_line' id='line_1_62' title="bbox 2055 460 3685 533; baseline -0.001 -15"><span class='ocrx_word' id='word_1_472' title='bbox 2055 478 2276 533; x_wconf 89' lang='lat' dir='ltr'><strong>ramque</strong></span> <span class='ocrx_word' id='word_1_473' title='bbox 2324 461 2607 531; x_wconf 86' lang='lat' dir='ltr'><strong>splendore</strong></span> <span class='ocrx_word' id='word_1_474' title='bbox 2649 460 3011 530; x_wconf 89' lang='lat' dir='ltr'><strong>complentes;</strong></span> <span class='ocrx_word' id='word_1_475' title='bbox 3056 461 3291 533; x_wconf 88' lang='lat' dir='ltr'><strong>undique</strong></span> <span class='ocrx_word' id='word_1_476' title='bbox 3341 460 3685 533; x_wconf 85' lang='lat' dir='ltr'><strong>jaculorum</strong></span> 
     </span>
    </p>
   </div>
   <div class='ocr_carea' id='block_1_63' title="bbox 2058 556 3687 627">
    <p class='ocr_par' dir='ltr' id='par_1_63' title="bbox 2058 556 3687 627">
     <span class='ocr_line' id='line_1_63' title="bbox 2058 556 3687 627; baseline -0.001 -16"><span class='ocrx_word' id='word_1_477' title='bbox 2058 558 2229 612; x_wconf 87' lang='lat' dir='ltr'><strong>nubes</strong></span> <span class='ocrx_word' id='word_1_478' title='bbox 2248 556 2579 624; x_wconf 89' lang='lat' dir='ltr'><strong>emittuntur,</strong></span> <span class='ocrx_word' id='word_1_479' title='bbox 2603 571 2830 627; x_wconf 90' lang='lat' dir='ltr'><strong>quorum</strong></span> <span class='ocrx_word' id='word_1_480' title='bbox 2853 557 3193 613; x_wconf 86' lang='lat' dir='ltr'><strong>multitudine</strong></span> <span class='ocrx_word' id='word_1_481' title='bbox 3211 573 3306 614; x_wconf 87' lang='lat' dir='ltr'><strong>aer</strong></span> <span class='ocrx_word' id='word_1_482' title='bbox 3326 558 3687 621; x_wconf 76' lang='lat' dir='ltr'><strong>occultatur;</strong></span> 
     </span>
    </p>
   </div>
   <div class='ocr_carea' id='block_1_64' title="bbox 2059 650 3687 719">
    <p class='ocr_par' dir='ltr' id='par_1_64' title="bbox 2059 650 3687 719">
     <span class='ocr_line' id='line_1_64' title="bbox 2059 650 3687 719; baseline 0.002 -16"><span class='ocrx_word' id='word_1_483' title='bbox 2059 657 2326 705; x_wconf 87' lang='lat' dir='ltr'><strong>torrentes</strong></span> <span class='ocrx_word' id='word_1_484' title='bbox 2351 650 2625 719; x_wconf 86' lang='lat' dir='ltr'><strong>sanguinis</strong></span> <span class='ocrx_word' id='word_1_485' title='bbox 2665 650 2716 705; x_wconf 91' lang='lat' dir='ltr'><strong>in</strong></span> <span class='ocrx_word' id='word_1_486' title='bbox 2751 661 2944 707; x_wconf 89' lang='lat' dir='ltr'><strong>terram</strong></span> <span class='ocrx_word' id='word_1_487' title='bbox 2983 653 3297 719; x_wconf 87' lang='lat' dir='ltr'><strong>volvuntur;</strong></span> <span class='ocrx_word' id='word_1_488' title='bbox 3329 652 3540 707; x_wconf 74' lang='lat' dir='ltr'><strong>multa:</strong></span> <span class='ocrx_word' id='word_1_489' title='bbox 3582 668 3687 706; x_wconf 81' lang='lat' dir='ltr'><strong>un-</strong></span> 
     </span>
    </p>
   </div>
   <div class='ocr_carea' id='block_1_65' title="bbox 2057 742 3686 818">
    <p class='ocr_par' dir='ltr' id='par_1_65' title="bbox 2057 742 3686 818">
     <span class='ocr_line' id='line_1_65' title="bbox 2057 742 3686 818; baseline 0.002 -21"><span class='ocrx_word' id='word_1_490' title='bbox 2057 742 2218 813; x_wconf 90' lang='lat' dir='ltr'><strong>dique</strong></span> <span class='ocrx_word' id='word_1_491' title='bbox 2238 751 2443 812; x_wconf 82' lang='lat' dir='ltr'><strong>strages</strong></span> <span class='ocrx_word' id='word_1_492' title='bbox 2469 752 2527 796; x_wconf 92' lang='lat' dir='ltr'><strong>ut</strong></span> <span class='ocrx_word' id='word_1_493' title='bbox 2544 752 2784 812; x_wconf 89' lang='lat' dir='ltr'><strong>segetum</strong></span> <span class='ocrx_word' id='word_1_494' title='bbox 2813 744 2864 798; x_wconf 91' lang='lat' dir='ltr'><strong>in</strong></span> <span class='ocrx_word' id='word_1_495' title='bbox 2893 759 3089 813; x_wconf 90' lang='lat' dir='ltr'><strong>messe,</strong></span> <span class='ocrx_word' id='word_1_496' title='bbox 3115 746 3186 800; x_wconf 90' lang='lat' dir='ltr'><strong>ita</strong></span> <span class='ocrx_word' id='word_1_497' title='bbox 3213 746 3483 813; x_wconf 86' lang='lat' dir='ltr'><strong>militum,</strong></span> <span class='ocrx_word' id='word_1_498' title='bbox 3519 749 3622 818; x_wconf 86' lang='lat' dir='ltr'><strong>qui</strong></span> <span class='ocrx_word' id='word_1_499' title='bbox 3654 764 3686 802; x_wconf 86' lang='lat' dir='ltr'><strong>a</strong></span> 
     </span>
    </p>
   </div>
   <div class='ocr_carea' id='block_1_66' title="bbox 2057 832 3685 911">
    <p class='ocr_par' dir='ltr' id='par_1_66' title="bbox 2057 832 3685 911">
     <span class='ocr_line' id='line_1_66' title="bbox 2057 832 3685 911; baseline 0.004 -22"><span class='ocrx_word' id='word_1_500' title='bbox 2057 848 2118 889; x_wconf 88' lang='lat' dir='ltr'><strong>se</strong></span> <span class='ocrx_word' id='word_1_501' title='bbox 2139 832 2363 888; x_wconf 87' lang='lat' dir='ltr'><strong>invicem</strong></span> <span class='ocrx_word' id='word_1_502' title='bbox 2396 842 2826 903; x_wconf 85' lang='lat' dir='ltr'><strong>prosternuntur.</strong></span> <span class='ocrx_word' id='word_1_503' title='bbox 2858 837 2971 906; x_wconf 86' lang='lat' dir='ltr'><strong>Age</strong></span> <span class='ocrx_word' id='word_1_504' title='bbox 2993 852 3120 908; x_wconf 90' lang='lat' dir='ltr'><strong>ergo</strong></span> <span class='ocrx_word' id='word_1_505' title='bbox 3141 838 3210 893; x_wconf 88' lang='lat' dir='ltr'><strong>ab</strong></span> <span class='ocrx_word' id='word_1_506' title='bbox 3231 839 3455 894; x_wconf 89' lang='lat' dir='ltr'><strong>illorum</strong></span> <span class='ocrx_word' id='word_1_507' title='bbox 3493 856 3685 911; x_wconf 79' lang='lat' dir='ltr'><strong>pugna</strong></span> 
     </span>
    </p>
   </div>
   <div class='ocr_carea' id='block_1_67' title="bbox 2060 924 3684 999">
    <p class='ocr_par' dir='ltr' id='par_1_67' title="bbox 2060 924 3684 999">
     <span class='ocr_line' id='line_1_67' title="bbox 2060 924 3684 999; baseline 0.004 -20"><span class='ocrx_word' id='word_1_508' title='bbox 2060 934 2114 980; x_wconf 90' lang='lat' dir='ltr'><strong>te</strong></span> <span class='ocrx_word' id='word_1_509' title='bbox 2142 924 2210 978; x_wconf 88' lang='lat' dir='ltr'><strong>ad</strong></span> <span class='ocrx_word' id='word_1_510' title='bbox 2236 925 2371 978; x_wconf 89' lang='lat' dir='ltr'><strong>hanc</strong></span> <span class='ocrx_word' id='word_1_511' title='bbox 2400 924 2756 980; x_wconf 83' lang='lat' dir='ltr'><strong>traducamus.</strong></span> <span class='ocrx_word' id='word_1_512' title='bbox 2793 926 2890 981; x_wconf 86' lang='lat' dir='ltr'><strong>ilic</strong></span> <span class='ocrx_word' id='word_1_513' title='bbox 2930 926 3067 982; x_wconf 73' lang='lat' dir='ltr'><strong>bina:</strong></span> <span class='ocrx_word' id='word_1_514' title='bbox 3093 943 3307 999; x_wconf 88' lang='lat' dir='ltr'><strong>quoque</strong></span> <span class='ocrx_word' id='word_1_515' title='bbox 3335 941 3473 984; x_wconf 80' lang='lat' dir='ltr'><strong>sunt</strong></span> <span class='ocrx_word' id='word_1_516' title='bbox 3501 931 3684 993; x_wconf 77' lang='lat' dir='ltr'><strong>acies.</strong></span> 
     </span>
    </p>
   </div>
   <div class='ocr_carea' id='block_1_68' title="bbox 2065 1014 3687 1090">
    <p class='ocr_par' dir='ltr' id='par_1_68' title="bbox 2065 1014 3687 1090">
     <span class='ocr_line' id='line_1_68' title="bbox 2065 1014 3687 1090; baseline 0.006 -21"><span class='ocrx_word' id='word_1_517' title='bbox 2065 1030 2167 1069; x_wconf 90' lang='lat' dir='ltr'><strong>una</strong></span> <span class='ocrx_word' id='word_1_518' title='bbox 2197 1014 2410 1085; x_wconf 89' lang='lat' dir='ltr'><strong>quidem</strong></span> <span class='ocrx_word' id='word_1_519' title='bbox 2461 1025 2773 1086; x_wconf 85' lang='lat' dir='ltr'><strong>martyrum,</strong></span> <span class='ocrx_word' id='word_1_520' title='bbox 2806 1018 2972 1071; x_wconf 89' lang='lat' dir='ltr'><strong>altera</strong></span> <span class='ocrx_word' id='word_1_521' title='bbox 3005 1034 3136 1073; x_wconf 85' lang='lat' dir='ltr'><strong>vero</strong></span> <span class='ocrx_word' id='word_1_522' title='bbox 3161 1028 3538 1090; x_wconf 83' lang='lat' dir='ltr'><strong>tyrannorum</strong></span> <span class='ocrx_word' id='word_1_523' title='bbox 3572 1041 3591 1076; x_wconf 91' lang='lat'><strong><em>:</em></strong></span> <span class='ocrx_word' id='word_1_524' title='bbox 3620 1040 3687 1079; x_wconf 79' lang='lat' dir='ltr'><strong>ac</strong></span> 
     </span>
    </p>
   </div>
   <div class='ocr_carea' id='block_1_69' title="bbox 2060 1105 3685 1181">
    <p class='ocr_par' dir='ltr' id='par_1_69' title="bbox 2060 1105 3685 1181">
     <span class='ocr_line' id='line_1_69' title="bbox 2060 1105 3685 1181; baseline 0.005 -23"><span class='ocrx_word' id='word_1_525' title='bbox 2060 1106 2271 1177; x_wconf 84' lang='lat' dir='ltr'><strong>tyranni</strong></span> <span class='ocrx_word' id='word_1_526' title='bbox 2315 1105 2529 1175; x_wconf 88' lang='lat' dir='ltr'><strong>quidem</strong></span> <span class='ocrx_word' id='word_1_527' title='bbox 2569 1107 2758 1161; x_wconf 78' lang='lat' dir='ltr'><strong>annali</strong></span> <span class='ocrx_word' id='word_1_528' title='bbox 2798 1118 2941 1171; x_wconf 89' lang='lat' dir='ltr'><strong>sunt,</strong></span> <span class='ocrx_word' id='word_1_529' title='bbox 2995 1120 3262 1181; x_wconf 87' lang='lat' dir='ltr'><strong>martyres</strong></span> <span class='ocrx_word' id='word_1_530' title='bbox 3289 1122 3486 1167; x_wconf 88' lang='lat' dir='ltr'><strong>autem</strong></span> <span class='ocrx_word' id='word_1_531' title='bbox 3530 1116 3685 1166; x_wconf 82' lang='lat' dir='ltr'><strong>nudo</strong></span> 
     </span>
    </p>
   </div>
   <div class='ocr_carea' id='block_1_70' title="bbox 2061 1199 3681 1267">
    <p class='ocr_par' dir='ltr' id='par_1_70' title="bbox 2061 1199 3681 1267">
     <span class='ocr_line' id='line_1_70' title="bbox 2061 1199 3681 1267; baseline 0.006 -18"><span class='ocrx_word' id='word_1_532' title='bbox 2061 1206 2297 1266; x_wconf 84' lang='lat' dir='ltr'><strong>pugnant</strong></span> <span class='ocrx_word' id='word_1_533' title='bbox 2324 1211 2580 1267; x_wconf 88' lang='lat' dir='ltr'><strong>corpore;</strong></span> <span class='ocrx_word' id='word_1_534' title='bbox 2607 1199 2700 1254; x_wconf 91' lang='lat' dir='ltr'><strong>sed</strong></span> <span class='ocrx_word' id='word_1_535' title='bbox 2728 1214 2756 1253; x_wconf 91' lang='lat' dir='ltr'><strong>a</strong></span> <span class='ocrx_word' id='word_1_536' title='bbox 2784 1201 2941 1255; x_wconf 90' lang='lat' dir='ltr'><strong>nudis</strong></span> <span class='ocrx_word' id='word_1_537' title='bbox 2962 1210 3158 1265; x_wconf 87' lang='lat' dir='ltr'><strong>tamen,</strong></span> <span class='ocrx_word' id='word_1_538' title='bbox 3185 1217 3294 1257; x_wconf 90' lang='lat' dir='ltr'><strong>non</strong></span> <span class='ocrx_word' id='word_1_539' title='bbox 3322 1203 3396 1257; x_wconf 90' lang='lat' dir='ltr'><strong>ab</strong></span> <span class='ocrx_word' id='word_1_540' title='bbox 3413 1207 3681 1267; x_wconf 85' lang='lat' dir='ltr'><strong>armatis,</strong></span> 
     </span>
    </p>
   </div>
   <div class='ocr_carea' id='block_1_71' title="bbox 2063 1288 3682 1366">
    <p class='ocr_par' dir='ltr' id='par_1_71' title="bbox 2063 1288 3682 1366">
     <span class='ocr_line' id='line_1_71' title="bbox 2063 1288 3682 1366; baseline 0.006 -25"><span class='ocrx_word' id='word_1_541' title='bbox 2063 1288 2283 1342; x_wconf 81' lang='lat' dir='ltr'><strong>victoria</strong></span> <span class='ocrx_word' id='word_1_542' title='bbox 2312 1298 2632 1358; x_wconf 85' lang='lat' dir='ltr'><strong>reportatur.</strong></span> <span class='ocrx_word' id='word_1_543' title='bbox 2661 1289 2794 1356; x_wconf 87' lang='lat' dir='ltr'><strong>Quis</strong></span> <span class='ocrx_word' id='word_1_544' title='bbox 2816 1306 2919 1346; x_wconf 88' lang='lat' dir='ltr'><strong>non</strong></span> <span class='ocrx_word' id='word_1_545' title='bbox 2951 1293 3313 1363; x_wconf 83' lang='lat' dir='ltr'><strong>Obstupescat,</strong></span> <span class='ocrx_word' id='word_1_546' title='bbox 3350 1296 3592 1366; x_wconf 85' lang='lat' dir='ltr'><strong>quando</strong></span> <span class='ocrx_word' id='word_1_547' title='bbox 3635 1299 3682 1351; x_wconf 87' lang='lat' dir='ltr'><strong>is</strong></span> 
     </span>
    </p>
   </div>
   <div class='ocr_carea' id='block_1_72' title="bbox 2065 1376 3674 1451">
    <p class='ocr_par' dir='ltr' id='par_1_72' title="bbox 2065 1376 3674 1451">
     <span class='ocr_line' id='line_1_72' title="bbox 2065 1376 3674 1451; baseline 0.006 -18"><span class='ocrx_word' id='word_1_548' title='bbox 2065 1380 2156 1448; x_wconf 88' lang='lat' dir='ltr'><strong>qui</strong></span> <span class='ocrx_word' id='word_1_549' title='bbox 2186 1380 2348 1450; x_wconf 84' lang='lat' dir='ltr'><strong>virgis</strong></span> <span class='ocrx_word' id='word_1_550' title='bbox 2376 1381 2616 1444; x_wconf 74' lang='lat' dir='ltr'><strong>czeditur.</strong></span> <span class='ocrx_word' id='word_1_551' title='bbox 2642 1382 2934 1438; x_wconf 65' lang='lat' dir='ltr'><strong>caedentem</strong></span> <span class='ocrx_word' id='word_1_552' title='bbox 2958 1376 3140 1451; x_wconf 73' lang='lat' dir='ltr'><strong>vincit,</strong></span> <span class='ocrx_word' id='word_1_553' title='bbox 3183 1395 3238 1442; x_wconf 88' lang='lat' dir='ltr'><strong>et</strong></span> <span class='ocrx_word' id='word_1_554' title='bbox 3262 1389 3487 1442; x_wconf 75' lang='lat' dir='ltr'><strong>vinctus</strong></span> <span class='ocrx_word' id='word_1_555' title='bbox 3521 1389 3674 1443; x_wconf 81' lang='lat' dir='ltr'><strong>solu-</strong></span> 
     </span>
    </p>
   </div>
   <div class='ocr_carea' id='block_1_73' title="bbox 2065 1474 3680 1544">
    <p class='ocr_par' dir='ltr' id='par_1_73' title="bbox 2065 1474 3680 1544">
     <span class='ocr_line' id='line_1_73' title="bbox 2065 1474 3680 1544; baseline 0.006 -21"><span class='ocrx_word' id='word_1_556' title='bbox 2065 1480 2198 1537; x_wconf 92' lang='lat' dir='ltr'><strong>tum,</strong></span> <span class='ocrx_word' id='word_1_557' title='bbox 2225 1483 2444 1525; x_wconf 86' lang='lat' dir='ltr'><strong>exustus</strong></span> <span class='ocrx_word' id='word_1_558' title='bbox 2467 1481 2732 1539; x_wconf 90' lang='lat' dir='ltr'><strong>urentem,</strong></span> <span class='ocrx_word' id='word_1_559' title='bbox 2762 1483 2816 1527; x_wconf 93' lang='lat' dir='ltr'><strong>ct</strong></span> <span class='ocrx_word' id='word_1_560' title='bbox 2835 1474 2923 1544; x_wconf 91' lang='lat' dir='ltr'><strong>qui</strong></span> <span class='ocrx_word' id='word_1_561' title='bbox 2954 1476 3176 1530; x_wconf 90' lang='lat' dir='ltr'><strong>moritur</strong></span> <span class='ocrx_word' id='word_1_562' title='bbox 3206 1475 3680 1534; x_wconf 77' lang='lat' dir='ltr'><strong>iuterficicntem!</strong></span> 
     </span>
    </p>
   </div>
   <div class='ocr_carea' id='block_1_74' title="bbox 2065 1560 3679 1640">
    <p class='ocr_par' dir='ltr' id='par_1_74' title="bbox 2065 1560 3679 1640">
     <span class='ocr_line' id='line_1_74' title="bbox 2065 1560 3679 1640; baseline 0.007 -26"><span class='ocrx_word' id='word_1_563' title='bbox 2065 1560 2225 1616; x_wconf 80' lang='lat' dir='ltr'><strong>Vides</strong></span> <span class='ocrx_word' id='word_1_564' title='bbox 2255 1571 2312 1616; x_wconf 91' lang='lat' dir='ltr'><strong>ut</strong></span> <span class='ocrx_word' id='word_1_565' title='bbox 2340 1561 2456 1616; x_wconf 62' lang='lat' dir='ltr'><strong>haec</strong></span> <span class='ocrx_word' id='word_1_566' title='bbox 2482 1563 2584 1617; x_wconf 89' lang='lat' dir='ltr'><strong>illis</strong></span> <span class='ocrx_word' id='word_1_567' title='bbox 2618 1564 2934 1620; x_wconf 85' lang='lat' dir='ltr'><strong>terribiliora</strong></span> <span class='ocrx_word' id='word_1_568' title='bbox 2967 1568 3114 1621; x_wconf 80' lang='lat' dir='ltr'><strong>sint?</strong></span> <span class='ocrx_word' id='word_1_569' title='bbox 3156 1568 3292 1623; x_wconf 89' lang='lat' dir='ltr'><strong>Nam</strong></span> <span class='ocrx_word' id='word_1_570' title='bbox 3324 1570 3421 1623; x_wconf 89' lang='lat' dir='ltr'><strong>illa</strong></span> <span class='ocrx_word' id='word_1_571' title='bbox 3445 1572 3679 1640; x_wconf 77' lang='lat' dir='ltr'><strong>quidem</strong></span> 
     </span>
    </p>
   </div>
   <div class='ocr_carea' id='block_1_75' title="bbox 2068 1653 3677 1723">
    <p class='ocr_par' dir='ltr' id='par_1_75' title="bbox 2068 1653 3677 1723">
     <span class='ocr_line' id='line_1_75' title="bbox 2068 1653 3677 1723; baseline 0.007 -18"><span class='ocrx_word' id='word_1_572' title='bbox 2068 1667 2388 1723; x_wconf 88' lang='lat' dir='ltr'><strong>quamquam</strong></span> <span class='ocrx_word' id='word_1_573' title='bbox 2417 1653 2769 1709; x_wconf 87' lang='lat' dir='ltr'><strong>formidabilia</strong></span> <span class='ocrx_word' id='word_1_574' title='bbox 2798 1666 2939 1721; x_wconf 91' lang='lat' dir='ltr'><strong>sunt,</strong></span> <span class='ocrx_word' id='word_1_575' title='bbox 2970 1666 3145 1713; x_wconf 88' lang='lat' dir='ltr'><strong>tamen</strong></span> <span class='ocrx_word' id='word_1_576' title='bbox 3186 1675 3253 1714; x_wconf 90' lang='lat' dir='ltr'><strong>ex</strong></span> <span class='ocrx_word' id='word_1_577' title='bbox 3274 1661 3479 1717; x_wconf 90' lang='lat' dir='ltr'><strong>ordine</strong></span> <span class='ocrx_word' id='word_1_578' title='bbox 3511 1673 3677 1716; x_wconf 84' lang='lat' dir='ltr'><strong>natu-</strong></span> 
     </span>
    </p>
   </div>
   <div class='ocr_carea' id='block_1_76' title="bbox 2066 1743 3679 1817">
    <p class='ocr_par' dir='ltr' id='par_1_76' title="bbox 2066 1743 3679 1817">
     <span class='ocr_line' id='line_1_76' title="bbox 2066 1743 3679 1817; baseline 0.007 -20"><span class='ocrx_word' id='word_1_579' title='bbox 2066 1758 2143 1798; x_wconf 76' lang='lat' dir='ltr'><strong>rte</strong></span> <span class='ocrx_word' id='word_1_580' title='bbox 2159 1743 2302 1812; x_wconf 74' lang='lat' dir='ltr'><strong>ﬁunt</strong></span> <span class='ocrx_word' id='word_1_581' title='bbox 2329 1760 2343 1798; x_wconf 89' lang='lat'><strong>:</strong></span> <span class='ocrx_word' id='word_1_582' title='bbox 2370 1744 2486 1799; x_wconf 70' lang='lat' dir='ltr'><strong>hare</strong></span> <span class='ocrx_word' id='word_1_583' title='bbox 2511 1755 2686 1799; x_wconf 87' lang='lat' dir='ltr'><strong>autem</strong></span> <span class='ocrx_word' id='word_1_584' title='bbox 2704 1759 3030 1817; x_wconf 78' lang='lat' dir='ltr'><strong>exsuperant</strong></span> <span class='ocrx_word' id='word_1_585' title='bbox 3060 1760 3302 1805; x_wconf 90' lang='lat' dir='ltr'><strong>naturam</strong></span> <span class='ocrx_word' id='word_1_586' title='bbox 3325 1769 3567 1809; x_wconf 84' lang='lat' dir='ltr'><strong>omnem</strong></span> <span class='ocrx_word' id='word_1_587' title='bbox 3596 1772 3679 1808; x_wconf 80' lang='lat' dir='ltr'><strong>re-</strong></span> 
     </span>
    </p>
   </div>
   <div class='ocr_carea' id='block_1_77' title="bbox 2067 1840 3676 1914">
    <p class='ocr_par' dir='ltr' id='par_1_77' title="bbox 2067 1840 3676 1914">
     <span class='ocr_line' id='line_1_77' title="bbox 2067 1840 3676 1914; baseline 0.008 -25"><span class='ocrx_word' id='word_1_588' title='bbox 2067 1850 2292 1906; x_wconf 87' lang='lat' dir='ltr'><strong>rumque</strong></span> <span class='ocrx_word' id='word_1_589' title='bbox 2316 1850 2531 1890; x_wconf 88' lang='lat' dir='ltr'><strong>omnem</strong></span> <span class='ocrx_word' id='word_1_590' title='bbox 2569 1840 3023 1908; x_wconf 87' lang='lat' dir='ltr'><strong>consequentiam,</strong></span> <span class='ocrx_word' id='word_1_591' title='bbox 3073 1850 3129 1895; x_wconf 92' lang='lat' dir='ltr'><strong>ut</strong></span> <span class='ocrx_word' id='word_1_592' title='bbox 3167 1842 3445 1914; x_wconf 83' lang='lat' dir='ltr'><strong>intelligas</strong></span> <span class='ocrx_word' id='word_1_593' title='bbox 3471 1846 3676 1902; x_wconf 72' lang='lat' dir='ltr'><strong>divinae</strong></span> 
     </span>
    </p>
   </div>
   <div class='ocr_carea' id='block_1_78' title="bbox 2069 1927 3675 2006">
    <p class='ocr_par' dir='ltr' id='par_1_78' title="bbox 2069 1927 3675 2006">
     <span class='ocr_line' id='line_1_78' title="bbox 2069 1927 3675 2006; baseline 0.007 -26"><span class='ocrx_word' id='word_1_594' title='bbox 2069 1928 2250 1996; x_wconf 76' lang='lat' dir='ltr'><strong>gratia:</strong></span> <span class='ocrx_word' id='word_1_595' title='bbox 2270 1936 2486 1998; x_wconf 86' lang='lat' dir='ltr'><strong>accepta</strong></span> <span class='ocrx_word' id='word_1_596' title='bbox 2506 1927 2722 1984; x_wconf 89' lang='lat' dir='ltr'><strong>ferenda</strong></span> <span class='ocrx_word' id='word_1_597' title='bbox 2752 1944 2890 1995; x_wconf 86' lang='lat' dir='ltr'><strong>esse,</strong></span> <span class='ocrx_word' id='word_1_598' title='bbox 2923 1947 3040 2000; x_wconf 79' lang='lat' dir='ltr'><strong>qua:</strong></span> <span class='ocrx_word' id='word_1_599' title='bbox 3068 1931 3151 1987; x_wconf 87' lang='lat' dir='ltr'><strong>hic</strong></span> <span class='ocrx_word' id='word_1_600' title='bbox 3175 1948 3298 1987; x_wconf 92' lang='lat' dir='ltr'><strong>cum</strong></span> <span class='ocrx_word' id='word_1_601' title='bbox 3331 1935 3501 1989; x_wconf 84' lang='lat' dir='ltr'><strong>laude</strong></span> <span class='ocrx_word' id='word_1_602' title='bbox 3535 1953 3675 2006; x_wconf 80' lang='lat' dir='ltr'><strong>prae-</strong></span> 
     </span>
    </p>
   </div>
   <div class='ocr_carea' id='block_1_79' title="bbox 2072 2019 3678 2097">
    <p class='ocr_par' dir='ltr' id='par_1_79' title="bbox 2072 2019 3678 2097">
     <span class='ocr_line' id='line_1_79' title="bbox 2072 2019 3678 2097; baseline 0.005 -23"><span class='ocrx_word' id='word_1_603' title='bbox 2072 2028 2298 2074; x_wconf 74' lang='lat' dir='ltr'><strong>Stantur.</strong></span> <span class='ocrx_word' id='word_1_604' title='bbox 2347 2019 2580 2075; x_wconf 86' lang='lat' dir='ltr'><strong>Tametsi</strong></span> <span class='ocrx_word' id='word_1_605' title='bbox 2606 2019 2731 2090; x_wconf 92' lang='lat' dir='ltr'><strong>quid</strong></span> <span class='ocrx_word' id='word_1_606' title='bbox 2761 2019 2879 2087; x_wconf 92' lang='lat' dir='ltr'><strong>hac,</strong></span> <span class='ocrx_word' id='word_1_607' title='bbox 2926 2036 3125 2091; x_wconf 71' lang='lat' dir='ltr'><strong>qumso,</strong></span> <span class='ocrx_word' id='word_1_608' title='bbox 3167 2039 3348 2094; x_wconf 86' lang='lat' dir='ltr'><strong>pugna</strong></span> <span class='ocrx_word' id='word_1_609' title='bbox 3388 2027 3678 2097; x_wconf 80' lang='lat' dir='ltr'><strong>iniquius!</strong></span> 
     </span>
    </p>
   </div>
   <div class='ocr_carea' id='block_1_80' title="bbox 2069 2110 3673 2183">
    <p class='ocr_par' dir='ltr' id='par_1_80' title="bbox 2069 2110 3673 2183">
     <span class='ocr_line' id='line_1_80' title="bbox 2069 2110 3673 2183; baseline 0.006 -19"><span class='ocrx_word' id='word_1_610' title='bbox 2069 2111 2193 2180; x_wconf 89' lang='lat' dir='ltr'><strong>quid</strong></span> <span class='ocrx_word' id='word_1_611' title='bbox 2211 2110 2592 2166; x_wconf 89' lang='lat' dir='ltr'><strong>certaminibus</strong></span> <span class='ocrx_word' id='word_1_612' title='bbox 2613 2111 2726 2168; x_wconf 89' lang='lat' dir='ltr'><strong>istis</strong></span> <span class='ocrx_word' id='word_1_613' title='bbox 2769 2112 3053 2183; x_wconf 85' lang='lat' dir='ltr'><strong>injustius?</strong></span> <span class='ocrx_word' id='word_1_614' title='bbox 3074 2114 3207 2169; x_wconf 87' lang='lat' dir='ltr'><strong>Nam</strong></span> <span class='ocrx_word' id='word_1_615' title='bbox 3238 2116 3292 2170; x_wconf 90' lang='lat' dir='ltr'><strong>in</strong></span> <span class='ocrx_word' id='word_1_616' title='bbox 3333 2117 3503 2172; x_wconf 84' lang='lat' dir='ltr'><strong>bellis</strong></span> <span class='ocrx_word' id='word_1_617' title='bbox 3529 2128 3673 2173; x_wconf 86' lang='lat' dir='ltr'><strong>uter-</strong></span> 
     </span>
    </p>
   </div>
   <div class='ocr_carea' id='block_1_81' title="bbox 2069 2205 3669 2275">
    <p class='ocr_par' dir='ltr' id='par_1_81' title="bbox 2069 2205 3669 2275">
     <span class='ocr_line' id='line_1_81' title="bbox 2069 2205 3669 2275; baseline 0.007 -19"><span class='ocrx_word' id='word_1_618' title='bbox 2069 2218 2175 2272; x_wconf 88' lang='lat' dir='ltr'><strong>que</strong></span> <span class='ocrx_word' id='word_1_619' title='bbox 2202 2217 2415 2270; x_wconf 89' lang='lat' dir='ltr'><strong>eorum,</strong></span> <span class='ocrx_word' id='word_1_620' title='bbox 2442 2205 2530 2273; x_wconf 89' lang='lat' dir='ltr'><strong>qui</strong></span> <span class='ocrx_word' id='word_1_621' title='bbox 2560 2215 2816 2275; x_wconf 84' lang='lat' dir='ltr'><strong>pugnant,</strong></span> <span class='ocrx_word' id='word_1_622' title='bbox 2848 2216 3118 2274; x_wconf 88' lang='lat' dir='ltr'><strong>armatur;</strong></span> <span class='ocrx_word' id='word_1_623' title='bbox 3149 2207 3237 2264; x_wconf 91' lang='lat' dir='ltr'><strong>hic</strong></span> <span class='ocrx_word' id='word_1_624' title='bbox 3274 2225 3411 2265; x_wconf 81' lang='lat' dir='ltr'><strong>vero</strong></span> <span class='ocrx_word' id='word_1_625' title='bbox 3440 2227 3554 2266; x_wconf 85' lang='lat' dir='ltr'><strong>non</strong></span> <span class='ocrx_word' id='word_1_626' title='bbox 3582 2214 3669 2274; x_wconf 84' lang='lat' dir='ltr'><strong>ita,</strong></span> 
     </span>
    </p>
   </div>
   <div class='ocr_carea' id='block_1_82' title="bbox 2070 2294 3667 2366">
    <p class='ocr_par' dir='ltr' id='par_1_82' title="bbox 2070 2294 3667 2366">
     <span class='ocr_line' id='line_1_82' title="bbox 2070 2294 3667 2366; baseline 0.008 -18"><span class='ocrx_word' id='word_1_627' title='bbox 2070 2294 2166 2349; x_wconf 88' lang='lat' dir='ltr'><strong>sed</strong></span> <span class='ocrx_word' id='word_1_628' title='bbox 2195 2295 2282 2350; x_wconf 90' lang='lat' dir='ltr'><strong>hic</strong></span> <span class='ocrx_word' id='word_1_629' title='bbox 2304 2296 2516 2366; x_wconf 88' lang='lat' dir='ltr'><strong>quidem</strong></span> <span class='ocrx_word' id='word_1_630' title='bbox 2549 2298 2722 2353; x_wconf 90' lang='lat' dir='ltr'><strong>nudus</strong></span> <span class='ocrx_word' id='word_1_631' title='bbox 2752 2307 2855 2365; x_wconf 88' lang='lat' dir='ltr'><strong>est,</strong></span> <span class='ocrx_word' id='word_1_632' title='bbox 2881 2299 2967 2355; x_wconf 90' lang='lat' dir='ltr'><strong>ille</strong></span> <span class='ocrx_word' id='word_1_633' title='bbox 2994 2315 3120 2355; x_wconf 90' lang='lat' dir='ltr'><strong>vero</strong></span> <span class='ocrx_word' id='word_1_634' title='bbox 3148 2303 3317 2358; x_wconf 89' lang='lat' dir='ltr'><strong>armis</strong></span> <span class='ocrx_word' id='word_1_635' title='bbox 3336 2311 3429 2359; x_wconf 89' lang='lat' dir='ltr'><strong>est</strong></span> <span class='ocrx_word' id='word_1_636' title='bbox 3460 2313 3667 2361; x_wconf 87' lang='lat' dir='ltr'><strong>tectus:</strong></span> 
     </span>
    </p>
   </div>
   <div class='ocr_carea' id='block_1_83' title="bbox 2073 2384 3670 2462">
    <p class='ocr_par' dir='ltr' id='par_1_83' title="bbox 2073 2384 3670 2462">
     <span class='ocr_line' id='line_1_83' title="bbox 2073 2384 3670 2462; baseline 0.008 -24"><span class='ocrx_word' id='word_1_637' title='bbox 2073 2384 2126 2439; x_wconf 90' lang='lat' dir='ltr'><strong>in</strong></span> <span class='ocrx_word' id='word_1_638' title='bbox 2174 2387 2555 2441; x_wconf 89' lang='lat' dir='ltr'><strong>certaminibus</strong></span> <span class='ocrx_word' id='word_1_639' title='bbox 2586 2403 2770 2443; x_wconf 89' lang='lat' dir='ltr'><strong>rursus</strong></span> <span class='ocrx_word' id='word_1_640' title='bbox 2809 2390 3046 2462; x_wconf 88' lang='lat' dir='ltr'><strong>utrisque</strong></span> <span class='ocrx_word' id='word_1_641' title='bbox 3087 2392 3212 2448; x_wconf 87' lang='lat' dir='ltr'><strong>licet</strong></span> <span class='ocrx_word' id='word_1_642' title='bbox 3256 2410 3461 2450; x_wconf 87' lang='lat' dir='ltr'><strong>manus</strong></span> <span class='ocrx_word' id='word_1_643' title='bbox 3485 2406 3670 2451; x_wconf 80' lang='lat' dir='ltr'><strong>contra</strong></span> 
     </span>
    </p>
   </div>
   <div class='ocr_carea' id='block_1_84' title="bbox 2076 2477 3669 2558">
    <p class='ocr_par' dir='ltr' id='par_1_84' title="bbox 2076 2477 3669 2558">
     <span class='ocr_line' id='line_1_84' title="bbox 2076 2477 3669 2558; baseline 0.009 -28"><span class='ocrx_word' id='word_1_644' title='bbox 2076 2477 2356 2544; x_wconf 88' lang='lat' dir='ltr'><strong>attollere;</strong></span> <span class='ocrx_word' id='word_1_645' title='bbox 2391 2479 2477 2534; x_wconf 86' lang='lat' dir='ltr'><strong>ltic</strong></span> <span class='ocrx_word' id='word_1_646' title='bbox 2502 2495 2627 2536; x_wconf 88' lang='lat' dir='ltr'><strong>vero</strong></span> <span class='ocrx_word' id='word_1_647' title='bbox 2653 2483 2863 2538; x_wconf 82' lang='lat' dir='ltr'><strong>vinctus</strong></span> <span class='ocrx_word' id='word_1_648' title='bbox 2901 2492 2983 2539; x_wconf 90' lang='lat' dir='ltr'><strong>est</strong></span> <span class='ocrx_word' id='word_1_649' title='bbox 3018 2484 3135 2549; x_wconf 89' lang='lat' dir='ltr'><strong>iste,</strong></span> <span class='ocrx_word' id='word_1_650' title='bbox 3161 2494 3216 2539; x_wconf 88' lang='lat' dir='ltr'><strong>at</strong></span> <span class='ocrx_word' id='word_1_651' title='bbox 3244 2486 3338 2540; x_wconf 91' lang='lat' dir='ltr'><strong>ille</strong></span> <span class='ocrx_word' id='word_1_652' title='bbox 3357 2502 3490 2543; x_wconf 89' lang='lat' dir='ltr'><strong>cum</strong></span> <span class='ocrx_word' id='word_1_653' title='bbox 3520 2498 3669 2558; x_wconf 81' lang='lat' dir='ltr'><strong>pote-</strong></span> 
     </span>
    </p>
   </div>
   <div class='ocr_carea' id='block_1_85' title="bbox 2073 2570 3670 2650">
    <p class='ocr_par' dir='ltr' id='par_1_85' title="bbox 2073 2570 3670 2650">
     <span class='ocr_line' id='line_1_85' title="bbox 2073 2570 3670 2650; baseline 0.009 -28"><span class='ocrx_word' id='word_1_654' title='bbox 2073 2577 2210 2625; x_wconf 88' lang='lat' dir='ltr'><strong>state</strong></span> <span class='ocrx_word' id='word_1_655' title='bbox 2240 2570 2375 2625; x_wconf 89' lang='lat' dir='ltr'><strong>ictus</strong></span> <span class='ocrx_word' id='word_1_656' title='bbox 2402 2570 2603 2642; x_wconf 84' lang='lat' dir='ltr'><strong>infligit,</strong></span> <span class='ocrx_word' id='word_1_657' title='bbox 2637 2582 2687 2627; x_wconf 90' lang='lat' dir='ltr'><strong>et</strong></span> <span class='ocrx_word' id='word_1_658' title='bbox 2731 2582 2998 2645; x_wconf 86' lang='lat' dir='ltr'><strong>tamquam</strong></span> <span class='ocrx_word' id='word_1_659' title='bbox 3029 2591 3093 2631; x_wconf 89' lang='lat' dir='ltr'><strong>ex</strong></span> <span class='ocrx_word' id='word_1_660' title='bbox 3125 2579 3414 2649; x_wconf 82' lang='lat' dir='ltr'><strong>tyrannide</strong></span> <span class='ocrx_word' id='word_1_661' title='bbox 3440 2580 3670 2650; x_wconf 84' lang='lat' dir='ltr'><strong>quadam</strong></span> 
     </span>
    </p>
   </div>
   <div class='ocr_carea' id='block_1_86' title="bbox 2080 2659 3673 2737">
    <p class='ocr_par' dir='ltr' id='par_1_86' title="bbox 2080 2659 3673 2737">
     <span class='ocr_line' id='line_1_86' title="bbox 2080 2659 3673 2737; baseline 0.008 -23"><span class='ocrx_word' id='word_1_662' title='bbox 2080 2659 2180 2715; x_wconf 88' lang='lat' dir='ltr'><strong>sibi</strong></span> <span class='ocrx_word' id='word_1_663' title='bbox 2210 2660 2421 2729; x_wconf 87' lang='lat' dir='ltr'><strong>quidem</strong></span> <span class='ocrx_word' id='word_1_664' title='bbox 2447 2677 2540 2717; x_wconf 89' lang='lat' dir='ltr'><strong>eas</strong></span> <span class='ocrx_word' id='word_1_665' title='bbox 2565 2672 2743 2732; x_wconf 86' lang='lat' dir='ltr'><strong>partes</strong></span> <span class='ocrx_word' id='word_1_666' title='bbox 2783 2677 3116 2722; x_wconf 89' lang='lat' dir='ltr'><strong>assumentes</strong></span> <span class='ocrx_word' id='word_1_667' title='bbox 3153 2668 3423 2737; x_wconf 62' lang='lat' dir='ltr'><strong>praesides</strong></span> <span class='ocrx_word' id='word_1_668' title='bbox 3452 2680 3512 2725; x_wconf 92' lang='lat' dir='ltr'><strong>ut</strong></span> <span class='ocrx_word' id='word_1_669' title='bbox 3537 2673 3673 2726; x_wconf 81' lang='lat' dir='ltr'><strong>male</strong></span> 
     </span>
    </p>
   </div>
   <div class='ocr_carea' id='block_1_87' title="bbox 2077 2750 3669 2829">
    <p class='ocr_par' dir='ltr' id='par_1_87' title="bbox 2077 2750 3669 2829">
     <span class='ocr_line' id='line_1_87' title="bbox 2077 2750 3669 2829; baseline 0.006 -23"><span class='ocrx_word' id='word_1_670' title='bbox 2077 2750 2294 2820; x_wconf 88' lang='lat' dir='ltr'><strong>faciant,</strong></span> <span class='ocrx_word' id='word_1_671' title='bbox 2318 2753 2477 2824; x_wconf 84' lang='lat' dir='ltr'><strong>justis</strong></span> <span class='ocrx_word' id='word_1_672' title='bbox 2504 2756 2821 2827; x_wconf 87' lang='lat' dir='ltr'><strong>martyribus</strong></span> <span class='ocrx_word' id='word_1_673' title='bbox 2841 2764 2900 2812; x_wconf 90' lang='lat' dir='ltr'><strong>ut</strong></span> <span class='ocrx_word' id='word_1_674' title='bbox 2919 2759 3056 2814; x_wconf 87' lang='lat' dir='ltr'><strong>male</strong></span> <span class='ocrx_word' id='word_1_675' title='bbox 3079 2761 3349 2829; x_wconf 89' lang='lat' dir='ltr'><strong>patiantur</strong></span> <span class='ocrx_word' id='word_1_676' title='bbox 3368 2761 3669 2817; x_wconf 73' lang='lat' dir='ltr'><strong>attribueu.</strong></span> 
     </span>
    </p>
   </div>
   <div class='ocr_carea' id='block_1_88' title="bbox 2079 2844 3671 2924">
    <p class='ocr_par' dir='ltr' id='par_1_88' title="bbox 2079 2844 3671 2924">
     <span class='ocr_line' id='line_1_88' title="bbox 2079 2844 3671 2924; baseline 0.008 -27"><span class='ocrx_word' id='word_1_677' title='bbox 2079 2850 2182 2911; x_wconf 88' lang='lat' dir='ltr'><strong>tes,</strong></span> <span class='ocrx_word' id='word_1_678' title='bbox 2206 2844 2278 2898; x_wconf 87' lang='lat' dir='ltr'><strong>ita</strong></span> <span class='ocrx_word' id='word_1_679' title='bbox 2304 2846 2725 2916; x_wconf 87' lang='lat' dir='ltr'><strong>congrediuntur</strong></span> <span class='ocrx_word' id='word_1_680' title='bbox 2767 2864 2888 2903; x_wconf 90' lang='lat' dir='ltr'><strong>cum</strong></span> <span class='ocrx_word' id='word_1_681' title='bbox 2920 2853 3140 2917; x_wconf 85' lang='lat' dir='ltr'><strong>sanctis,</strong></span> <span class='ocrx_word' id='word_1_682' title='bbox 3171 2862 3225 2908; x_wconf 92' lang='lat' dir='ltr'><strong>ct</strong></span> <span class='ocrx_word' id='word_1_683' title='bbox 3251 2870 3323 2909; x_wconf 91' lang='lat' dir='ltr'><strong>ne</strong></span> <span class='ocrx_word' id='word_1_684' title='bbox 3346 2856 3429 2909; x_wconf 91' lang='lat' dir='ltr'><strong>sic</strong></span> <span class='ocrx_word' id='word_1_685' title='bbox 3457 2857 3671 2924; x_wconf 83' lang='lat' dir='ltr'><strong>quidem</strong></span> 
     </span>
    </p>
   </div>
   <div class='ocr_carea' id='block_1_89' title="bbox 2080 2933 3667 3016">
    <p class='ocr_par' dir='ltr' id='par_1_89' title="bbox 2080 2933 3667 3016">
     <span class='ocr_line' id='line_1_89' title="bbox 2080 2933 3667 3016; baseline 0.009 -28"><span class='ocrx_word' id='word_1_686' title='bbox 2080 2933 2224 3004; x_wconf 83' lang='lat' dir='ltr'><strong>ipsos</strong></span> <span class='ocrx_word' id='word_1_687' title='bbox 2251 2948 2574 3007; x_wconf 86' lang='lat' dir='ltr'><strong>expugnant,</strong></span> <span class='ocrx_word' id='word_1_688' title='bbox 2606 2939 2698 2994; x_wconf 89' lang='lat' dir='ltr'><strong>sed</strong></span> <span class='ocrx_word' id='word_1_689' title='bbox 2730 2940 2796 2994; x_wconf 86' lang='lat' dir='ltr'><strong>ab</strong></span> <span class='ocrx_word' id='word_1_690' title='bbox 2827 2941 2925 2997; x_wconf 85' lang='lat' dir='ltr'><strong>ista</strong></span> <span class='ocrx_word' id='word_1_691' title='bbox 2952 2952 3125 3014; x_wconf 82' lang='lat' dir='ltr'><strong>pugna</strong></span> <span class='ocrx_word' id='word_1_692' title='bbox 3159 2961 3265 2999; x_wconf 91' lang='lat' dir='ltr'><strong>tam</strong></span> <span class='ocrx_word' id='word_1_693' title='bbox 3292 2947 3477 3016; x_wconf 88' lang='lat' dir='ltr'><strong>iniqua</strong></span> <span class='ocrx_word' id='word_1_694' title='bbox 3510 2963 3667 3016; x_wconf 83' lang='lat' dir='ltr'><strong>supe-</strong></span> 
     </span>
    </p>
   </div>
   <div class='ocr_carea' id='block_1_90' title="bbox 2078 3026 3669 3108">
    <p class='ocr_par' dir='ltr' id='par_1_90' title="bbox 2078 3026 3669 3108">
     <span class='ocr_line' id='line_1_90' title="bbox 2078 3026 3669 3108; baseline 0.009 -29"><span class='ocrx_word' id='word_1_695' title='bbox 2078 3027 2177 3080; x_wconf 87' lang='lat' dir='ltr'><strong>rati</strong></span> <span class='ocrx_word' id='word_1_696' title='bbox 2205 3026 2484 3083; x_wconf 84' lang='lat' dir='ltr'><strong>disccdunt</strong></span> <span class='ocrx_word' id='word_1_697' title='bbox 2518 3047 2531 3083; x_wconf 92' lang='lat'><strong>:</strong></span> <span class='ocrx_word' id='word_1_698' title='bbox 2560 3039 2720 3100; x_wconf 89' lang='lat' dir='ltr'><strong>atque</strong></span> <span class='ocrx_word' id='word_1_699' title='bbox 2762 3032 2901 3087; x_wconf 89' lang='lat' dir='ltr'><strong>idem</strong></span> <span class='ocrx_word' id='word_1_700' title='bbox 2942 3035 3136 3090; x_wconf 87' lang='lat' dir='ltr'><strong>accidit</strong></span> <span class='ocrx_word' id='word_1_701' title='bbox 3173 3050 3239 3090; x_wconf 88' lang='lat' dir='ltr'><strong>ac</strong></span> <span class='ocrx_word' id='word_1_702' title='bbox 3266 3038 3312 3090; x_wconf 90' lang='lat' dir='ltr'><strong>si</strong></span> <span class='ocrx_word' id='word_1_703' title='bbox 3343 3040 3474 3108; x_wconf 87' lang='lat' dir='ltr'><strong>quis</strong></span> <span class='ocrx_word' id='word_1_704' title='bbox 3500 3041 3669 3094; x_wconf 78' lang='lat' dir='ltr'><strong>virum</strong></span> 
     </span>
    </p>
   </div>
   <div class='ocr_carea' id='block_1_91' title="bbox 2079 3118 3667 3201">
    <p class='ocr_par' dir='ltr' id='par_1_91' title="bbox 2079 3118 3667 3201">
     <span class='ocr_line' id='line_1_91' title="bbox 2079 3118 3667 3201; baseline 0.013 -34"><span class='ocrx_word' id='word_1_705' title='bbox 2079 3118 2387 3187; x_wconf 87' lang='lat' dir='ltr'><strong>quempiam</strong></span> <span class='ocrx_word' id='word_1_706' title='bbox 2416 3119 2729 3176; x_wconf 87' lang='lat' dir='ltr'><strong>bellatorem</strong></span> <span class='ocrx_word' id='word_1_707' title='bbox 2748 3123 2800 3177; x_wconf 91' lang='lat' dir='ltr'><strong>in</strong></span> <span class='ocrx_word' id='word_1_708' title='bbox 2823 3125 3062 3195; x_wconf 72' lang='lat' dir='ltr'><strong>prndium</strong></span> <span class='ocrx_word' id='word_1_709' title='bbox 3088 3127 3336 3196; x_wconf 88' lang='lat' dir='ltr'><strong>deducat,</strong></span> <span class='ocrx_word' id='word_1_710' title='bbox 3364 3140 3425 3184; x_wconf 88' lang='lat' dir='ltr'><strong>et</strong></span> <span class='ocrx_word' id='word_1_711' title='bbox 3451 3133 3667 3201; x_wconf 63' lang='lat' dir='ltr'><strong>praxis:</strong></span> 
     </span>
    </p>
   </div>
   <div class='ocr_carea' id='block_1_92' title="bbox 2082 3207 3674 3293">
    <p class='ocr_par' dir='ltr' id='par_1_92' title="bbox 2082 3207 3674 3293">
     <span class='ocr_line' id='line_1_92' title="bbox 2082 3207 3674 3293; baseline 0.011 -33"><span class='ocrx_word' id='word_1_712' title='bbox 2082 3207 2283 3263; x_wconf 76' lang='lat' dir='ltr'><strong>lancea:</strong></span> <span class='ocrx_word' id='word_1_713' title='bbox 2327 3211 2569 3280; x_wconf 90' lang='lat' dir='ltr'><strong>cuspide,</strong></span> <span class='ocrx_word' id='word_1_714' title='bbox 2599 3213 2761 3267; x_wconf 89' lang='lat' dir='ltr'><strong>lorica</strong></span> <span class='ocrx_word' id='word_1_715' title='bbox 2790 3216 3092 3284; x_wconf 85' lang='lat' dir='ltr'><strong>spoliatum,</strong></span> <span class='ocrx_word' id='word_1_716' title='bbox 3130 3218 3273 3273; x_wconf 90' lang='lat' dir='ltr'><strong>nudo</strong></span> <span class='ocrx_word' id='word_1_717' title='bbox 3317 3234 3555 3290; x_wconf 86' lang='lat' dir='ltr'><strong>corpore</strong></span> <span class='ocrx_word' id='word_1_718' title='bbox 3582 3239 3674 3293; x_wconf 85' lang='lat' dir='ltr'><strong>pu-</strong></span> 
     </span>
    </p>
   </div>
   <div class='ocr_carea' id='block_1_93' title="bbox 2081 3299 3670 3377">
    <p class='ocr_par' dir='ltr' id='par_1_93' title="bbox 2081 3299 3670 3377">
     <span class='ocr_line' id='line_1_93' title="bbox 2081 3299 3670 3377; baseline 0.012 -28"><span class='ocrx_word' id='word_1_719' title='bbox 2081 3312 2244 3367; x_wconf 85' lang='lat' dir='ltr'><strong>gnare</strong></span> <span class='ocrx_word' id='word_1_720' title='bbox 2284 3299 2486 3368; x_wconf 88' lang='lat' dir='ltr'><strong>jnbeat,</strong></span> <span class='ocrx_word' id='word_1_721' title='bbox 2529 3302 2620 3358; x_wconf 91' lang='lat' dir='ltr'><strong>ille</strong></span> <span class='ocrx_word' id='word_1_722' title='bbox 2647 3312 2824 3359; x_wconf 89' lang='lat' dir='ltr'><strong>autem</strong></span> <span class='ocrx_word' id='word_1_723' title='bbox 2866 3306 2992 3361; x_wconf 90' lang='lat' dir='ltr'><strong>licet</strong></span> <span class='ocrx_word' id='word_1_724' title='bbox 3040 3322 3332 3376; x_wconf 89' lang='lat' dir='ltr'><strong>percussus</strong></span> <span class='ocrx_word' id='word_1_725' title='bbox 3380 3326 3450 3366; x_wconf 87' lang='lat' dir='ltr'><strong>ac</strong></span> <span class='ocrx_word' id='word_1_726' title='bbox 3491 3313 3670 3377; x_wconf 67' lang='lat' dir='ltr'><strong>lar-sus,</strong></span> 
     </span>
    </p>
   </div>
   <div class='ocr_carea' id='block_1_94' title="bbox 2083 3390 3672 3469">
    <p class='ocr_par' dir='ltr' id='par_1_94' title="bbox 2083 3390 3672 3469">
     <span class='ocr_line' id='line_1_94' title="bbox 2083 3390 3672 3469; baseline 0.012 -29"><span class='ocrx_word' id='word_1_727' title='bbox 2083 3390 2455 3461; x_wconf 76' lang='lat' dir='ltr'><strong>sexcentisque</strong></span> <span class='ocrx_word' id='word_1_728' title='bbox 2493 3391 2776 3450; x_wconf 79' lang='lat' dir='ltr'><strong>confossus</strong></span> <span class='ocrx_word' id='word_1_729' title='bbox 2819 3396 3147 3463; x_wconf 84' lang='lat' dir='ltr'><strong>vulneribus,</strong></span> <span class='ocrx_word' id='word_1_730' title='bbox 3190 3410 3455 3469; x_wconf 71' lang='lat' dir='ltr'><strong>treptcum</strong></span> <span class='ocrx_word' id='word_1_731' title='bbox 3499 3413 3672 3458; x_wconf 87' lang='lat' dir='ltr'><strong>tamen</strong></span> 
     </span>
    </p>
   </div>
   <div class='ocr_carea' id='block_1_95' title="bbox 2084 3478 3674 3562">
    <p class='ocr_par' dir='ltr' id='par_1_95' title="bbox 2084 3478 3674 3562">
     <span class='ocr_line' id='line_1_95' title="bbox 2084 3478 3674 3562; baseline 0.01 -30"><span class='ocrx_word' id='word_1_732' title='bbox 2084 3478 2273 3547; x_wconf 83' lang='lat' dir='ltr'><strong>erigat.</strong></span> <span class='ocrx_word' id='word_1_733' title='bbox 2314 3480 2572 3554; x_wconf 85' lang='lat' dir='ltr'><strong>Martyres</strong></span> <span class='ocrx_word' id='word_1_734' title='bbox 2611 3485 2752 3538; x_wconf 91' lang='lat' dir='ltr'><strong>enim</strong></span> <span class='ocrx_word' id='word_1_735' title='bbox 2802 3486 2975 3541; x_wconf 83' lang='lat' dir='ltr'><strong>nudos</strong></span> <span class='ocrx_word' id='word_1_736' title='bbox 3013 3503 3134 3543; x_wconf 91' lang='lat' dir='ltr'><strong>eum</strong></span> <span class='ocrx_word' id='word_1_737' title='bbox 3177 3489 3229 3543; x_wconf 92' lang='lat' dir='ltr'><strong>in</strong></span> <span class='ocrx_word' id='word_1_738' title='bbox 3272 3491 3512 3546; x_wconf 88' lang='lat' dir='ltr'><strong>medium</strong></span> <span class='ocrx_word' id='word_1_739' title='bbox 3559 3509 3674 3562; x_wconf 84' lang='lat' dir='ltr'><strong>pro-</strong></span> 
     </span>
    </p>
   </div>
   <div class='ocr_carea' id='block_1_96' title="bbox 2088 3573 3677 3648">
    <p class='ocr_par' dir='ltr' id='par_1_96' title="bbox 2088 3573 3677 3648">
     <span class='ocr_line' id='line_1_96' title="bbox 2088 3573 3677 3648; baseline 0.009 -25"><span class='ocrx_word' id='word_1_740' title='bbox 2088 3573 2392 3638; x_wconf 61' lang='lat' dir='ltr'><strong>traxismnt,</strong></span> <span class='ocrx_word' id='word_1_741' title='bbox 2426 3589 2488 3628; x_wconf 85' lang='lat' dir='ltr'><strong>ac</strong></span> <span class='ocrx_word' id='word_1_742' title='bbox 2514 3576 2764 3631; x_wconf 80' lang='lat' dir='ltr'><strong>revinctis</strong></span> <span class='ocrx_word' id='word_1_743' title='bbox 2797 3586 2915 3646; x_wconf 82' lang='lat' dir='ltr'><strong>post</strong></span> <span class='ocrx_word' id='word_1_744' title='bbox 2947 3587 3088 3648; x_wconf 81' lang='lat' dir='ltr'><strong>terga</strong></span> <span class='ocrx_word' id='word_1_745' title='bbox 3119 3580 3363 3635; x_wconf 73' lang='lat' dir='ltr'><strong>manibus</strong></span> <span class='ocrx_word' id='word_1_746' title='bbox 3387 3598 3489 3637; x_wconf 86' lang='lat' dir='ltr'><strong>eos</strong></span> <span class='ocrx_word' id='word_1_747' title='bbox 3518 3584 3677 3638; x_wconf 78' lang='lat' dir='ltr'><strong>unde-</strong></span> 
     </span>
    </p>
   </div>
   <div class='ocr_carea' id='block_1_97' title="bbox 2092 3666 3673 3732">
    <p class='ocr_par' dir='ltr' id='par_1_97' title="bbox 2092 3666 3673 3732">
     <span class='ocr_line' id='line_1_97' title="bbox 2092 3666 3673 3732; baseline 0.008 -18"><span class='ocrx_word' id='word_1_748' title='bbox 2092 3676 2299 3731; x_wconf 88' lang='lat' dir='ltr'><strong>quaque</strong></span> <span class='ocrx_word' id='word_1_749' title='bbox 2318 3666 2726 3732; x_wconf 76' lang='lat' dir='ltr'><strong>percussissem,</strong></span> <span class='ocrx_word' id='word_1_750' title='bbox 2750 3666 2821 3720; x_wconf 89' lang='lat' dir='ltr'><strong>ita</strong></span> <span class='ocrx_word' id='word_1_751' title='bbox 2845 3669 3189 3723; x_wconf 85' lang='lat' dir='ltr'><strong>vincebantur</strong></span> <span class='ocrx_word' id='word_1_752' title='bbox 3212 3688 3225 3724; x_wconf 92' lang='lat'>:</span> <span class='ocrx_word' id='word_1_753' title='bbox 3256 3671 3329 3725; x_wconf 86' lang='lat' dir='ltr'><strong>illi</strong></span> <span class='ocrx_word' id='word_1_754' title='bbox 3353 3683 3538 3726; x_wconf 86' lang='lat' dir='ltr'><strong>autem</strong></span> <span class='ocrx_word' id='word_1_755' title='bbox 3564 3675 3673 3727; x_wconf 84' lang='lat' dir='ltr'><strong>vul-</strong></span> 
     </span>
    </p>
   </div>
   <div class='ocr_carea' id='block_1_98' title="bbox 2090 3755 3672 3827">
    <p class='ocr_par' dir='ltr' id='par_1_98' title="bbox 2090 3755 3672 3827">
     <span class='ocr_line' id='line_1_98' title="bbox 2090 3755 3672 3827; baseline 0.01 -24"><span class='ocrx_word' id='word_1_756' title='bbox 2090 3765 2217 3805; x_wconf 88' lang='lat' dir='ltr'><strong>nera</strong></span> <span class='ocrx_word' id='word_1_757' title='bbox 2246 3767 2364 3805; x_wconf 89' lang='lat' dir='ltr'><strong>cunt</strong></span> <span class='ocrx_word' id='word_1_758' title='bbox 2394 3755 2753 3823; x_wconf 80' lang='lat' dir='ltr'><strong>excepissent,</strong></span> <span class='ocrx_word' id='word_1_759' title='bbox 2785 3766 3038 3827; x_wconf 77' lang='lat' dir='ltr'><strong>trOpautm</strong></span> <span class='ocrx_word' id='word_1_760' title='bbox 3060 3770 3243 3813; x_wconf 72' lang='lat' dir='ltr'><strong>centra</strong></span> <span class='ocrx_word' id='word_1_761' title='bbox 3271 3762 3549 3817; x_wconf 80' lang='lat' dir='ltr'><strong>diabolum</strong></span> <span class='ocrx_word' id='word_1_762' title='bbox 3570 3766 3672 3819; x_wconf 84' lang='lat' dir='ltr'><strong>eri-</strong></span> 
     </span>
    </p>
   </div>
   <div class='ocr_carea' id='block_1_99' title="bbox 2089 3828 3674 3918">
    <p class='ocr_par' dir='ltr' id='par_1_99' title="bbox 2089 3828 3674 3918">
     <span class='ocr_line' id='line_1_99' title="bbox 2089 3828 3674 3918; baseline 0.01 -25"><span class='ocrx_word' id='word_1_763' title='bbox 2089 3842 2304 3911; x_wconf 83' lang='lat' dir='ltr'><strong>gebant.</strong></span> <span class='ocrx_word' id='word_1_764' title='bbox 2339 3843 2402 3897; x_wconf 83' lang='lat' dir='ltr'><strong>Et</strong></span> <span class='ocrx_word' id='word_1_765' title='bbox 2429 3844 2873 3913; x_wconf 87' lang='lat' dir='ltr'><strong>quemadmodum</strong></span> <span class='ocrx_word' id='word_1_766' title='bbox 2904 3828 3187 3918; x_wconf 78' lang='lat' dir='ltr'><strong>percussus</strong></span> <span class='ocrx_word' id='word_1_767' title='bbox 3214 3851 3442 3907; x_wconf 86' lang='lat' dir='ltr'><strong>adamas</strong></span> <span class='ocrx_word' id='word_1_768' title='bbox 3462 3855 3674 3909; x_wconf 74' lang='lat' dir='ltr'><strong>minute</strong></span> 
     </span>
    </p>
   </div>
   <div class='ocr_carea' id='block_1_100' title="bbox 2091 3933 3676 4015">
    <p class='ocr_par' dir='ltr' id='par_1_100' title="bbox 2091 3933 3676 4015">
     <span class='ocr_line' id='line_1_100' title="bbox 2091 3933 3676 4015; baseline 0.008 -28"><span class='ocrx_word' id='word_1_769' title='bbox 2091 3933 2231 3988; x_wconf 89' lang='lat' dir='ltr'><strong>cedit</strong></span> <span class='ocrx_word' id='word_1_770' title='bbox 2268 3950 2439 4004; x_wconf 90' lang='lat' dir='ltr'><strong>neque</strong></span> <span class='ocrx_word' id='word_1_771' title='bbox 2479 3937 2767 4004; x_wconf 88' lang='lat' dir='ltr'><strong>cmollitnr,</strong></span> <span class='ocrx_word' id='word_1_772' title='bbox 2813 3940 2920 3994; x_wconf 90' lang='lat' dir='ltr'><strong>imo</strong></span> <span class='ocrx_word' id='word_1_773' title='bbox 2946 3942 3166 4001; x_wconf 38' lang='lat' dir='ltr'><strong>,l&#39;errum</strong></span> <span class='ocrx_word' id='word_1_774' title='bbox 3194 3957 3225 3996; x_wconf 91' lang='lat' dir='ltr'><strong>a</strong></span> <span class='ocrx_word' id='word_1_775' title='bbox 3255 3959 3363 4013; x_wconf 91' lang='lat' dir='ltr'><strong>quo</strong></span> <span class='ocrx_word' id='word_1_776' title='bbox 3383 3948 3676 4015; x_wconf 88' lang='lat' dir='ltr'><strong>percutitur</strong></span> 
     </span>
    </p>
   </div>
   <div class='ocr_carea' id='block_1_101' title="bbox 2092 4026 3674 4104">
    <p class='ocr_par' dir='ltr' id='par_1_101' title="bbox 2092 4026 3674 4104">
     <span class='ocr_line' id='line_1_101' title="bbox 2092 4026 3674 4104; baseline 0.008 -24"><span class='ocrx_word' id='word_1_777' title='bbox 2092 4026 2377 4098; x_wconf 85' lang='lat' dir='ltr'><strong>confringit</strong></span> <span class='ocrx_word' id='word_1_778' title='bbox 2415 4047 2428 4082; x_wconf 91' lang='lat'><strong>:</strong></span> <span class='ocrx_word' id='word_1_779' title='bbox 2475 4029 2543 4083; x_wconf 88' lang='lat' dir='ltr'><strong>ita</strong></span> <span class='ocrx_word' id='word_1_780' title='bbox 2575 4031 2824 4085; x_wconf 90' lang='lat' dir='ltr'><strong>nimirum</strong></span> <span class='ocrx_word' id='word_1_781' title='bbox 2870 4039 2929 4086; x_wconf 88' lang='lat' dir='ltr'><strong>et</strong></span> <span class='ocrx_word' id='word_1_782' title='bbox 2970 4043 3277 4089; x_wconf 85' lang='lat' dir='ltr'><strong>sanctorum</strong></span> <span class='ocrx_word' id='word_1_783' title='bbox 3310 4037 3528 4104; x_wconf 70' lang='lat' dir='ltr'><strong>animae,</strong></span> <span class='ocrx_word' id='word_1_784' title='bbox 3557 4054 3674 4093; x_wconf 84' lang='lat' dir='ltr'><strong>cum</strong></span> 
     </span>
    </p>
   </div>
   <div class='ocr_carea' id='block_1_102' title="bbox 2099 4118 3671 4197">
    <p class='ocr_par' dir='ltr' id='par_1_102' title="bbox 2099 4118 3671 4197">
     <span class='ocr_line' id='line_1_102' title="bbox 2099 4118 3671 4197; baseline 0.008 -26"><span class='ocrx_word' id='word_1_785' title='bbox 2099 4126 2204 4171; x_wconf 88' lang='lat' dir='ltr'><strong>tam</strong></span> <span class='ocrx_word' id='word_1_786' title='bbox 2235 4118 2384 4173; x_wconf 87' lang='lat' dir='ltr'><strong>mttlti</strong></span> <span class='ocrx_word' id='word_1_787' title='bbox 2417 4120 2682 4174; x_wconf 89' lang='lat' dir='ltr'><strong>cruciatus</strong></span> <span class='ocrx_word' id='word_1_788' title='bbox 2711 4121 3113 4191; x_wconf 83' lang='lat' dir='ltr'><strong>adhiberentur,</strong></span> <span class='ocrx_word' id='word_1_789' title='bbox 3149 4125 3278 4195; x_wconf 76' lang='lat' dir='ltr'><strong>ipsa:</strong></span> <span class='ocrx_word' id='word_1_790' title='bbox 3305 4127 3524 4197; x_wconf 86' lang='lat' dir='ltr'><strong>quidem</strong></span> <span class='ocrx_word' id='word_1_791' title='bbox 3548 4131 3671 4184; x_wconf 80' lang='lat' dir='ltr'><strong>nihil</strong></span> 
     </span>
    </p>
   </div>
   <div class='ocr_carea' id='block_1_103' title="bbox 2097 4211 3674 4285">
    <p class='ocr_par' dir='ltr' id='par_1_103' title="bbox 2097 4211 3674 4285">
     <span class='ocr_line' id='line_1_103' title="bbox 2097 4211 3674 4285; baseline 0.007 -24"><span class='ocrx_word' id='word_1_792' title='bbox 2097 4223 2257 4278; x_wconf 89' lang='lat' dir='ltr'><strong>grave</strong></span> <span class='ocrx_word' id='word_1_793' title='bbox 2300 4211 2659 4279; x_wconf 85' lang='lat' dir='ltr'><strong>patiebantur,</strong></span> <span class='ocrx_word' id='word_1_794' title='bbox 2690 4227 2876 4267; x_wconf 88' lang='lat' dir='ltr'><strong>eorum</strong></span> <span class='ocrx_word' id='word_1_795' title='bbox 2912 4229 3044 4268; x_wconf 80' lang='lat' dir='ltr'><strong>vero</strong></span> <span class='ocrx_word' id='word_1_796' title='bbox 3069 4230 3097 4267; x_wconf 88' lang='lat' dir='ltr'><strong>a</strong></span> <span class='ocrx_word' id='word_1_797' title='bbox 3124 4216 3314 4285; x_wconf 88' lang='lat' dir='ltr'><strong>quibus</strong></span> <span class='ocrx_word' id='word_1_798' title='bbox 3341 4219 3674 4273; x_wconf 61' lang='lat' dir='ltr'><strong>caedebantur</strong></span> 
     </span>
    </p>
   </div>
   <div class='ocr_carea' id='block_1_104' title="bbox 2099 4300 3673 4379">
    <p class='ocr_par' dir='ltr' id='par_1_104' title="bbox 2099 4300 3673 4379">
     <span class='ocr_line' id='line_1_104' title="bbox 2099 4300 3673 4379; baseline 0.008 -26"><span class='ocrx_word' id='word_1_799' title='bbox 2099 4300 2206 4354; x_wconf 85' lang='lat' dir='ltr'><strong>vim</strong></span> <span class='ocrx_word' id='word_1_800' title='bbox 2242 4316 2304 4355; x_wconf 89' lang='lat' dir='ltr'><strong>ac</strong></span> <span class='ocrx_word' id='word_1_801' title='bbox 2331 4302 2581 4357; x_wconf 88' lang='lat' dir='ltr'><strong>virtutem</strong></span> <span class='ocrx_word' id='word_1_802' title='bbox 2611 4304 2976 4374; x_wconf 86' lang='lat' dir='ltr'><strong>proliigantes,</strong></span> <span class='ocrx_word' id='word_1_803' title='bbox 3005 4308 3231 4375; x_wconf 88' lang='lat' dir='ltr'><strong>turpiter</strong></span> <span class='ocrx_word' id='word_1_804' title='bbox 3254 4317 3307 4361; x_wconf 91' lang='lat' dir='ltr'><strong>et</strong></span> <span class='ocrx_word' id='word_1_805' title='bbox 3330 4309 3673 4379; x_wconf 77' lang='lat' dir='ltr'><strong>ignominioso</strong></span> 
     </span>
    </p>
   </div>
   <div class='ocr_carea' id='block_1_105' title="bbox 2097 4391 3673 4462">
    <p class='ocr_par' dir='ltr' id='par_1_105' title="bbox 2097 4391 3673 4462">
     <span class='ocr_line' id='line_1_105' title="bbox 2097 4391 3673 4462; baseline 0.008 -16"><span class='ocrx_word' id='word_1_806' title='bbox 2097 4391 2337 4448; x_wconf 89' lang='lat' dir='ltr'><strong>devictos</strong></span> <span class='ocrx_word' id='word_1_807' title='bbox 2359 4402 2477 4462; x_wconf 86' lang='lat' dir='ltr'><strong>post</strong></span> <span class='ocrx_word' id='word_1_808' title='bbox 2516 4395 2715 4449; x_wconf 87' lang='lat' dir='ltr'><strong>multos</strong></span> <span class='ocrx_word' id='word_1_809' title='bbox 2747 4405 2801 4451; x_wconf 89' lang='lat' dir='ltr'><strong>et</strong></span> <span class='ocrx_word' id='word_1_810' title='bbox 2829 4396 3191 4454; x_wconf 87' lang='lat' dir='ltr'><strong>intolerandos</strong></span> <span class='ocrx_word' id='word_1_811' title='bbox 3216 4401 3355 4456; x_wconf 88' lang='lat' dir='ltr'><strong>ictus</strong></span> <span class='ocrx_word' id='word_1_812' title='bbox 3374 4419 3405 4457; x_wconf 89' lang='lat' dir='ltr'><strong>e</strong></span> <span class='ocrx_word' id='word_1_813' title='bbox 3432 4407 3673 4458; x_wconf 77' lang='lat' dir='ltr'><strong>certami-</strong></span> 
     </span>
    </p>
   </div>
   <div class='ocr_carea' id='block_1_106' title="bbox 2103 4483 3675 4562">
    <p class='ocr_par' dir='ltr' id='par_1_106' title="bbox 2103 4483 3675 4562">
     <span class='ocr_line' id='line_1_106' title="bbox 2103 4483 3675 4562; baseline 0.009 -27"><span class='ocrx_word' id='word_1_814' title='bbox 2103 4483 2257 4537; x_wconf 91' lang='lat' dir='ltr'><strong>nibus</strong></span> <span class='ocrx_word' id='word_1_815' title='bbox 2284 4483 2641 4539; x_wconf 87' lang='lat' dir='ltr'><strong>dimittehant.</strong></span> <span class='ocrx_word' id='word_1_816' title='bbox 2694 4486 2902 4541; x_wconf 88' lang='lat' dir='ltr'><strong>Etenim</strong></span> <span class='ocrx_word' id='word_1_817' title='bbox 2933 4488 3040 4543; x_wconf 88' lang='lat' dir='ltr'><strong>illis</strong></span> <span class='ocrx_word' id='word_1_818' title='bbox 3062 4490 3113 4545; x_wconf 89' lang='lat' dir='ltr'><strong>in</strong></span> <span class='ocrx_word' id='word_1_819' title='bbox 3143 4492 3373 4562; x_wconf 85' lang='lat' dir='ltr'><strong>eqttuleo</strong></span> <span class='ocrx_word' id='word_1_820' title='bbox 3396 4496 3589 4551; x_wconf 80' lang='lat' dir='ltr'><strong>vinctis</strong></span> <span class='ocrx_word' id='word_1_821' title='bbox 3609 4499 3675 4550; x_wconf 79' lang='lat' dir='ltr'><strong>la-</strong></span> 
     </span>
    </p>
   </div>
   <div class='ocr_carea' id='block_1_107' title="bbox 2100 4576 3675 4656">
    <p class='ocr_par' dir='ltr' id='par_1_107' title="bbox 2100 4576 3675 4656">
     <span class='ocr_line' id='line_1_107' title="bbox 2100 4576 3675 4656; baseline 0.01 -28"><span class='ocrx_word' id='word_1_822' title='bbox 2100 4588 2211 4635; x_wconf 82' lang='lat' dir='ltr'><strong>tera</strong></span> <span class='ocrx_word' id='word_1_823' title='bbox 2241 4576 2529 4640; x_wconf 87' lang='lat' dir='ltr'><strong>fodiebant,</strong></span> <span class='ocrx_word' id='word_1_824' title='bbox 2560 4578 2819 4647; x_wconf 86' lang='lat' dir='ltr'><strong>profunde</strong></span> <span class='ocrx_word' id='word_1_825' title='bbox 2853 4580 3031 4635; x_wconf 86' lang='lat' dir='ltr'><strong>sulcos</strong></span> <span class='ocrx_word' id='word_1_826' title='bbox 3075 4592 3298 4653; x_wconf 86' lang='lat' dir='ltr'><strong>agentes</strong></span> <span class='ocrx_word' id='word_1_827' title='bbox 3330 4585 3371 4651; x_wconf 77' lang='grc'><strong>⁸,</strong></span> <span class='ocrx_word' id='word_1_828' title='bbox 3403 4587 3555 4656; x_wconf 89' lang='lat' dir='ltr'><strong>quasi</strong></span> <span class='ocrx_word' id='word_1_829' title='bbox 3588 4601 3675 4643; x_wconf 80' lang='lat' dir='ltr'><strong>ter-</strong></span> 
     </span>
    </p>
   </div>
   <div class='ocr_carea' id='block_1_108' title="bbox 2102 4670 3675 4742">
    <p class='ocr_par' dir='ltr' id='par_1_108' title="bbox 2102 4670 3675 4742">
     <span class='ocr_line' id='line_1_108' title="bbox 2102 4670 3675 4742; baseline 0.01 -20"><span class='ocrx_word' id='word_1_830' title='bbox 2102 4683 2213 4722; x_wconf 86' lang='lat' dir='ltr'><strong>ram</strong></span> <span class='ocrx_word' id='word_1_831' title='bbox 2232 4676 2410 4723; x_wconf 85' lang='lat' dir='ltr'><strong>aratro</strong></span> <span class='ocrx_word' id='word_1_832' title='bbox 2431 4670 2720 4736; x_wconf 82' lang='lat' dir='ltr'><strong>sulearcnt,</strong></span> <span class='ocrx_word' id='word_1_833' title='bbox 2752 4686 2857 4726; x_wconf 88' lang='lat' dir='ltr'><strong>non</strong></span> <span class='ocrx_word' id='word_1_834' title='bbox 2884 4686 3107 4742; x_wconf 89' lang='lat' dir='ltr'><strong>corpora</strong></span> <span class='ocrx_word' id='word_1_835' title='bbox 3134 4674 3436 4731; x_wconf 88' lang='lat' dir='ltr'><strong>lacerarent</strong></span> <span class='ocrx_word' id='word_1_836' title='bbox 3464 4697 3480 4734; x_wconf 86' lang='lat'><strong>:</strong></span> <span class='ocrx_word' id='word_1_837' title='bbox 3511 4680 3675 4737; x_wconf 84' lang='lat' dir='ltr'><strong>videre</strong></span> 
     </span>
    </p>
   </div>
   <div class='ocr_carea' id='block_1_109' title="bbox 2102 4764 3672 4839">
    <p class='ocr_par' dir='ltr' id='par_1_109' title="bbox 2102 4764 3672 4839">
     <span class='ocr_line' id='line_1_109' title="bbox 2102 4764 3672 4839; baseline 0.008 -24"><span class='ocrx_word' id='word_1_838' title='bbox 2102 4770 2219 4815; x_wconf 90' lang='lat' dir='ltr'><strong>erat</strong></span> <span class='ocrx_word' id='word_1_839' title='bbox 2253 4764 2403 4814; x_wconf 91' lang='lat' dir='ltr'><strong>sinus</strong></span> <span class='ocrx_word' id='word_1_840' title='bbox 2437 4770 2672 4831; x_wconf 90' lang='lat' dir='ltr'><strong>apertos,</strong></span> <span class='ocrx_word' id='word_1_841' title='bbox 2713 4772 2951 4818; x_wconf 78' lang='lat' dir='ltr'><strong>reserata</strong></span> <span class='ocrx_word' id='word_1_842' title='bbox 2988 4766 3173 4832; x_wconf 87' lang='lat' dir='ltr'><strong>latera,</strong></span> <span class='ocrx_word' id='word_1_843' title='bbox 3204 4780 3424 4837; x_wconf 86' lang='lat' dir='ltr'><strong>pectora</strong></span> <span class='ocrx_word' id='word_1_844' title='bbox 3470 4772 3672 4839; x_wconf 76' lang='lat' dir='ltr'><strong>effossa,</strong></span> 
     </span>
    </p>
   </div>
   <div class='ocr_carea' id='block_1_110' title="bbox 2105 4851 3675 4929">
    <p class='ocr_par' dir='ltr' id='par_1_110' title="bbox 2105 4851 3675 4929">
     <span class='ocr_line' id='line_1_110' title="bbox 2105 4851 3675 4929; baseline 0.008 -25"><span class='ocrx_word' id='word_1_845' title='bbox 2105 4865 2279 4920; x_wconf 89' lang='lat' dir='ltr'><strong>neque</strong></span> <span class='ocrx_word' id='word_1_846' title='bbox 2301 4859 2476 4905; x_wconf 89' lang='lat' dir='ltr'><strong>tamen</strong></span> <span class='ocrx_word' id='word_1_847' title='bbox 2495 4866 2559 4906; x_wconf 91' lang='lat' dir='ltr'><strong>eo</strong></span> <span class='ocrx_word' id='word_1_848' title='bbox 2584 4852 2820 4907; x_wconf 88' lang='lat' dir='ltr'><strong>cruciatu</strong></span> <span class='ocrx_word' id='word_1_849' title='bbox 2842 4851 3076 4910; x_wconf 90' lang='lat' dir='ltr'><strong>furorem</strong></span> <span class='ocrx_word' id='word_1_850' title='bbox 3099 4872 3255 4911; x_wconf 90' lang='lat' dir='ltr'><strong>suum</strong></span> <span class='ocrx_word' id='word_1_851' title='bbox 3282 4860 3566 4929; x_wconf 77' lang='lat' dir='ltr'><strong>explebant</strong></span> <span class='ocrx_word' id='word_1_852' title='bbox 3584 4863 3675 4917; x_wconf 75' lang='lat' dir='ltr'><strong>illa:</strong></span> 
     </span>
    </p>
   </div>
   <div class='ocr_carea' id='block_1_111' title="bbox 2103 4942 3673 5024">
    <p class='ocr_par' dir='ltr' id='par_1_111' title="bbox 2103 4942 3673 5024">
     <span class='ocr_line' id='line_1_111' title="bbox 2103 4942 3673 5024; baseline 0.008 -27"><span class='ocrx_word' id='word_1_853' title='bbox 2103 4942 2362 5012; x_wconf 87' lang='lat' dir='ltr'><strong>sanguine</strong></span> <span class='ocrx_word' id='word_1_854' title='bbox 2393 4952 2558 5013; x_wconf 77' lang='lat' dir='ltr'><strong>pasta:</strong></span> <span class='ocrx_word' id='word_1_855' title='bbox 2606 4944 2828 5010; x_wconf 73' lang='lat' dir='ltr'><strong>bellum;</strong></span> <span class='ocrx_word' id='word_1_856' title='bbox 2881 4946 2976 5000; x_wconf 90' lang='lat' dir='ltr'><strong>sed</strong></span> <span class='ocrx_word' id='word_1_857' title='bbox 3022 4946 3336 5007; x_wconf 79' lang='lat' dir='ltr'><strong>abstractos,</strong></span> <span class='ocrx_word' id='word_1_858' title='bbox 3366 4952 3439 5006; x_wconf 88' lang='lat' dir='ltr'><strong>ab</strong></span> <span class='ocrx_word' id='word_1_859' title='bbox 3464 4956 3673 5024; x_wconf 81' lang='lat' dir='ltr'><strong>equuleo</strong></span> 
     </span>
    </p>
   </div>
   <div class='ocr_carea' id='block_1_112' title="bbox 2104 5034 3669 5104">
    <p class='ocr_par' dir='ltr' id='par_1_112' title="bbox 2104 5034 3669 5104">
     <span class='ocr_line' id='line_1_112' title="bbox 2104 5034 3669 5104; baseline 0.007 -16"><span class='ocrx_word' id='word_1_860' title='bbox 2104 5034 2357 5104; x_wconf 83' lang='lat' dir='ltr'><strong>subjectis</strong></span> <span class='ocrx_word' id='word_1_861' title='bbox 2404 5035 2724 5091; x_wconf 87' lang='lat' dir='ltr'><strong>carbonibus</strong></span> <span class='ocrx_word' id='word_1_862' title='bbox 2768 5036 2821 5090; x_wconf 88' lang='lat' dir='ltr'><strong>itt</strong></span> <span class='ocrx_word' id='word_1_863' title='bbox 2858 5037 3001 5093; x_wconf 87' lang='lat' dir='ltr'><strong>scala</strong></span> <span class='ocrx_word' id='word_1_864' title='bbox 3048 5037 3225 5095; x_wconf 88' lang='lat' dir='ltr'><strong>ferrea</strong></span> <span class='ocrx_word' id='word_1_865' title='bbox 3274 5044 3669 5101; x_wconf 79' lang='lat' dir='ltr'><strong>extendebant:</strong></span> 
     </span>
    </p>
   </div>
   <div class='ocr_carea' id='block_1_113' title="bbox 2106 5126 3676 5204">
    <p class='ocr_par' dir='ltr' id='par_1_113' title="bbox 2106 5126 3676 5204">
     <span class='ocr_line' id='line_1_113' title="bbox 2106 5126 3676 5204; baseline 0.01 -24"><span class='ocrx_word' id='word_1_866' title='bbox 2106 5137 2327 5197; x_wconf 89' lang='lat' dir='ltr'><strong>tumque</strong></span> <span class='ocrx_word' id='word_1_867' title='bbox 2351 5126 2536 5184; x_wconf 85' lang='lat' dir='ltr'><strong>videre</strong></span> <span class='ocrx_word' id='word_1_868' title='bbox 2572 5136 2689 5183; x_wconf 88' lang='lat' dir='ltr'><strong>erat</strong></span> <span class='ocrx_word' id='word_1_869' title='bbox 2724 5132 3027 5199; x_wconf 88' lang='lat' dir='ltr'><strong>spectacula</strong></span> <span class='ocrx_word' id='word_1_870' title='bbox 3055 5132 3224 5188; x_wconf 90' lang='lat' dir='ltr'><strong>multo</strong></span> <span class='ocrx_word' id='word_1_871' title='bbox 3247 5130 3515 5204; x_wconf 78' lang='lat' dir='ltr'><strong>prioribus</strong></span> <span class='ocrx_word' id='word_1_872' title='bbox 3537 5153 3676 5195; x_wconf 83' lang='lat' dir='ltr'><strong>acer-</strong></span> 
     </span>
    </p>
   </div>
   <div class='ocr_carea' id='block_1_114' title="bbox 2105 5216 3673 5295">
    <p class='ocr_par' dir='ltr' id='par_1_114' title="bbox 2105 5216 3673 5295">
     <span class='ocr_line' id='line_1_114' title="bbox 2105 5216 3673 5295; baseline 0.007 -23"><span class='ocrx_word' id='word_1_873' title='bbox 2105 5218 2276 5284; x_wconf 90' lang='lat' dir='ltr'><strong>biora,</strong></span> <span class='ocrx_word' id='word_1_874' title='bbox 2309 5216 2547 5286; x_wconf 88' lang='lat' dir='ltr'><strong>duplices</strong></span> <span class='ocrx_word' id='word_1_875' title='bbox 2591 5229 2768 5289; x_wconf 87' lang='lat' dir='ltr'><strong>guttas</strong></span> <span class='ocrx_word' id='word_1_876' title='bbox 2798 5236 2829 5276; x_wconf 90' lang='lat' dir='ltr'><strong>e</strong></span> <span class='ocrx_word' id='word_1_877' title='bbox 2873 5221 3191 5291; x_wconf 87' lang='lat' dir='ltr'><strong>corporibus</strong></span> <span class='ocrx_word' id='word_1_878' title='bbox 3231 5222 3551 5295; x_wconf 80' lang='lat' dir='ltr'><strong>defluentes,</strong></span> <span class='ocrx_word' id='word_1_879' title='bbox 3593 5229 3673 5284; x_wconf 83' lang='lat' dir='ltr'><strong>bas</strong></span> 
     </span>
    </p>
   </div>
   <div class='ocr_carea' id='block_1_115' title="bbox 2105 5308 3670 5381">
    <p class='ocr_par' dir='ltr' id='par_1_115' title="bbox 2105 5308 3670 5381">
     <span class='ocr_line' id='line_1_115' title="bbox 2105 5308 3670 5381; baseline 0.008 -19"><span class='ocrx_word' id='word_1_880' title='bbox 2105 5308 2318 5378; x_wconf 87' lang='lat' dir='ltr'><strong>quidem</strong></span> <span class='ocrx_word' id='word_1_881' title='bbox 2349 5309 2600 5365; x_wconf 88' lang='lat' dir='ltr'><strong>stillantis</strong></span> <span class='ocrx_word' id='word_1_882' title='bbox 2623 5309 2917 5381; x_wconf 88' lang='lat' dir='ltr'><strong>sanguinis,</strong></span> <span class='ocrx_word' id='word_1_883' title='bbox 2967 5312 3086 5368; x_wconf 85' lang='lat' dir='ltr'><strong>illas</strong></span> <span class='ocrx_word' id='word_1_884' title='bbox 3131 5323 3311 5370; x_wconf 88' lang='lat' dir='ltr'><strong>autem</strong></span> <span class='ocrx_word' id='word_1_885' title='bbox 3357 5321 3590 5374; x_wconf 84' lang='lat' dir='ltr'><strong>carnium</strong></span> <span class='ocrx_word' id='word_1_886' title='bbox 3617 5321 3670 5373; x_wconf 89' lang='lat' dir='ltr'><strong>li-</strong></span> 
     </span>
    </p>
   </div>
   <div class='ocr_carea' id='block_1_116' title="bbox 2106 5397 3668 5480">
    <p class='ocr_par' dir='ltr' id='par_1_116' title="bbox 2106 5397 3668 5480">
     <span class='ocr_line' id='line_1_116' title="bbox 2106 5397 3668 5480; baseline 0.004 -26"><span class='ocrx_word' id='word_1_887' title='bbox 2106 5397 2471 5469; x_wconf 84' lang='lat' dir='ltr'><strong>quefactarum</strong></span> <span class='ocrx_word' id='word_1_888' title='bbox 2505 5418 2518 5453; x_wconf 91' lang='lat'><strong>:</strong></span> <span class='ocrx_word' id='word_1_889' title='bbox 2557 5402 2729 5456; x_wconf 89' lang='lat' dir='ltr'><strong>sancti</strong></span> <span class='ocrx_word' id='word_1_890' title='bbox 2768 5417 2896 5459; x_wconf 89' lang='lat' dir='ltr'><strong>vero</strong></span> <span class='ocrx_word' id='word_1_891' title='bbox 2934 5412 3203 5475; x_wconf 88' lang='lat' dir='ltr'><strong>tamquam</strong></span> <span class='ocrx_word' id='word_1_892' title='bbox 3250 5406 3395 5462; x_wconf 89' lang='lat' dir='ltr'><strong>inter</strong></span> <span class='ocrx_word' id='word_1_893' title='bbox 3427 5423 3573 5465; x_wconf 81' lang='lat' dir='ltr'><strong>rosas</strong></span> <span class='ocrx_word' id='word_1_894' title='bbox 3601 5411 3668 5480; x_wconf 81' lang='lat' dir='ltr'><strong>ja-</strong></span> 
     </span>
    </p>
   </div>
   <div class='ocr_carea' id='block_1_117' title="bbox 2107 5494 3668 5573">
    <p class='ocr_par' dir='ltr' id='par_1_117' title="bbox 2107 5494 3668 5573">
     <span class='ocr_line' id='line_1_117' title="bbox 2107 5494 3668 5573; baseline 0.006 -26"><span class='ocrx_word' id='word_1_895' title='bbox 2107 5503 2292 5549; x_wconf 84' lang='lat' dir='ltr'><strong>ceutes</strong></span> <span class='ocrx_word' id='word_1_896' title='bbox 2318 5494 2370 5548; x_wconf 88' lang='lat' dir='ltr'><strong>in</strong></span> <span class='ocrx_word' id='word_1_897' title='bbox 2398 5494 2606 5564; x_wconf 89' lang='lat' dir='ltr'><strong>prunis,</strong></span> <span class='ocrx_word' id='word_1_898' title='bbox 2646 5496 2717 5550; x_wconf 88' lang='lat' dir='ltr'><strong>ita</strong></span> <span class='ocrx_word' id='word_1_899' title='bbox 2745 5509 2865 5551; x_wconf 93' lang='lat' dir='ltr'><strong>cum</strong></span> <span class='ocrx_word' id='word_1_900' title='bbox 2912 5497 3187 5568; x_wconf 87' lang='lat' dir='ltr'><strong>voluptate</strong></span> <span class='ocrx_word' id='word_1_901' title='bbox 3224 5515 3346 5571; x_wconf 80' lang='lat' dir='ltr'><strong>qua:</strong></span> <span class='ocrx_word' id='word_1_902' title='bbox 3373 5504 3668 5573; x_wconf 83' lang='lat' dir='ltr'><strong>gerebantur</strong></span> 
     </span>
    </p>
   </div>
   <div class='ocr_carea' id='block_1_118' title="bbox 2107 5585 2439 5655">
    <p class='ocr_par' dir='ltr' id='par_1_118' title="bbox 2107 5585 2439 5655">
     <span class='ocr_line' id='line_1_118' title="bbox 2107 5585 2439 5655; baseline -0.012 -14"><span class='ocrx_word' id='word_1_903' title='bbox 2107 5585 2439 5655; x_wconf 88' lang='lat' dir='ltr'><strong>spectabant.</strong></span> 
     </span>
    </p>
   </div>
   <div class='ocr_carea' id='block_1_119' title="bbox 2176 5695 3618 5769">
    <p class='ocr_par' dir='ltr' id='par_1_119' title="bbox 2176 5695 3618 5769">
     <span class='ocr_line' id='line_1_119' title="bbox 2176 5695 3618 5769; baseline 0.006 -22"><span class='ocrx_word' id='word_1_904' title='bbox 2176 5698 2192 5729; x_wconf 75' lang='grc'><strong>⁸</strong></span> <span class='ocrx_word' id='word_1_905' title='bbox 2228 5696 2389 5758; x_wconf 81' lang='lat' dir='ltr'><strong>Savil.,</strong></span> <span class='ocrx_word' id='word_1_906' title='bbox 2415 5695 2676 5761; x_wconf 80' lang='lat' dir='ltr'><strong>profundos</strong></span> <span class='ocrx_word' id='word_1_907' title='bbox 2699 5706 2890 5763; x_wconf 79' lang='lat' dir='ltr'><strong>agetues</strong></span> <span class='ocrx_word' id='word_1_908' title='bbox 2913 5697 2961 5751; x_wconf 83' lang='lat' dir='ltr'><strong>in</strong></span> <span class='ocrx_word' id='word_1_909' title='bbox 2984 5700 3071 5763; x_wconf 82' lang='lat' dir='ltr'><strong>eis,</strong></span> <span class='ocrx_word' id='word_1_910' title='bbox 3089 5709 3138 5753; x_wconf 84' lang='lat' dir='ltr'><strong>ut</strong></span> <span class='ocrx_word' id='word_1_911' title='bbox 3162 5702 3228 5754; x_wconf 83' lang='lat' dir='ltr'><strong>ita</strong></span> <span class='ocrx_word' id='word_1_912' title='bbox 3255 5704 3435 5769; x_wconf 80' lang='lat' dir='ltr'><strong>dicam,</strong></span> <span class='ocrx_word' id='word_1_913' title='bbox 3458 5707 3618 5759; x_wconf 64' lang='lat' dir='ltr'><strong>suam.</strong></span> 
     </span>
    </p>
   </div>
  </div>
