3800 6282
162 313 270 365 709

233 429 288 480 2.
320 430 384 480 At
410 436 462 480 tu
489 427 614 482 dum
635 428 832 484 scalam
853 429 1004 485 audis
1024 429 1272 493 ferream,
1292 429 1582 498 spirituaiis
1603 430 1743 483 illius

161 520 325 574 scala:
353 521 658 588 recordare,
679 538 837 592 quam
872 523 1168 592 patriarcha
1196 523 1326 578 vidit
1350 523 1515 578 Jacob
1545 539 1573 576 a
1603 533 1742 578 terra

162 612 214 664 in
248 611 436 664 caelum
477 623 752 667 extensam
789 632 799 664 :
841 629 936 684 per
976 614 1120 667 illam
1149 614 1323 685 angeli
1351 613 1746 669 descendebant

160 700 316 770 (Cen.
347 700 437 754 28.
474 703 586 769 13),
623 717 718 772 per
759 704 894 757 hanc
931 718 1060 758 vero
1106 715 1370 775 martyres
1403 703 1698 759 ascendunt
1729 722 1741 759 :

157 791 374 859 utrique
402 793 650 847 Dominus
682 803 765 848 est
807 795 1039 848 innixus.
1089 795 1204 849 Non
1251 795 1547 864 potuissent
1572 795 1744 850 sancti

159 881 247 934 isti
273 881 487 936 dolores
518 882 775 950 perferre,
807 885 906 938 nisi
936 884 1057 939 huic
1085 886 1247 938 innixi
1273 884 1521 939 fuissent.
1548 887 1624 939 Ac
1646 899 1742 954 per

157 974 302 1027 illam
345 974 561 1044 quidem
609 977 905 1030 ascendunt
946 987 1000 1031 et
1043 977 1374 1032 descendunt
1404 977 1616 1047 angeli:
1647 992 1746 1047 per

157 1066 295 1118 hanc
324 1081 451 1120 vero
479 1068 768 1123 ascendere
786 1079 1046 1140 martyres
1071 1071 1239 1125 cuivis
1271 1071 1606 1127 manifestum
1632 1081 1736 1129 est.

153 1156 296 1221 Quid
325 1157 434 1210 ita?
464 1157 615 1224 Quod
649 1159 725 1212 illi
756 1161 970 1229 quidem
998 1163 1046 1214 in
1071 1163 1422 1216 ministerium
1449 1173 1570 1218 sunt
1590 1163 1740 1219 missi

153 1263 366 1314 eorum,
388 1249 475 1318 qui
499 1248 850 1306 hereditatem
869 1255 1081 1321 capient
1103 1254 1288 1308 salutis
1306 1253 1489 1326 (Hebr.
1511 1256 1534 1309 ‘l
1557 1295 1570 1308 .
1607 1254 1694 1325 Μ)
1721 1274 1733 1308 :

156 1337 248 1390 isti
271 1351 397 1392 vero
420 1347 687 1408 tamquam
705 1342 919 1396 athletae
936 1351 1093 1412 atque
1114 1344 1341 1398 victores
1361 1339 1738 1400 certaminibus

153 1428 415 1482 absolhtis
453 1429 704 1500 deinceps
744 1432 810 1487 ad
856 1433 1228 1502 agonothetam
1280 1436 1586 1505 pergebant.
1630 1437 1735 1490 Vc-

153 1520 556 1580 rumenimvero
609 1539 676 1576 ne
702 1525 993 1580 oscitanter
1023 1527 1301 1582 audiamus
1329 1543 1446 1595 qum
1465 1529 1732 1594 dicuntur,

153 1611 282 1664 dum
324 1613 569 1668 audimus
607 1615 877 1683 sobjectas
926 1615 1088 1670 fuisse
1129 1620 1440 1687 corporibus
1493 1621 1735 1675 laceratis

154 1718 373 1769 prunas,
412 1704 506 1759 sed
550 1707 845 1775 cogitemus
881 1709 1087 1777 quales,
1118 1710 1202 1761 ubi
1255 1708 1417 1764 febris
1460 1727 1558 1766 nos
1583 1711 1734 1766 inva-

149 1794 305 1856 serit,
340 1795 508 1849 simus
538 1813 551 1848 :
584 1797 746 1849 vitam
771 1797 925 1853 nobis
951 1799 1289 1868 injucumiam
1311 1807 1366 1854 et
1391 1803 1733 1870 peracerbum

149 1893 419 1951 putamus,
470 1886 886 1956 ingemiscimus,
934 1889 1275 1957 impatienter
1313 1888 1556 1956 ferimus,
1600 1901 1732 1946 tam-

143 1991 311 2044 quam
343 1977 546 2044 parvuli
564 1977 791 2032 infantes
816 1978 1174 2049 indignamur,
1199 1983 1371 2050 ignem
1399 1983 1546 2037 iiium
1567 1985 1730 2039 nihilo

145 2067 414 2123 mitiorem
438 2071 676 2138 gehenna
701 2079 950 2141 putamus
985 2092 997 2126 :
1026 2084 1079 2127 at
1106 2075 1190 2128 isti
1226 2091 1331 2130 non
1365 2077 1732 2132 febreincum-

141 2159 329 2225 bente,
371 2161 465 2215 sed
493 2161 706 2215 llainma
735 2163 854 2217 illos
881 2164 1116 2234 undique
1167 2166 1464 2234 obsidente,
1497 2183 1560 2222 ac
1583 2171 1726 2223 scin-

142 2251 276 2305 tillis
302 2252 354 2305 in
386 2253 563 2307 altera
589 2255 1009 2324 prosilientibus,
1031 2266 1086 2311 et
1109 2259 1296 2327 quavis
1327 2260 1435 2314 fera
1463 2261 1729 2317 crudelius

141 2346 366 2400 vulnera
401 2348 796 2416 vellicantibus,
835 2351 1054 2420 perinde
1082 2351 1232 2421 qttasi
1278 2362 1458 2407 essent
1485 2355 1732 2409 adaman-

141 2439 261 2502 tini,
296 2449 350 2494 et
378 2440 430 2493 in
457 2441 644 2496 alienis
671 2443 767 2496 ista
807 2444 1124 2512 corporibus
1155 2447 1270 2499 fieri
1310 2457 1613 2511 cernerent,
1655 2450 1726 2503 ita

136 2549 421 2603 generose,
451 2549 513 2588 ac
559 2547 680 2588 cum
708 2551 790 2600 ea,
818 2549 935 2606 quas
965 2537 1084 2592 illos
1124 2538 1372 2604 decebat,
1408 2538 1726 2595 fortitudine

138 2627 195 2678 in
223 2625 576 2679 confessionis
601 2625 778 2680 verbis
817 2628 1251 2685 constantissime
1289 2630 1721 2699 perseverabant,

137 2727 193 2769 et
222 2717 274 2770 in
301 2717 546 2771 omnibus
588 2716 855 2772 his~malis
883 2719 1158 2785 durantes,
1191 2721 1350 2776 simul
1377 2731 1430 2776 et
1456 2722 1618 2775 animi
1641 2723 1723 2776 sui

138 2809 305 2863 robur
334 2810 585 2865 iuvictutn
626 2820 679 2864 et
713 2811 802 2865 Dei
843 2811 1069 2881 gratiam
1107 2814 1320 2883 egregie
1362 2831 1470 2885 pra:
1500 2830 1558 2870 se
1587 2817 1721 2871 fere-

134 2903 286 2958 bant.
311 2902 464 2972 Smpe
489 2903 590 2958 sub
617 2917 862 2958 auroram
888 2906 1054 2960 solem
1084 2907 1413 2962 exorientem
1436 2908 1643 2964 vidistis
1666 2917 1722 2965 et

133 2995 290 3062 quasi
341 3009 562 3050 croceos
609 2996 788 3052 radios
838 2997 1204 3053 emittentem?
1251 2999 1374 3055 talia
1414 3011 1718 3058 sanctorum

133 3094 292 3139 erant
317 3100 561 3155 corpora,
601 3087 724 3141 dum
765 3089 924 3142 veluti
965 3091 1144 3145 crocei
1188 3093 1407 3162 quidam
1442 3094 1575 3148 radii
1619 3096 1717 3150 rivi

131 3177 408 3246 sanguinis
438 3179 672 3247 undique
713 3179 817 3233 illis
845 3179 1172 3247 diffluerent,
1203 3197 1496 3251 eorumque
1523 3199 1720 3254 corpus

133 3269 326 3333 multo,
347 3284 502 3338 quam
529 3270 720 3324 ea-lum
748 3271 826 3324 soi
851 3272 985 3340 ipse,
1010 3271 1341 3339 splendidius
1371 3273 1713 3330 illustrarent.

133 3361 288 3413 llunc
331 3365 642 3428 sanguinem
693 3364 868 3433 angeli
905 3373 1222 3421 ct‘ntuentes
1274 3366 1713 3434 oblectabantur;

129 3452 406 3507 dzemones
448 3453 760 3519 horrebant,
796 3462 850 3508 et
879 3454 992 3523 ipse
1021 3455 1264 3510 diabolus
1291 3456 1570 3512 tremebat.
1601 3458 1714 3512 Non

131 3542 279 3597 enim
323 3543 538 3612 sanguis
582 3553 697 3598 erat
739 3544 1072 3613 simpliciter,
1119 3546 1208 3616 qui
1250 3547 1590 3614 cernebatur,
1620 3549 1715 3603 sed

129 3636 349 3706 sanguis
376 3637 650 3702 salutaris,
685 3639 900 3708 sanguis
927 3648 1167 3703 sanctus,
1216 3641 1432 3710 sanguis
1475 3641 1608 3696 caelo
1633 3642 1714 3696 di-

127 3745 290 3797 gnus,
321 3730 536 3799 sanguis
583 3732 671 3800 qui
701 3730 952 3801 pulchras
991 3731 1243 3787 Ecclesiae
1273 3735 1493 3788 arbores
1517 3736 1714 3804 jugitcr

130 3823 336 3890 irrigat.
368 3820 510 3876 Vidit
539 3822 680 3878 hunc
709 3825 1044 3894 sanguinem,
1093 3824 1406 3896 horruitque
1434 3827 1709 3893 diabolus;

129 3913 447 3966 recordatus
489 3922 574 3968 est
611 3915 807 3984 quippe
837 3915 1060 3970 alterius
1101 3917 1376 3986 sanguinis
1411 3917 1709 3983 Dominici;

129 4013 352 4072 propter
392 4004 540 4058 illum
585 4006 897 4074 sanguinem
939 4006 1024 4062 hic
1048 4007 1253 4062 efﬂuxit
1282 4025 1295 4060 :
1334 4024 1401 4063 ex
1435 4025 1541 4078 quo
1570 4011 1710 4065 enim

133 4094 342 4148 Domini
371 4095 514 4148 latus
544 4107 784 4164 apertum
813 4105 916 4160 est,
941 4105 1195 4152 sexcenta
1225 4097 1418 4154 deinde
1447 4100 1613 4154 latera
1636 4101 1712 4155 ef-

129 4187 274 4240 fossa
301 4188 590 4241 contueris.
633 4189 762 4256 Quis
799 4189 943 4244 enim
988 4205 1094 4243 non
1126 4206 1245 4244 cum
1270 4191 1464 4260 gaudio
1493 4207 1615 4248 sese
1645 4193 1711 4248 ad

130 4291 333 4346 agones
356 4278 487 4331 istos
514 4278 773 4334 ineundos
798 4275 1094 4333 Dominicis
1109 4281 1446 4350 passionibus
1468 4298 1709 4340 commu-

129 4370 424 4433 nicaturus,
450 4379 503 4422 et
528 4369 726 4424 Christi
755 4371 910 4424 morti
952 4372 1242 4427 conformis
1281 4372 1490 4431 futurus
1527 4378 1709 4432 accin-

125 4459 253 4528 get?
283 4459 379 4513 Est
417 4461 556 4513 enim
597 4461 866 4516 sufficiens
906 4462 1021 4516 haec
1047 4463 1360 4533 retributio,
1407 4476 1460 4522 et
1487 4470 1711 4538 amplior

130 4565 358 4615 merces,
406 4561 458 4604 et
499 4553 792 4606 certamina
835 4554 1098 4609 excedens
1140 4557 1437 4625 praemium,
1477 4560 1711 4618 velante

129 4643 430 4706 ingressum
463 4640 512 4692 in
539 4656 757 4710 regnum
792 4643 1064 4698 caelorum.
1097 4645 1176 4700 Ne
1196 4647 1352 4716 igitur
1373 4648 1706 4728 horreamus.

124 4733 254 4785 dum
287 4731 423 4785 hunc
448 4733 526 4785 vel
557 4733 702 4786 ilium
723 4749 934 4802 passum
963 4752 1083 4792 esse
1111 4741 1426 4810 martyrium
1444 4741 1705 4811 audimus;

124 4822 220 4875 sed
251 4821 579 4889 horreamus,
605 4823 728 4877 dum
767 4825 1014 4881 audimus
1038 4826 1177 4884 hunc
1217 4830 1301 4885 vel
1330 4832 1474 4886 illum
1498 4835 1707 4889 emolli-

126 4917 260 4971 tum,
301 4921 364 4961 ac
411 4915 487 4960 tot
531 4909 792 4978 tantisque
837 4913 1185 4968 certaminum
1231 4917 1463 4983 pranniis
1502 4918 1709 4988 lapsura

123 5013 263 5052 esse.

201 5088 326 5154 Qua:
345 5090 554 5158 praemia
583 5100 826 5160 martyres
863 5104 1116 5148 maneant.
1152 5095 1424 5166 Compara!
1455 5099 1708 5172 Martyres

124 5197 238 5232 cum
264 5181 487 5234 athletis.
506 5183 741 5250 -—Quod
774 5185 815 5238 si
847 5187 1052 5254 placeat
1078 5205 1160 5252 ea,
1185 5206 1300 5257 qua:
1323 5201 1440 5258 post
1468 5192 1602 5246 hanc
1627 5196 1707 5248 vi-

127 5284 233 5325 tam
257 5284 570 5342 sequuntur,
592 5277 772 5330 audire
796 5295 808 5330 :
835 5279 974 5330 nulla
1007 5295 1067 5333 ca
1097 5282 1307 5348 quidem
1341 5297 1560 5352 possunt
1584 5303 1708 5344 ora-

134 5366 276 5420 tione
306 5367 565 5422 declarari
593 5387 607 5422 :
636 5368 811 5440 Neque
838 5371 979 5426 enim
1013 5373 1184 5427 oculus
1213 5375 1354 5441 vidit,
1398 5377 1588 5446 inquit,
1618 5396 1708 5434 nc-

121 5475 217 5523 que
253 5461 392 5513 auris
433 5461 643 5526 audivit,
691 5480 847 5532 neque
886 5465 936 5517 in
973 5482 1059 5518 cor
1093 5465 1307 5520 hominis
1356 5471 1706 5539 ascenderunt,

122 5566 234 5619 qua:
267 5556 568 5622 prn'paravit
600 5555 736 5608 Deus
764 5557 824 5609 iis
845 5559 930 5626 qui
951 5558 1164 5628 diligunt
1200 5561 1341 5613 illum
1371 5562 1390 5632 (
1418 5563 1463 5615 l.
1507 5563 1623 5618 Cor.
1652 5566 1706 5619 Ξ.

123 5649 214 5706 9);
262 5644 437 5698 nullus
466 5660 622 5712 porro
651 5663 711 5700 ex
747 5645 1047 5702 hominibus
1074 5650 1206 5704 adeo
1238 5652 1399 5706 Deum
1423 5655 1610 5708 dilexit
1648 5672 1710 5710 ac

124 5745 405 5806 martyres.
452 5737 825 5797 Verumtamen
855 5757 959 5799 non
989 5742 1129 5814 quod
1162 5760 1371 5800 omnem
1414 5747 1704 5802 orationem

1325 314 1409 368 DE
1449 314 1528 370 SA
1539 313 1730 368 XCTIS
1770 309 1958 366 MART
1972 308 2003 364 ἵ
2017 310 2236 366 lliBliS.

3337 332 3439 387 710

1858 436 2195 499 mentemque
2236 442 2518 500 exsuperet
2548 444 2896 504 reposrtorum
2942 439 3205 496 bonorum
3241 452 3443 517 magni-

1859 518 2007 583 tudo,
2044 520 2165 574 ideo
2215 522 2504 586 silebimus,
2544 526 2639 579 sed
2677 538 2930 596 quantum
2971 532 3128 586 situm
3181 535 3232 590 in
3291 540 3442 594 nobis

1854 608 1956 661 erit
1987 609 2188 676 dicere,
2221 621 2273 665 et
2318 613 2368 666 in
2400 614 2548 668 vobis
2591 616 2794 683 audire,
2835 623 3145 677 conabimur
3165 626 3312 682 vobis
3339 629 3437 683 ob-

1853 713 2010 752 scure
2035 699 2421 768 demonstrare,
2453 714 2647 774 quanta
2677 707 2794 762 illos
2824 707 2893 763 ibi
2935 712 3165 783 excipiat
3214 717 3437 771 beatitu-

1851 786 1920 841 do
1949 805 1962 842 :
1989 789 2127 844 110110
2165 792 2307 846 0111111
2345 793 2418 846 1111
2462 796 2562 848 soli
2603 797 2878 852 evidenter
2915 813 3196 870 noverunt,
3241 808 3331 876 qui
3373 824 3437 864 ea

1855 879 2028 948 reipsa
2049 881 2410 950 perfruuntur.
2435 887 2718 944 Enimvero
2746 892 3030 962 perexiguo
3058 896 3272 965 quidem
3300 908 3435 954 tctu-

1852 971 1994 1038 poris
2037 985 2310 1029 momento
2350 987 2612 1050 martyres
2653 983 2834 1050 gravia
2882 984 2979 1038 ista
3019 996 3074 1040 et
3102 986 3434 1046 intoleranda

1852 1061 2124 1131 patiuntur
2155 1084 2168 1118 :
2208 1075 2483 1138 postquam
2513 1079 2690 1126 autem
2735 1073 2859 1130 hinc
2883 1079 3230 1144 excesserint,
3253 1081 3304 1134 in
3332 1097 3434 1136 cm-

1846 1150 1927 1206 los
1949 1153 2244 1209 ascendunt
2271 1158 2474 1226 angelis
2498 1159 2641 1228 ipsos
2671 1165 3112 1237 prteccdentibus,
3134 1179 3184 1223 et
3209 1171 3436 1226 archanc

1846 1244 1976 1312 geils
1997 1245 2283 1300 satellitum
2308 1265 2454 1304 more
2484 1253 2801 1320 stipantibus
2824 1274 2836 1309 :
2861 1272 2964 1311 non
2987 1263 3126 1313 enim
3161 1263 3320 1329 pudet
3339 1280 3433 1320 eos

1847 1339 2125 1393 conservis
2151 1339 2322 1394 oflicla
2347 1352 2620 1410 praestare,
2639 1347 2732 1400 sed
2754 1351 2955 1418 qumvis
2981 1355 3148 1421 parati
3171 1357 3431 1411 0111111110-

1845 1441 1962 1481 rum
1985 1443 2143 1483 causa
2170 1431 2364 1494 facere.
2397 1427 2608 1503 quando
2635 1436 2708 1490 illi
2735 1441 2934 1507 quaevis
2960 1457 3054 1510 pro
3081 1444 3304 1500 Domino
3321 1462 3430 1501 suo

1843 1517 2056 1573 Christo
2086 1535 2192 1574 non
2222 1522 2531 1579 dubitarunt
2585 1528 2838 1594 perferre.
2891 1530 3080 1588 Postea
3121 1551 3245 1591 vero
3271 1555 3426 1608 quam

1842 1611 1898 1665 in
1921 1612 2081 1667 eteius
2109 1614 2466 1680 ascenderint.
2507 1629 2703 1674 sanctre
2721 1636 2908 1678 omnes
2934 1625 3035 1679 ιιιω
3064 1628 3284 1684 virtutes
3304 1645 3430 1685 con-

1841 1713 2082 1760 currunt.
2113 1707 2165 1762 Si
2189 1709 2328 1762 enim
2358 1712 2652 1782 peregrinis
2684 1715 2898 1770 athletis
2923 1717 2976 1771 in
3005 1720 3192 1775 urbem
3229 1723 3429 1777 adven-

1845 1798 2076 1852 tantibus
2107 1801 2333 1870 popuius
2362 1804 2537 1860 omnis
2568 1805 2791 1862 conﬂuit
2821 1810 3072 1881 undique,
3099 1828 3298 1884 eosque
3323 1817 3427 1871 cir-

1842 1889 2230 1944 cumvallantcs
2287 1904 2462 1961 aptam
2511 1897 2870 1952 membrorum
2925 1902 3323 1972 dispositionem
3371 1910 3423 1963 in

1845 1976 1952 2031 illis
1999 1983 2475 2052 contemplantur:
2525 1989 2692 2042 multo
2741 1992 2937 2062 magis,
2991 2009 3112 2049 cum
3154 1998 3424 2068 religionis

1845 2069 2056 2124 athleta:
2106 2074 2157 2127 in
2212 2076 2372 2130 cat-los
2414 2081 2789 2148 ascendet-int,
2839 2099 3162 2142 concurrunt
3212 2092 3420 2161 angeli,

1841 2176 2136 2232 utitnesque
2162 2168 2396 2238 undique
2423 2171 2698 2226 confluunt
2715 2189 2956 2244 supernae
2982 2179 3219 2246 virtutes,
3236 2198 3420 2241 eorum

1834 2255 2174 2312 considerant
2199 2260 2439 2328 vulnera,
2475 2273 2530 2318 et
2578 2273 2843 2336 tamquam
2883 2269 3114 2326 victores
3139 2277 3418 2344 quosdam,

1834 2361 1864 2399 e
1889 2346 2027 2401 bello
2054 2363 2117 2403 ae
2147 2352 2343 2418 p‘rznliis
2369 2363 2716 2424 revertentes,
2755 2359 2935 2415 multis
2981 2365 3196 2432 tropteis
3242 2381 3306 2420 ac
3335 2369 3416 2421 vi-

1831 2438 2010 2493 ctoriis
2037 2441 2220 2509 partis,
2267 2457 2387 2497 cum
2418 2446 2694 2516 voluptate
2730 2451 3001 2519 excipiunt
3043 2469 3136 2508 eos
3158 2471 3346 2510 omnes
3369 2470 3419 2515 ct

1831 2531 2220 2600 amplexantur,
2250 2549 2312 2589 ac
2339 2536 2538 2593 deinde
2561 2541 2729 2594 multo
2751 2543 3000 2598 satellitio
3030 2547 3418 2618 circumseptus

1830 2621 1896 2675 ad
1941 2623 2138 2694 Regem
2169 2627 2443 2695 ett-lorum,
2477 2631 2542 2686 ad
2586 2633 2733 2688 illum
2781 2637 3027 2691 thronum
3065 2641 3222 2694 multa
3251 2645 3416 2713 gloria

1830 2715 2214 2771 redundantem
2240 2762 2254 2785 ,
2300 2721 2391 2775 ubi
2435 2722 2726 2780 Cherubim
2775 2737 2829 2782 01
2867 2728 3145 2801 Seraphim
3184 2736 3414 2802 adstant,

1828 2803 2117 2861 deducunt.
2165 2809 2300 2864 Cum
2339 2825 2468 2866 vero
2507 2815 2633 2869 illnc
2681 2817 3015 2887 advenerim,
3057 2838 3286 2895 eumque
3326 2830 3414 2898 qui

1831 2897 2023 2952 throno
2046 2901 2239 2957 insidet
2262 2903 2619 2974 adoravcrint,
2637 2909 2812 2968 multo
2829 2913 3039 2982 majori,
3057 2931 3215 2985 quam
3239 2932 3268 2972 a
3286 2897 3414 2973 cono

1825 2990 2013 3054 servis,
2040 3005 2070 3043 a
2095 2991 2319 3048 Domino
2335 2997 2670 3066 excipiuntur
2698 2999 3066 3058 benevolentia
3096 3023 3110 3060 :
3143 3020 3247 3062 non
3270 3010 3411 3065 enim

1826 3087 1882 3131 nt
1916 3095 2100 3135 servos
2131 3096 2224 3138 eos
2249 3085 2444 3154 excipit
2473 3087 2817 3158 (quamquam
2846 3100 2902 3146 et
2929 3095 3189 3151 maximus
3216 3097 3302 3152 hic
3331 3108 3412 3154 est

1823 3169 2026 3235 honor,
2051 3174 2240 3244 cuique
2266 3190 2371 3230 non
2400 3180 2569 3246 possit
2592 3180 2810 3250 :equalis
2844 3185 3123 3256 reperiri),
3153 3187 3245 3242 sed
3275 3199 3409 3245 tant-

1823 3277 1981 3330 quam
2008 3263 2209 3319 amicos
2240 3280 2384 3320 suos.
2436 3266 2535 3322 Vos
2560 3270 2710 3336 enim,
2767 3272 2953 3342 inquit,
3004 3277 3154 3330 amici
3177 3280 3412 3336 meiestiz

1824 3352 2000 3421 (Joan.
2023 3355 2108 3408 15.
2135 3356 2260 3425 ii);
2289 3372 2353 3412 ac
2382 3360 2572 3414 merito
2597 3375 2726 3418 sane
2759 3381 2773 3416 :
2803 3364 3062 3433 siquidem
3087 3368 3199 3437 ipse
3228 3384 3411 3425 rursus

1820 3441 1991 3497 dixit:
2025 3443 2278 3514 Μαίονοω
2327 3447 2421 3501 hac
2460 3466 2605 3504 nemo
2643 3451 2792 3507 habet
2829 3453 3164 3525 dilectionem,
3207 3469 3262 3513 ut
3296 3463 3410 3514 nni—

1820 3547 1953 3585 mam
1978 3545 2123 3588 suam
2143 3546 2296 3606 ponat
2311 3540 2424 3607 quis
2444 3557 2536 3610 pro
2559 3543 2733 3598 amicis
2751 3545 2855 3597 suis
2891 3544 3049 3617 (Ibid.
3078 3549 3187 3617 l3).
3225 3552 3408 3620 Quan-

1820 3622 1892 3678 do
1941 3624 2100 3695 igitur
2150 3627 2435 3683 maximam
2479 3631 2578 3700 ipsi
2639 3635 2913 3689 caritatem
2953 3637 3406 3710 demonstrarunt,

1821 3715 1950 3769 istos
1994 3716 2191 3786 excipit
2241 3718 2547 3784 honorifice,
2592 3732 2750 3792 atque
2790 3725 2878 3780 illa
2915 3727 3079 3795 gloria
3123 3730 3405 3798 perfruun-

1821 3816 1904 3860 tur
1935 3816 1986 3871 1;
2019 3809 2307 3878 participes
2352 3811 2485 3865 fiunt
2513 3812 2799 3869 chororum
2839 3827 2893 3871 et
2915 3820 3136 3874 canticis
3167 3825 3405 3894 mysticis

1818 3897 2231 3953 communicant.
2269 3900 2325 3955 Si
2347 3901 2488 3955 enim
2511 3917 2632 3957 cum
2662 3916 2842 3959 essent
2869 3906 2922 3961 in
2951 3923 3193 3978 corpore,
3216 3927 3405 3969 secun-

1818 3988 1942 4042 dutn
1997 3992 2374 4060 mysteriorum
2413 3997 2844 4052 communionem
2891 4001 2940 4052 in
2989 4001 3134 4056 illum
3178 4005 3398 4062 ebormn

1817 4078 2252 4147 admittebantur,
2272 4091 2329 4136 ut
2355 4097 2476 4137 cum
2507 4085 2640 4152 ipsis
2664 4083 2951 4143 Cherubim
2989 4093 3276 4160 psallerent
3302 4096 3401 4167 hy-

1818 4184 1997 4224 mnum
2026 4179 2108 4225 ter
2133 4179 2376 4225 sanctum
2431 4171 2585 4242 (11111.
2615 4176 2666 4230 6.
2700 4175 2784 4248 ⁸5),
2816 4187 2872 4233 111
2903 4194 2994 4234 vos
3020 4183 3184 4250 probe
3211 4188 3398 4253 nostis,

1821 4259 1910 4327 qui
1942 4259 2210 4330 mysteriis
2261 4260 2452 4315 initiati
2503 4264 2674 4329 estis;
2717 4266 2886 4321 multo
2929 4271 3098 4342 magis
3126 4289 3266 4328 nunc.
3297 4276 3401 4332 illis

1817 4347 2110 4416 conjuncti.
2141 4364 2262 4404 cum
2289 4351 2482 4420 quibus
2510 4352 2704 4410 choros
2744 4356 2869 4410 olim
2901 4359 3185 4428 ducebant,
3235 4366 3400 4424 multa

1817 4451 1937 4491 cum
1967 4438 2162 4493 fiducia
2193 4439 2482 4498 laudationi
2507 4442 2584 4497 illi
2626 4448 3038 4504 communicant.
3086 4454 3276 4509 Annon
3306 4471 3398 4512 an-

1820 4527 1973 4583 tehac
2026 4530 2343 4600 martyrium
2394 4531 2730 4590 horrebatis?
2783 4553 2961 4594 annon
3009 4545 3250 4616 martyrii
3302 4563 3400 4605 vos

1820 4633 1962 4673 nunc
2018 4618 2343 4676 desiderium
2386 4623 2560 4692 capit?
2613 4628 2872 4698 numquid
2911 4645 3018 4685 non
3057 4630 3251 4690 doletis
3287 4637 3399 4706 jam

1817 4709 2054 4778 martyrii
2085 4717 2299 4780 tempus
2329 4726 2436 4767 non
2462 4711 2692 4770 adesse?
2717 4715 2912 4772 Verum
2941 4734 3285 4780 exerceamus
3300 4741 3400 4782 nos

1814 4800 1879 4854 ad
1909 4812 2118 4871 tempus
2143 4806 2384 4874 martyrii
2413 4822 2428 4859 :
2455 4816 2897 4879 contempserunt
2948 4814 3024 4869 illi
3055 4817 3235 4882 vitam,
3269 4835 3397 4876 con-

1819 4905 1995 4950 temne
2025 4905 2080 4951 tu
2106 4897 2327 4953 delicias
2353 4915 2366 4953 :
2398 4900 2742 4971 projecerunt
2767 4903 2842 4958 illi
2865 4920 3091 4977 corpora
3120 4911 3172 4965 in
3199 4912 3397 4983 ignem,

1819 4987 2018 5056 projice
2064 4997 2117 5042 tu
2147 4990 2400 5058 pecunias
2429 5007 2570 5048 nunc
2601 4995 2654 5048 in
2683 5010 2976 5068 pauperum
3008 5017 3198 5057 manus
3230 5023 3242 5057 :
3274 5021 3398 5074 pru-

1816 5093 1912 5131 nas
1937 5077 2013 5132 illi
2037 5077 2332 5145 calcarunt,
2383 5087 2437 5135 tu
2469 5085 2772 5154 cupiditatis
2799 5088 3066 5144 ﬂammam
3095 5094 3398 5162 exstingue.

1817 5175 2106 5229 Laboriosa
2131 5183 2257 5231 sunt
2287 5176 2384 5232 ista
2405 5188 2458 5232 et
2481 5179 2738 5248 difﬁcilia,
2773 5183 2868 5239 sed
2899 5193 3077 5240 tamen
3109 5186 3254 5240 utilia
3283 5188 3398 5242 val--

1815 5265 1903 5321 de.
1930 5265 2008 5320 Ne
2047 5281 2110 5320 ea
2142 5282 2262 5337 quae
2301 5273 2580 5338 praesentia
2619 5282 2745 5328 sunt
2782 5275 2972 5329 acerba
3013 5286 3258 5344 spectes,
3305 5281 3396 5333 sed

1816 5373 1934 5428 qua:
1959 5357 2192 5429 jucunda
2234 5359 2405 5416 futura
2430 5380 2443 5414 :
2476 5379 2582 5418 non
2611 5380 2729 5435 quze
2755 5365 2808 5422 in
2843 5368 3087 5422 manibus
3117 5369 3279 5439 mala,
3303 5373 3395 5426 scd

1816 5467 1935 5521 qua:
1984 5452 2035 5505 in
2069 5466 2163 5521 spe
2187 5453 2324 5508 bona
2355 5471 2369 5508 :
2401 5471 2506 5510 non
2532 5473 2820 5524 aerumnas,
2861 5461 2955 5515 sed
2993 5462 3212 5530 praemia
3243 5481 3256 5517 :
3291 5479 3394 5520 non

1819 5542 2048 5608 labores,
2086 5543 2178 5599 sed
2207 5559 2434 5599 coronas
2467 5564 2478 5598 :
2514 5562 2619 5600 non
2667 5547 2912 5614 sudores,
2954 5551 3046 5604 sed
3077 5552 3352 5608 mercedes
3381 5573 3392 5607 :

1855 5697 1895 5763 _‘
1927 5701 1972 5770 tu
1995 5697 2142 5770 savii;
2158 5696 2446 5770 sieiegitur.
2462 5699 2573 5749 istos
2594 5699 2774 5770 01111111
2799 5709 2847 5752 nt
2866 5703 3222 5769 dilectissimos;
3238 5712 3282 5758 et
3299 5705 3394 5770 glo-

1819 5757 1893 5807 ria
1920 5757 2003 5806 illa
2025 5757 2248 5821 im’ﬂitlttli
2273 5757 2606 5822 pérﬂ'tttuttur,’
2626 5757 2775 5814 bene.
