3800 6282
374 261 460 319 ΤΗ
1092 261 1148 317 S.
1187 259 1462 317 JOANNIS
1497 257 1967 317 CllltYSOS‘TOMl
2004 258 2326 316 ABCﬂIEP.
2364 259 2895 318 CONSTANTINOP.

369 396 475 434 non
505 376 845 442 acerbitates,
893 377 984 432 sed
1015 376 1389 430 retributiones
1420 392 1433 426 :
1459 388 1562 428 non
1587 375 1759 444 ignem
1785 389 1945 428 uren-

370 483 498 528 tem.
532 471 626 526 sed
648 470 976 546 prepositum
1001 483 1224 538 regnum
1253 485 1267 522 ε
1296 484 1399 522 non
1422 467 1705 522 carnilices
1722 465 1949 520 circum-

369 571 591 622 stantes.
623 561 716 614 sed
748 560 1013 613 Christum
1044 567 1412 612 coronantem.

441 655 492 708 ὅ.
538 655 650 719 Qua
682 653 876 706 ratione
901 650 966 704 ad
991 651 1219 703 virtutum
1252 650 1482 718 expedite
1503 647 1749 716 possimus
1777 661 1947 714 perve-

369 749 499 803 nire.
527 777 598 788 --
617 746 743 802 Hate
776 744 1020 813 capcdita
1057 744 1287 797 maxime
1327 743 1460 795 ratio
1488 757 1550 795 ac
1580 741 1666 793 via
1694 739 1760 793 ad
1786 739 1950 792 virtu-

368 849 474 894 tettt
520 839 790 902 facillima,
829 853 934 892 non
984 836 1196 890 labores
1246 843 1448 888 tantum
1508 833 1722 898 intueri,
1759 831 1852 885 sed
1895 838 1948 884 et

372 931 587 1000 pra'mia
613 944 732 984 Cum
758 928 1049 992 laboribus,
1081 941 1253 996 neque
1275 927 1385 996 ipsa
1409 934 1610 982 tantum
1639 923 1944 993 separatim.

365 1020 497 1077 Cum
522 1021 678 1090 igitur
706 1020 1105 1090 clcemosynam
1131 1034 1190 1072 es
1237 1017 1622 1086 impertituros,
1649 1017 1754 1070 noli
1782 1030 1946 1085 pecu-

366 1113 468 1166 nia:
507 1111 800 1178 impensam
842 1109 1155 1174 attendere,
1197 1109 1290 1164 sed
1330 1109 1548 1178 jllslllla}
1587 1107 1947 1161 coacervatio-

367 1221 512 1278 nem.
550 1203 814 1273 Dispersit,
863 1202 1000 1256 dedit
1027 1200 1332 1272 pauperibus
1364 1215 1382 1254 .'
1412 1199 1614 1268 justitia
1643 1199 1751 1269 ejus
1779 1207 1944 1249 manet

365 1298 416 1352 t'n
446 1297 684 1354 arculum
703 1295 875 1349 swcult'
902 1297 920 1362 (
947 1291 1092 1347 l’sal.
1121 1292 1242 1344 Hl.
1276 1289 1346 1362 9)
1382 1307 1395 1344 :
1423 1306 1487 1343 ne
1514 1289 1765 1356 reSpicias
1793 1302 1945 1358 Opes,

365 1403 484 1455 qua:
515 1385 924 1447 exhauriuntur,
977 1381 1070 1435 sed
1100 1381 1300 1450 inSpicc
1333 1379 1636 1432 thesaurum
1667 1377 1754 1446 qtti
1781 1391 1947 1446 auge-

367 1487 475 1530 tur.
495 1476 550 1530 Si
579 1475 810 1543 jejuncs,
840 1488 946 1527 non
978 1472 1153 1525 carnis
1193 1486 1257 1524 ex
1293 1469 1496 1538 jejunio
1536 1468 1949 1522 macerationem

369 1568 682 1630 considera,
720 1565 812 1620 sed
862 1563 1267 1627 relaxationem,
1311 1577 1467 1630 quam
1500 1576 1564 1614 ex
1596 1561 1680 1614 illa
1710 1575 1947 1614 macera-

369 1661 514 1718 tione
572 1655 938 1726 consequeris.
993 1654 1047 1708 Si
1095 1663 1303 1708 noctem
1355 1653 1649 1706 insomnem
1707 1651 1951 1704 traducas

369 1747 595 1812 orando,
625 1762 731 1801 non
763 1745 1063 1799 molestiam
1109 1759 1175 1797 ex
1205 1743 1397 1812 vigilia,
1422 1741 1515 1796 sed
1537 1757 1692 1811 quam
1723 1741 1951 1810 acquiris

366 1839 703 1900 exoratione
734 1837 978 1892 liduciam
1032 1835 1318 1904 perpende.
1373 1833 1446 1887 lla
1496 1848 1708 1903 quoque
1757 1833 1951 1886 milites

368 1931 565 1985 faciunt
595 1947 609 1987 :
643 1945 748 1985 non
778 1929 1000 1983 vulnera
1052 1928 1342 1992 intuentur,
1385 1925 1478 1981 sed
1526 1925 1740 1994 praunia
1792 1941 1804 1977 :
1845 1939 1952 1979 non

365 2021 560 2088 caedes,
592 2021 688 2076 sed
708 2020 959 2075 victorias
993 2035 1007 2071 :
1041 2033 1145 2074 non
1177 2027 1416 2074 mortuos
1443 2017 1716 2083 cadentes,
1744 2017 1837 2071 sed
1861 2033 1952 2070 co-

368 2097 585 2171 ronatos
610 2113 857 2168 victores.
890 2111 979 2166 Sic
1007 2119 1061 2166 et
1090 2110 1476 2180 gubernatores
1503 2117 1627 2164 ante
1659 2118 1949 2178 tempesta-

369 2214 448 2260 tes
479 2217 662 2275 portus
703 2204 1014 2274 respiciunt,
1057 2211 1184 2257 ante
1223 2202 1493 2271 naufragia
1534 2201 1952 2272 negotiationes;

367 2306 490 2352 ante
521 2296 854 2353 incommoda
895 2294 1242 2364 navigationis
1276 2309 1395 2363 qua:
1433 2308 1500 2348 ex
1541 2293 1804 2347 maritima
1834 2308 1954 2362 per-

367 2388 698 2457 egrinatione
738 2389 883 2440 lucra
913 2387 1288 2454 dcccrpuntur.
1322 2385 1395 2439 Ita
1417 2385 1503 2439 fac
1533 2393 1586 2439 tu
1611 2399 1955 2455 quoquezco-

365 2481 473 2552 gita
501 2490 752 2545 quantum
772 2481 842 2533 sit
863 2480 1013 2542 illud,
1038 2480 1200 2532 multa
1227 2489 1383 2532 nocte
1399 2477 1789 2532 dormientibus
1811 2492 1952 2530 mor-

367 2575 562 2634 talibus
586 2573 853 2638 omnibus,
895 2571 1022 2628 feris
1047 2585 1109 2628 ac
1125 2570 1378 2640 jumentis
1406 2570 1456 2623 in
1479 2567 1730 2622 altissima
1753 2569 1950 2638 quiete,

366 2667 538 2722 solum
569 2676 620 2720 te
648 2663 1074 2734 expergefactum
1106 2677 1226 2717 cum
1266 2660 1536 2716 communi
1566 2659 1802 2713 omnium
1851 2659 1955 2712 Do-

365 2759 516 2821 mino
535 2758 705 2813 libere
730 2757 994 2826 colloquia
1022 2755 1275 2809 miscere.
1304 2754 1479 2812 Dulcis
1501 2761 1584 2809 est
1613 2752 1862 2808 somnus?
1887 2755 1953 2806 At

364 2849 499 2912 nihil
522 2847 733 2903 dulcius
763 2848 1004 2901 oratione
1034 2847 1074 2898 ί.
1108 2845 1162 2901 Si
1188 2846 1334 2900 solus
1360 2860 1478 2900 cum
1504 2844 1618 2900 solo
1643 2843 1951 2913 colloquens

366 2941 456 3000 diu
491 2940 727 3012 potueris
771 2937 1061 3009 perdurare
1116 2935 1264 2991 nullo
1310 2936 1674 3004 obstrepente,
1720 2935 1866 2989 nullo
1897 2943 1950 2990 te

371 3031 765 3102 interpellante,
808 3039 968 3098 atque
995 3028 1063 3087 ab
1090 3028 1332 3086 oratione
1371 3035 1672 3090 revocante,
1706 3025 1869 3082 habes
1894 3035 1951 3082 et

365 3133 578 3192 tempus
611 3120 1020 3191 suffragatorem
1060 3119 1126 3174 ad
1173 3119 1224 3173 id
1265 3119 1405 3189 quod
1466 3119 1671 3187 expetis
1705 3117 1950 3172 obtinen-

369 3215 521 3276 dum.
549 3213 744 3268 Verum
775 3213 826 3266 in
875 3211 1020 3270 molli
1056 3219 1224 3266 strato
1271 3211 1614 3275 decumbens,
1655 3210 1705 3263 in
1733 3209 1869 3267 hanc
1894 3216 1950 3262 et

369 3306 422 3362 in
451 3306 597 3359 illam
639 3313 847 3375 partem
873 3302 1124 3367 verteris,
1165 3316 1228 3355 ae.
1254 3315 1472 3370 surgere
1503 3300 1804 3368 pigritaris?
1843 3299 1949 3354 Ye-

367 3397 521 3459 niant
542 3394 638 3453 tibi
662 3395 712 3447 in
745 3404 976 3447 mentem
1009 3393 1104 3456 illi,
1124 3392 1217 3462 qni
1246 3393 1296 3444 in
1319 3391 1571 3446 craticula
1601 3390 1768 3445 ferrea
1804 3390 1951 3460 jace-

371 3487 503 3545 hant
530 3483 688 3540 hodie
717 3493 1002 3554 martyres,
1035 3498 1140 3539 non
1166 3482 1406 3552 subjecto
1422 3481 1605 3547 cubili,
1638 3481 1732 3536 sed
1764 3482 1951 3551 prunis

366 3576 670 3639 Substratis.

441 3668 727 3739 Martyrum
746 3666 997 3738 supplicia
1024 3667 1305 3724 recolenda.
1335 3696 1404 3707 —
1432 3667 1526 3722 llic
1555 3682 1654 3737 ego
1682 3667 1837 3722 linem
1867 3667 1950 3722 di..-

368 3760 522 3822 cendi
551 3759 727 3818 facere
755 3758 914 3815 statui
935 3798 949 3823 ,
976 3768 1035 3813 ut
1061 3773 1159 3813 vos
1187 3758 1456 3814 craticula:
1485 3759 1745 3831 vigentem
1775 3759 1947 3814 adhuc

433 3874 448 3906 ¹
483 3871 623 3923 Savil.
641 3879 694 3922 et
715 3879 854 3935 neg.,
878 3869 1091 3921 oratione
1111 3867 1347 3935 ﬁduciam
1369 3870 1585 3922 habente.

3559 263 3670 318 τις

2055 382 2109 429 et
2134 382 2402 429 recentem
2434 372 2688 429 habentes
2729 373 3043 429 memoriam
3084 373 3421 442 abscedatis,
3449 383 3512 429 et
3543 374 3667 442 ejus

2056 472 2215 517 noctu
2243 473 2401 533 atque
2425 464 2651 518 interdiu
2680 465 3030 519 recordemini
3051 480 3066 518 :
3084 464 3207 520 licet
3228 466 3662 522 eniutsexceuta

2058 558 2262 611 vincula
2294 572 2389 611 nos
2418 557 2746 622 devinciant,
2783 567 2958 612 tamen
2991 557 3146 612 facile
3174 567 3367 614 cuncta
3408 560 3658 614 disrum-

2055 664 2181 718 pere
2212 649 2503 718 poterimus
2527 689 2541 714 ,
2571 659 2729 718 atque
2759 649 2824 702 ad
2846 649 3103 703 orandum
3131 664 3496 720 consurgere,
3523 651 3659 706 dum

2055 740 2362 795 craticulam
2393 754 2606 808 semper
2632 754 2906 794 versamus
2951 741 3149 794 animo.
3181 740 3297 794 Non
3327 742 3659 794 craticulam

2055 841 2230 884 autem
2257 832 2450 893 solum,
2480 831 2572 885 sed
2603 839 2657 884 et
2692 831 2790 886 alia
2836 843 3129 904 martyrum
3172 842 3440 886 tormenta
3491 847 3660 900 super

2055 922 2232 1001 cordis
2281 923 2448 976 nostri
2490 922 2820 978 latitudinem
2862 923 3248 980 describamus.
3279 924 3657 990 Quemadmo-

2054 1011 2178 1066 dum
2209 1012 2300 1082 qui
2327 1027 2452 1067 suas
2477 1013 2621 1068 aedes
2659 1013 3016 1082 elcgantiores
3042 1015 3303 1080 reddunt,
3337 1014 3541 1069 ﬂorida
3566 1030 3661 1070 eas

2057 1106 2259 1174 pictura
2285 1105 2517 1174 undique
2533 1116 2794 1160 exornant
2822 1123 2835 1159 :
2868 1107 2945 1161 sic
2965 1116 3018 1162 et
3037 1122 3135 1161 nos
3157 1108 3207 1160 in
3231 1109 3428 1162 mentis
3449 1118 3660 1162 nostra

2054 1195 2352 1266 parietibus
2375 1197 2643 1251 cruciatus
2669 1207 2959 1268 martyrum
2990 1198 3358 1268 depingamns.
3383 1200 3528 1253 Nam
3547 1225 3552 1228 -
3570 1201 3660 1253 illa

2020 1287 2268 1356 ‘quidem
2310 1287 2516 1357 pictura
2563 1298 2647 1343 est
2695 1289 2933 1355 inutilis;
2969 1291 3068 1344 ista
3098 1307 3224 1344 vero
3255 1292 3417 1359 plena
3467 1292 3608 1345 lucri
3639 1308 3656 1344 :

2057 1395 2162 1432 non
2188 1380 2331 1434 enim
2352 1380 2588 1449 pecuniis
2616 1380 2832 1450 indiget,
2861 1397 2968 1436 non
2994 1383 3243 1453 expensis
3261 1426 3275 1447 ,
3305 1400 3491 1453 neque
3519 1385 3658 1438 adeo

2055 1479 2168 1525 arte
2194 1470 2296 1524 ulla
2315 1471 2513 1540 pictura
2544 1471 2656 1526 hmc
2679 1473 2800 1527 :scd
2819 1473 2932 1528 vice
2958 1475 3194 1528 omnium
3226 1487 3542 1545 promptam
3567 1494 3656 1529 ro-

2055 1563 2312 1616 lnntatem
2362 1575 2700 1634 mentemque
2724 1579 3037 1634 generosam
3064 1582 3127 1621 ae
3154 1568 3470 1636 vigilantem
3502 1569 3655 1622 suffi-

2055 1655 2128 1709 cit
2167 1655 2452 1722 adhibere,
2499 1666 2658 1727 atque
2702 1658 2784 1712 his
2822 1657 2972 1728 quasi
3005 1659 3251 1714 manibus
3301 1661 3656 1728 peritissimis

2057 1746 2295 1816 ipsorum
2342 1747 2646 1804 describere
2691 1751 2979 1804 cruciatus.
3009 1749 3370 1820 Dcpingamus
3416 1767 3559 1821 ergo
3606 1754 3656 1805 in

2056 1840 2232 1894 anima
2264 1851 2441 1893 nostra
2473 1839 2569 1893 hos
2600 1839 2839 1908 jacentes
2869 1841 2919 1893 in
2957 1841 3223 1910 sartagine
3243 1881 3260 1905 ,
3303 1841 3428 1894 illos
3471 1853 3655 1894 autem

2057 1945 2218 1999 super
2261 1931 2521 1986 carbones
2565 1941 2853 1996 extensos;
2903 1930 3002 1985 hos
3033 1932 3084 1984 itt
3113 1931 3317 1986 lebetes
3364 1932 3652 2001 dejectos,

2059 2021 2178 2077 illos
2207 2021 2258 2076 in
2292 2036 2438 2076 mare
2464 2021 2775 2088 demersos;
2805 2021 2938 2074 alios
2968 2021 3261 2088 laceratos,
3283 2022 3429 2076 alios
3450 2025 3510 2076 in
3540 2035 3657 2076 rota

2057 2115 2341 2180 distortos,
2367 2115 2502 2170 alios
2531 2115 2583 2168 in
2613 2115 2960 2190 prmcipitiupt
2988 2123 3168 2181 actos;
3208 2123 3372 2184 atque
3405 2115 3512 2170 hos
3542 2118 3656 2185 qni-

2057 2209 2178 2264 dem
2203 2224 2323 2264 cum
2347 2208 2528 2264 bestiis
2549 2208 2932 2278 depugnantes,
2952 2207 3072 2262 illos
3093 2222 3220 2262 vero
3249 2208 3300 2260 in
3331 2207 3656 2262 barathrum

2057 2302 2364 2368 devolutos,
2387 2303 2519 2357 alios
2545 2311 2602 2356 ut
2624 2302 2814 2372 cuique
2844 2301 3064 2370 contigit
3091 2311 3317 2355 mortem
3345 2301 3651 2356 obeuntes:

2059 2405 2119 2451 ut
2160 2396 2314 2466 hujus
2346 2397 2564 2466 picturae
2588 2394 2847 2451 varietate
2871 2393 3087 2448 domum
3117 2401 3358 2447 nostram
3393 2393 3659 2448 illustrius

2058 2502 2172 2542 rem
2199 2501 2319 2541 cum
2346 2485 2760 2549 reddiderimus,
2789 2495 2972 2553 aptum
2999 2484 3254 2538 ctelorum
3287 2483 3423 2553 Regi
3469 2485 3653 2538 diver-

2057 2579 2257 2633 sorium
2293 2591 2674 2646 prmparemus.
2717 2576 2924 2629 Etenim
2972 2575 3016 2628 si
3057 2574 3321 2643 ejusmodi
3370 2573 3574 2629 viderit
3603 2576 3658 2628 in

2056 2679 2238 2724 nostra
2265 2679 2442 2723 mente
2460 2669 2716 2738 picturas,
2745 2666 2922 2722 veniet
2944 2681 3066 2721 cum
3102 2666 3282 2730 Patre,
3309 2667 3660 2720 mansionem

2056 2761 2195 2830 apud
2223 2775 2320 2814 nos
2343 2760 2498 2814 faciet
2523 2775 2644 2813 cum
2671 2758 2877 2828 Spiritu
2901 2766 3114 2822 sancto;
3137 2757 3348 2826 eritque
3393 2757 3658 2826 deinceps

2056 2851 2198 2921 regia
2223 2851 2464 2920 qumdam
2493 2849 2686 2904 demus
2717 2863 2866 2904 mens
2905 2857 3086 2903 nostra
3111 2887 3126 2911 ,
3155 2848 3416 2916 nullaque
3449 2849 3503 2900 in
3537 2865 3656 2903 eam

2052 2941 2260 3011 ingredi
2286 2941 2480 3011 poterit
2501 2941 2730 2994 absurda
2755 2938 3172 3009 cogitatio,dum
3201 2951 3512 3010 martyrum
3544 2955 3653 2993 me-

2055 3035 2222 3091 moria
2244 3074 2260 3100 ,
2283 3035 2428 3088 velut
2458 3033 2664 3102 pictura
2699 3030 2941 3101 quaedam
2970 3030 3191 3094 ﬂorida,
3228 3029 3379 3084 omni
3409 3039 3656 3099 tempore

2055 3128 2107 3182 in
2132 3127 2284 3181 nobis
2307 3124 2541 3179 manebit
2560 3165 2575 3189 ,
2595 3124 2926 3190 multumque
2953 3121 3004 3174 in
3030 3136 3092 3175 ea
3120 3120 3472 3190 splendorem
3498 3120 3654 3176 cmit-

2054 3228 2160 3283 tet;
2190 3218 2422 3288 atquein
2448 3215 2600 3271 nobis
2621 3216 2734 3268 ltex
2781 3213 3150 3268 universorum
3182 3211 3446 3266 continue
3470 3211 3651 3266 diver-

2002 3369 2006 3374 _
2053 3311 2274 3368 sabitur.
2299 3308 2450 3376 Quod
2477 3309 2522 3362 si
2551 3309 2622 3362 ita
2652 3307 2923 3362 Christum
2973 3306 3026 3360 in
3071 3304 3172 3359 hac
3201 3304 3308 3358 vita
3338 3305 3652 3373 susceperi—

2052 3418 2193 3468 mus,
2228 3410 2348 3472 post
2397 3410 2636 3456 nostrum
2686 3416 2751 3454 ex
2798 3415 2860 3454 ca
2903 3398 3197 3452 discessum
3237 3396 3546 3466 poterimus
3601 3396 3650 3448 in

2052 3505 2252 3552 aeterna
2283 3494 2445 3562 recipi
2473 3492 2810 3548 tabernacula
2842 3489 3019 3561 :quod
3048 3488 3202 3542 nobis
3227 3487 3487 3541 omnibus
3513 3502 3646 3557 pra:-

2051 3598 2195 3643 stare
2210 3587 2456 3656 dignetur
2481 3585 2648 3655 gratia
2679 3593 2732 3638 ct
2760 3582 3056 3652 benignitas
3085 3578 3296 3634 Domini
3323 3581 3499 3634 nostri
3525 3579 3652 3632 .lestt

2050 3679 2283 3744 Christi,
2309 3694 2403 3748 per
2439 3693 2596 3748 quem
2627 3687 2819 3732 etcum
2848 3690 2953 3744 quo
2983 3671 3126 3727 Patri
3149 3670 3319 3741 gloria
3339 3712 3354 3735 ,
3387 3685 3495 3723 una
3527 3685 3648 3724 cum

2050 3781 2236 3826 saneto
2287 3779 2340 3825 et
2390 3769 2598 3824 vivifico
2649 3766 2885 3838 Spiritu.
2952 3765 3005 3819 in
3043 3763 3240 3818 smcula
3294 3763 3648 3817 saeculorum.

2055 3866 2248 3918 Amen.

377 4077 1093 4112 r~~—————————.-—_
1125 4081 1142 4085 μ.
1171 4081 1176 4084 .
1235 4081 1238 4083 λ
1285 4081 1294 4084 ,
1333 4080 1337 4083 ,
1397 4079 1402 4083 .
1445 4078 1448 4081 .
1508 4078 1510 4081 .
1584 4077 1594 4080 -
1627 4077 1634 4082 ,
1681 4077 1708 4079 _,.
1721 4076 1724 4079 .
1789 4076 1794 4080 .

439 4093 1294 4110 Wﬂr-v—
1317 4094 1325 4097 _
1357 4092 1488 4098 _,__.._
1513 4092 1524 4096 -
1543 4091 1568 4106 ,τ
1585 4089 1792 4096 -μ--ν
1810 4089 1826 4095 υ

1515 4089 1826 4098 ,η-φ-...νυ
1893 4075 2056 4095 _.-..:_.
2093 4090 2170 4097 -,-..
2195 4090 2454 4099 _,_____,_‘,_
2501 4078 2766 4100 -~_.__V-_-’._r_._-.
2795 4078 2864 4084 _._
2887 4077 3016 4084 .__-..--

2093 4090 2136 4097 ,α
2155 4090 2170 4095 ι-
2195 4090 2212 4096 ν
2227 4090 2376 4097 γ--υ--ν-
2389 4092 2454 4099 η..
2479 4093 2596 4099 —.—..—~
2615 4093 2738 4100 ----r__

1113 4094 1294 4100 __——._....._
1317 4094 1325 4097 _
1357 4092 1488 4098 —.——-—
1513 4092 1524 4096 ι
1543 4089 1792 4098 ~~——-———-~
1810 4089 1826 4095 υ
1893 4087 1952 4094 -ο--
1967 4091 2056 4095 -——-
2093 4090 2136 4097 ,ν-
2155 4090 2170 4095 --
2195 4090 2454 4099 -γ--ρη-ην.
2479 4093 2564 4099 _.-.

1417 4355 1494 4422 IN
1539 4355 1912 4425 HOMILIAM
1947 4353 2043 4422 DE
2074 4353 2352 4412 TERll/E
2401 4352 2608 4412 MOTU

446 4656 774 4732 [7t7JAliam
801 4656 1072 4712 edidimus
1101 4653 1379 4708 homiliam
1399 4652 1626 4710 interra:
1643 4661 2002 4722 motum,quae
2023 4660 2105 4709 est
2125 4661 2274 4708 sexta
2303 4651 2366 4704 dc
2398 4646 2606 4705 Lazaro
2626 4647 2689 4704 T.
2709 4651 2813 4718 l,in
2843 4652 3001 4722 cujus
3016 4651 3220 4708 Monito
3246 4669 3301 4724 p.
3328 4655 3433 4709 77:2
3460 4659 3654 4714 multis

372 4791 498 4832 cum
526 4770 932 4842 Chrysostomi,
975 4777 1088 4823 tum
1122 4766 1356 4822 aliorum
1389 4764 1719 4821 testimoniis
1751 4767 2104 4835 probavimus
2134 4764 2482 4820 Antiochiam
2519 4763 2899 4835 frequentibus
2939 4775 3098 4821 terra:
3136 4769 3379 4824 motibus
3410 4787 3648 4828 succus-

372 4907 515 4956 sant,
549 4888 896 4954 maximeque
925 4893 1085 4939 aetate
1117 4881 1492 4954 Chrysostomi
1528 4879 1719 4935 fuisse.
1759 4878 1808 4934 ls
1835 4887 2017 4934 autem
2049 4887 2206 4933 terra:
2232 4887 2438 4942 motus,
2464 4877 2645 4948 quode
2686 4893 2832 4934 nunc
2866 4878 3065 4949 agitur,
3093 4890 3228 4937 tunc
3263 4883 3485 4947 accidit,
3522 4901 3645 4940 eum

371 5009 801 5079 Chrysostomus
825 5017 967 5075 aeger
1001 5001 1055 5056 in
1084 5001 1223 5057 lecto
1243 5001 1596 5061 decumberct
1628 5020 1640 5055 :
1672 5004 1763 5072 qui
1789 5005 1848 5055 ut
1880 5003 2079 5062 ardens
2107 5011 2224 5057 erat
2249 5001 2434 5056 studio
2460 5001 2808 5058 instituenda:
2833 5003 3028 5072 plebis,
3060 5014 3312 5060 moestam
3347 5006 3497 5062 illam
3521 5023 3644 5064 cer-

371 5138 508 5180 nens
532 5120 603 5176 ob
626 5120 967 5190 ingruentem
997 5117 1384 5181 calamitatem,
1411 5117 1563 5171 nullo
1598 5116 1823 5172 affectus
1859 5117 2035 5173 morbi
2061 5132 2250 5184 sensu,
2288 5116 2354 5170 ad
2388 5131 2602 5188 gregem
2634 5115 2908 5172 advolavit
2939 5136 2952 5170 :
2991 5119 3138 5187 quod
3179 5119 3402 5189 quidem
3440 5122 3531 5176 ille
3560 5123 3644 5179 in-

373 5242 494 5297 nuit
519 5257 643 5296 cum
687 5241 801 5296 ait:
846 5239 1000 5294 Verbi
1038 5239 1284 5293 doctrina
1313 5237 1683 5308 a-gritudiuem
1718 5253 1887 5290 meam
1921 5237 1975 5290 in
2005 5235 2199 5289 bonam
2245 5235 2601 5290 valetudinem
2625 5236 2868 5290 mutavit.
2897 5234 3022 5289 Πεεο
3065 5252 3232 5307 porro
3269 5239 3467 5294 concio
3490 5251 3642 5294 extra

373 5363 562 5419 urbem
591 5362 644 5415 in
687 5361 869 5428 aliqua
897 5360 1276 5422 ecclesiarum,
1311 5374 1448 5427 quas
1479 5358 1656 5426 populi
1688 5356 2011 5412 Antiocheni
2042 5355 2241 5426 pietate
2268 5354 2415 5409 ducti
2452 5353 2892 5423 frequentabant,
2917 5353 3156 5408 habitam
3199 5353 3374 5410 fuisse
3416 5357 3640 5410 suadent

375 5501 695 5557 non~pauea
720 5485 1096 5553 Chrysostomi
1131 5484 1316 5548 verba,
1349 5485 1440 5552 qui
1469 5483 1726 5552 populum
1760 5498 1868 5537 non
1897 5481 2065 5538 semel
2095 5481 2280 5536 laudat
2322 5480 2391 5536 ob
2429 5489 2738 5550 susceptum
2766 5479 3020 5537 audiendi
3047 5495 3216 5536 causa
3242 5480 3460 5537 itineris
3494 5480 3638 5538 labo-

3771 953 3780 1230 l

3773 1257 3779 1554 l
