3800 6282
175 296 272 354 7H

175 419 305 486 πῦρ,
337 417 472 471 ἀλλά
496 418 592 488 τὴν
646 421 1013 493 προκειμένην
1050 423 1346 493 βασιλείαν,
1378 427 1455 497 μὴ
1489 427 1615 491 τούς
1645 442 1748 478 πε·
1789 406 1815 421 ⁸

170 501 466 572 ριεστῶτας
532 501 768 572 δημίους,
844 504 976 558 ἀλλὰ
1042 507 1126 560 τὸν

167 586 314 639 στόν.

236 667 305 737 γ’.
324 666 469 737 Αὕτη
489 668 718 741 μεγίστη
744 670 966 741 μέθοδος
981 675 1076 727 καὶ
1094 675 1438 748 εὐκολωτάτη
1463 676 1595 748 πρὸς
1613 676 1746 748 ἀρε-

164 749 263 821 τὴν
302 750 419 813 ὁδὸς
440 791 455 814 ,
503 749 578 821 μὴ
608 752 736 815 τοὺς
762 753 957 818 πόνους
994 756 1158 826 μόνον
1188 759 1340 829 όρᾷν.
1371 758 1506 812 ἀλλὰ
1550 758 1645 812 καὶ
1677 758 1745 812 τά

162 832 374 885 ἔπαθλα
410 832 550 903 μετὰ
581 833 690 887 τῶν
722 836 922 902 πόνων,
955 839 1068 892 ἀλλ’
1097 842 1198 894 οὐκ
1238 841 1376 895 αὐτά
1408 841 1533 895 καθ’
1575 840 1745 895 ἑαυτά

164 916 347 984 μόνον.
392 914 565 969 Ὅταν
601 914 695 970 οὖν
737 921 939 994 μέλλῃς
976 922 1348 995 ἐλεημοσύνην
1395 925 1616 990 διδόναι,
1668 924 1743 997 μὴ

158 998 396 1068 πρόσεχε
427 1001 489 1069 τῇ
518 999 729 1072 δαπάνῃ
761 1001 870 1057 τῶν
898 1006 1217 1075 χρημάτων,
1249 1007 1387 1061 ἀλλά
1412 1010 1477 1079 τῇ
1511 1007 1740 1079 συλλογῇ

158 1079 259 1148 τῆς
285 1079 648 1152 δικαιοσύνης
684 1084 1094 1153 Ἐσκόρπισεν,
1118 1087 1301 1142 ἔδωκε
1324 1088 1446 1155 τοῖς
1462 1091 1738 1157 πένησιν·

156 1160 199 1227 ἠ
229 1161 583 1232 δικαιοσύνη
607 1167 792 1219 αὑτοῦ
813 1168 982 1236 μένει
1015 1173 1104 1236 εις
1128 1172 1236 1225 τὸν
1267 1171 1451 1225 αἰῶνα
1479 1172 1584 1225 τοῦ
1608 1172 1741 1225 αἰῶ-

157 1260 290 1309 νος’
325 1245 399 1315 μὴ
427 1245 594 1315 βλέπε
620 1248 713 1302 τὸν
743 1249 1069 1321 κενούμενον
1094 1252 1343 1319 πλοῦτον,
1373 1254 1490 1308 ἀλλ’
1519 1256 1621 1327 ὅρα
1648 1256 1740 1309 τὸν

156 1328 524 1399 αὐξανόμενον
559 1330 853 1405 θησαυρόν.
886 1336 982 1387 Ἂν
1007 1336 1341 1408 νηστεύσῃς,
1382 1337 1457 1409 μὴ
1500 1339 1599 1409 τὴν
1639 1343 1739 1393 κά-

155 1425 332 1465 κωσιν
367 1410 464 1482 τὴν
493 1411 602 1465 ἀπὸ
629 1413 729 1483 τῆς
755 1416 1007 1485 νηστείας
1034 1416 1250 1487 λογίζου
1272 1459 1287 1483 ,
1326 1419 1464 1474 ἀλλά
1509 1420 1608 1491 τὴν
1644 1422 1739 1475 άν-

160 1509 282 1546 εσιν
306 1493 405 1565 τὴν
434 1495 543 1548 ἀπὸ
572 1496 1013 1567 τῆςκακώσεως·
1031 1500 1099 1554 ἂν
1129 1502 1488 1573 ἀγρυπνήσῃς
1509 1504 1739 1574 εὐχόμε-

153 1592 268 1638 νος,
312 1577 387 1648 μὴ
423 1578 524 1648 τὴν
558 1579 938 1651 ταλαιπωρίαν
973 1582 1074 1652 τὴν
1120 1585 1229 1637 ἀπὸ
1262 1585 1363 1654 τῆς
1394 1585 1734 1655 ἀγρυπνίας,

152 1657 295 1711 ἀλλά
321 1659 417 1729 τὴν
440 1662 751 1732 παρρησίαν
767 1663 867 1734 τὴν
888 1665 997 1718 ἀπὸ
1027 1668 1127 1737 τῆς
1154 1665 1319 1736 εὐχῆς
1351 1666 1541 1720 ἐννόει.
1578 1666 1735 1721 οὑτω

154 1740 253 1794 καὶ
283 1742 615 1813 στρατιῶται
642 1745 888 1801 ποιοῦσιν
906 1764 922 1778 ο
947 1747 1009 1800 οὐ
1037 1747 1104 1802 τὰ
1136 1747 1449 1819 τραύματα,
1473 1748 1609 1801 ἀλλά
1635 1748 1735 1814 τὰς

148 1822 391 1894 ἀμοιϐάς
429 1826 738 1896 βλέπουσιν
768 1830 830 1883 οὐ
857 1830 958 1894 τάς
986 1832 1220 1900 σφαγὰς,
1260 1832 1396 1886 ἀλλὰ
1420 1834 1522 1896 τὰς
1553 1832 1730 1897 νίκας

148 1908 214 1960 οὐ
238 1910 364 1972 τούς
407 1910 703 1977 πίπτοντας
742 1916 999 1986 νεκροὺς,
1032 1914 1171 1970 ἀλλὰ
1205 1916 1330 1980 τούς
1366 1917 1732 1987 στεφανουμέ-

146 2006 279 2054 νους
308 1993 586 2063 ἀριστέας.
626 1994 784 2050 Οὐτω
826 1999 924 2051 καὶ
964 1997 1304 2070 κυϐερνῆται
1343 1998 1453 2069 πρὸ
1492 1999 1602 2055 τῶν
1632 2017 1731 2053 κυ-

147 2074 343 2143 μάτων
373 2078 500 2140 τούς
546 2078 770 2148 λιμένας
798 2081 994 2152 ὁρῶσι,
1028 2082 1137 2153 πρὸ
1172 2082 1283 2137 τῶν
1317 2084 1592 2153 ναυαγίων
1632 2084 1733 2149 τὰς

142 2158 457 2229 ἐμπορίας,
512 2161 621 2231 πρὸ
661 2163 772 2216 τῶν
814 2167 873 2218 ὲν
918 2165 1165 2239 θαλάσσῃ
1221 2166 1413 2221 δεινῶν
1470 2168 1538 2221 τὰ
1594 2168 1733 2238 μετά

141 2242 432 2297 θάλασσαν
483 2244 684 2312 ἀγαθά.
730 2246 886 2301 Οὕτω
919 2249 1014 2303 καὶ
1059 2251 1124 2303 σὺ
1176 2251 1425 2320 ποίησονο
1477 2251 1731 2321 ἐννόησον

139 2326 339 2396 ἡλίκον
409 2329 557 2382 ἐστὶν
615 2331 674 2382 ὲν
742 2332 898 2384 νυκτὶ
958 2331 1188 2403 βαθείᾳ,
1248 2334 1357 2388 τῶν
1427 2334 1730 2406 ἀνθρώπων

140 2411 517 2465 καθευδόντων
561 2413 817 2467 ἁπάντων
855 2414 950 2468 καὶ
984 2415 1190 2487 θηρίων
1222 2419 1318 2471 καὶ
1350 2418 1587 2487 κτηνῶν.
1630 2419 1729 2488 βα-

143 2493 386 2563 θυτάτης
428 2496 657 2565 ἡσυχίας
686 2495 886 2568 οὔσης,
935 2499 1096 2568 μόνον
1138 2515 1199 2551 σε
1243 2499 1538 2569 ἐγερθέντα
1577 2500 1727 2575 [716]

142 2578 431 2649 παρρησίᾳ
474 2579 819 2648 διαλέγεσθαι
865 2580 943 2647 τῷ
988 2582 1154 2651 κοινῷ
1192 2581 1410 2637 πάντων
1458 2584 1724 2658 Δεσπότῃ.

157 2660 322 2713 Ἀλλά
347 2662 552 2729 γλυκὺς
576 2666 604 2716 ὁ
629 2662 794 2727 ὕπνος
814 2680 828 2729 ;
870 2664 1008 2717 Ἀλλ’
1030 2664 1183 2717 οὐδὲν
1206 2665 1539 2737 γλυκύτερον
1561 2684 1729 2738 προσ-

141 2746 313 2813 ευχῆς
336 2757 383 2797 ι.
413 2746 509 2797 Ἂν
532 2746 652 2798 κατ’
681 2745 816 2799 ἰδίαν
832 2747 978 2818 αὐτῷ
996 2747 1305 2818 διαλεχθῇς.
1334 2748 1506 2801 πολλά
1529 2749 1726 2805 ἀνύσαι

139 2824 373 2899 δυνήσῃ,
412 2827 639 2897 μηδενὸς
675 2828 1023 2899 ὲνοχλοῦντός
1057 2845 1115 2882 σε
1137 2868 1153 2891 ,
1199 2829 1333 2900 μηδὲ
1372 2831 1726 2902 ἑκκρούοντός

144 2932 211 2969 σε
235 2918 334 2987 τῆς
360 2919 621 2997 δεήσεωςο
653 2918 797 2990 ἔχεις
813 2920 910 2973 καὶ
933 2920 1027 2973 τὸν
1049 2920 1239 2991 καιρὸν
1268 2922 1554 2993 σύμμαχον
1585 2925 1721 2997 πρὸς

138 3000 209 3053 τὸ
237 3001 511 3072 ἐπιτυχεῖν
547 2995 624 3057 ὧν
659 3002 854 3066 θέλεις.
898 3002 1059 3057 Ἀλλὰ
1086 3005 1427 3078 περιστρέφει
1469 2995 1722 3077 κείμενος

142 3085 243 3138 ἐπὶ
273 3085 520 3154 μαλακῆς
544 3088 849 3159 στρωμνῆς,
870 3089 963 3140 καὶ
985 3088 1164 3151 ὀκνεῖς
1188 3088 1542 3156 διαναστῆναι
1562 3107 1576 3155 ;
1612 3090 1725 3144 Ἐν.

142 3168 340 3238 νόησον
369 3170 494 3233 τοὺς
522 3170 615 3223 ἐπὶ
643 3171 741 3241 τῆς
761 3172 987 3242 σιδηρᾶς
1008 3170 1278 3241 κλίμακος
1305 3171 1593 3242 κειμένους
1616 3173 1720 3243 σή-

1199 508 1566 579 στεφανοῦντα
1616 508 1750 579 Χρι-

147 3267 316 3325 μερον
360 3251 663 3323 μάρτυρας,
698 3253 818 3323 οὐχὶ
849 3254 1138 3324 στρωμνῆς
1174 3252 1563 3325 ὑποκειμένης,
1604 3255 1720 3308 ἀλλ’

142 3332 436 3405 ἀνθράκων
464 3334 923 3407 ὑπεστρωμένων.
966 3336 1231 3391 Ἐνταῦθα
1258 3335 1518 3407 βούλομαι
1547 3355 1717 3392 κατα-

143 3416 308 3470 λῦσαι
343 3418 434 3471 τὸν
477 3417 655 3487 λόγον,
702 3417 842 3471 ὥστε
884 3419 986 3489 τῆς
1031 3418 1302 3490 κλίμακος
1346 3420 1446 3491 τὴν
1497 3422 1720 3491 μνήμην

143 3501 501 3571 ἀκμάζουσαν
567 3503 663 3555 καὶ
720 3502 923 3574 νεαρὰν
968 3502 1190 3573 ἔχοντας
1241 3504 1385 3574 ὑμᾶς
1442 3504 1719 3572 ἀπελθεῖν,

144 3585 243 3638 καὶ
287 3585 491 3655 ταύτης
519 3586 577 3637 ὲν
613 3587 770 3639 νυκτὶ
806 3587 899 3639 καὶ
935 3588 994 3639 ὲν
1020 3586 1203 3658 ἡμέρα
1236 3586 1580 3657 μεμνῆσθαι·
1619 3587 1722 3641 κᾶν

145 3669 256 3743 γὰρ
291 3668 459 3741 μυρία
490 3669 696 3742 κατέχῃ
724 3670 920 3741 δεσμά,
951 3669 1297 3741 δυνησόμεθα
1335 3670 1510 3725 πάντα
1551 3671 1723 3743 ἀπορ-

207 3819 236 3851 ⁶
260 3818 408 3869 Savil.
424 3825 476 3869 et
497 3819 620 3884 Reg.
638 3828 905 3885 προσευχῆς
926 3823 1189 3888 παρρησίαν
1214 3822 1432 3886 ἐχούσης.

1252 302 1339 357 DE
1373 293 1632 355 ΤΕΒΒᾹΞ
1676 290 1890 349 ΜΟἹἪ.
1922 286 2343 348 —MONITUM.

3234 294 3238 303 ’
3314 310 3420 367 τις

1859 423 2018 495 ῥῆξαι
2052 422 2266 496 ῥᾳδίως,
2307 423 2402 476 καὶ
2448 422 2585 493 πρὸς
2631 423 2728 492 τὴν
2761 423 2927 495 εὐχὴν
2964 424 3293 496 ἀναστῆναι,
3319 430 3418 500 τὴν

1855 507 2094 578 κλίμακα
2118 508 2319 577 ταύτην
2346 506 2649 570 ἐννοοῦντες
2685 508 2996 573 διαπαντός.
3045 511 3136 581 Μὴ
3167 513 3265 583 τὴν
3304 517 3418 569 xli-

1856 608 2006 660 μακα
2048 590 2105 643 δὲ
2150 590 2308 659 μόνον
2357 588 2593 660 ἐκείνην,
2646 589 2781 643 ἀλλά
2820 592 2914 645 καὶ
2961 592 3062 656 τὰς
3103 594 3264 659 illa;
3308 599 3417 651 τῶν

1855 672 2144 744 μαρτύρων
2169 672 2439 743 τιμωρίας
2466 672 2855 742 διαγράφωμεν
2883 675 2975 727 ἐπὶ
3006 675 3068 728 τὸ
3094 677 3295 742 πλάτος
3320 682 3416 750 τῆς

1851 755 2079 826 καρδίας
2108 755 2209 825 τῆς
2237 755 2530 826 ἡμετέρας.
2568 756 2677 806 Καὶ⁵
2709 755 2960 826 καθάπερ
2999 760 3048 810 οἱ
3094 759 3192 823 τὰς
3236 763 3414 827 οίκίας

1849 838 1946 900 τὰς
1971 838 2181 891 ἑαυτῶν
2219 838 2495 901 ποιοῦντες
2525 837 2803 909 λαμπρὰς,
2830 841 3040 911 ἁνθηρᾷ
3067 846 3251 915 γραφῇ
3289 862 3418 900 παν-

1847 921 2076 991 ταχόθεν
2106 921 2274 985 αὐτὰς
2307 922 2776 993 κατακοσμοῦσιν·
2807 922 2972 990 ξοῦτω
3014 926 3110 979 καὶ
3154 929 3314 998 ἡμεῖς
3356 934 3413 984 ἐν

1848 1006 1960 1065 τοῖς
1996 1004 2194 1074 τοίχοις
2231 1005 2330 1074 τῆς
2373 1005 2651 1076 ἡμετέρας
2688 1005 2925 1070 διανοίας
2963 1008 3414 1082 ζωγραφήσωμεν

1847 1086 1955 1140 τῶν
1984 1087 2275 1158 μαρτύρων
2298 1088 2396 1150 τὰς
2424 1088 2710 1159 τιμωρίας.
2756 1090 2968 1160 Ἐκείνη
2996 1092 3094 1160 μὲν
3116 1092 3223 1164 γὰρ
3254 1098 3285 1163 ἡ
3311 1094 3415 1158 ζων

1846 1170 2054 1239 γραφία
2087 1171 2361 1239 ἀνόνητος.
2400 1169 2539 1240 αῦτη
2576 1170 2633 1222 δὲ
2665 1170 2854 1240 κέρδος
2900 1170 3114 1240 ἔχουσα·
3155 1177 3214 1228 οὐ
3244 1177 3412 1232 δεῖται

1845 1253 1954 1323 γὰρ
1983 1270 2085 1322 χρη
2095 1253 2301 1322 μάτων,
2322 1250 2443 1304 οὐδὲ
2465 1251 2730 1322 δαπάνης,
2753 1253 2874 1305 οὐδὲ
2893 1254 3087 1325 τέχνης
3106 1258 3249 1321 τινὸς
3272 1259 3409 1331 αὕτη

1845 1336 1878 1405 ἠ
1913 1335 2129 1406 γραφὴ,
2157 1334 2272 1388 ἀλλ’
2299 1334 2420 1387 ἀντ)⁸
2453 1333 2668 1387 πάντων
2708 1335 2870 1406 ἀρκεῖ
2903 1338 3180 1411 προθυμίᾳ
3209 1344 3412 1412 χρήσα-

1844 1416 1970 1470 σθαι
2005 1420 2102 1471 καὶ
2131 1415 2377 1486 λογισμῷ
2405 1417 2637 1486 γενναίῳ
2664 1416 2760 1470 καὶ
2786 1418 3028 1488 νήφοντι,
3060 1423 3155 1475 καὶ
3182 1423 3268 1478 διά
3297 1425 3416 1478 τού-

1842 1517 1937 1552 του
1967 1500 2218 1571 καθάπερ
2232 1499 2322 1553 διά
2342 1516 2488 1562 τινος
2512 1499 2696 1575 χειρδς
2717 1499 2945 1570 ἀρίστης
2972 1502 3283 1575 ὑπογράψαι
3312 1507 3412 1571 τὰς

1841 1583 2114 1654 τιμωρίας
2159 1582 2361 1636 αὐτῶν.
2422 1573 2817 1653 Ζωγραιρῶμεν
2857 1583 3038 1637 τοίνυν
3061 1573 3215 1658 ἰαί-τῇ
3264 1590 3409 1663 ψυχῇ

1840 1663 1966 1726 τοὺς
2001 1665 2100 1734 μὲν
2139 1665 2231 1717 ἐπὶ
2260 1664 2509 1733 τηγάνων
2542 1664 2865 1735 κειμένους,
2893 1667 3021 1729 τούς
3064 1667 3119 1721 δὲ
3165 1671 3270 1724 ὐπὸ
3317 1675 3412 1725 ἁν-

1836 1745 2055 1817 θράκων
2079 1747 2429 1817 τεταμένους,
2459 1746 2588 1809 τούς
2618 1747 2675 1800 δὲ
2708 1748 2789 1811 εἰς
2832 1747 3065 1823 λέϐητας
3107 1752 3410 1809 κυϐιστῶν-

1833 1845 1950 1894 τας,
1991 1830 2120 1893 τοὺς
2157 1830 2213 1883 δὲ
2241 1832 2321 1894 είς
2360 1830 2633 1884 θάλασσαν
2672 1833 3263 1904 καταποντιζομένους,
3299 1839 3412 1892 ἑτέ-

1836 1929 1964 2001 ρους
2003 1912 2290 1981 ξεομένους
2318 1912 2588 2001 ὶ’,ἀλλους
2618 1914 2713 2001 ἐπι
2737 1914 2929 1985 τροχὸν
2963 1920 3406 2001 καμπτομένους,

1832 1994 2027 2060 ἀλλους
2075 1998 2158 2059 είς
2190 1996 2434 2067 κρημνὸν
2483 1996 2860 2066 ῥιπτομένους·
2893 1998 2991 2051 καὶ
3022 2001 3147 2063 τοὺς
3185 2004 3283 2073 μὲν
3309 1994 3408 2075 θηιῖ

1835 2078 1978 2151 ρίοιξ
2004 2079 2393 2145 πυκτεύοντας,
2427 2080 2551 2143 τούς
2577 2080 2633 2133 δὲ
2670 2080 2763 2134 ἐπὶ
2798 2082 2860 2134 τὸ
2902 2081 3176 2155 βάραθρον
3205 2088 3408 2158 ἀγομέ-

1832 2182 1975 2230 νους,
1996 2165 2123 2228 τοὺς
2149 2165 2226 2228 δὲ,
2251 2164 2327 2228 ὼς
2360 2163 2587 2227 ἕκαστος
2605 2163 2791 2234 ἔτυχεν
2815 2166 3124 2231 καταλύσας
3150 2168 3241 2223 τὸν
3267 2171 3404 2240 βίον·

1832 2245 1920 2299 ἵνα
1946 2246 2011 2315 τῇ
2050 2243 2295 2315 ποικιλία
2330 2245 2429 2307 τῆς
2461 2244 2680 2314 γραφῆς
2708 2243 2911 2315 ταύτης
2946 2254 2968 2284 ο
3013 2245 3273 2318 λαμπρὰν
3307 2250 3405 2321 τὴν

1831 2329 2104 2401 ἡμετέραν
2123 2326 2627 2388 κατασκευάσαντες
2651 2326 2848 2389 οἰκίαν,
2873 2329 3172 2399 ἐπιτήδειον
3199 2331 3278 2401 τῷ
3309 2333 3404 2402 βα-

1831 2411 1970 2465 σιλεῖ
2002 2410 2110 2464 τῶν
2138 2409 2381 2481 οὐρανῶν
2406 2410 2721 2479 ποιήσωμεν
2756 2409 3118 2478 καταγώγιον.
3166 2414 3263 2465 “Av
3293 2415 3402 2486 γὰρ

1832 2496 1915 2566 ἴδῃ
1940 2493 2195 2557 τοιαύτας
2217 2497 2275 2549 ἐν
2288 2497 2355 2565 τῇ
2377 2494 2587 2564 διανοίᾳ
2613 2493 2713 2557 τὰς
2739 2494 2977 2565 γραφὰς,
2994 2494 3112 2565 ῆξει
3141 2496 3279 2564 μετὰ
3305 2500 3400 2552 τοῦ

1828 2579 2061 2649 Πατρδς,
2091 2578 2186 2631 καὶ
2214 2579 2380 2649 μονὴν
2420 2580 2634 2649 ποιήσει
2672 2581 2800 2650 παρ’
2828 2582 2960 2657 ἡμῖν
2992 2583 3088 2634 σὺν
3120 2580 3199 2653 τῷ
3228 2583 3398 2637 Πνεύ-

1833 2679 1960 2731 ματι
1999 2661 2079 2731 τῷ
2116 2661 2280 2732 ἁγίῳ·
2314 2662 2409 2714 καὶ
2447 2660 2723 2731 βασιλικὸς
2769 2662 2920 2716 ἔσται
2958 2662 3143 2717 λοιπὸν
3179 2660 3326 2728 οἶκος
3363 2668 3398 2739 η

1827 2746 2032 2799 διάνοια
2063 2745 2240 2816 ἡμῶν,
2278 2744 2374 2797 καὶ
2412 2745 2586 2809 οὐδεὶς
2624 2745 2821 2810 ἄτοπος
2850 2745 3109 2817 λογισμὸς
3145 2750 3398 2819 ἐπιϐῆναι

1826 2828 2136 2899 δυνήσεται,
2174 2827 2273 2896 τῆς
2302 2828 2410 2881 τῶν
2444 2828 2736 2900 μαρτύρων
2781 2829 2998 2900 μνήμης
3029 2828 3215 2901 ὥσπερ
3252 2831 3397 2895 τινὸς

1826 2911 2070 2985 ἀνθηρᾶς
2103 2911 2420 2982 ζωγραφίας
2447 2913 2738 2981 διαπαντὸς
2770 2914 2902 2982 ἡμῖν
2940 2914 3391 2985 ὲναποκειμένης,

1827 2997 1920 3048 καὶ
1957 2995 2158 3067 πολλὴν
2183 2996 2496 3065 ὲναφιείσης
2515 2995 2612 3065 τὴν
2643 2995 3030 3067 μαρμαρυγὴν,
3056 2997 3150 3049 καὶ
3175 2997 3267 3049 τοῦ
3302 2998 3395 3068 βα-

1828 3080 2017 3143 σιλέως
2043 3080 2153 3133 τῶν
2182 3079 2317 3133 ὅλων
2349 3078 2486 3132 Θεοῦ
2519 3078 2756 3148 συνεχῶς
2789 3079 2922 3148 ἡμῖν
2950 3078 3388 3148 ὲνδιαιτωμένου.

1826 3161 1981 3216 Οὕτω
1999 3161 2055 3214 δὲ
2081 3161 2315 3215 ἐνταῦθα
2341 3160 2575 3232 Χριστὸν
2608 3160 3016 3230 ὑποδεξάμενοι,
3048 3162 3391 3233 δυνησόμεθα

1827 3244 1966 3314 μετά
1991 3243 2089 3315 τὴν
2123 3242 2375 3298 ἐντεῦθεν
2416 3241 2724 3313 ἀποδημίαν
2760 3244 2840 3306 εἰς
2880 3243 2978 3306 τὰς
3016 3243 3218 3312 σκηνὰς
3256 3242 3391 3298 ὐποο

1820 3326 2075 3397 δεχθῆναι
2102 3327 2202 3389 τὰς
2230 3326 2502 3388 αἰωνίους,
2530 3318 2606 3379 ὧν
2632 3325 2839 3393 γένοιτο
2864 3324 3069 3387 πάντας
3101 3328 3247 3396 ἡμᾶς
3267 3326 3391 3378 ἑπι-

1820 3413 2004 3480 τυχεῖν
2050 3411 2231 3481 χάριτι
2283 3411 2378 3463 καὶ
2425 3409 2804 3481 φιλανθρωπίᾳ
2847 3407 2940 3460 τοῦ
2980 3407 3185 3477 Κυρίου
3228 3410 3387 3479 ἡμῶν

1833 3494 2006 3564 Ἰησοῦ
2043 3491 2299 3564 Χριστοῦ,
2338 3492 2406 3546 δι’
2438 3487 2498 3547 οὗ
2525 3493 2620 3545 καὶ
2658 3491 2775 3561 μεθ’
2806 3484 2867 3545 οὖ
2909 3490 2988 3561 τῷ
3026 3493 3199 3564 Πατρὶ
3238 3492 3383 3556 δόξα,

1818 3574 1937 3645 ἅμα
1966 3575 2043 3646 τῷ
2073 3575 2214 3646 ἁγίῳ
2245 3576 2339 3629 καὶ
2369 3574 2615 3646 ζωοποιῷ
2646 3572 2955 3645 Πνεύματι,
2985 3575 3064 3639 είς
3097 3576 3223 3639 τοὺς
3256 3573 3391 3628 αἰῶ-

1817 3675 1915 3721 νας
1946 3658 2053 3712 τῶν
2082 3658 2312 3713 αἰώνων.
2356 3658 2551 3730 Ἀμήν.

1877 3761 1905 3800 Β
1929 3762 2052 3822 Reg.
2073 3763 2505 3823 καταξαινομένους.

1880 3826 1902 3856 ε
1930 3824 2056 3884 Reg.
2077 3823 2338 3886 ζωγραφίας
2358 3823 2545 3881 ταύτης.

236 4092 1411 4113 ψᾙ-*ᾙΜ
1428 4106 1675 4113 ~_--.—...——
1746 4103 2077 4111 ww.—

170 4091 1411 4131 ς’·οο--ι--ᾙ-φη--κ-υ--ηκ
1428 4106 1675 4113 ..-σο-...ησ-
1746 4101 2648 4131 -λωρ-φπ-υ.
2666 4102 3372 4131 -_".~—————=

1574 4389 1949 4455 MONITUM.

126 4691 247 4732 rem
283 4678 516 4734 multum
544 4689 709 4752 atque
746 4682 1022 4738 sudorem.
1052 4684 1110 4739 In
1139 4684 1283 4741 hunc
1333 4700 1461 4740 vero
1492 4694 1649 4740 terra:
1682 4694 1887 4739 motum
1934 4698 1993 4740 se
2039 4684 2200 4738 etiam
2234 4682 2411 4753 pridie
2462 4683 2846 4737 concionatum
2894 4695 3013 4735 esse
3070 4678 3383 4733 testiﬁcatur

121 4792 553 4864 Chrysostomus
583 4813 636 4868 p.
677 4796 779 4852 719
806 4801 871 4853 Α.

194 4949 414 5009 Annum
444 4966 552 5023 quo
586 4952 675 5007 hic
709 4960 866 5008 terra:
897 4962 1079 5010 motus
1113 4953 1331 5021 accidit,
1363 4970 1432 5011 ne
1471 4954 1787 5027 conjectura
1833 4955 2052 5027 quidem
2079 4962 2318 5011 statuere
2343 4969 2674 5025 possumus:
2705 4971 2771 5011 ex
2806 4954 3124 5026 aegritudine
3149 4968 3383 5022 namque

118 5064 501 5137 Chrysostomi
532 5068 737 5124 nullam
775 5069 968 5125 calculi
998 5072 1233 5141 ponendi
1261 5088 1449 5127 ansam
1485 5073 1728 5143 arripere
1760 5071 1886 5127 licet
1924 5091 1938 5127 :
1974 5087 2096 5126 nam
2128 5072 2456 5128 valetudinis
2486 5086 2595 5128 non
2630 5081 2714 5129 sat
2750 5072 2919 5126 tirmre
2965 5070 3047 5124 vir
3077 5083 3220 5137 saepe
3242 5081 3378 5155 [cum

120 5184 335 5239 morbis
360 5184 792 5242 conﬂictabatur.
825 5187 979 5244 Hanc
1010 5189 1292 5246 homiliam
1326 5190 1381 5245 in
1414 5192 1534 5247 loco
1582 5191 1869 5263 peregrino
1904 5192 2126 5248 dederat
2160 5190 2489 5251 Franciscus
2523 5192 2882 5251 Combcﬁsius
2916 5206 3059 5245 anno
3083 5188 3240 5245 1656.
3270 5187 3382 5245 Nos

119 5316 189 5356 ex
230 5297 498 5358 Vaticano
523 5304 763 5375 quodam
792 5304 994 5361 Codice
1017 5307 1431 5379 exscripsimus,
1456 5317 1511 5365 ct
1541 5326 1606 5365 cx
1638 5318 1867 5382 utroque
1903 5325 2116 5379 sanam,
2148 5318 2209 5366 ut
2230 5321 2385 5387 puto,
2425 5312 2622 5369 seriem
2658 5310 3071 5375 adornavimus,
3097 5315 3261 5379 atque
3293 5306 3380 5361 in-

121 5419 571 5495 terpretationem
604 5437 801 5478 novam
838 5421 1089 5501 fecimus.
1418 5420 1433 5485 ί
2862 5411 2875 5423 ⁸
