3858 6280
1466 301 1548 356 DE
1584 302 1838 356 TEIIRA‘J
1879 303 2082 360 MOTU.

819 525 1319 612 HOMILIA
1366 523 1652 605 POST
1695 519 2117 604 TERIUE
2183 525 2622 649 MOTUM
2671 516 2774 607 (τ’).
3249 579 3272 601 .

1666 680 1982 730 ἀκουαί)κῇ

258 826 602 897 Clu-ysostomi
655 839 771 893 ergo
821 837 1018 892 gregem
1073 820 1295 882 caritas;
1348 816 1773 870 Antiochenorunt

185 921 382 988 pictas;
411 915 749 970 calamitatum
775 916 986 983 fructus.
1011 941 1082 952 -—
1113 911 1219 963 Etsi
1265 908 1487 962 adversa
1528 905 1774 961 valetudo

187 1010 524 1080 impedierit,
559 1005 841 1076 quominus
875 1003 1141 1056 vobiscum
1186 999 1514 1069 spiritualem
1551 999 1772 1052 chorum

183 1114 499 1171 ageremus,
531 1113 627 1152 vos
675 1106 848 1151 tamen
902 1095 1103 1148 itineris
1147 1093 1294 1146 labor
1340 1105 1445 1146 non
1495 1089 1770 1144 deterruit.

187 1192 340 1245 Licet
372 1191 515 1243 enim
546 1188 696 1241 labor
723 1186 809 1240 ille
836 1200 928 1238 vos
965 1183 1130 1237 nmlto
1165 1182 1358 1235 sudore
1403 1180 1642 1250 perfusos
1671 1179 1774 1234 huc

184 1282 488 1344 adduxi-rit,
530 1290 583 1334 at
615 1279 760 1333 verbi
792 1276 1028 1330 doctrina
1057 1290 1176 1328 cum
1205 1273 1568 1343 aegritudinem
1600 1286 1770 1325 meum

182 1376 242 1429 in
271 1376 460 1427 bonam
489 1371 843 1427 valetudinem
871 1368 1108 1428 mutavit,
1144 1378 1252 1420 tum
1279 1367 1508 1420 laborem
1537 1373 1771 1419 vestrum

185 1483 284 1535 per
311 1463 656 1535 psalmodiam
689 1461 966 1515 recreavit.
1001 1459 1202 1513 Idcirco
1241 1471 1412 1525 neque
1438 1470 1535 1524 ego
1576 1453 1645 1508 ob
1685 1455 1770 1506 itt-

184 1562 498 1614 tirmitatctn
530 1557 760 1625 linguam
791 1552 1026 1616 coercui,
1060 1565 1230 1619 neque
1258 1563 1352 1602 vos
1381 1546 1770 1616 defatigatiouis

181 1671 320 1726 ergo
348 1653 532 1707 audire
555 1649 846 1712 abnuistis;
877 1647 970 1701 sed
993 1645 1149 1700 simul
1177 1652 1336 1712 atque
1356 1655 1534 1695 sermo
1555 1638 1767 1709 prodiit,

183 1744 498 1812 defatigalio
547 1739 835 1804 abscessit;
875 1752 995 1791 cum
1035 1735 1263 1804 primum
1301 1731 1537 1787 doctrina
1568 1729 1768 1799 prolata

181 1848 306 1901 est,
341 1833 598 1889 lassitudo
644 1831 861 1900 aufugit.
895 1828 1024 1883 Nam
1075 1825 1333 1894 a‘gritudo
1372 1832 1427 1878 et
1466 1821 1772 1892 defatigatio

180 1927 428 1996 Corporis
454 1936 597 1990 sunt,
627 1922 864 1977 doctrina
890 1935 1016 1973 vero
1045 1918 1206 1971 animi
1245 1930 1380 1984 opus
1410 1923 1567 1984 atque
1601 1911 1770 1966 medi-

181 2020 330 2072 cina.
354 2017 617 2083 Quantum
644 2023 820 2067 autem
850 2010 1058 2080 corpori
1088 2015 1302 2078 prtestat
1327 2007 1501 2060 anima
1521 2048 1536 2071 ,
1567 2012 1768 2057 tantum

184 2109 351 2178 hujus
392 2122 552 2176 opera
593 2112 716 2157 sunt
758 2101 1147 2173 praestantiora.
1176 2098 1404 2168 Ideoque
1433 2111 1537 2150 non
1584 2095 1770 2149 morbo

185 2213 416 2267 tantmu,
435 2199 527 2254 sed
551 2199 813 2253 sexcentis
831 2197 988 2251 etiam
1009 2195 1126 2249 aliis
1153 2192 1512 2264 ingruentibus
1531 2187 1771 2244 obicibus

183 2303 418 2347 vestram
451 2292 722 2345 caritatem
754 2288 1034 2357 complecti
1070 2299 1355 2354 numquam
1391 2282 1592 2336 cessavi
1625 2299 1637 2334 :
1673 2295 1768 2334 ne-

184 2402 293 2454 que.
328 2385 483 2458 hodie
519 2385 584 2436 ab
623 2384 717 2434 hac
749 2382 1000 2451 prazclara
1033 2377 1369 2433 solemnitate
1398 2373 1583 2427 abesse
1603 2371 1766 2426 volui.

185 2477 294 2530 Sed
330 2463 582 2528 hactenus
609 2473 818 2544 quidem
843 2471 980 2524 lecto
1003 2467 1145 2522 affixi
1175 2479 1408 2527 eramus,
1434 2463 1572 2518 Deus
1594 2472 1767 2515 tamen

187 2587 296 2623 non
329 2568 587 2637 permisit,
621 2577 673 2618 ut
704 2565 840 2618 fame
885 2564 1092 2631 penitus
1135 2559 1504 2614 deficerentus.
1535 2554 1601 2611 Ut
1626 2554 1767 2609 enim

186 2660 343 2714 vobis
380 2658 546 2713 fames
574 2668 653 2712 est
685 2673 786 2710 non
834 2653 1016 2708 audire
1041 2693 1056 2718 ,
1089 2653 1165 2706 sic
1203 2660 1257 2705 et
1285 2649 1412 2703 mihi
1452 2649 1620 2701 fames
1663 2661 1766 2698 non

186 2749 517 2804 contionari.
549 2748 624 2801 Ad
655 2747 898 2802 eumdem
931 2745 1142 2798 modum
1186 2750 1239 2796 et
1287 2749 1456 2795 mater
1504 2747 1768 2808 mgrotans

185 2841 398 2896 extrahi
421 2856 703 2895 mammam
731 2854 880 2892 suam
911 2837 978 2892 ab
1000 2837 1198 2890 infante
1223 2835 1389 2896 malit,
1415 2848 1570 2902 quam
1595 2835 1767 2901 ipsum

189 2937 332 2988 fame
372 2936 724 2987 tabescentem
757 2931 937 2985 videre
969 2947 982 2984 :
1014 2927 1251 2982 trahatur
1279 2935 1333 2981 et
1377 2925 1506 2979 mihi
1550 2937 1766 2992 corpus.

184 3029 321 3096 Quis
345 3028 484 3083 enitn
517 3044 618 3080 non
652 3027 833 3080 lubens
861 3040 958 3095 pro
985 3023 1132 3077 vobis
1151 3020 1308 3076 etiam
1339 3018 1646 3088 sanguinem
1683 3015 1767 3069 fu-

184 3121 368 3184 derit,
393 3119 517 3175 viris
547 3130 687 3172 tanta
721 3119 909 3189 pietate
933 3157 948 3180 ,
977 3126 1123 3172 tanto
1156 3113 1401 3169 audiendi
1447 3111 1622 3166 studio
1662 3110 1766 3164 fcr-

186 3213 432 3267 ventihus
463 3226 478 3267 :
505 3211 592 3281 qui
621 3223 725 3264 tam
763 3210 953 3278 exiguo
1001 3208 1253 3276 tempOris
1293 3212 1563 3259 momento
1594 3202 1764 3272 pumi-

187 3305 412 3359 teutiam
443 3302 770 3359 cxhibeatis?
797 3301 939 3355 Inter
967 3300 1103 3354 diem
1135 3307 1188 3352 et
1226 3306 1434 3352 noctem
1479 3295 1766 3350 discrimen

187 3412 296 3448 non
343 3396 538 3458 nostis,
568 3394 660 3448 sed
699 3405 977 3461 utrumque
1005 3400 1210 3462 tempus
1238 3390 1378 3444 diem
1411 3389 1577 3442 facitis
1601 3431 1615 3452 ,
1659 3402 1766 3442 non

186 3501 368 3540 aerem
388 3485 766 3544 mutantessed
792 3483 1076 3553 pervigiliis
1095 3489 1276 3536 noctes
1299 3482 1621 3535 illustrantes
1639 3497 1650 3531 :
1671 3494 1768 3532 no-

184 3587 303 3630 ctes
328 3577 476 3630 vobis
498 3577 785 3638 insomnes,
810 3574 979 3628 somni
999 3573 1236 3645 tyrannis
1257 3572 1427 3626 soluta
1457 3579 1538 3626 est
1561 3588 1574 3624 :
1609 3570 1764 3624 Chrio

185 3668 253 3722 sti
275 3683 500 3736 namque
515 3682 663 3720 amor
683 3676 880 3720 natura:
903 3663 1257 3718 infirmitatem
1276 3663 1418 3717 vicit.
1439 3663 1518 3716 Ah
1538 3661 1765 3715 humana

184 3759 490 3812 conditione
509 3772 730 3825 corpora
751 3756 1035 3821 liberastis,
1055 3753 1192 3824 quod
1213 3755 1433 3807 virtutes
1459 3751 1761 3818 imitemini,

183 3850 315 3902 dum
349 3859 518 3903 tantas
561 3849 762 3918 vigilias
794 3847 1092 3918 suscipitis,
1122 3847 1426 3901 diuturnum
1464 3845 1761 3915 jejunium,

188 3951 394 3996 tantum
422 3941 626 3994 itineris
651 3939 885 3994 laborem
905 3982 921 4008 ,
957 3941 1191 3994 laborem
1233 3939 1437 3994 scilicet
1469 3938 1512 3990 si
1545 3947 1759 4002 natura,

186 4033 420 4100 quietem
447 4032 490 4085 si
522 4032 766 4086 voluntas
814 4042 1102 4102 spectetur.
1138 4031 1233 4086 llic
1279 4030 1485 4085 timoris
1522 4029 1721 4085 fructus
1745 4069 1762 4096 ,

191 4125 275 4176 hic
304 4138 366 4176 ex
399 4131 552 4176 terra:
574 4131 719 4176 motu
747 4131 1053 4192 proventus,
1078 4136 1269 4190 nempe
1297 4129 1584 4190 proventus
1610 4136 1764 4174 num-

187 4227 348 4282 quam
378 4212 806 4278 consumendus,
837 4221 1124 4282 proventus
1153 4213 1243 4282 qui
1272 4221 1326 4267 et
1355 4227 1644 4282 pauperum
1684 4212 1763 4265 fa-

185 4306 418 4360 cultates
456 4313 646 4375 auget,
674 4313 725 4360 et
767 4304 1015 4361 divitibus
1043 4303 1339 4359 divitiarum
1369 4303 1605 4360 accessio
1633 4314 1715 4362 est
1746 4321 1760 4356 :

189 4411 296 4448 non
345 4395 492 4450 novit
539 4404 941 4466 paupertatem,
993 4411 1097 4450 non
1153 4395 1298 4451 novit
1339 4395 1568 4449 divitias.
1608 4395 1764 4451 Venit

190 4498 346 4542 terra:
374 4496 568 4554 motus,
591 4497 644 4544 et
670 4489 791 4543 vita:
815 4489 1222 4559 inaequalitatem
1245 4490 1474 4545 sustulit.
1495 4488 1592 4545 Ubi
1623 4505 1763 4545 nunc

187 4590 314 4636 sunt
342 4583 428 4651 qtti
456 4583 638 4637 sericis
664 4581 1047 4637 induebamur?
1069 4583 1156 4636 ubi
1186 4584 1411 4637 aurum?
1437 4583 1560 4638 Ilaec
1583 4583 1762 4637 omnia

187 4672 486 4735 evolarunt,
517 4672 744 4737 facilius,
771 4689 930 4742 quam
955 4689 1164 4729 aranete
1189 4675 1310 4740 tela,
1341 4675 1593 4745 dissipata
1616 4685 1758 4736 sunt.

187 4775 241 4819 et
272 4762 409 4817 fluxa
437 4766 604 4834 magis
631 4781 786 4836 quam
815 4766 962 4820 verni
991 4765 1148 4820 flores
1169 4766 1497 4834 deprehensa
1524 4775 1665 4820 sunt.
1694 4768 1763 4820 At

187 4858 309 4922 quia
343 4865 579 4922 paratum
613 4864 844 4910 vestrum
885 4857 1119 4910 animum
1150 4856 1323 4920 video,
1354 4856 1628 4911 latitioretn
1666 4874 1762 4911 vo-

189 4945 270 4998 bis
294 4958 528 4998 mensam
555 4960 824 5015 apponere
851 4947 992 5000 volo.
1020 4946 1252 5016 Corpora
1282 4957 1456 5002 vestra
1487 4947 1646 5015 fessa,
1669 4947 1762 5003 sed

187 5037 423 5090 animum
469 5048 712 5108 vegetum
759 5040 1042 5108 perspicio.
1073 5039 1216 5097 Multi
1262 5041 1512 5099 sudorum
1554 5042 1759 5109 fontes,

187 5125 280 5180 sed
329 5127 706 5180 conscientiam
750 5129 1080 5198 abstergunt.
1113 5130 1242 5184 Nam
1288 5131 1332 5184 si
1375 5132 1588 5187 athleta:
1635 5148 1760 5186 san~

188 5218 342 5286 guine
365 5215 770 5286 perfunduntur,
803 5230 858 5275 ut
887 5221 1018 5274 lattri
1049 5221 1190 5276 foliis
1215 5222 1498 5288 donentur,
1523 5240 1640 5293 qua:
1667 5224 1764 5278 ho-

185 5311 272 5364 die
323 5309 478 5376 data,
524 5326 643 5366 eras
690 5321 1020 5368 marcescent
1048 5331 1061 5367 :
1094 5315 1260 5370 multo
1303 5318 1472 5385 magis
1509 5332 1602 5370 vos
1625 5359 1639 5380 ,
1671 5317 1762 5387 qui

189 5402 450 5457 bonorum
479 5416 700 5470 operum
725 5413 995 5458 certamen
1021 5405 1214 5460 iniistis
1237 5447 1251 5469 ,
1278 5421 1371 5475 par
1395 5414 1478 5462 est
1504 5421 1604 5464 nec
1635 5423 1763 5465 sue-

185 5493 438 5552 rumbere
464 5507 565 5548 nec
590 5495 816 5549 etttolliri
847 5495 1114 5550 laboribus
1141 5512 1234 5565 pro
1259 5498 1452 5553 virtute
1480 5500 1757 5570 susceptis.

240 5646 316 5706 (α)
351 5647 595 5713 εχεριςῇιω
631 5661 695 5713 ωεΔ
715 5648 827 5713 Cod.
855 5651 1073 5698 Vaticano
1099 5665 1143 5697 ιι.
1168 5653 1276 5709 ESTI,
1307 5659 1356 5701 .\'l
1383 5653 1563 5713 saeculi,
1592 5663 1640 5705 et
1665 5655 1758 5709 col-

181 5707 277 5762 lata
300 5720 410 5758 cum
433 5707 548 5757 ΗΜ.
575 5711 823 5761 (tantbs-lis.
851 5724 974 5763 anno
1000 5713 1124 5762 [636.

1885 813 2132 869 Vestrum
2157 818 2416 874 theatrum
2445 821 2574 875 mihi
2599 837 2796 876 corona
2827 835 2924 889 est,
2956 840 3199 896 unusque
3227 837 3458 882 vestrum

1883 905 2096 960 auditor
2123 910 2340 978 perinde
2363 910 2490 964 inihi
2510 921 2610 973 est,
2643 923 2800 982 atque
2827 923 2934 969 tota
2963 916 3173 972 civitas.
3193 918 3294 970 Alii
3321 921 3460 972 enim

1883 1007 2120 1052 crateras
2148 1009 2270 1067 potu
2298 1012 2620 1057 coronarunt
2643 1045 2658 1069 ,
2681 1005 2768 1056 alii
2795 1007 3026 1060 satanica
3052 1008 3291 1061 convivia
3317 1011 3460 1064 evic-

1883 1087 2129 1154 brarunt,
2152 1090 2238 1146 alii
2271 1092 2464 1146 lautam
2502 1108 2826 1163 apparavere
2860 1110 3096 1151 mensam
3129 1113 3261 1153 :vos
3283 1111 3457 1154 autem

1883 1181 2214 1250 pervigilium
2239 1195 2440 1239 tantum
2467 1187 2769 1257 percgistis,
2792 1198 3058 1260 totamque
3087 1192 3269 1246 urbem
3301 1195 3459 1248 vesti-

1882 1268 1983 1335 giis
2009 1281 2313 1326 sanctorum
2344 1275 2534 1343 pedum
2562 1285 2858 1331 vestrorum
2881 1281 3221 1344 emundastis,
3251 1283 3459 1338 incessu

1882 1360 2054 1413 forum
2072 1364 2274 1416 emensi
2295 1365 2442 1429 estis,
2461 1373 2518 1421 et
2542 1381 2718 1422 aerem
2739 1369 3128 1426 sanctificasds.
3144 1373 3250 1428 Aer
3265 1377 3459 1444 quippe

1881 1463 2096 1507 sanctus
2138 1454 2369 1510 efficitur
2397 1474 2490 1526 per
2527 1459 2872 1528 psalmodiam
2899 1503 2913 1526 ,
2944 1470 3000 1516 ut
3041 1465 3260 1520 audistis
3304 1467 3458 1522 hodie

1883 1543 2046 1597 Deum
2077 1544 2240 1616 Moysi
2279 1547 2542 1602 dicentem
2573 1566 2586 1600 :
2619 1549 2785 1606 Locus
2807 1552 2958 1615 enim,
2983 1553 3031 1605 in
3047 1571 3143 1622 quo
3174 1564 3295 1619 uas,
3329 1568 3459 1609 terra

1879 1643 2054 1687 sancta
2082 1644 2154 1688 est
2185 1635 2203 1706 (
2226 1635 2393 1691 Exod.
2421 1639 2472 1693 ὅ.
2497 1639 2573 1709 5).
2598 1640 2977 1695 Sanetilicastis
3003 1644 3171 1698 solum
3197 1687 3212 1711 ,
3240 1646 3408 1700 fortun
3440 1665 3454 1711 ;

1880 1724 2066 1778 urbem
2089 1727 2240 1780 nobis
2260 1729 2541 1783 ecclesiam
2567 1731 2784 1786 fecistis.
2801 1735 2877 1786 Ae
2898 1734 3032 1788 sicut
3055 1746 3261 1790 torrens
3282 1753 3460 1792 erum-

1881 1831 2012 1884 pens
2033 1833 2223 1886 magno
2243 1835 2498 1889 aquarum
2521 1823 2716 1892 impetu
2737 1826 2912 1878 omnia
2933 1827 3141 1890 evertit,
3157 1829 3234 1882 sic
3250 1839 3460 1885 torrens

1881 1907 1968 1961 Ille
2023 1908 2312 1977 spiritualis
2337 1951 2350 1973 ,
2382 1911 2576 1966 flumen
2625 1914 2714 1968 Dei
2746 1915 3019 1970 lmtiﬁcans
3066 1919 3330 1974 civitatem
3365 1921 3455 1974 Dci

1881 1997 2204 2066 (Ρεαι.4ὅ.5.
2223 2011 2270 2053 et
2288 2001 2373 2056 64.
2399 2003 2508 2072 10),
2527 2003 2784 2072 repletum
2810 2016 2888 2060 est
2903 2009 3072 2076 aquis,
3093 2019 3249 2079 atque
3273 2012 3458 2078 impie-

1881 2093 2002 2144 tatis
2021 2107 2231 2146 caenum
2253 2110 2312 2147 ex
2324 2098 2578 2164 purgavit.
2599 2096 2765 2152 Nemo
2793 2099 3116 2168 impudicus;
3142 2103 3246 2156 llllO
3268 2104 3310 2158 si
3337 2106 3455 2172 quis

1879 2189 2174 2257 impudicus
2198 2191 2368 2245 adhuc
2389 2201 2468 2247 est
2489 2233 2502 2257 ,
2526 2194 2570 2246 is
2593 2194 3017 2250 transformatur.
3053 2197 3249 2252 Vocem
3288 2201 3453 2266 audit,

1877 2289 1930 2335 et
1955 2283 2161 2334 animus
2191 2271 2594 2338 transformatur
2619 2302 2632 2338 :
2659 2286 2818 2343 intrat
2846 2288 3069 2343 melodia
3091 2332 3105 2354 ,
3139 2297 3192 2344 et
3216 2291 3456 2359 impietas

1879 2383 2256 2428 transmutatur
2285 2393 2297 2429 :
2333 2377 2577 2446 fugantur
2599 2379 2829 2433 avaritia:
2857 2381 3048 2434 morbi.
3081 2382 3300 2438 Etiamsi
3333 2399 3457 2439 vero

1877 2480 1982 2518 non
2012 2464 2290 2536 fugentur;
2319 2477 2374 2520 at
2415 2469 2858 2536 quemadmodum
2907 2470 3034 2525 ferze
3085 2473 3274 2542 hyeme
3317 2490 3375 2527 se
3405 2477 3455 2528 in

1880 2555 2062 2609 lustris
2093 2557 2388 2624 continent,
2409 2559 2486 2612 sic
2517 2569 2570 2612 et
2593 2560 2800 2614 animus
2829 2560 3102 2617 luxurians
3126 2579 3244 2618 sese
3272 2565 3413 2618 abdit
3441 2583 3452 2627 ;

1875 2663 1937 2703 ac
1966 2650 2100 2704 sicut
2125 2663 2422 2719 serpentes,
2454 2650 2652 2722 frigore
2675 2670 2855 2707 eorum
2886 2669 3111 2723 corpora
3141 2658 3455 2727 congelantc

1875 2741 1928 2793 in
1952 2741 2054 2794 ima
2085 2755 2144 2795 se
2174 2741 2456 2811 recipiunt,
2482 2743 2559 2797 sic
2583 2752 2638 2798 et
2659 2744 2946 2799 illiberales
2973 2755 3027 2800 ct
3047 2747 3268 2803 serviles
3294 2750 3454 2804 animi

1875 2833 2182 2888 affectiones
2213 2849 2308 2889 ceu
2346 2835 2396 2888 in
2448 2835 2764 2906 profundum
2803 2839 3068 2907 quoddam
3099 2855 3218 2895 sese
3247 2841 3457 2895 demer-

1872 2935 2002 2993 gunt
2031 2936 2084 2982 et
2111 2927 2331 2982 abdunt.
2369 2927 2557 2998 Utique
2584 2929 2637 2994 ii,
2671 2931 2759 2999 qui
2786 2929 2900 2986 haec
2931 2931 3327 2996 circumferunt,
3361 2950 3456 3003 pu-

1873 3019 2004 3074 dore
2033 3019 2333 3074 afticiuntur
2358 3036 2521 3086 :‘nam
2559 3035 2619 3075 ea
2656 3021 2872 3090 quidem
2913 3023 3320 3091 circumferunt,
3358 3027 3453 3080 sed

1872 3123 2135 3168 emortua.
2166 3113 2296 3183 Ipsis
2323 3115 2517 3184 quippe
2545 3114 2770 3168 melodia
2801 3126 3090 3184 cantusque
3122 3127 3296 3170 vester
3320 3118 3452 3188 hye-

1873 3210 1973 3263 mis
2014 3209 2130 3264 loco
2159 3217 2258 3264 est.
2288 3208 2344 3264 In
2372 3209 2515 3262 avari
2542 3223 2697 3263 aures
2723 3224 2821 3263 vox
2850 3209 3038 3273 intrat,
3070 3223 3132 3263 ac
3160 3209 3280 3263 licet
3306 3227 3451 3264 mor-

1873 3301 1994 3356 bum
2023 3315 2125 3356 non
2157 3300 2332 3372 ejiciat
2353 3341 2368 3365 ,
2400 3299 2539 3369 sopit
2567 3307 2740 3354 tamen
2769 3308 2823 3354 et
2851 3301 2999 3369 quasi
3027 3309 3290 3355 mortuum
3335 3303 3456 3356 red-

1872 3391 1990 3446 dit:
2021 3392 2072 3445 in
2115 3405 2271 3446 aures
2319 3391 2480 3444 intrat
2517 3389 2764 3460 impudici
2818 3399 2870 3444 et
2911 3392 3122 3459 superbi
3154 3409 3168 3458 ;
3198 3394 3297 3447 etsi
3347 3409 3452 3448 non

1853 3483 2174 3552 exstinguat
2200 3481 2579 3551 impudicitiam
2605 3489 2656 3536 et
2693 3481 3030 3550 superbiam,
3065 3493 3341 3554 utramque
3376 3494 3454 3538 ta-

1873 3590 1993 3630 men
2023 3589 2119 3630 ceu
2159 3574 2378 3629 defodit.
2429 3573 2610 3643 Neque
2652 3589 2776 3627 vero
2817 3574 3021 3629 modica
3067 3590 3152 3628 res
3193 3587 3300 3637 est,
3329 3590 3452 3630 cum

1872 3666 2101 3736 nequitia
2135 3679 2238 3718 non
2270 3665 2436 3719 libere
2467 3665 2683 3733 prodire
2721 3664 2900 3720 audet.
2936 3665 3180 3720 Dicebam
3211 3675 3266 3722 et
3294 3666 3405 3720 heri
3429 3709 3448 3734 ,

1871 3771 2118 3828 magnum
2149 3771 2215 3810 ex
2245 3765 2400 3810 terrae
2441 3757 2673 3810 motibus
2705 3770 2976 3824 emergere
3019 3754 3268 3810 fructum.
3302 3757 3447 3811 Vidi-

1869 3851 1966 3905 stis
1994 3849 2202 3904 Domini
2244 3850 2613 3914 clementiam,
2641 3850 2730 3919 qui
2768 3849 2894 3904 dum
2941 3851 3128 3906 urbem
3175 3854 3445 3918 concutit,

1871 3948 2103 3996 mentem
2141 3940 2349 4004 firtnat;
2380 3940 2504 3994 dum
2553 3939 2889 3996 fundamenta
2928 3951 3253 4003 commovet.
3287 3945 3448 3998 animi

1869 4047 2024 4089 sensa
2049 4041 2292 4086 constare
2320 4041 2565 4101 procurat
2589 4049 2603 4093 ;
2631 4031 2754 4086 dum
2784 4031 2968 4086 urbem
2999 4033 3300 4103 labefactat,
3329 4037 3445 4088 ani-

1871 4137 2016 4177 mum
2056 4122 2315 4176 roborat?
2342 4121 2469 4191 Ejus
2515 4121 2888 4190 benignitatem
2934 4124 3105 4192 cogita
3139 4141 3150 4174 :
3187 4125 3444 4179 tantillum

1869 4213 2184 4284 exagitavit,
2225 4221 2280 4268 et
2323 4214 2374 4266 in
2417 4224 2724 4281 perpetuum
2778 4213 3006 4270 firmavit
3047 4232 3061 4267 :
3107 4214 3252 4270 bidui
3289 4225 3446 4272 terrae

1869 4313 2043 4358 motus
2072 4302 2168 4356 fttit
2189 4344 2205 4369 ,
2233 4313 2288 4357 at
2315 4303 2366 4356 in
2393 4314 2700 4372 perpetuum
2725 4303 2891 4373 pietas
2931 4317 3139 4359 maneat
3163 4324 3176 4358 :
3209 4306 3274 4360 ad
3321 4324 3439 4360 tuu-

1868 4393 2043 4447 dieum
2076 4403 2280 4462 tempus
2309 4392 2552 4447 doluistis
2574 4435 2586 4456 ,
2621 4403 2675 4447 at
2703 4394 2753 4447 in
2778 4404 3085 4463 perpetuum
3115 4397 3316 4451 radices
3343 4399 3443 4450 mi~

1868 4485 2030 4540 sistis.
2063 4484 2204 4539 Bene
2229 4485 2422 4554 quippe
2451 4485 2584 4538 ‘novi
2625 4500 2691 4538 ex
2723 4487 2911 4540 timore
2940 4486 3030 4540 Dei
3073 4489 3323 4558 pietatem
3351 4505 3443 4542 ve-

1867 4587 2033 4633 stram
2075 4578 2282 4632 radiees
2339 4576 2581 4646 posuisse
2624 4594 2638 4630 :
2680 4578 2779 4632 etsi
2833 4579 3080 4634 remissio
3127 4581 3234 4646 sit,
3267 4592 3443 4636 manet

1868 4671 2050 4740 utique
2092 4668 2311 4724 fructus.
2343 4669 2455 4724 Non
2489 4669 2625 4724 ultra
2671 4670 2838 4738 spina:
2887 4669 3110 4726 aderunt
3137 4688 3254 4740 qum
3284 4673 3440 4726 solio.

1868 4771 2016 4829 cent,
2051 4778 2224 4832 neque
2263 4763 2436 4832 pluvia
2476 4762 2749 4816 exundans
2788 4763 2975 4817 obruet
3005 4781 3018 4818 :
3054 4765 3218 4834 probe
3245 4781 3341 4821 vos
3370 4770 3442 4821 ti-

1869 4871 1986 4909 mor
2025 4855 2290 4918 excoluit,
2317 4854 2676 4922 doctrinaeque
2707 4870 2837 4909 mea:
2875 4871 3027 4926 opem
3069 4859 3210 4913 tulit.
3237 4858 3320 4914 Me
3359 4869 3442 4914 ta-

1868 4956 2023 5002 ccute
2075 4945 2412 5000 fundamenta
2466 4944 2752 5014 loquuntur
2808 4966 2821 5002 :
2879 4962 2965 5002 me
3013 4958 3220 5004 tacente
3288 4961 3449 5004 terra:

1868 5048 2044 5093 motus
2070 5036 2207 5091 tuine
2235 5035 2484 5106 clangore
2525 5036 2804 5091 clariorem
2829 5026 3023 5092 emittit
3049 5055 3229 5094 vocem
3263 5041 3446 5108 hujus-

1868 5127 2010 5182 modi
2043 5144 2055 5178 :
2090 5127 2374 5180 Misericors
2417 5136 2463 5180 et
2505 5127 2766 5180 miserator
2816 5126 3103 5191 Dominus;
3141 5131 3446 5200 Iongrmimis

1867 5228 1914 5274 et
1941 5219 2151 5272 multum
2181 5219 2459 5272 misericors
2493 5217 2672 5287 (Psal.
2711 5219 2827 5272 i02.
2858 5221 2911 5275 8.
2944 5219 3050 5289 9):
3081 5222 3300 5287 accessi,
3338 5240 3442 5276 non

1869 5319 1926 5364 ut
1951 5324 2046 5366 vos
2071 5308 2383 5371 obruerent,
2407 5308 2500 5364 sed
2536 5317 2594 5362 ut
2621 5324 2812 5363 nervos
2853 5309 2998 5363 vobis
3025 5309 3296 5366 adderem.
3321 5313 3445 5369 IIa-c

1869 5410 2022 5456 terra:
2052 5408 2224 5456 motus
2255 5399 2506 5469 loquitur,
2537 5414 2600 5454 ac
2641 5415 2825 5454 vocem
2849 5399 3042 5454 emittit
3067 5419 3078 5454 :
3111 5401 3297 5457 Terrui
3325 5421 3436 5469 vos,

1868 5509 1972 5548 non
2018 5501 2075 5546 ut
2101 5490 2337 5546 molestia
2366 5489 2633 5546 afficerem
2659 5531 2675 5556 ,
2717 5489 2809 5544 sed
2844 5498 2900 5544 ttt
2928 5492 3189 5547 cautiores
3217 5505 3438 5564 praesta-

1868 5602 1999 5641 rem.
2031 5585 2207 5648 Dictis,
2239 5599 2439 5652 qumso,
2469 5583 2701 5635 animum
2731 5583 3008 5652 diligenter
3027 5585 3439 5644 advertite.(lum

1866 5696 2046 5741 sentio
2078 5680 2270 5736 viribus
2291 5678 2560 5744 deﬁceret,
2589 5678 2848 5735 clamandi
2883 5691 3056 5750 partes
3085 5699 3239 5752 pugna
3267 5700 3437 5739 suscov
