3800 6282
415 353 518 411 715

408 467 527 534 pit',
547 478 668 520 eum
695 462 933 519 doctrina
964 461 1126 517 robur
1149 460 1436 526 amitteret,
1460 461 1618 514 timor
1658 459 1710 514 in
1740 459 1994 513 auxilium

411 556 580 610 venit.
613 555 741 633 llaec
781 553 926 607 vobis
972 552 1285 621 loquuturus
1331 551 1398 604 ad
1425 549 1692 605 modicum
1724 550 1915 615 venio,
1941 558 1996 604 et

412 663 532 718 qua:
560 663 678 703 mea
707 656 825 701 Slllll
845 654 1037 716 praesto
1063 661 1079 698 ε
1105 659 1225 697 cum
1246 650 1425 697 autem
1451 657 1544 697 VOS
1572 644 1858 701 ειτὶηχθτο,
1885 650 1994 694 tum

413 741 648 796 sermoni
678 739 900 806 tradam,
933 746 990 792 ut
1017 753 1085 792 ne
1131 736 1326 791 frustra
1356 751 1537 790 sermo
1579 735 1782 789 laboret
1813 750 1828 787 :
1859 733 1994 803 lapi-

413 833 510 885 des
539 830 957 900 pullulantesque
986 827 1171 898 spinas
1191 827 1423 891 invenio,
1452 836 1503 882 et
1529 841 1712 880 arvum
1733 838 1991 895 expurgo,

415 932 472 976 ut
495 936 670 976 sermo
696 922 841 990 larga
872 936 1029 974 manu
1056 929 1345 975 sementem
1370 919 1552 988 jaciat.
1624 944 1641 960 ι

482 1008 567 1065 Ea:
586 1021 732 1067 terra
749 1021 883 1066 metu
905 1020 1145 1084 quantum
1160 1012 1337 1065 mutati
1351 1009 1881 1078 Antiocheni.—Quid
1899 1024 1995 1064 vo-

411 1103 493 1158 bis
519 1102 700 1158 damni
728 1119 795 1158 ex
820 1103 972 1157 brevi
994 1102 1261 1158 mmrore?
1288 1102 1368 1156 Ex
1394 1100 1696 1156 hominibus
1716 1101 1890 1172 angeli
1919 1102 1996 1157 ef-

412 1195 532 1249 fecti
562 1195 692 1249 estis
717 1211 731 1248 :
765 1195 818 1249 in
845 1194 1031 1248 cadum
1055 1194 1154 1249 etsi
1180 1207 1286 1246 non
1314 1192 1453 1259 loco,
1485 1202 1540 1247 at
1558 1192 1795 1247 moribus
1823 1201 1990 1248 trans-

411 1288 501 1342 lati
532 1287 684 1343 estis.
711 1286 865 1353 Quod
894 1295 1072 1341 autem
1104 1301 1208 1340 non
1235 1300 1300 1340 ex
1339 1284 1644 1339 adulatione
1671 1285 1876 1353 loquar,
1910 1299 1997 1340 res

410 1380 525 1450 ipse
547 1378 913 1435 testificantur.
941 1378 1077 1447 Quid
1100 1378 1242 1434 enim
1273 1376 1422 1432 vobis
1457 1380 1524 1432 ad
1554 1377 1880 1448 paenitentia:
1905 1392 1995 1431 ra-

410 1472 608 1527 tionem
638 1471 844 1527 defuit?
874 1469 1129 1525 Invidiam
1160 1470 1426 1540 ejecistis,
1454 1469 1749 1525 illiberales
1774 1469 1996 1525 affectus

409 1562 838 1626 exterminastis,
879 1563 1129 1616 virtutem
1172 1561 1522 1625 consevistis,
1578 1569 1739 1615 totam
1785 1569 1995 1617 uectem

413 1652 699 1723 pervigiliis
740 1652 908 1706 sacris
948 1661 1165 1722 agentes
1185 1692 1200 1717 ,
1231 1666 1351 1705 cum
1382 1651 1547 1706 multa
1583 1651 1803 1706 caritate
1828 1661 1881 1707 et
1911 1652 1994 1707 in-

410 1742 556 1813 genti
581 1742 747 1798 animi
776 1741 1006 1798 fervore.
1039 1742 1205 1798 Nemo
1233 1758 1515 1798 usurarum
1544 1744 1808 1812 meminit,
1835 1759 1996 1800 nemo

410 1835 478 1891 de
521 1835 735 1890 avaritia
775 1836 1007 1906 loquitur
1035 1852 1049 1889 :
1077 1850 1176 1891 nec
1217 1836 1389 1890 solum
1434 1851 1464 1890 a
1507 1840 1739 1906 peccatis
1781 1837 1995 1893 munda:

372 1976 373 1979 η
409 1942 600 1983 manus
633 1935 787 1995 sunt,
813 1927 906 1983 sed
934 1929 1092 2004 etiam
1121 1928 1297 1998 lingua
1327 1928 1394 1984 ab
1431 1929 1707 1999 iniquitate
1726 1938 1780 1985 et
1808 1938 1996 1984 contu-

409 2021 568 2076 melia
607 2021 772 2077 libera
802 2038 815 2075 :
845 2036 1004 2077 nemo
1032 2020 1277 2091 injuriam
1323 2022 1564 2091 proximo
1592 2020 1793 2089 infert,
1837 2037 1994 2077 nemo

407 2112 641 2166 satauiea
662 2112 773 2168 adit
797 2112 1037 2168 convivia
1065 2129 1078 2166 :
1102 2111 1246 2168 aedes
1268 2112 1479 2167 munda:
1504 2123 1651 2178 sunt,
1678 2111 1850 2167 forum
1872 2127 1993 2167 sor-

405 2203 561 2258 dibus
618 2212 894 2274 purgatum
942 2221 956 2258 :
1010 2203 1297 2259 accedente
1336 2217 1557 2272 vespera
1603 2218 1864 2273 nusquam
1902 2203 1992 2274 ju-

405 2313 598 2352 venum
660 2296 847 2363 chori,
903 2295 1187 2352 theatricas
1238 2295 1620 2351 modulantium
1678 2296 1991 2351 cantilenas.

404 2388 566 2443 Cltori
613 2396 762 2444 certe
817 2397 975 2455 sunt,
1020 2395 1076 2442 at
1121 2405 1227 2442 nou
1276 2387 1506 2442 lascivia:
1538 2404 1550 2439 :
1582 2386 1730 2441 chori
1776 2387 1991 2457 utique,

405 2477 499 2532 sed
539 2487 683 2533 recte
731 2478 1009 2533 factorum.
1051 2477 1106 2532 lu
1144 2477 1260 2532 foro
1289 2476 1516 2549 hymnos
1549 2478 1732 2533 audire
1782 2486 1991 2542 est;ex

404 2569 549 2623 domi
580 2584 706 2624 vero
741 2568 1046 2624 sedentibus
1088 2569 1250 2622 alium
1297 2568 1630 2637 psallentem,
1681 2569 1839 2624 alium
1892 2569 1992 2642 by-

405 2676 561 2715 mnos
610 2669 888 2716 canentem
922 2678 935 2715 :
970 2676 1074 2716 uox
1123 2661 1371 2726 advenit,
1403 2670 1457 2715 et
1489 2676 1674 2717 omnes
1717 2663 1768 2716 in
1817 2664 1992 2718 eccle-

404 2752 561 2815 siam,
589 2752 929 2822 tranquillum
961 2761 1170 2822 portum
1198 2740 1552 2823 ﬂuctibusQue
1589 2768 1833 2822 vacuum,
1862 2771 1993 2811 con-

404 2845 643 2898 veniunt.
674 2842 925 2899 Putabam
961 2856 1058 2913 ego
1089 2840 1202 2896 fore
1222 2883 1237 2909 ,
1269 2850 1327 2896 ut
1352 2850 1470 2912 post
1508 2858 1669 2898 unum
1701 2844 1995 2902 alterumve

403 2935 545 2989 diem
571 2934 761 3004 vigiliae
787 2949 1008 3003 corpora
1051 2932 1344 3004 dejicerent
1367 2951 1381 2988 :
1406 2949 1547 2990 nunc
1589 2944 1767 2990 autem
1795 2947 1995 3009 quanto

404 3026 596 3096 vigilia:
626 3025 836 3096 lungius
862 3024 1186 3095 procedunt,
1219 3034 1366 3080 tanto
1409 3026 1561 3081 vobis
1594 3027 1767 3099 major
1793 3030 1992 3086 amoris

408 3120 465 3171 tit
489 3118 748 3172 accessio.
781 3116 879 3184 Qui
907 3116 1203 3187 psallebant
1227 3117 1570 3185 defecerunt,
1599 3128 1654 3175 et
1695 3135 1789 3176 vos
1827 3121 1994 3179 virili-

405 3219 485 3263 ter
512 3208 667 3278 agitis
697 3224 710 3261 :
742 3205 832 3277 qui
862 3206 1157 3276 psallebant
1184 3206 1380 3264 defessi
1405 3216 1563 3276 sunt,
1592 3218 1648 3264 et
1671 3225 1767 3265 vos
1791 3211 1990 3270 viribus

404 3303 685 3371 nervisque
713 3286 851 3354 aucti
876 3300 1029 3355 estis.
1057 3298 1157 3356 Ubi
1201 3309 1329 3356 sunt
1357 3317 1498 3357 nunc
1519 3343 1535 3370 ,
1565 3317 1698 3375 rogo
1717 3345 1735 3372 ,
1757 3304 1949 3363 divites
1966 3307 1993 3363 ἲ

404 3390 614 3445 discant
642 3405 930 3460 pauperum
958 3389 1369 3461 philosophiam.
1393 3391 1673 3449 Dormiunt
1708 3396 1821 3461 illi,
1856 3412 1990 3467 pau-

406 3496 561 3553 peres
591 3495 719 3536 vero
740 3482 790 3535 in
819 3479 1123 3551 pavimento
1148 3481 1305 3551 positi
1326 3497 1431 3538 non
1461 3482 1752 3552 dormiunt,
1784 3486 1877 3543 sed
1900 3504 1987 3560 ge-

1122 349 1176 405 S.
1216 346 1492 404 JOANNIS
1513 344 1983 402 ClllH'SOSTOMl
2022 332 2316 400 AllCllll-LP
2376 346 2903 405 CONSTANTINOP;

3606 353 3706 406 716

2101 477 2204 516 nua
2248 460 2502 528 flectunt,
2534 462 2754 517 Paulum
2783 471 2839 518 et
2878 462 3044 518 Silam
3089 461 3359 521 imitantes
3383 464 3404 537 (
3426 464 3546 520 Act.
3582 467 3696 536 l6).

2104 549 2300 606 Verum
2347 552 2424 606 illi
2474 552 2809 622 psallebant,
2862 563 2916 610 et
2967 556 3345 611 eoneutiebant
3381 572 3699 625 carcerem;

2100 659 2197 698 vos
2239 653 2416 699 autem
2459 644 2683 713 psallitis
2708 685 2722 709 ,
2750 653 2805 700 et
2845 656 3150 715 quassatam
3181 647 3368 702 urbem
3418 648 3699 705 firmastis.

2100 735 2297 789 Rerum
2328 736 2579 790 contrarii
2610 736 2774 801 ﬁnes,
2812 736 2908 792 sed
2951 745 3175 807 utraque
3219 738 3286 793 ad
3325 739 3565 809 gloriam
3612 740 3702 794 Dei

2099 834 2344 896 vergunt.
2373 825 2468 883 Ille
2493 841 2722 897 namque
2757 842 3027 882 carcerem
3066 830 3375 904 concussit,
3409 840 3475 884 ut
3513 831 3702 886 inlide-

2101 918 2230 973 lium
2252 927 2488 973 mentem
2510 926 2773 989 quateret,
2797 928 2854 974 ut
2873 920 3105 976 carceris
3128 921 3409 977 custodem
3440 923 3701 991 solveret,

2100 1017 2160 1063 ut
2183 1008 2404 1063 verbum
2434 1008 2530 1063 Dei
2558 1009 2899 1064 ammutiaret
2927 1028 2941 1063 :
2971 1025 3066 1065 vos
3098 1010 3285 1066 urbem
3318 1011 3585 1068 firmastis
3604 1054 3620 1076 ,
3652 1025 3703 1069 ut

2101 1100 2234 1154 iram
2265 1099 2360 1154 Dei
2402 1099 2722 1155 solveretis:
2752 1109 2807 1154 et
2834 1098 2950 1155 hare
2987 1109 3041 1155 et
3081 1101 3171 1156 illa
3208 1103 3357 1157 vario
3384 1103 3700 1174 dispensata

2103 1193 2263 1247 modo
2292 1201 2437 1247 sunt.
2465 1193 2713 1247 Attamen
2740 1191 2947 1263 gaudeo
2970 1234 2985 1261 ,
3014 1209 3119 1248 non
3143 1195 3288 1265 quod
3322 1196 3460 1251 urbs
3493 1198 3699 1251 firmata

2101 1284 2192 1351 sit,
2221 1283 2314 1339 sed
2341 1282 2482 1354 quod
2507 1284 2577 1339 sit
2603 1284 2849 1355 precibus
2878 1284 3070 1340 vestris
3095 1285 3301 1341 firmata
3322 1330 3339 1357 ,
3370 1289 3523 1359 quod
3560 1290 3699 1358 psal-

2100 1376 2293 1431 modize
2336 1385 2528 1431 vestra:
2554 1375 3017 1432 fundamentorum
3046 1377 3166 1433 loco
3204 1379 3427 1435 fuerint.
3458 1380 3700 1451 Superne

2103 1467 2199 1534 ira,
2231 1466 2358 1522 etin
2387 1476 2523 1521 terra
2551 1482 2651 1522 vox
2683 1475 2856 1522 vestra
2890 1485 2905 1521 :
2932 1484 3165 1537 superne
3190 1470 3539 1540 ingruentem
3572 1474 3697 1527 iram

2100 1558 2339 1615 cohibuit
2362 1573 2464 1613 vox
2492 1573 2524 1614 e
2554 1558 2706 1614 terris
2735 1558 2948 1614 emissa.
2982 1559 3169 1630 Aperti
3188 1570 3315 1615 sunt
3343 1563 3495 1629 czeli,
3526 1574 3586 1618 et
3614 1564 3698 1619 de-

2099 1653 2243 1723 lapsa
2265 1654 2526 1713 sententia
2550 1661 2626 1707 est
2649 1653 2854 1723 gladius
2883 1663 3070 1709 acutus
3097 1671 3109 1706 :
3140 1654 3267 1710 urbs
3286 1653 3342 1710 in
3369 1655 3555 1710 solum
3579 1657 3695 1711 red-

2099 1754 2250 1813 acta,
2292 1744 2698 1815 indeprecabilis
2740 1744 2839 1798 ira.
2884 1743 3041 1798 Nulla
3089 1760 3148 1800 re
3191 1760 3326 1815 opus
3367 1745 3696 1811 habuimus,

2101 1839 2201 1895 nisi
2231 1837 2565 1908 paenitentia,
2590 1837 2858 1908 lacrymis,
2882 1837 3200 1907 gemitibus,
3229 1846 3282 1891 et
3309 1837 3501 1893 omnia
3531 1837 3698 1893 soluta

2099 1942 2223 1987 sunt
2256 1950 2269 1984 :
2302 1931 2441 1986 Deus
2481 1930 2799 1985 sententiam
2844 1928 2991 1994 tulit,
3029 1912 3247 1999 nosque.
3273 1928 3414 1983 iram
3453 1927 3702 1983 dissolvi-

2101 2036 2238 2077 mus.
2269 2020 2614 2092 Nequaquam
2660 2019 2988 2075 aberraverit
3032 2019 3123 2089 qui
3165 2034 3262 2074 vos
3307 2027 3604 2074 curatores
3653 2028 3699 2074 et

2099 2123 2410 2179 servatores,
2433 2112 2581 2168 urbis
2603 2111 2971 2182 appellaverit.
3005 2110 3228 2166 Ubinam
3269 2111 3554 2181 principes
3570 2112 3599 2165 ἲ
3622 2112 3699 2167 ubi

2101 2204 2276 2275 magni
2303 2204 2378 2259 illi
2422 2201 2812 2273 sospitatores?
2835 2201 2945 2256 Vos
2975 2202 3122 2256 urbis
3156 2217 3283 2257 vere
3328 2210 3553 2267 turres,
3590 2218 3698 2256 mu.

2099 2312 2212 2362 rus,
2233 2295 2555 2366 pnesidium.
2576 2293 2654 2348 llli
2682 2293 2914 2365 nequitia
2941 2308 3036 2348 sua
3070 2294 3253 2348 urbem
3280 2293 3703 2360 labefactanmt,

2101 2403 2197 2443 vos
2215 2390 2410 2457 virtute
2434 2396 2609 2443 vestra
2640 2387 2824 2442 urbem
2853 2386 3124 2441 lirmastis.
3145 2387 3200 2441 Si
3230 2386 3352 2456 quis
3389 2387 3690 2459 interroga-

2099 2491 2204 2545 tus,
2228 2496 2324 2536 cur
2344 2494 2601 2534 concussa
2623 2478 2750 2533 urbs
2780 2477 2959 2544 fuerit,
2981 2478 3080 2532 etsi
3107 2476 3237 2532 nihil
3264 2479 3625 2548 reSpondeat,
3648 2480 3699 2533 in

2098 2573 2344 2631 confesso
2371 2583 2547 2627 tamen
2576 2581 2679 2636 εει,
2707 2570 2760 2625 id
2792 2578 3128 2640 peccatorum
3149 2610 3165 2634 ,
3191 2572 3461 2635 avaritize,
3494 2571 3699 2641 injusti-

2100 2664 2188 2720 tia:
2209 2703 2226 2729 ,
2273 2662 2523 2733 nequitia:
2546 2703 2561 2728 ,
2594 2660 2857 2732 superbiae
2876 2702 2893 2726 ,
2935 2659 3197 2715 mendacii
3222 2675 3382 2715 causa
3410 2662 3695 2718 accidisse.

2100 2753 2431 2824 Cujusnam?
2457 2752 2699 2807 divitum.
2725 2750 2957 2806 Rursum
2988 2750 3033 2804 si
3062 2751 3179 2820 quis
3206 2750 3531 2821 interroget,
3561 2753 3698 2808 unde

2100 2845 2226 2902 urbs
2256 2845 2463 2899 ﬁrmata
2507 2843 2697 2906 fuerit,
2731 2843 2785 2897 in
2827 2841 3076 2897 confesso
3100 2850 3218 2905 est,
3249 2841 3394 2911 quod
3427 2858 3533 2911 per
3565 2845 3698 2912 psal.

2097 2935 2303 2992 modius
2322 2977 2338 3002 ,
2367 2948 2552 3004 preces
2571 2974 2586 3002 ,
2619 2931 2915 3003 pervigilia.
2939 2931 3299 2999 Quorumnam
3316 2931 3343 2985 ἲ
3368 2946 3693 3003 pauperum.

2099 3030 2227 3097 Qum
2259 3028 2444 3084 urbem
2483 3033 2899 3091 concusserunt,
2931 3025 3141 3080 illorum
3182 3033 3307 3078 sunt
3332 3041 3348 3090 ;
3378 3040 3510 3095 qua:
3554 3027 3694 3081 illam

2097 3118 2586 3183 confirmaverunt,
2638 3123 2862 3170 vestra:
2896 3115 3075 3186 itaque
3118 3127 3214 3169 vos
3274 3123 3596 3171 servatores
3646 3128 3696 3171 et

2096 3219 2371 3268 curatores
2419 3208 2611 3262 fuistis.
2646 3206 2842 3262 Verum
2869 3205 2958 3271 hic
3003 3204 3269 3260 sermonis
3318 3204 3489 3260 finem
3532 3204 3696 3261 facia-

2096 3319 2216 3360 mus
2245 3301 2529 3374 pervigiliis
2553 3309 2608 3356 et
2637 3296 2944 3369 psalmodiis
2970 3297 3246 3360 instantes,
3273 3281 3511 3367 gloriam
3541 3298 3695 3353 emit-

2096 3403 2268 3452 tentes
2292 3393 2456 3458 Patri,
2485 3390 2620 3447 Filio
2645 3401 2699 3444 et
2723 3387 2943 3459 Spiritui
2970 3396 3176 3457 sancto,
3196 3402 3341 3442 nunc
3368 3397 3427 3443 et
3454 3402 3691 3458 semper,

2096 3497 2152 3546 et
2180 3489 2233 3544 in
2261 3485 2457 3543 saecula
2484 3484 2823 3539 smculorum.
2853 3482 3044 3536 Amen.

1384 4007 1463 4068 IN
1503 4005 1879 4079 HOMILIAM
1910 4005 2008 4068 DE
2036 3995 2233 4087 .JUDA
2280 4002 2710 4065 PRODITORE

495 4278 614 4336 Non
640 4276 758 4334 sine
783 4275 1019 4347 quodam
1057 4271 1315 4344 scrupulo
1335 4272 1480 4327 hanc
1509 4272 1816 4335 homiliam,
1857 4283 1983 4340 quae
2016 4242 2165 4325 nunc
2191 4266 2429 4339 primum
2470 4266 2728 4322 in‘lueem
2771 4264 2974 4336 prodit,
3003 4264 3148 4320 inter
3165 4276 3466 4335 germanas
3494 4273 3553 4318 et
3577 4263 3692 4319 sin-

425 4408 580 4450 ceras
595 4389 964 4464 Cbrysostomi
989 4387 1282 4443 conciones
1297 4385 1548 4441 locamus
1571 4403 1587 4440 :
1610 4384 1890 4442 licetenim
1913 4383 2005 4439 illa
2025 4382 2278 4454 Daphnes
2299 4380 2546 4438 suburhii
2574 4380 2901 4435 Antiocheui
2920 4378 3404 4447 commemoratio,
3429 4393 3543 4449 qua
3562 4391 3693 4432 con-

425 4509 511 4563 cio
528 4505 821 4576 iucipitur;
854 4503 983 4559 licet
999 4501 1178 4575 Pythii
1206 4502 1473 4573 Apollinis
1506 4503 1561 4557 in
1592 4516 1657 4558 eo
1678 4500 1942 4557 suburbio
1965 4515 1995 4555 a
2020 4500 2315 4571 gentilibus
2344 4499 2479 4555 culti
2504 4498 2790 4563 memoria,
2815 4512 3031 4552 necnon
3067 4496 3173 4550 alia
3196 4494 3456 4566 quaedam
3486 4492 3691 4549 similia

425 4621 873 4693 Chrysostomum
927 4616 1345 4673 concionantem
1378 4614 1585 4671 referre
1603 4613 1912 4680 videantur,
1962 4628 2074 4670 non
2107 4629 2282 4685 pauca
2320 4620 2449 4669 sunt
2475 4626 2597 4683 quae
2625 4610 2973 4681 peregrinum
3006 4608 3208 4674 oleant,
3257 4609 3694 4665 exclamationes

340 4809 354 4821 ἰ
429 4737 685 4792 nimirum
733 4744 788 4791 et
807 4733 1259 4804 interrogationes
1289 4739 1586 4802 perpetuae,
1609 4726 1748 4799 quas
1782 4730 1909 4786 licet
1948 4728 2008 4785 S.
2040 4730 2234 4786 doctor
2260 4744 2368 4785 non
2393 4743 2518 4785 raro
2551 4728 2727 4784 soleat
2753 4740 3039 4797 usurpare,
3072 4739 3184 4780 non
3229 4733 3341 4779 tam
3375 4723 3694 4795 frequenter

449 4978 2858 5004 Μ

1285 5070 1407 5154 [Ν
1450 5032 2265 5155 PRODITIONEM
2315 5074 2648 5158 Π]υῶ
2675 5068 2781 5151 (α).

1830 5247 2252 5306 @WEE

347 5420 353 5445 τ
447 5370 597 5427 Nunc
624 5380 832 5424 amoena
863 5363 1105 5435 Daphne,
1129 5376 1269 5418 nunc
1294 5360 1540 5433 religiosa
1564 5371 1664 5429 est,
1684 5378 1788 5419 non
1817 5365 1978 5421 modo

391 5460 534 5532 quod
573 5458 944 5530 limpidissima
992 5453 1192 5511 ﬂuenta
1231 5453 1459 5521 emittat,
1500 5467 1606 5509 non
1636 5454 1775 5525 quod
1813 5457 1975 5511 arboo

390 5570 506 5608 rum
549 5565 731 5608 comas
773 5550 882 5605 alat
919 5547 1369 5619 iucundissimas;
1410 5545 1508 5602 sed
1551 5546 1693 5617 quod
1737 5550 1976 5620 peregri-

389 5660 511 5701 nam
542 5644 774 5714 plautam
796 5656 1011 5697 crucem
1040 5641 1302 5713 receperit
1329 5657 1343 5694 :
1376 5652 1517 5694 nunc
1544 5638 1664 5695 fons
1690 5655 1815 5696 vere
1837 5649 1976 5696 tem-

392 5749 584 5805 perans
610 5743 695 5789 est
726 5746 781 5790 et
814 5733 1003 5803 Pythio
1029 5732 1261 5787 daemoui
1293 5730 1563 5788 terribilis.
1608 5729 1724 5788 Non
1752 5731 1977 5803 amplius

459 5846 532 5908 (α)
566 5845 759 5898 Excod.
785 5852 881 5895 Em.
911 5844 1043 5894 card.
1065 5845 1304 5896 Ottohom.

2082 5368 2258 5439 impiis
2286 5368 2415 5423 viris
2454 5366 2628 5422 solum
2667 5363 2979 5421 calcandum
3018 5362 3205 5429 olfert,
3250 5360 3345 5417 sed
3386 5362 3543 5417 vobis
3587 5361 3690 5431 piis

2081 5474 2271 5515 nemus
2304 5458 2540 5529 prmbet,
2585 5456 2871 5528 imaginem
2898 5455 3148 5509 amabilis
3194 5451 3341 5509 iilius
3369 5454 3499 5520 loci,
3540 5453 3686 5509 born

2081 5566 2301 5623 nempe,
2335 5551 2387 5605 in
2430 5564 2538 5621 quo
2580 5548 2881 5606 Servatoris
2919 5547 3181 5618 proditio,
3212 5547 3389 5601 audax
3424 5544 3643 5601 facinus
3664 5584 3680 5605 ,

2082 5651 2292 5714 peracta
2315 5650 2418 5707 est,
2447 5640 2739 5711 salutisque
2777 5648 2975 5694 nostra:
3013 5638 3284 5707 negotium
3313 5645 3494 5692 ortmu
3520 5650 3682 5690 aocc-

2084 5738 2179 5808 pit.
2208 5736 2422 5791 Atenim
2445 5734 2572 5805 quid
2600 5732 2849 5804 praesenti
2872 5731 3033 5788 actui
3060 5731 3249 5801 loquar
3268 5744 3377 5786 non
3402 5728 3682 5800 suppetit:

2086 5830 2317 5902 linguam
2348 5836 2527 5884 movet
2546 5836 2717 5883 cretus
2746 5824 2811 5881 ad
2838 5822 3028 5881 Iudam
3067 5821 3449 5889 iucusandum,
3480 5825 3582 5878 sed
3623 5832 3683 5875 us
