3858 6280
138 363 249 416 717

138 491 329 530 meum
352 477 420 532 ad
450 490 510 533 se
549 476 810 547 pertrabit
849 475 1148 532 Scrvatoris
1180 476 1480 532 cicmentia.
1527 478 1741 535 Duobus

143 571 302 627 hisce
339 572 612 637 detineor,
644 569 770 627 odio
808 570 1097 641 proditoris
1122 577 1388 626 clamore
1419 571 1624 626 Domini
1650 589 1662 625 :
1688 579 1742 626 at

141 662 315 718 vincit
337 662 519 717 odium
549 676 722 728 amor,
745 670 928 732 utpote
952 660 1121 731 major
1146 660 1492 732 validiorque.
1544 655 1743 730 Quam-

140 753 339 808 obrem
368 753 558 808 relicto
594 753 890 824 proditore,
917 752 1215 809 beneficum
1244 753 1478 818 celebro,
1508 768 1612 808 non
1645 768 1742 823 pro

145 842 295 898 illius
320 843 576 914 dignitate
599 885 615 913 ,
638 843 732 899 sed
764 858 859 913 pro
886 843 1132 900 facultate
1170 860 1307 901 mea.
1338 845 1618 912 Quomodo
1657 846 1749 901 in-‘

143 934 370 989 clinavit
397 934 579 1002 ctelos,
620 943 675 990 et
698 935 974 991 descendit
1003 936 1054 991 in
1099 936 1337 990 terram?
1364 935 1632 1006 quomodo
1674 936 1740 1002 is,

141 1025 240 1094 qui
286 1033 454 1079 totum
482 1026 655 1095 replet
680 1025 956 1093 mundum,
996 1025 1061 1079 ad
1095 1041 1181 1080 me
1221 1025 1407 1091 venit,
1436 1040 1532 1095 pro
1566 1040 1650 1080 me
1691 1034 1746 1080 et

140 1118 444 1174 secundum
488 1133 576 1174 me
617 1118 829 1174 factus?
855 1118 1126 1190 quomodo
1154 1134 1311 1187 eum,
1354 1133 1513 1189 quem
1559 1117 1744 1188 prodi-

143 1219 323 1266 torem
374 1208 609 1265 futurum
663 1218 918 1277 noverat,
961 1209 1278 1279 discipulum
1324 1208 1569 1279 accepit?
1612 1224 1744 1279 quo-

143 1302 313 1357 modo
348 1303 620 1357 inimicum
648 1317 707 1359 se
737 1311 794 1358 ut
818 1305 1044 1358 anticum
1071 1304 1223 1373 sequi
1248 1303 1453 1371 jussit?
1478 1303 1746 1372 quomodo

144 1410 259 1449 non
302 1394 368 1448 de
398 1395 720 1464 proditione,
752 1395 851 1452 sed
880 1396 946 1451 de
986 1395 1273 1466 proditoris
1298 1394 1468 1453 salute
1496 1393 1592 1449 fuit
1632 1394 1744 1449 sol-

147 1486 373 1540 licitus?
413 1485 547 1540 Nam
586 1484 804 1557 Vespere
830 1487 986 1555 facta,
1026 1487 1216 1557 inquit,
1260 1484 1746 1539 recuntbebatlesus

144 1597 269 1633 cum
313 1580 580 1635 duodecim
626 1580 890 1653 discipulis
926 1582 1053 1649 suis,
1082 1590 1129 1635 et
1177 1580 1602 1634 manducantibus
1642 1579 1747 1634 illis

145 1675 282 1728 dixit
310 1689 329 1727 :
354 1672 532 1739 Amen,
565 1690 714 1729 amen
743 1674 855 1728 dico
876 1675 1030 1738 vobis,
1069 1674 1204 1741 quod
1228 1690 1357 1728 unus
1393 1683 1608 1728 vestrum
1637 1681 1745 1727 tra-

145 1764 237 1818 det
272 1781 353 1819 me
395 1762 608 1836 (Matth.
656 1765 749 1821 26.
780 1765 870 1822 20.
921 1765 1037 1836 21).
1084 1765 1446 1821 Proditionem
1477 1764 1743 1837 praedixit,

143 1866 215 1910 ut
242 1858 420 1912 scelus
443 1856 738 1912 cohiberet.
768 1856 1046 1913 Neminem
1074 1856 1315 1912 indicans
1348 1856 1744 1926 praedictionem

146 1950 353 2016 emisit,
384 1965 503 2019 qua:
530 1949 599 2005 de
625 1948 869 2019 discipuli
903 1948 1157 2019 nequitia,
1201 1946 1637 2005 recnmbentibus
1659 1961 1750 2005 oo-

144 2040 320 2106 eulta,
368 2039 697 2109 triumphare
738 2055 843 2094 non
888 2040 1078 2110 potuit.
1127 2038 1257 2107 Quis
1297 2039 1452 2095 talem
1496 2052 1746 2107 umquam

148 2132 369 2187 Domini
414 2132 792 2203 benignitatem
835 2132 1003 2188 vidit?
1041 2132 1105 2187 Et
1130 2131 1371 2201 proditur
1409 2139 1463 2187 et
1507 2130 1747 2202 prodito-

149 2238 271 2278 rem
302 2231 464 2278 amat.
502 2221 634 2291 Quis
668 2222 961 2293 despicitur
989 2230 1043 2277 et
1072 2221 1434 2278 misericordia
1468 2220 1750 2276 movetur?

147 2317 405 2373 venditur
449 2324 505 2372 et
544 2317 927 2387 nequissimum
976 2326 1328 2372 mercatorem
1371 2329 1573 2370 mensae
1615 2329 1749 2368 eon-

148 2420 357 2464 Stzrtetn
394 2408 626 2479 accipit,
660 2415 716 2467 et
759 2408 1056 2465 insidiatori
1098 2407 1304 2478 parcit?
1339 2406 1403 2460 Et
1436 2405 1755 2461 utanducan-

150 2501 288 2558 tibus
323 2501 429 2556 illis
467 2500 831 2568 dixit:Amen,
891 2517 1036 2556 auten
1080 2500 1192 2555 dico
1231 2499 1401 2565 vobis,
1441 2497 1576 2569 quod
1616 2513 1750 2552 unus

148 2604 373 2649 vestrum
397 2595 559 2649 tradet
585 2610 663 2648 me
694 2592 798 2666 (Ib.
831 2610 878 2648 v.
901 2593 1016 2665 2i).
1040 2592 1111 2650 Ut
1142 2594 1301 2647 homo
1329 2590 1663 2656 comedebat,
1696 2599 1752 2645 et

149 2695 217 2739 ut
257 2685 399 2741 Deus
428 2686 600 2741 futura
639 2685 1005 2755 praedicebat:
1051 2700 1171 2756 qua;
1209 2695 1412 2739 natura:
1440 2690 1753 2753 competunt

149 2792 330 2841 mete,
379 2777 467 2833 ille
510 2778 614 2832 mei
652 2792 809 2833 causa
849 2777 1028 2833 subire
1076 2777 1342 2848 dignatur.
1385 2775 1753 2845 Omnibusque

148 2869 430 2940 discipulis
454 2869 521 2926 de
567 2870 656 2925 tali
699 2869 843 2926 dicto
886 2868 1230 2940 stupefactis,
1275 2876 1330 2923 et
1371 2867 1750 2923 conscientiam

149 2980 310 3019 suam
361 2964 594 3034 graviter
637 2962 986 3030 ferientibus,
1034 2976 1353 3032 cenamque
1399 2961 1452 3015 in
1505 2963 1752 3019 maeroris

151 3066 372 3125 tempus
398 3055 852 3120 convertentibus,
879 3053 1207 3126 singulisque
1231 3052 1551 3121 dicentibus,
1583 3051 1753 3106 Num-

150 3148 282 3218 quid
317 3163 407 3218 ego
436 3163 546 3201 sum
568 3186 584 3213 ,
620 3145 838 3201 Domine
870 3144 978 3218 (Ib.
1016 3162 1064 3199 v.
1092 3142 1214 3216 29.)?
1241 3153 1295 3199 ut
1329 3142 1750 3213 interrogatione

154 3241 253 3294 illa
296 3240 533 3295 Inoiesta:
561 3239 879 3310 suspicionis
907 3238 1147 3294 levamen
1180 3237 1514 3302 invenirent,
1559 3236 1750 3290 animis

151 3328 534 3401 intempestive
564 3332 830 3399 percussis
853 3329 1145 3384 remedium
1176 3328 1434 3383 adhibens
1457 3328 1709 3383 Set-valor
1729 3368 1743 3391 ,

149 3439 287 3479 eum
335 3424 424 3493 qui
474 3422 729 3479 hactenus
772 3423 1010 3479 occultus
1049 3421 1225 3476 fuerat
1265 3420 1615 3491 responsione
1653 3436 1751 3477 sua

151 3517 395 3573 declatat
419 3534 431 3569 :
454 3515 554 3584 Qui
578 3517 799 3588 intingit,
822 3516 1009 3586 inquit,
1038 3529 1230 3570 mecum
1255 3528 1461 3570 ntanum
1485 3515 1538 3567 in
1562 3516 1747 3580 catino,

154 3614 245 3666 hic
286 3628 367 3666 me
401 3613 582 3665 tradet.
623 3609 690 3664 Et
736 3611 901 3664 Filius
926 3610 1127 3678 quidem
1172 3609 1390 3663 hominis
1418 3608 1577 3674 vadit,
1622 3607 1753 3665 sicut

152 3705 407 3774 scriptum
449 3713 523 3758 est
566 3703 629 3756 de
657 3703 765 3757 illo.
805 3702 890 3756 Vw
921 3711 1090 3755 autem
1126 3700 1317 3755 homini
1344 3700 1449 3764 illi,
1478 3716 1568 3769 per
1605 3715 1751 3767 quem

156 3795 337 3850 Filius
376 3795 592 3849 hominis
628 3795 854 3850 tradetur
876 3810 895 3849 :
932 3793 1116 3848 bonum
1156 3793 1201 3847 ei
1242 3802 1349 3846 erat
1390 3792 1436 3846 si
1472 3802 1621 3846 natus
1650 3807 1751 3845 twn

154 3889 343 3958 fuisset
373 3887 521 3943 homo
560 3888 649 3942 ille
676 3886 780 3957 (Ib.
827 3902 873 3941 v.
901 3886 990 3942 9.3.
1020 3885 1136 3955 24).
1179 3886 1461 3940 Miseratur
1486 3899 1631 3948 eum,
1662 3883 1752 3954 qui

154 3996 223 4035 se.
247 3980 491 4033 miserari
522 3980 724 4044 uoluit;
754 3979 921 4047 parcit
947 3978 1016 4043 ei,
1046 3978 1133 4048 qui
1160 3978 1353 4031 anima:
1377 3990 1488 4031 sua:
1512 3989 1616 4030 non
1658 3989 1752 4044 pe-

157 4081 428 4144 percerat.
453 4072 627 4127 Palam
654 4070 830 4127 facere
854 4071 1066 4127 uolebat
1086 4085 1230 4136 eum,
1259 4070 1350 4138 qui
1376 4068 1558 4139 sejam
1581 4068 1757 4137 palam

156 4166 384 4229 fecerat,
416 4164 487 4219 illi
514 4163 838 4234 paenitentiae
867 4174 991 4230 tem;
1012 4176 1096 4228 us,
1125 4161 1508 4233 discipuliSque
1537 4159 1757 4230 reliquis

157 4256 416 4312 maeroris
466 4255 729 4313 medelam
785 4255 1151 4324 suppeditans.
1196 4254 1391 4307 Verum
1445 4252 1576 4306 nihil
1633 4251 1755 4306 hinc

156 4347 358 4401 melior
408 4345 631 4403 effectus
669 4344 910 4417 proditor
953 4353 1054 4401 est.
1108 4344 1400 4415 Oportebat
1444 4328 1587 4399 enim
1632 4357 1757 4399 eum

156 4448 285 4510 post
332 4436 603 4495 horrenda
648 4435 953 4508 lntjusmodi
998 4435 1159 4492 verba
1210 4447 1432 4504 repente
1483 4435 1552 4491 de
1602 4448 1759 4489 etena

154 4543 407 4598 surgere,
452 4528 733 4599 oportebat
765 4527 1165 4597 condiscipulos
1194 4525 1571 4596 deprecatores
1599 4523 1753 4578 adhi-

156 4625 318 4686 bere,
349 4620 629 4690 Oportebat
650 4619 950 4677 Servatoris
970 4635 1145 4690 genua
1163 4618 1468 4689 complecti,
1502 4617 1756 4687 illumque

158 4711 474 4783 hujusmodi
524 4711 681 4769 dictis
723 4712 972 4783 placare:
1018 4710 1274 4776 Peccavi,
1315 4708 1751 4774 clementissime,

158 4803 423 4877 peccavi,
471 4803 648 4875 inique
698 4804 815 4874 egi,
865 4818 987 4859 cum
1033 4801 1340 4857 hominibus
1379 4815 1542 4871 parvo
1586 4800 1758 4869 pretio

160 4897 381 4953 vendidi
422 4897 847 4953 intestimabilem
889 4897 1264 4966 margaritam;
1305 4895 1485 4966 inique
1524 4893 1607 4965 egi
1651 4894 1753 4948 im-

158 5009 413 5049 mensum
437 4993 749 5049 thesaurum
768 5007 866 5063 pro
890 4991 1035 5046 tenui
1064 4991 1287 5061 pecunia
1308 4990 1563 5061 prodens.
1592 4989 1756 5044 Parce

160 5085 323 5151 mihi,
358 5083 536 5141 damni
579 5092 634 5139 et
678 5081 931 5151 perniciei
973 5080 1300 5137 mercatori:
1341 5081 1556 5150 ignosce
1588 5078 1753 5146 mihi,

157 5177 325 5247 cujus
363 5176 603 5229 animum
643 5174 757 5229 auri
792 5188 945 5230 amor
982 5171 1274 5244 corripuit:
1325 5172 1539 5242 ignosce
1571 5172 1620 5226 ei
1663 5175 1755 5241 qui

159 5286 189 5322 a
222 5264 516 5324 Pharisatis
540 5266 741 5326 nefarie
767 5268 1023 5340 deceptus
1049 5276 1152 5325 est.
1196 5267 1397 5324 ﬂorum
1432 5268 1636 5323 nullum
1674 5267 1757 5322 vel

159 5362 420 5433 protulit,
450 5360 536 5416 vel
567 5360 857 5431 cogitavit;
888 5361 985 5421 sed
1010 5362 1267 5432 asperiori
1296 5376 1428 5417 voce
1464 5362 1629 5417 animi
1658 5362 1761 5417 inin

158 5453 483 5524 pudentiam
524 5454 778 5525 patefecit
814 5455 1132 5513 clamando:
1174 5454 1439 5523 Numquid
1478 5470 1570 5525 ego
1609 5470 1756 5522 sum,

164 5545 429 5601 Domine?
455 5543 501 5602 Ο
547 5545 780 5616 linguam
815 5546 1214 5618 impudentem!
1256 5560 1291 5602 ο
1322 5546 1558 5602 animum
1602 5545 1759 5600 indo-

160 5636 400 5692 mitum!
449 5637 748 5708 interrogat
785 5646 841 5694 ut
883 5638 1100 5709 ignarus
1124 5651 1333 5703 eorum,
1374 5651 1493 5708 qua:
1536 5634 1762 5692 medita-

160 5735 354 5797 batur,
398 5742 455 5789 et
495 5734 596 5788 hoc
640 5733 807 5789 latere
855 5742 1003 5803 putat
1036 5733 1194 5789 oculo
1235 5746 1523 5802 numquam
1569 5744 1761 5801 sopore

158 5824 374 5881 clauso.
422 5824 617 5880 Animo
659 5824 838 5882 dolum
880 5833 1086 5896 gestat,
1135 5833 1189 5881 et
1228 5824 1405 5894 lingua
1446 5821 1760 5893 ignorantia:

1399 365 1485 420 DE
1527 366 1935 424 PRODITIONE
1975 366 2189 423 JUDE.

3332 376 3431 429 718

1849 480 2070 534 verbum
2112 477 2313 548 profert
2345 495 2358 531 :
2393 487 2571 534 mente
2608 479 2718 549 jam
2745 480 3101 550 proditionem
3136 482 3355 551 fecerat,
3380 500 3431 544 et

1845 586 1962 637 ore,
2005 580 2061 625 ut
2091 578 2270 640 putat,
2313 580 2591 640 peceatum
2633 571 2851 641 obtegit.
2902 571 3093 627 Iisdem
3140 581 3299 644 atque
3344 578 3431 631 alii

1846 661 2094 732 discipuli
2146 662 2309 716 utitur
2351 663 2528 716 verbis
2553 703 2568 727 ,
2611 662 2767 734 longe
2809 663 3156 719 dissimilibus
3206 681 3326 721 cum
3368 670 3433 725 sit

1848 752 2088 807 moribus
2115 770 2128 806 :
2158 752 2314 823 lupus
2341 754 2555 821 animo,
2587 755 2746 808 ovina
2790 756 3080 824 respondet
3102 772 3255 813 voce.
3296 760 3433 828 Quid

1847 841 1917 897 ad
1941 842 2089 897 illum
2115 842 2366 898 Servator
2384 843 2408 897 ?
2427 842 2508 897 Tu
2535 845 2727 898 dixisti.
2751 844 3018 900 Toleranti
3050 862 3180 902 voce
3205 847 3434 918 improbi

1849 950 2063 990 scenam
2093 937 2349 1006 coarguit.
2383 936 2599 991 Poterat
2628 938 2771 992 enim
2812 938 2888 992 illi
2925 938 3103 994 dicere
3137 932 3321 1008 {Quid
3352 942 3437 995 di-

1846 1027 1946 1093 cis,
1969 1029 2296 1085 exsecrande
2339 1037 2394 1084 et
2419 1030 2716 1085 scelerate?
2756 1031 2881 1101 quid
2911 1031 3062 1096 dicis,
3092 1034 3436 1103 pecuniarum

1847 1118 2198 1191 mancipium,
2244 1129 2301 1177 et
2340 1121 2535 1176 diaboli
2584 1123 2853 1177 consors?
2898 1124 3133 1179 audesne
3183 1126 3423 1195 ignoran-

1851 1213 1975 1267 tiam
2003 1212 2296 1269 simulare?
2321 1213 2486 1269 audes
2506 1216 2759 1284 obtegere
2782 1230 2901 1284 qua:
2926 1216 3101 1285 obtegi
3129 1219 3441 1285 nequeunt?

1848 1318 2024 1359 annon
2077 1304 2352 1359 divinitate
2403 1304 2679 1360 adstabam
2743 1307 2837 1361 tibi
2883 1307 3098 1377 indigna
3151 1308 3443 1363 molienti?

1847 1407 2025 1449 annos
2070 1393 2363 1451 divinitatis
2403 1397 2561 1451 oculo
2602 1405 2654 1451 te
2697 1396 2804 1451 vidi
2846 1397 3129 1452 adeuntem
3171 1400 3442 1469 principes

1849 1490 2228 1546 sacerdotum?
2266 1505 2442 1544 annon
2489 1491 2573 1545 vel
2613 1491 2808 1546 absens
2846 1490 3126 1546 audiebam
3168 1500 3220 1546 te
3255 1490 3441 1546 diccu-
3484 1492 3495 1503 ‘

1850 1590 1979 1649 tem,
2015 1583 2151 1650 Quid
2174 1584 2321 1637 vultis
2363 1583 2485 1636 mihi
2524 1583 2665 1648 dare,
2708 1593 2754 1636 et
2801 1600 2890 1654 ego
2916 1584 3051 1638 vobis
3088 1600 3200 1637 eum
3244 1585 3441 1636 tradam

1851 1674 2071 1745 (Matth.
2101 1675 2190 1730 ‘26.
2237 1672 2368 1748 i5)?
2418 1691 2485 1730 an
2518 1676 2704 1743 ignoro
2745 1675 2927 1745 quanti
2968 1690 3054 1730 me
3100 1674 3443 1730 vendideris?

1850 1766 1988 1834 Quid
2020 1768 2217 1838 igitur?
2255 1768 2397 1823 itane
2439 1767 2715 1823 convictus
2758 1765 3098 1837 impudenter
3122 1766 3274 1834 agis?
3315 1766 3438 1835 quid

1851 1874 1914 1914 ea
1963 1867 2144 1929 tegere
2191 1859 2403 1914 conaris
2444 1874 2564 1929 qua:
2617 1858 2791 1914 facere
2845 1858 3046 1928 cupis?
3093 1857 3222 1911 mihi
3264 1857 3440 1911 omnia

1851 1951 1992 2006 mula
2038 1959 2093 2005 et
2137 1961 2320 2021 aperta
2367 1960 2511 2005 sunt.
2550 1950 2675 2005 lltcc
2719 1965 2839 2003 cum
2889 1948 3217 2018 respondere
3263 1958 3442 2017 posset

1851 2043 2117 2109 Christus,
2151 2058 2255 2098 non
2298 2045 2369 2097 ita
2413 2042 2660 2112 loquutus
2688 2049 2806 2107 est;
2853 2039 2946 2094 sed
2978 2038 3287 2108 simpliciter
3331 2038 3444 2107 pla—

1812 2208 1821 2209 ,
1854 2135 2079 2206 cideque
2125 2137 2241 2190 sine
2272 2135 2382 2189 ullo
2425 2132 2805 2204 indignationis
2843 2131 3083 2219 stimulo,
3114 2129 3195 2184 Tu
3235 2130 3441 2193 dixisti;

1854 2238 1912 2284 ut
1951 2242 2049 2282 nos
2078 2226 2297 2282 doceret
2333 2226 2411 2281 sic
2447 2240 2569 2280 cum
2600 2224 2827 2279 inimicis
2870 2238 2988 2278 esse
3030 2221 3314 2292 agendum.
3350 2222 3442 2275 At-

1853 2328 2033 2374 tamen
2083 2327 2204 2390 post
2249 2325 2449 2373 tantam
2499 2315 2869 2370 circuitionem
2915 2312 3107 2368 mansit
3153 2312 3205 2366 in
3252 2311 3440 2366 morbo

1853 2409 2033 2475 ludas,
2067 2425 2175 2465 non
2202 2408 2416 2475 medici,
2445 2407 2539 2464 sed
2567 2407 2875 2479 aegrotantis
2903 2404 3125 2459 incuria.
3155 2402 3250 2459 ille
3288 2418 3440 2457 nam-

1852 2516 1957 2572 que
1981 2502 2159 2557 omnia
2182 2499 2250 2555 ad
2288 2499 2515 2554 salutem
2545 2497 2780 2553 remedia
2806 2494 3147 2562 admovebat,
3188 2493 3274 2548 hic
3313 2510 3441 2547 vero

1853 2606 1917 2647 ea
1946 2591 2227 2647 admittere
2256 2590 2508 2656 nolebat;
2551 2587 2644 2643 sed
2675 2602 2832 2643 unam
2876 2602 2994 2641 cum
3045 2594 3227 2640 nosset
3263 2583 3441 2639 avari-

1855 2685 2001 2748 tiam,
2030 2699 2218 2739 aurum
2248 2683 2463 2738 Christo
2494 2681 2869 2751 anteponebat,
2903 2688 3123 2747 eratque
3152 2678 3237 2742 iis,
3268 2676 3358 2748 qui
3384 2692 3441 2731 se

1853 2778 2244 2842 conduxerant,
2277 2775 2568 2831 benevolus
2606 2783 2769 2845 atque
2794 2772 2983 2826 fidelis.
3014 2770 3288 2827 Accedens
3314 2783 3441 2825 vero

1854 2869 2019 2925 Judas
2054 2868 2269 2923 Christo
2293 2865 2426 2921 dixit
2454 2883 2467 2919 :
2498 2864 2621 2930 Ave,
2664 2863 2862 2927 Rabbi;
2887 2871 2930 2915 et
2954 2861 3208 2915 osculatus
3231 2870 3303 2914 est
3329 2876 3441 2913 eum

1857 2959 1962 3034 (Ib.
1987 2979 2033 3016 υ.
2065 2959 2177 3029 49).
2204 2957 2383 3012 Novus
2411 2970 2541 3011 sane
2583 2953 2897 3025 proditionis
2924 2950 3134 3017 modus,
3165 2950 3232 3004 ab
3257 2949 3442 3003 osculo

1855 3062 1911 3107 et
1960 3049 2369 3120 compellatione
2414 3047 2687 3116 prodiens.
2738 3045 2888 3099 Jesus
2930 3054 3099 3099 autem
3141 3042 3269 3097 dixit
3312 3041 3390 3094 illi
3423 3057 3440 3094 :

1856 3143 2048 3207 Amice,
2080 3142 2149 3193 ad
2177 3140 2301 3209 quid
2330 3138 2508 3192 venisti
2546 3135 2651 3209 (Ib.
2682 3153 2732 3189 v.
2770 3132 2900 3204 50)?
2926 3132 3053 3203 quid
3095 3148 3180 3187 me
3209 3132 3442 3201 gaudere

1850 3232 2029 3302 jubes,
2074 3230 2199 3285 dum
2251 3229 2379 3283 mihi
2428 3227 2625 3281 malum
2675 3225 2872 3280 inferre
2912 3222 3152 3292 cogitas?
3191 3221 3316 3292 quid
3356 3236 3442 3275 me

1856 3324 2018 3378 verbo
2065 3321 2288 3385 deliuis,
2333 3322 2459 3375 dum
2508 3333 2671 3388 opere
2718 3315 2995 3386 percutis?
3059 3328 3216 3367 vocas
3269 3313 3440 3381 magi-

1856 3425 2044 3481 strum,
2093 3430 2213 3469 cum
2258 3429 2364 3468 non
2406 3411 2479 3467 sis
2522 3405 3005 3478 discipulus?qnid
3052 3404 3285 3460 caritatis
3320 3403 3439 3472 jura

1856 3507 2136 3583 confodis?
2177 3521 2274 3561 cur
2305 3505 2448 3574 pacis
2473 3501 2773 3575 symbolum
2804 3500 2857 3554 in
2888 3499 3097 3569 signum
3128 3494 3442 3566 proditionis

1857 3599 2157 3657 convertis?
2211 3597 2488 3667 eujusnam
2538 3593 2786 3662 exemplo
2851 3591 2954 3645 hoc
3005 3588 3253 3660 peragis?
3302 3587 3438 3643 Nunt

1856 3692 1936 3754 sic
2000 3689 2180 3745 vidisti
2237 3704 2408 3759 nuper
2474 3685 2811 3743 meretricem
2882 3681 3043 3752 pedes
3114 3682 3440 3736 osculantem

1857 3787 2046 3847 meos?
2085 3801 2213 3841 num
2248 3785 2326 3841 sic
2370 3783 2557 3841 vidisti
2590 3781 2954 3838 centurionem
3003 3778 3061 3832 in
3101 3789 3269 3844 genua
3320 3788 3442 3842 prn-

1857 3876 2239 3943 cuntbentem?
2280 3891 2403 3930 num
2443 3874 2581 3930 forte
2627 3873 2897 3927 dmntonas
2928 3869 3001 3923 ita
3037 3863 3442 3921 suecumbentcs

1858 3968 2077 4028 vidisti?
2118 3967 2250 4023 Novi
2280 3967 2398 4037 quis
2446 3965 2539 4020 tibi
2580 3964 2751 4019 dolosi
2793 3961 2959 4017 osculi
2988 3960 3129 4013 viam
3173 3964 3442 4012 monstra-

1855 4063 1994 4118 verit
2021 4080 2034 4116 :
2064 4058 2309 4115 diabolus
2339 4057 2429 4112 tibi
2462 4055 2581 4110 talis
2609 4054 2885 4123 amplexus
2912 4050 3125 4106 modum
3157 4047 3438 4118 suggessit,

1859 4132 1915 4215 tu
1946 4132 2086 4209 iero
2115 4149 2361 4220 improbo
2400 4145 2706 4203 consiliario
2744 4143 3151 4211 obtemperans,
3191 4140 3307 4207 ejus
3344 4152 3441 4190 vo-

1856 4247 2115 4302 luntatem
2156 4240 2485 4312 exsequeris.
2518 4237 2689 4291 Amice
2709 4276 2727 4303 ,
2762 4235 2830 4288 ad
2856 4233 2977 4304 quid
3016 4231 3236 4285 venisti?
3265 4228 3444 4299 iniqua

1859 4347 2009 4410 pacta
2035 4335 2219 4404 imple,
2258 4310 2376 4404 quia:
2421 4346 2541 4387 cum
2572 4329 2859 4385 Pharisacis
2891 4322 3053 4379 iniisti
3089 4321 3447 4378 :venditionis

1859 4432 2216 4507 syngrapham
2264 4429 2483 4485 absolve
2535 4443 2550 4480 :
2594 4423 2870 4480 subscribe
2919 4420 2993 4476 illi
3041 4418 3253 4488 negotio
3303 4413 3445 4486 quod

1862 4526 2127 4599 pollicitus
2155 4536 2214 4579 es
2244 4542 2258 4578 :
2289 4519 2457 4592 prode
2480 4533 2626 4584 eum,
2655 4515 2743 4586 qui
2771 4512 2923 4584 prodi
2950 4510 3134 4579 cupit:
3162 4508 3269 4579 jam
3311 4521 3448 4599 pra--

1862 4594 1942 4677 ier
1993 4617 2198 4673 loculos
2252 4608 2573 4669 venditionis
2618 4604 2944 4675 marsupium
3001 4599 3262 4672 posside:
3313 4594 3446 4652 cede

1860 4710 2076 4775 latroni,
2103 4708 2196 4779 qui
2223 4722 2318 4777 per
2342 4701 2731 4761 confessionem
2758 4695 2998 4752 ordinem
3025 4691 3314 4761 adepturus
3340 4697 3445 4750 est,

1860 4819 2017 4875 quem
2063 4811 2119 4856 tu
2168 4815 2263 4870 per
2304 4796 2659 4869 proditionem
2696 4788 2943 4846 amisisti.
2977 4785 3120 4841 Tum:
3159 4782 3455 4839 accedentes

1859 4897 2139 4966 iujscerunt
2175 4906 2356 4947 manus
2382 4889 2437 4943 iu
2477 4886 2673 4952 Iesum,
2706 4893 2753 4938 et
2782 4889 3048 4936 tenuerunt
3084 4894 3207 4933 eum
3239 4874 3448 4948 (Ibid.).

1861 4986 2012 5043 Tunc
2051 4982 2374 5053 completum
2426 4986 2511 5034 est
2559 4974 2928 5047 pmpheticum
2975 4969 3107 5026 illud
3142 4968 3448 5039 eloquium:

1863 5076 2310 5135 Circumdederunt
2330 5087 2407 5126 me
2429 5071 2557 5126 sicut
2584 5084 2704 5139 apes
2730 5070 2920 5138 favum,
2953 5073 2999 5118 et
3028 5068 3324 5117 exarserunt
3348 5057 3449 5110 sic-

1861 5183 1916 5226 ut
1960 5169 2090 5241 ignis
2128 5168 2184 5220 in
2219 5164 2379 5234 spinis
2420 5159 2590 5233 (Psal.
2628 5159 2750 5214 ll'i.
2783 5157 2907 5224 12);
2952 5168 3016 5208 ac
3056 5163 3304 5241 rursum:
3341 5146 3453 5200 Cir-

1865 5239 2223 5318 cutttdedertmt
2247 5272 2325 5311 me
2346 5270 2495 5310 canes
2537 5251 2680 5306 multi
2700 5291 2714 5316 ,
2748 5248 2881 5303 tauri
2913 5246 3120 5316 pingues
3153 5239 3452 5294 obsederunt

1863 5371 1943 5411 me
1980 5350 2153 5424 (Psal.
2184 5348 2274 5404 9.1.
2309 5348 2422 5419 i'i).
2469 5345 2667 5399 Verum
2707 5357 2739 5395 υ
2781 5334 3149 5399 tolerantiam,
3185 5344 3309 5424 qua:
3353 5328 3453 5381 soli

1866 5446 1966 5519 ipsi
1992 5422 2293 5514 competit!
2337 5439 2393 5495 ln
2423 5437 2559 5496 caelo
2599 5430 2889 5491 Cberubim
2932 5436 2987 5483 et
3014 5422 3292 5493 Seraphin)
3331 5435 3453 5519 eum

1865 5513 1973 5596 non
2011 5513 2241 5595 audeant
2281 5533 2545 5603 respicere
2583 5526 2865 5582 sublimem
2893 5521 3008 5592 ejus
3044 5516 3289 5589 gloriam,
3335 5513 3457 5567 vnl-

1871 5642 1981 5688 tum
2009 5642 2162 5685 suum
2190 5626 2285 5679 alis
2315 5639 2414 5678 ceu
2444 5619 2685 5676 manibus
2711 5613 2979 5686 operiunt,
3005 5618 3060 5664 et
3080 5608 3131 5663 in
3159 5616 3295 5662 terra
3327 5604 3453 5658 dum

1868 5737 1995 5778 caro
2023 5719 2139 5791 ejus
2178 5715 2424 5771 manibus
2465 5710 2767 5780 iniquorum
2803 5708 3094 5767 teneretur,
3134 5698 3184 5752 id
3235 5697 3322 5752 ille
3356 5710 3447 5791 pas

1871 5787 2116 5875 tiebatur'.
2148 5790 2421 5869 Videtisne
2456 5820 2617 5878 quam
2647 5802 2894 5876 patientis
2924 5808 2978 5857 et
3001 5793 3213 5867 benigni
3246 5787 3453 5847 Domini
