3858 6280
448 352 550 412 ’119
1157 351 1212 406 S.
1253 351 1526 408 JO.—\N.\'IS
1563 349 2032 407 CIIRYSOSTOMI
2074 348 2392 404 ARCIIIEP.
2432 345 2969 404 CONSTANTINOI‘.

452 465 583 519 servi
627 463 791 520 silis?
843 463 1004 518 Iidem
1049 477 1176 533 ergo
1220 471 1390 517 estote
1435 477 1557 534 erga
1610 462 1852 516 inimicos
1891 477 2022 517 con-

443 571 631 612 servos
672 567 897 619 vestros,
925 556 1132 627 qualem
1159 571 1282 625 erga
1315 556 1556 609 inimicos
1580 571 1704 610 suos
1747 555 2024 609 Dominum

447 649 675 703 vidistis.
720 647 924 701 Etenim
975 663 1066 702 vos
1096 662 1306 717 quoque
1347 648 1411 702 ad
1449 663 1656 702 coenam
1698 647 2024 717 spiritualem

452 740 673 794 vocandi
731 740 904 793 estis:
955 755 1073 793 cum
1123 739 1344 792 Domino
1401 737 1817 794 recumbendum
1872 738 2027 792 vobis

452 830 593 882 erit:
641 844 706 883 ne
749 829 866 898 quis
911 829 962 882 in
1009 828 1158 882 vobis
1196 827 1360 883 Iudas
1399 828 1638 882 moribus
1681 827 2022 898 reperiatur:

477 1027 1135 1054 mm

1125 1027 1718 1061 mm:

1705 1024 2508 1048 1m

3623 338 3725 393 “:26

2134 475 2321 515 omnes
2355 458 2476 515 cum
2524 474 2656 530 pace
2699 467 2754 514 et
2807 454 3188 526 tranquillitate
3227 451 3509 515 accedite;
3540 465 3728 505 omnes

2133 568 2254 607 cum
2303 567 2431 622 pura
2491 550 2815 608 conscientia
2865 547 3139 604 Servatori
3183 557 3557 607 accurramus.
3613 542 3727 609 Ipse

2132 659 2360 714 namque
2388 652 2472 698 est
2501 642 2735 697 ﬁdelium
2762 640 3020 711 jejunium
3049 648 3208 709 atque
3241 636 3550 692 convivium
3586 651 3599 685 :
3645 633 3727 687 hic

2133 735 2386 788 nutritius
2414 743 2572 802 atque
2609 733 3016 796 nutrimentum,
3050 732 3133 785 hic
3164 739 3347 800 pastor
3371 739 3429 783 et
3449 727 3591 782 ovis.
3626 724 3724 788 Ipsi

2131 827 2300 897 gloria
2333 827 2384 880 in
2413 827 2606 881 smcula
2628 825 2968 880 saeculorum.
2998 824 3188 878 Amen.

2323 1035 2524 1046 ...α-...ι
2567 1037 2646 1044 .--ηι-
2662 1035 2814 1046 ρ---μρσ

1045 1372 1176 1498 S.
1273 1369 1926 1500 JOANNIS
2020 1369 3141 1500 CHRYSOSTOMI

1900 1933 2251 1994 MONITUM

534 2162 651 2221 Non
681 2183 882 2237 paucas
907 2169 1308 2240 peregrinitatis
1330 2177 1488 2226 notas
1533 2169 1586 2225 in
1634 2168 1737 2223 hac
1770 2168 1994 2223 homilia
2032 2166 2502 2240 deprehendimus.
2534 2166 2717 2242 Stylus
2751 2173 2973 2225 omnino
3012 2169 3299 2237 diversus;
3343 2168 3438 2224 illa
3477 2170 3708 2240 Chryso-

463 2283 621 2336 stomi
647 2285 910 2350 inventio,
939 2300 1044 2354 qua
1081 2287 1290 2342 caeteris
1316 2284 1572 2356 praecellit
1599 2284 1978 2354 scriptoribus,
2016 2285 2102 2339 hic
2131 2301 2238 2339 non
2270 2293 2567 2354 comparet.
2594 2283 2753 2340 Ratio
2788 2284 3144 2355 compellandi
3183 2284 3484 2347 auditores,
3517 2299 3708 2350 nempe

475 2397 824 2468 φιλόχριστοι,
867 2415 1027 2469 quam
1062 2401 1150 2454 hic
1179 2410 1424 2470 usurpat.
1455 2400 1506 2454 in
1537 2400 1810 2470 germanis
1847 2398 2220 2471 Chrysostomi
2257 2400 2513 2471 operibus
2534 2403 2619 2456 vix
2653 2402 2975 2471 reperiatur.
3010 2399 3129 2455 Non
3165 2402 3440 2456 immerito
3469 2399 3639 2469 igitur
3656 2409 3705 2452 et

461 2511 842 2579 Combclisius,
879 2515 970 2583 qui
1027 2515 1167 2568 hanc
1201 2514 1542 2577 concionem,
1599 2515 1754 2583 quasi
1793 2513 2032 2568 nondum
2064 2515 2321 2570 emissam
2397 2515 2690 2585 publicavit
2721 2531 2864 2569 anno
2918 2514 3073 2581 I656,
3111 2517 3324 2571 tametsi
3377 2527 3444 2569 ea
3501 2513 3700 2568 emissa

462 2629 640 2686 fuerat
679 2634 731 2686 in
780 2609 1028 2687 Editionc
1065 2632 1439 2704 Chrysostomi
1474 2631 1708 2702 Operum
1758 2632 2024 2700 Parisina,
2079 2649 2220 2688 anno
2260 2634 2421 2697 1636,
2467 2650 2585 2688 eam
2628 2635 2752 2689 licet
2783 2633 3154 2704 Chrysostomi
3195 2633 3414 2687 nomine
3468 2631 3700 2690 dederit,

470 2747 559 2801 alii
614 2749 849 2803 adscribi
892 2763 1052 2817 posse
1102 2748 1312 2802 auctori
1366 2749 1594 2804 censuit.
1648 2747 1837 2802 Parem
1877 2749 2019 2803 circa
2059 2749 2204 2802 illam
2266 2747 2484 2802 exhibet
2522 2747 2836 2816 scrupulum
2887 2747 3279 2802 Tillemontt‘us.
3347 2744 3515 2799 Certe
3557 2757 3698 2806 cum,

3407 2977 3700 2988 ——_—-

446 3081 509 3123 IN
541 3077 1181 3124 (ΖΟΜΜΕΜΟΒΔΤΙΟΝΕΜ
1231 3078 1282 3121 S.
1329 3077 1522 3120 BASSI.
1570 3076 1841 3118 HABITUS
1887 3077 2002 3118 EST
2030 3073 2236 3117 SEBMO
2273 3074 2354 3114 DE
2399 3071 2666 3126 TIMORE,
2714 3071 2794 3111 ET
2837 3071 2920 3111 DE
2963 3069 3187 3114 VERBIS
3244 3068 3426 3125 ILLIS,
3477 3066 3718 3114 DISCITR

1297 3182 1338 3225 Α
1366 3182 1456 3225 ME
1485 3149 1636 3234 Qun
1667 3179 1840 3225 m'rts
1868 3179 2015 3236 seu,
2051 3180 2131 3222 ET
2163 3174 2425 3220 nemus
2452 3171 2664 3216 conm:
2711 3153 2821 3236 (α).

1889 3306 2254 3362 οϐὶζῖἒζὲἓέλο

513 3435 564 3488 1.
605 3432 712 3488 Nos
739 3432 950 3502 quidem
979 3447 1074 3501 par
1094 3439 1227 3496 erat,
1259 3439 1534 3499 postquam
1565 3429 1615 3482 in
1645 3442 1738 3481 vos
1756 3436 1931 3482 tantus
1957 3426 2023 3481 de

442 3540 591 3580 more
617 3523 738 3578 fons
765 3523 1023 3577 orationis
1049 3522 1246 3577 ellttsus
1271 3531 1372 3585 est,
1404 3529 1458 3574 et
1484 3537 1603 3575 cum
1631 3519 1732 3573 hoc
1757 3527 2016 3586 tempore,

438 3625 599 3684 atque
643 3629 672 3667 a
717 3612 1143 3683 prmccdentihus
1191 3611 1560 3666 sacerdotibus
1601 3626 1663 3665 ac
1707 3610 2016 3665 doctoribus

395 3763 400 3772 ,
437 3706 651 3774 copiosa
674 3705 823 3760 vobis
844 3705 1134 3774 spiritualis
1157 3713 1241 3759 est
1267 3697 1524 3759 instructa
1559 3718 1762 3769 mensa,
1796 3717 2018 3771 pauper-

436 3799 587 3853 culas
627 3807 929 3853 nostrorum
984 3798 1267 3853 verborum
1318 3797 1488 3851 stillas
1539 3798 1850 3865 reprimere,
1894 3812 2015 3850 cum

437 3889 735 3958 prmsertim
779 3888 1024 3944 diuturna
1076 3890 1316 3958 corporis
1367 3889 1714 3958 aegritudine,
1765 3895 1827 3941 ac
1869 3889 2014 3942 vocis

435 3979 838 4045 imbecillitate,
883 3991 1042 4051 atque
1100 3982 1234 4035 adeo
1275 3981 1417 4035 curis
1466 3982 1564 4036 sibi
1607 3980 2014 4036 succedentibus

435 4070 706 4140 praspediti
756 4069 945 4136 simus,
991 4088 1023 4126 ο
1059 4071 1253 4127 Christi
1300 4082 1540 4127 amantes
1575 4073 1880 4137 auditores;
1917 4071 2011 4127 sed

431 4161 680 4232 quoniam
708 4161 1013 4230 inexplebili
1052 4165 1366 4218 concionum
1392 4179 1662 4218 sacrarum
1688 4179 1871 4218 amore
1894 4179 2014 4219 cor-

431 4253 567 4320 repti
595 4266 690 4305 nos
715 4251 778 4306 ad
805 4251 1088 4307 dicendum
1123 4254 1376 4318 invitatis,
1405 4270 1501 4324 age
1525 4255 1817 4309 Salvatoris
1842 4256 2010 4324 gratia

430 4343 567 4398 bene
606 4342 824 4412 juvante
861 4345 1040 4411 paucis
1081 4345 1330 4413 probitati
1375 4356 1586 4412 vestrae,
1636 4362 1755 4416 qua:
1785 4346 2008 4416 tempori

428 4432 695 4501 quadrent
733 4440 789 4486 et
835 4433 1174 4496 conveniant,
1222 4448 1570 4503 apponamus.
1618 4436 1731 4491 Iloc
1767 4437 1908 4491 enim
1955 4446 2010 4492 et

428 4522 580 4575 nobis
615 4521 706 4592 qui
753 4521 999 4583 dicimus,
1055 4529 1110 4576 et
1154 4524 1307 4578 vobis
1335 4525 1421 4593 qui
1453 4525 1646 4581 auditis
1686 4528 1864 4594 aptius
1901 4536 2004 4591 est,

424 4612 633 4678 opinor,
670 4612 758 4682 qui
780 4612 990 4665 ratione
1021 4626 1084 4665 ac
1105 4621 1282 4668 mente
1307 4615 1458 4668 vobis
1488 4631 1605 4684 quae
1635 4617 1854 4671 meliora
1882 4626 2007 4671 sunt

424 4712 479 4757 et
506 4705 656 4758 utilia
691 4705 1036 4773 comparatis.
1069 4706 1144 4759 Ac
1185 4715 1401 4760 sanctus
1429 4707 1641 4776 quidem
1686 4718 1739 4762 et
1775 4711 2005 4766 celebris

425 4801 629 4862 martyr
653 4803 707 4848 et
731 4796 1014 4864 episcenos
1061 4795 1275 4864 Bassus,
1306 4799 1395 4868 qui
1437 4814 1645 4853 sacrmn
1683 4801 1836 4854 nobis
1865 4803 2005 4857 hunc

424 4895 745 4942 conventum
781 4887 939 4942 hodie
965 4893 1321 4961 coogregavit,
1345 4892 1410 4946 iis
1450 4893 1704 4962 praemiis,
1742 4909 1861 4960 quae
1889 4895 2003 4950 suis

424 4980 721 5050 promeruit
742 4984 1144 5048 certaminibus,
1167 4987 1275 5053 jam
1298 4987 1521 5056 potitur,
1551 5003 1649 5042 nec
1673 4988 1778 5042 ulla
1801 4999 2003 5044 nostra-

425 5085 541 5125 rum
563 5069 773 5125 laudum
793 5071 1080 5128 collatione
1100 5075 1181 5129 vel
1213 5078 1468 5144 pensione
1493 5095 1634 5133 nunc
1666 5080 1887 5148 indiget,
1906 5083 1998 5135 sed

423 5178 519 5234 pro
545 5164 718 5232 nobis,
742 5174 797 5218 ut
817 5164 972 5234 solet,
996 5166 1062 5220 ad
1093 5167 1373 5224 Dominum
1390 5185 1578 5240 preces
1601 5173 1788 5241 fundit,
1818 5184 2001 5244 utpote

418 5255 507 5326 qui
528 5268 742 5326 propter
758 5271 983 5328 agonem
997 5260 1238 5328 martyrii
1262 5261 1507 5332 loquendi
1532 5263 1778 5320 libertate
1798 5267 1998 5336 gratia-

417 5363 524 5419 que
539 5349 822 5420 plurimum
840 5351 1029 5417 valeat,
1053 5363 1106 5407 et
1123 5354 1539 5411 immortalitatis
1560 5371 1756 5412 corona
1772 5359 1999 5415 donatus

415 5442 504 5503 sit,
525 5456 681 5513 quam
703 5443 864 5500 etiam
882 5443 1125 5501 Christus
1152 5447 1390 5504 ﬁdelibus
1415 5452 1746 5521 prteparavit.
1770 5453 1996 5524 Copiosa

476 5575 754 5655 {extollam
777 5593 888 5655 cum
929 5590 1033 5634 Mss.
1060 5584 1204 5647 Baio
1249 5585 1386 5650 19'”,
1426 5595 1478 5638 ct
1515 5588 1721 5640 Colbert.
1749 5572 1890 5650 5033,
1915 5592 1995 5655 qui

416 5638 605 5688 tuendis
627 5648 832 5693 scatent.

2132 3434 2256 3478 sunt
2289 3425 2453 3492 enim,
2500 3432 2555 3477 ut
2593 3431 2821 3479 testatur
2867 3425 3164 3494 apostolus,
3207 3424 3303 3480 Dei
3345 3425 3508 3492 dona,
3558 3425 3646 3496 qui
3676 3437 3720 3479 et

2130 3517 2256 3571 olim
2288 3527 2580 3589 martyrum
2625 3531 2845 3570 tnuncra
2878 3515 2962 3582 iis,
2996 3516 3082 3585 qui
3130 3516 3340 3571 sincere
3369 3517 3552 3586 ipsum
3583 3519 3722 3570 inm.

2128 3618 2270 3674 cant,
2291 3608 2568 3678 dilargitus
2585 3618 2687 3673 cst,
2711 3616 2764 3662 et
2786 3609 3203 3677 nuneprzecipue
3225 3623 3345 3662 eum
3367 3624 3553 3663 annua
3577 3611 3720 3679 paulo

2125 3703 2528 3772 postmemoria
2578 3703 2786 3756 timoris
2836 3702 2980 3756 illius
3029 3701 3352 3756 celebranda
3403 3703 3495 3763 sit,
3558 3712 3615 3756 ct
3655 3704 3714 3755 ad

2124 3795 2293 3849 Deum
2322 3793 2643 3848 laudandum
2670 3795 2738 3849 ob
2770 3793 3038 3849 terribiles
3064 3793 3182 3847 illas
3214 3793 3387 3847 minas
3418 3793 3718 3864 butignact

2125 3889 2433 3942 misericors
2456 3888 2529 3942 ira
2557 3888 2650 3941 Dci
2675 3903 2771 3942 nos
2804 3895 3072 3958 provocet.
3097 3887 3339 3942 Vidimus
3363 3888 3509 3941 enim
3542 3905 3717 3942 revera

2123 3980 2380 4046 furorem,
2413 3997 2477 4035 ex
2507 3995 2616 4050 quo
2645 3980 2947 4050 benignitas
2973 3981 3309 4041 coruscabat,
3335 3995 3462 4034 eum
3493 3995 3600 4034 nos
3625 3998 3718 4032 mi-

2119 4073 2278 4143 dique
2326 4075 2486 4128 timor
2527 4082 2682 4128 terra:
2724 4084 2901 4128 motus
2927 4073 3219 4136 obsideret,
3265 4087 3386 4126 cum
3441 4085 3717 4127 creaturas

2119 4181 2306 4221 omnes
2335 4167 2549 4221 concuti
2591 4181 2958 4232 ccrncremus,
3003 4182 3064 4220 ac
3107 4165 3475 4236 pavimentum
3529 4183 3718 4237 magno

2118 4259 2316 4326 impetu
2353 4259 2618 4328 quassari,
2666 4258 2914 4313 Salvator
2942 4265 3118 4312 autem
3151 4257 3567 4312 miserationum
3599 4273 3714 4309 sua-

2116 4363 2232 4402 rmn
2265 4363 2595 4418 nequaquam
2619 4350 3042 4414 oblivisceretur,
3095 4365 3217 4404 cum
3244 4349 3503 4405 acerbum
3550 4351 3711 4404 inter-

2117 4439 2248 4492 itum
2297 4450 2750 4509 exspectaremus,
2803 4457 2926 4495 cmn
2988 4451 3202 4495 nostras
3256 4441 3402 4495 ardes
3454 4443 3709 4496 continuo

2113 4531 2356 4600 sepulcra
2403 4539 2582 4585 nostra
2627 4530 2830 4586 futuras
2882 4543 3211 4601 putaremus,
3263 4545 3387 4586 cum
3419 4532 3708 4601 agitatione

2112 4621 2313 4677 detenti
2343 4621 2516 4677 locum
2531 4623 2816 4678 modumve
2839 4622 3063 4694 pet-fugii
3093 4622 3299 4677 nullum
3327 4623 3711 4692 reporiremus.

2111 4728 2232 4770 cum
2265 4715 2329 4768 ad
2359 4714 2589 4768 medium
2615 4715 2718 4769 diei
2748 4715 3121 4784 pervenientes
3149 4729 3487 4784 nequaquam
3509 4721 3713 4769 visorus

2111 4820 2208 4859 nos
2229 4819 2501 4872 vesperam
2516 4820 2873 4873 speraremus,
2897 4819 3016 4859 cum
3037 4820 3248 4861 sursum
3273 4805 3289 4835 ⁸
3321 4819 3601 4873 appensus
3614 4807 3714 4874 g'a-

2110 4897 2225 4950 dius
2245 4897 2563 4962 immineret,
2597 4913 2659 4951 ac
2687 4896 2934 4951 deorsum
2963 4895 3312 4951 beneﬁcentia
3352 4910 3412 4949 se
3430 4911 3559 4950 eum
3604 4913 3713 4965 pre-

2109 4992 2257 5046 cibus
2309 5003 2525 5046 strenue
2567 5000 2794 5062 gereret,
2837 5007 2956 5044 cum
2976 5006 3076 5044 una
3097 5005 3226 5045 voce
3252 4983 3456 5059 populi,
3485 4989 3711 5044 Domine

2109 5083 2381 5144 miserere,
2413 5082 2723 5149 clamarent,
2743 5093 2795 5137 et
2819 5083 3068 5137 Dominus
3088 5081 3520 5137 miserationibus
3538 5081 3710 5137 ﬂecte-

2108 5187 2272 5231 retur:
2286 5178 2372 5246 qui
2391 5177 2528 5231 enim
2547 5178 2734 5231 intuitu
2747 5178 2862 5232 solo
2873 5184 3192 5242 commovet,
3219 5183 3706 5231 manutrementem

2107 5281 2401 5324 creaturam
2419 5269 2637 5324 sedavit.
2657 5269 2764 5324 Cur
2791 5285 2894 5323 non
2909 5268 3086 5338 paucis
3102 5269 3200 5322 ista
3215 5267 3592 5336 complector?
3611 5280 3708 5336 quo

2108 5371 2368 5431 tempore,
2410 5361 2509 5415 nisi
2541 5361 2794 5416 Dominus
2819 5361 3049 5415 Sabaoth
3078 5359 3370 5428 adjuvissct
3396 5374 3511 5423 nos
3555 5359 3706 5426 paulo

2105 5453 2280 5507 minus
2310 5452 2603 5508 habitasset
2637 5455 2688 5508 in
2741 5451 2946 5506 inferno
2973 5451 3145 5505 anima
3177 5460 3356 5503 nostra
3393 5448 3582 5519 (Psal.
3613 5448 3695 5501 93.

2107 5546 2235 5615 I7).
2274 5546 2441 5612 Quem
2469 5546 2611 5598 enim
2645 5560 2747 5599 non
2794 5555 3010 5613 stupore
3055 5539 3236 5612 deligit
3271 5539 3586 5611 magnitudo
3611 5537 3700 5591 mi-

2170 5659 2184 5684 ι
2220 5655 2293 5704 sic
2311 5661 2417 5704 Mss.
2446 5654 2562 5704 ttditi
2591 5667 2728 5715 vero,
2753 5651 3069 5705 cxtrinscrus.
