3800 6282
374 398 389 423 ‘
451 408 553 463 723

455 521 592 575 mitis
620 534 812 585 essem,
844 518 1055 573 dorsum
1089 531 1263 570 meum
1291 515 1355 569 ad
1387 513 1589 584 ﬂagella
1624 526 1720 583 pro
1750 507 2025 578 mancipiis

446 612 758 667 sustinenda
787 625 889 664 non
923 608 1284 679 pra'bnissem.
1312 606 1416 661 Sed
1438 621 1533 659 cur
1552 619 1671 674 ego,
1694 600 1831 671 quod
1859 600 2030 667 majus

447 712 532 757 est
553 745 566 766 ,
600 717 704 756 non
731 699 978 769 profero?
1005 699 1101 752 nisi
1131 697 1272 752 mitis
1297 711 1505 761 essem,
1533 712 1651 750 cum
1682 694 1769 748 alii
1803 692 1906 763 pati
1937 691 2029 747 de-

453 794 656 857 berent,
691 807 794 847 non
825 793 1005 860 utique
1029 805 1127 859 ego
1147 790 1235 859 qui
1264 789 1390 841 nihil
1412 786 1691 849 debebam,
1717 784 1902 838 mortis
1932 798 2027 852 pro

448 884 551 936 illis
575 883 806 937 debitum
849 882 1215 936 exsolvissem.
1256 880 1367 949 Ego
1408 893 1534 932 vero
1572 876 1804 939 exsolvi,
1837 883 1895 929 ut
1930 888 2026 943 pro

450 975 555 1029 illis
585 974 673 1042 qui
701 973 950 1028 deorsum
979 972 1115 1042 apud
1143 971 1341 1025 inferos
1363 969 1751 1033 detinebantur,
1776 967 2024 1021 mulctam

445 1065 691 1135 supplicii
720 1079 1071 1118 numerarem.
1100 1063 1214 1117 Non
1241 1063 1381 1116 enim
1413 1061 1650 1115 vivorum
1680 1069 1879 1113 tantum
1914 1057 2025 1111 Rex

444 1172 582 1218 sum,
612 1156 703 1209 sed
731 1156 888 1211 etiam
917 1156 1168 1209 Dominus
1192 1164 1538 1208 mortuorum.
1568 1151 1853 1218 Propterea
1881 1149 2022 1202 viam

445 1257 721 1317 utramque
759 1248 1170 1316 dispensatimiis
1209 1245 1455 1299 insistens
1490 1243 1630 1297 veni.
1662 1243 1832 1297 Homo
1862 1255 2023 1311 appa-

446 1338 524 1390 rui
546 1380 560 1402 ,
595 1338 760 1391 factus
790 1351 906 1391 sum
935 1348 990 1391 et
1016 1336 1080 1390 ad
1114 1335 1377 1389 modicum
1412 1345 1619 1403 tempus
1657 1342 1897 1387 mortuus
1919 1373 1934 1397 ,
1966 1339 2023 1385 ιιι

440 1428 688 1482 omnibus
726 1427 884 1481 etiam
928 1426 1017 1495 qui
1058 1426 1158 1480 sub
1203 1434 1340 1478 terra
1382 1431 1566 1489 erant,
1611 1422 2021 1492 incorruptionis

440 1533 574 1572 mea:
614 1518 809 1572 donum
856 1517 1203 1585 impcrtirem.
1256 1514 1460 1579 Venite,
1498 1514 1671 1568 discite
1702 1530 1733 1566 ιι
1762 1530 1869 1575 me,
1899 1513 2019 1583 quia

439 1608 575 1661 mitis
599 1625 739 1673 sum,
769 1617 814 1661 et
845 1607 1048 1660 humilis
1076 1605 1244 1659 corde.
1276 1606 1357 1659 Ab
1381 1605 1539 1658 animi
1572 1606 1843 1673 proposito
1865 1644 1879 1667 ,
1910 1616 2015 1655 non

438 1712 468 1752 τι
515 1708 698 1752 natura
752 1708 833 1753 est
883 1700 1053 1753 vilitas
1102 1713 1219 1752 mea
1258 1714 1273 1751 :
1320 1696 1673 1771 inaccessibili
1723 1693 2013 1749 substantia

438 1790 687 1858 prteditus
716 1776 855 1855 sum,
883 1791 975 1845 sed
1004 1799 1200 1854 mente,
1229 1805 1347 1860 quae
1371 1805 1428 1844 se
1454 1788 1518 1843 ad
1546 1802 1734 1843 omnes
1758 1786 2011 1841 extendit.

443 1877 635 1946 Venite,
668 1883 843 1937 discite
865 1900 895 1936 a
922 1899 1021 1949 tne,
1051 1884 1168 1952 quia
1198 1883 1330 1936 mitis
1356 1898 1497 1947 sum,
1530 1891 1575 1935 et
1602 1880 1803 1934 Immitis
1828 1880 2009 1943 corde,

434 1984 540 2025 non
567 1971 839 2042 dignitate.
870 1973 1104 2028 Modicus
1145 1988 1261 2026 sum
1283 2014 1297 2038 ,
1325 1974 1369 2028 si
1397 1981 1604 2042 spectes
1627 1971 1787 2025 animi
1816 1984 2012 2040 propo-

431 2062 626 2128 situm,
656 2079 758 2118 non
778 2065 828 2131 psi
859 2066 1147 2134 potentiam
1181 2082 1193 2117 :
1223 2063 1422 2134 angelis
1454 2063 1705 2117 terribilis
1734 2076 1852 2116 sum
1890 2074 2013 2130 pro-

429 2165 548 2223 pter
570 2157 885 2226 potentiam,
921 2156 1222 2212 hominibns
1252 2166 1466 2225 propter
1490 2155 1650 2209 animi
1680 2155 2007 2226 propositum

427 2259 543 2299 sum
586 2247 816 2301 humilis.
862 2248 1056 2313 Venite,
1086 2249 1260 2303 discite
1291 2265 1321 2300 a
1354 2264 1452 2315 me,
1487 2248 1603 2317 quia
1626 2247 1760 2300 mitis
1793 2262 1930 2310 sum,
1963 2254 2010 2298 et

429 2337 633 2391 humilis
672 2339 840 2391 corde.
887 2339 999 2393 Non
1051 2356 1143 2409 pro
1186 2349 1389 2393 natura:
1430 2355 1563 2393 mea:
1590 2338 1895 2393 cunditioue
1925 2337 2004 2391 lo-

426 2441 593 2494 quor,
625 2428 714 2481 sed
757 2441 909 2498 prout
944 2430 1356 2484 misericordiam
1396 2445 1569 2483 meam
1611 2429 1802 2494 decet,
1844 2427 2004 2482 verba

424 2515 584 2570 facio.
614 2517 771 2572 Multo
799 2520 924 2574 mihi
956 2523 1129 2575 carior
1157 2531 1239 2575 est
1269 2521 1616 2576 mansuetudo
1654 2536 1810 2591 quam
1857 2530 2006 2590 pote-

425 2618 554 2661 stas.
591 2608 706 2663 Rex
740 2623 855 2666 sum
892 2627 1011 2681 ego,
1043 2613 1129 2683 qui
1175 2623 1224 2667 te
1273 2613 1550 2682 alloquor:
1577 2627 1761 2681 magna
1793 2612 2003 2682 quidem

425 2699 619 2755 virtute
648 2702 843 2770 polleo,
873 2704 964 2757 sed
999 2706 1120 2759 nolo
1154 2706 1406 2774 potentia,
1437 2720 1554 2775 qua:
1583 2704 1708 2757 mihi
1748 2704 2000 2774 suppetit,

418 2799 567 2844 tuam
596 2791 1006 2848 imbecillitatem
1036 2795 1463 2863 perterrelacere.
1491 2794 1606 2850 Non
1628 2795 1766 2861 dico,
1792 2794 1995 2859 Venite,

423 2881 610 2936 discite
640 2897 670 2935 a
712 2898 835 2949 me,
866 2886 984 2954 quia
1016 2887 1267 2940 Dominus
1308 2901 1423 2940 sum
1445 2928 1459 2952 ,
1492 2902 1592 2957 ego
1632 2888 1719 2956 qui
1757 2887 2002 2942 domiuor

429 2977 717 3043 creaturis,
749 2962 834 3049 qui
874 2979 1098 3048 respicio
1140 2989 1333 3034 terram
1358 3023 1372 3043 ,
1408 2990 1461 3035 et
1488 2980 1662 3035 efﬁcio
1689 2990 1745 3034 ut
1771 2988 1994 3046 tremat,

424 3068 512 3132 qni
538 3069 722 3123 cadum
749 3071 938 3126 metior
960 3072 1158 3142 palmo,
1180 3082 1233 3128 et
1255 3083 1445 3129 terram
1474 3089 1646 3144 pugno
1667 3083 1823 3129 teneo
1843 3072 1992 3147 (Isai.

420 3157 509 3211 40.
539 3158 629 3229 12)
666 3178 678 3212 :
710 3159 824 3227 sed,
867 3159 1057 3226 Venite,
1089 3163 1264 3219 discite
1285 3183 1317 3218 a
1351 3181 1448 3232 me,
1478 3166 1597 3235 quia
1625 3167 1760 3220 mitis
1788 3182 1918 3228 sum,
1950 3176 1996 3219 et

417 3249 620 3304 humilis
645 3252 813 3305 corde.
847 3250 921 3306 lta
952 3269 1068 3307 sum
1099 3257 1239 3309 tnilis
1268 3274 1281 3310 :
1317 3259 1542 3325 peccasti
1577 3266 1629 3311 tu
1649 3297 1665 3323 ,
1693 3267 1748 3311 et
1771 3272 1870 3327 ego
1896 3256 1993 3310 lla-

408 3339 564 3405 gellis
589 3355 704 3393 smn
735 3356 937 3404 cmsus;
969 3343 1039 3397 ita
1072 3354 1260 3412 spcute
1290 3344 1404 3398 sinu
1436 3346 1648 3400 humilis
1683 3347 1838 3401 :veni
1869 3361 1989 3416 ego,

419 3438 473 3480 ut
499 3443 610 3492 em,
642 3432 728 3500 qui
761 3435 1012 3487 servitute
1040 3437 1433 3502 premebantur,
1462 3438 1511 3490 iu
1542 3438 1841 3494 libertatem
1876 3439 1992 3493 viu-

412 3519 681 3586 dicarem,
728 3530 780 3575 et
830 3523 926 3593 ipsi
975 3540 1059 3578 me
1106 3526 1439 3582 liberatorem
1480 3530 1647 3598 alapis
1687 3530 1992 3584 ceciderunt

410 3609 589 3673 simul,
623 3620 676 3665 et
703 3611 753 3665 in
782 3628 993 3668 crucem
1020 3617 1346 3672 sustulerunt
1372 3619 1461 3688 qui
1499 3621 1753 3677 servitute
1779 3636 1988 3690 preme-

413 3699 632 3767 bantur,
663 3712 714 3756 et
749 3713 927 3773 postea
959 3705 1167 3762 Patrem
1205 3724 1376 3763 meum
1406 3726 1501 3780 pro
1531 3712 1656 3780 ipsis
1685 3729 1877 3783 rogans
1902 3715 1984 3769 di-

410 3791 592 3845 cebam
622 3810 635 3845 :
665 3791 853 3860 Pater,
890 3796 1085 3851 dimitte
1124 3799 1227 3854 illis
1258 3816 1275 3853 :
1306 3817 1405 3854 non
1449 3802 1584 3855 enim
1627 3804 1823 3869 sciunt,
1863 3804 1984 3871 quid

392 3866 603 3953 faciunt
633 3883 782 3954 (Luc.
815 3887 902 3941 25.
930 3890 1041 3958 54).
1089 3889 1259 3950 Venite
1288 3894 1461 3964 igitur,
1490 3895 1664 3949 discite
1689 3912 1722 3949 α
1749 3866 1844 3956 me,
1868 3866 1986 3966 quia

408 3977 543 4029 mitis
563 3994 697 4044 non,
720 3988 764 4032 et
789 3979 991 4035 humilis
1004 3985 1177 4039 corde.
1208 3984 1414 4054 Venite,
1439 3989 1675 4058 supplico
1697 3998 1750 4042 et
1775 4003 1979 4058 precor,

408 4082 511 4119 non
554 4083 637 4123 me
670 4071 838 4137 pudet
878 4072 1210 4144 supplicare,
1251 4092 1433 4136 servos
1473 4093 1619 4134 meos
1657 4094 1811 4133 orare
1849 4094 1980 4135 con-

382 4171 582 4233 tentus
623 4179 737 4218 sum
763 4204 777 4226 ,
800 4180 876 4220 .ne
919 4180 1078 4235 cogar
1125 4168 1309 4236 punire
1342 4187 1354 4220 :
1382 4171 1557 4226 venite
1579 4214 1591 4237 ,
1624 4171 1808 4228 discite
1837 4187 1865 4224 a
1896 4186 1981 4226 me

406 4254 859 4309 mansuetudinem
909 4259 1096 4326 prius,
1143 4275 1297 4328 quam
1354 4262 1639 4318 terribilem
1692 4265 1974 4331 totcntiam

403 4346 653 4414 spectetis
682 4364 694 4400 :
724 4348 896 4403 venite
916 4390 931 4412 ,
961 4366 1099 4403 ntmc
1129 4351 1343 4405 medeor
1362 4393 1377 4416 ,
1407 4353 1562 4420 paulo
1598 4363 1719 4426 post
1748 4355 1978 4411 rationes

403 4434 690 4491 subducam
707 4454 726 4502 ,;
755 4454 1093 4508 nunepareo,
1123 4443 1276 4508 paulo
1298 4454 1414 4510 post
1438 4445 1748 4501 sententiam
1777 4445 1972 4511 feram;

370 4507 375 4513 ’
405 4540 543 4578 nunc
572 4539 688 4578 sum
728 4507 1025 4581 illiseriCoi-s
1047 4567 1061 4593 ,
1088 4531 1250 4596 paulo
1282 4541 1396 4598 post
1418 4532 1592 4601 justus
1617 4533 1775 4603 iudex
1807 4551 1971 4604 appa-

402 4615 547 4668 rebo.
596 4613 796 4680 Venite,
825 4616 1001 4669 discite
1023 4635 1054 4670 a
1079 4635 1156 4674 me
1174 4661 1188 4685 ,
1220 4622 1337 4690 quia
1366 4623 1498 4673 mitis
1524 4640 1667 4688 smn,
1697 4626 1974 4681 eti/inmitis

398 4703 567 4756 corde.
603 4703 696 4759 Vel
741 4708 1192 4763 mansuetudinem
1225 4710 1479 4767 honorate
1503 4754 1515 4774 ,
1560 4716 1639 4769 Vel
1687 4719 1968 4785 potentiam

400 4795 771 4859 pertitnescite.
816 4796 1038 4865 Venite,
1065 4813 1431 4872 praeoccupate
1475 4802 1659 4858 faciem
1705 4823 1873 4861 meam
1918 4810 1967 4863 in

397 4881 783 4941 confessionem
813 4906 826 4941 :
859 4897 1093 4958 tempore
1122 4891 1317 4961 quippe
1346 4896 1692 4952 mansuetudo
1720 4897 1813 4952 ista
1853 4916 1968 4954 mea

393 4974 755 5041 discriminata
782 4989 881 5032 est.

468 5065 519 5117 5.
554 5065 819 5122 Secundus
850 5065 1037 5124 Christi
1062 5070 1303 5125 adventus
1340 5077 1591 5130 terribilis.
1620 5108 1689 5118 --
1718 5079 1796 5133 Ad
1832 5080 1967 5137 hanc

391 5157 559 5210 solam
604 5158 763 5212 vitam
804 5171 1121 5230 pnesentem
1162 5166 1384 5236 pertinet
1412 5209 1426 5231 ,
1468 5178 1525 5221 ut
1557 5172 1964 5240 longanimitatis

395 5264 527 5301 mea:
571 5252 838 5325 specimen
881 5253 1034 5306 edam
1067 5273 1078 5307 :
1114 5257 1287 5311 veniet
1317 5267 1518 5328 tempus
1542 5250 1691 5331 ,quo
1721 5279 1964 5319 uniusne-

389 5340 584 5391 tudinis
630 5339 783 5409 hujus
809 5358 953 5398 .meae
997 5354 1143 5413 porta
1182 5347 1453 5403 claudctnr
1480 5369 1492 5403 :
1524 5354 1694 5407 veniet
1724 5362 1957 5423 tempus,

385 5446 492 5499 quo
522 5431 767 5503 lacrymm
804 5447 1138 5504 peccatorum
1176 5441 1433 5495 stillantes
1463 5443 1591 5497 nihil
1625 5447 1911 5513 proderunt
1942 5465 1957 5502 :

384 5522 561 5576 veniet
590 5535 829 5595 tempus,
862 5544 966 5599 quo
1003 5532 1235 5601 undique
1263 5534 1568 5604 clangentes
1595 5538 1732 5592 tubae
1766 5555 1957 5594 secun-

382 5609 510 5663 dum
553 5611 837 5669 adventum
886 5634 1059 5674 meum
1105 5622 1463 5680 indicabunt;
1510 5629 1718 5695 quando
1763 5640 1955 5686 terram

374 5712 753 5769 percurrentes
781 5709 1076 5766 universam
1098 5715 1267 5785 angeli
1295 5717 1454 5770 multa
1484 5719 1762 5775 multorum
1790 5722 1953 5778 millia

384 5786 441 5843 in
463 5788 714 5856 judicium
744 5797 1004 5855 adducent
1038 5820 1051 5856 :
1080 5806 1289 5872 quando
1329 5804 1553 5865 tribunal
1588 5828 1761 5869 meum
1790 5816 1954 5871 enfo-

1188 402 1242 456 S.
1282 396 1556 455 JOANXIS
1591 387 2061 449 CllllYSOS'l'C‘ﬂl
2110 388 2416 446 ARCIIIEP.
2441 391 2968 450 CONSTANTlNOP.

3595 396 3684 455 Hi

2135 506 2370 571 eabitur,
2400 518 2451 563 et
2488 523 2647 579 Super
2674 511 2914 566 czelestes
2955 509 3177 567 virtutes
3212 521 3395 569 vectus
3423 512 3680 570 incedam:

2133 599 2342 666 quando
2371 600 2691 671 principatus
2716 611 2768 656 et
2794 611 3079 672 potestates
3105 606 3363 661 venientis
3388 607 3521 663 latus
3547 608 3686 678 stipa-

2134 689 2263 742 buut
2295 706 2307 743 :
2337 691 2546 759 quando
2574 692 2719 762 regni
2755 693 2858 747 mei
2899 694 3175 750 luminaria
3214 697 3469 752 mundmn
3496 699 3682 753 univer-

2130 797 2247 834 sum
2293 782 2661 837 illuminabunt
2689 801 2703 836 :
2733 785 2944 854 quando
2984 785 3101 841 libri
3143 788 3449 857 aperientur
3480 805 3681 855 eorum,

2129 887 2246 941 qua:
2277 874 2633 945 unusquisque
2674 878 2836 946 gessit
2866 878 2916 931 in
2947 878 3050 932 vita
3082 896 3096 932 :
3123 879 3336 949 quando
3364 880 3495 951 legis
3519 882 3684 936 obser-

2127 965 2270 1017 vatio
2309 966 2581 1036 exigetur,
2625 980 2680 1022 et
2720 968 3017 1023 dmmouum
3047 980 3291 1025 exactum
3331 972 3685 1027 ratiocinium'

2130 1057 2426 1126 proferetur
2457 1077 2472 1117 :
2503 1061 2715 1130 quando
2741 1078 2863 1118 reus
2891 1064 3138 1131 sistetur,
3165 1067 3249 1120 cui
3280 1068 3392 1122 sola
3419 1082 3573 1136 opera
3599 1083 3686 1138 po-

2129 1155 2302 1200 terunt
2325 1152 2637 1216 patrocinari
2660 1155 2897 1223 :quando
2917 1156 3262 1225 cogitationes
3281 1160 3619 1226 accusabunt,
3641 1169 3688 1214 et

2125 1238 2446 1292 Conscientia
2476 1243 2752 1296 conviueet
2780 1261 2792 1296 :
2821 1245 3033 1314 quando
3063 1246 3278 1317 maligni
3301 1249 3518 1318 Spiritus
3541 1250 3687 1305 verba

2120 1322 2314 1394 judicis
2343 1329 2615 1385 attondent
2642 1348 2654 1384 :
2681 1334 2893 1401 quando
2930 1334 3116 1390 foruax
3158 1340 3476 1392 sententiam
3508 1338 3687 1409 judicis

2123 1418 2448 1485 exspectabit
2474 1436 2488 1477 :
2512 1422 2721 1490 quando
2747 1423 2960 1479 verbum
2993 1425 3141 1490 illud,
3169 1427 3440 1493 Miserere,
3462 1429 3570 1499 jam
3595 1448 3687 1485 non

2121 1507 2344 1576 amplius
2386 1510 2633 1565 clamanti
2683 1514 2937 1581 proderit.
2992 1516 3175 1573 Venite
3224 1518 3383 1587 igitur
3418 1529 3685 1591 antequam

2122 1595 2260 1651 fores
2284 1599 2677 1656 miseratiunum
2700 1620 2932 1659 mearum
2955 1607 3250 1672 occludam,
3268 1620 3550 1680 antequam
3578 1612 3685 1666 vita:

2119 1687 2379 1742 nundinas
2407 1690 2542 1744 ﬁniri
2565 1694 2854 1765 contingat,
2881 1706 3162 1768 antequam
3191 1699 3312 1754 vita:
3337 1702 3683 1770 spectaculum

2118 1779 2429 1844 pratericrit
2454 1798 2465 1831 :
2492 1785 2839 1850 praestitutum
2863 1787 3001 1840 enim
3028 1796 3238 1857 tempus
3267 1790 3385 1845 linis
3411 1793 3588 1847 smculi
3613 1802 3684 1847 est

2117 1868 2167 1921 in
2208 1868 2402 1939 jauuis.
2438 1871 2656 1938 Venite,
2699 1878 3003 1948 priusquam
3048 1879 3292 1949 incipiam
3331 1881 3574 1950 judicare
3603 1902 3618 1938 :
3643 1886 3681 1938 si

2113 1959 2253 2012 enim
2300 1961 2406 2030 jam
2451 1964 2642 2018 sedeas
2687 1968 2931 2037 incipiam
2971 1970 3229 2037 judicium
3264 1987 3557 2039 exercere,
3587 1991 3681 2030 non

2112 2051 2336 2119 amplius
2389 2054 2719 2110 condonabo.
2776 2058 3058 2128 Propterea
3122 2061 3381 2119 fatuarum
3432 2067 3680 2138 virginum

2111 2142 2408 2209 exemplum
2451 2145 2712 2214 patefeci,
2763 2165 2984 2218 quarum
3034 2153 3154 2208 vita:
3202 2155 3499 2225 lampades,
3551 2162 3679 2230 quod

2109 2230 2282 2284 oleum
2308 2233 2525 2300 justitiae
2554 2253 2657 2291 non
2687 2239 2959 2306 haberent,
2990 2245 3262 2301 exstincta:
3295 2258 3457 2315 sunt,
3496 2258 3552 2304 et
3584 2267 3682 2321 quo

2108 2331 2262 2390 pacto
2290 2323 2429 2380 fores
2458 2328 2559 2381 illis
2579 2330 2843 2386 conclavis
2867 2334 3044 2401 sponsi
3074 2336 3301 2392 oeclnsm
3327 2339 3437 2394 sint
3474 2341 3679 2413 (Matth.

2105 2411 2194 2466 25.
2242 2414 2288 2467 l.
2331 2417 2462 2486 sqq.)
2484 2458 2499 2483 ,
2530 2434 2636 2488 quo
2664 2432 2819 2488 pacto
2846 2422 3177 2492 pulsantibus
3212 2427 3316 2482 illis
3341 2444 3406 2483 ex
3450 2411 3679 2486 interiori

2105 2502 2296 2557 mdium
2329 2515 2478 2574 parte
2504 2510 2900 2578 responderim,
2933 2512 3122 2568 Nescio
3147 2531 3232 2571 vos
3250 2559 3265 2583 ,
3293 2519 3489 2588 quibus
3515 2524 3681 2577 verbis

2099 2594 2293 2662 judieis
2322 2614 2504 2653 vocem
2527 2642 2542 2664 ,
2580 2617 2684 2672 qua
2725 2614 3029 2673 peccatores
3055 2608 3354 2679 alloquetur
3376 2653 3392 2676 ,
3423 2616 3678 2683 expressi.

2102 2688 2156 2742 Si
2186 2705 2314 2760 ergo
2340 2691 2663 2749 Dominicam
2703 2697 3075 2768 benignitatem
3094 2743 3110 2767 ,
3137 2702 3356 2769 fratres,
3385 2720 3455 2760 ex
3502 2707 3679 2764 Salva-

2104 2781 2231 2834 toris
2272 2784 2446 2838 verbis
2487 2784 2800 2854 didicimus,
2842 2805 2909 2845 ne
2943 2774 3177 2861 iudicem
3215 2810 3571 2865 spcrnamus,
3600 2802 3682 2871 qui

2102 2875 2316 2929 mitibus
2343 2875 2514 2931 vérbis
2542 2894 2639 2933 nos
2674 2890 2797 2936 ante
2821 2881 3008 2950 judicii
3034 2892 3243 2956 tempus
3266 2888 3594 2959 alloquitur,
3621 2909 3683 2946 ne

2101 2968 2422 3036 poenitentia:
2447 2973 2781 3028 occasionem
2802 2976 3143 3032 amittamus:
3171 2978 3326 3034 bonis
3352 2984 3614 3051 operibus
3636 2996 3684 3039 et

2097 3060 2447 3133 eleemosynis
2474 3063 2676 3119 animas
2719 3074 2928 3123 nostras
2957 3070 3240 3125 vestiamus
3271 3088 3285 3125 :
3318 3076 3682 3145 unusquisque

2098 3162 2334 3206 nostrum
2356 3155 2421 3208 ad
2440 3154 2601 3209 vitam
2623 3165 2875 3212 mteruam
2899 3159 3294 3228 adipiscendam
3317 3172 3679 3222 necessarium

2095 3252 2366 3313 comparet
2405 3253 2756 3301 eouuueatum
2782 3288 2798 3313 ,
2839 3250 2907 3304 ab
2949 3250 3142 3320 iniquis
3178 3254 3483 3310 actionibus
3518 3258 3680 3312 absti-

2095 3346 2332 3387 neamus.
2358 3333 2412 3390 Si
2438 3334 2578 3389 enim
2605 3336 2760 3392 ﬁdem
2787 3347 3021 3395 nostram
3042 3344 3420 3399 inconcussam
3448 3346 3506 3399 in
3535 3346 3681 3401 bouis

2092 3427 2341 3496 operibus
2359 3442 2755 3494 conservemus,
2773 3441 3030 3488 creaturae
3050 3433 3322 3490 nobiscum
3347 3438 3681 3495 inconcussa

2092 3520 2496 3589 permanebunt.
2522 3522 2738 3576 Animas
2763 3533 2969 3579 nostras
2988 3527 3229 3582 castitate
3252 3527 3606 3597 decoremus,
3632 3543 3681 3588 et

2091 3625 2237 3679 pura:
2273 3609 2393 3665 lldei
2433 3612 2851 3668 intestimahilem
2884 3616 3218 3687 margaritam
3250 3627 3369 3674 tuto
3407 3622 3573 3677 nobis
3601 3625 3679 3676 in-

2088 3716 2248 3770 super
2271 3702 2623 3772 acquiramus,
2646 3713 2925 3775 antequam
2952 3707 3073 3760 vita:
3101 3718 3298 3762 nostra:
3329 3719 3554 3781 tempus
3577 3713 3678 3767 ela-

2088 3792 2260 3859 batur,
2284 3803 2566 3863 antequam
2590 3796 2751 3865 lignra
2772 3798 2974 3863 mundi,
2991 3807 3048 3854 et
3068 3799 3164 3853 llos
3182 3801 3391 3871 μοι-ιιι»,
3412 3815 3473 3859 et
3492 3821 3678 3861 omnes

2089 3893 2312 3939 terrent:
2358 3886 2562 3942 deliciae
2605 3889 2857 3942 tollantur
2897 3899 2950 3944 et
3001 3901 3256 3961 pereant,
3301 3895 3677 3966 incorruptum

2077 3974 2311 4043 judicent
2345 3977 2496 4030 nobis
2521 3978 2886 4033 conciliemus.
2919 3979 3035 4050 Ipse
3063 3982 3203 4036 enim
3225 3992 3342 4052 est,
3374 3987 3471 4056 qui
3504 3988 3635 4041 dicit
3663 4005 3675 4038 :

2098 4066 2214 4119 Vivo
2241 4082 2353 4136 ego,
2377 4069 2495 4121 dicit
2522 4068 2767 4125 Dominus
2794 4088 2813 4124 :
2842 4074 2959 4126 nolo
2980 4084 3189 4128 mortem
3214 4079 3520 4146 peccatoris,
3551 4094 3680 4133 sicut

2080 4161 2298 4212 converti
2325 4176 2436 4214 eum
2464 4173 2513 4215 el
2539 4163 2698 4217 vivere
2725 4163 2944 4229 (Επειδὴ.
2979 4165 3064 4221 l8.
3091 4166 3218 4236 52).
3250 4167 3305 4222 Si
3352 4172 3554 4238 punire
3588 4188 3679 4224 cu-

2080 4260 2229 4319 peret
2269 4263 2633 4320 peteatorem,
2667 4263 2864 4309 taceret
2891 4273 2905 4308 :
2933 4255 3172 4311 misereri
3204 4258 3312 4311 vult
3335 4299 3352 4324 ,
3384 4246 3676 4329 propterea

2079 4350 2259 4396 mouet
2287 4362 2300 4396 :
2334 4344 2533 4412 parcit,
2571 4344 2768 4398 idcirco
2811 4344 3053 4400 hortatur
3082 4348 3478 4416 :‘przediceudo
3508 4362 3677 4406 terret

2078 4441 2159 4495 te,
2190 4447 2258 4486 ne
2288 4434 2459 4502 reipsa
2500 4435 2549 4487 in
2594 4433 2883 4504 perieulqu
2929 4437 3149 4491 incidas.
3188 4438 3330 4492 Deus
3369 4442 3524 4495 enim
3551 4456 3673 4495 cum

2075 4524 2338 4585 minatur,
2367 4540 2583 4579 servare
2611 4526 2718 4581 vult
2749 4544 2761 4580 :
2794 4542 2913 4583 cum
2944 4544 3073 4583 vero
3101 4530 3260 4596 silet,
3290 4534 3489 4589 statuit
3512 4536 3675 4589 casu-

2072 4631 2214 4686 gare.
2243 4616 2531 4673 Possumus
2553 4634 2618 4673 ex
2649 4620 2868 4674 aliorum
2897 4622 3275 4691 experimentis
3294 4625 3399 4681 hoc
3428 4627 3673 4684 discere.

2071 4706 2435 4763 Comminatus
2472 4718 2554 4763 est
2594 4710 2840 4765 Ninivitis
2862 4752 2877 4775 ,
2913 4725 2966 4767 et
3002 4715 3284 4783 pepercit:
3315 4720 3492 4773 tacuit
3528 4722 3674 4790 apud

2070 4798 2392 4865 Sodomitas,
2424 4812 2476 4856 et
2511 4804 2712 4873 punivit
2745 4821 2758 4857 :
2785 4820 3008 4860 coronas
3040 4811 3378 4877 praeparavit,
3412 4813 3525 4867 nisi
3558 4826 3674 4868 tor-

2071 4903 2244 4947 menta
2274 4893 2428 4948 nobis
2458 4896 2584 4964 ipsis
2622 4895 2927 4950 inferamus.
2956 4896 3114 4966 Cupit
3137 4898 3445 4969 gehennam
3474 4905 3675 4970 otiari,

2068 4986 2212 5054 cupit
2239 4986 2574 5040 tenebrarum
2600 5001 2868 5042 carcerem
2895 4988 3164 5055 claudere,
3194 4992 3342 5059 cupit
3370 4992 3517 5048 iram
3547 5012 3672 5050 oui—

2067 5093 2187 5130 nem
2230 5078 2442 5131 diabolo
2487 5092 2793 5144 reservare,
2823 5080 2968 5149 cupit
3002 5080 3164 5147 judex
3195 5081 3389 5136 sedere
3413 5123 3433 5148 ,
3470 5101 3588 5139 non
3622 5097 3675 5137 ut

2064 5167 2271 5237 aliquos
2298 5169 2504 5239 puniat,
2535 5168 2628 5223 sed
2659 5178 2713 5224 ut
2741 5185 2928 5225 omnes
2952 5180 3190 5226 coronet.
3223 5174 3358 5226 Cum
3388 5173 3564 5245 igitur
3592 5186 3675 5228 ta-

2066 5259 2169 5315 lem
2202 5261 2479 5315 Dominum
2510 5263 2798 5317 habeamus
2819 5304 2834 5329 ,
2860 5265 3227 5334 prteripiamus
3258 5264 3559 5336 benignam
3603 5269 3672 5320 il-

2056 5354 2163 5408 ‘lam
2192 5370 2375 5410 vocem
2398 5398 2412 5418 ,
2444 5371 2721 5425 pareamus
2747 5357 2941 5410 dicenti
2974 5375 2986 5410 :
3025 5356 3229 5419 Venite,
3267 5361 3453 5413 discite
3480 5379 3515 5414 α
3544 5378 3665 5423 me.

2060 5447 2177 5515 quia
2204 5447 2338 5502 mitis
2365 5464 2496 5511 sum,
2526 5458 2571 5501 et
2600 5448 2806 5502 humilis
2833 5447 2980 5501 corde
3006 5447 3219 5511 (Matth.
3254 5450 3339 5503 Η.
3370 5450 3494 5523 29),
3520 5462 3581 5505 ut
3609 5462 3665 5506 et

2058 5537 2342 5604 optabilem
2380 5536 2527 5591 illam
2560 5552 2632 5591 ac
2662 5536 2872 5591 felicem
2912 5551 3094 5592 vocem
3124 5537 3312 5593 audire
3343 5555 3664 5597 luerosum!

2057 5629 2318 5684 dicentem
2349 5645 2361 5681 :
2402 5627 2605 5695 Venite,
2635 5628 2877 5681 benedicti
2913 5628 3083 5681 Patris
3107 5630 3205 5682 mei
3223 5670 3238 5694 ,
3270 5634 3528 5700 possidete

2120 5827 2136 5858 ί
2173 5833 2314 5887 Unus,
2339 5835 2385 5878 et
2407 5826 2700 5892 agendorum
2721 5834 2947 5877 accurata
2970 5826 3104 5879 ratio.
