3858 6280
132 334 225 391 725

131 446 378 532 παρεῖχον
410 446 550 532 ὑπὲρ
586 416 951 532 αἰχμαλώτωεί
975 453 1053 518 είς
1095 454 1384 525 μάστιγας.
1428 462 1493 513 Τί
1526 461 1582 514 δὲ
1629 461 1687 514 :6

127 530 300 603 μεῖζον
329 529 389 582 οὑ
433 529 607 599 λέγω;
644 529 693 584 εἶ
738 535 811 604 μὴ
863 536 1035 605 πρᾶος
1069 537 1234 609 ήμην,
1280 539 1453 593 ἀλλων
1492 542 1551 594 τὸ
1587 560 1688 595 πα-

127 617 232 668 θεῖν
258 613 695 685 χρεωστούντων,
720 616 819 671 οὑκ
849 616 915 671 ἂν
949 619 977 670 6
1017 622 1180 690 μηδὲν
1223 623 1454 691 ὀφείλων
1489 626 1599 695 ἐγὼ
1633 627 1693 679 τὺ

126 697 211 751 τοῦ
253 696 482 751 θανάτου
529 698 691 769 χρέος
721 699 862 770 ὑπὲρ
910 701 1136 756 ἐκείνων
1184 706 1523 759 κατέϐαλον.
1550 709 1695 760 Κατ-

124 779 387 852 ιϐαλόμην
426 779 483 834 δὲ
522 780 609 834 ἵνα
650 783 745 834 καὶ
772 786 883 847 τοῖς
908 790 965 837 ἐν
999 785 1098 857 ᾄδῃ
1131 786 1280 841 κάτω
1315 790 1694 860 κατεχομένοις

123 866 215 935 τῆς
240 863 535 934 καταδίκης
567 864 806 919 διαλύσω
843 867 902 919 τὸ
930 868 1265 939 πρόστιμον·
1306 873 1367 924 οὑ
1397 874 1504 943 γὰρ
1536 874 1694 943 μόνον

123 945 329 1011 ζώντων
369 949 487 1017 είμὶ
526 946 799 1017 βασιλεὺς,
839 947 979 1004 ἀλλά
1020 951 1114 1004 καὶ
1157 954 1367 1025 νεκρῶν
1395 956 1691 1026 Δεσπότης.

124 1032 316 1085 Τούτου
354 1031 513 1103 χάριν
544 1031 813 1103 ἑκατέραν
849 1028 1013 1103 ἦλθον
1055 1038 1155 1106 τῆς
1188 1039 1502 1110 οἰκονομίας
1552 1039 1690 1094 ὀδόν.

136 1116 362 1186 Ἐφάνην
397 1114 706 1186 ἄνθρωπος,
747 1115 947 1183 γέγονα
983 1118 1079 1171 καὶ
1107 1119 1243 1190 πρὸς
1271 1119 1451 1191 ὀλίγον
1479 1122 1693 1193 νεκρὸς,

122 1201 205 1273 ἴνα
235 1201 369 1252 πᾶσι
398 1200 492 1253 καὶ
528 1201 641 1262 τοῖς
667 1199 773 1253 ὑπὸ
806 1200 913 1269 γῆν
936 1202 1036 1271 τῆς
1075 1204 1216 1273 ἐμῆς
1247 1205 1559 1276 ἀφθαρσίας
1588 1206 1695 1259 δια-

119 1284 285 1354 νείμω
331 1282 392 1336 τὸ
438 1283 707 1354 χάρισμα.
756 1285 953 1346 Δεῦτε,
1000 1286 1220 1354 μάθετε
1267 1289 1560 1358 ἀπ’ὲμοῦ,
1607 1289 1695 1342 ὅτι

116 1366 302 1437 πρᾶός
333 1369 448 1437 ειμι
489 1368 588 1421 καὶ
632 1369 912 1436 ταπεινὸς
944 1370 1017 1439 τῇ
1065 1373 1297 1440 καρδίᾳ.
1344 1374 1593 1446 Γνώμης,
1633 1376 1694 1429 οὑ

118 1451 328 1521 φύσεως
363 1454 396 1523 ἡ
431 1451 703 1505 εὐτέλεια·
736 1454 924 1509 οὑσίαν
965 1455 1259 1528 ἀπρόσιτον
1302 1457 1431 1529 ἔχω,
1461 1459 1695 1513 διάνοιαν

113 1536 169 1588 δὲ
214 1533 354 1604 πρὸς
409 1535 617 1598 πάντας
671 1535 1014 1606 βαδίζουσαν.
1073 1539 1272 1601 Δεῦτε,
1326 1540 1545 1610 μάθετε
1593 1542 1695 1597 ἀπ’

113 1622 278 1693 ἐμοῦ,
324 1622 414 1676 ὅτι
465 1620 654 1691 πρᾶός
687 1626 833 1691 εἶμι,
870 1624 971 1678 καὶ
1012 1627 1290 1692 ταπεινὸς
1333 1626 1408 1697 τῇ
1460 1630 1692 1696 καρδίᾳ,

112 1709 171 1759 οὑ
208 1707 272 1776 τῇ
309 1703 467 1776 ἀξίᾳδ
529 1706 745 1776 μέτριος
780 1707 881 1779 τὴν
935 1707 1181 1779 γνώμην,
1229 1712 1290 1762 οὑ
1343 1710 1440 1780 τὴν
1496 1712 1690 1782 ῥώμην

110 1791 341 1860 ὑπάρχω
362 1805 376 1819 ·
409 1789 498 1843 διὰ
529 1788 629 1860 τὴν
669 1789 862 1862 ῥώμην
886 1791 1142 1860 ἀγγέλοις
1182 1792 1409 1863 φοϐερός
1441 1795 1578 1863 εἰμι,
1609 1792 1698 1846 διὰ

111 1873 205 1942 τὴν
234 1872 463 1944 γνώμην
510 1872 818 1944 ἀνθρώποις
861 1876 1115 1940 ταπεινὸς
1162 1876 1309 1945 ἐγώ·
1341 1877 1540 1953 Δεῦτε,
1585 1877 1698 1948 μά-

107 1960 239 2009 θετε
271 1957 377 2009 ἀπ’
403 1955 571 2025 ἐμοῦ,
620 1956 708 2009 ὅτι
741 1957 930 2026 πρᾶός
968 1963 1119 2028 εἰμι,
1167 1961 1265 2014 καὶ
1311 1961 1590 2028 ταπεινὸς
1623 1961 1698 2031 τῇ

111 2039 345 2107 καρδίᾳ.
399 2040 515 2092 Οὑκ
565 2041 658 2109 ἀφ’
698 2034 773 2093 ὧν
826 2042 1076 2112 ὑπάρχω,
1116 2042 1281 2110 λαλῶ,
1328 2044 1440 2097 ἀλλ’
1490 2045 1582 2113 ἀφ’
1621 2038 1696 2099 ὧν

110 2120 278 2186 ἐλεῶ,
332 2121 674 2192 διαλέγομαι.
722 2122 893 2194 ’Υπὲρ
946 2125 1044 2196 τὴν
1095 2125 1343 2190 ἐξουσίαν
1403 2126 1541 2195 φιλῶ
1595 2126 1696 2196 τὴν

111 2206 473 2277 χρηστότητα.
518 2205 775 2269 Βασιλεὺς
807 2209 835 2260 6
862 2208 1038 2262 ταῦτά
1072 2225 1152 2262 σοι
1186 2207 1359 2278 λέγων
1399 2209 1513 2279 είμί
1536 2225 1550 2238 ·
1588 2208 1688 2279 μέ-

111 2292 267 2358 γεθος
313 2289 432 2342 ἐστι
480 2307 570 2359 μοι
615 2289 921 2361 δυνάμεως,
961 2291 1073 2345 ἀλλ’
1102 2293 1163 2345 ού
1196 2292 1559 2363 καταπλήττω
1601 2308 1692 2345 σου

107 2374 184 2444 τῷ
226 2373 460 2446 παρόντι
508 2390 597 2444 μοι
656 2373 865 2445 δυνατῷ
915 2376 1014 2445 τὴν
1059 2376 1359 2430 ἀσθένειαν.
1405 2377 1480 2431 Ού
1524 2375 1689 2443 λέγω,

109 2458 295 2519 Δεῦτε,
352 2456 552 2526 μάθετε
593 2457 687 2511 ἀπ’
716 2457 851 2527 ἐμοῦ
885 2460 968 2512 ὅτι
999 2460 1276 2531 Δεσπότης
1327 2460 1474 2529 εἰμὶ,
1515 2462 1543 2513 ὀ
1593 2459 1695 2529 τῆς

108 2539 341 2603 κτίσεως
368 2539 592 2610 Κύριος,
616 2541 644 2592 ὀ
669 2541 975 2594 ἐπιϐλέπων
1000 2541 1090 2593 ἐπὶ
1118 2540 1216 2610 τὴν
1244 2542 1369 2613 γῆν,
1403 2543 1497 2596 καὶ
1525 2542 1697 2595 ποιῶν

108 2624 279 2695 αὐτὴν
330 2623 579 2694 τρέμειν,
622 2625 651 2676 ὀ
693 2624 785 2677 τὸν
821 2623 1050 2696 οὐρανὸν
1100 2627 1374 2698 μετρήσας
1414 2627 1694 2696 σπιθαμῇ,

107 2708 200 2760 καὶ
241 2707 347 2777 τὴν
386 2706 492 2776 γῆν
528 2706 767 2777 κατέχων
802 2707 991 2778 δρακίο
1036 2707 1200 2772 ἀλλά,
1245 2709 1442 2776 Δεῦτε,
1479 2708 1698 2778 μάθετε

103 2794 205 2846 ἀπ’
231 2792 409 2862 ἐμοῦ,
454 2792 541 2845 ὅτι
572 2791 760 2859 πρᾶός
794 2795 939 2861 εἰμι,
980 2792 1079 2846 καὶ
1125 2792 1404 2858 ταπεινὸς
1435 2792 1509 2862 τῇ
1550 2810 1691 2862 καρ-

103 2876 225 2942 δίῃ.
271 2875 466 2938 οὕτως
510 2875 624 2945 είμὶ
673 2876 876 2944 πρᾶος,
918 2877 1165 2946 ἥμαρτες
1212 2876 1297 2939 σὺ,
1339 2876 1432 2928 καὶ
1476 2876 1698 2946 ἐμαστι-

100 2961 292 3033 γώθην
323 2958 468 3029 ἐγώο
510 2959 685 3022 οὓτως
718 2958 858 3011 ἐκών
891 2962 1004 3030 εἰμι
1035 2960 1309 3025 ταπεινὸς,
1342 2955 1506 3030 ἦλθον
1543 2961 1571 3011 6
1600 2965 1699 3010 Δε-

102 3046 318 3115 σπότης
375 3042 744 3114 ἐλευθερῶσαι
797 3041 945 3115 [728]
999 3045 1125 3106 τοὺς
1178 3043 1557 3106 δουλεύοντας,
1604 3042 1698 3096 καὶ

97 3128 257 3181 αύτοί
306 3145 381 3197 με
449 3127 540 3178 τὸν
611 3124 981 3197 ἐλευθερωτὴν
1037 3125 1346 3196 ἐρράπισαν
1404 3125 1539 3196 ὁμοῦ
1603 3126 1698 3178 καὶ

98 3212 469 3281 ἐσταύρωσαν
511 3210 561 3262 οἱ
596 3206 960 3270 δουλεύοντες,
1002 3209 1095 3261 καὶ
1141 3208 1277 3279 πρὸς
1305 3206 1514 3271 τούτοις
1560 3207 1696 3275 πρὸς

97 3294 190 3347 τὸν
238 3293 384 3363 ἐμὸν
444 3291 665 3362 Πατέρα
716 3290 857 3361 ὑπὲρ
900 3290 1078 3344 αὐτῶν
1114 3290 1434 3362 πρεσϐεύων
1479 3289 1693 3357 ἔλεγονο

96 3380 320 3449 Πάτερ,
364 3379 519 3448 ἄφες
564 3377 794 3443 αὐτοῖς·
833 3379 906 3430 οὐ
945 3379 1054 3445 γὰρ
1097 3377 1297 3430 οἴδασι
1333 3377 1391 3429 τί
1429 3376 1691 3432 ποιοῦσι.

97 3468 284 3521 Δεῦτε
320 3462 445 3531 οὖν,
489 3463 705 3534 μάθετε
752 3464 853 3518 ἀπ’
878 3463 1046 3532 ἐμοῦ,
1078 3462 1167 3517 ὅτι
1215 3461 1404 3530 πρᾶός
1436 3465 1553 3532 εἰμι
1596 3463 1696 3517 καὶ

95 3550 397 3615 ταπεινὸς
426 3546 499 3616 τῇ
533 3547 773 3614 καρδίᾳσ
808 3545 984 3612 δεῦτε,
1024 3545 1251 3598 ἱκετεύω
1283 3546 1554 3615 δεόμενος,
1588 3546 1707 3598 ἱκε-

95 3633 282 3687 τεύειν
314 3635 427 3685 οὐκ
456 3630 801 3701 αἰσχύνομαι.
835 3631 960 3693 τοὺς
991 3629 1158 3700 ἐμοὺς
1196 3628 1413 3690 δούλους
1443 3628 1699 3701 αἱροῦμαι

93 3715 481 3787 παρακαλεῖν,
510 3715 595 3766 ἵνα
632 3712 706 3782 μὴ
731 3711 977 3775 κολάζειν
1004 3712 1362 3779 ἀναγκασθῶ⁶
1387 3710 1560 3776 δεῦτε,
1598 3714 1702 3782 μά-

91 3799 220 3852 θετε
256 3799 366 3852 ἀπ’
390 3797 529 3866 ἐμοῦ
559 3797 619 3849 τὸ
646 3796 820 3866 πρᾶον
861 3795 990 3865 πρὶν
1013 3796 1045 3865 ἢ
1071 3793 1341 3866 θεάσησθέ
1375 3812 1474 3865 μου
1510 3795 1572 3848 τὸ
1607 3812 1702 3864 φο-

90 3883 293 3957 ϐερόν·
333 3883 499 3937 δεῦτε
539 3880 654 3944 νῦν,
700 3879 954 3950 ίατρεύω,
992 3877 1127 3948 μετὰ
1163 3878 1335 3949 βραχὺ
1370 3878 1697 3947 λογιστεύω·

90 3968 190 4020 νῦν
227 3966 520 4037 φείδομαι,
561 3962 697 4034 μετά
732 3962 925 4032 μικρὸν
957 3961 1357 4031 ἀποφαίνομαι⁹
1390 3960 1484 4014 νῦν
1515 3961 1701 4030 φιλάν-

93 4052 351 4122 θρωπος,
391 4048 511 4119 μετ’
533 4048 716 4115 ὀλίγον
738 4046 1113 4115 δικαιοκρίτης
1140 4046 1472 4115 φανήσομαι.
1501 4045 1698 4112 Δεῦτε,

82 4138 342 4204 μάθετε,
385 4132 482 4185 ὅτι
514 4130 704 4198 πρᾶός
738 4131 856 4198 εἰμι
890 4128 985 4181 καί
1026 4129 1303 4193 ταπεινὸς
1344 4126 1417 4197 τῇ
1465 4127 1696 4195 καρδίᾳ.

86 4220 169 4271 Ἢ
202 4218 270 4271 τὸ
317 4217 511 4289 πρᾶον
556 4215 845 4285 τιμήσατε,
893 4211 927 4282 ἢ
972 4211 1034 4263 τὸ
1064 4210 1289 4264 δυνατὸν
1339 4210 1695 4282 εὑλαϐήθητε.

86 4302 288 4368 Δεῦτε,
311 4298 590 4370 ,φθάσατέ
639 4315 738 4367 μου
767 4296 827 4349 τὸ
861 4295 1149 4366 πρόσωπον
1182 4296 1238 4349 ἐν
1282 4294 1662 4366 ἐξομολογήσει
1683 4312 1697 4325 ·

87 4386 276 4457 καιρῷ
338 4383 464 4452 γὰρ
508 4380 576 4434 τά
625 4380 721 4450 τῆς
766 4379 1020 4448 τοιαύτης
1065 4378 1197 4448 παρ’
1243 4378 1376 4449 ἐμοῦ
1424 4377 1702 4449 διώρισται

86 4468 503 4542 μετριότητος.

156 4553 233 4622 γ’.
271 4554 339 4606 '0
379 4548 579 4619 παρὼν
606 4547 765 4619 μόνος
785 4547 901 4600 ἐστ)⁵
919 4546 1032 4616 βίος
1045 4545 1145 4615 τῆς
1161 4545 1300 4615 ἐμῆς
1325 4544 1704 4617 μακροθυμίας

79 4636 372 4701 ἐπίδειξις
397 4650 412 4662 ·
452 4631 572 4702 ἥξει
606 4631 816 4701 καιρὸς,
842 4631 931 4685 ὅτε
967 4629 1171 4700 ταύτης
1206 4646 1306 4699 μου
1338 4632 1435 4700 τῆς
1474 4630 1706 4700 χρηστό-

77 4740 256 4793 τητος
284 4723 322 4792 ἡ
356 4718 510 4786 θύρα
540 4715 946 4785 κλεισθήσεται⁶
974 4714 1094 4781 ἥξει
1121 4714 1329 4784 καιρὸς,
1359 4715 1446 4766 ὅτε
1471 4714 1704 4783 δάκρυον

77 4809 194 4861 τῶν
254 4800 624 4874 ἁμαρτωλῶν
672 4801 773 4852 οὑκ
835 4798 1105 4869 ὠφελήσει
1172 4797 1531 4868 σταζόμενον⁸
1583 4797 1704 4868 ἥξει

74 4889 324 4963 καιρὸς,
381 4888 484 4940 ὅτε
528 4883 827 4951 σάλπιγγες
873 4880 1206 4951 πανταχόθεν
1256 4880 1557 4933 κτυποῦσαι
1601 4880 1704 4950 τὴν

72 4974 370 5042 δευτέραν
413 4985 521 5039 μου
555 4967 859 5038 παρουσίαν
892 4965 1162 5035 δηλοῦσιν,
1204 4964 1292 5017 ὅτε
1321 4963 1418 5034 τὴν
1446 4964 1548 5033 γῆν
1576 4963 1705 5033 ὅλην

68 5058 498 5129 διατρέχοντες
524 5050 741 5119 ἄγγελοι
768 5050 874 5104 τῶν
903 5049 1108 5120 νεκρῶν
1138 5047 1238 5110 τάς
1268 5048 1533 5118 μυριάδας
1566 5064 1705 5119 παρ-

75 5142 325 5194 ιστῶσιν
360 5137 456 5198 είς
485 5135 687 5203 κρίσιν,
709 5134 797 5186 ὅτε
833 5150 923 5202 μοι
971 5132 1120 5202 βῆμα
1148 5131 1298 5200 τεθῇ,
1331 5131 1423 5182 καὶ⁸
1447 5131 1568 5192 ταῖς
1592 5130 1704 5183 ἄνω

70 5224 408 5296 δυνάμεσιν
462 5215 659 5280 ἐπιδῶ,
706 5217 797 5269 ὅτε
836 5217 1000 5286 ἀρχαὶ
1043 5214 1136 5268 καί¹
1185 5212 1420 5278 ἐξουσίαι
1472 5211 1705 5296 6096:96-

71 5308 171 5380 ροῦ
182 5295 275 5361 σιν
309 5301 650 5375 ἐρχόμενον,
676 5301 765 5353 ὅτε
796 5317 897 5370 μου
921 5299 1019 5369 τῆς
1044 5296 1317 5367 βασιλείας
1342 5296 1391 5380 οί
1415 5295 1706 5380 φωστῆρες

68 5377 168 5444 τὸν
208 5392 424 5444 πάντα
482 5383 894 5453 καταλάμπουσι
959 5381 1183 5450 κόσμον,
1225 5381 1315 5433 ὅτε
1372 5378 1544 5448 βίϐλοι
1593 5377 1703 5429 τῶν

66 5478 313 5545 ἑκάστῳ
357 5467 726 5541 βεϐιωμένων
754 5467 1078 5533 ἀνοίγονται,
1106 5465 1193 5516 ὅτε
1218 5464 1398 5533 νόμων
1428 5462 1701 5534 ἀκρίϐεια,

66 5562 173 5615 καὶ
208 5554 526 5627 δαιμόνων
555 5550 778 5621 ἀκριϐὲς
809 5548 1116 5618 λογοθέσιον
1141 5550 1189 5612 ⁸,
1220 5548 1307 5601 ὅτε
1333 5549 1360 5600 6
1390 5545 1707 5616 κρινόμενος

132 5781 158 5810 ⁸
198 5780 357 5829 [Inus
384 5773 483 5824 καὶ
510 5773 602 5821 τῶν
620 5773 861 5836 πρακτέων
885 5773 1080 5837 ἀκριϐὴς
1110 5768 1371 5833 λογοθεσία.

1261 342 1329 401 IN
1368 348 1468 404 SS.
1512 348 1690 405 ΡΕἸΒ

1842 352 1928 407 ET
1966 354 2248 413 unum.
2848 434 2849 443 γ
3276 370 3375 424 τοι

1799 464 2034 534 ῖσταται,
2082 471 2229 543 μόνα,
2263 472 2401 544 ἔχων
2434 475 2580 546 αύτῷ
2635 477 2956 548 παρεστῶτα
2978 477 3056 531 τὰ
3100 479 3255 551 ἔργα,
3290 486 3381 538 ὅτε

1793 563 2041 634 λογισμοὶ
2078 569 2465 641 κατηγοροῦσι,
2504 571 2599 624 καὶ
2641 571 2853 643 ἐλέγχει
2903 576 3241 647 συνείδησις,
3289 580 3380 632 ὅτε

1795 660 2086 741 πνεύματα
2126 666 2338 733 πονηρά
2383 669 2496 730 τοῖς
2541 669 2634 722 τοῦ
2682 668 2994 734 δικάζοντος
3043 672 3380 741 προσέχοντα

1944 736 1951 755 1
3087 736 3095 738 _
3218 736 3247 741 -.

1795 758 2059 828 ῥήμασιν,
2097 762 2184 815 ὅτε
2230 763 2459 834 κάμινος
2498 764 2590 818 τοῦ
2627 765 2815 836 κριτοῦ
2858 767 3233 837 περιμένουσα
3281 770 3411 839 τῆν-

1793 854 2086 925 ἀπόφασιν,
2110 859 2198 912 ὅτε
2226 859 2308 924 τὸ,
2343 861 2612 933 Ἐλέησον,
2652 864 2803 935 ῥῆμα
2831 864 2908 935 τῷ
2957 863 3150 934 βοῶντι
3196 863 3382 919 λοιπὸν

1794 952 2161 1025 ἀνωφέλητον.
2189 956 2353 1010 Δεῦτε
2384 954 2497 1022 οὖν,
2532 958 2661 1031 πρὶν
2690 960 2997 1014 ἀποκλείσω
3026 979 3127 1031 μου
3154 963 3252 1026 τὰς
3287 962 3382 1016 θύ-

1799 1066 1897 1115 ρας
1940 1050 2048 1104 τῶν
2075 1053 2395 1125 οἰκτιρμῶν,
2440 1057 2569 1126 πρὶν
2603 1056 2784 1127 φθάσῃ
2829 1056 3055 1128 λυθῆναι
3084 1058 3184 1128 τῆς
3233 1059 3381 1129 ζωῆς

1795 1147 1829 1216 ή
1871 1148 2208 1220 πανήγυρις,
2256 1152 2383 1222 πρὶν
2437 1152 2682 1223 παρέλθῃ
2722 1152 2815 1205 τοῦ
2861 1154 2975 1224 βίου
3010 1155 3069 1208 1:6
3117 1155 3373 1226 θέατρον·

1796 1243 1889 1296 ἐπὶ
1941 1243 2134 1315 θύραις
2188 1245 2296 1318 γὰρ
2342 1250 2375 1316 ὴ
2432 1247 2745 1321 προθεσμία
2795 1250 2891 1303 τοῦ
2960 1251 3166 1316 τέλους.
3216 1254 3379 1306 Δεῦτε

1798 1339 1925 1407 πρὶν
1959 1339 2210 1411 ἄρξωμαι
2250 1342 2478 1413 κρίνειν·
2514 1342 2579 1398 ἂν
2610 1343 2718 1415 γὰρ
2746 1345 2936 1412 φθάσω
2964 1348 3193 1412 καθίσας
3225 1350 3379 1402 δικά-

1798 1434 1932 1499 ζειν,
1959 1434 2142 1490 ούκέτι
2169 1437 2485 1508 χαρίζομαι.
2514 1441 2613 1493 Διά
2646 1441 2818 1494 ταῦτα
2861 1444 3158 1515 κατάδηλον
3191 1449 3379 1517 ἐποιη-

1800 1530 1981 1602 σάμην
2016 1530 2078 1585 τὸ
2109 1533 2219 1586 τῶν
2261 1535 2461 1606 μωρῶν
2494 1536 2797 1608 ,παρθένων
2843 1539 3166 1610 ὑπόδειγμα,
3212 1537 3286 1595 ὧν
3320 1545 3376 1597 αί

1797 1626 2078 1700 λαμπάδες
2117 1631 2217 1702 τῆς
2251 1631 2397 1701 ζωῆς
2438 1632 2513 1703 μὴ
2555 1632 2776 1704 ἔχουσαι
2820 1635 3165 1707 δικαιοσύνης
3205 1638 3381 1692 ἔλαιον

1798 1726 2234 1799 ἀπεσϐέσθησαν,
2271 1729 2366 1781 καὶ
2410 1730 2556 1793 ὃπως
2587 1731 3024 1804 ἀπεκλείσθησαν
3057 1737 3250 1798 αὑταῖς
3287 1738 3381 1789 τοῦ

1795 1823 2081 1892 νυμφῶνος
2108 1826 2162 1876 αἱ
2205 1824 2388 1895 θύραι,
2428 1827 2577 1889 ὅπως
2610 1843 2669 1880 τε
2723 1829 3048 1899 κρουούσαις
3094 1831 3381 1899 ἀντέλεγον

1794 1916 2024 1984 ἔνδοθεν,
2053 1921 2175 1974 Οὐκ
2192 1916 2323 1973 οἶδα
2341 1919 2496 1990 ὑμᾶς
2514 1923 2614 1991 τὴν
2642 1923 2775 1994 πρὸς
2792 1923 2920 1988 τοὺς
2942 1926 3299 1997 ἁμαρτωλοὺς
3322 1928 3379 1979 ἒν

1794 2017 1860 2086 τῇ
1901 2020 2080 2088 κρίσει
2121 2023 2305 2088 φωνην
2338 2019 2728 2092 αἰνιττόμενος.
2758 2021 2822 2075 Εἰ
2868 2022 3222 2093 ἐδιδάχθημεν
3266 2040 3379 2077 τοι·

1794 2112 2020 2185 γαροῦν,
2057 2114 2297 2184 ἀδελφοὶ,
2325 2115 2390 2167 ἐκ
2418 2114 2529 2169 τῶν
2560 2116 2654 2170 τοῦ
2691 2116 2945 2190 Σωτῆρος
2973 2118 3145 2188 λόγων
3168 2123 3377 2172 Δεσπο-

1792 2208 1952 2281 τικὴν
1981 2208 2317 2281 ἀγαθὸτητα,
2355 2210 2429 2282 μὴ
2458 2213 2961 2284 καταφρονήσωμεν
2988 2214 3242 2267 δικαστοῦ
3275 2214 3381 2285 πρὸ

1793 2305 1913 2376 τῆςδ
1939 2307 2174 2378 κρίσεως
2215 2307 2587 2378 φθεγγομένου
2636 2308 3021 2380 φιλάνθρωπα,
3063 2312 3136 2381 μὴ
3181 2310 3378 2364 ἀπολέ-

1795 2418 1975 2472 σωμεν
2032 2402 2388 2473 μεταμελείας
2443 2402 2669 2473 καιρόν’
2721 2403 2956 2472 ἀγαθαῖς
3014 2405 3245 2491 πράξεσι
3286 2406 3382 2460 καὶ

1793 2496 2186 2568 ἐλεημοσύναις
2230 2498 2328 2563 τὰς
2358 2498 2566 2553 ἑαυτῶν
2599 2496 2775 2570 ψυχὰς
2810 2502 3206 2572 ἀμφιάσωμεν·
3249 2503 3380 2556 ἐκα-

1796 2611 1920 2657 στος
1947 2595 2102 2666 ἡμῶν
2135 2596 2235 2666 ἤδη
2266 2597 2781 2667 πραγματευσάσθω
2811 2598 2963 2671 [729]
3011 2599 3077 2652 τὰ
3119 2599 3256 2670 πρὸς
3283 2600 3395 2671 τὴν·

1794 2689 2009 2745 αἰώνιον
2035 2691 2181 2762 ζωὴν
2221 2693 2521 2762 ἐπιτήδεια,
2545 2692 2653 2746 τῶν
2691 2693 2943 2764 χαλεπῶν
2975 2695 3226 2766 πράέεων
3258 2696 3383 2749 ἐαυ-

1794 2789 1920 2852 τοὺς
1958 2790 2373 2860 ἀποστήσωμεν.
2414 2790 2539 2843 Ἐάν
2567 2789 2676 2862 γὰρ
2710 2794 2871 2862 ἡμεῖς
2900 2791 2996 2863 τὴν
3027 2791 3208 2845 πίστιν
3249 2793 3384 2845 6.0.11-

1793 2886 1981 2938 λευτον
2005 2886 2062 2938 ἐν
2096 2884 2318 2953 ἀγαθοῖς
2345 2884 2528 2956 ἔργοις
2553 2886 2899 2957 φυλάξωμεν,
2929 2889 3081 2941 ἐσται
3111 2890 3208 2942 σὺν
3250 2890 3392 2959 ἡμῖν

1795 2981 1892 3036 καὶ
1925 2982 1960 3053 ὴ
1986 2979 2163 3043 κτίσις
2191 2980 2503 3043 ἀσάλευτος.
2530 2980 2865 3055 Σωφροσύνη
2884 2987 3250 3054 κοσμήσωμεν
3284 2985 3398 3047 τὰς.

1794 3078 1972 3150 ψυχὰς
1998 3078 2176 3149 ἡμῶν,
2208 3079 2300 3132 καὶ
2328 3080 2426 3149 τῆς
2458 3077 2705 3150 καθαρᾶς
2733 3079 2969 3141 πίστεως
2996 3079 3088 3132 τὸν
3118 3079 3393 3149 ἀτίμητον-

1800 3177 2149 3250 μαργαρίτην
2189 3174 2421 3246 βεϐαίως
2467 3173 2923 3246 ἐπικτησώμεθα·
2963 3176 3090 3245 πρὶν
3132 3178 3161 3229 6
3192 3177 3381 3245 χρόνος

1795 3273 1898 3344 τῆς
1938 3271 2081 3343 ζωῆς
2115 3270 2316 3342 σϐεσθῇ
2350 3271 2448 3342 τῆς
2478 3272 2774 3343 ἡμετέρας,
2808 3273 2934 3342 πρὶν
2963 3272 3024 3324 τὸ
3067 3272 3252 3341 σχῆμα
3287 3271 3380 3327 ταῦ

1797 3373 2026 3443 κόσμου,
2068 3368 2252 3423 καὶτὸ
2292 3368 2452 3432 ἄνθος
2479 3369 2579 3439 τῆς
2618 3368 2798 3440 δόξης,
2829 3370 2923 3422 καὶ
2959 3369 3140 3422 πάντα
3178 3370 3248 3421 τὰ
3283 3369 3382 3439 τῆς

1796 3471 1924 3540 ὅλης
1972 3466 2182 3540 τερπνά
2225 3466 2701 3539 διαφθαρήσηται,
2746 3467 2839 3520 τὸν
2906 3466 3203 3520 ἀδέκαστον
3248 3482 3382 3536 κρι-

1796 3568 1896 3638 τὴν
1925 3564 2373 3639 θεραπεύσωμιν.
2418 3563 2591 3628 Αὐτὸς
2638 3563 2747 3634 γάρ
2783 3565 2929 3617 ἐστιν
2977 3566 3006 3617 6
3051 3564 3246 3633 λέγων’
3293 3564 3385 3616 Ζῶ

1797 3662 1935 3734 ἐγὼ,
1970 3661 2133 3732 λέγει
2161 3661 2395 3728 Κύριος,
2425 3661 2497 3714 οὐ
2523 3660 2827 3729 βούλομαι
2855 3660 2963 3713 τὸν
2994 3658 3252 3713 θάνατον
3279 3659 3384 3713 τοῦ

1799 3757 2172 3830 άμαρτωλοῦ,
2203 3756 2286 3821 ὡς
2317 3757 2382 3810 τὸ
2415 3756 2772 3826 ἐπιστρέψαι
2805 3757 2905 3809 καὶ
2933 3754 3041 3823 ζῇν
3067 3757 3275 3809 αὐτόν.
3322 3756 3382 3807 Εἰ

1798 3856 1982 3926 ἐφίετο
2013 3854 2369 3926 τιμωρεῖσθαι
2407 3853 2499 3907 τὸν
2533 3854 2876 3925 ἁμαρτωλὸν,
2932 3853 3139 3907 ἐσιώπα
3161 3871 3172 3883 ·
3215 3853 3385 3905 ἐλεεῖν

1802 3951 1965 4017 θέλει,
1989 3949 2079 4005 διὰ
2106 3949 2265 4005 τοῦτο
2297 3951 2632 4024 παρακαλεῖ*
2670 3950 2931 4021 φείδεται,
2959 3950 3050 4004 διὰ
3072 3950 3231 4004 τοῦτο
3259 3965 3385 4020 προ-

1801 4050 2098 4121 τρέπεταιο
2136 4048 2295 4120 φοϐεῖ
2330 4065 2389 4102 σε
2433 4049 2510 4120 τῷ
2540 4051 2844 4123 προειπεῖν,
2878 4048 2964 4101 ἵνα
3004 4047 3097 4101 τοῦ
3137 4046 3395 4100 κινδύνου

1803 4145 2207 4217 προαναστείλῃ
2249 4145 2348 4218 τὴν
2395 4148 2612 4218 πεῖραν.
2658 4146 2791 4211 Θεὸς
2840 4146 2949 4218 γὰρ
2997 4142 3235 4198 ἀπειλῶν
3285 4143 3383 4212 μὲν

1806 4244 2000 4310 σώζειν
2051 4243 2331 4316 βούλεται,
2373 4243 2591 4298 σιωπῶν
2630 4243 2688 4297 δὲ
2733 4247 3077 4317 προαιρεῖται
3111 4241 3382 4304 κολάζειν.

1808 4345 2045 4413 Ἔχομεν
2089 4341 2199 4396 ἀπὸ
2241 4341 2350 4397 τῶν
2397 4343 2735 4413 πραγμάτων
2766 4341 2863 4413 τὴν
2900 4341 3154 4412 μάθησιν.
3195 4338 3384 4392 Ἠπεί-

1804 4440 1968 4512 λησεν
2006 4440 2100 4493 ἐπὶ
2144 4439 2463 4503 Νινευῖτῶν,
2518 4442 2611 4492 καὶ
2663 4438 2948 4508 ἐφείσατο·
2990 4440 3244 4509 ἐσίγησεν
3291 4437 3385 4489 ἐπί

1806 4536 2132 4608 Σοδομιτῶν,
2178 4536 2274 4589 καὶ
2340 4535 2629 4589 ἐκόλασενσ
2689 4535 2986 4605 στεφάνους
3032 4535 3395 4605 ηὑτρέπισεν,

1806 4633 1903 4687 ἐὰν
1938 4632 2014 4704 μὴ
2044 4630 2165 4686 καθ’
2203 4629 2409 4685 ἑαυτῶν
2445 4631 2713 4702 βασάνους
2742 4632 3069 4703 ἐνέγκωμεν.
3102 4630 3257 4683 Θέλει
3294 4630 3387 4700 ἀρ-

1806 4731 1974 4801 γῆσαι
2020 4730 2120 4801 τὴν
2166 4729 2410 4798 γέενναν,
2442 4728 2585 4783 θέλει
2614 4729 2706 4783 τοῦ
2739 4729 2962 4795 σκότους
3002 4729 3062 4781 τὸ
3102 4728 3385 4799 δεσμωτή-

1810 4844 1923 4898 ριον
1954 4827 2188 4891 κλεῖσαι,
2217 4826 2359 4879 θέλει
2390 4827 2569 4879 πᾶσαν
2598 4825 2760 4881 αὑτοῦ
2792 4827 2889 4898 τὴν
2918 4827 3086 4898 ὀργὴν
3121 4825 3268 4898 μόνῳ
3309 4825 3386 4895 τῷ

1806 4924 2038 4995 διαϐόλῳ
2069 4923 2452 4993 φυλάττεσθαι,
2493 4923 2635 4976 θέλει
2672 4922 2894 4977 καθίσαι
2933 4923 3145 4995 κριτὴς,
3170 4924 3269 4993 οὑχ
3300 4923 3387 4975 ἵνα

1808 5023 2015 5095 κολάζῃ
2039 5021 2213 5084 τινὰς,
2249 5018 2476 5073 ἀλλ’ἵνα
2512 5019 2833 5091 στεφανώσῃ
2867 5021 3093 5083 πάντας.
3130 5022 3385 5090 Ἔχοντες

1806 5121 1984 5176 τοίνυν
2022 5119 2260 5172 τοιοῦτον
2286 5118 2584 5188 Δεσπότην,
2611 5117 2945 5190 ἀρπάσωμεν
2973 5117 3155 5187 φωνὴν
3182 5116 3385 5185 ἀγαθό-

1809 5239 1969 5294 τητος
2003 5222 2303 5293 γέμουσαν,
2330 5221 2729 5293 ὑπακούσωμεν
2770 5219 3011 5289 λέγοντι’
3044 5219 3241 5277 Δεῦτε,
3270 5216 3383 5286 μά-

1809 5328 1939 5379 θετε
1977 5323 2077 5377 ἀπ’
2118 5322 2284 5393 ἐμοῦ,
2331 5322 2421 5376 ὅτι
2454 5321 2644 5392 πρᾶός
2687 5324 2805 5393 ειμι
2837 5321 2936 5375 καί
2984 5318 3260 5385 ταπεινὸς
3310 5317 3385 5387 τῇ

1808 5426 2042 5495 καρδίᾳ,
2071 5425 2159 5478 ἵνα
2186 5425 2283 5478 καὶ
2308 5426 2406 5496 τῆς
2444 5424 2700 5489 εὐκταίας
2734 5424 2948 5494 ἐκείνης
2987 5423 3081 5476 καὶ
3111 5420 3386 5493 μακαρίας

1809 5531 1993 5603 φωνῆς
2036 5528 2352 5600 ἀξιωθῶμεν
2380 5529 2607 5583 ἀκοῦσαι
2636 5531 2737 5596 τῆς
2770 5526 3065 5598 λεγούσης·
3101 5524 3298 5586 Δεῦτε,
3331 5526 3387 5576 οἱ

1807 5630 2198 5703 εὐλοπυημέτόι
2219 5630 2323 5686 τοῦ
2345 5631 2572 5699 Πατρός
2592 5647 2731 5699 μου,
2755 5625 3248 5698 κληρονομήσατε
3270 5622 3386 5692 τὴν

1819 5734 2258 5807 ἡτοιμασμένην
2290 5734 2430 5799 ὑμῖν
2453 5736 2810 5800 ,ϐιισιλείανο
2845 5728 2911 5805 ἧς
2946 5730 3140 5792 πάντες
3164 5731 3221 5782 ἐν
3252 5729 3385 5783 ἀπο-
