3858 6280
165 271 265 327 725

166 401 321 459 miunt
348 381 482 436 vobis
508 395 718 452 regnum
747 376 959 447 (Matth.
992 376 1080 433 25.
1112 376 1205 443 ει)
1240 393 1251 429 :
1282 388 1385 445 quo
1427 387 1522 427 nos
1551 385 1739 425 omnes

168 479 359 533 utinam
388 474 545 542 potiri
574 472 869 543 contingat,
899 471 1064 541 gratia
1090 479 1142 523 et
1173 468 1493 543 benignitate
1533 464 1737 521 Domini

1300 259 1367 315 IN
1403 259 1498 317 SS.
1541 256 1819 314 PETBUM
1860 255 1945 311 ΕΤ
1985 251 2264 312 ιιειιΑδι.

3323 237 3426 292 728

1850 369 2014 425 nostri
2062 365 2189 423 Iesu
2234 362 2467 428 Christi,
2502 377 2622 417 cum
2667 374 2772 429 quo
2814 354 2952 413 Patri
2987 354 3152 424 gioria
3176 368 3281 409 una
3307 364 3430 403 eum

1849 461 2048 530 Spiritu
2075 464 2279 524 sancto,
2303 456 2354 509 in
2378 455 2573 509 saecula
2599 450 2934 506 stnculnrum.
2962 448 3153 501 Amen.

198 717 3417 784 Wmﬂﬁ—WW

1628 924 2001 993 MONITUM.

193 1127 314 1188 quae
347 1109 565 1165 Petrum
614 1103 998 1171 interrogabat,
1032 1100 1200 1154 luisse
1249 1094 1585 1152 meretricem
1625 1110 1638 1146 :
1674 1105 1798 1146 cum
1832 1088 1956 1142 item
1990 1102 2185 1159 magna
2219 1081 2502 1138 conciouis
2528 1095 2655 1151 pars
2707 1078 2809 1134 hac
2837 1072 2889 1132 in
2938 1095 2994 1133 re
3041 1076 3316 1146 probanda
3346 1077 3440 1132 in-

194 1169 446 1264 s‘umitur,
477 1197 685 1251 Heliam
721 1194 966 1249 videlicet
998 1192 1230 1262 graviter
1254 1202 1528 1257 peccasse,
1561 1200 1708 1251 cum,
1731 1182 1977 1237 Jezahele
2002 1195 2187 1235 necem
2213 1176 2415 1231 inferre
2447 1173 2551 1228 sibi
2582 1182 2877 1242 quzerente,
2916 1169 3052 1239 fugit
3080 1171 3425 1239 illequadra-

195 1302 338 1374 ginta
376 1297 585 1351 dierum
618 1291 810 1362 spatio.
846 1287 940 1343 llis
964 1302 1065 1358 ego
1103 1286 1170 1340 de
1198 1284 1379 1340 causis
1408 1284 1548 1353 hanc
1576 1279 1854 1333 homiliam
1891 1277 2029 1330 inter
2063 1273 2279 1345 spnrias
2309 1269 2562 1340 ablegare
2590 1268 2773 1322 statim
2817 1263 3120 1334 cogitabam
3167 1280 3180 1314 :
3209 1272 3271 1316 at
3307 1279 3428 1317 cum

1675 1369 1686 1374 -
1949 1367 1980 1374 ..
2105 1366 2117 1374 .
2145 1364 2158 1374 .
2662 1372 2665 1374 ,
2770 1357 2801 1374 ν.
2860 1373 2871 1374 η
2923 1354 3143 1374 ιαμψ
3179 1355 3428 1374 ,μη-,μ

193 1354 428 1444 Ξενίιιυε
454 1392 509 1439 et
557 1354 937 1436 Tillemontius
964 1354 1191 1448 vinciri
1243 1375 1389 1428 illam
1443 1387 1565 1426 esse
1601 1369 1912 1440 opinentur,
1949 1367 2072 1421 licet
2105 1364 2194 1419 hic
2249 1373 2557 1432 postremus
2608 1372 2718 1413 non
2759 1357 2878 1413 sine
2915 1354 3148 1426 quodam
3176 1355 3438 1424 scrupulo

194 1496 311 1538 eam
352 1476 624 1551 germanis
654 1481 990 1537 aunumeret,
1033 1468 1166 1524 satis
1199 1466 1361 1521 habui
1392 1481 1511 1520 eam
1537 1466 1677 1520 inter
1708 1473 1992 1532 suspectas
2034 1458 2237 1513 locare.

261 1592 770 1666 lnterprctationcm
799 1587 1048 1645 Latinam
1077 1598 1272 1640 novam
1300 1557 1464 1638 edidi.

262 1710 482 1785 (Totam
525 1708 667 1763 hanc
694 1707 993 1765 homiliam.
1028 1705 1210 1759 inultis
1242 1698 1634 1756 omissionibus
1686 1693 2068 1757 deformatam,
2114 1708 2239 1747 cum
2273 1688 2476 1745 Savilio
2532 1685 2883 1743 contulerunt
2937 1696 3101 1754 atque
3144 1680 3439 1753 integritati

193 1775 548 1861 restituerunt
576 1798 878 1856 doctissimi
916 1797 1123 1852 Gaume
1161 1813 1174 1849 :
1210 1808 1445 1865 quorum
1477 1806 1578 1847 nos
1603 1791 1991 1853 corrcctioues,
2031 1802 2064 1843 e
2094 1785 2300 1840 Savilio
2329 1788 2627 1846 mutuatas,
2657 1785 2846 1834 nostra
2874 1776 3116 1847 ipsorum
3141 1775 3441 1831 collatione

192 1902 372 1960 denuo
398 1897 675 1969 probatas,
710 1894 1034 1965 recepimus.
1064 1891 1224 1949 Eutr.
1258 1888 1456 1960 Pun.)

215 2161 1789 2190 Μ

1806 2144 3241 2173 _______________.__________..___———

1154 2336 1260 2415 IN
1345 2336 1671 2412 PETRU
1690 2336 1757 2410 Μ
1839 2327 2372 2409 APOSTOLU
2391 2327 2459 2402 Μ

1381 2553 1456 2598 ET
1498 2551 1562 2596 ΙΝ
1602 2549 1834 2594 HELIAM
1874 2544 2271 2592 PROPHETAH.

252 3024 313 3081 ι.
360 3023 522 3080 Pauci
550 3022 711 3078 hodie
739 3021 894 3078 nonis
919 3021 1112 3078 adsunt
1143 3036 1159 3077 :
1189 3020 1315 3092 quid
1359 3022 1411 3076 in
1452 3033 1610 3075 causa
1654 3012 1778 3075 est?

184 3116 479 3191 Hartyrum
523 3115 835 3171 memoriam
875 3115 1206 3171 celebramus
1231 3157 1245 3182 ,
1289 3123 1342 3169 et
1383 3129 1543 3169 nemo
1588 3111 1652 3167 ad
1680 3126 1779 3166 nos

184 3210 416 3267 accessit
445 3225 460 3263 :
488 3207 587 3262 viae
614 3206 842 3277 spatium
873 3206 925 3260 in
956 3206 1229 3276 segnitiem
1256 3220 1349 3260 eos
1374 3201 1645 3274 coniecit?
1672 3203 1779 3257 imo

186 3320 295 3359 non
320 3302 425 3356 vim
449 3300 701 3368 spatium,
734 3298 828 3353 sed
859 3297 1065 3366 ignavia
1084 3295 1460 3366 impedimento
1489 3293 1605 3348 fuit.
1634 3291 1785 3348 Sicut

184 3396 333 3449 enim
372 3394 548 3446 virum
593 3389 890 3446 studiosum
919 3399 974 3444 et
999 3390 1176 3443 animo
1214 3387 1463 3443 solertem
1493 3384 1621 3441 nihil
1649 3384 1785 3440 deti-

187 3500 322 3539 nere
348 3491 554 3553 potest,
588 3482 658 3535 ita
688 3492 902 3551 segnem
932 3494 995 3535 ac
1023 3480 1303 3534 remissum
1333 3478 1507 3533 omnia
1531 3477 1788 3547 impedire

191 3582 444 3645 possunt.
493 3571 752 3643 Martyres
784 3570 1052 3640 proprium
1085 3558 1394 3639 sanguinem
1428 3584 1522 3638 pro
1567 3570 1791 3623 veritate

180 3663 474 3731 fuderunt,
497 3672 551 3717 et
570 3672 625 3718 tu
647 3679 713 3718 ne
737 3663 995 3716 tantillum
1017 3660 1227 3731 quidem
1248 3660 1452 3715 itineris
1471 3659 1793 3715 contemnis?

194 3757 280 3812 liii
308 3771 412 3827 pro
428 3755 655 3811 Christo
682 3762 841 3823 caput
860 3752 1121 3807 dederunt
1143 3794 1159 3815 ,
1181 3761 1235 3806 et
1261 3760 1314 3805 tu
1345 3767 1411 3805 ne
1432 3759 1580 3805 extra
1607 3750 1791 3804 urbem

189 3848 419 3919 quidem
451 3860 549 3917 pro
580 3845 805 3900 Domino
826 3844 906 3897 vis
936 3842 1160 3914 egredi?
1189 3844 1444 3898 Dominus
1465 3858 1564 3915 pro
1584 3853 1634 3897 te
1657 3857 1797 3895 mor-

188 3949 320 3994 tuus
359 3946 451 3994 est
477 3979 494 4002 ,
523 3945 578 3991 et
612 3945 669 3990 tu
714 3949 931 4005 segnem
978 3949 1102 4003 erga
1134 3934 1413 3988 Dominum
1455 3942 1507 3987 te
1545 3930 1797 3988 exhibes?

192 4029 469 4086 memoria
522 4036 811 4097 martyrum
838 4026 1031 4090 adest,
1072 4035 1125 4079 tu
1154 4039 1283 4079 vero
1319 4025 1576 4080 remissus
1609 4020 1798 4094 jaccs?

194 4120 361 4175 Adsis
389 4126 629 4187 oportet,
660 4125 718 4170 ut
744 4116 925 4170 videas
949 4116 1215 4170 diabolum
1240 4122 1563 4184 superatum,
1598 4124 1801 4185 marty-

191 4226 316 4268 rem
348 4210 616 4265 victorem
642 4248 658 4273 ,
685 4207 851 4261 Deum
880 4206 1055 4277 gloria
1094 4205 1418 4260 celebratum
1439 4246 1455 4271 ,
1498 4204 1799 4259 Ecclesium

184 4309 542 4359 coronatam.
574 4297 679 4354 Sed
706 4298 914 4353 illorum
944 4296 1058 4352 inec
1081 4295 1350 4351 excusatio
1387 4304 1469 4351 est
1494 4335 1509 4360 ,
1552 4294 1804 4349 Peccator

190 4411 344 4460 sum,
376 4402 547 4464 atque
573 4390 691 4445 ideo
732 4390 986 4445 accedere
1014 4403 1118 4443 non
1147 4401 1383 4458 possum.
1412 4385 1564 4455 Atqui
1593 4401 1653 4440 ea
1690 4385 1801 4454 ipsa

194 4488 268 4543 de
292 4501 469 4541 causa
496 4482 636 4554 quod
662 4492 909 4552 peccator
934 4482 1007 4536 sis
1031 4521 1045 4546 ,
1077 4479 1271 4535 accede
1294 4521 1308 4543 ,
1337 4486 1396 4533 ut
1422 4493 1487 4532 ne
1528 4493 1558 4530 a
1595 4477 1797 4547 justitia

197 4579 457 4635 acidas.
487 4576 618 4643 Quis
645 4582 821 4629 autem
844 4572 1138 4635 hominum,
1166 4571 1252 4625 dic
1278 4569 1428 4633 mihi,
1451 4569 1566 4623 sine
1590 4576 1806 4636 peccato

192 4671 327 4728 est?
356 4667 475 4725 Sed
504 4674 782 4736 propterea
809 4661 1122 4718 sacriﬁcium
1152 4670 1207 4716 et
1241 4660 1499 4725 Ecclesia,
1532 4668 1806 4728 propterea

194 4777 399 4834 preces
422 4774 493 4814 ac
513 4757 733 4828 jejunis,
758 4755 1009 4826 quoniam
1030 4753 1193 4808 multa
1210 4760 1336 4806 sunt
1355 4752 1546 4805 anima:
1566 4751 1804 4803 vulnera:

197 4855 328 4912 ideo
361 4851 543 4908 multa
572 4847 958 4919 medicamenta
984 4843 1282 4913 excogitata
1308 4852 1430 4897 sunt
1449 4880 1467 4906 ,
1524 4850 1578 4896 et
1604 4839 1670 4894 ad
1699 4839 1809 4893 sin-

194 4948 325 5022 gula
380 4928 865 5010 vulnerasin'gnla
909 4938 1006 5008 ipsi
1048 4935 1391 5006 congruentia
1427 4933 1811 4990 medicamenta

192 5052 330 5100 sunt
374 5043 705 5112 prmparata.
750 5033 926 5088 Habes
965 5029 1256 5086 Ecclesiam
1285 5026 1541 5083 sacn'iicia
1583 5025 1813 5079 aneren-

195 5146 310 5192 tem
339 5174 357 5199 ,
402 5129 687 5185 orationes
727 5134 933 5195 patrum
963 5162 980 5190 ,
1025 5119 1533 5175 administrationem
1581 5115 1812 5185 Spiritus

194 5225 408 5293 sancti,
441 5229 742 5293 martyrum
771 5220 1056 5271 memorias
1075 5254 1089 5280 ,
1112 5219 1423 5267 sanctorum
1445 5207 1812 5278 congregatio-

197 5334 331 5375 nem
358 5359 375 5383 ,
411 5323 473 5370 et
502 5311 696 5366 similia
725 5309 913 5374 multa,
943 5320 1063 5377 quin
1093 5313 1144 5358 te
1169 5318 1198 5357 a
1224 5308 1442 5372 peccato
1464 5299 1534 5353 ad
1556 5298 1810 5368 justitiam

193 5422 477 5471 revocare
506 5403 716 5475 possint
743 5420 756 5457 :
783 5415 889 5456 non
914 5395 1183 5453 accessisti
1203 5393 1269 5449 ad
1288 5391 1647 5463 precationem
1660 5404 1812 5442 mar-

266 5543 349 5606 (a)
385 5517 1810 5606 collata.maiestatem}???%;EE.E£!9°EE":E§”:9:

379 5580 947 5663 etvqniwdodices.
968 5580 1101 5663 tanta
1272 5580 1511 5663 inct‘mdita
1544 5580 1811 5663 chius-usui?

194 5645 1105 5733 ἓὸέὲνιῖῐιιῖεέέεὲοῖιρφΑίςδειῑίἚίιὲἓλ
1122 5645 1451 5733 seeae:
1729 5654 1812 5707 με

191 5711 531 5791 magna:
554 5718 754 5784 alicujus
774 5714 1006 5769 momenti
1031 5711 1315 5764 videbantur
1340 5719 1471 5757 esse.

1886 3029 2061 3094 tyrum
2095 3041 2111 3091 ;
2154 3022 2587 3097 ecquam'hahes
2649 3023 2900 3079 veniam?
2935 3020 3081 3079 Nihil
3124 3035 3373 3091 asperum
3421 3022 3475 3075 in

1887 3118 2063 3174 medio
2105 3118 2331 3188 positum
2353 3126 2436 3174 est
2462 3159 2477 3183 ,
2525 3128 2576 3171 et
2610 3126 2782 3172 tamen
2811 3132 2840 3170 a
2873 3126 3168 3187 martyrum
3212 3122 3479 3168 conventu

1836 3242 1849 3251 ν
1886 3210 2149 3265 cohibitus
2178 3211 2278 3265 es?
2329 3212 2397 3264 At
2444 3209 2716 3266 Saecularis
2764 3217 2815 3264 te
2861 3222 2987 3263 cura
3034 3204 3302 3263 detinuit?
3346 3203 3481 3258 Hinc

1890 3302 2062 3372 majus
2083 3301 2306 3357 crimen.
2341 3300 2416 3359 Ne
2455 3304 2669 3359 brevem
2699 3301 2911 3372 quidem
2940 3299 3129 3354 horam
3160 3296 3271 3352 Deo
3310 3293 3481 3352 {mno-

1892 3395 1999 3448 rari
2028 3393 2238 3449 voluisti
2266 3436 2280 3457 ,
2309 3403 2368 3448 ut
2407 3394 2670 3463 integrum
2702 3392 2844 3447 diem
2889 3386 3208 3460 acciperes?

1961 3484 2066 3544 Cur
2101 3488 2382 3543 sacerdotes
2408 3487 2624 3558 peccatis
2665 3484 2905 3540 obnoxios
2940 3502 3044 3539 esse
3073 3481 3214 3537 Deus
3240 3479 3483 3543 voluerit;

1896 3577 2079 3635 Petrus
2096 3598 2304 3652 peccare
2320 3580 2640 3652 permittitur,
2664 3588 2721 3632 ut
2744 3578 3024 3632 misericors
3044 3592 3166 3649 erga
3193 3575 3320 3628 alios
3335 3583 3483 3628 esset.

1895 3705 1967 3715 —
2004 3674 2258 3731 Peccator
2299 3689 2415 3728 sum
2440 3715 2457 3739 ,
2511 3672 2944 3742 inquies,neqne
2969 3670 3019 3724 id
3065 3682 3303 3739 possum.
3353 3664 3486 3731 Quia

1897 3776 2146 3841 peccator
2173 3782 2261 3829 es,
2292 3767 2412 3820 ideo
2438 3763 2716 3836 ingredere
2748 3780 2762 3817 :
2795 3778 2862 3816 an
2892 3761 3106 3833 ignoras
3136 3759 3255 3813 illos
3282 3757 3438 3811 etiam
3465 3797 3484 3822 ,

1899 3862 1987 3932 qui
2036 3861 2187 3915 altari
2232 3859 2488 3921 adstant,
2533 3855 2764 3926 peccatis
2807 3868 2926 3908 esse
2966 3850 3268 3906 obnoxios?
3308 3846 3484 3903 Carne

1900 3960 2020 4006 sunt
2053 3949 2241 4015 induti,
2259 3956 2309 4003 ct
2327 3962 2391 4002 ex
2416 3945 2670 4015 sanguine
2694 3942 2988 4008 constituti,
3005 3939 3080 4012 (α)
3096 3938 3253 4013 [etex
3273 3937 3486 3992 ossibus

1900 4041 2185 4110 Cnmpacli,
2216 4047 2268 4094 ct
2299 4053 2397 4093 uos
2439 4037 2537 4106 ipsi
2577 4035 2771 4090 throno
2814 4032 3104 4087 insidentes
3146 4041 3197 4085 et
3226 4029 3485 4085 ducentes

1905 4135 2134 4206 peccatis
2172 4130 2469 4200 complicati
2511 4142 2715 4183 smnus.
2755 4126 3129 4180 Verumtamen
3157 4138 3260 4176 non
3289 4120 3482 4189 despe-

1905 4243 2083 4284 ramns
2111 4227 2177 4282 dc
2204 4222 2562 4288 misericordia
2597 4221 2690 4277 Dei
2716 4264 2732 4287 ,
2783 4236 2880 4275 nec
2911 4220 3009 4290 ipsi
3047 4217 3485 4273 inhumanitatem

1904 4320 2186 4391 attigimus.
2228 4317 2427 4372 Omnes
2453 4315 2593 4369 enim
2636 4313 2879 4367 homines
2920 4324 3102 4365 sumus
3141 4307 3326 4363 iisdem
3374 4306 3486 4361 elc-

1908 4413 2099 4468 Incntis
2145 4404 2440 4481 constituti]
2494 4425 2508 4462 :
2558 4421 2736 4476 neque
2785 4412 2960 4458 tamen
3033 4415 3338 4456 recusamus
3392 4397 3487 4452 do-

1908 4506 2130 4562 ctrinam
2158 4502 2451 4572 impertire,
2480 4498 2547 4554 ad
2578 4498 2667 4553 Dei
2695 4493 3032 4565 benignitatis
3059 4491 3274 4561 pelagus
3311 4489 3486 4558 respi-

1908 4603 2130 4655 cientes.
2159 4597 2266 4652 Vos
2292 4593 2504 4665 quidem
2533 4600 2840 4662 peccatores
2872 4587 2917 4642 si
2946 4581 3309 4655 ingrediamini
3331 4622 3346 4643 ,
3379 4597 3484 4633 non

1911 4702 2115 4749 tantum
2144 4697 2226 4745 est
2266 4688 2469 4743 crimen
2502 4701 2516 4738 :
2550 4698 2671 4738 nam
2716 4679 2817 4734 sub
2861 4676 3139 4746 disciplina
3184 4673 3342 4733 estis;
3390 4686 3488 4725 nos

1911 4801 2039 4842 vero
2079 4792 2275 4856 quanto
2312 4779 2478 4849 magis
2507 4783 2819 4846 praestamus
2837 4769 3124 4839 dignitate,
3154 4775 3300 4819 tanto
3325 4764 3491 4832 magis

1911 4855 2309 4948 culpaeisumus
2334 4866 2550 4926 obnoxii
2582 4884 2595 4920 :
2628 4863 2769 4919 aliud
2814 4862 2957 4917 enim
3005 4868 3088 4914 est
3128 4855 3442 4925 discipulmn
3471 4892 3489 4916 ,

1911 4970 2056 5028 aliud
2100 4968 2371 5023 doctorem
2420 4973 2685 5032 peccare:
2714 4964 2948 5010 attamen
2993 4966 3101 5006 non
3144 4960 3488 5006 recusamus.

1912 5079 1981 5120 ne
2016 5055 2326 5115 humilitatis
2349 5053 2565 5110 obtentu
2587 5051 2638 5106 in
2664 5049 2939 5119 segnitiem
2960 5045 3231 5099 cadamus.
3262 5039 3330 5094 Et
3367 5037 3493 5092 illud

1912 5155 2092 5211 divina
2115 5146 2509 5219 dispensatione
2541 5142 2735 5198 factum
2765 5149 2865 5204 est,
2898 5148 2956 5192 ut
2981 5133 3286 5191 sacerdotes
3313 5129 3411 5200 ipsi
3436 5129 3490 5183 in

1914 5254 2127 5319 peccata
2170 5217 2431 5295 labantur.
2480 5235 2613 5290 Audi
2657 5230 2923 5302 quomodo
2963 5241 3052 5282 res
3094 5239 3152 5280 se
3192 5222 3405 5276 haheat.
3431 5217 3489 5319 Si

1913 5308 2158 5392 doctores
2183 5340 2238 5387 et
2266 5327 2571 5385 sacerdoles
2598 5339 2703 5378 non
2727 5326 3004 5392 peccareut
3023 5359 3038 5385 ,
3071 5328 3241 5385 neque
3265 5311 3386 5364 vitm
3412 5308 3491 5362 ai-

1916 5428 2136 5487 lcctibns
2174 5420 2391 5477 obnoxii
2422 5425 2599 5474 essent
2621 5455 2636 5481 ,
2672 5428 2797 5483 erga
2823 5411 2956 5466 alios
2981 5403 3251 5463 inhumani
3284 5400 3493 5456 veniam

1915 5519 2256 5597 peccantibus
2283 5531 2388 5572 non
2426 5513 2614 5570 darent
2645 5526 2660 5564 :
2692 5507 2812 5563 ideo
2852 5506 2988 5560 Deus
3013 5501 3157 5572 ipsos
3193 5495 3497 5554 sacerdotes

1978 5637 2050 5699 (α)
2081 5643 2194 5695 Qua:
2210 5631 2398 5699 uncinis
2417 5626 2705 5699 clauduntur
2716 5621 2895 5673 desunt
2917 5616 2966 5667 in
2987 5614 3100 5665 edd.
3120 5609 3284 5663 Morel.
3303 5613 3357 5660 et
3371 5612 3497 5656 mm-

1822 5756 1843 5777 κ
1918 5690 2045 5763 ιειῖξ
2059 5690 2281 5750 οὲεινὶῑίο
2303 5690 2526 5758 suppleta
2547 5695 2677 5740 sunt.
