3858 6280
480 280 583 339 τ¹37

477 417 637 475 atque
663 401 932 476 principes
961 402 1238 460 affectibus
1267 402 1533 474 subjectos
1560 419 1679 460 esse
1705 404 1887 468 voluit,
1917 413 1975 459 ut
1998 413 2066 458 ex

477 495 590 550 suis
619 495 718 564 ipsi
751 494 954 551 morbis
988 496 1054 550 ad
1079 495 1285 550 veniam
1311 495 1428 550 aliis
1451 488 1845 551 concedendam
1885 491 2071 550 flecte-

478 601 683 642 rentur.
713 588 874 659 Atqui
903 589 980 644 sic
1022 604 1235 658 semper
1264 588 1400 644 Deus
1426 603 1540 644 rem
1585 588 1932 658 temperavit,
1963 601 2070 642 non

480 681 638 735 modo
669 697 828 748 nunc,
852 682 944 737 sed
959 670 1129 736 etiam
1153 683 1279 737 olim
1305 715 1320 748 ,
1347 696 1442 737 eos
1477 682 1665 752 quibus
1693 681 1984 737 Ecclesium
2016 688 2071 735 et

479 773 728 841 populum
779 764 1182 828 concrcditurns
1207 781 1360 840 erat,
1393 763 1445 828 in
1475 779 1750 842 peccatum
1798 761 1900 827 labi
1950 788 2074 842 per-

476 867 638 932 irisit,
665 873 719 920 ut
739 882 802 922 ex
829 867 1055 937 propriis
1077 868 1311 937 lapsibus
1333 883 1457 939 erga
1474 868 1608 922 alios
1630 867 1846 922 humani
1869 876 2069 921 essent.

478 961 533 1014 Si
565 961 703 1014 enim
737 952 835 1029 ipsi
866 977 970 1015 non
993 970 1324 1032 peccassent,
1358 961 1700 1031 peccantibus
1726 960 1933 1015 veniam
1964 975 2068 1013 non

471 1051 781 1116 dedissent;
832 1051 927 1106 sed
973 1050 1246 1106 inhumani
1294 1064 1510 1121 prorsus
1554 1065 1743 1106 omnes
1771 1050 2072 1120 exegissent

474 1142 543 1195 ab
574 1142 832 1197 Ecclesia.
863 1134 1012 1211 Quod
1055 1153 1234 1198 autem
1264 1143 1338 1198 ita
1360 1158 1446 1198 res
1471 1158 1529 1198 se
1557 1137 1770 1205 habeat,
1803 1153 1976 1212 neque
2004 1155 2068 1195 ex

471 1232 774 1303 conjectura
802 1235 988 1305 loquar
1007 1277 1021 1300 ,
1049 1251 1147 1306 age
1178 1235 1337 1291 rebus
1366 1234 1494 1307 ipsis
1515 1234 1864 1291 consideratis
1891 1234 2070 1289 dicere

468 1339 772 1397 pergamus.
805 1327 963 1382 Petro
988 1327 1386 1384 committenda:
1411 1328 1563 1383 erant
1589 1329 1766 1384 claves
1793 1318 2070 1403 Ecclesiae,

468 1420 580 1476 imo
653 1423 828 1492 potius
870 1415 1338 1476 committebantur
1361 1419 1411 1476 ei
1455 1416 1632 1476 claves
1657 1410 1910 1475 caelorum
1937 1461 1952 1487 ,
1987 1421 2068 1474 ei-

469 1513 699 1584 demque
720 1514 1086 1570 eoncredenda
1108 1523 1222 1568 erat
1243 1514 1526 1569 multitudo
1544 1514 1745 1584 populi.
1764 1512 1902 1580 Quid
1925 1512 2068 1566 enim

472 1606 548 1659 ait
573 1607 647 1660 illi
697 1607 949 1662 Dominus
970 1608 995 1660 ?
1026 1607 1390 1678 Quodcumque
1416 1606 1651 1678 ligaveris
1680 1622 1830 1676 super
1856 1615 2064 1670 terram,

472 1697 565 1751 erit
599 1697 808 1767 ligatum
835 1709 882 1752 et
919 1700 971 1752 in
1002 1697 1138 1752 caelis
1165 1713 1185 1762 ;
1222 1707 1270 1752 et
1305 1699 1654 1768 quodcumque
1678 1697 1886 1752 solveris
1915 1713 2068 1767 super

474 1798 681 1853 terram,
705 1790 797 1844 erit
823 1791 1040 1844 solutum
1063 1800 1108 1845 et
1133 1791 1185 1844 in
1215 1791 1354 1845 aclis
1385 1789 1614 1864 (Matth.
1644 1790 1736 1845 16.
1764 1788 1831 1844 19
1861 1788 1903 1859 ).
1935 1789 2065 1843 Erat

472 1893 602 1934 vero
632 1878 821 1936 Petrus
863 1881 1135 1950 aliquanto
1161 1882 1400 1952 asperior
1427 1898 1442 1934 :
1473 1881 1614 1952 quod
1642 1881 1686 1934 si
1715 1890 1769 1936 et
1797 1880 2065 1950 impccca-

467 1971 588 2026 bilis
619 1971 824 2040 fuisset,
855 1989 1013 2045 quam
1041 1975 1250 2030 veniam
1282 1974 1516 2030 habituri
1541 1973 1764 2029 fuissent
1791 1974 1847 2038 ii,
1879 1974 1967 2043 qui
1995 1972 2064 2027 ab

464 2061 558 2117 illo
602 2062 829 2118 docendi
873 2065 1073 2121 erant?
1114 2066 1404 2136 Propterea
1440 2065 1542 2120 hoc
1587 2065 1850 2135 disposuit
1886 2064 2064 2120 divina

465 2156 656 2224 gratia,
687 2165 744 2211 ut
773 2157 824 2211 in
849 2167 1123 2227 peccatum
1155 2157 1418 2228 quoddam
1448 2157 1727 2220 incideret,
1756 2171 1861 2227 quo
1885 2171 1951 2212 ex
1975 2155 2058 2222 iis,

465 2266 585 2319 qua:
611 2251 724 2320 ipse
755 2267 940 2320 passus
959 2247 1151 2316 fuerat,
1180 2252 1463 2307 humanior
1485 2251 1537 2305 in
1563 2251 1697 2306 alios
1726 2251 2059 2306 redderetur.

464 2346 545 2399 Ac
573 2341 850 2399 considera
899 2361 1056 2415 quem
1089 2346 1139 2399 in
1165 2353 1441 2416 peccatum
1473 2344 1577 2400 labi
1610 2344 1881 2415 permittat
1909 2361 1923 2396 :
1956 2343 2062 2397 Pe-

463 2445 605 2490 trum
637 2437 784 2491 illum
828 2439 1192 2507 apostolorum
1237 2439 1580 2510 coryphaeum
1607 2479 1622 2503 ,
1661 2438 2061 2493 fundamentum

463 2527 736 2583 immobile
759 2569 774 2593 ,
808 2539 1008 2599 petram
1039 2547 1155 2601 qua:
1180 2529 1348 2600 frangi
1381 2530 1595 2600 nequit,
1627 2529 1882 2585 Ecclesia:
1910 2529 2060 2599 prin~

461 2621 656 2688 cipem,
691 2631 900 2690 portum
929 2623 1409 2693 inexpugnabilem,
1444 2622 1630 2676 turrim
1663 2622 2056 2679 inconcussam.

463 2707 560 2766 llic
587 2713 675 2766 ille
705 2711 894 2768 Petrus
917 2725 1018 2782 est,
1047 2715 1136 2784 qui
1161 2713 1373 2768 Christo
1396 2713 1528 2768 dixit
1552 2731 1566 2768 ε
1591 2709 1804 2768 Etiamsi
1824 2723 2064 2786 oportue‘

464 2804 532 2855 ril
562 2820 639 2857 me
664 2804 792 2857 mori
828 2813 986 2859 tecum
1014 2844 1028 2870 ,
1061 2817 1162 2859 non
1195 2815 1241 2860 te
1265 2806 1454 2877 negabo
1487 2803 1715 2877 (Matth.
1753 2804 1846 2860 26.
1895 2806 1964 2860 '55
1994 2806 2054 2876 );

467 2895 658 2949 Petrus
684 2898 771 2966 qui
805 2912 869 2951 ex
913 2897 1089 2952 divina
1119 2898 1443 2952 revelatione
1467 2898 1742 2953 veritatem
1779 2895 2056 2952 confessus

469 2996 547 3040 est
579 3002 591 3038 :
627 2985 703 3040 Tu
748 3004 799 3041 cs
839 2985 1065 3043 Christus
1117 2987 1281 3043 Filius
1318 2987 1417 3042 Dei
1434 2983 1864 3054 vivi(illatth.f6.
1895 2987 1962 3043 16
1988 2986 2054 3061 );

465 3063 551 3132 bic
579 3087 732 3133 nocte
758 3079 861 3139 illa.
887 3086 986 3150 qua
1014 3069 1233 3135 traditus
1257 3087 1340 3135 est
1357 3075 1617 3146 Christus,
1649 3078 1918 3149 ingressus
1937 3083 2051 3135 est:

463 3180 660 3224 etcum
697 3179 866 3226 staret
907 3172 974 3226 ad
1023 3173 1194 3243 ignem
1221 3213 1237 3237 ,
1289 3181 1346 3226 ut
1373 3169 1687 3226 calefaceret
1725 3186 1784 3226 se
1810 3212 1824 3235 ,
1877 3169 2052 3242 puella

468 3266 709 3334 qumdam
758 3266 1018 3320 accedens
1043 3267 1171 3320 dixit
1202 3265 1272 3321 illi
1307 3283 1321 3320 :
1354 3265 1416 3318 Et
1464 3268 1517 3318 tu
1544 3263 1650 3320 heri
1674 3281 1791 3318 cum
1820 3262 1914 3318 hoc
1961 3266 2053 3318 Ito-

469 3359 603 3410 iuiiic
645 3373 798 3422 cras;
824 3353 1012 3412 Petrus
1053 3367 1230 3412 autem
1255 3399 1270 3423 ,
1302 3351 1424 3411 Non
1465 3357 1580 3411 novi
1622 3349 1873 3411 hominem
1918 3355 2053 3410 hunc

467 3449 485 3518 (
505 3445 1022 3518 illatth.26.69.70).
1059 3444 1212 3503 Modo
1247 3441 1460 3502 dicebas
1481 3489 1496 3514 ,
1526 3437 1742 3500 Etiamsi
1775 3442 2052 3514 aportuerit

463 3547 543 3591 me
568 3538 694 3590 mori
725 3541 885 3590 tecum
907 3545 927 3602 ;
953 3552 1092 3593 nunc
1120 3547 1294 3594 autem
1323 3552 1482 3607 negas
1511 3545 1566 3592 et
1590 3537 1721 3592 dicis
1739 3577 1756 3604 ,
1791 3529 1912 3590 Non
1937 3538 2052 3592 noui

461 3631 712 3684 hominem
737 3622 892 3686 hunc.
925 3630 968 3686 Ο
989 3631 1144 3685 Petre
1171 3632 1185 3687 !
1213 3627 1434 3686 hoccine
1455 3640 1535 3686 est
1549 3631 1689 3701 quod
1707 3630 2051 3700 promiseras?

461 3723 697 3779 nondum
745 3733 1043 3787 tormenta.
1095 3724 1328 3778 nondum
1378 3724 1599 3779 verbera
1647 3733 1938 3795 expertus,
1984 3724 2051 3780 ad

461 3815 710 3885 puellula:
737 3830 922 3870 vocem
960 3815 1025 3870 ad
1057 3815 1354 3887 negandum
1386 3816 1698 3886 prOpcrasli.
1726 3816 1918 3888 Negas,
1947 3816 2051 3873 Pe-

461 3907 590 3963 tre?
618 3907 852 3962 nondum
897 3909 1166 3965 cruciatus
1187 3949 1203 3976 ,
1253 3909 1489 3963 nondum
1538 3908 1740 3980 flagella
1773 3951 1786 3976 ,
1815 3910 2052 3965 nondum

462 3998 650 4070 plaga),
680 4014 784 4053 non
814 3997 1038 4064 furores,
1072 4015 1175 4053 non
1210 4000 1505 4071 principes,
1540 4016 1648 4055 non
1675 4000 1847 4071 gladia
1875 4011 2047 4070 acuta,

417 4113 422 4121 -
460 4104 567 4144 non
589 4090 802 4145 decreta
828 4090 1041 4154 emissa,
1066 4107 1171 4146 non
1194 4107 1344 4162 rcges
1367 4092 1702 4158 minitantes;
1728 4110 1830 4147 non
1853 4104 2055 4149 mortes

461 4183 855 4250 ekspectanlur,
889 4182 1123 4236 nondum
1154 4181 1431 4249 custodiae,
1458 4198 1562 4237 non
1591 4184 1878 4254 praecipitia
1898 4226 1913 4250 ,
1945 4201 2051 4240 non

458 4279 608 4330 mare
630 4315 644 4338 ,
677 4274 910 4330 nendum
939 4271 1204 4347 quidpiam
1230 4272 1529 4346 hujusmodi
1552 4319 1566 4341 ,
1594 4287 1647 4332 et
1666 4277 1776 4347 jam
1803 4279 2004 4349 negasti
2036 4295 2051 4334 :

467 4365 589 4420 Non
637 4369 752 4421 novi
800 4367 1070 4422 hominem.
1123 4365 1330 4422 Rursus
1371 4368 1540 4437 puella
1585 4368 1650 4422 ad
1683 4363 1828 4424 illum
1862 4388 1874 4424 :
1905 4369 1971 4424 Et
1999 4380 2056 4424 tu

460 4449 570 4512 fieri
593 4474 706 4512 cum
737 4463 830 4512 hoc
872 4449 1071 4513 homine
1104 4475 1235 4514 eras.
1266 4450 1364 4514 Hic
1407 4475 1534 4514 vero
1574 4457 1641 4513 ad
1690 4461 1856 4530 ipsam
1885 4479 1898 4516 :
1933 4459 2055 4517 Non

459 4554 574 4607 noiii
600 4553 852 4608 hominem
877 4592 894 4618 ,
939 4569 1086 4622 quem
1124 4549 1268 4606 dicis.
1301 4551 1430 4619 Quis
1472 4562 1556 4606 est
1585 4561 1757 4607 tecum
1788 4555 2012 4626 loquens
2035 4597 2052 4626 ,

458 4646 708 4715 quoniam
746 4647 824 4700 sic
861 4645 1058 4715 negas?
1083 4643 1251 4699 Nemo
1284 4649 1349 4699 ex
1372 4645 1706 4710 necessariis,
1725 4647 1816 4700 sed
1842 4649 2052 4714 mulier,

465 4749 519 4791 ‘ct
543 4738 652 4808 ipsa
681 4737 919 4800 ostiaria,
949 4735 1154 4804 ahjecta
1174 4777 1188 4802 ,
1222 4737 1425 4806 captiva
1446 4777 1461 4801 ,
1493 4736 1686 4789 nullius
1715 4738 1864 4806 pretii
1899 4755 1911 4790 :
1942 4739 2052 4808 ipsa

457 4829 606 4893 dicit,
638 4831 691 4882 et
720 4843 771 4883 tu
786 4841 948 4896 negas
994 4827 1010 4857 ³
1027 4827 1051 4881 ‘l
1070 4820 1114 4883 Ο
1130 4843 1216 4882 res
1240 4826 1432 4882 novas!
1458 4826 1628 4896 puella
1651 4821 1865 4882 Petrum
1882 4826 2051 4897 illum,

459 4921 714 4978 meretrix
742 4921 808 4976 ad
831 4922 1042 4976 Petrum
1061 4919 1339 4986 accedens,
1368 4920 1525 4976 fidem
1557 4919 1670 4991 ejus
1691 4923 2048 4978 conturbavit.

457 5008 651 5072 Petrus
669 5054 684 5078 ,
719 5002 802 5069 illa
825 5003 1072 5068 columna
1097 5055 1112 5078 ,
1141 5009 1270 5067 illud
1301 5004 1772 5083 propugnaculum,
1800 5021 1908 5067 non
1937 5013 2057 5072 tulit

461 5109 656 5174 minas,
683 5097 778 5163 sed
797 5104 972 5163 solum
1006 5101 1220 5175 loquut'a
1248 5105 1336 5160 illa
1362 5115 1465 5172 est,
1493 5116 1548 5160 et
1574 5121 1831 5163 concussa
1863 5119 1944 5165 est
1971 5127 2056 5168 co-

456 5197 639 5255 lumna
664 5240 682 5265 ,
729 5204 780 5254 et
813 5199 982 5269 ipsum
1035 5197 1492 5268 propugnmulum
1536 5196 1843 5256 fluctuabat.
1883 5201 2052 5271 Quem

458 5289 659 5355 vidisti,
689 5281 867 5354 Petre,
899 5288 957 5343 u't
981 5283 1242 5358 negares?
1270 5289 1426 5344 vilem
1450 5285 1698 5358 puellam,
1731 5301 1784 5346 et
1809 5291 2053 5364 despica-

457 5372 617 5438 bilem
639 5383 908 5438 ostiariam
927 5402 940 5436 :
960 5382 1074 5438 hrec
1097 5383 1271 5437 vidisti
1294 5391 1346 5437 et
1363 5379 1600 5454 negasti?
1616 5381 1845 5439 Rursum
1872 5388 2048 5443 tertio:

461 5473 524 5528 Et
550 5485 605 5528 tu
639 5474 747 5529 fieri
769 5491 884 5528 cum
913 5473 1008 5527 hoc
1048 5464 1250 5528 homine
1273 5489 1429 5539 eras;
1460 5481 1514 5528 et
1553 5481 1728 5530 tamen
1769 5478 1926 5533 tertio
1952 5494 2050 5536 ne-

520 5634 664 5705 fﬂic
705 5633 851 5705 locus
861 5634 999 5705 apud
1013 5632 1221 5705 Montcf.‘
1229 5635 1301 5684 sic
1320 5632 1913 5705 habeturjminusrectc:
1941 5640 2053 5705 ouis

457 5689 528 5766 ςά
554 5691 640 5763 ille,
659 5694 742 5756 qui
765 5695 851 5745 tibi
872 5689 1018 5758 dixit,
1033 5697 1175 5764 tvm
1197 5695 1221 5746 .9
1431 5697 1637 5762 captiva,
1661 5698 1841 5754 nullius
1861 5689 2050 5766 τπεὶείξ

456 5767 564 5819 ipsa
589 5763 724 5812 ttulit,
752 5767 896 5820 Nega;

1187 283 1245 342 S.
1285 284 1565 342 JOANNIS
1601 280 2081 343 CIIRYSOSTOMI
2120 281 2438 345 ARCHIEP.
2479 286 3011 349 CONSTANTINOP.
3165 271 3188 321 ί
3658 298 3734 355 728

2181 404 2342 474 gavit.
2389 405 2468 462 Ac
2513 400 2728 462 demam
2757 407 2929 478 ipsum
2980 395 3200 462 intuitus
3223 405 3375 463 Jcsus
3406 448 3421 472 ,
3469 422 3584 479 qua:
3625 412 3734 470 diota

2176 489 2387 578 fuerant
2411 496 2463 550 in
2489 497 2802 552 memoriam
2829 501 3137 554 revocavit:
3166 513 3268 570 qua
3296 516 3353 554 re
3375 499 3636 555 intellecta
3654 517 3737 559 co:-

2178 587 2252 658 pit
2279 587 2409 644 ﬂere
2435 604 2498 644 ac
2526 590 2890 660 pceuitentiam
2916 591 2984 648 de
3017 601 3232 663 peccato
3276 607 3453 663 agere.
3498 593 3734 650 Verumta-

2177 695 2298 734 men
2363 681 2770 753 benignissimus
2828 683 3093 738 concessit
3144 684 3219 738 illi
3271 699 3497 755 peccare
3528 703 3541 739 :
3569 687 3731 744 sciebat

2176 773 2319 827 enim
2347 774 2495 828 illum
2540 783 2598 828 ut
2626 774 2896 830 hominem
2939 775 3228 830 humanum
3258 776 3528 847 quidpiam
3559 793 3732 848 passum

2175 879 2295 919 esse
2327 882 2339 917 :
2372 863 2468 919 sed
2512 865 2959 934 quemadmodum
2996 866 3105 936 jam
3134 867 3241 921 dixi
3267 907 3283 933 ,
3314 866 3417 923 hoc
3443 876 3593 936 pacto
3633 869 3734 924 illud

2175 953 2248 1009 ita
2287 955 2583 1010 institutum
2613 971 2677 1012 ac
2707 955 2864 1012 Petro
2892 958 3210 1026 permissum
3236 966 3318 1012 est
3347 973 3569 1027 peccare
3587 1001 3600 1024 ,
3626 975 3731 1029 quo-
3759 994 3770 1005 ι

2175 1048 2317 1102 niam
2356 1049 2404 1104 ei
2443 1049 2844 1105 coner-edendos
2891 1061 3007 1105 erat
3049 1050 3273 1120 populus
3303 1052 3503 1106 multus
3527 1091 3544 1118 ,
3571 1061 3730 1119 utne,

2174 1154 2391 1195 severus
2416 1155 2536 1196 cum
2563 1149 2724 1208 esset,
2759 1143 2803 1196 si
2826 1154 3019 1211 expers
3050 1141 3249 1213 peccati
3278 1143 3490 1210 fuisset,
3518 1160 3547 1198 a
3571 1152 3731 1201 conce-

2173 1230 2347 1288 denda
2390 1228 2640 1290 fratribus
2683 1233 2794 1289 suis
2835 1236 2990 1290 venia
3030 1236 3235 1291 alienus
3265 1236 3424 1293 foret.
3454 1237 3647 1306 Lapsus
3671 1250 3730 1295 est

2174 1322 2226 1376 in
2255 1333 2548 1392 peccatum,
2577 1334 2635 1379 ut
2659 1333 2712 1380 et
2736 1333 3011 1397 peceatum
3042 1325 3168 1382 illud
3197 1336 3250 1382 et
3275 1327 3454 1382 datam
3482 1329 3579 1385 sibi
3603 1344 3628 1383 a
3653 1331 3730 1385 Do—

2174 1415 2319 1468 mino
2365 1415 2577 1471 veniam
2616 1417 2893 1486 cogitans,
2942 1417 3063 1472 aliis
3098 1419 3258 1474 etiam
3298 1420 3512 1474 veniam
3543 1421 3728 1492 benigne

2173 1507 2528 1574 concederet,
2573 1509 2865 1564 secundum
2895 1509 3345 1580 dispensationem
3393 1512 3506 1568 Deo
3536 1520 3726 1585 congru-

2171 1611 2370 1656 entem.
2400 1600 2520 1673 Ipse
2545 1603 2686 1658 enim
2714 1603 2766 1658 in
2797 1612 3071 1675 peccatum
3098 1604 3203 1660 labi
3227 1606 3522 1675 permissus
3547 1614 3638 1670 est,
3663 1609 3724 1662 cui

2172 1692 2410 1749 Ecclesia
2452 1695 2830 1751 committenda
2874 1705 3025 1763 erat,
3071 1696 3316 1752 columna
3364 1696 3723 1767 Ecclesiarum,

2169 1792 2354 1855 portus
2401 1785 2522 1840 fidei
2547 1827 2563 1853 ,
2594 1786 2781 1842 Petrus
2806 1786 2993 1842 doctor
3019 1788 3166 1843 orbis
3213 1804 3439 1858 peccare
3478 1791 3724 1859 permissus

2169 1886 2281 1943 est,
2311 1885 2370 1931 ut
2408 1875 2524 1932 haec
2553 1879 2833 1947 permissio
2871 1878 3215 1935 humanitatis
3237 1890 3605 1950 argumentum
3639 1881 3724 1937 aliis

2169 1977 2576 2039 proponeretur.
2612 1964 2738 2025 Haec
2776 1980 2954 2026 autem
2981 1985 3078 2026 cur
3102 1986 3132 2025 a
3155 1987 3240 2028 me
3275 1972 3418 2026 dicta
3444 1972 3598 2027 sunt?
3622 1972 3725 2040 Quia

2168 2077 2266 2116 nos
2295 2061 2602 2117 sacerdotes
2643 2050 2694 2116 in
2723 2061 2917 2118 throno
2959 2063 3210 2119 sedentes
3249 2078 3312 2118 ac
3338 2063 3593 2119 docentes
3626 2079 3724 2134 pec-

2166 2155 2299 2211 catis
2326 2155 2559 2227 colligatl
2584 2160 2805 2212 sumhs.’
2834 2155 3036 2212 Idcirco
3077 2157 3219 2212 enim
3255 2171 3432 2227 neque
3459 2157 3634 2227 angelo
3655 2171 3724 2210 nec

2133 2245 2138 2249 ’
2165 2266 2271 2322 que
2298 2251 2620 2322 archangelo
2648 2251 3011 2306 concreditum
3033 2258 3117 2306 est
3141 2251 3503 2305 sacerdotium
3533 2251 3723 2322 (impec-

2165 2344 2365 2400 cahiles
2390 2344 2586 2414 quippe
2610 2341 2773 2417 sunt)
2797 2384 2812 2410 ,
2847 2359 2913 2398 ne
2943 2359 3055 2414 prie
3084 2343 3372 2399 severitate
3401 2351 3660 2413 peccantes
3681 2342 3720 2395 in

2165 2437 2360 2506 populo
2407 2435 2687 2492 confestim
2733 2436 2951 2492 fulmine
3003 2435 3390 2492 ferirentzsed
3443 2436 3630 2492 homini
3670 2449 3719 2489 ex
3800 2435 3801 2492 1

2166 2527 2384 2583 homine
2427 2538 2553 2583 nato
2579 2529 2896 2584 commissus
2927 2528 3012 2583 hic
3040 2528 3264 2583 thronus
3288 2538 3406 2596 est,
3450 2529 3535 2600 qui
3561 2538 3611 2584 et
3635 2528 3720 2598 ipse

2162 2618 2382 2676 libidine
2404 2619 2746 2692 peccatisque
2767 2621 3044 2690 colligatus
3065 2630 3168 2686 est,
3198 2629 3256 2676 ut
3283 2621 3327 2676 si
3353 2638 3514 2692 quem
3538 2636 3720 2690 peccatu

2161 2723 2266 2765 tem
2289 2710 2572 2780 invenerit,
2598 2728 2660 2768 ex
2689 2713 2917 2784 propriis
2937 2717 3166 2783 peccatis
3188 2713 3471 2784 benignior
3494 2713 3562 2767 illi
3589 2720 3717 2767 esset.
3800 2710 3801 2768 Ὺ

2155 2802 2290 2858 Nam
2323 2804 2368 2858 si
2402 2804 2623 2873 angelus
2659 2813 2801 2860 esset
2837 2803 3122 2870 sacerdos,
3155 2813 3210 2860 et
3235 2805 3542 2875 quempiam
3583 2801 3718 2858 forni-
3800 2813 3801 2860 7

2158 2903 2338 2949 catum
2368 2893 2826 2965 deprehenderet,
2855 2909 2974 2950 cum
3005 2894 3117 2965 ipse
3145 2893 3265 2949 huic
3291 2897 3484 2950 morbo
3517 2893 3717 2948 addictus

2157 3000 2264 3042 non
2303 2994 2478 3053 esset,
2513 2984 2708 3043 'statim
2740 2987 2888 3042 illum
2925 2985 3266 3042 interficeret.
3308 2987 3650 3056 Quamobrem
3683 2985 3716 3038 si

2155 3079 2376 3150 angelus
2405 3088 2720 3150 potestatem
2744 3078 3132 3135 sacerdotalem
3161 3080 3494 3150 accepisset,
3521 3094 3616 3134 non
3638 3077 3714 3130 do-

2155 3172 2360 3228 cuisset
2383 3213 2398 3236 ,
2427 3171 2518 3228 sed
2546 3169 2866 3239 occidisset,
2895 3172 2970 3227 ira
2992 3180 3319 3238 commotus,
3356 3172 3483 3242 quia
3510 3173 3610 3241 ipse
3633 3183 3714 3223 non

2156 3262 2461 3334 hujusmodi
2506 3273 2668 3320 esset.
2703 3263 2992 3334 Propterea
3038 3263 3090 3318 id
3131 3263 3332 3319 homini
3379 3262 3708 3319 concreditum

2155 3365 2258 3424 est,
2287 3356 2378 3427 qui
2407 3366 2743 3427 peccatorum
2772 3357 2873 3411 sibi
2903 3356 3166 3421 conscius,
3197 3365 3251 3411 et
3280 3356 3331 3410 in
3361 3355 3448 3412 his
3475 3365 3711 3424 espertus,

2154 3445 2458 3518 ignosceret
2484 3447 2844 3518 peccantibus,
2875 3462 2974 3502 nec
2999 3455 3302 3504 moveretur
3330 3446 3435 3515 ira,
3461 3462 3527 3503 ne
3551 3457 3712 3519 pet-sy-

2153 3554 2412 3611 nagogam
2440 3536 2676 3594 Ecclesia
2700 3547 2910 3593 vacaret
2929 3537 2968 3594 '.

2228 3629 2284 3685 2.
2325 3629 2532 3684 Heliam
2575 3630 2629 3684 in
2669 3636 2926 3699 peccatum
2969 3627 3190 3684 incidere
3234 3629 3464 3700 permisit
3507 3629 3646 3694 Deus,
3669 3631 3708 3682 If

2156 3725 2469 3779 mansuetior
2493 3740 2612 3796 erga
2640 3724 2769 3778 alios
2796 3733 2942 3778 esset.
2963 3753 3034 3764 —
3053 3723 3159 3778 Sed
3187 3738 3284 3778 cur
3311 3724 3362 3778 in
3388 3723 3543 3779 Petro
3563 3737 3709 3778 moror

2155 3815 2260 3872 hoc
2291 3827 2523 3872 tractans
2547 3825 2937 3885 argumentum,
2965 3831 3062 3871 nec
3082 3817 3148 3870 ad
3178 3817 3337 3872 aliam
3365 3815 3593 3872 ascendo
3615 3829 3709 3884 per-

2155 3907 2386 3964 sonam?
2431 3908 2545 3979 Age
2574 3908 2736 3962 alium
2781 3907 3114 3978 proferamus
3155 3907 3208 3962 in
3255 3908 3509 3970 medium,
3542 3907 3708 3962 lleliain

2156 4015 2351 4072 nempe
2397 4000 2732 4072 prOphctam,
2763 4009 3034 4056 terrenum
3067 3999 3213 4054 illum
3255 4002 3524 4070 angelum,
3562 3997 3708 4053 homi.

2159 4109 2390 4164 nemque
2418 4093 2720 4148 caelestem:
2744 4092 2892 4146 humi
2913 4092 3272 4147 ambulantem
3298 4101 3352 4147 et
3371 4093 3593 4148 caelestia
3618 4105 3709 4143 mo-

2159 4184 2460 4251 derantem,
2493 4183 2850 4240 tricubitalem
2878 4183 3147 4238 hominem
3173 4184 3476 4239 sublimiter
3496 4183 3707 4254 gradien-

2157 4285 2288 4344 tem,
2314 4276 2380 4330 ad
2407 4276 2552 4346 ipsos
2577 4275 2698 4331 coeli
2728 4273 2959 4330 fornices
2984 4275 3200 4339 elatum,
3219 4290 3475 4346 aquarum
3499 4287 3704 4347 promum

2157 4367 2414 4433 condunt,
2457 4369 2610 4436 cujus
2653 4367 2831 4438 lingua
2875 4367 3158 4421 thesaurus
3206 4383 3464 4437 aquarum
3510 4375 3630 4430 erat,
3664 4372 3702 4418 et

2158 4460 2324 4515 clavis
2353 4458 2605 4513 cmlorum
2637 4475 2651 4512 :
2682 4459 2794 4526 ipse
2830 4472 3033 4528 pauper
3060 4467 3114 4514 et
3135 4458 3307 4524 dives,
3348 4459 3509 4513 idiota
3534 4468 3582 4514 et
3606 4457 3699 4526 phi-

2161 4549 2462 4621 losOpbus:
2507 4563 2710 4619 pauper
2759 4549 3004 4618 quidem,
3049 4549 3171 4619 quia
3221 4549 3353 4604 nihil
3402 4549 3704 4620 possidebat;

2159 4649 2309 4705 dives
2335 4656 2533 4714 autem,
2561 4643 2684 4716 quia
2712 4646 2881 4700 nubes
2919 4645 3166 4700 imbrium
3194 4645 3247 4700 in
3294 4646 3469 4716 lingua
3493 4643 3706 4700 contine-

2159 4744 2270 4799 bat.
2314 4743 2430 4814 lpse
2467 4755 2679 4812 quoque
2716 4741 2795 4795 sic
2833 4755 2992 4809 asper
3029 4755 3150 4810 erga
3178 4750 3485 4811 peccatores
3521 4747 3638 4799 erat,
3665 4742 3706 4786 ut

2159 4835 2445 4905 aliquando
2469 4843 2778 4904 precaretur
2807 4847 2875 4886 ne
2906 4832 3081 4901 pluvia
3111 4832 3346 4888 caderet.
3383 4833 3448 4887 Et
3470 4831 3585 4902 quid
3619 4824 3706 4880 ait?

2171 4926 2302 4983 Vivit
2328 4925 2595 4990 Dominus,
2615 4925 2659 4978 si
2687 4924 2779 4978 erit
2808 4924 2996 4993 pluvia,
3021 4924 3120 4978 nisi
3147 4941 3236 4994 per
3249 4941 3305 4978 os
3328 4941 3487 4979 meum
3512 4924 3582 4991 (ὅ.
3602 4920 3704 4988 Reg.

2161 5018 2355 5089 17.1).
2394 5015 2532 5084 Quid
2567 5014 2719 5082 facis,
2767 5013 2960 5070 Helia?
2987 5014 3113 5084 quid
3161 5014 3505 5084 pronuntias?
3548 5013 3704 5065 saltem

2161 5110 2445 5166 Dominum
2474 5121 2714 5177 precare,
2740 5114 2794 5161 et
2815 5107 2893 5160 sic
2922 5105 3085 5175 imple
3110 5120 3408 5161 sermonem
3435 5123 3450 5160 :
3489 5102 3604 5157 Viuit
3627 5098 3704 5151 Do-

2161 5203 2348 5266 minus,
2379 5201 2423 5256 si
2446 5201 2542 5255 crit
2585 5200 2774 5269 pluuia,
2802 5199 2900 5252 nisi
2927 5214 3015 5268 per
3043 5215 3098 5252 os
3124 5214 3304 5252 meum.
3348 5193 3563 5253 Ubinam
3607 5197 3706 5246 sunt

2161 5295 2416 5360 hmretici,
2468 5293 2559 5364 qui
2607 5293 2811 5358 dicunt,
2863 5291 3054 5346 Filium
3119 5291 3211 5346 Dei
3264 5290 3503 5363 precari?
3549 5285 3700 5342 Infelix

2159 5389 2342 5456 homo,
2372 5387 2536 5442 miser
2560 5394 2615 5442 et
2642 5384 2954 5455 impudens:
3004 5384 3179 5439 Helias
3207 5383 3523 5454 pronuntiat,
3553 5389 3600 5432 et
3630 5375 3698 5429 l-‘i~

2159 5482 2263 5538 lius
2309 5479 2596 5552 precatur?
2636 5493 2824 5535 servus
2871 5478 3043 5549 jubet,
3075 5485 3129 5533 et
3156 5477 3408 5531 Dominus
3435 5471 3608 5542 regat?
3647 5478 3699 5520 ue

2158 5588 2342 5645 parem
2371 5571 2587 5643 quidem
2616 5570 2691 5627 illi
2717 5580 2874 5642 atque
2902 5569 3068 5625 Helia:
3098 5567 3355 5623 honorem
3395 5561 3603 5621 tribuis?
3625 5572 3697 5612 an-

2222 5705 2242 5736 ³
2276 5707 2328 5752 ln
2348 5703 2508 5771 Savii,,
2531 5713 2578 5756 et
2599 5717 2692 5755 non
2711 5708 2976 5755 timeretur
3011 5701 3105 5765 ira,
3131 5709 3176 5754 et
3197 5697 3611 5771 nonea'inanirewr
3629 5699 3697 5754 νιν

2158 5765 2288 5821 iram
2304 5766 2533 5817 Ecclesia.
3486 5768 3490 5771 ’
3695 5821 3715 5870 ἑ
