3858 6280
212 320 327 388 τρε)

214 458 331 500 non
363 442 451 497 vis.
468 441 724 512 mqualcn.
744 440 967 496 Domino
989 447 1041 495 et
1066 452 1221 494 servo
1246 438 1553 511 dignitatem
1579 436 1794 507 largiri?

218 524 340 588 Non
368 534 614 602 precatur
657 533 958 602 ille‘neque
986 540 1153 600 rogat,
1185 530 1279 584 sed
1321 531 1537 584 verbum
1569 527 1804 584 veritatis

218 624 448 697 pmlbrt,
466 635 518 679 et
538 625 726 678 caelum
747 624 961 677 claudit.
983 623 1087 678 Ora
1106 624 1352 692 primum,
1373 622 1543 676 Helia.
1558 622 1661 676 Sed
1679 619 1806 690 quid

219 716 516 785 respondet
549 715 763 771 Helias?
802 715 932 770 Novi
966 716 1242 769 Dominum
1270 728 1447 767 meum
1477 728 1562 767 me
1587 712 1805 767 exnudi-

223 814 404 860 turum
431 812 552 861 esse
576 822 589 859 :
617 805 735 860 zelo
772 814 948 859 motus
978 806 1077 859 hoc
1103 804 1259 859 facio.
1300 805 1344 859 0
1388 820 1499 859 rem
1540 817 1728 858 novam
1755 811 1809 858 et

223 896 589 967 Μαραιωθιηῖ
617 897 791 952 vidisti
834 897 1114 952 Dominum
1145 898 1283 951 servi
1317 897 1680 952 benevolentia
1719 911 1810 949 su-

222 988 514 1057 peratum?
541 989 749 1043 Etenim
783 989 957 1044 Helias
984 1003 1176 1058 magno
1202 989 1316 1042 zelo
1341 1000 1516 1044 motus
1544 989 1642 1043 hoc
1663 987 1805 1042 fecit.

225 1076 460 1133 Videbat
483 1077 628 1132 enim
669 1077 831 1131 multa
869 1078 1097 1132 absurda
1134 1078 1252 1133 fieri
1279 1095 1293 1132 :
1325 1078 1537 1132 videbat
1578 1078 1808 1131 fornica-

226 1172 431 1225 tionem
455 1185 576 1225 cum
603 1170 766 1224 multa
796 1171 995 1225 malitia
1021 1171 1379 1240 coniunctam.
1403 1171 1514 1225 Nox
1534 1179 1669 1233 erat,
1691 1184 1811 1239 quae

228 1263 404 1316 totum
426 1262 608 1317 orbem
636 1263 931 1332 occupabat
961 1279 974 1314 :
1007 1261 1175 1316 nubes
1194 1261 1506 1316 densissima
1539 1260 1812 1329 operiebat

226 1353 436 1408 omnia.
464 1351 664 1408 Omnes
693 1355 833 1408 enim
871 1353 940 1408 ad
977 1355 1175 1408 malum
1212 1355 1566 1424 proruebant:
1602 1355 1814 1408 univer-

225 1444 345 1499 sale
388 1443 716 1514 naufragium
756 1453 891 1512 erat,
936 1461 1040 1498 non
1089 1453 1368 1515 aquarum,
1401 1445 1493 1499 sed
1543 1444 1808 1499 libidinis:

224 1535 579 1606 temperantia
628 1535 919 1601 eliminata,
965 1536 1368 1605 intemperantia
1419 1534 1809 1605 triumphabat:

226 1629 403 1684 virtus
454 1628 774 1699 pellebatur,
803 1628 988 1683 vitium
1036 1628 1250 1697 vigebat
1290 1646 1304 1682 :
1349 1629 1534 1693 colles,
1581 1637 1809 1692 montes,

228 1719 422 1784 saltus,
454 1720 571 1785 viae,
597 1721 975 1788 promptuaria,
1004 1733 1099 1773 aer
1126 1718 1500 1788 polluebantur
1524 1736 1536 1770 :
1560 1717 1639 1772 sol
1673 1717 1810 1769 omi-

228 1810 504 1874 scabatur,
569 1818 712 1865 terra
762 1810 1078 1873 fcedabatttr,
1142 1811 1330 1865 caelum
1395 1808 1807 1878 despiciebatur,

228 1910 479 1957 creatura
503 1901 678 1956 omnis
723 1916 788 1958 ex
834 1901 1130 1955 idololatria
1176 1899 1578 1954 inlirmabatur:
1615 1913 1712 1953 ceu
1758 1897 1811 1951 in

229 2001 396 2048 nocte
441 2004 628 2047 omnes
672 1992 1044 2058 ambulabant,
1090 2007 1195 2047 non
1247 1990 1585 2045 attendentes
1635 2005 1812 2043 rerum

230 2094 486 2140 naturam
514 2102 527 2139 :
551 2085 780 2154 lapidem
823 2086 1091 2150 videbant,
1123 2092 1180 2140 et
1213 2093 1272 2138 ut
1304 2085 1467 2138 Deum
1494 2083 1810 2138 adorabant:

232 2175 441 2247 lignum
482 2175 860 2245 respiciebant,
891 2187 946 2229 et
972 2175 1072 2230 hoc
1097 2175 1342 2230 similiter
1372 2175 1533 2230 Deum
1565 2174 1691 2229 esse'
1715 2190 1813 2243 pu-

233 2265 441 2320 tabant.
468 2265 585 2320 Nox
627 2266 747 2321 illos
783 2265 1100 2320 densissima
1141 2265 1432 2334 occupabat
1463 2285 1477 2319 :
1505 2264 1812 2319 Creatorem

232 2355 509 2420 videbant,
546 2363 602 2410 et
637 2365 907 2411 creaturas
941 2357 1252 2426 adorabant.
1283 2357 1460 2411 llelias
1497 2355 1642 2410 solus
1677 2365 1813 2420 erat,

232 2445 328 2515 qui
367 2446 635 2502 lucernam
662 2447 871 2502 virtutis
906 2447 1152 2512 habebat,
1183 2449 1234 2501 in
1271 2448 1602 2517 philosophia
1638 2447 1814 2502 ceu-iu

232 2539 438 2591 montis
461 2540 659 2593 vertice
692 2539 903 2605 sedens,
925 2554 988 2593 ac
1025 2554 1083 2593 se
1119 2553 1396 2605 exercens,
1424 2540 1570 2593 solus
1599 2540 1813 2593 lucerna

234 2628 452 2695 pietatis
482 2628 769 2683 instructus
799 2645 814 2683 :
850 2630 1115 2683 neminem
1160 2639 1333 2683 tamen
1379 2628 1493 2683 brcc
1535 2629 1624 2683 lux
1667 2628 1818 2697 juva-

232 2715 350 2784 bat,
381 2718 520 2788 quod
564 2718 616 2772 in
646 2733 839 2789 separe
865 2719 937 2773 illi
970 2718 1244 2789 degerent,
1275 2728 1328 2773 et
1355 2719 1648 2773 idololatria
1675 2719 1816 2773 dcti-

232 2819 513 2864 nerentur.
542 2810 972 2865 Excandesccbat
994 2811 1168 2881 itaque
1199 2810 1397 2876 Helias,
1429 2810 1813 2878 dissecabatur,

234 2900 647 2966 lamentahatur,
673 2901 833 2956 verba
862 2901 1132 2967 fundebat,
1152 2901 1365 2955 nemine
1393 2900 1668 2966 audiente;
1694 2901 1818 2955 hor-

234 2992 454 3044 labatur
502 2993 714 3046 nemine
760 2992 993 3045 animum
1051 2991 1333 3046 adhibente
1374 3009 1389 3045 :
1436 2991 1650 3045 demum
1701 2990 1819 3045 zelo

234 3093 563 3159 commotus,
580 3083 698 3135 illos
722 3084 980 3153 castigare
1006 3093 1059 3137 et
1080 3083 1293 3137 erudire
1322 3083 1503 3148 voluit,
1529 3092 1586 3136 ut
1603 3083 1817 3138 tandem

234 3169 382 3225 fante
411 3172 762 3239 tabescentes,
793 3172 1036 3241 precibus
1073 3173 1138 3227 ad
1167 3173 1469 3228 Creatorem
1511 3173 1738 3241 adirent,
1763 3182 1819 3227 ut

237 3262 411 3316 fames
435 3277 804 3333 argumentum
841 3265 1055 3335 pictatis
1092 3264 1196 3320 illis
1221 3274 1382 3320 esset.
1426 3265 1587 3331 Nihil,
1626 3264 1815 3334 inquit,

236 3349 362 3407 lilos
387 3354 671 3408 emendare
716 3364 908 3423 potest,
937 3356 1037 3409 nisi
1077 3354 1281 3410 fames:
1313 3356 1391 3411 sic
1415 3356 1580 3422 enim,
1626 3356 1816 3427 inquit,

236 3446 475 3515 undique
517 3448 774 3516 angustiis
815 3448 1089 3510 eoarctati,
1129 3447 1193 3501 ad
1238 3447 1474 3502 omnium
1510 3448 1817 3503 Creatorem

233 3528 565 3607 confugient.
592 3537 727 3605 Quid
752 3538 907 3607 igitur
928 3538 1143 3592 Helias?
1175 3537 1318 3603 Vivit,
1344 3538 1528 3608 inquit,
1553 3537 1817 3602 Dominus,

237 3626 285 3680 si
316 3629 408 3680 erit
424 3628 626 3696 pluvia,
644 3627 739 3681 nisi
771 3644 860 3698 per
884 3644 938 3681 os
964 3644 1144 3681 meum.
1166 3628 1305 3682 Exiit
1330 3628 1600 3697 prophetat
1619 3643 1817 3696 sermo,

237 3725 300 3769 ct
325 3717 500 3769 statim
530 3733 621 3769 aer
650 3727 883 3773 mutatus
918 3727 1022 3784 est,
1051 3719 1238 3772 caelum
1260 3712 1464 3773 :eneum
1495 3718 1688 3773 factum
1715 3728 1817 3784 est,

236 3821 352 3859 non
383 3815 580 3860 mutata
605 3816 810 3871 natura,
839 3808 933 3862 sed
963 3808 1226 3864 refrenata
1256 3808 1370 3879 ejus
1392 3809 1615 3863 virtute:
1642 3809 1818 3863 statim

236 3899 512 3954 elementa
541 3901 910 3955 transformata
937 3911 1087 3955 sunt:
1118 3902 1308 3958 cecidit
1333 3903 1600 3973 propheta-
1618 3918 1817 3970 sermo,

233 3991 394 4060 quasi
418 3991 576 4045 febris
598 3993 859 4063 qum-dam,
875 3993 925 4047 in
952 3993 1152 4048 viscera
1176 4004 1351 4058 terrae.
1367 4004 1420 4048 et
1440 3996 1614 4049 omnia
1640 3998 1818 4051 s'atim

235 4082 644 4147 exarescebant,
696 4083 873 4138 omnia
916 4083 1308 4148 desolabantur,
1362 4087 1534 4140 omnia
1563 4086 1819 4142 deleban-

236 4170 369 4227 tur:
410 4172 659 4227 videbant
687 4173 879 4229 lu-rbas
914 4174 1194 4229 confestim
1223 4176 1569 4242 exarefactas,
1611 4194 1817 4233 necnon

238 4263 475 4334 plantas,
504 4265 831 4335 arboresque
858 4275 962 4320 tam
991 4265 1308 4333 fructiferas,
1333 4282 1490 4336 quam
1527 4268 1819 4323 infructuo-

236 4362 357 4417 Bas,
390 4371 506 4424 qua:
534 4356 587 4410 in
616 4357 840 4425 campis,
872 4371 990 4426 quae
1014 4371 1200 4411 versus
1238 4373 1417 4423 mare;
1461 4359 1638 4412 omnia
1677 4360 1820 4415 illico

237 4445 408 4510 sicca,
436 4462 650 4501 omnem
681 4457 891 4501 :ctatem
936 4449 1112 4503 anima
1159 4449 1431 4518 praeditam
1460 4449 1816 4516 deiicientem,

238 4546 531 4607 puerorum
557 4539 833 4609 gemitum,
881 4551 1108 4594 matrum
1155 4541 1357 4609 ﬂetum,
1394 4541 1819 4610 desperationem

238 4628 487 4683 multam.
511 4628 680 4684 Unum
702 4630 976 4699 prophetae
1003 4632 1220 4686 verbum
1241 4632 1391 4698 exiit,
1409 4643 1461 4687 et
1484 4633 1603 4688 vide
1622 4644 1817 4704 quanta

238 4731 523 4787 (speratum
554 4721 642 4774 sit.
658 4722 846 4776 Omnia
870 4722 1046 4791 itaque
1065 4723 1373 4789 interibant,
1394 4726 1537 4791 form,
1557 4725 1818 4794 iumenta,

239 4810 492 4874 infantes,
528 4812 791 4880 homines,
814 4815 1080 4881 animalia,
1108 4815 1335 4870 volatilia
1358 4818 1533 4871 omnia
1562 4834 1575 4870 :
1610 4818 1823 4872 univcr-

239 4906 359 4958 sale
382 4905 733 4976 naufragium,
762 4917 815 4962 et
850 4907 1121 4962 calamitas
1149 4919 1313 4963 totum
1342 4911 1496 4987 simul
1524 4925 1822 4980 occupave-

244 5006 328 5051 rat
352 4997 535 5053 orbem
575 5016 590 5053 :
637 5015 794 5054 nemo
836 5002 1168 5063 servabatur,
1196 5003 1290 5057 sed
1333 5019 1520 5059 omnes
1564 5020 1817 5074 aquarum

244 5088 467 5156 penuria
490 5087 852 5144 moriebantur
880 5107 895 5144 :
924 5093 1236 5146 arescebant
1260 5093 1469 5161 plantat,
1500 5094 1689 5158 fontes,
1723 5095 1821 5149 ﬂu-

242 5180 411 5244 mina,
457 5180 602 5236 lacus
634 5200 649 5236 :
678 5182 854 5235 omnia
897 5182 1126 5253 denique
1171 5185 1475 5240 interibant.
1510 5185 1819 5242 Universale

245 5271 577 5342 naufragium
609 5282 775 5327 totum
799 5275 981 5329 orbem
1010 5276 1323 5345 occupabat,
1351 5292 1456 5330 non
1483 5293 1577 5346 per
1602 5294 1816 5346 aquam,

244 5364 339 5418 sed
368 5381 460 5433 per
490 5367 733 5420 imbrium
780 5367 1048 5435 penuriam
1085 5369 1313 5421 :aelnm
1341 5368 1556 5438 ligatum
1600 5379 1715 5423 erat
1756 5385 1821 5425 ac

246 5456 458 5523 penitus
484 5456 850 5521 cohibebatur,
882 5473 1201 5528 omnemque
1230 5468 1469 5512 naturam
1503 5469 1816 5514 mutaverat.

244 5545 432 5598 Omnia
477 5548 650 5617 itaque
688 5549 1066 5610 moriebantur,
1096 5559 1150 5603 et
1177 5564 1274 5620 per
1318 5550 1568 5605 divinitus
1614 5552 1820 5607 innuis-

247 5650 359 5689 sam
388 5641 519 5692 irant
560 5641 837 5709 peribant:
868 5643 1044 5698 "clins
1082 5659 1210 5698 vero
1240 5644 1366 5699 nihil
1397 5647 1609 5702 curabat
1643 5665 1656 5701 :
1704 5648 1820 5703 zelo

247 5727 389 5782 enim
433 5731 582 5799 quasi
623 5732 801 5790 ebrius
834 5744 965 5790 erat.
995 5732 1179 5790 Omnis
1208 5735 1367 5808 igitur
1403 5738 1483 5793 vel
1536 5738 1813 5794 immatura

1306 320 1375 380 tu
1409 321 1506 379 ss.
1547 320 1823 378 partum
1864 318 1950 374 ET
1981 317 2259 377 unum.
2314 296 2317 299 ’

3380 308 3481 365 750

1913 445 2040 487 anas
2088 432 2308 501 peribat.
2353 427 2488 497 Quid
2543 425 2691 489 facis.
2736 423 2925 482 llelia?
2969 432 3107 487 esto,
3155 425 3486 492 peccaverint

1911 525 2295 587 adolescmncs,
2326 536 2421 575 cur
2463 521 2690 573 infantes
2736 516 3104 586 castigantur?
3133 524 3271 579 esto,
3302 528 3489 582 pecca-

1914 615 2086 667 verint
2133 613 2393 674 homines,
2427 626 2519 663 cur
2540 610 2775 685 iumenta
2807 607 2962 661 simul
2993 603 3327 659 moriuntur?
3372 611 3489 657 tan-

1912 711 2036 757 tane
2088 702 2416 755 iunuaniuue
2448 700 2661 752 indutus
2696 698 2794 752 es?
2838 697 2966 749 nihil
3013 710 3167 749 curas
3212 694 3487 754 homines;

1914 807 2020 846 non
2050 806 2292 855 uxttrcm,
2325 805 2427 842 non
2463 789 2626 842 lilium
2657 788 2856 851 habes;
2903 786 3191 839 morientes
3230 784 3380 852 nihili
3413 776 3487 838 fa-

1912 885 2041 938 cis‘.
2069 881 2204 948 Quid
2237 896 2363 949 ergo
2393 880 2531 934 Deus
2552 878 2617 931 ad
2651 876 2845 931 illum?
2886 875 3040 939 Vnde,
3072 876 3262 942 inquit,
3292 874 3360 926 ad
3387 875 3491 943 ﬂu-

1913 990 2026 1028 men
2056 973 2324 1033 Cltorrath,
2353 982 2396 1025 et
2438 970 2729 1040 pra'cipiam
2766 968 2947 1030 corvis,
2983 975 3038 1019 ut
3079 975 3128 1019 te
3164 966 3382 1018 nutriant
3425 966 3492 1018 ibi

1913 1064 1992 1133 (5.
2024 1063 2149 1133 Reg.
2175 1063 2259 1116 Π.
2289 1062 2364 1131 '5).
2407 1061 2656 1114 Libenter
2684 1058 3117 1128 iuterrogaverim
3156 1056 3395 1111 Judaeum
3438 1056 3490 1110 in

1917 1154 2149 1207 medium
2195 1151 2502 1216 adductum,
2535 1157 2590 1203 ut
2617 1148 2896 1203 ostendam
2936 1147 3007 1213 ei,
3052 1146 3223 1215 legem
3264 1161 3347 1209 ea,
3374 1160 3492 1214 quin

1916 1242 2049 1311 legis
2078 1251 2249 1306 erant,
2274 1241 2550 1301 evertisse,
2584 1249 2637 1292 et
2673 1240 2837 1307 ipsam
2884 1251 3056 1307 neque
3097 1237 3195 1291 sibi
3223 1245 3488 1302 constare,

1916 1348 2087 1402 neque
2116 1340 2263 1386 recte
2296 1329 2587 1399 procedere
2612 1345 2625 1381 :
2655 1342 2825 1397 neque
2852 1327 2995 1381 enim
3026 1328 3222 1380 veritas
3239 1334 3371 1390 erat,
3396 1325 3492 1380 sed

1915 1423 2140 1483 unibra,
2198 1421 2285 1473 illa
2338 1429 2490 1472 erant
2543 1419 2746 1482 uinbra,
2794 1416 2910 1469 bare
2949 1415 3147 1470 veritas
3202 1425 3359 1481 sunt;
3403 1415 3494 1470 illa

1915 1513 2103 1582 figura,
2136 1510 2249 1565 ha-c
2292 1525 2379 1564 res
2422 1518 2562 1564 sunt.
2593 1509 2686 1562 llle
2722 1522 2879 1578 quem
2922 1507 3088 1573 colis,
3141 1506 3306 1572 llela,
3335 1522 3491 1577 quem

1919 1611 2198 1656 venturum
2220 1612 2518 1669 exsliectas,
2542 1600 2609 1654 de
2635 1615 2741 1668 quo
2770 1600 2934 1652 multa
2963 1599 3121 1652 verba
3152 1597 3301 1663 facis,
3335 1614 3494 1667 quem

1916 1693 2228 1763 prephetam
2257 1707 2435 1758 vocas,
2468 1691 2575 1756 ille,
2602 1693 2837 1761 inquam,
2859 1689 3129 1760 quomodo
3153 1705 3182 1742 a
3202 1704 3364 1744 corvo
3392 1704 3492 1744 nu-

1918 1785 2211 1839 triebatur?
2240 1800 2358 1837 nam
2382 1799 2576 1838 Corvus
2598 1784 2888 1837 secundum
2914 1782 3082 1851 legem
3114 1784 3354 1851 impurus
3379 1790 3491 1836 est:

1917 1876 2029 1944 ipsa
2084 1876 2180 1936 lex,
2220 1874 2406 1927 statuit
2451 1872 2715 1940 impurum
2761 1886 2882 1926 esse
2931 1886 3168 1924 corvum.
3219 1871 3494 1938 Quomodo
3572 1934 3581 1939 _

1918 1967 2076 2037 igitur
2097 1981 2143 2034 pi
2158 1964 2349 2034 opheta
2379 1966 2445 2019 ab
2473 1963 2682 2032 impuro
2702 1977 2863 2017 corvo
2884 1961 3253 2015 nutriebatur?
3283 1962 3327 2015 si
3349 1977 3496 2014 nam-

1916 2073 2022 2127 que
2050 2057 2131 2110 lcx
2160 2057 2433 2125 impurum
2464 2069 2583 2108 esse
2616 2068 2831 2107 corvum
2862 2053 3015 2115 dixit,
3037 2053 3123 2122 qni
3154 2067 3185 2106 a
3205 2067 3374 2105 corvo
3400 2067 3495 2106 nu-

1919 2149 2195 2213 triebatur,
2222 2147 2460 2215 impurus
2496 2159 2626 2199 sane
2657 2146 2834 2198 luerit.
2870 2143 3062 2197 Verum
3086 2159 3189 2195 non
3225 2143 3294 2195 ita
3325 2157 3410 2196 res
3435 2157 3494 2197 se

1919 2239 2166 2304 habebat,
2194 2239 2367 2302 absit;
2413 2236 2508 2291 sed
2537 2232 2711 2289 Helias
2735 2249 2765 2287 a
2791 2248 2953 2287 corvo
2984 2232 3331 2298 nutriebatur,
3366 2233 3494 2287 nihil

1917 2344 2122 2395 eorum,
2153 2343 2272 2398 qua:
2307 2328 2560 2382 Dominus
2599 2326 2822 2388 creavit,
2865 2325 3125 2394 itnpurum
3163 2325 3492 2378 existimans.

1921 2421 2139 2483 Deinde,
2169 2420 2349 2491 elapso
2376 2418 2606 2488 quodam
2646 2428 2904 2487 tempore,
2937 2432 3056 2471 cum
3089 2415 3283 2469 ﬂumen
3322 2417 3494 2470 exsic-

1917 2523 2092 2566 catum
2123 2520 2283 2571 esset,
2310 2509 2620 2579 prophetam
2649 2509 2872 2562 suscitat
2918 2506 3055 2560 Deus
3075 2505 3141 2559 ad
3183 2506 3358 2559 cibum
3403 2522 3495 2560 su-

1919 2602 2190 2656 mendum.
2223 2599 2382 2664 Vade,
2408 2598 2595 2668 inquit,
2621 2599 2675 2651 in
2703 2597 2991 2666 Sarephtha
3015 2596 3261 2662 Sidoniw,
3281 2603 3325 2648 et
3361 2611 3494 2664 pra:-

1918 2693 2104 2764 cipiam
2125 2691 2320 2745 mulieri
2340 2690 2524 2755 vidum,
2547 2700 2602 2742 ut
2625 2698 2672 2742 te
2695 2689 2882 2741 nutriat
2902 2686 3009 2740 illic
3033 2687 3104 2758 (3.
3133 2686 3260 2758 Reg.
3292 2687 3377 2742 17.
3407 2686 3494 2757 8):

1918 2783 2020 2839 hoc
2045 2791 2220 2838 autem
2252 2781 2646 2851 dispensatione
2672 2778 2901 2850 quadam
2926 2778 3065 2833 Deus
3092 2777 3337 2833 faciebat.
3364 2779 3495 2845 Quia

1917 2875 2061 2931 enim
2092 2874 2270 2929 Helias
2300 2891 2405 2927 non
2449 2880 2605 2927 norat
2628 2887 2713 2940 ea,
2742 2887 2861 2941 quae
2891 2883 3017 2926 tunc
3056 2872 3251 2925 fiebant
3280 2872 3496 2942 (quippe

1917 2969 2006 3039 qui
2054 2968 2106 3021 in
2136 2983 2241 3022 uno
2269 2966 2449 3020 solum’
2472 2967 2590 3020 loco
2640 2964 2856 3020 Sederet
2889 2983 2902 3020 :
2936 2981 3039 3020 nec
3089 2965 3301 3020 videbat
3350 2965 3493 3019 illam

1921 3060 2150 3114 lllllVl'l'Si
2178 3059 2322 3113 orbis
2350 3058 2727 3120 calamitatem,
2767 3056 3034 3125 quomodo
3058 3056 3235 3109 omnia
3262 3057 3493 3111 arefacta

1919 3160 2119 3216 essent,
2169 3148 2409 3220 paludes,
2456 3147 2651 3213 fontes,
2706 3147 2944 3212 flumina,
2995 3148 3207 3217 planta;
3255 3149 3495 3218 arbores,

1920 3241 2120 3296 fructus
2160 3239 2372 3306 maturi,
2419 3239 2707 3305 immaturi,
2752 3238 2973 3292 arbores
3012 3238 3296 3294 fructuosa:
3331 3250 3386 3295 et
3414 3242 3496 3294 in-

1922 3332 2224 3394 fruetuosae,
2255 3348 2372 3401 qua:
2403 3331 2543 3385 circa
2575 3331 2768 3396 fontes,
2791 3345 2909 3400 qua:
2934 3330 3073 3385 circa
3114 3341 3298 3401 stagna
3336 3347 3500 3401 aqua-

1922 3437 2060 3487 rum,
2083 3422 2382 3487 volucrum,
2408 3421 2770 3488 jnmentorum
2801 3430 3226 3491 catterorumque
3260 3423 3496 3476 omnium

1921 3514 2215 3577 interitum,
2235 3513 2511 3567 infantium
2543 3523 2792 3582 mortem,
2813 3523 3039 3567 matrum
3071 3513 3322 3579 ululatus,
3345 3515 3498 3569 istam

1923 3606 2151 3660 universi
2192 3606 2336 3660 orbis
2373 3606 2786 3674 calamitatem),
2830 3608 3024 3661 excitat
3051 3609 3193 3662 illum
3242 3609 3399 3676 Deus,
3444 3619 3500 3664 ct

1923 3697 2238 3751 immen~um
2265 3706 2423 3751 terra:
2445 3699 2672 3767 spatium
2698 3713 2979 3769 peragrare
2993 3700 3143 3769 jubet
3168 3701 3314 3755 illinc
3334 3716 3501 3771 usque

1920 3790 1987 3844 ad
2026 3790 2304 3856 Sidoncm,
2334 3799 2391 3844 ut
2418 3790 2487 3843 ita
2509 3806 2628 3844 cum
2658 3791 2882 3856 videret,
2909 3792 3174 3861 quomodo
3204 3808 3292 3847 res
3316 3808 3374 3847 se
3403 3794 3498 3847 ha-

1922 3882 2128 3946 berent,
2159 3893 2471 3951 precaretur
2498 3883 2778 3936 Dominum
2810 3892 2866 3937 ut
2899 3883 3052 3938 daret
3095 3884 3346 3954 pluviam.
3375 3885 3500 3939 Ideo

1923 3976 2080 4045 igitur
2103 3975 2266 4028 mittit
2295 3976 2439 4028 illum
2474 3990 2566 4042 per
2596 3984 2797 4029 tantum
2825 3976 2924 4029 vim
2954 3977 3200 4045 spatium,
3231 3992 3334 4030 non
3358 3979 3499 4047 quod

1922 4081 2027 4120 non
2067 4072 2247 4133 posset
2273 4080 2390 4119 cum
2424 4065 2531 4119 illic
2555 4066 2718 4129 alere,
2747 4066 2838 4119 sed
2862 4066 3000 4135 quod
3036 4068 3195 4122 vellet
3227 4068 3388 4122 Helia:
3413 4085 3496 4123 ca-

1922 4157 2213 4210 lamitatem
2254 4157 2393 4209 illam
2421 4156 2696 4222 exhibere,
2727 4166 2784 4209 ut
2819 4172 2915 4225 pro
2951 4157 3129 4226 pluvia
3170 4174 3352 4227 preces
3383 4157 3501 4212 fun-

1921 4249 2091 4303 deret.
2117 4248 2247 4302 Nam
2295 4255 2503 4318 poterat
2530 4247 2743 4317 quidem
2774 4248 2913 4301 Dens
2943 4248 3059 4301 siue
3109 4248 3255 4303 llelia
3287 4248 3387 4304 hoc
3423 4250 3499 4303 fa-
3576 4232 3581 4233 ί

1922 4354 2067 4405 cere,
2090 4340 2185 4393 sed
2215 4338 2412 4393 famulo
2440 4354 2537 4392 suo
2566 4339 2735 4392 noluit
2772 4341 3146 4393 contumeliam
3191 4340 3406 4407 inferre,
3445 4350 3502 4396 et

1923 4429 2069 4484 illum
2100 4431 2245 4496 mali,
2277 4445 2337 4484 se
2368 4445 2493 4483 vero
2520 4428 2645 4484 boni
2688 4439 2958 4484 auctorem
2990 4431 3262 4497 exhibere,
3301 4432 3395 4486 sud
3421 4430 3501 4484 fa-

1922 4522 2049 4576 muli
2077 4522 2499 4576 obsecrationem
2535 4521 2898 4590 exspectabat.
2940 4520 3044 4576 Scd
3083 4537 3151 4576 ne
3190 4522 3258 4574 ita
3285 4522 3498 4591 quidem

1922 4612 2095 4667 adhuc
2141 4613 2229 4667 ille
2270 4612 2603 4676 ﬂectebatur,
2651 4613 2743 4667 sed
2790 4628 2885 4667 seu
2930 4615 3227 4683 arrogantia
3271 4615 3499 4683 quadam

1924 4721 2071 4772 usus,
2124 4706 2224 4762 iter
2271 4708 2497 4777 agebat,
2549 4709 2690 4761 nulla
2741 4715 2917 4760 motus
2965 4707 3346 4774 ntiseriCordia,
3396 4724 3500 4768 nec

1923 4798 2225 4868 quempiam
2267 4814 2500 4853 eurans:
2534 4815 2676 4859 nam,
2725 4809 2782 4852 ut
2823 4799 2951 4861 dixi,
2995 4801 3110 4853 zelo
3140 4801 3322 4855 ebrius
3366 4812 3499 4854 erat.

1922 4891 2031 4945 Cur
2057 4890 2276 4953 insanis,
2302 4890 2492 4943 Helia?
2541 4906 2705 4959 quare
2747 4901 2887 4944 tanta
2920 4891 3132 4945 indutus
3161 4907 3222 4945 es
3254 4892 3502 4946 inhuma-

1924 4981 2128 5036 nitate?
2153 4978 2401 5048 exspecta
2427 4982 2712 5049 paulisper,
2737 4991 2790 5035 ct
2819 4982 2976 5050 paulo
3002 4994 3115 5053 post
3145 4983 3255 5051 ipse
3285 4993 3501 5049 peccato

1888 5072 2182 5126 ‘obnoxius
2229 5070 2663 5140 deprehenderis.
2726 5072 2807 5127 Ob
2872 5076 3143 5142 peceatum
3206 5072 3499 5126 incolarum

1923 5163 2214 5217 siccitatem
2242 5163 2537 5230 advocasti,
2556 5165 2743 5217 caelum
2765 5164 3022 5229 clausisti,
3041 5174 3233 5219 terram
3257 5163 3496 5226 frcnasti,

1923 5262 2127 5309 natura:
2168 5269 2384 5308 cursum
2428 5256 2731 5321 cohibuisti,
2780 5271 2953 5325 neque
2994 5257 3070 5309 vis
3115 5270 3302 5323 rogare
3333 5256 3498 5310 Demu

1926 5344 2129 5416 probis
2153 5344 2491 5400 anfercndis?
2524 5347 2670 5400 brevi
2692 5355 2746 5398 et
2769 5347 2881 5413 ipse
2912 5348 2962 5399 in
2994 5356 3213 5414 peccato
3252 5362 3372 5401 esse
3412 5363 3500 5400 re-
3588 5378 3599 5389 ι

1925 5438 2220 5508 dargucris,
2253 5442 2566 5508 veniamque
2608 5438 2915 5508 impetrabis
2960 5453 2989 5491 a
3037 5439 3260 5492 Domino
3304 5447 3415 5506 tuo,
3445 5444 3501 5495 ut

1846 5545 1849 5548 ‘
1926 5546 2047 5600 erga
2071 5538 2358 5584 conservos
2389 5541 2507 5583 tuos
2536 5529 2815 5583 humanior
2840 5528 3053 5582 evadas.

1992 5625 2007 5654 ι
2042 5625 2113 5672 sic
2137 5622 2285 5672 habet
2311 5621 2472 5678 Savil.,
2509 5634 2603 5672 non
2626 5635 2825 5683 morem
2848 5620 2991 5670 habes
3012 5619 3036 5670 ?
3056 5620 3308 5672 morientes
3328 5634 3449 5683 puer

1928 5685 2070 5736 nihili
2105 5683 2268 5747 locis?
2303 5693 2351 5733 In
2376 5699 2529 5747 marg.
2556 5690 2718 5747 autem
2742 5682 2940 5747 legitur,
2962 5696 3287 5747 narrativum
3312 5682 3453 5735 habes

1927 5756 2019 5798 tum
2042 5744 2252 5810 pueros?
2272 5755 2317 5798 et
2332 5760 2423 5797 non
2438 5744 2557 5796 cura
2576 5746 2663 5797 tibi
2684 5753 2753 5797 est
2780 5744 2839 5796 de
2862 5744 3184 5796 morientibus.
