3858 6280
334 302 428 357 731

393 418 447 469 3.
488 413 591 467 Cur
616 413 839 467 homines
865 411 1146 468 hominibus
1165 411 1444 482 prwfecerit
1473 408 1613 463 Deus
1631 449 1648 467 .
1676 425 1775 462 non
1798 408 1905 461 An-

324 508 483 577 gelos.
511 534 580 546 υ-
601 505 770 561 Ilodie
796 507 877 560 his
902 505 969 560 de
995 505 1153 560 rebus
1176 520 1475 559 sermonem
1494 519 1647 557 orsus
1672 519 1788 556 sum
1808 544 1822 567 ,
1854 512 1912 557 ut

324 597 686 660 ostenderem.
716 598 837 652 ideo
863 596 1191 651 sacerdotem
1224 612 1328 649 non
1364 610 1482 649 esse
1520 595 1788 664 angelum,
1816 592 1908 647 sed

326 688 597 745 hominem
626 706 692 744 ex
720 690 932 744 homine
963 703 1165 753 natum,
1198 701 1255 742 ut
1285 705 1350 744 ne
1378 704 1407 742 a
1440 698 1775 757 peccatorum
1821 703 1913 741 cx-

328 793 477 850 perte
504 790 783 849 peccantes
815 781 1221 835 interliciantur.
1250 779 1381 834 Nam
1407 780 1451 833 si
1483 778 1735 833 sacerdos
1769 787 1913 833 esset

326 872 548 941 angelus
575 872 776 941 peccati
803 885 999 940 expers
1022 910 1037 938 ,
1070 880 1376 940 peccatores
1409 871 1590 924 statim
1622 872 1912 937 plecteret;

328 966 423 1019 sed
455 976 736 1034 prepterea
766 964 926 1018 homo
947 974 1050 1028 est,
1075 974 1133 1018 ut
1169 979 1387 1017 suorum
1422 963 1671 1018 conscius
1706 961 1920 1015 morbo-

327 1071 487 1121 rum,
542 1071 652 1111 sua:
705 1066 909 1110 natura:
948 1057 1289 1112 consortibus
1333 1057 1590 1125 ignoscat.
1648 1054 1918 1109 Declaravi

329 1158 533 1215 piratea,
589 1147 751 1201 lleum
791 1163 1009 1217 magnos
1040 1149 1199 1202 etiam
1242 1147 1404 1212 viros,
1429 1147 1621 1216 quibus
1668 1147 1918 1216 populum

331 1238 554 1292 multum
605 1241 1011 1294 concrediturus
1040 1249 1175 1304 erat,
1208 1240 1515 1308 permisisse
1555 1240 1606 1292 in
1646 1247 1920 1307 peccatum

331 1330 461 1394 labi,
496 1330 731 1401 ipsisque
760 1332 968 1385 veniam
997 1331 1239 1401 largitum
1268 1346 1389 1386 esse
1413 1374 1428 1397 ,
1452 1340 1507 1385 nt
1536 1341 1718 1401 postea
1738 1340 1792 1385 et
1823 1328 1922 1399 ipsi

331 1439 397 1478 ex
434 1422 518 1479 his
556 1426 788 1491 eruditi,
823 1425 1164 1480 humaniores
1204 1426 1468 1480 evadant:
1505 1425 1824 1491 Petrumque
1870 1422 1921 1475 in

332 1516 566 1570 medium
595 1516 829 1581 adduxi,
864 1517 1020 1570 talem
1062 1515 1383 1585 apostolum,
1413 1516 1502 1585 qui
1547 1515 1598 1568 in
1649 1522 1923 1583 peceatum

336 1606 440 1659 labi
472 1607 765 1675 permissus
793 1616 913 1669 est;
942 1606 1035 1661 sed
1065 1606 1157 1661 Dei
1181 1606 1504 1676 benignitate
1531 1615 1803 1675 peceatum
1833 1619 1927 1674 per

336 1698 702 1766 pwuitcntiam
752 1698 970 1753 delevit.
1003 1702 1135 1768 Age,
1171 1699 1237 1754 ad
1282 1699 1487 1754 lleliam
1530 1699 1810 1754 redeamus
1832 1740 1846 1763 ,
1872 1706 1929 1754 et

338 1800 486 1845 recte
536 1789 793 1844 factorum
835 1790 953 1859 ejus
1003 1791 1218 1861 pelagus
1270 1791 1926 1861 ostendamus:quoniam

336 1881 553 1935 Volebat
574 1880 785 1950 quidem
814 1882 952 1936 Deus
969 1881 1296 1950 benignitate
1318 1883 1412 1949 uti,
1435 1882 1529 1936 sed
1558 1881 1650 1937 ille
1676 1881 1887 1935 nolebat
1911 1898 1925 1934 :

338 1970 555 2024 volebat
594 1971 734 2025 Deus
775 1972 1006 2041 pluviam
1031 1972 1180 2038 dare,
1204 1973 1296 2027 sed
1329 1973 1468 2027 servi
1518 1988 1704 2042 preces
1751 1974 1930 2043 requi-

338 2063 510 2117 rebat.
541 2063 676 2131 Quid
701 2064 857 2133 igitur
879 2064 902 2118 ?
922 2064 1028 2119 lter
1056 2064 1276 2135 perfecit
1304 2073 1469 2120 totum
1502 2066 1707 2133 llelias,
1747 2075 1802 2121 et
1836 2082 1930 2121 vc-

341 2154 419 2208 nit
445 2154 496 2208 in
522 2154 818 2224 Sarepbtha
850 2156 1117 2223 Sidoniae,
1150 2157 1384 2227 viditque
1412 2158 1622 2212 viduam
1655 2158 1930 2213 mulierem

342 2243 484 2315 ligna
527 2246 887 2316 colligentem.
915 2246 1011 2301 Hic
1051 2247 1182 2301 mihi
1231 2247 1395 2303 Helia:
1448 2248 1837 2319 philosophiam
1879 2256 1936 2304 et

344 2336 504 2389 ﬁdem
536 2336 921 2392 animadverte.
968 2337 1174 2392 Rursus
1205 2354 1326 2393 eum
1362 2340 1504 2394 aliud
1531 2340 1744 2395 virtutis
1786 2341 1933 2411 pela-

342 2442 447 2495 gus
474 2432 686 2498 excepit
712 2430 751 2480 ¹.
777 2429 889 2483 Non
919 2428 1053 2483 dixit
1085 2430 1192 2485 Deo
1220 2448 1233 2485 :
1262 2430 1342 2484 Ad
1388 2447 1547 2501 qu-un
1594 2449 1681 2486 me
1729 2432 1936 2487 mittis?

348 2529 494 2572 tanta
524 2536 609 2574 me
652 2520 834 2574 subire
876 2522 1022 2590 cogis
1073 2522 1345 2590 pericula,
1382 2532 1437 2577 ct
1474 2524 1542 2578 ad
1592 2524 1804 2578 viduam
1850 2540 1938 2579 me

345 2609 537 2675 mittis,
589 2609 783 2664 famem
832 2611 896 2665 ad
941 2614 1280 2667 extremam?
1316 2628 1493 2668 annon
1543 2623 1668 2670 sunt
1706 2617 1804 2671 viri
1846 2617 1938 2672 alii

347 2701 746 2770 apulemiores,
782 2704 870 2772 qui
903 2713 1123 2771 possunt
1153 2703 1343 2760 famem
1376 2707 1553 2763 levare
1582 2710 1800 2764 meam?
1843 2711 1938 2767 sed

350 2803 495 2846 tanta
523 2804 783 2848 terrarum
816 2796 983 2864 Spatia
1009 2811 1253 2867 peragro,
1282 2806 1340 2853 ut
1383 2799 1448 2854 ad
1493 2799 1704 2854 viduam
1752 2816 1941 2871 perve-

355 2888 497 2940 niam
520 2928 537 2953 ,
565 2889 629 2941 ad
678 2888 845 2959 ipsam
878 2889 1139 2943 malorum
1168 2891 1524 2947 calamitatem
1551 2909 1565 2957 ;
1589 2908 1691 2948 nec
1738 2904 1941 2950 tantum

354 2980 589 3047 viduam,
620 2981 712 3035 sed
744 2981 901 3036 etiam
936 2984 1311 3053 pauperculam
1338 2985 1760 3042 ?Animadverte
1798 2987 1942 3059 quod

354 3074 485 3133 nihil
538 3074 724 3129 horum
771 3076 915 3130 dicat
958 3076 1222 3144 famulus;
1254 3076 1449 3133 fidebat
1486 3079 1627 3133 enim
1683 3079 1940 3147 Domino,

353 3165 444 3234 qui
474 3181 557 3231 ea,
588 3182 704 3237 qum
733 3168 842 3222 fieri
877 3184 979 3222 non
1030 3183 1187 3239 posse
1230 3169 1499 3237 videntur,
1526 3169 1703 3225 facilia
1747 3170 1940 3226 reddit.

366 3255 522 3322 Vade,
555 3257 759 3327 inquit,
788 3260 842 3312 in
870 3258 1161 3330 Sarephtlia
1184 3259 1393 3315 Sidonis
1415 3300 1430 3325 ,
1461 3270 1507 3314 et
1531 3276 1642 3314 ecce
1665 3260 1813 3314 vidua
1844 3277 1947 3315 una

358 3349 498 3419 tigna
523 3349 784 3421 colligens.
813 3350 950 3417 Quid
991 3350 1212 3417 incedis,
1245 3351 1435 3405 llelia?
1460 3351 1585 3422 quid
1629 3352 1697 3406 ad
1732 3352 1946 3408 viduam

358 3439 643 3495 accurris?
671 3440 849 3494 vidisti
878 3442 1206 3511 paupertatis
1226 3442 1481 3497 ves:ibula
1499 3482 1515 3509 ,
1548 3457 1614 3501 ne
1654 3444 1948 3513 interroges

369 3542 567 3602 quanta
594 3534 661 3587 sit
710 3535 939 3588 tenuitas
973 3552 986 3588 :
1021 3534 1195 3588 vidisti
1244 3536 1570 3604 paupertatis
1623 3536 1945 3605 ingressum,

364 3641 435 3680 ne
472 3639 682 3695 qua‘ras
707 3624 832 3695 quid
858 3624 927 3679 sit
965 3625 1125 3680 intus.
1148 3625 1263 3694 Quo
1294 3627 1609 3698 ingrederis,
1642 3628 1832 3683 llelia?
1868 3631 1948 3683 vi-

363 3719 488 3774 disti
521 3719 657 3789 ligna
688 3719 1025 3788 colligentem
1046 3761 1060 3781 ,
1093 3728 1148 3774 et
1197 3719 1373 3773 abilla
1422 3720 1610 3775 nutriri
1660 3721 1938 3790 postulas?

364 3813 611 3865 Attamen
634 3825 755 3864 cum
784 3810 991 3864 Domini
1024 3809 1183 3864 verba
1219 3809 1270 3863 in
1317 3810 1506 3880 pignus
1543 3810 1793 3878 haberet,
1821 3812 1952 3867 abiit

366 3905 735 3975 alloquuturus
767 3905 998 3959 viduam.
1025 3905 1085 3959 Et
1115 3904 1240 3974 quid
1270 3904 1384 3957 ait?
1417 3903 1495 3957 Da
1521 3905 1645 3958 milii
1687 3907 1952 3975 paululum

323 4026 331 4032 -
367 4011 546 4065 aqucc,
599 4005 655 4048 ut
699 3995 863 4049 bibam
891 3996 969 4065 (5.
994 3994 1121 4067 Reg.
1147 3994 1232 4048 17.
1263 3994 1374 4063 10).
1432 3994 1589 4049 Vides
1632 3996 1948 4065 sapientiam

368 4086 578 4141 lleliai?
604 4086 870 4156 quomodo
911 4102 1016 4141 non
1053 4087 1230 4141 statim
1281 4086 1347 4140 ad
1395 4087 1520 4141 illud
1544 4130 1558 4153 ,
1588 4087 1732 4159 quod
1782 4088 1954 4158 majus

370 4188 510 4245 erat,
543 4180 848 4248 petendum,
876 4179 969 4233 sed
994 4178 1059 4232 ad
1087 4178 1160 4242 id,
1189 4178 1330 4248 quod
1363 4179 1518 4233 vilius
1546 4187 1679 4241 erat,
1713 4180 1957 4235 venerit?

371 4268 487 4324 Non
516 4270 664 4335 dixit,
715 4271 785 4323 Da
820 4270 971 4325 .mihi
1020 4285 1247 4339 panem,
1289 4270 1418 4335 sed,
1453 4271 1522 4323 Da
1572 4270 1700 4324 mihi
1740 4286 1954 4341 aquam.

375 4360 557 4416 Primo
597 4377 787 4431 aquam
843 4362 1006 4430 petit,
1036 4361 1346 4429 conjectaus
1389 4361 1434 4415 si
1481 4376 1672 4428 aquam
1726 4360 1955 4429 habeat,

374 4466 564 4521 panem
623 4452 820 4507 habere
880 4468 1055 4520 posse.
1108 4451 1190 4505 Da
1239 4452 1397 4517 mihi,
1436 4452 1640 4522 inquit,
1694 4454 1958 4523 paululum

375 4560 539 4611 aqum.
590 4545 733 4598 Abiit
780 4544 972 4608 vidua,
1015 4560 1205 4613 aquam
1265 4545 1402 4609 tulit,
1432 4552 1489 4599 et
1533 4546 1621 4600 ille
1670 4546 1837 4610 bibit;
1891 4545 1961 4600 ita

366 4645 568 4703 sumpta
601 4633 978 4697 liducia,Sume
996 4634 1138 4693 mihi.
1165 4635 1365 4703 inquit,
1399 4646 1445 4687 et
1472 4636 1743 4689 buccellam
1771 4636 1916 4705 panis
1943 4677 1957 4700 ,

380 4736 425 4779 et
451 4727 705 4778 comedam
730 4725 890 4798 (Ibid.
918 4741 966 4779 υ.
993 4727 1101 4793 11).
1126 4725 1430 4794 Respondet
1459 4726 1543 4779 illa
1580 4744 1593 4780 :
1632 4725 1761 4779 Vivit
1788 4726 1963 4780 Domi-

383 4833 474 4873 nus
498 4858 513 4881 ,
549 4818 593 4869 si
625 4827 697 4870 est
729 4819 850 4871 mihi
893 4818 1039 4886 panis
1080 4819 1428 4872 subcincritius
1453 4816 1610 4891 (Ibid.
1638 4835 1682 4872 v.
1712 4820 1798 4889 1‘2)
1819 4862 1832 4883 ,
1868 4821 1965 4874 nisi
2022 4843 2029 4851 ε

384 4908 607 4981 pugillus
629 4909 649 4938 ³
671 4908 851 4977 farina:
875 4909 925 4961 in
954 4909 1156 4978 hydria,
1184 4919 1230 4963 et
1259 4911 1521 4980 paululum
1548 4909 1645 4964 olei
1664 4916 1715 4963 in
1746 4908 1963 4981 lerytlto,

381 5016 497 5066 ante
524 5000 766 5072 faciemus
790 5010 835 5053 et
863 5000 1181 5053 comedemus
1208 5018 1297 5070 ego
1325 5012 1371 5054 et
1419 5003 1514 5070 ﬁlii
1550 5001 1680 5067 mei,
1710 5012 1758 5056 et
1784 5002 1967 5055 morie-

381 5110 513 5147 mur.
560 5093 695 5159 Quid
743 5092 902 5164 igitur
950 5092 1163 5148 Helias?
1204 5094 1377 5161 Vade,
1429 5096 1616 5166 inquit,
1643 5107 1688 5150 et
1727 5101 1809 5166 [ac
1846 5096 1971 5150 milii

383 5186 759 5239 subrineritium
805 5203 1061 5250 seorsum,
1091 5195 1137 5240 et
1186 5188 1483 5250 comedam;
1511 5196 1558 5241 et
1603 5198 1775 5257 postea
1817 5188 1972 5259 facies

384 5281 505 5348 ﬁliis
534 5280 652 5345 tuis,
682 5291 726 5333 et
752 5280 1031 5334 comedent.
1055 5280 1190 5345 Quid
1217 5279 1365 5345 facis,
1397 5280 1589 5334 llelia?
1617 5289 1752 5345 esto,
1780 5295 1971 5348 panem

387 5381 556 5440 potas,
587 5388 683 5425 cur
712 5373 934 5426 seorsitn
967 5379 1021 5427 et
1048 5372 1218 5440 primo
1245 5371 1335 5425 tibi
1363 5371 1473 5424 dari
1501 5371 1767 5437 postulas?
1793 5386 1973 5426 annon

385 5467 583 5535 gratias
612 5481 769 5534 agere
798 5467 1046 5532 deberes,
1076 5466 1118 5520 si
1165 5480 1267 5520 una
1311 5445 1430 5519 cum
1478 5464 1597 5517 filiis
1634 5464 1750 5534 ejus
1797 5479 1977 5519 corne-

428 5578 466 5645 ,ε
507 5585 572 5645 ua
597 5577 768 5645 savll.;
795 5579 840 5645 in
868 5577 1029 5627 Morel.
1056 5583 1221 5645 autem
1256 5585 1309 5628 et
1330 5580 1382 5629 in
1410 5575 1625 5638 uomet"
1649 5590 1817 5629 rursus
1839 5576 1976 5629 aliud

391 5639 578 5704 virtutis
601 5640 705 5704 ejus
730 5640 929 5704 pelagus
952 5639 1256 5704 nosexripit.

458 5702 477 5730 ⁸
500 5708 560 5767 ⁸ιιι
586 5698 745 5777 salit,
773 5698 907 5777 sitiat
931 5702 1047 5754 mihi
1070 5698 1180 5753 nisi
1209 5698 1438 5768 pugillus,
1466 5707 1586 5777 cltc,
1622 5705 1797 5777 omissa
1838 5715 1976 5764 voce,

389 5763 532 5830 punis
556 5763 907 5811 subctstert'tt'us.
1209 5763 1218 5768 ’
1275 5763 1294 5767 ⁷
1486 5763 1497 5777 ’
1572 5763 1578 5765 '
1734 5773 1745 5781 ”

1115 298 1167 353 5.
1203 296 1481 353 JOANNIS
1521 295 1941 351 CHRYSUSTUJ

2056 295 2350 353 lliClllEP.
2394 294 2925 353 (ΣΟΝΞΤΛΝἸΊΝΟΡ.

3512 290 3620 348 731

2017 407 2216 464 deres?
2247 418 2298 464 tu
2332 410 2411 464 vis
2437 410 2719 465 comedere
2744 410 2912 475 Solus,
2942 417 2997 465 ot
3025 409 3140 480 ejus
3171 409 3312 465 ﬁlios
3342 411 3618 466 fameme—

2016 515 2140 555 care
2174 503 2211 554 ¹.
2234 499 2455 573 [Necare
2478 518 2581 555 non
2603 501 2752 566 volo,
2781 501 2875 556 sed
2905 501 3143 557 benefice
3170 501 3369 557 habere
3395 500 3524 556 volo
3548 498 3619 574 ¹.]

2017 593 2146 647 Novi
2176 594 2549 650 liberalitatem
2596 606 2652 651 et
2692 596 2900 664 copiam
2943 595 3152 650 Domini
3194 595 3322 650 mei.
3353 595 3617 650 Attamen

2017 685 2172 739 vidua
2206 702 2309 741 non
2365 687 2570 741 turbata
2623 697 2705 742 est
2733 687 2776 755 ³,
2809 703 2909 741 uec
2950 688 3076 757 quid
3133 687 3423 743 absurdum
3467 691 3618 758 cogi—

2023 778 2170 845 tavit,
2204 793 2375 847 neque
2404 778 2539 832 dixit
2572 795 2585 831 :
2618 772 2696 833 'l‘ii
2728 794 2787 832 es
2816 780 2904 849 qui
2935 779 3127 834 famem
3169 779 3308 834 hanc
3344 779 3617 846 intulisti;

2021 876 2075 921 et
2107 870 2156 920 in
2177 862 2592 937 reliquiishujus
2622 868 2779 924 famis
2808 885 2838 923 a
2870 884 2955 924 me
2986 869 3177 923 nutriri
3207 869 3448 939 postulas
3468 869 3498 920 ?
3529 883 3623 922 ne-

2021 976 2126 1030 que
2151 961 2283 1013 dixit
2315 978 2329 1016 :
2361 960 2558 1016 Orbem
2589 972 2849 1016 terrarum
2880 964 2965 1032 qui
2997 971 3175 1017 tantus
3199 972 3283 1017 est
3309 961 3601 1032 neglexisti

2025 1061 2081 1105 ut
2103 1051 2167 1106 ad
2201 1068 2286 1107 me
2308 1053 2539 1119 venires,
2585 1053 2826 1123 filiosque
2857 1069 3003 1108 meos
3036 1052 3174 1108 fame
3214 1068 3472 1117 necares,
3504 1053 3626 1121 ipse

2026 1142 2186 1198 famis
2231 1144 2453 1197 auctor?
2479 1144 2571 1198 sed
2607 1144 2954 1199 Abrahamica
3000 1144 3084 1197 illa
3134 1144 3327 1198 mulier
3372 1145 3627 1214 ingressa

2028 1234 2151 1288 fecit
2203 1233 2253 1287 id
2301 1233 2441 1304 quod
2476 1235 2732 1304 propheta
2763 1236 2977 1288 dixerat
3005 1251 3021 1300 ;
3049 1236 3337 1304 Videreque
3376 1244 3499 1288 erat
3548 1236 3630 1285 vi-

2025 1326 2186 1380 duam
2230 1327 2345 1396 ipso
2376 1327 2680 1383 Abrahamo
2721 1327 3142 1397 hospitaliorcm.
3179 1327 3272 1380 lllc
3302 1328 3449 1381 enim
3483 1343 3630 1396 opu-

2028 1417 2206 1472 lentus
2249 1433 2372 1473 cum
2425 1429 2603 1485 esset,
2649 1420 2869 1488 angelos
2918 1419 3150 1489 hospitio
3193 1419 3445 1489 excepit;
3507 1418 3631 1470 hare

2028 1524 2157 1564 vero
2181 1524 2245 1563 cx
2280 1509 2420 1564 fame
2448 1511 2718 1566 interitum
2763 1519 3080 1580 exspectans
3101 1552 3115 1573 ,
3145 1510 3356 1579 excepit
3381 1508 3627 1579 praphe-

2031 1607 2161 1655 tam.
2184 1600 2481 1671 Videreque
2504 1611 2619 1656 erat
2640 1612 2883 1657 naturam
2901 1610 3282 1672 contemptam,
3308 1612 3363 1657 et
3379 1602 3630 1671 ImSpita-

2032 1696 2232 1751 litatem
2279 1696 2595 1751 honoratam
2627 1717 2642 1752 :
2671 1697 2853 1753 videre
2880 1708 2997 1753 erat
3024 1696 3225 1752 viscera
3255 1696 3498 1766 projecta
3522 1738 3539 1760 ,
3572 1706 3628 1752 et

2032 1787 2345 1857 prophetam
2392 1797 2740 1858 susceptum;
2775 1797 2938 1844 totam
2990 1789 3219 1843 ﬁliorum
3282 1786 3495 1842 turbam
3543 1801 3635 1842 se-

2032 1878 2272 1947 pulcrum
2304 1878 2482 1933 cll‘ecit
2509 1896 2522 1934 :
2545 1889 2801 1949 quantum
2829 1881 2971 1935 enim
3005 1878 3102 1934 fuit
3128 1880 3299 1935 vidure
3332 1880 3382 1934 in
3418 1894 3630 1949 propo-

2032 1968 2161 2033 sito,
2188 1968 2263 2023 illi
2293 1970 2489 2024 mortui
2520 1980 2676 2035 sunt,
2706 1971 2800 2025 sed
2831 1970 2921 2025 Dei
2954 1970 3281 2041 benignitate
3310 1969 3516 2024 factum
3548 1978 3634 2025 est

2035 2072 2093 2117 ut
2122 2063 2365 2119 viverent
2391 2072 2445 2118 et
2484 2063 2778 2118 incolumes
2806 2074 3004 2119 essent.
3028 2063 3220 2118 Nescio
3247 2063 3443 2132 quibus
3482 2077 3632 2131 prm-

2035 2154 2205 2209 cohiis
2235 2156 2445 2210 viduam
2477 2155 2761 2211 celebrabo
2785 2172 2798 2210 :
2826 2156 3096 2226 quomodo
3119 2156 3255 2211 filios
3279 2155 3631 2226 contempsit,

2036 2262 2089 2305 et
2119 2249 2532 2319 hospitalitatem
2557 2249 2803 2319 amplexa
2832 2258 2919 2305 est
2950 2266 2964 2303 :
2993 2250 3263 2329 quom‘odo
3291 2260 3481 2304 natura
3513 2248 3635 2317 ejus

2039 2359 2145 2396 non
2187 2342 2483 2408 contabuit,
2506 2342 2590 2397 vel
2620 2343 2814 2397 matrix
2841 2357 2948 2397 non
2974 2351 3176 2397 mutata
3210 2339 3330 2406 fuit,
3355 2339 3634 2409 quomodo

2038 2439 2245 2493 viscera
2272 2438 2388 2507 ejus
2429 2452 2533 2491 non
2559 2436 2814 2491 dissoluta
2843 2442 2984 2499 sunt,
3013 2450 3134 2490 cum
3176 2433 3381 2488 videret
3419 2431 3635 2487 turbam

2040 2508 2299 2600 integram
2372 2530 2601 2584 filiorum
2661 2544 2784 2584 mox
2839 2528 2977 2581 fame
3029 2526 3479 2591 consumendum;
3534 2523 3634 2579 sed

2040 2622 2289 2677 omnibus
2318 2622 2592 2691 superior,
2622 2619 2937 2690 prophetam
2971 2618 3204 2688 hospitio
3243 2617 3464 2686 recepit.
3489 2617 3632 2669 Cum

2042 2714 2337 2783 accepisset
2374 2722 2550 2767 autem
2593 2711 2850 2781 propheta
2902 2720 2957 2765 et
3003 2709 3359 2775 comedisset,
3411 2709 3637 2763 demum

2042 2804 2345 2859 mercedem
2375 2803 2620 2857 retribuit
2645 2820 2658 2857 :
2691 2801 3104 2871 hospitalitatem
3140 2799 3294 2854 vidua
3322 2799 3636 2865 seminavit,

2044 2898 2333 2966 Statimque
2382 2895 2760 2965 hospitalitatis
2809 2896 3009 2964 spicam
3055 2901 3354 2948 comantem
3389 2892 3636 2962 collegit.

2045 2989 2184 3058 Quid
2211 2990 2352 3045 enim
2382 2988 2448 3043 ad
2476 3003 2592 3043 eam
2619 2986 2836 3042 Helias?
2871 2985 2999 3040 Vivit
3028 2985 3276 3039 Dominus
3294 3025 3309 3051 ,
3339 2984 3524 3055 hydria
3555 2987 3641 3055 fa-

2046 3083 2173 3137 rina:
2201 3098 2300 3135 non
2331 3080 2547 3149 deﬁciet,
2575 3089 2622 3135 et
2648 3080 2877 3150 lecytlms
2902 3078 3001 3133 olei
3029 3096 3129 3132 non
3161 3079 3523 3147 imminuetur(
3548 3076 3637 3131 Ib.

2050 3191 2099 3227 υ.
2133 3171 2243 3242 ll).
2274 3172 2433 3228 Facta
2465 3181 2548 3226 est
2570 3172 2743 3226 viduae
2763 3170 2981 3225 dextera
3013 3169 3247 3224 torcular
3267 3210 3283 3234 ,
3319 3178 3375 3224 et
3415 3169 3641 3224 sinistra

2048 3283 2171 3324 area
2193 3277 2248 3322 et
2278 3265 2528 3333 manipuli
2558 3267 2608 3319 iu
2633 3265 2951 3321 necessitate
2994 3264 3223 3319 fructum
3247 3263 3561 3329 reddentes,
3587 3270 3645 3317 et

2050 3374 2147 3429 per
2193 3358 2466 3429 propheta:
2503 3357 2664 3412 verba
2691 3357 2903 3411 viduam
2936 3357 3251 3412 nutrientes.
3279 3355 3542 3411 Torcular
3587 3367 3646 3411 et

2049 3464 2175 3506 area
2218 3450 2355 3506 facta
2379 3460 2461 3505 cst
2488 3449 2679 3503 domus
2705 3448 2914 3514 viduae;
2943 3464 3046 3502 nou
3080 3448 3270 3513 imber,
3302 3463 3405 3502 non
3435 3448 3644 3517 pluvia,

2052 3559 2157 3598 non
2192 3558 2308 3609 ver,
2342 3557 2447 3597 non
2476 3550 2781 3603 autumnus,
2808 3555 2912 3595 non
2957 3549 3137 3605 instas,
3162 3554 3267 3593 non
3294 3550 3457 3593 aestus
3481 3580 3495 3599 ,
3530 3555 3645 3592 nou

2051 3644 2331 3690 ventorum
2387 3633 2507 3701 vis,
2562 3647 2669 3687 non
2736 3643 3037 3702 temporum
3092 3628 3501 3695 mutationes‘;
3543 3630 3645 3683 sed

2054 3727 2274 3783 verbum
2299 3741 2460 3780 unum
2482 3741 2546 3781 ex
2573 3723 2849 3794 propheta:
2877 3724 3143 3779 sententia
3179 3724 3440 3794 prolatum
3467 3722 3649 3776 vidua:

2055 3833 2235 3873 rerum
2265 3817 2475 3886 copiam
2523 3815 2965 3871 subministravit.
3005 3815 3132 3869 Inde
3168 3830 3296 3870 vero
3346 3825 3562 3884 postea,
3591 3823 3653 3867 ut

2056 3912 2240 3983 paucis
2267 3910 2561 3975 absolvam,
2589 3908 2718 3963 abiit
2745 3907 2811 3962 ad
2851 3923 3027 3977 regem
3056 3906 3260 3962 Achab.
3283 3906 3459 3960 Dicam
3499 3921 3652 3960 nunc

2057 4003 2174 4073 ejus
2205 4002 2461 4072 pricclara
2488 4015 2672 4070 opera,
2706 4008 2763 4053 ut
2789 4014 2911 4053 cum
2936 4014 3056 4052 eum
3089 4007 3395 4067 peccantem
3419 3997 3650 4062 videris,

2058 4095 2234 4150 discas
2280 4093 2374 4148 Dei
2420 4094 2644 4164 gratiam
2689 4105 2815 4160 erga
2863 4089 3111 4144 homines
3155 4089 3456 4158 benignam.
3506 4088 3652 4155 Quid

2060 4194 2237 4240 autem
2280 4183 2348 4238 ad
2394 4183 2539 4238 illum
2570 4180 2792 4237 Achab?
2819 4180 2895 4234 Tu
2924 4196 2975 4234 es
3021 4180 3107 4247 qui
3149 4178 3384 4248 pervertis
3430 4176 3599 4231 Israel
3626 4178 3657 4231 .’

2063 4277 2354 4348 Respondit
2381 4276 2468 4331 ille
2488 4318 2503 4338 .
2538 4274 2687 4337 Non,
2708 4274 2796 4329 sed
2824 4283 2906 4340 tu,
2951 4282 2998 4327 et
3042 4273 3221 4325 donius
3276 4272 3435 4341 patris
3462 4272 3535 4324 tui
3562 4271 3646 4344 (3.

2064 4371 2192 4441 Reg.
2224 4371 2310 4424 18.
2340 4369 2424 4424 17.
2454 4368 2565 4439 18).
2595 4365 2835 4441 Vidistiu'
2872 4365 3145 4434 propheta:
3190 4363 3437 4433 Ianendi
3488 4364 3655 4418 liber-

2067 4461 2525 4533 tatem,quomodo
2544 4474 2724 4529 regem
2755 4457 3060 4528 redarguit?
3084 4456 3267 4511 Postea
3290 4472 3411 4510 cum
3439 4456 3660 4512 sederet

2068 4557 2118 4609 in
2162 4564 2363 4618 monte,
2396 4552 2637 4607 accessit-
2663 4551 2729 4605 ad
2774 4566 2897 4604 eum
2943 4548 3185 4603 centurio
3230 4548 3450 4613 dicens,
3488 4546 3661 4603 IIomo

2068 4648 2163 4703 Dei
2190 4689 2203 4709 ,
2257 4645 2535 4711 descende,
2577 4660 2664 4698 rea:
2703 4652 2749 4697 te
2795 4653 2933 4696 uocat
2960 4640 3034 4713 (4.
3072 4641 3197 4711 Reg.
3231 4641 3282 4694 1.
3311 4641 3344 4695 9
3398 4641 3507 4707 10).
3560 4639 3663 4695 Isle

2068 4758 2197 4797 vero
2228 4757 2241 4793 :
2272 4741 2331 4795 Si
2358 4740 2506 4792 homo
2532 4736 2624 4791 Dei
2647 4753 2758 4791 sum
2778 4777 2794 4802 ,
2835 4733 3101 4788 descendat
3144 4733 3274 4802 ignis
3314 4733 3377 4786 de
3414 4734 3539 4786 cado
3562 4772 3580 4794 ,
3615 4744 3665 4785 et

2071 4835 2268 4888 devoret
2295 4843 2362 4899 te,
2389 4840 2435 4886 et
2455 4831 2821 4901 quinquaginta
2851 4838 2982 4881 tuos.
3016 4824 3216 4880 Deinde
3255 4825 3495 4878 secundo
3524 4825 3666 4878 alius

2071 4922 2553 4998 quinquagenarius
2602 4920 2731 4975 dicit
2761 4935 2775 4972 :
2808 4916 2972 4972 Homo
3015 4916 3106 4970 Dei
3129 4957 3144 4981 ,
3174 4915 3451 4977 descende,
3481 4932 3571 4968 rei:
3621 4925 3669 4967 te

2075 5035 2203 5090 apus
2226 5018 2369 5071 liabet
2397 5013 2557 5089 (Ibid.
2588 5029 2638 5066 υ.
2663 5008 2775 5083 11).
2809 5009 2877 5062 Εῑ
2903 5008 3025 5078 quid
3055 5007 3119 5061 ad
3162 5007 3305 5060 illum
3354 5006 3572 5059 Helias?
3605 5007 3667 5058 Si

2078 5113 2227 5166 homo
2265 5109 2359 5163 Dei
2385 5124 2496 5162 sum
2534 5121 2646 5177 ego,
2679 5103 2944 5156 descendat
2974 5100 3103 5171 ignis
3128 5100 3189 5152 de
3222 5098 3365 5165 cado,
3396 5107 3442 5150 et
3466 5099 3671 5150 devoret

2079 5214 2125 5258 te
2149 5214 2194 5257 ct
2217 5200 2584 5272 quinquaginta
2613 5208 2724 5250 tuos
2753 5193 2910 5266 (Ibid.
2939 5208 2983 5245 υ.
3013 5192 3125 5259 12).
3152 5189 3277 5243 lude
3305 5202 3517 5241 rursum
3544 5203 3670 5240 eum

2078 5295 2257 5362 venit,
2286 5293 2351 5348 ad
2382 5291 2637 5347 orationis
2661 5286 2967 5343 condictum
2996 5281 3310 5354 provocavit
3355 5279 3675 5335 sacerdotes

2144 5455 2162 5485 ι
2200 5458 2247 5499 tn
2263 5448 2425 5507 savil.,
2443 5453 2490 5498 et
2508 5445 2721 5512 ﬁliorum
2743 5440 3096 5512 multitudinem
3120 5450 3310 5512 nccare.

2145 5516 2165 5545 ²
2197 5497 2318 5571 olis
2345 5497 2533 5559 uncinis
2554 5509 2841 5558 clauduntur
2862 5506 3042 5554 desunt
3074 5503 3200 5565 apud
3227 5498 3421 5550 Mentel.
3446 5505 3481 5548 Ε
3503 5497 3677 5548 Savtbo

2081 5584 2247 5626 autem
2270 5573 2464 5623 inducta
2484 5576 2618 5620 sunt.

2148 5639 2169 5670 ³
2201 5638 2274 5685 sic
2293 5642 2397 5684 Mss.
2424 5640 2586 5682 atorel.
2615 5644 2753 5689 vero,
2775 5642 2867 5679 non
2890 5633 3078 5676 mortua
3093 5630 3180 5673 est.
3642 5681 3652 5689 .

2147 5698 2169 5731 δ
2202 5695 2502 5809 Αιίιίιβξῗίι.
2530 5695 2730 5759 legitur,
2756 5705 2846 5743 non
2869 5698 3031 5750 astus,
3057 5701 3149 5739 non
3171 5694 3443 5751 temporum
3483 5690 3675 5746 prasti-

2147 5768 2295 5809 torum
2319 5772 2385 5809 ris

2087 5768 2295 5816 tutorum
2319 5772 2385 5809 vis

3752 330 3757 411 ἢ

3758 496 3763 621 μ
