3858 6280
138 398 227 457 73:
1262 400 1328 454 IN
1358 401 1453 456 ss.
1500 398 1791 455 PETRUM
1834 398 1921 453 ET
1962 398 2243 455 unum.
3279 370 3380 464 €52

206 508 270 579 γ’.
298 510 546 582 Σήμερον
576 510 629 565 δὲ
659 511 799 584 ὑπὲρ
832 510 941 565 τῶν
972 511 1150 567 αὐτῶν
1174 513 1262 567 διὰ
1294 514 1452 568 τοῦτο
1478 515 1702 586 ἐξῆλθον

139 596 222 648 τὸν
247 593 402 663 λόγον
425 596 598 647 εἰπεῖν
618 635 632 657 ,
663 596 744 649 ὅτι
788 594 877 648 διὰ
906 594 1064 649 τοῦτο
1099 596 1199 649 οὐκ
1227 597 1444 664 ἐγένετο
1474 597 1704 666 ἄγγελος

142 677 331 748 ιερεύς,
356 676 472 729 ἀλλ’
520 676 805 748 ἄνθρωπος
856 677 915 744 ἐξ
947 677 1236 749 ἀνθρώπου
1262 720 1276 741 ,
1306 680 1392 732 ἵνα
1427 680 1502 751 μὴ
1556 679 1704 751 παρὰ

138 760 513 829 ἀναμαρτήτου
563 761 889 832 ἀναιρῶνται
934 762 983 814 οί
1030 763 1450 833 ἁμαρτάνοντες.
1493 763 1556 814 Εἰ
1596 761 1704 832 γὰρ

140 841 358 909 ἄγγελος
398 836 467 912 ἦν
517 842 593 912 μὴ
633 843 963 913 ἁμαρτάνων
992 845 1020 896 ὁ
1057 845 1266 914 ἱερεὺς,
1297 845 1423 906 τούς
1457 844 1706 915 ἁμαρτά-

140 939 318 984 νοντας
363 924 704 994 παραχρῆμα
725 924 791 979 ἂν
819 924 1073 988 ἐκόλαζεν
1091 967 1107 991 ,
1130 926 1265 980 ἀλλὰ
1295 927 1383 981 δια
1415 926 1571 980 τοῦτο
1606 926 1702 980 άν-

140 1004 346 1077 θρωπος
402 1007 624 1075 γέγονεν
652 1049 666 1072 ,
716 1008 801 1061 ἵνα
842 1009 1188 1081 συγγινώσκῃ
1228 1010 1308 1081 τῷ
1348 1009 1699 1082 όμοιοπαθεῖ,

140 1089 437 1159 ὑπόμνησιν
463 1090 757 1160 λαμϐάνων
787 1094 851 1145 ἐκ
877 1093 987 1147 τῶν
1024 1094 1169 1149 ίδίων
1206 1094 1394 1148 παθῶν
1427 1098 1538 1158 τοῖς
1570 1096 1702 1166 ὀμο-

139 1173 336 1242 φύλοις.
373 1170 502 1228 Εἶτα
544 1178 958 1248 παρηγάγομεν,
987 1178 1067 1231 ὅτι
1114 1180 1208 1231 καὶ
1236 1180 1361 1242 τοὺς
1412 1179 1699 1250 μεγάλους,

138 1252 212 1321 οἷς
237 1258 429 1327 ἔμελλε
459 1259 735 1314 πιστεύειν
759 1261 885 1315 λαὸν
913 1262 1102 1328 πολὺν,
1127 1263 1503 1335 συνεχώρησεν
1532 1265 1704 1336 ἁμαρ-

136 1341 223 1413 τίᾳ
273 1341 568 1396 ὑποπεσεῖν
593 1382 607 1404 ,
643 1345 736 1397 καὶ
775 1346 1105 1416 συγγνώμην
1160 1347 1346 1410 αὐτοῖς
1395 1346 1577 1400 δοῦναι
1615 1349 1703 1401 ἵνα

139 1424 270 1495 μετὰ
317 1425 491 1478 ταῦτα
532 1427 629 1479 καὶ
679 1427 831 1481 αὐτοὶ⁸
862 1429 922 1493 ἐξ
965 1423 1040 1483 ὧν
1072 1429 1469 1500 ἐπαιδεύθησαν
1513 1429 1699 1499 φιλαν⁹

137 1507 465 1579 θρωπότεροι
517 1509 802 1577 γένωνται.
832 1514 942 1566 Καὶ
986 1513 1191 1581 Πέτρον
1238 1514 1560 1583 παρήγαγον
1610 1513 1701 1567 τὸν

135 1590 367 1644 τοιοῦτον
403 1593 719 1656 ἀπόστολον,
765 1592 1188 1668 συγχωρηθέντα
1220 1597 1318 1666 μὲν
1357 1597 1698 1669 ἁμαρτῆσαι,

140 1674 387 1745 μετανοίᾳ
413 1674 469 1729 δέ
500 1676 856 1747 ἐξαλείψαντα
879 1681 977 1750 τὴν
1021 1679 1297 1748 ἁμαρτίαν
1333 1682 1397 1751 τῇ
1436 1679 1532 1733 τοῦ
1564 1680 1699 1734 Θεοῦ

135 1755 507 1831 φιλανθρωπίᾳ
558 1760 728 1831 Δεῦρο
755 1761 819 1833 δὴ
856 1763 951 1814 καὶ¹
979 1763 1070 1814 ἐπὶ
1110 1761 1201 1815 τὸν
1251 1762 1435 1816 Ἠλίαν
1478 1763 1703 1816 ἐπανέλ-

135 1837 306 1908 θωμεν
328 1883 342 1903 ,
373 1843 467 1896 καὶ
499 1842 760 1913 δείξωμεν
810 1842 976 1898 αὐτοῦ
1008 1843 1067 1896 τὸ
1107 1843 1342 1912 πέλαγος
1365 1842 1472 1898 τῶν
1505 1862 1703 1916 κατορ-

135 1920 414 1990 θωμάτων,
437 1925 669 1989 ὅτιθεὸς
702 1926 802 1997 μὲν
834 1927 1068 1996 ἠθέλησε
1097 1925 1700 1998 φιλανθρωπεύσασθαι,

146 2004 324 2068 Ἠλίας
347 2007 406 2059 δέ
439 2009 538 2061 οὐκ
577 2008 1158 2080 ἐφιλανθρωπεύσατοο
1192 2011 1288 2064 καὶ
1328 2010 1489 2081 ήθελε
1517 2011 1702 2065 δοῦναι

135 2086 299 2147 ὑετὸν,
330 2089 447 2145 ἀλλ’
478 2090 659 2161 ἐζήτει
690 2092 912 2158 ἀξίωσιν
945 2093 1098 2165 παρᾶ
1119 2094 1215 2147 τοῦ
1239 2094 1448 2150 δούλου.
1481 2095 1546 2147 Τί
1575 2091 1697 2165 οὐν;

133 2169 408 2241 Παρῆλθεν
439 2175 467 2227 ό
512 2175 698 2238 Ἠλίας
731 2176 861 2245 ὃλην
885 2177 982 2247 τὴν
1006 2177 1144 2239 ὁδὸν,
1169 2178 1264 2230 καὶ
1291 2173 1452 2249 ἦλθεν
1481 2179 1561 2241 είς
1597 2169 1703 2231 Σαῖ

136 2254 296 2323 ρεφθὲι
323 2260 424 2326 τῆς
451 2258 727 2323 Σιδωνίας,
750 2259 844 2312 καὶ
871 2255 975 2312 εἶδε
1003 2262 1237 2329 γυναῖκα
1264 2262 1441 2332 χήραν
1472 2261 1593 2315 τινα
1618 2261 1705 2328 ξυ-

131 2334 441 2410 λευομένην.
486 2340 623 2393 Ἀλλ’
647 2343 797 2412 ὅμως
828 2342 991 2411 βλέπε
1018 2342 1112 2396 τοῦ
1159 2344 1339 2396 Ἠλίου
1367 2343 1465 2415 τὴν
1495 2344 1704 2413 φιλοσο-

132 2419 251 2483 φίαν
283 2423 376 2476 καὶ
411 2424 512 2494 τήν
546 2425 747 2480 πίστιν.
782 2426 950 2480 Πάλιν
985 2425 1113 2481 ἄλλο
1139 2425 1374 2496 πέλαγος
1415 2428 1578 2481 αὐτὸν
1631 2428 1703 2482 δι-

131 2506 341 2572 εδέξατο
367 2508 568 2579 ἀρετῆς
596 2520 640 2561 ⁸.
1510 2523 1593 2610 e

196 2667 305 2719 Οὐκ
338 2663 462 2722 εἷπε
489 2668 566 2740 τῷ
594 2669 734 2741 (θεῷ’
772 2671 917 2741 Πρὸς
942 2671 1064 2725 τίνα
1092 2689 1161 2742 με
1194 2672 1435 2743 πέμπεις
1464 2691 1478 2737 ;
1513 2674 1703 2728 τοσού-

130 2769 249 2815 τους
282 2770 348 2822 με
389 2752 865 2819 ποιείςφκινδύνους
898 2755 1214 2825 ὑπομεῖναι,
1240 2757 1334 2810 καὶ
1361 2758 1496 2828 πρὸς
1526 2759 1701 2830 χήραν

133 2852 198 2906 με
228 2836 467 2906 πέμπεις
489 2837 566 2899 εἰς
596 2836 821 2906 ἔσχατον
851 2836 1038 2907 λιμόν;
1079 2838 1152 2910 μὴ
1182 2839 1291 2910 γὰρ
1320 2838 1419 2892 οὐκ
1457 2841 1592 2896 εἰσὶν
1620 2841 1704 2894 άλ-

132 2917 206 2971 λοι
255 2918 448 2989 ἄνδρες
496 2920 882 2992 εὐπορώτεροι,
917 2920 1207 2993 δυνάμενοι
1244 2921 1344 2993 τὴν
1372 2923 1561 2977 πενίαν
1593 2929 1700 2994 ’μου

131 3002 667 3072 παραμυθήσασθαις
707 3003 843 3056 ἀλλὰ
886 3004 1155 3074 τοσαύτην
1204 3006 1309 3076 γῆν
1343 3004 1544 3075 βαδίζω
1567 3051 1582 3073 ,
1615 3009 1702 3062 ἵνα

129 3085 257 3155 πρὸς
290 3086 467 3156 χήραν
496 3087 790 3155 άπαντήσω
810 3127 823 3141 .
850 3088 928 3150 είς
961 3087 1131 3158 αὐτὴν
1155 3087 1254 3158 τήν
1278 3091 1563 3161 συμφορὰν
1594 3092 1702 3145 τῶν

127 3169 333 3232 κακῶν,
383 3169 479 3222 καὶ
511 3169 572 3222 οὐ
628 3168 788 3238 μόνον
833 3170 1038 3239 χήραν,
1073 3170 1207 3223 ἀλλὰ
1255 3173 1350 3226 καὶ
1382 3176 1647 3246 πενιχράν
1684 3192 1700 3239 ;
1748 3218 1749 3225 η

139 3250 417 3320 Ἐννόησον
452 3251 569 3314 πῶς
597 3252 749 3306 οὐδὲν
773 3253 975 3307 τούτων
1002 3250 1155 3310 εἶπεν
1181 3258 1209 3310 ό
1225 3258 1477 3330 θεράπων
1498 3277 1510 3288 ·
1537 3260 1701 3332 ἐθάρ-

126 3337 206 3404 ρει
248 3336 355 3407 γάρ
391 3336 468 3407 τῷ
512 3335 705 3390 ἑαυτοῦ
760 3338 1005 3411 Δεσπότῃ
1043 3340 1121 3411 τῷ
1169 3343 1233 3395 ἐκ
1273 3342 1384 3397 τῶν
1424 3344 1702 3398 ἀδυνάτων

127 3416 319 3472 δυνατὰ
353 3418 615 3473 ποιοῦντι.
651 3417 918 3487 Ἀπελθέ,
952 3424 1135 3494 φησὶν,
1176 3428 1264 3492 είς
1291 3430 1564 3496 Σαρεςοθὰ
1593 3429 1703 3495 τῆς

128 3500 402 3565 Σιδῶνος,
432 3501 529 3554 καὶ
564 3501 693 3555 ἰδοὺ
715 3504 825 3569 μία
863 3504 1020 3573 χήρα
1061 3506 1456 3577 ξυλευομένη.
1498 3509 1564 3562 Τί
1609 3506 1700 3563 οῦν

128 3583 422 3663 ἐπιϐαίνεις
451 3583 529 3636 ἔτι
556 3627 570 3644 ,
608 3584 791 3651 Ἦλία;
820 3587 873 3639 τί
912 3588 967 3640 δὲ
1000 3590 1358 3661 προστρέχεις
1412 3593 1479 3663 τῇ
1517 3593 1697 3663 χήρᾳ;

125 3658 257 3730 εἶδες
292 3667 363 3719 τὰ
408 3668 720 3739 προπύλαια
744 3669 844 3740 τῆς
877 3658 1088 3734 πενίας,
1127 3658 1204 3744 μή
1240 3658 1420 3744 ἐρώτα
1450 3658 1698 3747 τὰντπάθη

122 3748 219 3818 τῆς
270 3753 650 3822 μετριότητος·
681 3747 820 3814 εἶδες
848 3753 948 3823 τήν
982 3754 1184 3808 εἴσοδον
1215 3757 1315 3826 τῆς
1352 3759 1560 3821 πενίας,
1597 3776 1701 3829 μη-

118 3830 205 3912 δεν
235 3834 418 3903 ἐρώτα
444 3834 574 3904 περὶ
600 3833 714 3889 τῶν
758 3834 926 3889 ἔνδον.
958 3836 1068 3889 Ποῦ
1122 3839 1443 3912 ἐπεισέρχῃ,
1511 3841 1697 3905 Ἠλίας

124 3909 256 3977 εἶδες
279 3917 670 3987 ξυλευομένην,
697 3919 790 3972 καὶ
818 3919 1093 3990 τραφῆναι
1118 3920 1301 3993 ζητεῖς
1318 3909 1462 3994 παρ’
1496 3925 1697 3996 αὐτῆς;

137 3998 270 4050 Ἀλλ’
296 4001 444 4069 ὅμως
496 3999 632 4070 ἔχων
667 4002 921 4072 ἐνέχυρον
956 4002 1048 4056 τοῦ
1097 4006 1368 4059 Δεσπότου
1397 4006 1488 4059 τὸν
1520 4007 1698 4077 λόγον,

123 4080 283 4152 ἀπῄει
322 4083 705 4155 διαλεγόμενος
727 4086 790 4155 τῇ
828 4086 990 4157 χήρα.
1028 4087 1136 4140 Καὶ
1175 4088 1230 4140 τί
1259 4105 1391 4158 φησι
1416 4106 1430 4153 ;
1460 4091 1570 4158 Δός
1599 4108 1699 4159 μοι

111 4166 330 4231 ,μικρὸν
378 4166 571 4233 ὕδωρ,
623 4167 722 4220 ἵνα
769 4169 900 4221 πίω.
953 4169 1114 4240 Ὁρᾷς
1161 4168 1311 4243 [756]
1364 4174 1552 4243 σοφίαν
1603 4175 1699 4226 τοῦ

134 4246 345 4312 Ἡλίους
390 4248 510 4311 πῶς
541 4250 641 4302 οὐκ
683 4249 886 4315 εὐθέως
917 4252 1008 4305 ἐπί
1040 4252 1101 4304 τὸ
1146 4252 1494 4325 ἰσχυρότερον
1522 4257 1700 4328 ἀπῆλ-

116 4331 229 4392 θεν,
265 4335 383 4386 ἀλλ’
433 4335 527 4386 ἐπὶ
581 4335 644 4386 τὸ
703 4334 1117 4407 εὐτελέστερον;
1147 4339 1247 4390 οὐκ
1293 4334 1436 4403 εἷπε,
1465 4340 1565 4403 Δός
1612 4358 1700 4410 μοι

116 4416 301 4484 ἄρτον,
338 4416 478 4471 ἀλλὰ
513 4417 612 4480 Δός
633 4434 730 4487 μοι
759 4416 921 4488 ὕδωρ.
961 4418 1182 4489 Πρῶτον
1208 4421 1355 4492 ὕδωρ
1385 4423 1556 4493 ζητεῖ,
1583 4441 1702 4476 στο-

120 4498 440 4568 χαζόμενος,
489 4500 572 4555 ὅτι
611 4500 677 4553 ἂν
730 4501 1010 4573 εὐπορήσῃ
1068 4502 1295 4568 ὕδατος,
1332 4506 1553 4561 δύναται
1607 4508 1701 4560 καὶ

116 4582 284 4650 ἄρτου
341 4585 669 4655 εὐπορῆσαι.
723 4586 833 4650 Δός
882 4605 1007 4654 μοι,
1053 4590 1220 4658 φησὶ,
1246 4590 1466 4659 μικρὸν
1503 4591 1694 4660 ὕδωρ·

133 4664 474 4720 Ἀπελθοῦσα
496 4666 553 4721 δὲ
578 4670 614 4739 ή
657 4668 800 4738 χήρα
830 4669 1059 4740 ήνεγκεν
1087 4673 1256 4745 αὐτῷ,
1291 4674 1386 4729 καὶ
1414 4673 1534 4729 ἔπιε
1563 4693 1576 4705 ·
1609 4676 1702 4730 καὶ

119 4747 258 4800 οὓτω
284 4748 573 4820 θαρσήσας
607 4750 767 4821 φησί·
805 4751 987 4820 Amm
1007 4752 1081 4821 δή
1106 4771 1206 4823 μοι
1234 4756 1333 4810 καὶ
1368 4756 1580 4826 ψωμὸν
1602 4757 1704 4825 ἄρ·

119 4848 244 4894 του,
281 4834 382 4886 καὶ
416 4833 697 4903 SMr-opai.
737 4836 800 4887 Ἡ
845 4836 903 4888 δὲ
935 4833 1054 4889 εἶπε
1088 4839 1227 4909 πρὸς
1261 4840 1445 4893 αὐτόν’
1473 4840 1561 4913 Ζῇ
1589 4842 1702 4895 Κύ-

114 4931 259 4982 ριος,
307 4919 362 4969 εί
411 4917 543 4971 ἐστι
587 4935 689 4985 μοι
727 4919 1053 4989 ἐγκρυφίας
1075 4923 1119 4983 ι’,
1143 4923 1280 4977 ἀλλ’
1305 4924 1343 4991 ’ἢ
1383 4925 1534 4979 ὅσον
1554 4926 1703 4993 δρὰξ

118 5000 382 5067 ἀλεύρου
426 5001 499 5054 ἐν
531 5001 607 5070 τῇ
638 5002 832 5070 ὑδρίᾳ,
868 5005 964 5059 καὶ
1011 5006 1220 5074 ὀλίγον
1268 5006 1478 5061 ἔλαιον
1507 5009 1577 5062 ἐν
1625 5010 1704 5076 τῷ

119 5086 431 5153 mmmam,
469 5085 500 5139 ὃ
535 5085 868 5156 ποιήσομεν
897 5089 992 5141 καί
1034 5090 1338 5159 φαγόμεθα
1368 5091 1483 5160 ἐγώ
1516 5110 1580 5145 τε
1606 5095 1703 5147 καὶ

116 5166 188 5219 τὰ
219 5170 432 5224 παιδία
446 5171 699 5238 μου,καὶ
725 5173 1196 5242 ἀποθανούμεθα.
1221 5175 1285 5227 Τί
1313 5172 1406 5228 οὖν
1427 5178 1455 5229 ὁ
1477 5177 1661 5239 Ἠλίας
1687 5194 1702 5242 ;

124 5248 396 5316 Ἀπελθε,
428 5253 584 5323 φησὶ,
620 5253 717 5307 καὶ
747 5255 1008 5319 ποίησόν
1035 5272 1138 5323 μοι
1165 5256 1496 5325 ἐγκρυφίαν
1524 5275 1703 5315 κατα-

114 5336 325 5402 μόνας,
361 5335 465 5389 καὶ
486 5334 671 5405 φάγω,
698 5336 794 5389 καὶ
825 5338 978 5391 οὕτω
1001 5338 1274 5405 ποιήσεις
1312 5339 1438 5406 τοῖς
1472 5332 1704 5408 τέκιτοις

118 5434 252 5486 σου,
276 5418 374 5473 καὶ
400 5418 715 5489 φάγονται.
755 5420 819 5477 Τί
849 5422 1042 5487 ποιεῖς,
1092 5422 1247 5479 Ἠλία
1283 5439 1298 5488 ;
1330 5422 1508 5493 ἔστω,
1538 5424 1703 5499 ἄρτον

178 5689 206 5718 ⁸
232 5689 318 5738 Sic
349 5688 507 5739 SaVil.
534 5689 704 5738 More}.
722 5696 772 5739 el
797 5691 964 5742 Monll'.
986 5694 1187 5755 πέλαγος
1211 5694 1323 5744 διεδ.
1350 5695 1496 5746 αὐτοῦ
1519 5697 1701 5761 ἀρετῆς.

116 5748 389 5865 Εῃέτὲσγὶι.
423 5816 603 5865 οωὶιιιι
634 5815 892 5885 ἐγκρυφίας.

1680 2137 1737 2184 δ-

1813 512 2008 579 θέλεις,
2040 515 2092 566 τί
2131 515 2224 566 καὶ
2254 515 2568 585 καταμόνας
2592 517 2684 570 καὶ
2720 520 2777 572 ἐν
2809 515 3044 588 πρώτοις
3074 515 3289 587 ζητεῖς;
3328 519 3386 571 οὐ

1813 596 1919 667 γαρ
1939 596 2175 667 ὀφείλεις
2197 597 2606 668 εὐχαριστῆσαι,
2644 599 2729 653 ἵνα
2764 601 2901 669 μετά
2926 600 3033 652 τῶν
3060 588 3264 653 τέκνων
3288 605 3390 669 φάο

1811 694 1947 752 γῃς;
1979 681 2042 732 σὺ
2103 678 2276 744 θέλεις
2335 684 2527 750 φαγεῖν
2580 684 2759 753 μόνος,
2792 683 2886 736 καὶ
2932 682 3078 752 λιμῷ
3121 683 3188 736 τὰ
3219 684 3388 736 τέκνα

1813 764 1994 827 πνῐξαι
2028 773 2049 799 ο
2073 779 2086 827 ;
2121 762 2334 833 [Πνῖξαι
2363 764 2423 817 οὐ
2454 765 2612 825 θέλω,
2650 765 2763 818 ἀλλ’
2792 766 3151 836 εὐεργετῆσαι
3174 765 3311 819 θέλω

1811 840 1925 898 οἴδα
1946 845 2044 916 τὴν
2069 846 2329 915 ἀφθονίαν
2381 848 2474 900 τοῦ
2505 848 2641 917 ἐμοῦ
2680 849 2970 902 Δεσπότου.
3009 848 3148 902 Ἀλλ’
3176 851 3324 920 ὅμως
3352 854 3385 921 ἠ

1810 929 1956 1000 Χήρα
1985 930 2084 983 οὐκ
2120 930 2396 1001 ὲταρίίιλίθτθ
2434 930 2461 970 δ
2491 932 2610 985 οὐδὲ
2640 932 2889 1002 ἐνενόησέ
2915 952 2967 989 τι
2991 933 3232 987 τοιοῦτον
3264 934 3388 987 ἀτόα

1812 1027 1997 1082 πημα,
2025 1011 2148 1064 οὐτε
2175 1008 2320 1065 εἶπε·
2347 1013 2418 1066 Σὺ
2444 1009 2496 1067 εἷ
2526 1014 2555 1066 ὁ
2586 1014 2676 1068 τὸν
2706 1014 2861 1085 λιμὸν
2902 1016 3089 1069 τοῦτον
3132 1016 3386 1085 ποιήσας,

1811 1093 1904 1146 καὶ
1931 1095 1989 1145 ἐν
2018 1097 2130 1157 τοῖς
2171 1095 2440 1164 λειψάνοις
2486 1096 2578 1151 τοῦ
2619 1097 2777 1168 λιμοῦ
2808 1098 3168 1171 διατραφῆναι
3217 1098 3389 1162 θέλεις

1810 1175 1941 1247 παρ’
1968 1176 2100 1245 ἐμοῦ
2127 1195 2143 1242 ;
2172 1176 2293 1230 οὐτε
2334 1174 2488 1230 εἶπεν
2510 1218 2525 1241 ,
2558 1181 2639 1233 ὅτι
2680 1180 2946 1233 Τοσοῦτον
2996 1182 3200 1252 κόσμον
3245 1198 3390 1251 παρ-

1808 1258 1991 1327 ῆλθες,
2026 1260 2119 1312 καὶ
2146 1260 2282 1329 πρὸς
2300 1261 2398 1330 ἐμὲ
2421 1257 2582 1334 ἦλθες
2611 1261 2754 1333 λιμῷ
2776 1263 3137 1333 καταφθεῖραι
3161 1262 3230 1316 τὰ
3258 1280 3386 1316 παι-

1808 1340 1896 1393 δία
1932 1357 2067 1411 μου,
2108 1341 2270 1405 αὐτὸς
2319 1341 2492 1406 αἴτιος
2544 1343 2640 1397 τοῦ
2684 1344 2844 1415 λιμοῦ
2891 1346 3216 1415 γενόμενος;
3270 1345 3387 1398 ἀλλ’

1823 1422 2152 1493 Ἀδραμιαία
2177 1441 2259 1487 τις
2287 1426 2554 1496 γενομένη
2587 1428 2620 1498 ή
2653 1428 2791 1498 γυνὴ
2814 1427 3129 1481 εἰσελθοῦσα
3160 1430 3387 1499 ἐποίησε

1809 1503 1950 1559 κατὰ
1974 1505 2033 1558 τὸ
2052 1505 2202 1576 ρἧα
2222 1505 2318 1558 τοῦ
2352 1509 2653 1581 προφήτου,
2670 1509 2764 1562 καὶ
2777 1505 2845 1580 ἦν
2869 1511 2996 1563 ἰδεῖν
3014 1510 3106 1562 τοῦ
3137 1511 3389 1581 ’Λϐραὰμ

1812 1587 2012 1656 μᾶλλον
2039 1588 2137 1660 τὴν
2161 1590 2338 1660 χήραν
2375 1590 2846 1662 φιλοξενεστέραν.
2895 1594 3132 1657 Ἐκεῖνος
3156 1595 3254 1664 μὲν
3280 1597 3389 1663 γὰρ

1809 1667 2040 1740 εὔπορος
2087 1670 2186 1734 ὢν,
2232 1672 2468 1736 ἐξένισεν
2522 1674 2822 1742 ἀγγέλουςο
2859 1674 2997 1745 αὐτη
3034 1676 3091 1728 δὲ
3119 1678 3183 1729 ἐκ
3224 1675 3386 1746 λιμοῦ

1809 1754 2169 1824 προσδοκῶσα
2189 1756 2440 1818 θάνατον,
2475 1758 2681 1824 ἐξένισε
2713 1758 2806 1812 τὸν
2832 1761 3139 1831 προφήτην.
3186 1761 3295 1813 Καὶ
3321 1756 3389 1830 ἦν

1813 1835 1941 1888 ίδεῑν
1973 1837 2071 1909 τὴν
2128 1837 2290 1907 φύσιν
2339 1841 2891 1911 καταφρονουμένην,
2932 1843 3028 1894 καὶ
3083 1842 3389 1910 φιλοξενίαν

1807 1921 2124 1991 τιμωμένην
2144 1939 2157 1953 ·
2182 1918 2252 1994 ἦν
2288 1922 2415 1976 ἰδεῖν
2463 1923 2745 1994 σπλάγχνα
2781 1925 3102 1995 ῥιπτόμενα,
3127 1927 3223 1980 καὶ
3254 1943 3389 1995 προ-

1809 2004 1986 2074 φήτην
2022 2002 2310 2075 δεχόμενον
2339 2024 2351 2037 ·
2388 2006 2681 2077 ὁλόκληρον
2731 2006 2904 2077 δῆμον
2959 2007 3163 2061 τέκνων
3219 2010 3387 2078 τάφον

1808 2085 2105 2155 εἰργάσατο
2124 2103 2138 2117 ·
2162 2088 2287 2140 ὅσον
2301 2087 2409 2159 γὰρ
2430 2091 2509 2152 είς
2525 2090 2846 2161 προαίρεσιν
2870 2090 2969 2160 τῆς
2995 2092 3187 2161 χήρας,
3207 2093 3389 2144 ἐκεῖνα

1808 2167 2420 2240 τετελευτήκασιν,ὄσον
2448 2170 2505 2224 δὲ
2537 2172 2624 2226 διὰ
2661 2172 2759 2243 τήν
2790 2172 2882 2225 τοῦ
2921 2173 3054 2226 Θεοῦ
3082 2172 3388 2244 φιλανθρω-

1796 2240 1960 2318 ’πίαν,
1995 2252 2134 2317 ἔζων
2166 2256 2260 2307 καὶ
2317 2254 2692 2323 ἐκρατύνοντο.
2713 2240 2723 2243 ﬁ
2744 2256 2858 2310 Οὐκ
2909 2253 3025 2310 οῖδα
3063 2257 3180 2320 πῶς
3213 2260 3389 2326 ἐγκω-

1812 2336 1992 2406 μιάσω
2041 2337 2137 2406 τήν
2187 2338 2396 2408 χήραν⁸
2424 2339 2542 2403 πῶς
2596 2340 2803 2393 τέκνων
2832 2341 3237 2411 κατεφρόνησεν
3293 2343 3389 2394 καὶ

1809 2418 2109 2487 φιλοξενίαν
2140 2421 2385 2490 ἐποίησε,
2428 2420 2598 2490 πῶςή
2635 2422 2795 2491 φύσις
2848 2424 2986 2495 αὐτὴ
3026 2424 3086 2476 οὐ
3121 2424 3389 2494 κατενάρ-

1810 2520 1966 2574 κησε,
1986 2503 2104 2566 πῶς
2136 2503 2168 2575 ἡ
2213 2505 2396 2578 μήτρα
2417 2505 2516 2558 οὐκ
2552 2505 2842 2577 ἠλλοιώθη,
2868 2506 2986 2569 πῶς
3007 2505 3076 2561 τὰ
3108 2506 3389 2576 σπλάγχνα

1808 2587 1868 2641 οὐ
1906 2585 2122 2658 διελύθη
2160 2586 2425 2657 βλέποντα
2477 2588 2648 2661 δῆμον
2696 2591 2989 2662 ὁλόκληρον
3046 2591 3250 2646 τέκνων
3284 2591 3390 2645 ὐπὸ

1807 2668 1967 2736 λιμοῦ
2009 2669 2271 2740 μέλλοντα
2300 2671 2641 2743 φθείρεσθαι.
2686 2672 2827 2726 Ἀλλ’
2870 2675 3128 2745 ἀνωτέρω
3179 2675 3397 2728 πάντων

1809 2752 2046 2821 ἐγένετο,
2077 2753 2174 2806 καὶ
2220 2753 2311 2805 τὸν
2341 2755 2626 2825 προφήτην
2658 2754 2914 2822 ἐξένισεν.
2957 2758 3041 2821 Ὦς
3069 2757 3229 2812 ἔλασε
3262 2759 3326 2827 δὴ
3359 2759 3390 2809 ὁ

1810 2836 2116 2907 προφήτης,
2148 2838 2242 2890 καὶ
2296 2836 2483 2906 ἔφαγε,
2516 2838 2703 2892 λοιπὸν
2735 2840 2834 2903 τὰς
2864 2840 3099 2910 ἀμοιϐὰς
3135 2840 3389 2894 ἀποδίδω-

1812 2933 1894 2969 σιν
1916 2935 1931 2952 ·
1968 2918 2189 2989 ἔσπειρε
2224 2919 2530 2988 φιλοξενίαν
2563 2922 2595 2991 ἡ
2625 2922 2789 2991 χήρα,
2825 2923 2919 2975 καὶ
2953 2922 3113 2985 εὐθὺς
3143 2921 3233 2974 τὸν
3262 2922 3389 2975 στά-

1808 3018 1907 3070 χυν
1953 3002 2207 3072 κομῶντα
2262 3003 2362 3073 τῆς
2417 3002 2724 3071 φιλοξενίας
2756 3003 2990 3075 ἐθέρισε.
3021 3005 3086 3057 Τί
3117 3006 3225 3074 γάρ
3258 3021 3388 3075 φησι

1810 3083 1945 3154 πρὸς
1969 3083 2138 3153 αὐτὴν
2180 3084 2399 3148 Ἠλίας;
2430 3089 2476 3137 Ζ
2484 3085 2519 3155 ᾖ
2540 3088 2773 3155 Κύριος,
2806 3090 2843 3156 ἡ
2878 3086 3051 3155 ὑδρία
3086 3087 3194 3140 τοῦ
3213 3089 3395 3141 ἀλεύιι

1800 3184 1917 3233 ρου
1937 3168 2048 3220 οὐκ
2070 3167 2362 3236 ἐκλείψει,
2391 3168 2487 3221 καὶ
2510 3171 2543 3221 ό
2570 3168 2894 3237 memmian
2915 3169 3020 3223 τοῦ
3048 3170 3255 3223 ἐλαίου
3274 3174 3387 3225 οὐκ

1807 3250 2219 3316 ἐλαττονήσει.
2253 3251 2363 3304 Καὶ
2387 3251 2605 3318 ἐγένετο
2633 3254 2665 3320 ή
2698 3249 2851 3317 δεξιὰ
2869 3251 2970 3320 τῆς
2997 3251 3174 3324 χήρας
3206 3251 3385 3321 ληνὸς,

1809 3333 1904 3386 καὶ
1935 3335 1968 3403 ή
2001 3331 2267 3405 ἀριστερὰ
2303 3334 2445 3387 ἆλων
2464 3372 2479 3397 ,
2510 3335 2605 3389 καὶ
2637 3334 2928 3404 δράγματα
2954 3336 3013 3387 ἐν
3059 3337 3273 3408 ἀνάγκῃ
3297 3337 3388 3389 τὸν

1809 3415 2019 3487 καρπὸν
2056 3416 2384 3487 παρέχοντα,
2412 3417 2508 3470 καὶ
2539 3416 2627 3471 διὰ
2655 3417 2749 3469 τοῦ
2779 3418 2939 3485 λόγου
2981 3417 3076 3471 τοῦ
3105 3421 3387 3488 προφήτου

1806 3498 1904 3569 τὴν
1938 3500 2113 3569 χήραν
2158 3499 2533 3571 διατρέφοντα.
2575 3498 2748 3569 Ληνὸς
2785 3501 2878 3552 καὶ
2934 3500 3077 3554 ἅλων
3109 3501 3325 3568 ἐγένετο
3353 3504 3389 3572 ή

1806 3583 1954 3634 οἰκία
1985 3583 2084 3653 τῆς
2114 3584 2320 3655 χήραςο
2351 3585 2414 3635 οὐ
2443 3580 2643 3654 βροχὴ,
2671 3583 2770 3653 οὐχ
2817 3584 2993 3647 ὑετὸς,
3028 3585 3129 3636 οὐκ
3172 3583 3293 3655 ἔαρ,
3327 3586 3388 3636 οὐ

1808 3662 1987 3735 θέρος,
2032 3664 2094 3717 οὐ
2130 3665 2354 3735 καῦμα,
2386 3666 2488 3719 οὐκ
2527 3666 2744 3736 ἀνέμων
2790 3666 3043 3733 ἀνάγκαι,
3069 3667 3131 3718 οὐ
3183 3666 3390 3737 καιρῶν

1807 3745 2041 3814 ἀλλαγαὶ
2066 3754 2111 3811 ε,
2135 3744 2271 3799 ἀλλὰ
2295 3746 2455 3815 μόνον
2477 3742 2562 3812 εἷς
2602 3748 2757 3816 λόγος
2786 3748 3081 3820 προελθὼν,
3102 3751 3196 3803 καὶ
3228 3751 3390 3813 αὐτὸς

1807 3829 1915 3883 ἀπὸ
1945 3830 2047 3899 τῆς
2078 3830 2285 3894 οἰκείας
2335 3832 2562 3902 γνώμης
2608 3831 2909 3901 ἐξενεχθεὶς
2944 3840 2991 3896 f,
3029 3836 3257 3903 χορηγεῖ
3292 3834 3388 3903 τὴν

1807 3911 2068 3979 ἀφθονίαν
2109 3914 2179 3983 τῇ
2234 3913 2400 3984 χήρα.
2446 3909 2578 3966 Εἶτα
2612 3913 2843 3977 ἐκεῖθεν,
2880 3915 2964 3966 ἵνα
3020 3916 3266 3985 συντέμω
3298 3917 3389 3970 τὸν

1807 3995 1984 4064 λόγον,
2015 3994 2166 4068 [757]
2195 3995 2399 4065 ἀπῆλθε
2424 3997 2561 4066 πρὸς
2602 3997 2807 4067 Ἀχαὰὸ
2839 3997 2930 4051 τὸν
2960 3998 3202 4068 βασιλέα.
3232 4000 3390 4068 Λέγω

1807 4084 1902 4138 νῦν
1931 4083 2096 4137 αὐτοῦ
2119 4083 2189 4137 τὰ
2214 4084 2631 4155 κατορθώματα.
2652 4085 2738 4137 ἵνα
2762 4084 2856 4138 ἐὰν
2877 4085 2992 4156 ἴδης
3022 4084 3184 4139 αὐτὸν
3211 4087 3390 4156 ἁμαρ-

1807 4168 2080 4236 τήσαντα,
2113 4167 2290 4238 μάθῃς
2318 4168 2415 4238 τὴν
2452 4166 2545 4219 τοῦ
2577 4166 2711 4219 Θεοῦ
2743 4168 2904 4237 χάριν
2948 4167 3179 4238 ἔχουσαν
3201 4171 3390 4238 φιλαν-

1809 4249 2077 4320 θρωπίαν.
2111 4249 2176 4301 Τί
2202 4245 2296 4302 οῦν
2330 4248 2467 4319 πρὸς
2501 4249 2662 4302 αὐτὸν
2690 4250 2718 4302 ὁ
2753 4249 2956 4318 Ἀχαάϐ
2977 4267 2990 4315 ;
3013 4251 3096 4304 Σὺ
3119 4249 3177 4305 εἷ
3200 4256 3232 4305 ὀ
3259 4252 3387 4305 δια-

1808 4329 2082 4400 στρέφων
2117 4331 2226 4385 τὸν
2266 4330 2537 4400 Ἰσραήλ;
2574 4330 2632 4383 Ὀ
2687 4330 2745 4384 δέ
2776 4331 2911 4400 πρὸς
2958 4331 3120 4386 αὐτόν
3145 4349 3161 4365 ο
3199 4334 3343 4402 Οὐχὶ
3370 4372 3386 4395 ,

1808 4412 1969 4466 ἀλλὰ
2002 4413 2084 4467 σὺ
2120 4414 2217 4468 καὶ
2251 4416 2284 4468 ό
2311 4411 2473 4479 οἶκος
2510 4413 2615 4467 τοῦ
2653 4416 2875 4481 πατρός
2912 4429 3049 4468 σου.
3077 4411 3228 4479 Εἶδες
3254 4417 3391 4488 παῤ-

1811 4494 2006 4563 ρησίαν
2038 4499 2354 4567 προφήτου,
2385 4498 2503 4560 πῶς
2542 4496 2633 4549 τὸν
2680 4496 2902 4567 βασιλέα
2952 4497 3210 4569 ήλεγξεν;
3254 4495 3390 4553 Εἶτα

1809 4576 1895 4629 ὅτε
1925 4579 1982 4630 ἐν
2017 4577 2097 4649 τῷ
2119 4577 2232 4648 δρει
2266 4580 2573 4644 ἐκαθέζετο,
2606 4583 2699 4634 καὶ
2731 4577 2859 4652 ἦ).οε
2906 4582 3041 4653 πρὸς
3072 4582 3233 4638 αὐτὸν
3262 4600 3392 4637 πενο

1809 4660 2041 4729 τηκόντα
2051 4677 2175 4730 ρχος
2202 4661 2376 4729 λέγων
2395 4678 2409 4692 '
2433 4664 2737 4732 ’Ἄνθρωπε
2762 4663 2867 4718 τοῦ
2899 4664 3065 4729 Θεοῦ,
3083 4666 3387 4735 κατάϐηθι,

1811 4746 1842 4797 ό
1873 4743 2175 4809 ,ϐασιλεύς
2212 4760 2288 4797 σε
2341 4746 2552 4798 καλεῖ·
2585 4749 2613 4800 ό
2647 4747 2703 4800 δὲ
2756 4747 2891 4819 πρὸς
2949 4749 3111 4802 αὐτόν
3137 4766 3151 4779 θ
3184 4751 3295 4803 Καὶ
3338 4753 3390 4804 εί

1808 4827 1922 4898 ἐγὼ
1946 4827 2257 4895 ἄνθρωπος
2294 4828 2400 4881 τοῦ
2449 4830 2628 4896 Θεοῦ,
2667 4831 2976 4898 καταϐήτω
3009 4833 3128 4901 πῦρ
3165 4833 3235 4886 ἐκ
3281 4833 3390 4887 τοῦ

1810 4911 2092 4979 οὐρανοῦ,
2123 4911 2222 4964 καί
2244 4913 2626 4982 καταφαγέτω
2643 4929 2717 4968 σε
2733 4916 2832 4968 καὶ
2852 4916 2992 4982 τοὺς
3016 4917 3392 4984 πεντήκοντά

1811 5009 1946 5048 σου.
1978 4989 2110 5046 Εἶτα
2145 4995 2210 5046 ἐκ
2238 4993 2491 5065 δευτέρου
2517 4995 2676 5059 ἄλλος
2703 4999 3171 5070 πεντηκόνταρχός
3201 5017 3387 5070 φησιν·

1814 5079 2111 5144 Ἄνθρωπε
2139 5075 2243 5131 τοῦ
2271 5078 2440 5140 Θεοῦ,
2470 5078 2775 5146 κατάϐηθι,
2809 5085 2842 5134 ὁ
2865 5082 3161 5147 βασιλεὺς
3182 5083 3390 5151 χρείαν

1810 5176 1929 5214 σου
1951 5161 2096 5227 ἔχει.
2126 5159 2233 5212 Καὶ
2264 5160 2316 5211 τί
2349 5160 2487 5231 πρὸς
2531 5161 2693 5213 αὐτὸν
2720 5163 2749 5213 ό
2793 5163 3008 5229 ’Ξέλίαςς
3044 5164 3153 5217 Καὶ
3187 5167 3240 5217 εί
3275 5163 3390 5232 ἐγὼ

1810 5242 2121 5310 ἄνθρωπος
2139 5242 2247 5297 τοῦ
2276 5244 2446 5307 Θεοῦ,
2469 5242 2777 5309 καταϐἠτω
2805 5245 2925 5314 πῦρ
2955 5249 3023 5299 ἐκ
3058 5247 3162 5301 τοῦ
3208 5249 3388 5314 οὐρα-

1810 5324 1961 5391 νοῦ,
1993 5326 2513 5395 καὶ,καταφαγέτω
2558 5342 2631 5378 σε
2678 5326 2778 5379 καὶ
2826 5327 2968 5394 τοὺς
3018 5328 3390 5394 πεντήκοντά

1809 5434 1949 5472 σου.
1995 5413 2124 5471 Εἶτα
2145 5417 2305 5471 πάλιν
2325 5417 2413 5470 ὅτε
2440 5413 2602 5488 ἦλθεν
2657 5418 2737 5481 εἰς
2768 5419 3042 5491 συμϐολὴν
3073 5422 3172 5490 τῆς
3218 5420 3383 5490 εὐχῆς

1874 5574 1900 5602 ε
1926 5570 2076 5620 Savil.
2097 5571 2178 5619 καὶ
2199 5571 2346 5629 δῆμον
2371 5571 2546 5617 τέκνων
2564 5587 2639 5617 πν.

1876 5633 1903 5671 εί
1928 5633 2010 5681 Sic
2034 5645 2143 5680 mss.
2174 5631 2346 5679 Morel.
2363 5644 2478 5679 vero
2503 5631 2590 5678 οὐκ
2611 5631 2914 5688 ἀποθνήσκει.

1876 5695 1898 5754 ξ
1927 5692 2073 5741 Savil.
2105 5693 2160 5740 οὐ
2183 5691 2364 5752 καῦμα,
2394 5693 2616 5754 οὐίνόμου
2636 5694 2814 5754 καιρῶν
2833 5692 3031 5754 ἀνάγκη.

1880 5752 2009 5817 (εἰς
2030 5755 2180 5804 Savil.
2222 5751 2375 5802 reue.
2422 5751 2556 5802 Unu's
2599 5751 3017 5815 mssféﬁsveyﬁziq,
3043 5751 3215 5803 Morel.
3265 5756 3395 5817 ἐλεγ-

1813 5816 1939 5875 χθείς
1960 5828 2235 5878 perperam.
