3800 6282
39 376 174 434 735

44 492 191 547 illos
226 490 462 549 infames
494 492 671 547 Baalis
695 533 710 559 ,
737 489 922 548 dicens
946 533 960 556 ,
994 491 1317 547 Precemur:
1346 493 1676 564 addiditque,

44 582 272 640 Facite
313 586 449 640 vobis
492 585 656 639 altare
706 599 953 649 seorsum,
1011 592 1057 637 et
1102 584 1269 654 eligite
1316 584 1444 639 duos
1497 584 1677 650 boves,

43 687 103 731 et
137 677 408 750 imponite
436 678 574 749 ligna
599 675 667 730 ad
690 692 842 730 unum
867 676 1060 740 bovem,
1103 686 1150 730 et
1176 675 1342 749 ignem
1374 694 1475 731 non
1513 679 1681 748 impo-

47 769 174 822 nite
198 786 226 835 ;
262 779 314 825 et
338 785 429 841 ego
475 768 701 839 idipsum
749 769 935 840 faciant
963 783 983 822 :
1029 777 1077 822 et
1119 768 1346 822 invocato
1384 769 1439 822 in
1482 769 1686 823 nomine

45 864 301 915 deorum
328 871 624 926 vestrorum,
642 871 688 914 et
709 877 800 931 ego
823 861 877 914 in
899 860 1101 914 nomine
1117 858 1214 913 Dei
1238 861 1354 914 mei.
1370 858 1440 913 Et
1463 860 1577 926 erit,
1595 861 1684 930 qui

45 951 216 1007 Deus
232 953 518 1008 exaudierit
533 953 586 1006 in
599 952 731 1023 igne,
749 951 830 1005 ltic
845 950 983 1005 Deus
992 966 1135 1005 verus
1151 953 1229 1020 (5.
1246 950 1678 1022 Reg.18.23.24).

45 1044 209 1099 Tum
250 1045 495 1101 fecerunt
524 1042 832 1099 sacerdotes
863 1042 1085 1099 infames
1109 1043 1298 1109 altare,
1323 1052 1376 1098 et
1400 1051 1682 1112 coeperunt

47 1134 338 1191 invocare
366 1135 490 1189 Baal
515 1134 773 1197 dicentes,
800 1133 1005 1190 Exaudi
1040 1151 1151 1200 nos,
1181 1134 1330 1199 Baat,
1356 1135 1539 1209 exaudi
1586 1151 1679 1190 nos

51 1224 246 1295 (Ibid.
280 1244 330 1280 υ.
357 1225 472 1297 26).
500 1224 632 1281 Cum
675 1235 854 1281 autem
908 1234 1028 1296 post
1074 1226 1268 1280 multas
1311 1240 1497 1295 preces
1519 1241 1678 1281 nemo

48 1328 221 1376 esset
271 1320 360 1390 qui
399 1319 679 1375 exaudiret
705 1317 854 1388 (Non
881 1320 1023 1374 enim
1049 1329 1157 1373 erat
1194 1335 1310 1387 vox,
1339 1336 1498 1392 neque
1526 1320 1677 1375 audi-

55 1412 191 1483 tio),
231 1411 587 1481 exspectabat
615 1409 794 1466 Helias
833 1426 952 1465 cum
1006 1412 1256 1481 patientia
1303 1413 1407 1465 illis
1447 1426 1676 1482 precan-

57 1506 218 1560 tibus
252 1520 268 1560 :
299 1521 420 1561 cum
449 1513 628 1560 autem
669 1504 874 1559 videret
899 1505 1121 1559 multum
1151 1519 1271 1559 esse
1300 1504 1507 1559 illorum
1562 1513 1674 1559 stu-

53 1595 250 1663 dium,
285 1595 379 1649 sed
432 1596 699 1649 neminem
742 1595 833 1664 qui
877 1595 1190 1658 exaudiret,
1221 1595 1405 1650 irridet
1432 1596 1551 1650 illos
1591 1595 1697 1652 his

54 1686 258 1740 verbis
292 1704 306 1740 :
336 1684 563 1740 Claritate
596 1684 809 1738 multum
829 1727 843 1752 ,
878 1702 939 1738 ne
963 1689 1093 1755 forte
1117 1685 1333 1738 dormiat
1368 1684 1492 1740 deus
1516 1698 1675 1742 vester

56 1777 238 1848 (Ibid.
268 1795 317 1839 ιι.
345 1778 460 1849 27).
492 1777 682 1832 Postea
721 1793 841 1831 cum
882 1776 1131 1831 meridies
1160 1785 1335 1841 esset,
1373 1786 1425 1831 et
1465 1788 1673 1848 tempus

58 1874 391 1941 procederet
414 1912 430 1941 ,
459 1871 592 1926 dixit
640 1872 743 1926 illis
772 1912 788 1937 ,
824 1869 1075 1923 Discedite
1119 1886 1254 1923 nunc
1274 1912 1289 1934 ,
1319 1878 1373 1923 ut
1398 1870 1584 1940 faciam
1626 1883 1672 1924 et

56 1980 154 2034 ego
200 1963 560 2017 holocaustum
607 1979 773 2016 meum
800 1960 961 2032 (Ibid.
992 1978 1039 2015 υ.
1068 1962 1159 2033 30)
1191 1979 1205 2015 :
1234 1969 1289 2017 et
1329 1961 1455 2018 fecit
1481 1962 1668 2029 altare,

58 2065 115 2108 et
145 2056 411 2125 imposuit
447 2055 608 2123 ligna,
639 2063 694 2109 et
729 2053 858 2108 dixit
892 2072 905 2108 :
945 2052 1096 2108 Ferte
1132 2071 1315 2123 aquam
1358 2054 1412 2107 in
1457 2053 1671 2109 circuitu

56 2147 256 2200 altaris
275 2187 292 2211 ,
323 2154 366 2200 et
401 2147 623 2199 tulerunt
651 2161 669 2200 :
700 2144 990 2212 Duplicote,
1015 2155 1060 2199 et
1109 2145 1493 2215 duplicatterunt
1515 2161 1534 2209 ;
1558 2144 1673 2199 Tri-

62 2240 280 2306 pticate,
309 2249 355 2291 et
382 2238 758 2308 triplicaverunt
787 2235 834 2308 (Ι
844 2236 946 2290 bid.
978 2252 1023 2289 υ.
1047 2234 1137 2307 54)
1162 2234 1261 2308 (α).
1289 2236 1668 2291 Animadverte

58 2346 238 2400 quare
270 2330 324 2384 id
355 2329 513 2384 faciat
546 2330 742 2407 Helias.
770 2327 1034 2395 Quoniam
1065 2328 1264 2382 erroris
1292 2341 1408 2381 mos
1434 2336 1515 2382 est
1531 2328 1669 2382 veri-

64 2422 160 2475 tati
191 2422 414 2490 prepria
442 2421 752 2490 adiungere,
785 2419 926 2491 quod
975 2417 1179 2473 faciunt
1215 2426 1271 2473 et
1321 2419 1663 2483 meretrices,

60 2528 186 2583 qme
219 2522 684 2583 prwoccupantes,
716 2512 911 2566 liberas
950 2510 1201 2566 mulieres
1228 2510 1538 2566 meretrices
1576 2527 1670 2567 vo-

61 2615 216 2672 cant,
250 2616 307 2661 ut
334 2620 436 2661 non
467 2606 695 2661 habeant
724 2605 826 2660 illm
846 2603 973 2674 quid
1003 2604 1225 2658 convicii
1253 2603 1533 2673 objiciunt.

134 2701 191 2754 4.
245 2697 414 2752 Fraus
437 2696 659 2768 insignis"
685 2697 1005 2750 sacerdotum
1030 2695 1312 2766 gentilium.
1328 2724 1398 2735 —-
1417 2696 1665 2750 Attamen

64 2790 256 2844 Helias
297 2790 381 2844 hic
410 2788 670 2860 sapientia
702 2788 870 2863 utitur
900 2786 1139 2856 :quare?
1174 2786 1226 2841 id
1256 2786 1397 2857 quod
1428 2786 1669 2843 dicturus

63 2897 185 2937 sum
206 2882 348 2938 meis
374 2882 487 2952 ipse
512 2880 682 2936 oculis
716 2879 988 2950 conspexi.
1022 2878 1076 2933 ln
1110 2878 1372 2956 idolorum
1410 2880 1668 2946 altaribus

65 2975 334 3029 foramina
373 2972 616 3044 quaedam
655 2980 780 3026 sunt
820 2972 873 3026 in
917 2969 1170 3026 inferiore
1198 2971 1379 3027 altaris
1408 2978 1587 3040 parte,
1610 2982 1668 3026 et

65 3067 204 3123 infra
230 3067 407 3139 posita
426 3063 765 3135 estquaedam
794 3063 945 3119 fovea
971 3063 1176 3118 occulta
1198 3062 1665 3132 :deseenduntque

62 3162 270 3214 erroris
316 3159 551 3214 artifices
598 3158 651 3212 in
709 3157 947 3222 foveam,
987 3164 1042 3211 et
1080 3156 1157 3211 sic
1199 3170 1262 3210 ex
1317 3154 1665 3209 foraminibus

64 3250 328 3305 deorsum
361 3251 536 3320 ignem
560 3248 845 3306 exsufﬂant
872 3261 1084 3302 sursum
1104 3245 1170 3301 ad
1187 3244 1506 3300 sacrificium
1532 3260 1663 3299 con»

70 3345 384 3410 ﬁciendum,
412 3345 484 3398 ita
507 3352 564 3397 ut
581 3342 730 3396 multi
751 3341 1085 3411 decipiantur
1103 3348 1159 3396 et
1183 3348 1367 3410 putent
1394 3338 1662 3393 caelestem

65 3451 187 3491 esse
219 3437 418 3505 ignem.
450 3433 529 3490 Ne
554 3434 714 3503 igitur
748 3432 924 3487 Helias
951 3432 1007 3487 in
1030 3430 1387 3502 suSpicionem
1425 3429 1657 3494 veniret,

66 3530 208 3599 quod
231 3542 290 3585 et
313 3530 424 3599 ipse
453 3527 628 3584 simile
644 3526 910 3597 quidpiam
932 3524 1265 3580 machinatus
1279 3532 1442 3591 esset,
1469 3538 1659 3593 aquam

66 3620 276 3688 effudit,
308 3630 365 3697 ut
393 3619 598 3674 foveam
630 3634 734 3672 non
774 3632 896 3674 esse
923 3631 1058 3687 aqua
1078 3616 1505 3671 demonstraret:
1538 3630 1660 3669 nam

69 3713 152 3766 ubi
174 3728 315 3782 aqua
345 3712 549 3767 foveam
579 3711 798 3781 reperit,
818 3724 926 3765 non
948 3708 1211 3774 consisut,
1241 3707 1334 3763 sed
1356 3707 1658 3763 descendit.

72 3804 317 3877 Implevit
371 3806 533 3875 igitur
580 3806 782 3868 altare,
829 3809 884 3857 et
914 3809 1158 3871 precatus
1194 3809 1277 3857 est
1308 3801 1391 3855 his
1436 3802 1655 3857 verbis:

68 3897 278 3953 Exaudi
315 3916 425 3963 nte,
462 3896 714 3964 Domine,
756 3897 809 3950 in
854 3896 972 3967 igne
1008 3895 1464 3950 Itodie:exaudisti
1501 3911 1581 3951 me
1606 3899 1659 3949 in

68 4006 214 4059 aqua,
244 3989 433 4044 exaudi
465 4005 543 4053 nte
581 3998 627 4042 et
663 3988 717 4040 in
753 3987 869 4058 igne
900 3986 995 4056 (ὃν
1015 3984 1139 4055 Reg.
1164 3985 1251 4039 18.
1277 3985 1391 4055 '57).
1425 3985 1494 4040 Et
1534 4000 1659 4040 ecce

70 4080 180 4148 ipso
215 4082 501 4135 invocante
540 4077 820 4133 Confestim
852 4077 990 4148 ignis
1016 4076 1290 4131 descendit
1317 4077 1384 4131 de
1414 4076 1575 4141 ett-lo,
1605 4085 1660 4131 et

70 4173 400 4242 eunsuinpsit
415 4171 731 4228 sacrificium
751 4178 804 4225 et
826 4169 1049 4239 lapides,
1062 4178 1314 4239 etaquam
1336 4168 1656 4240 linxitignis.

71 4264 202 4330 Quid
238 4274 418 4319 autem
454 4264 529 4317 ait
557 4262 794 4333 populo?
823 4260 1240 4331 Comprehendite
1267 4260 1546 4315 sacerdotes
1575 4261 1658 4314 in-

71 4359 245 4427 fames,
278 4370 435 4409 nemo
458 4363 701 4409 servetur
719 4369 783 4408 ex
812 4353 915 4409 illis
941 4371 952 4405 :
985 4360 1035 4407 el
1065 4350 1586 4421 comprehenderunt
1606 4362 1658 4407 et

71 4450 381 4506 oeciderunt
404 4465 522 4516 eos,
553 4450 968 4519 quadringentos
997 4457 1052 4502 et
1079 4447 1452 4518 quinquaginta
1480 4461 1659 4503 sacer.-

69 4540 219 4596 dotes
246 4542 406 4606 Baal,
440 4551 488 4597 et
523 4540 938 4610 quadringentos
965 4539 1274 4594 sacerdotes
1299 4539 1654 4594 excelsorum.

71 4633 281 4688 Audivit
309 4633 525 4692 Iezabel
571 4649 703 4688 uxor
743 4632 922 4686 Achab
944 4647 1004 4686 ea
1028 4647 1146 4701 quae
1176 4633 1309 4687 facta
1338 4632 1578 4695 fuerant,
1604 4640 1659 4687 et

72 4724 210 4778 misit
236 4725 303 4779 ad
333 4723 537 4779 Heliam
569 4725 750 4779 dicens
783 4742 796 4778 :
831 4723 957 4778 Ha'c
980 4724 1175 4796 faciant
1201 4723 1323 4777 mihi
1351 4725 1445 4790 dii,
1475 4733 1520 4777 et
1550 4723 1658 4777 Itth

72 4819 257 4872 addant
280 4860 295 4885 ,
332 4818 437 4879 nisi,
459 4834 571 4870 cras
608 4830 796 4887 ponam
834 4817 1059 4871 animum
1084 4825 1227 4871 tuant
1267 4816 1394 4869 sicut
1434 4814 1658 4871 annnam

72 4911 216 4965 unius
241 4928 411 4966 eorum
432 4912 510 4983 (ζ).
535 4910 662 4983 Reg.
688 4911 756 4967 49
794 4910 880 4981 2.)
905 4926 919 4964 :
946 4911 1031 4964 bis
1052 4909 1273 4979 auditis,
1300 4909 1481 4965 Helias
1500 4907 1653 4978 fugit.

78 4999 291 5057 Ubinam
330 5012 412 5058 est
451 5003 631 5058 Helias
673 5003 763 5057 ille
806 5002 924 5056 talis
962 4999 1281 5069 tantusque?
1308 5000 1358 5052 in
1381 5000 1657 5070 proposito

76 5094 210 5150 enim
237 5095 366 5149 Inibi
389 5103 473 5151 est
498 5093 802 5158 ostendere,
828 5093 974 5146 illum
995 5093 1045 5145 in
1071 5099 1344 5162 peccatum
1368 5089 1651 5144 incidisse:

80 5201 345 5254 peccatum
373 5188 513 5252 dico,
545 5198 940 5241 non'acensans
962 5184 1188 5252 justum,
1217 5182 1311 5236 sed
1332 5181 1521 5236 salutis
1541 5197 1650 5235 tua-

76 5277 252 5331 tcriam
281 5292 608 5348 procurans,
638 5285 697 5331 ut
723 5291 843 5331 cum
873 5284 1086 5331 sanctos
1115 5275 1235 5329 illos
1264 5280 1546 5342 peceantes
1572 5272 1655 5327 vi-

77 5364 212 5421 deris
231 5410 246 5436 ,
276 5377 333 5423 et
364 5369 436 5423 de
466 5382 562 5421 sua
595 5366 766 5422 salute
796 5382 900 5421 non
927 5365 1307 5435 desperantes,
1334 5363 1428 5419 sed
1462 5363 1658 5419 divina:

78 5454 402 5528 benignitatis
432 5469 706 5531 compotes
751 5456 919 5517 factos
943 5499 960 5526 ,
993 5467 1046 5511 tu
1075 5442 1282 5512 etiamsi
1314 5471 1536 5526 pecces,
1572 5470 1659 5509 sa-

80 5545 231 5604 lutem
270 5549 553 5605 admodum
597 5565 804 5620 speres.
834 5547 965 5603 Cum
996 5547 1217 5602 dixisset
1243 5546 1458 5602 Jezabel
1481 5588 1497 5611 ,
1528 5545 1655 5600 Hice

79 5640 260 5706 faciant
299 5642 422 5697 mihi
447 5643 549 5710 dii,
586 5651 632 5698 et
659 5644 766 5696 hate
789 5640 1013 5706 addunt,
1058 5640 1156 5695 nisi
1178 5654 1300 5693 eras
1325 5654 1515 5709 ponam
1543 5638 1658 5691 ani-

75 5776 205 5890 mum)
232 5778 557 5894 mquadam
578 5779 785 5831 deerant
807 5780 854 5830 in
880 5777 1062 5840 Morel”
1088 5790 1197 5844 quae
1224 5789 1287 5829 ex
1303 5784 1410 5830 Mss.
1438 5784 1492 5829 et
1508 5775 1647 5831 savii.

173 5855 229 5892 ua
340 5873 354 5891 .

173 5855 354 5892 uamur.

1198 400 1205 405 ’
1263 381 1327 436 IN
1368 382 1463 438 SS.
1508 380 1790 444 I’ETRUM
1831 381 1921 442 ET
1961 387 2243 447 HELIAM.

3278 411 3383 468 73$

1794 516 1930 555 mam
1955 509 2118 571 tuam,
2148 514 2204 559 ut
2223 505 2448 562 animam
2474 511 2626 565 unius
2649 527 2714 566 ea:
2737 513 2862 584 ipsis
2888 516 2965 587 (5.
2997 516 3122 591 Reg.
3154 520 3239 578 19.
3267 524 3304 579 ‘2
3327 533 3382 593 ),

1789 595 1989 649 audivit
2019 595 2197 652 Helias
2214 639 2230 665 ,
2263 608 2317 654 et
2342 600 2473 672 fugit
2498 603 2689 662 itinere
2710 606 2918 664 dierum
2945 612 3314 684 quadraginta.
3342 620 3385 672 0

1790 684 1996 778 timoris
2044 693 2353 747 excessum!
2398 693 2638 751 mulieris
2676 711 2863 754 vocem
2899 702 3128 768 audivit,
3165 715 3218 760 et
3253 723 3383 778 qua-

1787 775 2027 848 draginta
2050 780 2257 835 dierum
2285 785 2459 854 spatio
2485 785 2617 858 fugit
2649 806 2664 843 :
2696 805 2801 845 non
2834 807 2938 848 uno
2964 794 3051 850 die
3070 838 3084 863 ,
3110 814 3216 853 nun
3241 775 3382 854 duo-

1788 870 1915 937 bus,
1969 889 2074 927 non
2121 875 2321 944 tribus;
2364 878 2459 934 sed
2496 895 2617 935 cum
2660 884 2890 952 primum
2927 888 3165 945 mulieris
3201 907 3381 949 sermo

1785 965 1933 1019 venit
1957 966 2024 1020 ad
2052 968 2391 1038 prophetam,
2417 989 2524 1041 pne
2561 986 2704 1031 metu
2731 980 2978 1036 nesciens
3003 983 3128 1052 quid
3155 997 3376 1057 ageret,

1786 1062 1984 1149 utinam
2012 1056 2187 1130 fugam
2215 1061 2359 1116 fecit.
2389 1064 2525 1130 Quid
2549 1067 2650 1123 hoc
2678 1061 2780 1137 est,
2813 1071 3001 1129 Helia?
3033 1088 3160 1133 tune
3184 1079 3272 1137 ille
3290 1096 3376 1149 es,

1783 1147 1874 1242 qui
1900 1150 2090 1234 caelum
2120 1153 2356 1209 clausisti
2380 1198 2392 1221 ,
2420 1157 2646 1225 pluviam
2677 1160 2912 1230 frenasti,
2941 1168 3051 1222 aeri
3078 1147 3374 1242 imperasti,

1782 1240 1958 1309 ignem
1999 1259 2066 1299 ex
2103 1245 2211 1301 alto
2232 1250 2501 1318 evocasti,
2535 1254 2844 1310 sacerdotes
2869 1240 3202 1326 interfecisti,
3260 1267 3374 1335 regi

1782 1332 1969 1388 Achab
2003 1335 2217 1401 dixisti,
2250 1337 2329 1393 Tu
2353 1355 2407 1394 es
2430 1343 2517 1411 qui
2544 1345 2793 1401 subvertis
2817 1346 3059 1405 Israelem
3079 1392 3095 1417 ,
3123 1362 3170 1408 et
3194 1332 3374 1412 domus

1782 1424 1942 1491 patris
1972 1426 2046 1479 tui
2073 1428 2146 1498 (3.
2171 1428 2301 1499 Reg.
2327 1431 2414 1485 i8.
2441 1434 2527 1487 17.
2582 1444 2637 1491 et
2677 1436 2781 1510 18)
2812 1454 2827 1504 ;
2895 1442 2984 1510 qui
3005 1442 3208 1508 dixisti,
3241 1444 3378 1502 Vicit

1782 1512 2053 1584 Dominus,
2094 1519 2139 1572 si
2185 1520 2280 1574 erit
2319 1522 2523 1592 pluvia,
2576 1527 2677 1581 nisi
2724 1545 2814 1598 per
2867 1547 2925 1585 os
2978 1549 3199 1603 meum;
3280 1539 3372 1609 qui

1783 1607 1960 1664 viduae
2002 1610 2216 1667 domum
2249 1630 2426 1670 aream
2468 1628 2524 1674 et
2561 1622 2952 1692 manipulorum
2995 1628 3202 1698 copiam
3241 1607 3375 1688 elfeo

1779 1699 1897 1754 cisti
1921 1702 2061 1777 ,[qui
2101 1704 2381 1761 elementis
2427 1708 2774 1780 imperavisti,
2806 1731 3111 1774 sermonem
3134 1725 3376 1778 meretri-

1779 1790 1857 1844 cis
1886 1793 2137 1848 audivisti
2168 1806 2221 1850 et
2250 1795 2446 1868 fugisti,
2477 1809 2529 1854 et
2553 1817 2656 1858 una
2690 1804 2882 1860 mulier
2912 1815 2963 1862 te
2983 1811 3248 1878 captivum
3270 1814 3370 1869 ab-

1779 1880 1971 1936 ducit?
2000 1884 2141 1939 Duas
2169 1901 2320 1953 arces
2353 1891 2668 1964 (Ecclesiae)
2699 1911 2798 1947 una
2833 1895 2990 1966 fregit
3014 1901 3322 1958 muliercula
3354 1922 3369 1958 ε

1777 1972 1969 2030 Petrus
1998 1978 2228 2046 puellam
2255 1982 2456 2036 veritus
2483 1992 2585 2051 est,
2614 1995 2667 2040 et
2686 1987 2772 2042 ille
2793 1987 3036 2055 .lezabel;
3084 1992 3137 2046 in
3180 1994 3369 2051 eadem

1776 2080 1993 2138 peccata
2039 2072 2271 2142 prolapsi
2318 2085 2462 2130 sunt.
2512 2076 2580 2131 Et
2618 2077 2949 2148 fugitllelias
2975 2084 3112 2138 viam
3134 2086 3365 2155 quadra-

1777 2161 1919 2231 ginta
1948 2162 2176 2219 dierum.
2208 2165 2308 2222 Ubi
2337 2176 2421 2222 est
2444 2169 2588 2223 zelus
2612 2178 2755 2235 tuus,
2786 2172 2957 2238 Helia,
2986 2176 3199 2244 quando
3220 2178 3371 2235 dice-

1776 2255 1872 2310 bas
1891 2296 1906 2320 ,
1956 2255 2087 2311 Vivit
2120 2257 2387 2328 Dominus,
2419 2262 2465 2315 si
2488 2262 2582 2316 erit
2618 2263 2809 2333 pluvia,
2839 2266 2937 2319 nisi
2963 2284 3052 2337 per
3076 2284 3132 2322 os
3157 2286 3322 2324 meum
3342 2273 3369 2327 ἒ

1775 2348 1987 2417 quando
2013 2349 2199 2405 Achab
2226 2368 2401 2422 regem
2432 2354 2769 2424 vituperabas
2787 2353 3238 2428 ,]quandoignem
3267 2376 3360 2415 vo-

1774 2440 1907 2495 casti
1937 2439 2058 2512 (a)?
2124 2441 2290 2498 Tanta
2333 2456 2616 2513 operatus,
2650 2457 2702 2500 et
2730 2447 2967 2503 mulieris
2995 2450 3152 2504 unius
3183 2465 3366 2507 vocem

1776 2547 1881 2586 non
1913 2534 2113 2590 tulisti?
2149 2533 2250 2591 Ubi
2270 2544 2353 2590 est
2376 2537 2463 2591 illa
2489 2546 2577 2593 tua
2598 2541 2916 2605 constantia,
2939 2556 3061 2596 cum
3086 2543 3366 2601 Dominum

1775 2642 1967 2698 rogare
2009 2628 2227 2683 noluisti
2251 2671 2266 2695 ,
2296 2639 2354 2684 ut
2385 2630 2613 2700 pluviam
2645 2633 2799 2686 daret
2831 2634 3031 2689 terras?
3056 2635 3199 2691 clare
3223 2638 3365 2692 enim
3442 2660 3443 2663 η

1773 2719 2142 2775 subindicabat
2161 2721 2277 2789 tibi,
2300 2736 2364 2776 ac
2391 2724 2436 2776 si
2463 2722 2665 2778 diceret
2689 2743 2700 2777 :
2728 2724 2873 2795 Roga
2905 2740 3001 2795 pro
3024 2726 3220 2797 pluvia,
3246 2729 3368 2788 licet

1772 2825 1871 2881 ego
1897 2812 2012 2865 sine
2039 2821 2091 2868 te
2114 2812 2242 2866 dare
2269 2814 2487 2881 possim,
2517 2814 2613 2870 sed
2638 2816 2802 2882 nolui,
2834 2826 2889 2871 ut
2915 2818 3362 2888 quemadmodum

1771 2902 2034 2956 malorum
2080 2904 2397 2981 conciliator
2436 2903 2620 2970 fuisti,
2669 2907 2743 2961 ita
2781 2917 2835 2962 et
2883 2907 3144 2963 bonorum
3176 2909 3281 2964 dux
3310 2920 3367 2966 et

1770 3003 1956 3048 auctor
1997 2994 2091 3048 sis.
2136 2994 2330 3051 Fecisti
2372 2996 2552 3063 enim,
2598 2995 2780 3061 Helia,
2825 3013 2938 3052 rem
2978 2999 3365 3057 inhumanitate

1770 3083 1981 3153 plenam
2005 3099 2019 3149 ;
2053 3083 2193 3139 Deus
2220 3099 2346 3139 vero
2374 3099 2440 3140 ex
2472 3086 2776 3165 calamitate
2802 3088 3166 3144 misericordia
3189 3101 3364 3146 motus

1771 3190 1907 3245 erat,
1929 3183 2051 3251 quia
2075 3180 2312 3239 omnium
2337 3182 2449 3259 ipse
2469 3191 2679 3237 creator
2704 3193 2758 3238 et
2783 3182 2958 3254 opifex
2981 3192 3093 3249 est;
3124 3185 3364 3242 onmium

1770 3272 1968 3344 pariter
2003 3281 2218 3328 curator
2258 3281 2376 3340 est,
2422 3273 2691 3343 voluitque
2734 3273 3171 3330 inhumanitatem
3219 3284 3363 3332 tuam

1770 3364 2051 3427 emollire,
2104 3373 2160 3418 et
2202 3373 2257 3418 tu
2304 3365 2356 3417 in
2395 3364 2485 3418 illa
2534 3365 2936 3433 perseverabas.
2973 3366 3192 3421 Dicebat
3216 3367 3316 3422 tibi
3342 3408 3360 3434 ,
3420 3416 3427 3424 .

1768 3457 1900 3513 Novi
1930 3457 2287 3511 calamitatem
2316 3472 2435 3526 qua:
2459 3456 2689 3519 accidit,
2739 3457 2860 3511 novi
2910 3467 3136 3512 matrum
3183 3457 3359 3526 ﬂetus,

1770 3550 1892 3603 novi
1940 3562 2227 3618 puerorum
2274 3547 2508 3601 ululatus
2538 3563 2551 3600 :
2584 3547 2737 3602 video
2768 3555 2964 3601 terram
2989 3588 3003 3609 ,
3033 3562 3190 3617 quam
3222 3548 3319 3603 feci
3344 3589 3360 3615 ,

1767 3640 1996 3695 deletam
2021 3678 2037 3705 ,
2085 3645 2145 3692 et
2188 3638 2310 3692 volo
2347 3637 2574 3707 benigne
2602 3652 2724 3691 cum
2753 3636 2840 3690 illa
2866 3652 3064 3706 agere;
3096 3638 3190 3693 sed
3234 3639 3364 3694 nolo

1767 3740 1944 3785 tamen
1975 3738 2027 3784 te
2055 3728 2254 3798 probro
2294 3727 2511 3782 afﬁcere
2535 3770 2550 3792 ,
2603 3742 2774 3796 neque
2804 3730 2919 3781 sine
2950 3737 3040 3780 tuo
3066 3735 3199 3782 nutu
3244 3729 3362 3798 plu-

1765 3824 1905 3877 viam
1952 3822 2171 3876 mittere
2192 3860 2208 3886 ,
2241 3834 2310 3875 ne
2334 3819 2599 3874 malorum
2640 3827 2698 3872 tu
2733 3832 2895 3873 causa
2944 3818 3020 3873 sis
3042 3859 3058 3883 ,
3092 3817 3359 3879 bonorum

1768 3930 1899 3971 vero
1943 3929 2049 3969 non
2089 3914 2257 3978 item;
2308 3912 2402 3967 sed
2443 3911 2571 3966 tein
2600 3910 2805 3965 honore
2848 3910 3041 3965 habeo.
3069 3911 3113 3965 Ο
3146 3912 3357 3968 Domini

1765 4008 2148 4063 humanitatem
2216 4004 2589 4062 benevolentia
2658 4018 2783 4073 erga
2845 4017 3063 4057 servum
3131 4018 3359 4074 supera.

1766 4111 1870 4155 tam
1902 4098 2012 4170 (b)!
2045 4097 2225 4152 Helias
2256 4106 2434 4151 tamen
2478 4094 2659 4149 multa:
2683 4102 2801 4149 erat
2826 4094 3142 4163 arrogantia:
3163 4135 3177 4159 ,
3207 4096 3358 4165 quasi

1764 4191 2126 4264 impeccahilis
2159 4207 2173 4245 :
2202 4204 2346 4246 nunc
2366 4197 2550 4242 autem
2581 4188 2632 4241 in
2662 4195 2939 4256 peccatum
2972 4187 3153 4255 lapsus
3176 4199 3359 4242 esten.

1762 4300 1854 4341 sus
1887 4294 2002 4351 est,
2042 4284 2155 4338 Deo
2197 4281 2538 4352 permittente
2563 4294 2626 4333 ac
2652 4278 2970 4348 providente
2991 4319 3005 4343 ,
3042 4288 3099 4333 ut
3126 4278 3358 4333 humane

1764 4379 1975 4433 habitus
2000 4419 2014 4441 ,
2047 4391 2169 4447 erga
2213 4374 2348 4429 alios
2377 4382 2431 4427 et
2460 4373 2574 4444 ipse
2603 4389 2706 4425 non
2738 4370 3060 4424 inhumanus
3089 4379 3253 4425 esset.
3287 4369 3356 4423 Et

1761 4473 1912 4544 fugit,
1945 4469 2137 4540 inquit,
2168 4467 2348 4522 Helias
2371 4467 2504 4520 viam
2527 4466 2722 4519 dierum
2755 4464 3092 4536 quadraginta
3118 4465 3192 4536 (5.
3220 4462 3349 4535 Reg.

1762 4564 1853 4620 i9.
1871 4560 1956 4632 8).
1986 4561 2213 4618 Ubinam
2243 4568 2363 4614 sunt
2392 4558 2480 4612 illa
2503 4558 2686 4621 verba,
2710 4572 2827 4624 quae
2854 4570 2972 4610 cum
3003 4554 3069 4609 ad
3094 4556 3357 4625 quinqua-

1761 4658 2007 4730 genarius
2031 4656 2274 4722 dixisset,
2306 4651 2581 4709 descendit
2612 4649 2767 4719 ignis,
2792 4656 2846 4703 et
2872 4648 2993 4703 illos
3023 4649 3351 4704 combussit?

1761 4754 1890 4808 Cum
1919 4753 2080 4822 igitur
2108 4749 2384 4805 declarare
2429 4744 2592 4797 vellet
2635 4742 2773 4796 Dens
2796 4781 2811 4806 ,
2853 4739 3073 4810 quando
3099 4741 3352 4800 miracula

1762 4848 1875 4917 ipsa
1924 4848 2115 4901 tierent
2138 4887 2152 4911 ,
2198 4857 2307 4897 non
2350 4839 2562 4894 Heliam
2588 4878 2602 4899 ,
2630 4836 2733 4891 sed
2763 4836 2857 4891 Dei
2886 4838 3133 4889 virtutem
3160 4835 3249 4889 illa
3275 4833 3355 4889 fec

1761 4941 1928 5005 cisse,
1974 4938 2096 4992 vide
2137 4934 2262 5006 quid
2304 4932 2481 4993 faciat.
2512 4931 2628 5001 Quo
2661 4939 2902 4999 tempore
2929 4928 3069 4982 Deus
3098 4927 3355 4996 opemho-

1764 5042 1848 5087 tur
1870 5074 1886 5095 ,
1927 5045 2081 5101 reges
2105 5069 2118 5092 ,
2150 5026 2417 5098 principes
2446 5033 2500 5079 et
2530 5022 2708 5092 populi
2737 5020 2997 5075 cadebant
3021 5037 3036 5084 ;
3068 5035 3187 5073 cum
3217 5032 3349 5071 vero

1762 5128 1903 5181 Deus
1929 5123 2206 5183 abscessit,
2237 5119 2317 5174 vel
2347 5118 2535 5173 mulier
2564 5114 2815 5169 terribilis
2840 5114 2951 5166 visa
2979 5120 3062 5166 est
3094 5129 3109 5166 :
3139 5110 3353 5163 shsces.

1761 5218 1827 5273 sit
1861 5217 1999 5271 Deus
2023 5256 2038 5280 ,
2079 5221 2133 5268 et
2172 5212 2399 5265 humana
2445 5217 2633 5262 natura
2678 5209 2924 5273 superata
2956 5210 3066 5257 est.
3104 5201 3349 5256 Attamen

1761 5326 1882 5368 cum
1912 5307 2133 5378 fugisset
2158 5304 2337 5361 Helias
2362 5302 2551 5358 diebus
2580 5296 2947 5369 quadraginta,
2977 5292 3119 5345 venit
3146 5290 3353 5348 dormi.

1762 5406 1942 5477 vitque
1966 5400 2195 5474 quodam
2225 5399 2279 5454 in
2312 5396 2467 5462 loco,
2496 5391 2745 5462 venitque
2772 5388 2839 5443 ad
2867 5387 3013 5441 illum
3046 5384 3214 5448 Dens,
3251 5381 3355 5438 Do.

1823 5649 1897 5713 (α)
1928 5590 2562 5713 Quasuneinlselauduntalr
2593 5648 2623 5685 a
2659 5628 3053 5683 Montef..omissa
3098 5629 3229 5683 sunt,
3271 5619 3359 5670 bitt

1762 5705 1891 5764 vero
1908 5705 2133 5759 e‘savilio
2153 5705 2400 5755 restituta.
2422 5761 2431 5764 Α
2570 5759 2584 5764 _
2747 5761 2754 5764 Α
3023 5751 3034 5764 ,
3056 5763 3061 5764 ί
3100 5762 3107 5764 ξ
3130 5761 3143 5764 Α
3168 5745 3316 5764 mu“

1825 5751 1899 5837 ὦ)
1910 5751 2016 5821 νΗῖ
2029 5751 2269 5819 ὗῖίιόἑέι.
2284 5751 2535 5837 quaedam.
2555 5759 2998 5837 de_egt_,_neenon
3021 5751 3072 5802 in
3093 5751 3347 5812 seiptenu.

1763 5822 2008 5898 bui'qua:
2030 5845 2095 5884 ex
2118 5837 2222 5882 Mss.
2250 5833 2302 5880 et
2312 5822 2392 5877 "ex
2415 5822 2556 5876 savii.
2584 5823 2828 5874 sarsimus.
