3858 6280
447 438 549 493 755

447 553 625 607 minus
650 550 716 606 ad
746 564 995 614 servum;
1042 547 1129 602 ille
1151 546 1422 616 ,ginquam
1447 583 1463 611 ,
1506 551 1722 599 curator
1757 552 1811 596 et
1846 555 2036 597 amans

452 645 723 698 hominum
757 660 771 695 :
799 651 855 696 et
881 640 1008 710 quid
1033 640 1151 694 ait?
1175 652 1371 709 gnarus
1396 636 1609 706 quidem
1639 649 1741 705 qua
1772 632 1839 688 de
1874 646 2033 687 causa

447 738 583 790 istuc
606 735 855 799 venisset,
874 741 1108 786 attamen
1129 730 1463 785 sciscitatur:
1489 727 1626 795 Quid
1647 737 1699 781 tu
1717 727 1820 792 hic,
1848 724 2037 780 Helia?

447 827 570 896 quid
591 827 671 878 In'c
692 826 801 895 agis
824 824 841 895 (
884 825 971 881 Ib.
994 827 1048 882 9.
1085 842 1194 895 sqq.
1227 827 1246 897 )
1287 822 1312 874 ‘t
1332 819 1674 875 subindieans
1693 816 1810 887 ejus
1837 815 2031 887 fugam,

454 933 516 970 ac
546 919 589 971 si
612 916 815 970 diceret
846 933 860 967 :
896 913 1095 984 Fugisti
1123 930 1137 966 :
1170 913 1258 967 ubi
1288 921 1371 967 est
1399 910 1487 965 illa
1517 908 1745 964 ﬁducia?
1771 907 1838 963 Ut
1861 906 2036 962 discas

450 1007 655 1061 viribus
683 1007 786 1060 tuis
810 1022 916 1060 non
943 1004 1234 1059 confidere.
1280 1002 1417 1069 Quid
1447 1012 1501 1055 tu
1535 1002 1616 1055 hic
1638 1042 1654 1067 ,
1700 1000 1888 1054 Helia?
1912 998 2035 1068 quid

448 1098 530 1150 hic
565 1097 725 1168 agis?
752 1093 1049 1164 Respondit
1070 1105 1245 1147 tamen
1274 1092 1452 1148 llelias
1474 1134 1490 1158 ,
1518 1093 1621 1146 alia
1651 1091 1703 1145 in
1733 1099 1913 1145 mente
1942 1088 2037 1145 Ita-

446 1188 578 1242 bens
600 1227 617 1252 ,
643 1196 700 1241 et
719 1187 819 1240 alia
859 1186 1063 1239 dicens.
1090 1183 1226 1251 Quid
1265 1183 1424 1252 igitur
1451 1181 1516 1236 ad
1545 1181 1661 1236 inec
1692 1180 1902 1236 ilelias?
1924 1178 2033 1233 Do-

450 1278 605 1343 mine,
635 1278 905 1355 protiltetas
935 1286 1044 1329 tuos
1069 1274 1358 1330 occiderunt
1380 1315 1393 1335 ,
1421 1282 1467 1327 et
1493 1272 1678 1326 altaria
1704 1282 1788 1324 tua
1813 1268 2035 1336 suffode-

445 1378 562 1423 ruut
589 1386 608 1422 :
637 1378 683 1422 et
722 1384 813 1438 ego
863 1367 1071 1420 relictus
1116 1382 1229 1418 sunt
1269 1365 1441 1425 solus,
1468 1372 1514 1415 et
1542 1371 1772 1431 quierunt
1812 1361 2034 1413 animant

448 1474 610 1512 meam
638 1499 653 1521 ,
684 1470 738 1511 ut
769 1459 1007 1528 auferant
1050 1472 1181 1509 eam.
1224 1453 1361 1521 Quid
1391 1453 1548 1522 igitur
1575 1452 1640 1506 ad
1671 1452 1819 1506 illum
1852 1450 2033 1506 Dens?

448 1549 629 1604 statim
665 1549 813 1603 illum
844 1547 1132 1617 redarguit.
1169 1544 1284 1599 Non
1316 1543 1436 1598 ideo
1466 1543 1670 1614 fugisti,
1695 1543 1864 1612 inquit
1885 1583 1899 1606 ,
1932 1542 2035 1597 lle-

448 1640 556 1701 lia;
602 1654 704 1692 non
750 1639 889 1693 enim
932 1646 985 1692 tu
1030 1637 1173 1692 solus
1200 1651 1292 1701 es,
1318 1636 1411 1705 qui
1449 1650 1554 1688 non
1601 1634 1835 1689 adorasti
1867 1633 2031 1688 Baal:

452 1729 577 1783 hinc
604 1730 752 1782 illttm
780 1728 1102 1798 redarguens
1133 1727 1408 1797 subjungit
1432 1743 1444 1779 :
1471 1726 1673 1795 Reliqui
1701 1722 1827 1779 mihi
1848 1736 2034 1795 septent

452 1824 614 1877 millia
644 1824 883 1883 uirorum,
912 1821 998 1888 qui
1020 1837 1120 1873 non
1136 1828 1461 1873 curvaverant
1479 1834 1608 1890 genu
1630 1828 1747 1872 ante
1763 1816 1895 1872 Baal
1926 1816 2031 1887 (Ib.

447 1930 496 1968 υ.
532 1911 644 1984 i8.)
679 1913 967 1982 licdarguit
988 1912 1144 1981 igitur
1167 1911 1335 1974 illum,
1367 1910 1509 1980 quod
1534 1924 1639 1964 non
1667 1924 1785 1964 eam
1813 1908 1883 1963 ob
1908 1923 2035 1963 cau-

451 2021 564 2058 sam
592 2003 834 2074 fugisset,
864 2002 956 2057 sed
988 2001 1227 2057 mulieris
1252 2009 1394 2055 metu
1424 2009 1701 2068 correptus
1727 1999 1766 2051 ¹.
1799 1997 1887 2053 Sic
1913 2013 2033 2051 nnt—

448 2099 549 2152 lier
575 2111 677 2150 una
709 2096 867 2150 talem
896 2105 1207 2163 tantumque
1227 2093 1400 2147 virum
1427 2090 1702 2161 fugitivum
1731 2087 1908 2145 eli‘ecit
1927 2129 1943 2154 ,
1977 2097 2033 2142 ut

448 2187 645 2251 discas,
676 2185 849 2250 Helia,
879 2200 999 2239 cum
1029 2182 1231 2253 aliquid
1260 2181 1572 2237 admirabile
1594 2179 1784 2235 feceris
1803 2220 1818 2245 ,
1846 2178 1899 2233 id
1926 2192 2031 2233 non

446 2277 538 2329 tibi
560 2273 966 2330 adscribendum
992 2288 1111 2327 esse
1135 2273 1180 2339 ‘,
1203 2271 1298 2326 sed
1327 2270 1416 2325 Dei
1448 2269 1654 2324 virtuti.
1681 2267 1867 2323 Vidisti
1892 2282 2028 2337 quo-

447 2365 617 2419 modo
637 2364 944 2419 discedente
979 2363 1147 2434 gratia
1173 2402 1189 2427 ,
1227 2369 1476 2431 superata
1509 2360 1581 2415 sit
1622 2357 1850 2414 natura?
1876 2356 2032 2430 Fugit

452 2455 631 2531 Helias
653 2456 829 2509 itinere
846 2455 1041 2508 dierum
1061 2454 1420 2527 quadraginta.
1442 2452 1487 2507 Ο
1509 2446 1750 2507 timorem
1774 2451 1991 2506 nimium
2013 2450 2028 2504 ι

449 2562 483 2602 o
512 2546 812 2601 formidinis
840 2545 1260 2601 vehementiam!
1292 2560 1396 2599 non
1422 2557 1532 2599 uno
1551 2585 1567 2609 ,
1596 2552 1690 2598 aut
1714 2543 1883 2597 altero
1904 2583 1919 2609 ,
1941 2548 2033 2596 aut

450 2638 607 2694 tertio
630 2679 646 2705 ,
692 2637 784 2693 sed
832 2636 1180 2707 quadraginta
1219 2635 1408 2691 diebus
1447 2635 1611 2705 fugit,
1641 2641 1696 2690 et
1720 2633 1787 2688 ad
1812 2632 2031 2687 omnino

449 2732 713 2786 desertam
753 2729 1028 2800 regionem
1068 2744 1129 2784 se
1158 2728 1410 2796 contulit,
1450 2742 1558 2782 non
1597 2726 1750 2793 cibo,
1794 2741 1902 2783 non
1927 2723 2028 2779 ali-

448 2830 632 2876 mento
669 2821 916 2892 quopiam
944 2819 1237 2875 instructus
1264 2837 1277 2875 :
1302 2828 1446 2874 metu
1475 2817 1671 2888 quippe
1706 2817 1885 2873 ebrius
1915 2815 2030 2871 inec

446 2927 553 2966 non
575 2912 834 2975 curabat,
863 2911 956 2967 sed
983 2911 1194 2966 deserta
1233 2910 1351 2965 loca
1378 2910 1702 2966 sectabatur.
1727 2909 2026 2980 ingressum

451 3012 535 3058 est
562 3004 799 3058 mulieris
828 3004 1046 3058 verbum
1077 3003 1130 3057 in
1160 3004 1492 3073 prophetam,
1521 3011 1576 3058 et
1595 3001 1745 3074 quasi
1765 3000 2028 3073 zephyrus

442 3096 787 3152 vehementer
822 3096 875 3150 in
908 3097 1087 3152 velum
1123 3093 1342 3152 sufﬂans
1378 3095 1646 3165 navigium
1678 3110 1801 3151 eum
1826 3094 2025 3165 impetu

1281 430 1338 488 ε.
1371 428 1647 487 JOANNIS
1669 424 2141 484 CIillYSOSTOMl
2167 425 2483 482 ARCHIEP.
2523 424 3057 482 CONSTANTINOP.
3645 429 3736 486 756

2139 542 2484 607 transmittit;
2538 541 2618 597 sic
2654 540 2878 596 verbum
2926 540 3165 596 mulleris
3195 540 3248 595 in
3286 540 3620 613 prophetam
3660 544 3731 598 in-

2136 645 2414 701 gressum,
2465 631 2613 686 illum
2660 645 2782 685 cum
2829 631 3031 701 impetu
3071 631 3120 684 in
3156 631 3432 688 desertum
3478 635 3732 702 eonjecit.
3810 616 3811 625 ‘

2141 721 2394 789 Ubinam,
2422 721 2572 778 Helia
2594 763 2611 790 ,
2635 722 2721 777 illa
2747 732 2833 776 tua
2858 722 3111 792 loquendi
3134 723 3393 779 libertas?
3428 723 3658 779 ubinam
3682 741 3735 779 os

2140 815 2268 870 illud
2296 814 2561 869 terribile?
2588 813 2677 868 ubi
2703 813 2882 884 lingua
2910 813 2998 868 illa
3022 815 3268 869 imbrium
3290 814 3735 885 suppeditati-ix?

2138 907 2227 963 ubi
2250 905 2358 972 ille,
2382 905 2473 974 qui
2503 905 2741 976 utrisque
2768 905 3049 961 elementis
3075 905 3420 976 prtecipiebat
3439 949 3456 973 ,
3489 917 3547 962 et
3581 908 3735 962 modo

2138 1000 2327 1053 exulum
2365 997 2686 1065 claudebat,
2717 997 2878 1054 modo
2930 999 3106 1069 ignem
3152 998 3406 1053 evocabat
3434 999 3504 1053 ad
3527 1001 3735 1055 sacriﬁ-

2137 1092 2321 1147 cium?
2343 1093 2626 1155 Attamen,
2676 1101 2732 1146 ut
2755 1089 2900 1155 dixi,
2930 1090 3046 1145 haec
3069 1088 3296 1145 faciebat
3323 1099 3595 1161 operante
3621 1107 3733 1161 gra-

2140 1183 2209 1236 tia
2230 1198 2246 1248 ;
2264 1181 2611 1253 quamobrem
2633 1196 2663 1235 a
2688 1183 2796 1236 Deo
2822 1180 3176 1251 rcdarguitur.
3201 1180 3361 1237 Vides
3381 1182 3671 1252 quomodo
3689 1181 3733 1235 in

2139 1284 2412 1345 peccatum
2440 1274 2566 1328 illud
2598 1274 2845 1345 exiguum
2875 1273 3069 1330 cadere
3099 1275 3391 1344 permissus
3420 1274 3536 1339 sit,
3568 1282 3630 1328 ut
3659 1275 3731 1328 in-

2140 1376 2290 1437 tegro
2315 1367 2656 1437 benignitatis
2692 1367 2888 1420 amictu
2914 1380 2972 1421 se
2992 1364 3273 1421 indueret?
3313 1366 3545 1420 Demuin
3572 1406 3591 1432 ,
3635 1365 3732 1420 Be-

2139 1457 2231 1523 lia,
2263 1457 2507 1512 eruditus
2535 1472 2629 1523 es;
2659 1466 2776 1511 esto
2810 1456 3069 1533 benignus
3101 1457 3238 1511 sicut
3278 1456 3543 1512 Dominus
3573 1466 3729 1525 tuus,

2140 1558 2199 1604 ιιι
2223 1549 2461 1603 eruditus
2485 1562 2564 1612 es,
2599 1558 2658 1602 ut
2681 1547 2909 1602 didicisti
2931 1562 2959 1600 a
2986 1547 3211 1603 Domino
3241 1554 3351 1601 tuo.
3377 1546 3575 1604 Vidisti
3604 1563 3731 1618 quo-

2138 1638 2298 1694 mudo
2337 1637 2638 1709 permiserit
2679 1638 2818 1693 Deus
2858 1636 2912 1692 in
2947 1636 3193 1707 exiguum
3229 1645 3508 1708 peccatum
3541 1638 3730 1693 cadere

2138 1732 2417 1787 columnas
2442 1731 2581 1795 illas,
2612 1729 3028 1801 propugnacula,
3051 1728 3264 1784 turres?
3284 1743 3353 1784 ne
3376 1728 3423 1782 si
3454 1730 3684 1784 omnino
3704 1745 3730 1785 ι

2138 1825 2373 1894 peccatis
2401 1833 2655 1893 expertes
2682 1831 2866 1877 essent
2886 1862 2901 1889 ,
2935 1835 3125 1876 omnes
3148 1821 3216 1876 ab
3241 1821 3486 1878 Ecclesia
3516 1822 3730 1877 exscin-

2136 1915 2359 1978 derent;
2394 1922 2590 1969 utcum
2635 1913 2868 1983 aliquem
2912 1922 3218 1983 peccantem
3256 1911 3494 1967 viderint
3518 1954 3538 1978 ,
3576 1922 3731 1983 atque

2136 2004 2204 2059 ad
2254 2003 2406 2058 illum
2446 2006 2564 2060 sine
2608 2002 2973 2059 misericordia
3017 2002 3388 2072 excipiendum
3422 2004 3589 2073 proni
3626 2003 3731 2060 fue-

2136 2096 2262 2162 rint,
2291 2095 2642 2151 recordentur
2668 2095 2873 2166 peccati
2888 2095 2990 2158 sui,
3015 2104 3068 2150 et
3094 2094 3337 2149 eamdem
3362 2095 3413 2150 ei
3439 2106 3731 2151 exerceant

2136 2187 2541 2258 benignitatem,
2562 2202 2720 2256 quam
2741 2195 2795 2241 et
2817 2187 2913 2255 ipsi
2938 2184 3251 2257 consequuti
3273 2194 3395 2240 sunt
3419 2202 3452 2240 a
3478 2186 3727 2241 Domino.

2136 2276 2262 2333 Hzec
2280 2277 2532 2339 diximus,
2561 2291 2669 2330 non
2697 2285 2755 2330 ut
2768 2275 2944 2346 justos
2968 2276 3086 2330 illos
3113 2290 3509 2343 accusaremus,
3548 2278 3649 2334 sed
3676 2286 3727 2334 ut

2136 2368 2288 2423 vobis
2312 2369 2453 2423 viam
2491 2366 2679 2424 salutis
2718 2381 3177 2437 pra-pararemus;
3222 2376 3280 2421 ut
3312 2383 3438 2423 cum
3467 2383 3728 2438 peccave-

2135 2458 2276 2528 ritis,
2306 2474 2375 2514 ne
2399 2458 2692 2530 desperetis
2717 2457 2783 2514 de
2812 2458 2981 2513 salute
3010 2467 3186 2512 vestra
3204 2499 3219 2524 ,
3260 2473 3535 2514 memores
3556 2461 3728 2528 justo-

2136 2567 2255 2608 rum
2304 2551 2515 2606 illorum
2542 2592 2558 2615 ,
2603 2550 2693 2622 qui
2722 2550 2856 2621 lapsi
2895 2559 3050 2617 sunt,
3082 2559 3135 2605 et
3158 2566 3251 2620 per
3272 2552 3650 2621 paenitentiam
3678 2551 3724 2608 in

2134 2643 2325 2699 eodem
2354 2657 2456 2699 nec
2476 2643 2756 2698 imminuto
2782 2640 3001 2697 honoris
3020 2641 3187 2712 gradu
3214 2651 3553 2696 manserunt.
3584 2643 3728 2699 Dixi—

2134 2751 2255 2791 mus
2305 2736 2477 2805 primo
2516 2734 2726 2789 illorum
2768 2734 3021 2798 virtutes;
3062 2740 3119 2788 et
3157 2733 3350 2788 deinde
3383 2718 3612 2804 peccata
3652 2734 3729 2789 in-

2132 2830 2397 2885 duximus.
2424 2829 2489 2885 Et
2518 2837 2571 2882 tu
2602 2827 2762 2897 igitur
2789 2826 2833 2882 si
2875 2835 3125 2899 peccator
3149 2841 3229 2891 es,
3259 2841 3327 2882 ne
3351 2826 3502 2882 absis
3532 2825 3605 2880 ab
3632 2826 3729 2882 Eo-
3810 2812 3811 2819 “

2132 2923 2294 2978 clesia
2321 2938 2336 2989 ;
2370 2922 2414 2976 si
2440 2920 2636 2993 justus,
2669 2934 2738 2975 ne
2761 2919 2905 2975 absis
2930 2920 3086 2987 item,
3118 2928 3178 2974 ut
3202 2918 3608 2989 Scripturarum
3629 2935 3726 2976 no-

2132 3015 2303 3071 titiam
2349 3021 2665 3085 praesentem
2697 3012 2900 3069 habens
2920 3013 3095 3084 justus
3131 3027 3485 3083 permaneas,
3517 3027 3726 3068 memor

2130 3104 2281 3176 regni
2301 3105 2557 3162 caelorum
2580 3145 2596 3169 .
2628 3112 2683 3160 et
2720 3103 2981 3160 bonorum
3008 3144 3023 3171 ,
3066 3119 3187 3175 quas
3232 3103 3560 3185 praeparavit
3586 3103 3725 3159 Deus

2130 3195 2471 3267 diligentibus
2495 3211 2554 3251 se
2585 3212 2599 3249 :
2627 3196 2748 3266 quia
2776 3195 2949 3266 ipsum
2975 3193 3130 3250 decet
3153 3193 3324 3279 gloria
3344 3208 3471 3248 cum
3502 3193 3643 3250 Filio
3670 3201 3723 3252 et

2130 3296 2317 3342 sancto
2342 3287 2577 3357 Spiritu,
2609 3301 2751 3344 nunc
2776 3296 2832 3344 et
2861 3301 3077 3358 semper
3096 3329 3112 3353 ,
3156 3295 3208 3343 et
3238 3280 3291 3345 in
3320 3288 3520 3347 Stimula
3550 3301 3721 3345 sarcu-

2130 3379 2327 3438 iorttm.
2355 3382 2545 3439 Amen.

507 3272 610 3339 *"tn
626 3268 788 3339 sarit,
815 3268 929 3334 quia
1190 3268 1251 3320 ob
1289 3282 1487 3320 causam
1507 3267 1691 3334 fugisti,
1715 3266 1803 3321 sed
1826 3273 2025 3332 propter

441 3330 563 3382 muli
582 3330 661 3381 'ris
684 3329 860 3380 metunt
882 3329 1140 3381 recessisti.

507 3395 528 3426 ³
561 3391 726 3442 Morel.
750 3397 803 3441 et
825 3391 1037 3452 nomen,
1061 3399 1113 3444 ut
1136 3392 1420 3445 discas......
1436 3390 1490 3445 id
1513 3404 1607 3444 non
1626 3390 1716 3445 tibi
1727 3389 1967 3444 adscribe.

1403 4270 1502 4330 DE
1553 4271 1870 4334 HOMILIA
1911 4274 1993 4336 IN
2029 4275 2339 4337 BEATUM
2381 4276 2755 4341 ABRAHAM

520 4536 670 4594 lianc
709 4538 987 4594 homiliam
1028 4555 1136 4594 non
1161 4541 1320 4611 pauci
1361 4542 1504 4598 docti
1541 4545 1643 4599 viri
1671 4546 1829 4616 quasi
1858 4547 2125 4618 principio
2157 4558 2210 4602 et
2253 4550 2357 4604 line
2378 4549 2622 4604 mutilam
2652 4551 2892 4606 habuere
2926 4567 2941 4607 :
2969 4558 3023 4606 et
3049 4549 3270 4621 quidem
3293 4548 3442 4618 quod
3480 4548 3711 4605 antehac

448 4652 503 4705 in
531 4653 636 4707 fine
666 4670 772 4710 non
802 4657 991 4711 mutila
1010 4659 1191 4725 modo,
1226 4658 1319 4714 sed
1347 4659 1521 4715 media
1549 4660 1632 4716 sui
1662 4666 1812 4727 parte
1842 4669 2090 4714 truncata
2127 4658 2309 4721 fuerit,
2338 4658 2450 4728 jam
2485 4660 2842 4729 conspicuum
2873 4668 2977 4725 est,
3011 4660 3230 4730 quando
3254 4674 3375 4714 eam
3410 4674 3481 4714 ex
3518 4658 3706 4714 Manu-

447 4764 663 4833 seriptis
696 4767 1081 4836 Ottoboniano,
1115 4769 1453 4827 Coisliniano
1486 4780 1540 4827 et
1565 4771 1880 4827 Colbertino
1931 4788 2039 4827 uno
2073 4772 2339 4842 integram
2373 4772 2589 4829 damus.
2648 4771 2803 4839 Quod
2861 4782 3042 4829 autem
3078 4773 3232 4829 initio
3283 4773 3419 4827 nihil
3459 4787 3706 4844 unquam

448 4878 678 4935 defuerit
715 4897 838 4937 cum
873 4883 949 4940 illi
990 4884 1343 4958 Manuscripti
1382 4897 1435 4944 et
1473 4897 1584 4944 tres
1613 4888 1705 4944 alii
1745 4889 1997 4953 suadent,
2049 4890 2143 4959 qui
2175 4888 2318 4944 idem
2369 4889 2547 4958 ipsum
2576 4889 2907 4959 principium
2932 4889 3172 4946 efferunt
3196 4892 3316 4946 sine
3349 4891 3708 4954 discrimine;

447 5011 559 5055 tum
600 5002 767 5056 etiam
829 5001 1076 5059 ordiendi
1135 5006 1331 5063 modus
1380 5007 1773 5080 Chrysostomo
1826 5022 2029 5078 perqua

2138 5005 2427 5061 familiaris
2467 5027 2480 5064 :
2540 5007 2727 5063 Εῖδετε
2782 5007 2976 5061 πολιὰν
3024 5006 3346 5078 σφριγῶσαν
3387 5008 3485 5061 καὶ
3535 5009 3712 5078 γῆρας

443 5120 722 5192 ἀκμάζον;
764 5120 982 5178 Vidistis
1005 5124 1252 5178 canitiem
1285 5136 1536 5196 uegetam,
1571 5135 1618 5180 et
1649 5125 1902 5195 ﬂoridam
1932 5134 2247 5179 senectutem
2279 5127 2393 5182 fAt
2433 5126 2535 5181 hoc
2582 5124 2936 5196 principium,
2969 5124 3243 5195 inquiunt,
3277 5126 3382 5180 alia
3406 5136 3537 5183 ante
3567 5127 3703 5183 dicta

442 5240 716 5307 supponit.
777 5240 853 5293 ita
912 5255 1044 5296 sane
1073 5249 1202 5307 est;
1262 5242 1359 5299 sed
1391 5242 1472 5297 vel
1528 5236 1653 5297 ante
1690 5243 1834 5299 dicta
1877 5243 1930 5299 in
1978 5243 2213 5298 lectione
2265 5242 2501 5315 quadam
2557 5241 2851 5313 Scriptum
2914 5256 3106 5308 sacrae,
3166 5257 3287 5310 qute
3340 5242 3706 5299 coneionibus

442 5351 692 5420 prtetnitti
762 5351 991 5413 solebat.
1052 5353 1133 5407 vel
1197 5356 1249 5408 in
1301 5354 1525 5410 humilia
1571 5356 1808 5426 quadam
1865 5356 2188 5427 praaeedenti
2252 5365 2683 5413 commemorata
2740 5366 2796 5412 et
2845 5365 3120 5413 enarrata.
3179 5355 3339 5411 Certe
3386 5357 3684 5412 conciones

443 5468 701 5523 tredecim
761 5469 902 5537 apud
966 5465 1418 5539 Chrysostomum
1489 5479 1788 5523 occurrunt
1853 5470 1958 5526 hoc
2012 5486 2029 5523 t

2156 5468 2320 5524 simili
2376 5469 2681 5539 principio,
2735 5469 2957 5536 Εἵδετε,
3013 5470 3321 5542 ἀγαπητοὶ,
3373 5470 3497 5534 πῶς
3547 5470 3699 5523 οὐδὲν

440 5583 628 5651 ἀργόν,
656 5581 857 5637 iiomil.
899 5582 968 5637 39
1003 5582 1055 5636 in
1088 5581 1286 5639 Cenes.
1313 5581 1446 5637 Illud
1471 5598 1602 5638 vero
1625 5584 1690 5638 ad
1720 5585 2029 5654 prtemissan

2136 5584 2367 5641 ctionem
2397 5584 2653 5641 refertur.
2680 5587 2840 5650 Item,
2870 5584 3054 5640 Εἵδετε
3078 5586 3138 5639 ὲν
3161 5586 3277 5649 τοῖς
3297 5584 3400 5657 ἤδη
3431 5585 3696 5658 ῥηθεῖσιν,

441 5698 563 5749 ὅσον
585 5697 681 5767 τῆς
716 5696 1145 5768 φιλανθρωπίας,
1179 5697 1339 5753 Hom.
1370 5699 1424 5753 in
1465 5698 1665 5755 Genes.
1701 5700 1791 5755 25.
1820 5700 1957 5755 Illud
1983 5718 2029 5756 Vt

2167 5711 2378 5772 spectat
2408 5701 2476 5757 ad
2498 5718 2582 5771 ea,
2623 5719 2746 5775 quae
2777 5704 2831 5759 in
2871 5701 3140 5759 concione
3191 5701 3524 5772 prtecedenti
3558 5701 3697 5755 dicta

448 5802 616 5859 fuere.
649 5806 739 5861 Sic
777 5817 828 5863 et
862 5810 963 5863 hoc
1001 5807 1121 5863 loco
1168 5810 1497 5879 principium
1548 5811 1701 5879 illul,
1732 5811 1899 5866 εἴδετε
1934 5812 2029 5865 πύι

2183 5812 2521 5884 separamur,
2553 5814 2748 5872 referri
2802 5815 3078 5872 credimus
3108 5815 3174 5871 ad
3231 5814 3523 5877 lectionem
3570 5822 3699 5870 ante
