3800 6282
54 450 63 457 ν
123 424 226 481 ῗ55

127 541 331 603 δοῦλον,
420 539 673 609 κηδεμὼν
693 538 806 620 ⁸καὶ
836 537 1211 609 φιλάνθρωπος
1230 556 1243 569 ·
1279 540 1373 592 καὶ
1403 540 1455 592 τί
1494 556 1687 609 φησιν;

121 623 273 685 εἰδὼς
310 617 408 692 μέν
455 621 543 673 διὰ
589 621 642 673 τί
689 617 853 692 ἦλθεν
904 623 1038 686 ἐκεῖ,
1071 621 1219 690 ὅμως
1245 620 1301 673 δὲ
1339 620 1589 691 ἐρωτῶν·
1633 622 1693 673 Τί

116 702 252 769 ὦδε,
306 703 504 767 Ἠλίου
552 704 649 757 καὶ
685 706 743 758 τί
791 705 871 759 σὺ
909 698 1063 768 ὧδε;
1109 703 1477 773 αἰνιττόμενος
1526 702 1689 755 αὑτοῦ

118 789 215 857 τὴν
244 785 441 854 φυγὴν,
471 785 595 838 ἀντὶ
619 786 739 843 τοῦ.
773 788 1034 854 ’Ἐφυγες⁹
1059 785 1159 839 ποῦ
1181 785 1327 838 ἐστιν
1352 787 1384 855 ἡ
1412 786 1691 856 παρρησία

119 868 332 937 ἐκείνη;
384 867 500 921 Ἵνα
547 868 746 941 μάθῃς,
789 869 864 939 μὴ
914 867 1093 937 σαυτῷ
1133 867 1374 939 θαρρεῖν.
1431 867 1497 920 Τί
1551 863 1688 930 ὦδε,

128 952 297 1006 Ἠλία
316 967 335 1014 ;
365 949 465 1003 καὶ
494 952 551 1003 τί
583 950 663 1004 σὺ
688 945 843 1013 ὧδε;
893 951 1031 1003 Ἀλλ’
1060 952 1207 1021 ὅμως
1240 954 1267 1003 6
1328 949 1511 1013 Ἠλίας
1552 951 1687 1002 ἀπο-

115 1035 382 1105 κρίνεται,
430 1032 564 1087 ἀλλα
598 1033 698 1103 μὲν
745 1032 884 1104 ἔχων
920 1035 979 1087 ἐν
1002 1037 1068 1103 τῇ
1107 1032 1320 1106 γνώμῃ.
1354 1033 1487 1087 ἄλλα
1518 1033 1573 1085 δὲ
1602 1032 1688 1084 λέ·-

114 1133 245 1184 γων.
297 1116 362 1167 Τί
413 1114 579 1186 γάρὸ
636 1114 821 1175 Ἠλίας
863 1116 997 1186 πρὸς
1041 1116 1243 1181 ταῦτα;
1296 1114 1495 1185 Κύριε,
1545 1114 1687 1181 τοὺς

113 1196 423 1267 προφήτας
456 1213 573 1251 σου
606 1196 999 1264 ἀπέκτειναν,
1047 1199 1145 1253 καὶ
1180 1199 1253 1252 τὰ
1295 1195 1689 1263 θυσιαστήριά

112 1299 229 1335 σου
251 1279 666 1349 κατέσκαψαν,
694 1279 854 1349 κάγὼ
873 1282 1244 1349 ὑπελείφθην
1259 1283 1467 1349 μόνος,
1483 1279 1581 1335 καὶ
1597 1276 1689 1346 ξιτ»

110 1363 287 1416 τοῦσι
316 1362 429 1430 τὴν
453 1362 666 1431 ψυχήν
697 1380 817 1435 μου
842 1364 1050 1418 ,λαϐεῖν
1078 1364 1288 1429 αὑτήν.
1319 1362 1383 1415 Τί
1413 1358 1503 1416 οὖν
1552 1360 1686 1433 πρὸς

112 1446 276 1500 αὐτὸν
311 1447 339 1499 ὁ
385 1445 553 1511 Θεός;
590 1446 752 1509 εὐθὺς
784 1447 946 1499 αὑτὸν
996 1447 1230 1515 ἐλέγχει.
1276 1445 1353 1498 Οὐ
1402 1444 1495 1497 διὰ
1530 1443 1688 1496 τοῦτο

110 1528 333 1597 ἔφυγες,
366 1528 550 1597 φησὶν,
586 1528 742 1580 Ἠλία
763 1544 777 1558 ⁸
802 1529 862 1579 οὐ
893 1529 1002 1599 γὰρ
1033 1530 1096 1581 σὺ
1131 1528 1289 1597 μόνος
1316 1522 1366 1579 εί
1392 1527 1420 1578 6
1446 1524 1520 1595 μὴ
1551 1538 1686 1596 προ-

110 1612 386 1680 σκυνήσας
407 1611 472 1680 τῇ
496 1609 661 1663 Βαάλ·
694 1607 812 1663 εἶτα
843 1611 1035 1678 ἐπάγει
1059 1609 1297 1678 ἐλέγχων
1319 1607 1499 1662 αὐτόν·
1532 1608 1684 1659 Κατ-

107 1692 324 1748 έλιπον
368 1693 600 1762 ἐμαυτῷ
637 1694 1136 1762 ἑπτακισχιλίους
1189 1692 1433 1759 ἄνδρας,
1469 1690 1686 1756 οἵτινες

108 1780 221 1832 οὐκ
241 1760 523 1846 ἔκαμψιῖγ
551 1779 698 1847 γόνυ
719 1777 795 1847 τῇ
816 1760 1003 1831 Βάἀλ.
1038 1776 1269 1843 ’Ἥλεγξε
1289 1775 1467 1827 τοίνυν
1499 1772 1681 1837 αὑτὸν,

107 1862 191 1914 ὅτι
224 1862 286 1913 οὺ
317 1860 404 1914 διά
433 1858 594 1913 τοῦτο
638 1859 856 1929 ἔφυγεν,
883 1859 1020 1913 ἀλλὰ
1045 1858 1134 1912 διὰ
1161 1858 1252 1911 τὸν
1287 1858 1389 1927 τῆς
1429 1854 1686 1924 γυναικὸς

108 1944 274 2014 φόόον
320 1944 645 2014 ἀνεχόμενος
681 1956 739 1984 α’
773 1945 865 1998 καὶ
897 1944 996 2013 μία
1026 1942 1161 2013 γυνὴ
1202 1943 1294 1995 τὸν
1322 1939 1561 1993 τοιοῦτον
1590 1939 1685 1992 καὶ

106 2026 430 2098 τηλικοῦτον
463 2026 633 2097 ἄνδρα
646 2027 921 2098 δραπέτην
942 2026 1034 2078 καὶ
1064 2024 1276 2093 φυγάδα
1296 2022 1571 2093 ἐποίησεν,
1600 2022 1686 2073 ἵνα

108 2108 312 2180 μάθῃς,
354 2108 529 2173 Ἠλία,
558 2108 687 2161 ὅταν
725 2124 779 2161 τι
829 2105 1128 2180 παράδοξον
1169 2107 1348 2175 ποιῇς,
1389 2103 1462 2174 μὴ
1504 2102 1684 2173 σαυτῷ

104 2191 438 2265 ἐπιγράφειν
456 2192 503 2256 ι),
546 2191 681 2245 ἀλλὰ
707 2194 773 2263 τῇ
806 2191 899 2244 τοῦ
929 2189 1064 2243 Θεοῦ
1102 2189 1347 2258 δυνάμει.
1385 2182 1538 2249 Εἶδες
1568 2186 1685 2248 πῶς

107 2278 193 2329 ὅτε
241 2276 455 2346 ἀπέστη
500 2278 533 2346 ή
579 2278 773 2346 χάρις,
819 2273 1058 2345 ἠλέγχθη
1095 2272 1128 2343 ή
1174 2272 1367 2341 φύσιςλς
1426 2272 1685 2338 Ἔφυγεν

118 2361 320 2425 Ἠλίας
348 2358 494 2412 ὁδὸν
521 2357 757 2428 ἡμερῶν
784 2357 1251 2425 τεσσαράκοντα.
1280 2354 1344 2406 Ὢ
1372 2353 1534 2423 φόὸου
1562 2352 1682 2405 ἐπί-

107 2444 297 2506 τασιςί
323 2441 368 2494 ῶ
402 2436 605 2505 δειλίας
630 2441 936 2513 ὑπερδολήί
967 2440 1028 2492 οὐ
1059 2439 1186 2510 μίαν
1215 2439 1412 2507 ἔφυγεν
1445 2436 1680 2507 ἡμέραν,

104 2527 162 2577 οὐ
204 2524 490 2595 δευτέραν,
524 2524 583 2576 οὐ
607 2523 818 2596 τρίτην,
854 2522 988 2577 ἀλλά
1014 2522 1419 2594 τεσσαράκοντα
1453 2519 1682 2591 ήμέρας,

104 2607 198 2660 καὶ
254 2607 418 2671 αὐτὸς
465 2606 562 2670 τὰς
615 2608 965 2677 πανερήμους
1021 2603 1334 2668 κατέλαϐεν,
1371 2604 1432 2656 οὐ
1481 2600 1685 2673 τροφὴν

105 2692 269 2762 ἔχων,
307 2691 366 2744 οὐ
403 2690 714 2762 σιτηρέσιον
752 2690 1124 2761 ἐπαγόμενοςο
1175 2686 1389 2758 μεθύων
1436 2684 1546 2758 γὰρ
1579 2686 1685 2740 ἀπὸ

103 2776 199 2830 τοῦ
224 2776 413 2845 φόόου,
431 2775 637 2829 τούτων
658 2777 758 2829 οὐκ
775 2773 1107 2846 ἐφρόντιζεν,
1130 2772 1266 2826 ἀλλὰ
1283 2770 1380 2835 τὰς
1402 2772 1685 2842 ἀοικήτους

103 2861 352 2915 ἐδίωκεν.
380 2860 644 2932 Εἰσῆλθεν
673 2862 701 2914 6
725 2861 881 2929 λόγος
899 2860 1002 2929 τῆς
1033 2857 1288 2928 γυναικὸς
1322 2859 1401 2919 είς
1432 2856 1522 2910 τὸν
1549 2871 1687 2926 προ-

105 2946 312 3015 φήτην,
347 2944 443 2997 καλ⁵
478 2943 728 3016 καθάπερ
766 2944 1000 3014 ζέφυρος
1031 2940 1276 3015 σφοδρῶς
1307 2937 1564 3011 ἐμπεσὼν
1607 2941 1687 3001 είς

110 3027 289 3081 ἱστίον
319 3029 386 3099 τῇ
420 3026 567 3098 ῥύμῃ
592 3027 691 3096 τὴν
721 3026 925 3080 ὁλκάδα
956 3024 1274 3096 ἀποπέμπει
1292 3039 1305 3053 ο
1344 3020 1515 3085 οὕτως
1551 3022 1580 3073 6
1609 3020 1689 3074 λό-

103 3127 202 3179 γος
237 3111 343 3180 τῆς
372 3110 633 3178 γυναικὸς
669 3108 926 3162 εἰσελθὼν
959 3110 1040 3171 εἰς
1070 3105 1163 3160 τὸν
1210 3105 1517 3177 προφήτην,
1552 3101 1720 3173 μετὰ”

104 3194 315 3265 πολλῆς
350 3192 527 3264 ῥύμης
559 3193 721 3247 αὐτὸν
762 3192 843 3269 είς
872 3191 971 3262 τὴν
1010 3190 1214 3261 ἔρημον
1254 3187 1545 3258 ἐξέπεμψε.
1578 3183 1687 3239 Ποῦ

166 3367 189 3423 ξι
228 3362 381 3410 Savil.
405 3360 793 3423 ἐφυγες....φὸϐον
811 3359 1131 3423 ἀνεχώρησαςο

166 3421 201 3460 ιν
234 3423 407 3470 Morel.
432 3417 677 3471 eruum.
702 3417 942 3485 irriypapé,
967 3417 1111 3469 male.
1138 3417 1272 3466 Enrr.

1126 426 1215 485 DE
1250 423 1476 483 ΒΕΑΤο
1516 422 1865 480 ABRMMM.
1900 418 2326 482 -οΜΟΝΙΤωὶ

3257 430 3363 488 736

1798 539 1967 604 ἔστιν,
2026 538 2197 599 Ἠλία,
2252 537 2324 591 τὰ
2353 537 2454 607 τῆς
2482 537 2792 609 παρρησίας
2859 536 3106 608 ἐκείνης;
3155 541 3256 594 ποῦ
3304 549 3365 598 τὸ

1796 622 1968 691 στόμα
2019 620 2080 672 τὸ
2132 620 2396 691 φοϐερόν;
2437 620 2608 690 ποῦή
2654 620 2868 687 γλῶττα
2905 623 2937 691 ἡ
2995 622 3208 692 ἡνίοχος
3253 627 3362 681 τῶν

1792 704 2044 774 ὄμϐρων·
2079 702 2183 755 ποῦ
2212 704 2240 754 6
2267 703 2547 772 ἑκατέροις
2581 703 2882 756 ἐπιτάττων
2910 704 3023 764 τοῖς
3053 706 3359 774 στοιχείοις,

1794 786 1923 839 ποτὲ
1952 787 2050 856 μὲν
2073 786 2299 855 οὐρανὸν
2327 785 2539 849 κλείων,
2564 784 2691 838 ποτέ
2723 785 2778 837 δὲ
2804 784 2913 856 πῦρ
2942 785 3120 839 καλῶν
3148 788 3242 840 ἐπὶ
3265 789 3365 860 τὴν

1793 868 2014 932 θυσίαν;
2063 867 2200 920 Ἀλλ’
2229 870 2398 938 ὅμως,
2428 868 2502 930 ὡς
2527 871 2804 939 προεῖπον,
2835 868 3010 922 ταῦτα
3053 870 3225 924 ἐποίει
3264 874 3363 942 τῆς

1791 953 2012 1022 χάριτος
2054 951 2416 1020 ἐνεργούσηςο
2464 951 2544 1003 διὸ
2577 951 2671 1004 καὶ
2718 951 3002 1021 ἐλέγχεται
3051 952 3155 1005 ὑπὸ
3202 954 3359 1008 Θεοῦ.

1804 1036 1965 1105 Ὁρᾷς
1995 1034 2112 1097 πῶς
2151 1034 2331 1105 μικρῷ
2387 1035 2744 1105 ἁμαρτήματι
2780 1036 3130 1106 συνεχωρήθη
3178 1041 3364 1089 πεσεῖν

1791 1118 1877 1171 ἵνα
1942 1116 2239 1188 ὁλόκληρον
2292 1116 2496 1186 χιτῶνα
2553 1114 2961 1186 φιλανθρωπίας
3035 1119 3362 1189 ἐνδύσητσις

1791 1200 2015 1265 Λοιπὸν,
2051 1199 2225 1264 Ἠλία,
2254 1198 2596 1268 ἐπαιδεύθης,
2637 1199 2794 1267 γενοῦ
2828 1199 3206 1270 φιλάνθρωπος
3233 1201 3309 1262 ὡς
3334 1200 3364 1252 6

1789 1284 2066 1353 Δεσπότης
2099 1298 2212 1346 σου,
2246 1283 2304 1348 ἐξ
2325 1276 2398 1334 ὧν
2425 1281 2768 1351 ἐπαιδεύθης,
2796 1281 2857 1346 ἐξ
2876 1275 2949 1334 ὧν
2980 1281 3183 1353 ἔμαθες
3213 1282 3364 1354 παρὰ

1788 1367 1881 1421 τοῦ
1924 1367 2193 1420 Δεσπότυυ
2241 1382 2355 1418 σου.
2388 1359 2542 1426 Εἶδες
2591 1363 2704 1428 πῶς
2752 1363 3130 1434 συνεχώρησεν
3175 1367 3203 1418 6
3231 1367 3364 1429 Θεὸς

1793 1449 1975 1521 μικρῷ
2022 1449 2381 1519 ἁμαρτήματι
2429 1449 2746 1517 περιπεσεῖν
2793 1447 2919 1509 τοὺς
2954 1446 3177 1510 στύλους
3216 1448 3362 1500 ἐκεί-

1789 1551 1933 1597 νους,
1979 1532 2105 1594 τοὺς
2155 1530 2476 1602 προϐόλους,
2530 1529 2657 1592 τοὺς
2707 1527 2979 1599 πῦργους;
3030 1528 3115 1584 ἵνα
3168 1529 3245 1601 μὴ
3286 1529 3364 1598 τῷ

1790 1608 1999 1669 ἐαυτῶν
2024 1612 2394 1683 ἀναμαρτήτῳ
2431 1610 2582 1684 [740]
2612 1610 2820 1674 πάντας
2849 1611 2957 1664 ἀπὸ
2988 1611 3087 1681 τῆς
3130 1611 3363 1681 Ἐκκλη-

1791 1699 1910 1761 σίας
1954 1697 2289 1766 ἐκκόψωσιν·
2322 1694 2407 1748 ἵνα
2438 1694 2565 1748 ὅταν
2596 1694 2746 1748 ἴδωσί
2785 1711 2906 1747 τινα
2940 1694 3363 1766 ἀμαρτήσαντα,

1789 1782 1884 1836 καὶ
1940 1781 2168 1835 θέλωσιν
2221 1777 2595 1850 ἀσπλαγχνίαν
2659 1777 2994 1844 ἐνδείξασθαι
3048 1779 3128 1845 εἰς
3182 1777 3360 1840 αὐτὸν,

1789 1863 2176 1935 ἀναμνησθῶσι
2217 1862 2317 1933 τῆς
2360 1862 2569 1917 ἑαυτῶν
2599 1860 2895 1931 ἁμαρτίας,
2936 1861 3029 1914 καὶ
3061 1863 3159 1932 τῆς
3192 1860 3363 1931 αὐτῆς

1788 1947 1941 2019 αὑτῷ
1973 1944 2321 2017 μεταδώσωσι
2353 1943 2781 2014 φιλανθρωπίας,
2809 1939 2874 2015 ἦς
2902 1944 2997 1997 καὶ
3024 1943 3178 1997 αὐτοὶ⁸
3206 1960 3364 1996 τετυ-

1787 2032 1988 2102 χήκασι
2019 2029 2166 2100 παρὰ
2192 2029 2285 2082 τοῦ
2318 2027 2611 2081 Δεσπότου.
2634 2026 2819 2079 Ταῦτα
2849 2027 3147 2096 είρήκαμεν
3169 2025 3230 2078 οὑ
3251 2025 3360 2078 τῶν

1786 2113 2009 2167 δικαίων
2071 2109 2525 2182 κατηγοροῦντες,
2567 2108 2683 2162 ἀλλ’
2736 2110 2865 2178 ὑμῖν
2913 2105 3029 2162 ὁδὸν
3091 2109 3360 2182 σωτηρίας

1788 2180 2333 2269 προκαταρτίζοντες,
2366 2194 2452 2246 ἵνα
2471 2194 2598 2246 ὅταν
2624 2192 2999 2263 ἁμαρτήσητε,
3017 2190 3092 2261 μὴ
3114 2180 3361 2258 ἀπογνὼ-

1790 2296 1918 2350 σητε
1946 2281 2045 2350 τῆς
2074 2278 2283 2333 ἑαυτῶν
2322 2276 2595 2346 σωτηρίας
2628 2277 2696 2345 τῇ
2745 2274 2935 2345 μνήμῃ
2961 2273 3070 2327 τῶν
3103 2272 3358 2344 πεπλημ-

1791 2362 2100 2432 μεληκότιυν
2133 2359 2376 2424 δικαίων,
2421 2359 2514 2411 καὶ
2550 2360 2616 2428 τῇ
2662 2355 2918 2426 μετανοίᾳ.
2953 2352 3053 2423 τῆς
3088 2351 3254 2424 τιμῆς
3285 2355 3358 2424 μὴ

1788 2444 2220 2497 ἐλαττωθέντων.
2256 2440 2498 2510 Εἴπομεν
2523 2440 2579 2493 δέ
2608 2438 2787 2493 αὐτῶν
2837 2437 3058 2509 πρῶτον
3117 2436 3216 2499 τὰς
3235 2437 3334 2507 ἀρε

1786 2526 1907 2589 τὰς,
1927 2525 2022 2578 καὶ
2042 2524 2162 2577 τότε
2196 2524 2561 2593 εἱσηγάγομεν
2590 2522 2659 2576 τὰ
2688 2520 3062 2591 ἁμαρτήματα
3095 2527 3142 2571 ο.
3166 2518 3273 2573 Καὶ
3295 2518 3360 2569 σὺ

1787 2608 1985 2675 τοίνυν,
2032 2610 2081 2660 εἰ
2109 2606 2203 2660 καὶ
2222 2605 2545 2678 ἁμαρτωλὸς
2576 2599 2645 2668 εἴ,
2686 2603 2758 2674 μὴ
2786 2601 3115 2670 άπολειφθῇς
3139 2600 3237 2669 τῆς
3267 2600 3362 2652 ἐκ-

1788 2691 2015 2762 κλησίας
2034 2708 2048 2723 ο
2074 2689 2176 2745 κᾶν
2205 2689 2410 2752 δίκαιος
2436 2684 2524 2762 ᾗς,
2561 2688 2634 2758 μὴ
2664 2684 3063 2754 ἀποπλειφθῇς,
3090 2682 3176 2735 ἵνα
3201 2680 3361 2736 ἐναυ-

1786 2774 1878 2829 λον
1908 2774 2045 2845 ἔχων
2078 2772 2185 2827 τῶν
2212 2771 2445 2843 Γραφῶν
2488 2770 2588 2841 τὴν
2618 2768 2820 2837 γνῶσιν
2849 2767 3054 2828 δίκαιος
3079 2763 3356 2835 διαμένῃς,

1791 2857 2145 2930 μεμνημένος
2173 2855 2243 2909 τὰ
2267 2854 2508 2930 περὶτῆς
2544 2851 2817 2924 βασιλείας
2839 2849 2945 2903 τῶν
2972 2847 3238 2930 οὐρανῶν,
3265 2846 3359 2898 καὶ

1787 2928 1896 2994 τῶν
1920 2938 2138 3009 ἀγαθῶν
2163 2937 2388 2992 ἐκείνων
2419 2928 2494 2990 ὧν
2533 2934 2829 3005 ἡτοίμασεν
2859 2933 2887 2985 6
2909 2931 3039 2994 θεὸς
3064 2932 3176 2991 τοῖς
3218 2929 3357 2995 ἀγα-

1788 3024 1962 3078 πῶσιν
1995 3022 2185 3076 αὐτόν’
2217 3022 2299 3074 ὅτι
2330 3018 2478 3089 αὐτῷ
2522 3018 2721 3088 πρέπει
2754 3017 2787 3086 ἡ
2828 3013 2954 3080 δόξα
3001 3013 3095 3066 σὺν
3136 3009 3212 3080 τῷ
3245 3009 3360 3078 Υἱῷ

1787 3105 1988 3175 καὶτῷ
2027 3105 2166 3175 ἁγίῳ
2196 3101 2494 3172 Πνεύματι,
2527 3099 2622 3153 νῦν
2673 3099 2769 3153 καὶ
2813 3097 2920 3162 ἀεὶ,
2962 3096 3054 3149 καὶ
3105 3096 3183 3155 εἰς
3231 3092 3358 3155 τοῦς

1787 3188 1989 3251 αἰῶνας
2018 3188 2125 3241 τῶν
2149 3184 2382 3241 αἰώνων.
2422 3184 2614 3254 Ἀμήν.

1853 3297 1873 3324 ο
1900 3292 1983 3341 Sic
2023 3290 2175 3340 Savil.
2197 3290 2246 3337 in
2270 3301 2407 3349 marg
2466 3290 2518 3349 et
2535 3298 2648 3334 mss.
2678 3283 2731 3349 In
2758 3282 3013 3349 Morel._et
3037 3279 3086 3328 in
3110 3282 3245 3327 textu
3269 3276 3360 3349 Sa:

1789 3356 1875 3426 vii.
1897 3338 2103 3426 ‘héégléic
2125 3338 2321 3400 inversa
2345 3338 2601 3397 distabant
2623 3360 2634 3394 :
2658 3346 2742 3402 τὰς
2779 3342 3029 3408 ἁμαρτίας,
3075 3359 3122 3388 κ.
3148 3355 3193 3386 τ.
3234 3354 3275 3387 ε.
3297 3338 3359 3385 τὰ

1788 3416 1952 3472 εὐτελῆ
1978 3415 2032 3479 ῥὴ
2039 3428 2178 3473 ματα.

1565 4228 1915 4296 MONI'I‘UM
1924 4276 1938 4289 .

98 4522 405 4578 recitatam
433 4534 445 4570 :
499 4528 737 4586 cumque
783 4515 893 4589 huc
923 4511 1146 4568 accedat
1188 4507 1687 4578 Manuscriptorum
1727 4512 1783 4561 et
1814 4503 2207 4573 exemplarium
2238 4502 2481 4557 omnium
2514 4503 2813 4558 auctoritas
2837 4540 2853 4569 ,
2888 4503 3090 4557 nullam
3127 4511 3385 4572 putamus

103 4647 213 4700 hac
257 4641 332 4696 de
378 4653 435 4693 re
480 4636 832 4710 quaestionem
865 4633 1009 4687 ultra
1053 4629 1260 4707 moveri
1298 4643 1480 4700 posse.
1530 4623 1802 4698 lntegram
1848 4624 2033 4694 itaque
2064 4621 2215 4676 illam
2259 4620 2596 4686 asscrimus,
2640 4636 2750 4676 non
2792 4618 3014 4689 perinde
3042 4617 3382 4689 genuinam:

97 4757 294 4828 stylus
326 4753 472 4807 enim
518 4749 912 4819 Chrysostomo
946 4743 1205 4815 indignus
1241 4742 1496 4808 videtur,
1543 4738 1812 4797 orationis
1860 4751 2034 4809 genus
2071 4735 2282 4790 triviale
2316 4745 2370 4791 et
2404 4734 2586 4792 nervis
2616 4733 2937 4788 destitutum
2972 4747 2988 4787 :
3024 4746 3134 4785 uno
3164 4728 3334 4784 verbo
3371 4748 3384 4782 :

99 4873 292 4926 multa
322 4867 768 4940 peregrinitatem
808 4864 999 4919 olent:
1030 4861 1389 4932 quamobrem
1422 4856 1693 4914 Henricus
1723 4855 1983 4922 Savilius,
2019 4853 2260 4909 Joannes
2302 4850 2541 4913 Boisius,
2576 4856 2633 4904 et
2667 4845 2967 4902 novissime
2994 4844 3379 4901 Tillcmontius

98 4999 166 5046 ut
195 4988 403 5046 saltem
433 4992 748 5055 suspectam
783 4981 986 5037 habent
1011 4999 1024 5035 :
1058 4978 1258 5051 quibus
1283 4992 1386 5034 nos
1414 4976 1647 5033 libenter
1670 4974 2091 5046 adstipulamur,
2115 4970 2576 5035 arbitramurque,
2607 4962 2920 5035 quempiam
2953 4960 3174 5018 levioris
3201 4972 3383 5014 arma-

105 5119 259 5164 turae
302 5106 360 5161 in
400 5104 517 5159 hac
541 5117 602 5159 se
637 5108 820 5159 castra
852 5097 1173 5170 conjecisse,
1197 5108 1253 5152 et
1290 5096 1748 5167 Chrysostomum
1781 5092 2104 5150 ementitum
2130 5098 2274 5149 esse,
2305 5081 2665 5152 ordiendique
2698 5079 2922 5138 modum
2948 5092 3017 5133 ex
3058 5076 3182 5130 aliis
3203 5073 3263 5129 S.
3286 5072 3386 5127 do-

106 5225 297 5282 ctoris
362 5220 606 5277 homiliis
660 5226 970 5274 mutuatum
1019 5230 1159 5272 esse.
1228 5210 1369 5273 Non,
1401 5209 1815 5266 dissimulamus
1875 5215 2056 5260 tamen
2097 5198 2374 5256 Halesium
2428 5196 2662 5268 Anglum
2696 5209 2821 5250 eam
2869 5205 2968 5261 pro
3000 5203 3128 5244 vera
3171 5193 3227 5241 et
3268 5198 3390 5255 ger-

106 5356 291 5399 mana
349 5337 633 5400 habuisse,
680 5336 770 5391 cui
817 5331 1194 5390 accensendus
1236 5326 1455 5383 videtur
1501 5325 1708 5380 Fronto
1765 5322 2014 5384 Ducaeus,
2068 5315 2161 5388 qui
2205 5313 2343 5369 nihil
2401 5311 2621 5382 quidem
2678 5307 2806 5378 περὶ
2855 5300 3069 5366 νοθείας
3112 5298 3200 5354 vel
3254 5314 3388 5369 γνη-

109 5459 382 5528 σιότητος
404 5453 560 5520 dixit,
586 5452 681 5508 sed
715 5465 835 5507 eam
863 5449 1004 5503 inter
1030 5459 1292 5517 germana
1330 5457 1496 5514 opera
1524 5439 1744 5527 locayii.

184 5566 590 5638 lnterpretatio
631 5563 828 5635 prioris
860 5561 1030 5634 partis
1068 5568 1151 5615 est
1180 5555 1473 5614 Frontonis
1497 5553 1697 5612 Ducaei.
1725 5549 2005 5610 Posterior
2035 5561 2188 5614 vero,
2216 5558 2339 5616 quae
2366 5555 2514 5598 nunc
2541 5537 2721 5610 primo
2743 5529 2943 5605 prodit,
2974 5543 3005 5583 a
3026 5525 3186 5584 nobis
3206 5522 3399 5581 Latine

105 5694 403 5743 conversa
436 5686 518 5774 οΞι
529 5716 544 5730 .
779 5755 819 5774 Π
938 5752 964 5774 ἰ

463 5760 731 5819 ΡΑπιοι.
777 5755 893 5816 Gu.
938 5752 1003 5813 Ι..
1607 5798 1616 5805 ,
1998 5785 2005 5791 .
