3800 6282
415 407 514 466 ³13⁵³

1129 403 1186 458 S.
1227 383 1512 462 ,ιοΑΝΝὶδ
1551 399 2038 460 CHRYSOSTOMI
2076 400 2397 458 ARCHIEP.
2437 397 2982 458 CONSTANTINOP.

1691 848 1844 921 [πη
1913 857 2316 944 more):

1536 1136 1640 1187 ΕΙΣ
1678 1132 1811 1188 ΤΟΝ
1849 1133 2212 1188 ΜΑΚΑΡῙΟΝ
2285 1132 2591 1186 ΑΒΡΛΔΜ.

487 1559 671 1614 Εῐδετε
703 1556 732 1598 δ
759 1557 948 1611 πολιὰν
980 1558 1311 1630 σφριγῶσαν,
1355 1557 1450 1612 καὶ
1489 1557 1668 1630 γῆρας
1707 1556 1986 1630 ἀκμάζον;

415 1645 585 1696 εἴδετε
627 1641 864 1713 ἀθλητὴν
904 1645 1148 1711 γενναῖον
1192 1641 1329 1712 πρὸς
1361 1642 1520 1710 φύσιν
1561 1643 1658 1694 καὶ
1711 1641 1991 1712 σπλάγχνα

416 1723 910 1798 παραταξάμενον;
958 1725 1127 1778 εἴδετε
1175 1726 1341 1796 ἄνδρα
1362 1725 1419 1779 ἐν
1447 1724 1649 1795 ἐσχάτῃ
1677 1724 1839 1795 πολιᾷ
1872 1724 1991 1778 ἀδά-

418 1827 620 1881 μαντος
660 1809 1048 1881 στεῤῥότερον;
1085 1808 1404 1886 Ιςεχάλαστο
1445 1809 1543 1880 μέν
1581 1807 1745 1862 αὐτοῦ
1775 1810 1802 1860 6
1841 1807 1990 1870 τόνος

415 1893 528 1948 τῶν
557 1893 801 1965 σαρκῶν,
819 1893 1118 1962 νενεύρωτο
1129 1892 1186 1945 δέ
1207 1893 1371 1946 αὐτοῦ
1389 1893 1417 1944 6
1440 1891 1592 1954 τόνος
1613 1891 1710 1962 τῆς
1731 1891 1986 1953 πίστεως.

415 1979 655 2033 Τοιαῦτα
684 1977 794 2048 γὰρ
821 1976 919 2048 τῆς
963 1975 1291 2045 Ἐκκλησίας
1315 1974 1382 2028 τὰ
1408 1973 1827 2046 κατορθώματα,
1854 1975 1988 2044 ὃτιή

415 2061 603 2115 ἀτονία
629 2060 726 2114 τοῦ
760 2060 1011 2130 σώματος
1041 2058 1193 2112 οὐδὲν
1215 2058 1537 2129 λυμαίνεται
1557 2058 1656 2130 τὴν
1681 2058 1993 2129 προθυμίαν

415 2146 514 2216 τῆς
541 2145 798 2207 πίστεως·
822 2143 1025 2212 κόσμος
1037 2142 1145 2213 γὰρ
1177 2141 1502 2213 Ἐκκλησίας
1526 2141 1684 2196 πολιὰ
1696 2140 1992 2196 κατεσταλ-

417 2228 576 2299 μένη,
609 2227 704 2282 καὶ
737 2227 920 2289 πίστις
943 2224 1322 2295 ἐπτερωμένη,
1354 2224 1449 2278 καὶ
1475 2224 1534 2278 ἐν
1563 2224 1738 2295 τούτῳ
1760 2224 1985 2295 χαίρειή

426 2309 719 2380 Ἐκκλησία
743 2307 961 2379 μᾶλλον.
1005 2307 1127 2360 Ἐπὶ
1152 2308 1248 2377 μὲν
1269 2306 1377 2378 γὰρ
1395 2306 1502 2360 τῶν
1525 2305 1628 2374 ἔξω
1651 2306 1991 2378 πραγμάτων

417 2396 446 2446 6
473 2395 649 2464 γέρων
681 2393 971 2462 ἄχρηστος,
1008 2391 1086 2452 εἰς
1115 2389 1266 2442 οὐδὲν
1311 2388 1637 2460 ἐπιτήδειος,
1682 2389 1818 2442 ἀλλὰ
1857 2407 1991 2442 παν-

417 2475 584 2546 ταχοῦ
603 2475 930 2544 συγγνώμης
954 2472 1340 2538 ἀπολαύει,διὰ
1361 2472 1576 2527 ἀτονίαν
1599 2472 1675 2543 μὴ
1699 2471 1991 2542 δυνάμενος

421 2556 792 2632 χρησιμεῦσαι
821 2559 933 2620 τοῖς
957 2554 1294 2624 ἀναγκαίοις.
1322 2548 1446 2607 Οἷόν
1473 2571 1525 2607 τι
1551 2553 1714 2623 λέγω“
1739 2554 1816 2606 Οὐ
1842 2553 1993 2607 δύνα-

417 2659 508 2695 ται
544 2640 767 2710 ὁγὲρων
815 2639 894 2702 είς
931 2636 1164 2708 πόλεμον
1203 2636 1640 2707 παρατάξασθαι,
1687 2635 1784 2704 οὐχ
1841 2636 1991 2706 ἵππῳ

414 2723 702 2794 ἀναϐῆναι,
731 2721 793 2772 οὐ
835 2720 963 2792 δόρυ
994 2720 1238 2790 κινῆσαι,
1285 2719 1386 2772 οὐκ
1417 2717 1619 2772 ἀσπίδα
1655 2720 1850 2782 σεῖσαι,
1893 2719 1992 2788 οὐχ

415 2807 569 2878 ἡλίου
595 2804 908 2876 θερμότητα
931 2805 1275 2871 ὑπενεγκεῖν,
1307 2803 1406 2874 οὐχ
1423 2801 1733 2872 ὁδοιπορίας
1764 2801 1991 2872 μέγεθος

418 2890 703 2960 βαστάσαι,
734 2889 794 2941 οὐ
820 2886 978 2958 λιμοῦ
1003 2886 1282 2956 δεινότητα
1321 2888 1630 2956 ὑπομεῖναι,
1665 2885 1724 2938 οὐ
1748 2884 1994 2957 θορύϐων

415 2975 611 3041 ὖγκον·
654 2972 768 3026 ἀλλ’
825 2973 881 3025 ἐν
929 2970 1116 3042 ἡσύχῳ
1150 2970 1301 3042 τόπῳ
1335 2968 1648 3034 καθέζεται,
1697 2971 1991 3040 συνήγορον

417 3059 555 3128 ἔχων
585 3057 682 3128 τὴν
715 3056 928 3110 πολιάν.
961 3054 1131 3108 Τοῦτο
1157 3055 1214 3108 δέ
1250 3055 1344 3108 καὶ
1381 3055 1474 3106 ἐπὶ
1507 3053 1615 3107 τῶν
1655 3051 1854 3106 πλοίων
1897 3053 1992 3105 ίδοι

415 3157 499 3203 τις
521 3139 608 3194 άν·
644 3139 719 3194 Οὐ
745 3138 967 3192 δύναται
993 3137 1021 3188 6
1053 3137 1228 3209 γέρων
1252 3138 1345 3191 ἐπὶ
1367 3137 1473 3189 τῶν
1500 3136 1700 3191 οἰάκων
1725 3134 1990 3206 καθεσθῆ-

417 3241 524 3288 ναι,
561 3223 620 3275 οὐ
656 3221 865 3293 πελάγη
907 3223 1113 3291 τεμεῖν,
1141 3221 1202 3273 οὐ
1246 3220 1438 3291 κώπην
1467 3220 1676 3283 ἐλάσαι,
1706 3221 1806 3291 οὐχ
1827 3219 1994 3272 ίστίον

417 3305 719 3377 κρεμάσαι,
759 3305 860 3356 οὐκ
901 3303 1167 3366 ἐναντίοις
1203 3304 1424 3374 ἀνέμοις
1454 3302 1892 3374 παρατάξασθαι,
1929 3301 1988 3354 οὐ

417 3389 617 3460 κρύους
649 3385 953 3457 δριμύτητα
983 3387 1294 3455 ὑπομεῖναι,
1322 3386 1424 3439 οὐκ
1451 3384 1579 3438 ἄλλο
1599 3403 1652 3438 τι
1688 3384 1794 3439 τῶν
1819 3383 1992 3438 τοιού-

417 3489 525 3524 των
546 3471 769 3524 δύναται
801 3469 1056 3538 ποιῆσαι·
1090 3468 1228 3521 ἀλλά
1256 3469 1547 3532 καθέζεται
1581 3470 1639 3521 ἐν
1673 3471 1738 3539 τῇ
1781 3467 1870 3538 νηῒ
1895 3467 1992 3539 τὴν

417 3555 511 3606 ἐπὶ
548 3553 648 3622 τῆς
686 3551 904 3622 ἡλικίας
939 3561 960 3588 ο
1017 3550 1156 3620 ἔχων
1192 3549 1543 3622 συγγνώμην.
1593 3549 1764 3604 Τοῦτο
1806 3551 1864 3603 δὲ
1900 3551 2010 3607 καὶ,

417 3637 510 3691 ἐπὶ
560 3636 668 3690 τῶν
720 3634 975 3706 γηπόνων
1023 3632 1174 3686 ἐστιν
1226 3634 1383 3687 ἰδεῖν·
1439 3634 1564 3686 οὐτε
1608 3632 1717 3704 γάρ
1765 3633 1992 3704 ἄροτρον

419 3717 644 3773 ἑλκύσαι
666 3717 910 3782 δύναται,
936 3713 1061 3768 οὐτε
1091 3713 1304 3770 αὔλακα
1332 3716 1640 3788 ἀνατεμεῖν,
1672 3714 1796 3768 οὔτε
1820 3715 1993 3768 πωλο-

417 3803 628 3873 δάμνης
686 3798 972 3869 γενέσθαι,
1040 3796 1162 3851 οὐτε
1221 3796 1360 3867 βοῶν
1409 3798 1643 3870 ἰσχυρῶν
1696 3797 1993 3867 ὑπενέγκαι

423 3885 598 3954 ἰσχὺν,
653 3882 776 3937 οὐτε
848 3882 1129 3954 καύματος
1181 3882 1447 3954 πόλεμον,
1491 3880 1614 3935 οὐτε
1661 3881 1994 3953 θερμότητος

416 3970 602 4036 δγκον,
637 3966 761 4021 οὐτε
794 3968 1079 4037 σκαπάνης
1119 3965 1303 4038 βάρος,
1333 3966 1457 4019 οὐτε
1487 3965 1614 4022 ἄλλο
1645 3982 1699 4018 τι
1723 3964 1833 4018 τῶν
1857 3965 1994 4036 πρὸς

415 4053 514 4122 τὴν
541 4051 642 4121 γῆν
673 4049 1116 4123 χρησιμευόντων
1134 4065 1146 4078 ·
1177 4049 1315 4102 ἀλλὰ
1339 4047 1628 4112 καθέζεται
1654 4048 1710 4100 ἐν
1734 4047 1811 4118 τῷ
1836 4048 1990 4118 οἴκῳ,

419 4136 714 4205 συνήγορον
753 4132 890 4202 ἔχων
919 4131 1016 4202 τὴν
1043 4129 1252 4186 πολιάν.
1293 4131 1432 4184 Ἀλλ’
1465 4131 1524 4184 οὐ
1545 4130 1612 4183 τά
1631 4129 1728 4200 τῆς
1760 4129 1990 4202 Ἐκκλη-

419 4216 540 4279 σίας
571 4215 818 4280 τοιαῦτα,
855 4214 971 4267 ἀλλ’
1007 4215 1136 4267 ὅταν
1161 4213 1474 4285 γηράσωσιν
1501 4214 1549 4266 οἱ
1579 4215 1637 4266 ἐν
1671 4214 1838 4285 ἀρετῇ
1878 4213 1992 4269 διά-

417 4315 627 4367 ¹γοντες,
663 4297 786 4351 τότε
834 4297 1032 4368 μᾶλλον
1064 4298 1324 4368 χρήσιμοι
1365 4296 1752 4351 καθίστανται”
1783 4297 1842 4351 οὐ
1883 4297 1992 4368 γὰρ

417 4379 638 4451 σαρκῶν
683 4379 918 4441 εὐτονία,
967 4378 1104 4432 ἀλλὰ
1151 4379 1387 4442 πίστεως
1434 4378 1682 4443 ἐπίτασις
1726 4377 1988 4451 ζητεῖται.

417 4462 672 4525 Τοιοῦτος
717 4457 785 4532 ἦν
849 4461 1120 4532 ’Λϐραὰμ,
1157 4460 1561 4532 κεχαλασμένος
1617 4462 1712 4532 μέν
1736 4461 1814 4533 τῷ
1857 4462 1992 4534 τόνῳ

417 4547 526 4602 τῶν
555 4545 793 4618 σαρκῶν,
827 4541 1232 4614 νενευρωμένος
1265 4542 1320 4594 δὲ
1347 4543 1424 4614 τῷ
1448 4543 1585 4614 τόνῳ
1612 4545 1711 4615 τῆς
1735 4545 1989 4609 πίστεως.

418 4630 605 4702 Γέρων
623 4624 714 4700 ἦν,
745 4626 861 4682 ἀλλ’
889 4629 947 4680 ἐν
969 4627 1174 4698 ἐσχάτῃ
1195 4625 1353 4696 πολιᾷ
1384 4625 1524 4696 πρὸς
1551 4626 1712 4695 φύσιν
1737 4628 1989 4700 ἐμάχετο,

419 4714 658 4782 τρόπαια
704 4712 863 4784 νίκης
918 4709 1132 4783 μεγάλα
1183 4709 1421 4780 στήσας·
1472 4709 1648 4780 γέρων
1693 4705 1797 4780 ἦν,
1856 4710 1992 4765 ἀλλά

421 4793 642 4864 σιδήρου
689 4794 1080 4864 εὐτονώτερος,
1125 4792 1218 4845 καὶ
1261 4791 1570 4863 ἀδάμαντος
1617 4793 1988 4864 στερρότερος.

421 4876 532 4930 Καὶ
562 4876 651 4928 ὅτε
689 4876 784 4944 μέν
823 4877 880 4928 ἐν
912 4877 1124 4947 νεότητι
1156 4871 1244 4946 ἦν,
1284 4874 1434 4928 οὐδὲν
1461 4872 1666 4928 τούτων
1696 4875 1991 4946 κατώρθω-

421 4975 512 5011 σεν
531 4974 544 4989 ·
569 4958 657 5010 ὅτε
679 4957 735 5008 δὲ
765 4957 1114 5027 παρέδραμεν
1139 4961 1167 5012 ὁ
1189 4958 1378 5029 χρόνος
1403 4958 1500 5028 τῆς
1521 4957 1755 5029 ἡλικίας,
1790 4958 1912 5011 τότε
1933 4959 1993 5012 τὸ

417 5043 674 5116 τρόπαιον
709 5039 808 5110 τῆς
852 5039 1007 5110 νίκης
1056 5039 1320 5112 ἔστησεν·
1356 5043 1413 5095 ἐν
1457 5040 1663 5113 ἐσχάτῃ
1693 5036 1761 5111 ἧν
1808 5041 1989 5114 πολιᾷ,

417 5124 532 5179 ἀλλ’
563 5123 816 5194 ἐμπόδιον
853 5123 886 5192 ἡ
923 5121 1082 5175 πολιὰ
1119 5124 1217 5176 οὐκ
1249 5123 1484 5192 ἐγένετο.
1525 5122 1614 5176 Διὸ
1642 5123 1738 5179 καὶ
1777 5126 1806 5178 ό
1837 5123 1989 5189 Θεὸς,

416 5206 575 5271 εἰδὼς
616 5205 716 5276 τὴν
761 5205 1004 5263 εὐτονίαν
1055 5205 1242 5272 αὐτοῦ,
1300 5206 1646 5276 ἐπιφαίνεται
1688 5206 1856 5278 αὐτῷ,
1895 5207 1993 5261 καί

418 5308 584 5364 φησιν
603 5299 618 5320 ί
656 5288 904 5354 Ἔξελθε
933 5289 1003 5362 ἐκ
1024 5288 1139 5359 ιτῆς
1169 5288 1441 5360 γῆςσου,
1474 5291 1571 5344 καί
1615 5291 1684 5344 ἐκ
1708 5291 1819 5361 τῆς
1845 5307 1990 5362 συγ-

417 5373 652 5445 γενείας
674 5387 813 5439 σου,
830 5373 928 5427 καὶ
949 5373 1017 5427 ἐκ
1047 5372 1152 5429 τοῦ
1178 5373 1349 5429 οἶκον
1369 5373 1477 5428 τοῦ
1496 5377 1718 5444 πατρός
1739 5392 1872 5441 σου,
1887 5377 1987 5431 καὶ

418 5457 592 5525 δεῦρο
638 5459 726 5522 εις
779 5455 917 5526 γῆν,
970 5455 1052 5525 ἣν
1103 5457 1180 5512 ἄν
1231 5471 1331 5512 σοι
1389 5457 1584 5521 δείξω.
1660 5457 1988 5528 ’Υπήκουσεν

428 5539 678 5611 Ἀϐραὰμ
706 5539 783 5609 τῷ
814 5541 976 5610 λόγῳ,
1010 5542 1189 5596 καίτοι
1219 5541 1396 5613 γέρων
1425 5539 1499 5595 ὢν
1520 5540 1725 5607 λοιπὸν,
1757 5542 1848 5598 καὶ
1869 5541 1990 5596 ἆτο-

480 5637 507 5664 ³
527 5635 712 5701 (‘pllala
733 5649 842 5684 cum
863 5636 1301 5701 coclicjbnsﬁegiis
1319 5638 1456 5701 {8335,
1476 5637 1616 5697 2545,
1645 5651 1754 5686 cum
1774 5639 1989 5690 Colbert.

424 5709 536 5756 an‘o,
550 5698 778 5756 jlemque
797 5711 906 5749 cum
928 5697 1231 5748 Coisliniauo‘
1247 5707 1297 5748 et
1319 5699 1665 5750 Ottoboniano.

483 5754 511 5822 lg
539 5754 721 5822 ρεπιιθὲ
742 5770 867 5822 mssi
885 5758 1014 5822 idgm
1037 5759 1220 5822 luapent
1238 5762 1545 5822 pnncipium.
1570 5761 1736 5821 Aliqui
1755 5761 1895 5811 ἴδετε.

475 5815 511 5848 ³
537 5814 665 5878 Reg.
691 5827 817 5866 unus
839 5818 989 5868 Savil.
1009 5827 1063 5869 el.
1081 5814 1256 5881 Coisl.,'
1274 5823 1358 5880 τήν
1391 5814 1446 5872 ἐκ
1469 5827 1552 5880 τῆς
1569 5814 1771 5878 ἡλικίας.

2091 1574 2177 1622 νος
2214 1559 2291 1630 τῷ
2319 1560 2470 1634 [742]
2491 1563 2720 1632 σώματι,
2753 1558 2845 1614 καὶ
2874 1558 2974 1612 οὐκ
2998 1551 3121 1611 εἶπε
3153 1555 3289 1627 πρὸς
3313 1553 3536 1634 ἑαυτόν·
3577 1553 3686 1609 Ilo-3

2090 1631 2416 1713 ἀπέρχωμαι
2449 1631 2506 1698 ἐν
2529 1631 2732 1716 ἐσχάτῃ
2756 1641 2949 1712 πολιᾷς
2979 1638 3263 1694 καταλίπω
3287 1638 3381 1693 τὸν
3413 1631 3572 1691 οἷκον
3600 1637 3687 1690 τοῦ

2091 1727 2297 1796 πατρός
2335 1745 2458 1797 μου,
2498 1729 2593 1781 καὶ
2625 1727 2722 1797 τὴν
2755 1725 2861 1796 γῆν
2895 1718 3010 1797 ἐνῇ
3043 1721 3362 1794 ἐγεννήθην,
3397 1720 3541 1774 ὅπου
3588 1737 3685 1772 πε-

2096 1807 2304 1878 ριουσία
2351 1812 2670 1880 χρημάτων,
2720 1809 2814 1861 καὶ
2865 1806 3194 1878 περιφάνεια
3245 1803 3487 1872 γονέων·
3551 1804 3686 1855 ὅπου

2090 1891 2285 1960 κτῆσις
2338 1892 2654 1963 πολυτελὴς,
2703 1892 2798 1944 καὶ
2847 1891 3017 1960 φίλων
3055 1887 3362 1958 εὐημερία;
3410 1886 3535 1939 ἀλλ’
3567 1885 3686 1939 ἐλυ-

2093 1977 2246 2028 πεῖτο
2275 1974 2374 2046 μέν
2407 1975 2544 2046 πρὸς
2572 1975 2633 2028 τὸ
2658 1974 2854 2044 παρὸν,
2889 1973 2948 2026 οὐ
2986 1971 3266 2042 παρήκουε
3291 1970 3377 2023 δέ·
3421 1969 3500 2033 ῶς
3537 1969 3689 2036 φιλό-

2089 2074 2250 2121 τοπος
2281 2057 2389 2130 γὰρ
2415 2059 2687 2128 ἠγωνιᾶτο
2713 2056 3056 2121 καταλιπεῖν,
3083 2054 3158 2117 ὡς
3179 2052 3426 2123 φιλόθεος
3451 2050 3513 2105 δὲ
3537 2052 3688 2104 ἐπεί-

2092 2141 2214 2194 θετο
2262 2142 2356 2196 καὶ
2403 2143 2679 2212 ὐπήκουε’
2734 2140 2828 2195 καὶ
2877 2138 2937 2192 τό
2973 2137 3306 2207 θαυμαστὸν,
3351 2134 3478 2191 οὗτε
3529 2131 3688 2188 εἶπεν

2093 2224 2242 2295 αὐτῷ
2269 2227 2297 2278 6
2327 2224 2458 2287 Θεὸς
2487 2227 2566 2288 είς
2605 2227 2755 2278 ποῖον
2785 2223 2969 2290 τόπον,
2997 2221 3135 2277 ἀλλὰ
3154 2220 3232 2292 τῷ
3262 2221 3563 2291 ἀδιορίστῳ
3592 2220 3683 2272 τοῦ

2091 2307 2350 2378 ὀνόματος
2393 2307 2700 2378 ἐγύμνασεν
2749 2305 2914 2360 αὐτοῦ
2947 2305 3046 2372 τὴν
3085 2303 3428 2376 προαίρεσιν.
3472 2303 3544 2356 Et
3577 2303 3686 2371 γὰρ

2091 2387 2242 2443 εἶπεν
2273 2391 2440 2463 αὐτῷ,
2485 2392 2568 2444 ὅτι
2601 2392 2681 2455 εἰς
2707 2389 2812 2459 γῆν
2843 2406 2902 2441 σε
2939 2388 3047 2460 ἔχω
3086 2389 3393 2456 ἀπαγαγεῖν
3446 2387 3686 2458 ῥέουσαν

2092 2475 2228 2543 γάλα
2265 2475 2357 2527 καὶ
2386 2475 2526 2545 μέλι,
2572 2475 2855 2545 εὑρίσκετο
2886 2474 2914 2524 6
2965 2472 3216 2542 Ἀϐραὰμ
3250 2471 3311 2527 οὐ
3347 2477 3504 2541 φωνῇ
3548 2469 3685 2523 Θεοῧ

2092 2559 2430 2624 ὑπακούσας,
2476 2558 2613 2612 ἀλλά
2639 2558 2742 2628 γῆν
2777 2557 2883 2626 γῆς
2914 2557 3233 2629 προκρίνας.
3286 2553 3552 2625 Ἐξῆλθεν
3597 2550 3686 2608 οὖν

2104 2640 2358 2713 Ἀϐραὰμ
2433 2641 2508 2713 μὴ
2559 2640 2920 2712 ἐπιστάμενος
2968 2638 3072 2693 ποῦ
3142 2639 3464 2709 ἀπέρχεται.
3533 2632 3689 2697 Εἶδες

2095 2724 2287 2777 πολιὰν
2341 2723 2748 2794 σεμνυνομένην
2820 2723 2878 2776 ἐν
2937 2721 3364 2794 κατορθώμασι;
3439 2717 3690 2772 Τοιαῦτα

2091 2807 2222 2877 γὰρ,
2254 2807 2330 2871 ὡς
2360 2809 2639 2878 προεῖπον,
2688 2807 2758 2861 τά
2789 2805 3064 2877 ἡμέτερα·
3097 2807 3198 2858 οὐκ
3247 2803 3436 2858 ἀτονία
3495 2804 3692 2874 γήρως

2092 2890 2234 2943 αὐτὰ
2271 2891 2618 2955 καταϐάλλει,
2655 2890 2716 2945 οὐ
2759 2891 2950 2962 χρόνος
2978 2889 3121 2943 αὐτά
3156 2888 3448 2961 μαραίνει·
3481 2888 3550 2939 οὐ
3583 2888 3692 2956 γὰρ

2093 2975 2151 3027 ἐν
2195 2974 2438 3044 σώμασίν
2477 2977 2624 3028 ἐστιν
2659 2975 2692 3045 ἡ
2745 2973 2927 3037 πολιὰ,
2972 2972 3090 3026 ἀλλ’
3133 2975 3189 3027 ἐν
3237 2972 3422 3042 ψυχῇο
3469 2969 3559 3023 διδ
3598 2971 3691 3023 καὶ

2093 3059 2348 3131 ἀγήρατά
2380 3059 2550 3112 ἐστιν.
2615 3058 2868 3129 Ἐξῆλθεν
2915 3056 3007 3112 οὖν
3050 3056 3301 3128 ’Δϐραὰμ
3335 3055 3510 3126 μηδὲν
3545 3053 3691 3125 εἱλη-

2096 3141 2232 3210 φὼς,
2266 3142 2380 3195 ἀλλ’
2409 3142 2489 3195 ἔτι
2517 3144 2574 3196 ἐν
2601 3144 2831 3212 σκηναῖς
2870 3142 3172 3197 κατοικῶν·
3201 3141 3294 3194 καὶ
3314 3141 3417 3193 οὐκ
3442 3139 3689 3208 ἠπίστη-

2097 3242 2208 3290 σεν,
2243 3225 2364 3278 οὐδὲ
2407 3226 2736 3296 ἠγωνίασεν
2770 3222 2883 3298 εἶχε
2923 3226 3030 3298 γὰρ
3069 3226 3322 3296 ἐνέχυρον
3360 3223 3690 3287 ἀξιόπιστον

2093 3307 2186 3361 τοῦ
2213 3309 2542 3372 καλέσαντος
2563 3308 2661 3380 τὴν
2697 3311 2900 3380 φωνήν.
2933 3305 3042 3362 Ἧν
3073 3308 3130 3362 δέ
3155 3307 3316 3370 αὐτὸς
3343 3307 3571 3374 ἄγονος,
3598 3309 3691 3358 καὶ

2093 3391 2194 3445 οὐκ
2218 3391 2458 3456 ἐτέκνου,
2496 3392 2610 3445 ἀλλ’
2638 3390 2762 3446 οὔτε
2793 3392 2980 3464 Σάρρα
3009 3393 3044 3462 ἡ
3072 3389 3262 3444 τούτου
3296 3390 3438 3459 γυνή
3457 3407 3472 3420 ·
3524 3389 3688 3442 ἔλαϐε

2093 3471 2150 3525 δέ
2187 3474 2248 3538 ἐξ
2291 3473 2624 3542 ἐπαγγελίας
2670 3475 2785 3527 υίὸν
2830 3474 2921 3528 τὸν
2963 3475 3178 3528 Ἰσαάκο
3217 3473 3305 3525 ὅτε
3348 3471 3472 3543 δέή
3524 3471 3690 3542 φύσις

2094 3555 2464 3627 ἀπηγόρευσε,
2494 3557 2616 3609 τότε
2645 3559 2681 3626 ἡ
2725 3556 2888 3627 χάρις
2914 3556 3229 3626 ἐδωρήσατο
3248 3570 3261 3584 °
3289 3554 3488 3606 ἔλαϐεν
3538 3556 3692 3622 ἀξιό-

2093 3656 2286 3692 πιστον
2316 3639 2506 3710 μισθὸν
2529 3639 2796 3711 ὑπακοῆς,
2830 3639 2967 3694 ἀλλά
2990 3638 3152 3691 τοῦτο
3180 3637 3254 3709 μὴ
3281 3637 3441 3699 εἰδώς
3460 3655 3473 3666 ·
3499 3639 3554 3691 εί
3581 3637 3690 3708 γάρ

2093 3724 2232 3795 ⁴ᾔδει,
2280 3724 2431 3778 οὐδὲν
2460 3722 2775 3788 ἀξιόπιστον
2807 3719 2876 3795 ἦν
2925 3725 3178 3794 ποιήσας.
3210 3720 3314 3775 Καὶ
3358 3722 3449 3775 ἵνα
3480 3721 3685 3792 μάθῃς,

2093 3809 2176 3862 δτι
2227 3807 2287 3860 οὐ
2320 3807 2408 3861 διὰ
2453 3807 2611 3861 τοῦτο
2668 3807 2969 3880 ὑπήκουσε,
3020 3806 3184 3876 βλέπε
3220 3805 3338 3867 πῶς
3383 3807 3481 3858 καὶ
3521 3806 3686 3858 αὐτὸν

2095 3891 2447 3961 κελευόμενος
2493 3890 2700 3945 ἀνελεῖν
2746 3892 2807 3945 οὐ
2842 3891 3168 3962 παρακούει,
3210 3889 3347 3942 ἀλλὰ
3387 3888 3487 3958 τὴν
3524 3888 3687 3957 φύσιν

2099 3975 2298 4046 ῥίπτει,
2328 3975 2422 4027 καὶ
2464 3975 2563 4045 τὴν
2599 3974 2874 4044 φιλοθεϊαν
2904 3975 3238 4040 ἀσπάζεται,
3281 3975 3351 4026 τὰ
3395 3973 3689 4042 σπλάγχνα

2096 4073 2421 4134 καταπατεῖ,
2464 4071 2558 4124 καλ⁸
2600 4069 2695 4123 τοῦ
2742 4070 3071 4134 καλέσαντος
3112 4071 3213 4124 οὐκ
3250 4070 3575 4139 ἀφίσταται.
3625 4074 3690 4126 Τί

2095 4151 2187 4208 οὖν
2239 4154 2374 4225 πρὸς
2418 4154 2626 4208 αὐτὺνό
2669 4155 2836 4221 Θεός;
2885 4155 3158 4224 Ἀϐραὰμ,
3215 4154 3499 4223 Ἀϐραάμ.
3546 4157 3689 4210 Ὀδὲ

2095 4234 2282 4292 εἶπεν⁶
2335 4236 2493 4291 Ἰδοὺ
2521 4237 2663 4308 ἐγώ·
2700 4238 2790 4292 καὶ
2833 4233 2986 4290 εἷπε·
3023 4237 3178 4291 Λάϐε
3218 4237 3326 4290 τὸν
3378 4240 3521 4291 υἱόν
3571 4255 3686 4292 σου

2094 4321 2201 4375 τὸν
2253 4321 2582 4392 ἀγαπητὸν,
2629 4320 2701 4375 ὃν
2736 4321 3078 4392 ἠγάπησας,
3131 4321 3238 4375 τὸν
3291 4322 3524 4386 Ἰσαὰκ,
3589 4324 3685 4375 καί

2094 4403 2378 4475 ἀνένεγκε
2437 4403 2625 4458 αὐτὸν
2665 4406 2754 4470 είς
2811 4405 3233 4472 ὀλοκὰρπωσιν
3284 4404 3376 4473 ἐφ’
3440 4405 3514 4458 ἓν
3571 4407 3685 4458 τῶν

2094 4486 2299 4556 ὀρέων,
2329 4483 2418 4540 ὧν
2452 4487 2529 4540 ἄν
2557 4501 2654 4540 σοι
2691 4487 2858 4541 εἴπω.
2891 4485 3028 4540 Οὔτε
3059 4486 3117 4539 τὸ
3145 4487 3267 4560 ὅρος
3298 4487 3451 4558 αὐτῷ
3478 4489 3684 4559 ἐδήλωσ

2097 4587 2209 4634 σεν,
2244 4569 2380 4623 ἀλλά
2414 4569 2491 4641 τῷ
2519 4569 2806 4644 ἀδιορίστῳ
2838 4570 2930 4623 τοῦ
2961 4570 3118 4642 ὄρους
3152 4573 3232 4633 είς
3265 4571 3491 4625 πλείονα
3523 4575 3684 4627 αὐτὸν

2094 4652 2333 4723 ἀθυμίαν
2389 4651 2659 4706 ἐνέϐαλεν.
2729 4652 2872 4705 Ἀλλ’
2924 4654 3073 4724 ὅμως
3116 4653 3322 4709 τούτων
3373 4655 3537 4707 οὐδὲν
3599 4657 3687 4709 τὸν

2107 4736 2359 4808 Ἀϐραὰμ
2407 4735 2745 4807 ἐθορύϐησε⁸
2801 4737 3002 4808 μᾶλλον
3048 4737 3105 4791 δέ
3155 4738 3250 4789 καὶ
3303 4737 3681 4812 ἐθορύϐησεν

2094 4820 2300 4891 ἔπασχε
2337 4820 2438 4889 μὲν
2474 4820 2584 4892 γὰρ
2605 4819 2674 4873 τὰ
2706 4819 2802 4874 τοῦ
2832 4820 3143 4895 ἀνθρώπου,
3175 4822 3277 4876 οὐκ
3298 4822 3508 4895 ἔπασχε
3542 4826 3605 4880 δὲ
3624 4826 3686 4880 τὰ

2093 4916 2193 4986 τῆς
2225 4915 2528 4986 ἁμαρτίας⁸
2561 4915 2948 4982 ἐκλυδωνίζετο
2983 4918 3083 4989 μὲν
3113 4917 3189 4981 ὡς
3217 4917 3424 4989 πατὴρ,
3471 4920 3539 4972 οὗ
3589 4939 3686 4973 κα-

2093 4997 2436 5062 τεποντίζετο
2467 4999 2526 5052 δὲ
2552 4999 2627 5063 ῶς
2653 4999 2898 5068 φιλόθεος
2918 5015 2933 5029 ·
2973 5001 3042 5054 τὰ
3067 5000 3355 5070 σπλάγχνα
3381 5001 3683 5071 ἀνήπτετο,

2094 5079 2208 5134 ἀλλ’
2243 5082 2276 5151 ἡ
2323 5080 2505 5144 πίστις
2535 5080 2709 5135 ἐνίκα.
2746 5082 2838 5154 Μὴ
2874 5081 2982 5154 γὰρ
3022 5082 3204 5153 εἴπῃς,
3233 5083 3315 5136 ὅτι
3353 5083 3517 5137 οὐδὲν
3559 5085 3686 5138 ἐπα-

2096 5180 2223 5235 σχεν
2245 5164 2273 5216 ὁ
2315 5163 2565 5236 Ἀϐραάμ
2583 5180 2595 5193 ·
2629 5163 2882 5236 ἐννόησον
2915 5165 3030 5228 πῶς
3058 5165 3420 5236 ἐπυρπολεῖτο
3449 5167 3686 5221 ὐπὸτῶν

2097 5245 2416 5315 σπλάγχνων
2449 5245 2822 5317 ἐλαυνόμενος,
2877 5247 2971 5301 καὶ
3019 5245 3183 5318 βλέπε
3225 5247 3324 5317 τὴν
3358 5248 3686 5318 φιλοσοφίαν

2095 5327 2281 5382 αὐτοῦ.
2307 5328 2443 5381 Οὐδὲ
2463 5331 2530 5400 τῇ
2563 5329 2750 5400 Σάρῤᾳ
2769 5329 2917 5399 λέγει
2937 5346 2952 5360 ⁸
2985 5330 3238 5384 ἐδεδοίκει
3270 5329 3397 5400 γάρ,
3432 5333 3509 5402 μή
3555 5350 3684 5385 πστε

2095 5410 2362 5483 ἐμποδίσῃ
2399 5410 2478 5482 τῷ
2525 5413 2814 5485 μυστηρίῳ
2851 5413 2929 5485 τῷ
2979 5414 3404 5486 ἐπιτελουμένῳ.
3459 5415 3528 5469 Εἰ
3578 5417 3682 5486 γὰρ

2096 5487 2272 5558 εἶπεν,
2317 5493 2459 5557 είκδς
2521 5495 2691 5565 αὐτὴν
2738 5496 3140 5567 ἐπιστομίζειν,
3173 5498 3268 5551 καὶ
3302 5497 3523 5566 λέγειν·
3570 5499 3680 5551 Ποῦ

2095 5577 2318 5645 ἀνάγεις
2357 5576 2447 5630 τὸν
2499 5577 2611 5631 υἱόν
2647 5595 2763 5644 σου,
2811 5580 2870 5633 ὂν
2924 5581 3060 5653 παρ’
3091 5580 3317 5643 ἐλπίδας
3363 5580 3588 5642 ἔλαϐον,
3623 5582 3679 5633 ὃν

2094 5659 2216 5712 κατ’
2261 5659 2590 5727 ἐπαγγελίαν
2631 5661 2919 5732 ἐδεξάμην,
2967 5663 3025 5715 ὃν
3069 5661 3189 5715 ἀντὶ
3229 5663 3328 5732 τῆς
3368 5663 3677 5731 φιλοξενίας

2094 5742 2307 5806 ἔλαϐον,
2355 5744 2415 5797 ὃν
2456 5745 2513 5798 ἐν
2558 5746 2768 5817 ἐσχάτῳ
2809 5749 2955 5818 γήρᾳ
2998 5747 3294 5818 ἐχαρίσατό
3330 5749 3472 5818 μοιό
3506 5749 3674 5809 inde;

2093 5825 2198 5880 ποῦ
2228 5825 2390 5881 αὐτόν
2412 5827 2661 5898 ἀνάγειςς
2693 5829 2795 5884 πού
2826 5830 2988 5885 αὐτὸν
3017 5829 3350 5900 λαμϐάνεις;
3387 5830 3570 5895 οὐδείς
3596 5847 3674 5884 σοι
