3800 6282
111 396 215 451 757

116 507 1293 545 Μ’...

1448 375 1537 430 DE
1578 372 1800 429 ΒΕΑΤΟ
1832 371 2182 426 ABRAHAM.

1134 594 1290 676 DE
1341 589 1715 673 ΒΕΑΤο
1777 527 2337 673 ABRAHAM

1620 764 1872 806 ORATIO.

1504 911 1986 939 summ-

194 1038 245 1093 1.
287 1032 351 1091 1η
377 1036 719 1090 ecclesiasticis
744 1028 1021 1087 aetionibus
1051 1041 1278 1088 senectus
1313 1047 1412 1085 non
1444 1029 1596 1082 obest.
1630 1057 1701 1068 --

118 1127 339 1183 V'idistis
357 1127 430 1199 (α)
450 1124 699 1181 canitiem
717 1134 978 1195 vegetam,
998 1139 1061 1179 ac
1083 1122 1326 1177 ﬂoridam
1342 1116 1704 1176 senectutem?

118 1220 329 1275 vidistis
360 1218 614 1273 athletam
646 1232 997 1288 generosum,
1029 1224 1082 1271 et
1111 1230 1232 1270 eum
1265 1222 1455 1267 natura
1482 1209 1703 1265 visceri-

123 1310 332 1379 busque
377 1306 733 1379 pugnantem?
759 1305 964 1361 vidistis
993 1307 1166 1366 virum
1208 1305 1260 1359 in
1291 1313 1530 1359 extremo
1557 1301 1706 1355 senio

120 1405 407 1458 adamante
455 1384 774 1454 ﬁrmiorem?
821 1399 974 1453 Vires
1030 1398 1247 1467 quidem
1297 1395 1537 1465 corporis
1594 1392 1708 1462 ejus

121 1496 507 1563 elanguerant,
540 1491 636 1545 sed
664 1492 779 1560 ejus
826 1488 947 1545 ﬁdei
985 1490 1135 1561 vigor
1172 1489 1544 1543 corroboratus
1572 1494 1706 1540 erat.

123 1584 279 1639 Talia
299 1591 422 1637 sunt
449 1584 589 1636 enim
612 1580 867 1636 Ecclesiae
898 1580 1153 1649 praeclara
1182 1578 1438 1643 facinora,
1472 1583 1527 1631 ut
1554 1575 1713 1629 imbe-

123 1676 319 1732 cillitas
345 1673 587 1743 corporis
626 1671 749 1727 ﬁdei
791 1670 1128 1725 alacritatem
1176 1684 1281 1722 non
1333 1666 1529 1721 laedat:
1557 1680 1714 1719 orna-

123 1775 368 1821 mentum
395 1763 590 1834 quippe
606 1761 957 1817 estEcclesiae
983 1760 1202 1815 canities
1227 1758 1477 1822 demissa,
1499 1767 1553 1812 et
1582 1756 1715 1811 ﬁdes

126 1856 230 1910 alis
261 1855 542 1919 instructa,
572 1859 624 1905 et
652 1851 750 1905 hac
781 1864 839 1905 re
864 1850 1199 1919 potissimum
1222 1848 1461 1903 Ecclesia
1484 1848 1712 1901 laztatur.

126 1946 264 2001 Nam
305 1946 358 1998 in
403 1942 642 2013 profanis
672 1941 888 2011 quidem
920 1941 1145 2010 negotiis
1176 1939 1376 1994 inutilis
1402 1946 1485 1993 est
1512 1952 1675 1992 senex
1698 1979 1715 2003 ,

125 2053 233 2093 nec
258 2036 420 2091 ullam
453 2035 522 2089 ad
543 2050 658 2089 rem
688 2032 913 2088 idoneus
939 2049 953 2098 ;
981 2031 1073 2085 sed
1101 2030 1295 2099 ubique
1323 2029 1511 2100 dignus
1539 2028 1714 2082 indul-

128 2129 311 2200 gentia
341 2134 606 2191 censetur,
633 2124 773 2195 quod
802 2130 1021 2194 propter
1052 2121 1469 2177 imbecillitatem
1500 2119 1566 2174 ad
1594 2134 1720 2174 usus

126 2222 261 2275 vitm
288 2218 629 2274 necessarios
649 2218 868 2271 minime
897 2214 1071 2269 valeat
1087 2212 1447 2268 commodare.
1477 2211 1721 2279 Exempli

132 2326 321 2375 causa,
346 2326 451 2363 non
478 2317 655 2378 potest
675 2322 842 2363 senex
871 2306 928 2361 in
956 2304 1096 2361 bello
1122 2314 1264 2358 stare
1292 2304 1346 2357 in
1377 2303 1509 2369 acie,
1536 2316 1640 2356 non
1670 2301 1723 2355 in

130 2417 336 2471 equum
363 2401 676 2467 ascendere,
717 2415 822 2454 non
848 2398 1055 2453 hastam
1082 2397 1314 2463 vibrare,
1345 2410 1454 2449 non
1477 2394 1722 2466 clypeum

134 2510 380 2561 movere,
412 2509 519 2548 non
547 2493 673 2553 solis
699 2492 945 2547 ardorem
973 2491 1138 2558 ferre,
1171 2504 1278 2544 non
1308 2487 1513 2542 itineris
1553 2485 1725 2555 longi-

129 2588 379 2643 tudinem
423 2586 706 2652 sustinere,
738 2600 845 2639 non
884 2584 1038 2638 famis
1068 2582 1439 2652 asperitatem,
1470 2594 1579 2633 non
1612 2592 1726 2631 mo-

130 2681 247 2735 iem
276 2679 597 2733 tumultuum
626 2677 889 2740 tolerare;
929 2673 1029 2729 sed
1061 2673 1341 2742 tranquillo
1370 2672 1427 2726 in
1449 2670 1570 2725 loco
1593 2669 1729 2724 cani-

130 2771 236 2825 tiei
261 2768 558 2839 patrocinio
580 2768 755 2822 fretus
784 2765 954 2821 sedet.
980 2764 1095 2819 Hoc
1112 2779 1239 2819 vero
1269 2763 1322 2817 in
1346 2762 1565 2832 navigiis
1592 2774 1727 2830 quo-

130 2878 250 2930 que
270 2861 418 2916 cerni
441 2867 615 2929 potest
630 2858 722 2912 :‘ad
746 2857 1101 2929 gubernacula
1123 2854 1307 2925 nequit
1328 2868 1497 2908 senex
1520 2852 1727 2919 sedere,

136 2968 254 3008 non
280 2952 450 3005 maria
476 2951 703 3013 sulcare,
727 2963 832 3002 non
855 2962 1061 3002 remum
1089 2945 1307 3012 dueere,
1335 2959 1439 2998 non
1470 2943 1588 2998 vela
1619 2951 1733 2996 ten-

139 3045 301 3111 dere,
325 3059 431 3099 non
452 3041 736 3097 contrariis
757 3040 929 3094 ventis
950 3038 1237 3105 obsistere,
1266 3052 1370 3092 non
1393 3037 1732 3106 asperitatem

140 3137 361 3209 frigoris
384 3136 510 3205 pati,
533 3149 638 3189 non
659 3132 801 3187 aliud
826 3131 1097 3202 quidpiam
1123 3128 1380 3199 ejusmodi
1413 3136 1586 3197 potest
1611 3141 1724 3195 per-

139 3229 334 3292 licere,
360 3224 452 3279 sed
494 3225 547 3277 in
588 3224 709 3277 navi
752 3221 924 3287 sedet,
954 3230 1113 3291 atque
1142 3220 1312 3274 aetatis
1342 3233 1499 3273 causa
1526 3216 1734 3270 veniam

140 3320 425 3387 impetrat.
451 3314 565 3368 lloc
611 3314 781 3382 ipsum
814 3318 868 3367 e't
909 3312 963 3365 in
1005 3308 1253 3381 agricolis
1297 3318 1538 3378 Spectari:
1568 3307 1733 3360 licet:

134 3420 276 3462 nam
308 3419 483 3475 neque
505 3403 717 3458 trahere
746 3411 977 3456 aratrum
1006 3410 1200 3471 potest,
1234 3415 1407 3469 neque
1436 3399 1611 3453 sulcos
1634 3398 1739 3451 im-

142 3500 407 3569 primere,
439 3511 545 3550 non
571 3509 828 3565 equorum
858 3493 1092 3547 domitor
1124 3492 1256 3557 ﬁeri,
1290 3505 1464 3560 neque
1489 3489 1737 3544 robusto—

137 3605 274 3645 rum
319 3590 479 3643 boum
525 3588 630 3641 vim
660 3588 938 3651 sustinere,
983 3600 1083 3639 nec
1130 3595 1291 3639 aestus
1334 3584 1612 3653 impetum,
1640 3596 1739 3636 nec

136 3678 470 3749 gravitatem
517 3676 732 3742 caloris,
778 3690 880 3730 nec
922 3675 1122 3744 ligonis
1170 3673 1418 3743 pondus,
1453 3687 1550 3727 nec
1595 3671 1739 3726 aliud

138 3768 371 3839 quidvis
401 3782 582 3822 eorum
603 3808 617 3832 ,
650 3780 768 3836 qua:
798 3766 863 3820 ad
896 3774 1090 3820 terram
1121 3764 1397 3819 colendam
1425 3772 1548 3817 sunt
1576 3762 1691 3816 usui
1725 3778 1737 3813 :

142 3859 429 3915 sed'domi
456 3857 721 3923 considet,
751 3865 803 3911 et
841 3856 1052 3910 ο.πηίιίθί
1092 3855 1434 3909 excusatione
1462 3869 1519 3908 se
1546 3861 1738 3907 tuetur.

148 3953 232 4004 At
261 3965 368 4003 non
400 3950 467 4001 ita
495 3962 553 4001 se
583 3947 779 4001 habent
803 3962 889 4000 res
911 3946 1188 4007 Ecclesia);
1212 3945 1305 3998 sed
1331 3944 1419 3998 ubi
1444 3959 1736 3998 consenue-

148 4043 272 4095 rint
299 4041 386 4109 qui
419 4054 538 4092 cum
571 4039 762 4092 virtute
784 4038 950 4090 vitam
992 4036 1313 4101 traducunt,
1350 4044 1473 4089 tunc
1505 4035 1744 4089 utiliores

144 4135 504 4189 redduntur:
539 4148 643 4186 non
672 4133 813 4185 enim
845 4131 1088 4199 corporis
1116 4130 1297 4195 robur,
1329 4128 1422 4183 sed
1455 4128 1574 4183 ﬁdei
1605 4143 1743 4196 pra:-

150 4224 365 4280 stantia
392 4224 669 4293 quaeritur.
702 4223 847 4276 Talis
876 4230 992 4276 erat
1027 4220 1324 4284 Abraham,
1351 4219 1438 4273 cui
1464 4219 1601 4272 vires
1628 4233 1746 4273 cor-

146 4315 316 4385 poris
358 4314 731 4383 elanguerant,
772 4312 866 4366 sed
898 4312 1012 4381 ipse
1038 4310 1159 4364 ﬁdei
1188 4310 1379 4364 robore
1404 4308 1747 4363 conﬁrmatus

149 4414 286 4461 erat
312 4422 326 4456 :
355 4417 516 4457 senex
543 4410 679 4469 erat,
709 4400 803 4455 sed
845 4403 895 4454 in
934 4408 1179 4455 extrema
1210 4408 1483 4454 senectute
1508 4414 1627 4453 cum
1655 4413 1748 4451 na-

152 4506 290 4551 tura
318 4493 600 4564 pugnabat,
628 4502 681 4547 ct
712 4493 1024 4561 praeclarum
1064 4492 1132 4546 de
1168 4505 1229 4546 ea
1259 4486 1582 4559 triumphum
1622 4504 1747 4558 age-

146 4586 265 4639 bat
290 4602 303 4637 :
330 4598 491 4638 senex
518 4592 655 4647 erat,
678 4580 772 4635 sed
798 4581 1065 4634 robustior
1084 4580 1232 4634 ferro
1280 4588 1441 4650 atque
1470 4579 1749 4633 adamante

152 4674 403 4730 ﬁrmior.
446 4673 521 4725 Ac
567 4671 775 4740 juvenis
822 4668 1034 4738 quidem
1078 4684 1199 4723 cum
1250 4678 1420 4734 esset,
1465 4669 1596 4722 nihil
1645 4668 1751 4723 tale

144 4763 448 4837 prmstitit;
480 4778 600 4816 cum
622 4777 751 4816 vero
777 4775 943 4830 prope
972 4769 1157 4814 exacta
1181 4760 1291 4829 jam
1330 4768 1459 4815 aetas
1502 4768 1645 4814 esset
1687 4774 1749 4814 ac

147 4857 425 4918 decursa,
444 4860 560 4904 tum
589 4851 914 4918 triumphum
943 4850 1269 4917 reportavit;
1296 4849 1348 4902 in
1378 4857 1611 4903 extrema
1638 4856 1754 4902 erat

145 4942 402 5004 cam‘tie,
431 4940 522 4994 sed
554 4940 784 4995 canities
827 4939 1206 5008 impedimento
1231 4954 1338 4994 non
1385 4950 1538 4994 erat:
1569 4954 1753 5008 quam-

150 5035 364 5086 obrem
408 5045 527 5083 cum
574 5029 690 5100 ejus
716 5029 1023 5083 ﬁrmitatem
1054 5029 1292 5083 novisset
1317 5028 1479 5095 Deus,
1511 5032 1755 5098 apparuit

151 5124 277 5186 illi,
306 5128 360 5173 et
387 5120 463 5172 ait
488 5136 501 5171 :
531 5118 777 5189 Egredere
801 5118 863 5171 de
887 5128 1019 5170 terra
1042 5127 1146 5183 tua,
1172 5128 1218 5170 et
1244 5119 1307 5171 de
1328 5116 1620 5187 cognatione
1646 5126 1750 5183 tim,

151 5226 208 5269 et
235 5215 312 5266 de
334 5212 481 5265 domo
502 5212 659 5280 patris
683 5210 777 5275 tui,
805 5218 851 5262 et
878 5210 989 5262 veni
1016 5209 1068 5261 in
1094 5219 1276 5261 terram
1295 5225 1443 5277 quant
1470 5210 1754 5262 monstrabo

148 5305 262 5359 (ibi
299 5296 641 5369 (GenJQJ).
671 5299 854 5353 Paruit
882 5299 1149 5352 Abraham
1192 5298 1353 5361 dicto,
1400 5299 1608 5352 tametsi
1642 5296 1754 5368 jam

148 5406 344 5449 senex
372 5390 647 5459 deinceps,
677 5398 729 5444 et
748 5404 978 5458 corpore
1007 5390 1281 5443 imbecillis
1304 5399 1461 5454 esset,
1486 5405 1586 5443 nec
1616 5392 1755 5459 apud

146 5502 221 5541 sc
274 5481 595 5549 dixitzQuo
638 5482 849 5535 tandem
901 5482 952 5535 in
996 5492 1233 5536 extrema
1275 5492 1547 5537 senectute
1585 5482 1757 5537 disce-

146 5573 340 5633 dam?
361 5573 647 5626 domumne
676 5574 841 5644 patris
868 5574 969 5627 mei
993 5615 1007 5640 ,
1036 5582 1355 5643 terramque,
1388 5576 1440 5627 in
1469 5590 1572 5643 qua
1604 5585 1757 5631 natus

143 5679 326 5725 sum,
350 5662 752 5731 derelinquam?
774 5664 859 5717 ubi
890 5664 1229 5732 pecuniarum
1252 5664 1425 5734 copia,
1450 5674 1757 5733 parentum-

227 5772 320 5836 (α)
355 5778 409 5819 tn
436 5769 645 5821 colbert.
669 5773 838 5824 Codice
861 5776 1019 5825 omnia
1040 5788 1124 5825 sus
1154 5775 1317 5838 deque
1340 5788 1479 5827 versa
1502 5784 1633 5827 sunt.

1812 1043 1914 1096 que
1945 1029 2229 1083 nobilitas?
2256 1030 2343 1085 ubi
2373 1030 2636 1100 opulentae
2669 1032 3031 1100 possessiones
3056 1041 3114 1087 et
3142 1047 3388 1088 commn-

1808 1119 1945 1173 ditas
1984 1122 2315 1175 amicorum?
2350 1123 2525 1192 Atque
2562 1139 2628 1178 ex
2667 1132 2908 1193 tempore
2949 1124 3161 1194 quidem
3206 1124 3391 1179 dolore

1809 1209 2157 1278 afﬁciebatur,
2207 1213 2301 1267 sed
2350 1228 2538 1283 parere
2588 1222 2764 1269 tamen
2815 1230 2921 1269 non
2969 1218 3295 1272 recusabat:
3334 1230 3392 1271 ut

1816 1316 1998 1355 amans
2022 1302 2227 1370 patrias,
2251 1302 2422 1357 deseri
2447 1318 2564 1357 eam
2596 1318 2624 1357 a
2648 1320 2710 1358 se
2735 1304 2982 1371 dolebat;
3012 1316 3070 1360 ut
3096 1307 3185 1361 Dei
3207 1322 3394 1361 amans
3434 1302 3437 1306 ’

1813 1399 1867 1445 et
1890 1391 2029 1461 pius,
2060 1393 2279 1461 parebat
2312 1400 2365 1447 et
2392 1408 2599 1448 morem
2628 1398 2843 1463 gerebat
2870 1414 2883 1449 :
2913 1397 3159 1468 quodque
3194 1401 3396 1468 permi-

1814 1498 1930 1537 rum
1960 1492 2094 1551 erat,
2124 1500 2193 1538 ne
2223 1485 2355 1563 dixit
2394 1486 2606 1554 quidem
2637 1487 2714 1541 illi
2740 1487 2900 1554 Deus,
2931 1488 2983 1542 in
3022 1505 3179 1558 quem
3218 1491 3395 1545 locum

1815 1572 2047 1627 eundum
2076 1584 2254 1640 esset;
2283 1584 2337 1629 at
2358 1576 2503 1630 nullo
2533 1592 2652 1631 eum
2682 1578 2896 1633 nomine
2922 1579 3206 1650 designans
3228 1581 3397 1651 ipsius

1816 1662 2052 1717 animum
2079 1666 2319 1719 exercuit
2340 1680 2406 1719 ac
2438 1667 2678 1721 tentavit.
2708 1666 2762 1722 Si
2795 1670 2937 1724 enim
2966 1670 3041 1724 illi
3068 1670 3309 1736 dixisset,
3345 1672 3399 1726 lu

1819 1762 2014 1809 terram
2043 1763 2093 1811 te
2122 1770 2239 1811 sum
2266 1757 2399 1812 lacte
2428 1773 2489 1813 ac
2518 1760 2674 1814 melle
2703 1771 3005 1815 manantem
3051 1762 3394 1826 abducturus.

1818 1852 1930 1899 tum
1960 1862 2065 1900 non
2094 1848 2208 1901 veci
2248 1848 2441 1902 divina:
2481 1849 2746 1903 Abraham
2780 1852 3038 1919 paruisse,
3072 1852 3165 1907 sed
3203 1862 3400 1908 terram

1823 1945 1976 1991 terra:
2030 1938 2325 2005 praetulisse
2398 1942 2739 2008 reperiretur.
2797 1943 3054 2012 Egressus
3108 1954 3192 1999 est
3248 1946 3406 2015 igitur

1822 2026 2110 2092 Abraham,
2153 2030 2399 2083 nesciens
2428 2045 2533 2099 quo
2567 2031 2759 2085 abiret.
2786 2032 2948 2087 Vides
2974 2035 3224 2089 canitiem
3264 2051 3406 2105 prte-

1823 2117 1982 2172 claris
2025 2119 2346 2174 facinoribus
2382 2120 2709 2189 gloriosam?
2735 2122 2877 2177 Talis
2904 2125 3046 2178 enim
3067 2134 3169 2193 est,
3201 2134 3257 2179 ut
3284 2136 3408 2182 ante

1824 2209 1954 2275 dixi,
1985 2226 2163 2265 rerum
2190 2220 2359 2266 status
2388 2222 2721 2279 nostrarum;
2752 2231 2857 2269 non
2879 2231 2969 2270 eas
2995 2219 3286 2272 senectutis
3309 2220 3406 2272 im-

1825 2300 2081 2354 becillitas
2108 2301 2379 2370 deprimit,
2403 2318 2507 2357 non
2538 2319 2631 2358 eas
2658 2313 2867 2375 tempus
2888 2306 3168 2362 labefactat
3194 2324 3210 2361 :
3239 2324 3411 2374 neque

1827 2391 1969 2445 enim
1996 2392 2219 2448 canities
2248 2402 2329 2447 est
2372 2395 2425 2448 in
2466 2397 2798 2465 corporibus,
2831 2398 2923 2453 sed
2954 2400 3004 2453 in
3034 2401 3243 2464 anima;
3278 2416 3412 2472 qua-

1827 2490 2048 2551 propter
2069 2498 2240 2552 ueque
2264 2485 2501 2539 sentiunt
2528 2496 2880 2543 senectutem.

1904 2573 2210 2630 Obedientiaz
2270 2594 2454 2632 merces
2504 2583 2695 2648 fructus
2733 2582 2970 2648 'ventris;
3022 2599 3110 2637 cur
3153 2584 3409 2638 Abraham

1834 2665 2097 2719 consilium
2143 2684 2291 2720 suum
2335 2673 2398 2721 de
2428 2671 2737 2725 immolando
2764 2672 2914 2726 Isaac
2952 2676 3101 2727 uxori
3150 2692 3249 2730 non
3291 2694 3415 2746 ape-

1832 2756 2009 2810 ruerit.
2036 2757 2389 2826 —-Egressus
2412 2769 2495 2815 est
2532 2762 2689 2830 igitur
2736 2763 3003 2818 Abraham
3054 2766 3187 2820 nihil
3230 2781 3409 2821 secum

1834 2848 2121 2916 accipiens,
2149 2848 2241 2903 sed
2294 2853 2345 2903 in
2393 2852 2633 2905 tentoriis
2663 2853 2836 2907 adhuc
2867 2854 3126 2919 habitans,
3160 2867 3214 2910 et
3243 2857 3418 2912 incre-

1835 2936 1992 2991 dulus
2013 2954 2117 2993 non
2146 2938 2278 3005 fuit,
2326 2957 2497 3010 neque
2524 2941 2783 2997 dubitavit
2807 2962 2819 2998 :
2849 2947 3044 2999 etenim
3098 2947 3280 3001 habuit
3306 2948 3421 3002 idu-

1836 3042 1997 3082 neum
2042 3029 2230 3099 pignus
2280 3030 2396 3099 ejus
2426 3046 2629 3098 vocem,
2686 3048 2715 3086 a
2768 3049 2872 3102 quo
2925 3034 3097 3089 fuerat
3144 3048 3416 3092 evocatus.

1839 3118 2006 3173 Porro
2038 3120 2235 3173 sterilis
2265 3130 2380 3174 erat
2411 3121 2550 3189 ipse,
2593 3138 2762 3191 neque
2793 3124 2991 3178 liberos
3022 3124 3252 3180 habebat
3282 3144 3296 3181 :
3325 3130 3418 3181 sed

1838 3224 2010 3279 neque
2033 3208 2164 3264 Sara
2208 3225 2342 3264 uxor
2367 3211 2522 3280 ejus:
2552 3213 2756 3282 accepit
2792 3223 2971 3268 autem
3019 3230 3081 3269 ex
3126 3220 3420 3285 repromis-

1839 3300 1991 3356 sione
2016 3300 2181 3356 ﬁlium
2212 3302 2358 3357 lsaae
2385 3321 2399 3357 :
2431 3319 2551 3358 eum
2576 3314 2760 3358 natura
2783 3305 3084 3374 defecisset,
3114 3316 3225 3363 tum
3252 3313 3420 3380 gratia

1840 3393 2026 3461 largita
2046 3401 2158 3458 est;
2183 3394 2530 3449 sufﬁcientem
2548 3397 2752 3465 accepit
2768 3397 3081 3453 obedientiae
3098 3402 3421 3468 mercedem,

1846 3492 2214 3539 verumtamen
2245 3502 2367 3540 cum
2394 3486 2495 3541 hoc
2542 3489 2778 3543 nesciret
2808 3507 2823 3544 :
2854 3490 2899 3544 si
2943 3492 3085 3545 enim
3131 3493 3374 3548 seivisset
3408 3538 3423 3559 ,

1844 3576 1976 3632 nihil
2022 3578 2272 3633 eximium
2308 3580 2672 3649 priestitisset.
2706 3584 2878 3652 Atque
2922 3592 2979 3637 ut
3022 3585 3281 3655 intelligas
3320 3603 3427 3641 non

1845 3666 2044 3722 idcirco
2072 3684 2193 3723 eum
2224 3685 2430 3725 morem
2473 3672 2730 3741 gessisse,
2770 3673 2890 3727 vide
2932 3689 3040 3742 quo
3070 3684 3225 3743 pacto
3256 3677 3427 3745 ipsum

1846 3763 2006 3817 etiam
2035 3772 2271 3818 mactare
2287 3754 2488 3833 jusSus,
2519 3778 2708 3833 parere
2752 3782 2857 3820 non
2890 3776 3121 3833 recuset,
3151 3768 3243 3822 sed
3271 3779 3428 3823 natu-

1846 3870 1959 3909 ram
1990 3867 2324 3925 aspernetur,
2348 3867 2402 3913 et
2429 3874 2666 3914 amorem
2697 3862 2787 3914 Dei
2820 3863 3235 3931 complectatur;
3291 3880 3390 3919 con
3410 3894 3427 3904 -

1844 3946 2038 4000 temnit
2069 3963 2166 4002 sua
2197 3949 2426 4013 viscera,
2454 3965 2551 4004 nec
2574 3950 2641 4004 ab
2662 3966 2727 4005 eo
2746 3991 2761 4017 ,
2790 3952 2878 4020 qui
2909 3967 2968 4007 se
2989 3964 3222 4017 vocarat,
3271 3971 3430 4009 aver-

1849 4036 1998 4090 titur.
2030 4036 2166 4102 Quid
2191 4037 2348 4106 igitur
2370 4037 2437 4092 ad
2467 4053 2589 4092 eum
2621 4040 2800 4093 Deus?
2824 4040 3099 4109 Abraham,
3133 4043 3386 4099 Abraham
3411 4063 3429 4098 :

1849 4136 1959 4183 tum
2002 4129 2113 4203 ille,
2161 4129 2295 4183 Ecce
2327 4148 2453 4200 ego;
2501 4139 2608 4185 tum
2658 4132 3047 4201 Deus:Accipe
3092 4136 3255 4203 ﬁlium
3293 4146 3433 4189 tuum

1850 4219 2109 4285 dilectum,
2150 4237 2296 4290 quem
2334 4221 2577 4288 dilexisti,
2609 4221 2781 4289 Isaac,
2834 4234 2879 4278 et
2922 4224 3050 4292 offer
3075 4244 3188 4280 eum
3214 4228 3267 4281 in
3287 4227 3432 4282 holo-

1845 4318 2080 4365 caustum
2122 4328 2274 4379 super
2298 4329 2456 4365 unum
2496 4316 2760 4379 montium,
2792 4332 2917 4385 quos
2939 4317 3025 4370 tibi
3065 4318 3281 4391 dixero(
3302 4320 3430 4374 Gen.

1850 4401 1941 4454 9.2.
1973 4399 2051 4470 2).
2099 4400 2279 4471 Neque
2319 4411 2553 4456 montem
2586 4404 2659 4456 illi
2696 4404 2973 4471 indicavit,
3002 4406 3097 4461 sed
3132 4422 3197 4462 ex
3233 4409 3431 4463 montis

1852 4492 2225 4548 ineertitudine
2262 4495 2521 4563 majorem
2554 4496 2629 4550 illi
2673 4497 2938 4551 tristitiam
2970 4498 3171 4567 injecit.
3202 4501 3270 4553 At
3299 4501 3430 4554 nihil

1852 4583 2044 4637 “horum
2070 4593 2246 4640 tamen
2280 4586 2549 4640 Abraham
2587 4588 2952 4655 perturbavit;
3007 4590 3113 4645 imo
3159 4606 3287 4645 vero
3317 4607 3436 4661 per-

1854 4674 2128 4729 turbavit:
2159 4692 2279 4730 nam
2321 4692 2439 4746 quas
2489 4676 2716 4731 hominis
2758 4686 2900 4743 sunt,
2952 4693 3138 4747 passus
3182 4690 3296 4745 est;
3342 4684 3435 4736 sed

1854 4781 1972 4836 quae
2003 4768 2204 4835 peccati
2234 4777 2378 4830 sunt,
2412 4783 2516 4821 non
2546 4776 2629 4822 est
2652 4782 2875 4836 passus:
2904 4768 3193 4827 ﬁuctuabat
3216 4771 3431 4842 quidem

1856 4868 1913 4912 ut
1943 4870 2112 4929 pater,
2144 4859 2236 4915 sed
2256 4868 2311 4913 ut
2335 4859 2426 4913 Dei
2456 4875 2642 4914 amans
2666 4875 2771 4915 non
2799 4862 3175 4932 mergebatur;
3209 4867 3438 4921 ureban-

1857 4959 1943 5004 tur
1967 4953 2193 5017 viscera,
2233 4950 2327 5005 sed
2376 4950 2507 5004 ﬁdes
2550 4951 2813 5006 vincebat.
2857 4952 3000 5009 Cave
3053 4956 3192 5010 enim
3238 4957 3439 5010 dixeris

1857 5040 1986 5095 nihil
2014 5040 2278 5094 Abraham
2298 5054 2508 5108 passum
2537 5056 2687 5097 esse:
2707 5045 2875 5113 cogita
2890 5061 2993 5113 quo
3006 5054 3160 5115 pacto
3182 5048 3434 5100 incende-

1859 5138 2005 5183 retur
2028 5144 2057 5182 a
2088 5129 2380 5182 visceribus
2404 5141 2700 5186 commotus
2726 5175 2739 5197 ,
2771 5134 2992 5202 ejusque
3044 5135 3434 5204 philosophiam

1860 5227 2061 5287 specta.
2105 5216 2184 5271 Ne
2235 5216 2381 5272 Sarze
2424 5220 2638 5289 quidem
2684 5221 2736 5274 id
2778 5222 3043 5290 signiﬁcat
3074 5240 3088 5276 :
3118 5224 3312 5293 quippe
3347 5230 3435 5293 qui

1862 5311 2090 5373 timeret,
2119 5324 2211 5374 ne,
2254 5326 2361 5379 quo
2404 5312 2577 5365 minus
2598 5313 2910 5382 mysterium
2937 5313 3299 5381 perﬁceretur,
3333 5319 3434 5370 ob-

1862 5409 2046 5455 staret.
2104 5399 2161 5455 Si
2210 5402 2352 5455 enim
2405 5401 2791 5471 signiﬁcasset,
2824 5403 3112 5459 verisimile
3154 5414 3269 5459 erat
3315 5421 3434 5461 eam

1863 5508 2163 5548 sermonem
2193 5494 2307 5563 ejus
2333 5508 2693 5562 repressuram
2722 5493 2885 5548 fuisse
2914 5509 2977 5548 ae
3004 5495 3285 5561 dicturam,
3321 5497 3440 5567 Quo

1863 5587 2025 5639 ﬁlium
2053 5594 2198 5639 tuum
2227 5586 2464 5651 abducis,
2493 5600 2649 5654 quem
2684 5595 2877 5654 praeter
2903 5600 3053 5654 spem
3096 5601 3309 5642 omnem
3349 5604 3441 5642 ac-

1862 5678 2016 5746 cepi?
2035 5692 2191 5748 quem
2214 5675 2506 5732 secundum
2533 5676 2998 5746 repromissionem
3019 5680 3261 5750 suscepi?
3280 5696 3439 5750 quem

1865 5778 2081 5841 propter
2137 5770 2547 5841 hospitalitatem
2590 5769 2833 5825 obtinui?
2880 5785 3038 5841 quem
3092 5772 3145 5827 in
3196 5781 3435 5829 extrema
