3800 6282
397 391 494 442 73.)

402 507 528 560 mihi
552 515 824 562 senectute
856 508 993 561 Deus
1018 506 1235 576 largitus
1281 507 1401 561 est?
1425 521 1528 575 quo
1554 520 1674 560 cum
1699 504 1915 560 abducis
1942 505 1966 556 ἲ

399 613 504 664 quo
529 614 648 652 eum
679 599 914 667 abripis?
941 613 1097 653 nemo
1133 599 1225 652 tibi
1255 600 1497 668 apparuit
1524 617 1538 652 :
1565 598 1655 668 qui
1685 598 1826 653 enim
1857 597 1972 651 ﬁeri

401 696 595 755 potest,
627 699 681 741 ιιι
726 687 817 742 tibi
865 689 1000 742 Deus
1047 689 1368 756 apparuerit,
1410 698 1462 742 et
1509 689 1674 741 ﬁlium
1717 688 1970 757 requirat,

401 791 555 844 qnem
585 777 709 829 mihi
741 786 931 846 prmter
956 793 1103 846 spem
1136 777 1319 832 dedit?
1363 778 1475 845 ipse
1515 779 1736 847 largitus
1773 787 1875 842 est,
1919 786 1972 831 ct

403 867 514 933 ipse
542 865 750 920 aufert?
777 869 819 921 si
849 876 903 922 ut
933 867 1208 934 auferret,
1240 870 1399 935 dedit,
1440 872 1607 924 satius
1651 869 1836 924 fuiSset
1865 885 1970 924 non

402 957 607 1010 dedisse
641 974 652 1009 :
687 973 790 1011 non
818 959 957 1012 enim
990 969 1095 1011 tam
1145 961 1424 1013 molestum
1472 970 1552 1013 est
1592 975 1695 1014 non
1739 960 1965 1025 habere,

395 1062 552 1110 quam
607 1061 726 1101 cum
780 1049 1071 1117 acceperis,
1108 1049 1417 1118 perdidisse.
1450 1049 1740 1105 Considera
1784 1051 1968 1106 Suram

397 1137 688 1200 incensam,
707 1136 1102 1204 inﬂammatam,
1129 1155 1157 1192 a
1187 1149 1372 1192 natura
1396 1141 1732 1210 exagitatam,
1753 1141 1970 1211 ejusque

397 1239 606 1279 uzernm
647 1227 927 1283 distortum
959 1241 1013 1284 et
1057 1230 1260 1284 viscera
1292 1233 1456 1300 ipsius
1486 1243 1752 1286 commota
1785 1232 1972 1288 :facile

398 1319 592 1387 quippe
649 1319 698 1371 in
769 1319 1029 1387 ejusmodi
1083 1321 1240 1376 rebus
1287 1322 1474 1376 affectu
1530 1324 1780 1379 mulieres
1821 1340 1971 1378 emn-

399 1419 679 1462 moventur
707 1426 720 1462 :
747 1422 944 1478 quanto
974 1411 1113 1465 enim
1158 1413 1371 1466 mollior
1398 1424 1448 1467 et
1480 1415 1544 1467 ad
1583 1415 1826 1470 allectum
1858 1427 1972 1472 erat

399 1499 636 1565 pronior,
663 1508 809 1554 tanto
829 1499 996 1560 magis
1021 1515 1140 1554 cum
1174 1501 1477 1556 Abrahamo
1503 1505 1882 1572 contendisset,
1919 1516 1973 1561 et

392 1587 706 1640 Sacriﬁcium
739 1588 1044 1656 impeditum
1068 1588 1268 1654 fuisset,
1301 1605 1361 1644 ac
1385 1593 1693 1661 mysterium
1721 1593 1968 1648 inlectum

395 1679 698 1732 mansisset.
727 1679 861 1746 Quid
887 1681 1029 1734 enim
1059 1697 1161 1735 non
1193 1683 1523 1750 priestitisset
1548 1683 1696 1750 Sara,
1727 1696 1783 1740 ut
1803 1686 1966 1742 ﬁlimn

397 1784 548 1823 suum
580 1771 870 1825 avellcrct?
898 1787 1001 1826 non
1030 1773 1170 1827 enim
1204 1789 1314 1827 rem
1345 1775 1486 1828 illam
1519 1776 1656 1830 ferre
1686 1779 1964 1848 potuisset,

397 1868 453 1910 ut
483 1859 620 1912 ﬁlius
648 1870 842 1928 praeter
880 1876 1028 1930 spem
1071 1873 1228 1918 natus
1271 1865 1585 1920 mactandus
1613 1877 1773 1933 esset,
1803 1877 1858 1922 et
1878 1870 1966 1938 qui

393 1951 447 2003 in
497 1951 609 2020 ipsa
653 1963 926 2008 senectute
956 1954 1182 2010 donatus
1228 1957 1326 2026 ipsi
1378 1957 1568 2025 fuerat,
1611 1960 1966 2017 immolandos

392 2052 565 2107 esset;
601 2054 656 2098 nt
684 2046 848 2114 patris
878 2063 1062 2101 manus
1089 2059 1266 2103 essent
1296 2049 1388 2103 ﬁlii
1417 2051 1616 2106 aedem
1645 2062 1926 2122 patratum:
1953 2071 1965 2108 :

395 2148 499 2186 non
523 2133 729 2189 tulisset
751 2136 872 2190 talia
898 2137 1048 2203 Sara,
1076 2139 1170 2194 sed
1197 2141 1462 2210 ingentem
1492 2142 1719 2199 Abrahze
1741 2160 1964 2215 pugnam

393 2223 711 2291 excitasset;
752 2227 978 2282 excitata
1006 2243 1134 2284 vero
1156 2245 1348 2299 pugna,
1395 2247 1614 2289 necesse
1665 2234 1880 2299 fuisset,
1910 2244 1969 2290 ut

393 2314 599 2368 insidiae
646 2328 1024 2385 sequerentur;
1061 2319 1356 2388 insequutis
1383 2331 1562 2376 autem
1605 2323 1832 2390 insidiis,
1865 2325 1966 2378 im-

393 2405 629 2476 peditum
677 2410 989 2478 mysterium
1035 2410 1238 2465 luisset.
1271 2411 1384 2466 Non
1413 2413 1546 2467 dixit
1573 2415 1736 2485 igitur
1758 2416 1965 2471 mulieri

397 2497 686 2563 Abraham,
725 2513 790 2552 ne
833 2515 934 2568 qua
979 2503 1248 2556 contentio
1296 2505 1613 2573 exoriretur,
1669 2523 1736 2562 ne
1785 2517 1966 2562 exorta

397 2590 735 2644 contentione
763 2593 813 2645 in
853 2608 1076 2661 pugnam
1106 2609 1192 2648 res
1236 2596 1547 2664 procederet
1570 2638 1584 2662 ,
1619 2614 1684 2653 ne
1712 2613 1771 2654 re
1797 2600 1848 2652 in
1872 2615 1966 2669 pu-

395 2694 551 2748 gnam
579 2682 899 2749 procedente
927 2683 992 2736 ad
1022 2683 1296 2738 dissidium
1329 2696 1545 2755 propter
1574 2688 1737 2742 ﬁlium
1775 2705 1965 2760 prove-

395 2768 634 2834 heretur,
659 2785 724 2824 ne
745 2770 964 2826 dissidio
996 2772 1073 2826 sic
1097 2773 1166 2827 ob
1191 2774 1357 2828 tilium
1388 2787 1698 2846 erumpente
1743 2781 1969 2848 prornis-

392 2860 474 2914 sio
495 2861 874 2929 retardaretur,
900 2879 965 2918 ne
987 2865 1248 2919 retardata
1277 2867 1626 2934 promissione
1647 2870 1771 2926 dolo
1791 2873 1967 2942 aliquo

394 2952 662 3020 negotium
694 2953 1056 3022 impediretur,
1082 2971 1151 3010 ne
1177 2956 1431 3025 impedito
1457 2958 1578 3014 dolo
1603 2963 1848 3031 quopiam
1875 2977 1972 3017 ne-

393 3043 537 3112 gotio
559 3045 866 3115 mysterium
890 3046 1141 3102 infectum
1162 3059 1417 3104 maneret.

461 3134 515 3187 2.
555 3136 625 3189 At
670 3135 1012 3206 philosophus
1042 3138 1134 3193 illo
1178 3139 1467 3206 Abraham,
1499 3142 1697 3198 athleta
1728 3145 1836 3211 ille,
1877 3149 1968 3217 qui

391 3239 513 3279 cum
541 3234 726 3280 natura
747 3226 1076 3295 decertabat,
1109 3238 1162 3284 et
1191 3245 1311 3284 cum
1339 3231 1964 3303 visceribnsluctabatur,

392 3316 647 3375 adversus
672 3327 911 3374 naturam
938 3329 1193 3389 armatus,
1226 3337 1412 3391 parere
1433 3326 1650 3381 minime
1681 3331 1963 3394 recusavit;

393 3405 488 3460 sed
528 3408 779 3462 mandato
809 3409 904 3463 Dei
930 3411 1148 3478 cedens,
1180 3411 1320 3480 quod
1362 3415 1702 3472 nuntiabatur
1744 3421 1964 3486 audivit,

395 3493 627 3548 ctﬁlium
649 3497 925 3551 confestim
952 3501 1172 3568 accepit.
1198 3499 1447 3557 Libenter
1464 3504 1546 3558 his
1574 3507 1752 3560 verbis
1779 3508 1970 3564 immo-

391 3599 502 3651 ror,
532 3585 714 3656 Accipe
739 3587 900 3654 ﬁlium
925 3597 1064 3643 tuum
1085 3590 1339 3660 dilectum,
1362 3609 1506 3663 quem
1533 3595 1768 3663 dileaisti,
1793 3597 1966 3670 Isaac,

393 3685 442 3728 et
470 3675 596 3744 o/l'er
633 3679 778 3732 illum
820 3679 945 3734 mihi
977 3681 1030 3734 in
1073 3681 1418 3739 holocaustum
1453 3701 1604 3756 super
1630 3704 1784 3743 unum
1821 3708 1966 3744 mon-

391 3766 532 3832 tium,
565 3783 686 3836 quos
706 3767 879 3823 dixero
905 3770 992 3824 tibi
1017 3770 1167 3842 (Gen.
1197 3771 1285 3826 22.
1315 3774 1369 3844 2)
1397 3785 1484 3830 :et
1511 3777 1776 3847 accipiens
1801 3781 1970 3835 Abra-

391 3854 514 3909 ham
562 3855 726 3922 lsaac,
781 3869 835 3912 et
886 3861 1111 3930 asinam,
1162 3871 1215 3918 et
1265 3863 1399 3920 duos
1456 3881 1689 3936 pueros,
1749 3870 1962 3927 abibat:

391 3948 582 4004 deinde
609 3966 729 4007 cum
751 3952 816 4006 ad
844 3953 1017 4008 locum
1040 3956 1322 4024 quemdam
1357 3961 1739 4027 pervenissent,
1785 3967 1964 4032 pueris

389 4043 484 4108 ait,
518 4043 716 4110 Sedete,
741 4046 930 4116 inquit,
959 4064 1042 4101 vos
1068 4049 1148 4102 hic
1176 4067 1188 4102 :
1222 4067 1312 4121 ego
1342 4068 1454 4106 vero
1492 4064 1537 4106 et
1575 4055 1812 4122 parvulus
1851 4074 1966 4124 per-

387 4134 709 4188 tt'ansibimus
732 4152 883 4204 usque
901 4136 1043 4203 illuc,
1076 4147 1122 4192 et
1151 4156 1260 4193 cum
1299 4142 1673 4198 adoraverimus
1695 4187 1708 4210 ,
1752 4158 1966 4201 reverte-

390 4238 506 4274 mur
534 4223 601 4275 ad
627 4224 887 4294 vos(lbid.
907 4244 954 4280 υ.
980 4225 1055 4300 5).
1076 4229 1308 4284 insciens
1327 4233 1963 4304 prophetavitAbraham,

389 4312 566 4365 divina
595 4313 670 4368 illi
691 4315 858 4384 gratia
884 4328 1222 4386 cooperante.
1251 4321 1444 4376 Filium
1473 4333 1616 4379 tuum
1643 4337 1966 4382 mactaturus

317 4447 341 4478 Σ.
387 4404 580 4471 pergis,
605 4413 659 4458 et
682 4405 779 4469 ais,
810 4406 1168 4462 Reuertemur?
1195 4409 1328 4463 Dum
1355 4427 1550 4480 pueros
1566 4415 1959 4483 studetcelare,

385 4491 642 4557 propheta
671 4491 918 4546 efficitur.
949 4495 1016 4547 Et
1052 4496 1304 4565 imposuit
1329 4496 1468 4567 ligna
1505 4498 1739 4552 humeris
1780 4481 1960 4574 Isaac,

392 4584 448 4630 et
467 4583 681 4646 sumpto
720 4576 841 4647 igne
870 4577 1169 4650 gladioque,
1218 4582 1270 4635 in
1305 4592 1540 4640 montem
1591 4589 1845 4645 ascendit.
1900 4592 1965 4648 Et

391 4665 512 4734 quid
539 4666 669 4720 dixit
696 4667 760 4722 ad
791 4677 992 4738 patrem
1019 4669 1197 4726 Isaae?
1225 4669 1396 4726 Pater.
1429 4673 1530 4729 Ille
1551 4693 1681 4741 vero,
1709 4679 1846 4744 Quid
1869 4693 1960 4750 est,

392 4752 505 4818 fili?
544 4752 611 4806 Et
652 4758 754 4822 ait,
789 4757 920 4811 Ecce
946 4761 1076 4830 ignis
1104 4771 1150 4814 et
1178 4763 1315 4832 ligna
1345 4778 1364 4816 :
1393 4764 1475 4816 ubi
1502 4774 1575 4818 est
1603 4768 1708 4821 ovis
1744 4770 1795 4822 in
1823 4772 1966 4825 Izala-

389 4845 659 4896 caustum?
689 4845 814 4900 Tum
843 4849 950 4916 ille,
988 4851 1125 4907 Deus
1150 4854 1330 4908 videbit
1354 4855 1448 4909 sibi
1475 4873 1612 4911 ovem
1639 4861 1706 4913 ad
1727 4861 1962 4918 holocau-

389 4943 541 4998 stum,
566 4934 642 5001 [ili
668 4933 829 5004 (Ibid.
862 4953 910 4989 υ.
941 4940 1100 5011 5-8).
1126 4943 1262 5000 Ecce
1279 4955 1333 5000 et
1349 4948 1568 5002 alteram
1590 4951 1919 5019 preplietiam
1944 4971 1958 5008 :

389 5039 563 5092 neque
593 5025 754 5079 verba
785 5029 1074 5095 praeterire,
1108 5047 1279 5102 neque
1305 5036 1441 5091 facta
1478 5052 1692 5106 possum
1742 5051 1959 5109 praeter-

386 5131 621 5171 currcre.
647 5117 936 5173 Considera
964 5124 1176 5178 nomina
1203 5140 1324 5182 mox
1362 5129 1521 5185 rebus
1547 5133 1674 5202 ipsis
1700 5134 1957 5191 orbanda.

386 5206 461 5260 lta
492 5208 576 5264 ille
605 5220 808 5279 patrem
839 5212 1087 5281 appellat,
1116 5223 1170 5268 et
1185 5216 1270 5271 hic
1296 5233 1479 5274 rursus
1504 5221 1691 5290 ﬁlium,
1717 5234 1872 5294 atque
1892 5229 1958 5282 ad

390 5300 574 5352 horam
601 5301 812 5371 quidem
842 5303 1089 5358 velahant
1137 5308 1352 5363 nomina
1373 5351 1388 5376 ,
1420 5325 1543 5366 mox
1594 5323 1770 5370 autem
1809 5329 1960 5372 erant

384 5391 722 5448 denudanda.
754 5394 1045 5452 Considera
1075 5399 1216 5453 enim
1241 5403 1506 5469 quomodo
1542 5404 1761 5460 affectus
1803 5409 1960 5463 fuerit

385 5482 674 5550 Abraham,
706 5487 1055 5555 compellatus
1101 5489 1169 5543 ab
1217 5490 1383 5558 Isaac,
1415 5509 1570 5562 quem
1610 5498 1957 5568 eratjugula-

386 5587 555 5638 turus,
581 5584 746 5642 pater.
771 5575 869 5640 Qui
902 5576 1016 5631 ﬁeri
1047 5581 1251 5648 potuit,
1285 5591 1341 5636 ut
1368 5599 1473 5637 non
1500 5584 1614 5654 ejus
1647 5603 1816 5655 genua
1845 5589 1952 5642 dis-

386 5661 756 5720 solverentur?
807 5670 1075 5738 quomodo
1121 5687 1226 5727 non
1289 5675 1528 5730 membra
1574 5679 1756 5732 collisa
1803 5681 1957 5734 sunt?

389 5753 655 5818 quomodo
689 5770 789 5808 non
822 5768 997 5813 mente
1025 5761 1260 5818 turbatus
1286 5773 1369 5819 est
1389 5807 1402 5832 ,
1434 5780 1555 5822 cum
1583 5767 1665 5823 his
1692 5785 1810 5824 eum
1833 5786 1950 5840 vers

1121 393 1174 449 S.
1217 391 1490 448 JOANNIS
1527 389 1996 446 CIIRYSOSTOMI
2036 390 2348 451 ARClllEP.
2379 390 2924 454 'CONSTANTINOP.

3563 409 3664 462 7M}

2082 507 2162 562 bis
2191 508 2335 566 lsaac
2365 511 2502 566 ﬁlius
2528 513 2820 568 aﬂ'arctur?
2846 515 3048 570 Obtulit
3077 524 3274 586 tamen,
3309 529 3363 574 et
3391 523 3660 592 colligavit

2081 599 2248 666 Isaac,
2270 619 2536 673 manuque
2571 605 2794 662 dextera
2838 608 3068 676 gladium
3117 614 3378 683 arripuit,
3410 625 3469 670 ut
3496 615 3659 670 ﬁlium

2081 707 2232 746 suum
2261 703 2538 749 mactarct.

2149 782 2427 837 Parentum
2457 785 2690 851 affectum
2720 789 3007 844 auditorum
3035 791 3450 851 obtestatur.—O
3477 797 3659 853 dexte-

2078 889 2191 929 ram
2223 875 2360 929 illam
2384 877 2635 934 adversus
2658 878 2820 935 ﬁlium
2848 887 3130 939 armatam!
3150 888 3342 957 quibus
3361 892 3656 960 exprimam

2079 967 2253 1021 verbis
2282 984 2392 1022 rem
2440 979 2641 1038 gestam
2687 975 2886 1029 nescio.
2933 975 3210 1043 Quomodo
3239 996 3342 1034 non
3387 982 3659 1051 obtorpuit

2079 1059 2304 1128 manus?
2331 1062 2595 1128 quomodo
2623 1063 2827 1133 gladius
2851 1066 2918 1122 de
2942 1083 3101 1123 manu
3133 1085 3237 1125 non
3262 1072 3502 1127 excidit?
3533 1091 3660 1144 quo-

2079 1149 2237 1203 modo
2263 1164 2366 1203 non
2415 1160 2555 1207 totus
2583 1156 2844 1212 resolutus
2871 1168 2952 1214 est
2977 1168 3030 1214 et
3057 1163 3322 1218 extabuit?
3365 1165 3460 1234 qui
3489 1167 3659 1234 potuit

2066 1246 2253 1294 autem
2275 1241 2581 1309 subsistere,
2606 1254 2658 1299 et
2683 1247 2826 1302 Isaac
2852 1248 3081 1304 vinctum
3108 1258 3661 1325 cernere?‘quomodo

2079 1330 2253 1384 subito
2280 1343 2518 1389 mortuus
2547 1350 2649 1389 non
2678 1340 2969 1394 remansit?
2993 1343 3261 1410 quomodo
3287 1345 3360 1399 illi
3395 1347 3658 1403 inserviec

2078 1429 2202 1474 runt
2231 1423 2412 1477 nervi?
2436 1428 2701 1496 quomodo
2725 1430 2930 1487 animus
2960 1432 3104 1488 illum
3142 1451 3248 1490 non
3277 1436 3518 1492 defecit?
3549 1440 3658 1495 Non

2079 1512 2252 1578 video,
2295 1530 2397 1584 qua
2438 1519 2633 1586 possim
2677 1525 2914 1577 oratione
2952 1541 3063 1580 rem
3089 1537 3289 1596 gestam
3332 1532 3658 1599 exprimere.

2077 1605 2345 1676 Quotquot
2389 1609 2472 1663 hic
2520 1622 2718 1679 patres,
2768 1625 2859 1669 ant
2897 1627 3092 1672 matres
3141 1620 3298 1685 estis,
3345 1627 3656 1690 convenite,

2079 1711 2290 1750 manum
2340 1701 2607 1770 porrigite,
2657 1706 2952 1760 orationem
2999 1708 3286 1777 adjuvate:
3331 1713 3475 1768 vires
3519 1716 3656 1769 enim

2078 1801 2223 1840 meas
2271 1803 2355 1842 res
2402 1792 2680 1857 excedunt,
2735 1795 3020 1864 ignoscite;
3065 1801 3189 1870 quin
3234 1818 3328 1857 vos
3360 1805 3530 1859 etiam
3565 1809 3658 1877 ipsi

2077 1880 2386 1934 succurrite.
2423 1883 2797 1951 Stupenumero
2822 1888 3055 1958 quinque
3083 1893 3166 1946 vel
3205 1909 3296 1948 sex
3329 1895 3470 1951 ﬁlios
3505 1900 3661 1954 habet

2063 1968 2357 2037 quispiam,
2395 1984 2448 2026 et
2488 1975 2622 2029 tilias
2647 1994 2661 2029 :
2689 1979 2734 2032 si
2778 1980 2988 2048 quando
3018 1998 3151 2038 unus
3176 1999 3238 2039 ex
3267 1987 3372 2042 illis
3415 2002 3658 2060 a'grOtct,

2079 2069 2244 2116 totum
2273 2064 2444 2119 cubile
2473 2076 2623 2136 pater
2644 2071 3045 2142 circumeursat,
3074 2079 3256 2134 oculos
3301 2079 3396 2135 filii
3428 2083 3660 2139 deoscu-

2077 2149 2234 2217 latur,
2285 2168 2472 2211 manus
2514 2160 2866 2229 amplectitur,
2899 2165 3038 2220 diem
3084 2179 3292 2237 reputat
3331 2185 3578 2242 noctem,
3613 2191 3662 2232 et

2077 2240 2254 2298 lumen
2288 2246 2546 2312 tenebras,
2591 2266 2694 2304 non
2739 2254 2880 2323 quod
2925 2255 3184 2313 elementa
3215 2275 3536 2332 commutet,
3573 2270 3661 2322 sed

2075 2334 2218 2401 quod
2256 2350 2365 2403 pra:
2405 2337 2604 2394 doloris
2627 2345 2913 2401 acerbitate
2939 2347 3044 2404 illis
3071 2351 3286 2408 minime
3324 2355 3661 2424 delectetur;

2077 2429 2253 2483 mollia
2295 2432 2483 2487 cubilia
2514 2443 2839 2506 sternuntur,
2871 2443 3059 2497 medici
3085 2445 3346 2516 assident,
3387 2452 3546 2506 multi
3578 2470 3661 2507 sa-

2075 2522 2270 2578 tellites
2305 2541 2501 2594 aegrum
2529 2529 2890 2599 circumstant,
2921 2545 3059 2590 totus
3086 2541 3304 2596 omnino
3329 2547 3663 2602 contabescit

2077 2622 2262 2681 pater:
2314 2615 2434 2671 licet
2475 2622 2713 2687 pecunia:
2756 2625 2907 2694 copia
2943 2638 3207 2698 suppetat,
3234 2633 3559 2693 detestanda
3588 2652 3664 2694 est

2075 2703 2186 2769 illi;
2239 2704 2361 2759 licet
2407 2707 2699 2766 innumeris
2737 2714 2878 2769 curis
2922 2728 3210 2788 prematur,
3256 2737 3456 2780 omnes
3479 2728 3664 2799 abigit,

2077 2809 2251 2864 neque
2276 2806 2448 2864 potest
2469 2799 2533 2854 ad
2557 2802 2894 2859 sobrietatem
2917 2807 3092 2864 redire
3122 2826 3230 2880 pra:
3252 2814 3420 2869 nimia
3450 2819 3664 2873 tristitia

2078 2887 2397 2943 temulentus
2425 2908 2438 2943 :
2467 2899 2606 2946 totus
2631 2893 2787 2948 etiam
2833 2897 3060 2954 mundus
3103 2901 3174 2954 illi
3204 2902 3494 2962 insanabili
3528 2911 3666 2964 male

2075 2977 2298 3033 laborat.
2324 2981 2440 3037 Pari
2465 2986 2671 3041 ratione
2702 2997 2870 3043 mater
2890 3006 3098 3061 quoque
3118 2995 3363 3052 circumit
3385 2999 3664 3068 distracta,

2075 3070 2400 3137 perturbata,
2430 3082 2482 3127 et
2507 3075 2702 3132 ardens
2734 3087 2858 3144 tota,
2891 3092 2944 3135 ct
2971 3080 3270 3139 facultatem
3295 3103 3551 3157 qumrens
3575 3093 3666 3147 do-

2077 3158 2244 3214 lorem
2275 3176 2394 3216 cum
2439 3180 2582 3234 trgro
2607 3167 2892 3237 dividendi,
2927 3174 3009 3227 vel
3043 3176 3218 3244 potius
3250 3178 3526 3250 integrum
3571 3185 3664 3238 ad-

2076 3251 2340 3320 mittendi,
2387 3264 2444 3308 ut
2487 3255 2710 3313 afflictus
2756 3260 2894 3316 ﬁlius
2940 3265 3128 3320 morbo
3163 3268 3482 3326 relevetur:
3517 3275 3665 3330 nihili

2077 3340 2202 3395 facit
2234 3346 2392 3399 vitam
2422 3358 2761 3416 prmsentem,
2793 3353 2940 3407 nihili
2987 3354 3252 3425 futuram;
3283 3361 3379 3415 sed
3413 3366 3664 3422 omnibus

2076 3433 2192 3488 istis
2221 3437 2502 3505 optabilius
2523 3450 2603 3494 est
2624 3441 2720 3510 illi,
2749 3452 2804 3498 ut
2826 3453 2990 3499 totum
3015 3447 3104 3501 lilii
3135 3451 3380 3506 morbum
3405 3457 3664 3526 excipiat.

2075 3523 2191 3578 Non
2221 3537 2509 3596 suppetunt
2539 3531 2665 3586 mihi
2697 3532 2879 3602 verba,
2907 3537 3098 3606 quibus
3127 3540 3472 3600 affectionem
3507 3523 3665 3604 istam

2075 3630 2471 3686 repraesentem.
2518 3623 2663 3679 Pone
2711 3627 2803 3682 tibi
2859 3637 2981 3684 ante
3031 3633 3216 3688 oculos
3265 3636 3552 3695 Abraham
3593 3645 3666 3699 sic

2075 3706 2320 3763 allectum
2353 3711 2496 3766 illum
2529 3714 2741 3783 quidem
2779 3717 2980 3784 dolore,
3024 3723 3122 3776 sed
3165 3726 3665 3801 philosophantem,

2074 3809 2129 3852 et
2167 3802 2416 3857 mandato
2457 3806 2946 3877 obtemperantem:
2976 3815 3250 3887 subigebat
3295 3831 3575 3893 naturam,
3612 3840 3667 3884 et

2075 3894 2378 3949 mandatum
2407 3898 2608 3953 viscera
2640 3903 2749 3970 ipsa
2779 3907 3080 3973 superabat.
3109 3907 3401 3970 Enimvero
3425 3917 3566 3982 huic,
3611 3932 3666 3975 ut

2075 3993 2199 4038 ante
2226 3985 2350 4053 dixi,
2387 3989 2684 4056 patiebatur
2717 4003 2772 4048 ut
2793 3994 2974 4063 homo,
3001 3999 3095 4054 sed
3122 4011 3176 4056 ut
3199 4002 3290 4058 Dei
3320 4021 3520 4063 amans
3546 4015 3666 4081 phi-

2075 4073 2469 4142 losophabatur.
2499 4079 2575 4135 Ac
2615 4082 2796 4138 videre
2821 4095 2934 4140 erat
2974 4088 3118 4144 Isaac
3147 4104 3444 4165 martyrem
3485 4073 3666 4156 vivum

2073 4173 2128 4219 et
2157 4181 2261 4220 non
2288 4169 2486 4237 vivum,
2519 4184 2784 4229 mortuum
2811 4187 2864 4233 et
2903 4195 3009 4234 non
3038 4195 3326 4240 mortuum.
3350 4188 3490 4246 Nam
3521 4196 3665 4264 quod

2073 4256 2139 4310 ad
2177 4262 2408 4326 parentis
2452 4266 2775 4332 propositum
2816 4269 3024 4337 attinet,
3071 4286 3314 4332 mortuus
3355 4291 3442 4335 est
3473 4301 3488 4335 :
3523 4256 3665 4354 quod

2072 4357 2249 4402 autem
2296 4349 2360 4403 ad
2403 4351 2496 4404 Dei
2524 4352 2922 4425 benignitatem,
2955 4376 3056 4415 non
3080 4372 3162 4418 est
3191 4377 3460 4436 mortuus,
3492 4349 3664 4443 siqui-

2072 4436 2195 4492 dem
2234 4439 2443 4495 Domini
2472 4443 2636 4512 ﬁgura
2663 4455 2715 4500 et
2738 4447 2911 4518 imago
2939 4449 3070 4506 fuit:
3101 4456 3278 4510 evenit
3302 4473 3436 4530 ergo
3469 4436 3663 4532 ﬁgura,

2068 4535 2126 4582 et
2148 4542 2265 4583 eam
2286 4532 2477 4587 veritas
2500 4535 2820 4607 subsequuta
2844 4550 2944 4595 est.
2972 4542 3159 4599 Postea
3180 4547 3468 4620 colligatur
3493 4553 3664 4622 Isaac,

2072 4616 2168 4671 sed
2189 4634 2292 4673 non
2317 4621 2589 4690 jugulatur
2611 4641 2624 4690 ;
2650 4642 2750 4680 vox
2776 4629 2916 4682 enim
2944 4645 3174 4700 superne
3207 4636 3283 4707 (α)
3311 4616 3468 4697 venit
3500 4616 3667 4701 misc:

2072 4707 2300 4763 ricordia
2329 4720 2382 4766 et
2402 4712 2723 4783 benignitate
2749 4717 2900 4785 plena
2922 4735 3040 4789 qua:
3064 4723 3423 4791 patriarcham
3443 4735 3667 4790 cohibet

2070 4799 2175 4869 jam
2227 4809 2389 4854 totum
2434 4804 2693 4860 intentum
2738 4817 2791 4862 et
2821 4822 3062 4878 paratum
3092 4815 3158 4869 ad
3184 4817 3387 4874 caedem
3435 4839 3665 4893 patran-

2071 4887 2214 4955 dum,
2247 4907 2364 4960 qum
2387 4894 2459 4946 ait
2488 4913 2500 4947 :
2532 4895 2806 4960 Abraham,
2839 4900 3111 4970 Abraham,
3136 4922 3197 4960 ne
3224 4908 3429 4978 injicias
3449 4931 3668 4970 nicum

2070 4987 2205 5032 tuam
2233 4984 2300 5035 ad
2325 4987 2587 5054 puerulum
2610 4987 2756 5057 (Gen.
2790 4990 2877 5044 22.
2910 4994 2994 5046 Η.
3025 4995 3130 5068 12).
3161 4998 3266 5054 Cur
3293 5018 3404 5058 non
3433 5007 3508 5060 ad
3541 5026 3664 5078 pue-

2069 5084 2208 5139 rum,
2231 5074 2323 5127 sed
2351 5075 2432 5128 Ad
2455 5080 2759 5146 puerulum?
2784 5098 2879 5138 cur
2903 5085 2993 5139 vili
3015 5088 3173 5144 modo
3199 5090 3464 5162 loquitur?
3489 5074 3670 5157 Homo

2069 5166 2261 5234 quippe
2313 5177 2427 5222 erat
2459 5187 2470 5223 :
2503 5170 2635 5228 Filio
2691 5189 2823 5242 Opus
2870 5187 3013 5244 erat,
3066 5195 3182 5234 non—
3225 5187 3499 5254 puerulo;
3561 5208 3670 5246 non

2067 5268 2242 5322 servo,
2270 5259 2363 5312 sed
2389 5259 2521 5315 Filio
2549 5278 2673 5317 vero
2701 5267 2988 5335 unigenito,
3012 5285 3040 5322 a
3066 5270 3218 5326 Patre
3243 5274 3308 5327 ad
3333 5292 3436 5331 nos
3470 5283 3666 5335 misso.

2071 5346 2152 5401 Ne
2170 5350 2368 5418 injicias
2396 5369 2598 5405 manum
2627 5363 2762 5408 tuam
2788 5358 2854 5410 ad
2880 5361 3164 5428 puerulum.
3202 5363 3397 5433 Figura
3427 5381 3660 5426 conten-

2069 5447 2153 5493 tus
2185 5439 2348 5506 fuisti,
2407 5443 2587 5512 accipe
2639 5449 2935 5502 veritatem.
2988 5452 3052 5505 Et
3106 5453 3380 5509 Abraham
3432 5462 3665 5527 quidem

2133 5602 2204 5674 (ιι)
2222 5602 2322 5674 llic
2345 5604 2480 5674 locus
2501 5605 2586 5674 qui
2608 5606 2812 5674 inpriu:
2831 5607 2990 5674 Editis
3013 5622 3170 5674 usque
3193 5611 3252 5659 ad
3278 5614 3426 5660 linem
3451 5614 3662 5674 deerat,

2068 5663 2331 5733 extribus
2373 5663 2903 5733 MSS..—Q_ll0l30niatm,
2941 5663 3247 5733 tiolbe'rtino,
3272 5674 3360 5733 qui
3396 5663 3551 5725 nunc,

2068 5724 2406 5802 Regius‘79‘et
2426 5727 2619 5802 mendis
2650 5738 2824 5802 scatet,
2852 5741 2903 5780 et
2933 5724 3242 5783 Cetsliniano'
3265 5724 3373 5794 117,
3396 5740 3492 5797 qui

2069 5798 2178 5833 mus
2197 5791 2296 5847 est,
2320 5787 2610 5849 desumptus
2634 5797 2725 5839 est.
