3800 6282
110 389 219 444 739

108 499 307 568 ὣφθη;
338 494 453 558 πῶς
481 494 590 564 γὰρ
628 493 759 556 Θεός
802 509 883 545 σοι
931 487 1074 562 εἶχεν
1104 493 1354 563 ὀφθῆναι,
1385 493 1477 546 καὶ
1506 493 1685 564 ζητεῖν

108 590 204 642 τὸν
228 586 367 649 υίὺν,
384 585 444 638 ὃν
471 587 601 656 παρ’
618 583 811 637 ἐλπίδα
830 582 978 655 [745]
999 601 1088 655 μοι
1118 582 1350 651 ἓδωκεν;
1379 583 1540 645 αὐτὸς
1561 587 1688 654 ἐχα-

110 679 321 751 ρίσατο,
354 677 448 729 καὶ
487 674 649 738 αὐτὸς
679 673 978 745 λαμϐάνει;
1018 674 1066 726 εἰ
1099 673 1187 726 διὰ
1222 674 1283 726 τὸ
1308 672 1491 727 λαϐεῖν
1530 673 1689 728 αὑτὸν

109 770 307 831 ἔδωκε,
343 768 572 838 βέλτιον,
608 768 657 821 εἰ
694 766 770 837 μὴ
794 765 1030 820 ἔδωκεν·
1062 766 1124 819 οὐ
1152 765 1265 836 γάρ
1325 766 1441 817 ἐστι
1502 765 1691 818 τοσοῦ-

107 877 201 922 τος
229 859 389 922 πόνος
420 858 482 912 τὸ
515 858 590 928 μὴ
618 856 783 927 ἔχειν,
819 857 943 911 ὅσον
972 856 1033 912 τδ
1075 856 1259 910 λαϐεῖν
1291 856 1385 909 καὶ
1405 854 1685 910 ἀπολέσαι.

120 951 405 1022 Ἐννόησον
436 948 536 1020 τήν
569 949 788 1020 Σάρραν
832 949 1216 1019 ἀναπτομένην
1246 950 1340 1002 καὶ
1380 946 1689 1019 πυρπολου-

110 1040 303 1112 μένην,
336 1039 432 1093 καὶ
487 1038 594 1093 ὑπὸ
622 1039 724 1109 τῆς
767 1038 982 1108 φύσεως
1021 1038 1406 1109 ἐλαυνομένην,
1444 1037 1539 1091 καὶ
1587 1038 1688 1108 τὴν

109 1135 332 1206 μήτραν
363 1133 536 1204 αὐτῆς
554 1132 1043 1205 διαστρεφομένην,
1072 1134 1165 1186 καὶ
1188 1131 1261 1186 τά
1287 1131 1570 1203 σπλάγχνα
1597 1131 1690 1184 αὐ-
1712 1164 1715 1167 λ

104 1228 211 1298 τῆς
239 1227 598 1298 ἀλλοιούμενα
621 1242 634 1254 ·
663 1224 970 1297 συμπαθεῖς
1005 1226 1116 1297 γὰρ
1148 1226 1206 1278 αῖ
1251 1226 1511 1293 γυναῖκες
1558 1222 1686 1293 περὶ

103 1318 175 1371 τὰ
191 1319 434 1372 τοιαῦτα·
458 1319 583 1371 ὅσον
610 1314 721 1388 γὰρ
739 1316 1105 1389 μαλακωτέρα
1123 1315 1218 1370 καὶ
1238 1332 1301 1368 συ
1309 1314 1684 1387 μπαθεστέρα.

103 1412 365 1466 τοσοῦτον
402 1410 593 1482 ἔμελλε
621 1408 1052 1480 διισχυρίζεσθαι
1104 1408 1241 1479 πρὸς
1270 1410 1361 1462 τὸν
1414 1405 1711 1478 ’Δϐραάμ,ι

104 1504 205 1558 καὶ
237 1503 577 1567 ὲνεποδίζετο
614 1503 646 1571 ὴ
706 1496 887 1565 θυσία,
918 1501 1013 1554 καὶ
1042 1499 1105 1554 τὸ
1140 1500 1436 1570 μυστήριον
1477 1514 1686 1569 κατηρ-

104 1596 276 1663 γεῖτο.
301 1592 367 1647 Τί
393 1592 500 1665 γάρ
526 1591 591 1647 ἀν
621 1593 722 1646 οὐκ
751 1591 1059 1664 ἐποίησενή
1088 1590 1274 1664 Σάρρα
1293 1591 1429 1661 πρὸς
1455 1591 1517 1644 τὸ
1549 1592 1685 1644 ἀπο-

103 1686 315 1739 σπάσαι
342 1685 434 1740 τὸν
472 1683 585 1738 υἱδν
615 1682 820 1754 αὐτῆς
852 1684 913 1737 οὐ
941 1684 1049 1755 γάρ
1077 1684 1308 1754 ἠδύνατο
1333 1682 1598 1754 βαστάσαι
1624 1683 1685 1736 τὸ

102 1778 410 1849 γινόμενον,
445 1775 534 1829 τὸν
578 1774 708 1847 παρ’
742 1775 962 1839 ἐλπίδας
991 1776 1106 1828 υἱὸν
1152 1774 1415 1846 μέλλοντα
1446 1775 1687 1846 ἀναιρεῖ-

104 1869 256 1936 σθαι,
301 1869 395 1921 καὶ
426 1868 485 1922 έν
538 1865 686 1936 αύτῷ
708 1865 785 1937 τῷ
808 1866 957 1937 γήρᾳ
988 1865 1360 1937 δεδωρημένον
1391 1866 1526 1937 αὐτῇ
1558 1858 1686 1938 μέλ-

99 1962 264 2013 λοντα
314 1958 637 2028 σφάζεσθαι,
681 1960 893 2028 πατρὸς
940 1954 1130 2029 χεῖρας
1172 1959 1523 2028 τεκνοφονίαν
1561 1960 1685 2030 μελ-

102 2048 314 2114 λούσας
332 2049 681 2122 ὲργάζεσθαι·
700 2052 798 2104 οὐκ
819 2049 883 2104 ἃν
896 2050 1162 2115 ἐϐάσταζε
1181 2049 1403 2104 τοιαῦτα
1419 2052 1451 2121 ή
1473 2050 1680 2124 Σάρρα,

98 2143 243 2197 ἀλλά
272 2142 474 2213 πολλὴν
499 2142 565 2195 ἂν
591 2142 887 2212 εἰργάσατο
907 2140 1088 2211 μάχην
1113 2141 1250 2210 μετά
1271 2139 1365 2193 τοῦ
1409 2140 1681 2213 Ἀϐραάμ,

98 2233 208 2303 τῆς
237 2234 293 2287 δὲ
325 2232 504 2304 μάχης
528 2232 824 2302 γινομένης
850 2232 1063 2303 ἀνάγκη
1109 2232 1330 2303 ἐνέδραν
1358 2231 1479 2285 τινὰ
1505 2248 1683 2304 παρα·

100 2325 456 2395 κολουθῆσαι,
478 2323 699 2395 ἐνέδρας
728 2323 784 2376 δὲ
804 2322 1319 2395 παρακολουθούσης
1348 2323 1682 2389 ἐνεποδίξετο

34 2468 37 2471 ,
94 2418 159 2471 τὸ
212 2417 530 2488 μυστήριον.
565 2417 679 2469 Οὐκ
712 2412 864 2468 εἶπεν
898 2411 990 2468 οὗν
1033 2415 1281 2487 Ἀϐραὰμ
1321 2418 1387 2487 τῇ
1441 2418 1677 2486 γυναικὶ,

101 2509 192 2562 ῖνα
239 2508 314 2579 μὴ
353 2506 652 2577 φιλονεικία
696 2506 941 2577 γένηται,
991 2507 1078 2560 ἵνα
1115 2508 1210 2579 μὴ,
1252 2509 1549 2581 γενομένης
1581 2510 1680 2580 τῆς

100 2598 461 2669 φιλονεικίας,
493 2600 572 2661 είς
610 2597 790 2668 μάχην
824 2597 1065 2670 προέλθῃ
1094 2596 1155 2650 τὸ
1186 2601 1437 2670 πρᾶγμα,
1468 2599 1553 2652 ἵνα
1581 2599 1675 2671 μὴ,

94 2693 179 2756 είς
212 2692 396 2763 μάχην
419 2690 770 2763 προελθόντος
794 2688 888 2742 τοῦ
928 2691 1271 2761 πράγματος,
1300 2692 1379 2754 είς
1414 2692 1680 2763 μερισμὸν

92 2787 230 2856 περὶ
254 2784 350 2837 τοῦ
380 2781 498 2837 υἱοῦ
527 2782 883 2854 προχωρήσῃ,
917 2782 1004 2835 ἵνα
1033 2781 1128 2853 μὴ,
1153 2783 1234 2845 εἰς
1261 2782 1528 2853 μερισμὸν
1554 2798 1680 2853 προ-

91 2874 407 2948 χωροῦντος
442 2875 537 2928 τοῦ
571 2873 710 2939 υίοῦ,
742 2873 965 2946 χρονίσῃ
995 2876 1030 2946 ή
1077 2875 1402 2944 ἐπαγγελία,
1436 2874 1523 2928 ἵνα
1580 2875 1676 2944 μὴ,

90 2968 433 3040 χῳνισάσης
474 2968 575 3038 τῆς
607 2964 960 3035 ἐπαγγελίας,
990 2966 1052 3018 τὸ
1083 2967 1317 3037 πρᾶγμα
1365 2964 1677 3037 ἐνεδρευθῇ,

92 3062 185 3113 ἵνα
245 3058 346 3130 μὴ,
393 3056 486 3112 τοῦ
542 3057 867 3127 πράγματος
918 3057 1343 3130 ὲνεδρευθέντος,
1390 3040 1678 3111 ἀτέλεστον

92 3152 235 3223 μένῃ
264 3150 329 3205 τὸ
369 3152 691 3224 μυστήριον.

172 3240 242 3311 β’.
278 3240 417 3294 Ἀλλ’
439 3242 468 3294 6
488 3240 777 3312 φιλόσοφος
791 3224 1063 3313 Ἀϐραάμ,
1089 3241 1119 3292 ὀ
1142 3243 1399 3314 ἀθλητὴς,
1424 3239 1676 3310 καὶπρὸς

87 3331 261 3400 φύσιν
286 3331 711 3403 ἀγωνιζόμενος,
730 3332 824 3387 καὶ
853 3332 992 3401 πρὸς
1044 3330 1329 3398 σπλάγχνα
1365 3328 1674 3394 πυκτεύων,

84 3425 190 3477 καὶ
233 3423 381 3477 κατά
409 3426 508 3495 τῆς
538 3425 754 3493 φύσεως
788 3422 1164 3493 όπλιζόμενος,
1193 3421 1254 3474 ού
1300 3420 1672 3491 παρήκουσεν,

83 3513 207 3567 ἀλλ’
246 3513 587 3584 ὲπιτάγματι
629 3513 724 3567 τοῦ
757 3512 894 3566 Θεοῦ
926 3514 1111 3577 εἴκων,
1142 3512 1343 3582 ήκουσε
1376 3510 1475 3581 τῆς
1513 3510 1678 3578 ἀγγε-

82 3606 233 3669 λίας,
280 3605 377 3659 καὶ
421 3605 582 3670 εὐθὺς
621 3606 895 3676 λαμϐάνειν
934 3605 1026 3658 τὸν
1073 3603 1209 3656 υἱόν.
1266 3602 1467 3664 Ἡδέως
1501 3601 1676 3655 ὲνδια-

84 3697 266 3768 τρίϐω
300 3700 413 3761 τοῖς
449 3699 659 3769 ῥήμασι
684 3697 921 3762 τούτοις·
964 3696 1119 3751 Λάϐε
1142 3696 1250 3749 τὸν
1277 3695 1411 3749 υἱόν
1433 3711 1548 3749 σου
1569 3695 1677 3748 τὸν

82 3789 427 3858 ἀγαπητὸν,
479 3789 552 3844 ὃν
600 3789 943 3860 ἠγάπησας,
992 3788 1101 3843 τὸν
1145 3787 1372 3851 Ἰσαὰκ,
1423 3787 1522 3841 καὶ
1565 3787 1674 3841 ἀν-

80 3878 305 3948 ένεγκέ
333 3897 434 3945 μοι
465 3880 654 3934 αὐτὸν
692 3884 781 3947 εις
827 3879 1249 3948 ὀλοκάρπωσιν
1299 3879 1392 3946 ἐφ’
1437 3877 1508 3931 ἓν
1558 3875 1676 3931 τῶν

81 3972 300 4041 ὀρέων,
330 3965 415 4027 ὧν
442 3972 520 4027 ἄν
558 3987 660 4028 σοι
689 3974 868 4027 εῖπω·
896 3975 991 4028 καὶ
1021 3973 1200 4027 λαϐὼν
1243 3975 1272 4025 6
1307 3971 1557 4043 Ἀϐραάμ
1582 3970 1675 4024 τὸν

94 4064 315 4129 Ἰσαὰκ,
345 4065 440 4118 καὶ
481 4065 580 4137 τὴν
623 4066 766 4130 δνον,
798 4067 894 4119 καὶ
923 4066 1049 4130 τοὺς
1087 4065 1181 4118 δύο
1215 4064 1434 4127 παῖδας,
1466 4063 1670 4134 ἀπῄει·

79 4153 206 4209 εἶτα
237 4154 760 4225 φθασάντωνιαὺτῶν
780 4156 838 4210 έν
852 4174 959 4211 τινι
979 4158 1150 4228 τόπῳ,
1178 4155 1328 4224 λέγει
1354 4156 1469 4217 τοῖς
1482 4152 1670 4207 παισί·

83 4249 413 4312 Καθίσατε,
455 4248 638 4319 φησὶν,
680 4249 850 4319 ὑμεῖς
874 4246 1023 4303 ὧδε·
1056 4249 1171 4318 ἐγὼ
1203 4247 1271 4301 δὲ
1292 4247 1411 4316 καὶ,
1434 4246 1502 4300 τὸ
1533 4261 1672 4298 παι-

75 4340 301 4408 δάριον
331 4338 759 4409 διελευσόμεθα
777 4341 887 4407 ἕως
912 4333 1049 4404 ὧδε,
1082 4345 1178 4393 καὶ
1199 4336 1670 4408 προσκυνήσαν-

76 4448 184 4497 τες
212 4429 404 4485 πάλιν
433 4430 894 4503 ἀναστρέψομεν
914 4432 1065 4502 πρὸς
1102 4428 1279 4501 ὑμᾶς.
1319 4429 1503 4482 Ἀκων
1536 4444 1672 4500 προ-

72 4524 394 4593 εφήτευσεν
424 4523 453 4575 6
488 4523 760 4594 Ἀϐραὰμ,
802 4524 900 4595 τῆς
928 4522 1081 4587 θείας
1113 4523 1333 4594 χάριτος
1361 4518 1512 4590 αὐτῷ
1543 4537 1671 4574 συν-

72 4613 379 4687 εργούσης.
418 4612 630 4684 Σφάξαι
657 4615 861 4688 ἀνέρχῃ
906 4614 998 4668 τὸν
1038 4613 1151 4666 υἱόν
1185 4624 1301 4677 σου,
1337 4612 1432 4665 καὶ
1462 4610 1666 4679 λέγεις,

84 4704 626 4775 Ἀναστρέψομεν;
669 4705 759 4769 Ὠς
808 4704 961 4775 ζητεῖ
1014 4704 1220 4776 κρύψαι
1271 4704 1398 4767 τοὺς
1449 4703 1666 4767 παῖδας,

70 4795 378 4866 προφήτης
408 4795 755 4850 καθίσταται.
794 4795 905 4850 Καὶ
933 4795 1094 4867 ἔθηκε
1143 4795 1213 4849 τὰ
1240 4794 1371 4860 ξύλα
1409 4797 1500 4848 ὲπὶ
1543 4797 1669 4859 τοὺς

66 4886 274 4955 ὤμους
321 4883 416 4937 τοῦ
461 4885 671 4950 Ἰσαάκ,
723 4886 816 4938 καὶ
849 4884 1029 4940 λαϐὼν
1083 4883 1194 4957 πῦρ
1242 4886 1336 4939 καὶ
1394 4885 1669 4957 μάχαιραν
1706 4902 1713 4927 ε

67 4975 256 5046 ἀνέϐη
294 4973 386 5027 ἐπὶ
421 4975 484 5028 τὸ
511 4974 655 5048 ὅρος.
690 4972 803 5029 Καὶ
833 4975 889 5028 τί
931 4993 1095 5047 φησιν
1118 4978 1146 5029 6
1182 4976 1369 5030 Ἰσαάκ
1402 4976 1538 5048 πρὸς
1577 4977 1667 5029 τὸν

69 5065 306 5137 πατέρα
324 5082 339 5131 ;
357 5065 565 5135 Πάτερ.
592 5067 654 5119 '0
675 5065 768 5136 δὲ,
792 5066 850 5119 τί
868 5067 1019 5132 ἐστι,
1044 5066 1259 5120 τέκνον
1274 5082 1293 5130 ;
1312 5066 1425 5120 Καί
1440 5080 1633 5134 φησιν
1651 5081 1666 5096 ·

67 5159 214 5213 ἰδοὺ
250 5156 321 5210 τὸ
341 5157 462 5225 πῦρ
481 5157 582 5211 καὶ
606 5156 678 5211 τὰ
696 5157 873 5223 ξύλα·
899 5158 1019 5211 ποῦ
1046 5158 1175 5215 ἐστι
1198 5156 1263 5210 τὸ
1280 5156 1580 5226 πρόϐατόν
1597 5159 1666 5213 τὸ

61 5249 161 5311 εις
192 5234 661 5312 ὀλοκάρπωσιν;
699 5246 756 5299 ’0
784 5246 842 5299 δὲ
873 5246 1008 5317 πρὸς
1037 5245 1229 5298 αὐτόν·
1271 5246 1300 5298 6
1321 5246 1452 5309 Θεὸς
1476 5245 1665 5315 ὄψεται

60 5334 265 5407 ὲαυτῷ
292 5336 564 5409 πρόϐατον
594 5337 674 5401 είς
719 5336 1115 5409 ὁλοκὰρπωσιν,
1148 5336 1359 5391 τέκνον.
1409 5336 1539 5389 Ἰδοὺ
1571 5337 1667 5390 καὶ

60 5427 319 5497 δευτέρα
346 5427 659 5500 προφητεία
677 5444 690 5456 ·
727 5418 787 5482 οῦ
821 5428 1001 5497 στέγω
1028 5426 1149 5481 οῦτε
1182 5427 1252 5480 τὰ
1282 5427 1504 5497 ῥήματα
1531 5444 1667 5498 παρ-

56 5522 290 5584 ελθεῖν,
321 5519 449 5574 οὔτε
482 5521 865 5594 παραδραμεῖν
896 5522 966 5576 τὰ
990 5522 1350 5593 γεγενημένα.
1382 5520 1664 5592 Ἐννόησον

54 5613 327 5684 ὀνόματα
371 5612 637 5683 μέλλοντα
669 5614 1008 5686 πραγμάτων
1061 5612 1422 5685 ἐρημοῦσθαι.
1475 5613 1664 5679 υῦτως

51 5706 292 5766 ἐκεῖνος
327 5703 423 5757 τὸν
452 5704 664 5776 πατέρα
694 5706 867 5771 καλεῖ,
903 5708 1153 5769 κάκεῖνος
1188 5704 1489 5777 πάλιν-τὸν
1522 5705 1659 5773 υἱὸν,

54 5796 161 5850 καὶ
200 5792 348 5865 πρὸς
392 5792 540 5865 ὤραν
586 5797 683 5868 μὲν
711 5791 778 5865 ἦν
811 5797 877 5850 τά
918 5797 1174 5868 ὀνόματα,
1202 5795 1431 5867 ἤμελλον
1470 5795 1527 5879 δὲ
1557 5813 1655 5866 γυ-

1381 379 1471 433 DE
1512 378 1737 435 BEATO
1773 378 2128 434 ABBAHAM.

3266 381 3368 437 750
3406 429 3415 437 .

1807 491 2086 562 μνοῦσθαι.
2152 490 2428 560 Ἐννόησον
2483 490 2611 560 γὰρ,
2660 490 2731 543 τίν
2753 489 2987 560 ἔπασχεν
3034 493 3061 543 ὁ
3121 491 3371 562 Ἀϐραάμ

1799 580 2128 653 καλούμενος
2186 581 2292 634 ὑπὸ
2333 579 2424 633 τοῦ
2479 580 2686 645 Ἰσαάκ,
2740 579 2798 634 ὃν
2841 581 3042 651 ήμελλε
3089 581 3366 650 σφάττειν,

1796 671 1992 743 πάτερ.
2034 671 2159 736 Πῶς
2198 673 2258 724 ού
2290 670 2548 742 διεθρύϐη
2582 670 2652 725 τά
2700 671 2937 739 γόνατα;
2968 670 3082 735 πῶς
3111 673 3171 725 οὐ
3215 670 3369 744 [744]

1798 761 2135 831 συνεκλάσθη
2166 761 2237 815 τά
2273 763 2444 833 μέλη;
2483 763 2600 827 πῶς
2628 762 2724 834 τὴν
2770 763 3008 817 διάνοιαν
3051 765 3151 817 οὐκ
3202 763 3371 818 ἔπαθε

1794 854 1966 908 ταῦτα
1989 852 2228 917 ἀκούσας
2267 857 2421 926 παρά
2462 855 2557 908 τοῦ
2602 855 2719 908 υἱοῦ
2760 856 2974 923 Ἰσαάκ,
3027 856 3220 927 Ὅμως
3268 859 3362 911 ἀν-

1795 949 2016 1018 ήνεγκε,
2049 948 2145 1000 καὶ
2187 948 2499 1001 σννεπόδισε
2542 947 2632 1002 τὸν
2687 948 2893 1012 Ἰσαὰκ,
2918 949 3012 1002 καὶ
3060 948 3219 1002 ἔλαϐε
3269 952 3370 1023 τὴν

1797 1038 2072 1110 μάχαιραν
2110 1040 2176 1109 τῇ
2204 1037 2354 1109 δεξιᾷ
2382 1038 2546 1110 χειρὶ,
2580 1039 2667 1092 ἵνα
2707 1038 2881 1111 σφάξῃ
2913 1038 3003 1093 τὸν
3038 1040 3151 1094 υἱὸν
3180 1041 3364 1097 αὐτοῦ.

1866 1132 1930 1184 Ὢ
1959 1132 2059 1203 τῆς
2089 1131 2269 1195 δεξιᾶς
2304 1132 2520 1203 ἐκείνης
2558 1132 2657 1203 τῆς
2705 1133 2846 1186 κατά
2877 1133 2973 1185 τοῦ
3001 1133 3119 1187 υίοῦ
3156 1132 3370 1199 ὁπλιζοο

1796 1223 1985 1293 μένης·
2015 1223 2116 1277 οὐκ
2140 1223 2247 1294 ἔχω
2269 1223 2386 1287 πῶς
2407 1225 2743 1298 παραστήσω
2774 1225 2853 1295 τῷ
2876 1225 3020 1297 λόγῳ
3048 1226 3116 1280 τά
3144 1244 3370 1298 γεγενη-

1796 1313 1954 1382 μένα.
1980 1312 2107 1377 Πῶς
2141 1314 2240 1366 οὐκ
2280 1313 2580 1385 ὲνάρκησεν
2604 1317 2637 1386 ή
2670 1314 2790 1386 χείρ
2815 1331 2829 1380 ;
2856 1314 2973 1378 πῶς
2996 1316 3096 1368 οὐκ
3122 1315 3284 1368 ἔπεσε
3310 1317 3369 1370 τὸ

1794 1402 1940 1471 ξίφος
1961 1404 2068 1457 ἀπὸ
2086 1405 2184 1475 τῆς
2206 1406 2416 1476 χειρός;
2441 1407 2559 1470 πῶς
2574 1408 2635 1460 ού
2654 1407 2872 1477 διελύθη
2887 1408 3026 1473 ὅλος,
3049 1410 3143 1463 καὶ
3157 1409 3369 1482 διεθρύ-

1793 1495 1893 1565 ϐη;
1926 1496 2045 1558 πῶς
2068 1496 2126 1549 δὲ
2161 1498 2362 1570 ήρκεσε
2395 1499 2586 1570 στῆναι
2614 1501 2707 1554 καὶ
2735 1501 2861 1555 ἰδεῖν
2884 1501 2977 1555 τὸν
3017 1501 3203 1556 Ἰσαάκ
3222 1503 3369 1556 δεδε-

1795 1587 1982 1656 μένον;
2018 1585 2134 1650 πῶς
2161 1588 2218 1640 δὲ
2256 1589 2357 1643 οὐκ
2382 1588 2564 1660 ἔμεινε
2603 1590 2798 1661 νεκρὸς
2831 1591 3018 1660 ἅφνω;
3061 1591 3178 1656 πῶς
3215 1593 3271 1645 δὲ
3305 1592 3371 1643 τὰ

1791 1677 1958 1747 νεῦρα
1991 1679 2140 1750 αὐτῷ
2173 1680 2559 1752 ὑπηρέτησαν;
2594 1681 2714 1745 πῶς
2738 1682 2795 1736 δὲ
2822 1684 2855 1753 ἡ
2883 1683 3077 1754 γνώμη
3109 1683 3370 1754 ἦρκεσεν,

1790 1770 1905 1821 υύκ
1935 1767 2063 1840 ἔχω,
2100 1770 2218 1834 πῶς
2248 1772 2585 1844 παραστήσω
2616 1773 2694 1844 τῷ
2725 1773 2866 1845 λόγῳ
2897 1775 2960 1827 τὺ
2985 1776 3368 1846 γεγενημένον.

1786 1860 1945 1923 Ῐύσοι
1980 1862 2271 1933 πατέρεςῆ
2307 1865 2560 1935 μητέρες,
2593 1864 2893 1929 συνέλθετε,
2934 1868 3093 1936 χεῖρα
3115 1866 3369 1936 ὀρέξατε.

1791 1951 2091 2024 βοηθήσατε
2118 1953 2196 2025 τῷ
2234 1954 2397 2027 λόγῳ·
2431 1957 2607 2011 ἀτονῶ
2628 1958 2734 2031 γάρ
2767 1960 2905 2028 πρὸς
2936 1962 3009 2012 τὰ
3034 1960 3369 2031 πράγματα·

1790 2042 2086 2112 σύγγνωτε,
2118 2045 2232 2098 ἀλλ’
2266 2047 2425 2117 ὑμεῖς
2459 2051 2878 2121 συμμαχήσατε.
2912 2051 3179 2115 Πολλάκις
3206 2053 3366 2106 πέντε

1788 2134 1820 2206 ἧ
1848 2135 1939 2190 καὶ
1960 2135 2020 2204 ἒξ
2046 2140 2196 2204 υἱοὺς
2236 2139 2347 2211 ἔχει
2386 2159 2470 2205 τις
2502 2143 2595 2197 καὶ
2632 2143 2969 2217 θυγατέρας·
2997 2145 3095 2198 καὶ
3121 2145 3262 2198 έπάν
3290 2141 3371 2209 εἷς

1786 2224 1846 2290 ἐξ
1867 2227 2047 2282 αὐτῶν
2078 2230 2429 2306 ἀρρωστήσῃ,
2466 2234 2814 2306 περιέρχεται
2845 2236 2973 2307 ὅλην
2999 2236 3099 2309 τὴν
3121 2238 3309 2302 κλίνην
3340 2239 3370 2292 ό

1787 2318 1986 2390 πατὴρ,
2021 2320 2189 2389 φιλῶν
2208 2324 2300 2376 τοῦ
2324 2324 2515 2391 παιδὸς
2544 2327 2670 2386 τοὺς
2703 2327 3036 2398 ὀφθαλμοὺς,
3060 2331 3158 2393 τὰς
3183 2332 3371 2400 χεῖρας

1786 2412 2313 2483 περιπτυσσόμενος,
2348 2415 2450 2486 τὴν
2498 2416 2717 2487 ἡμέραν
2770 2417 2941 2472 νύκτα
2983 2419 3364 2490 λογιζόμενος,

1785 2500 1878 2551 καὶ
1927 2499 1987 2553 τὸ
2039 2501 2156 2571 φῶς
2206 2505 2425 2571 σκότος,
2474 2506 2534 2558 ού
2574 2507 2642 2561 τὰ
2686 2511 2925 2579 στοιχεῖα
2979 2511 3365 2581 μεταϐάλλων,

1783 2589 1920 2644 ἀλλά
1944 2595 2010 2662 τῇ
2050 2594 2213 2665 ἀηδίᾳ
2239 2596 2338 2666 τῆς
2371 2596 2551 2669 λύπης
2589 2600 2689 2653 οὐκ
2712 2601 3139 2672 εὐφραινόμενος
3155 2605 3243 2658 ἐπ’
3268 2606 3367 2658 αύ-

1783 2685 1913 2765 τοῖς·
1946 2684 2122 2739 κλῖναι
2156 2687 2495 2760 έστρωμέναι
2521 2691 2750 2757 ἀπαλαὶ,
2787 2694 2963 2764 ἰατροὶ
2985 2695 3369 2765 παρακαθεζό-

1787 2791 1962 2842 μενοι,
1983 2775 2151 2848 πολλή
2180 2780 2212 2849 ή
2251 2778 2546 2853 δορυφορία
2563 2783 2657 2836 τοῦ
2686 2784 3122 2856 ἀνωμαλοῦντος,
3143 2789 3368 2860 τήκεται

1783 2864 1901 2928 ὅλος
1916 2865 1983 2919 διδ
2012 2866 2133 2920 ὅλου
2159 2869 2188 2922 6
2217 2871 2421 2943 πατήρ·
2453 2872 2553 2926 κᾶν
2575 2877 2898 2945 περιουσίαν
2921 2876 3019 2949 ἔχῃ
3043 2879 3364 2951 χρημάτων,

1781 2957 2059 3040 ἀπευκτέα
2112 2961 2260 3033 αὐτῷ
2291 2964 2438 3029 ἐστι,
2496 2964 2601 3019 κᾶν
2644 2968 2844 3040 μυρίας
2902 2967 3001 3040 ἔχῃ
3044 2971 3363 3040 φροντίδας,

1781 3038 1958 3114 πάσας
1989 3050 2193 3118 διώκει,
2221 3053 2280 3106 ού
2308 3054 2604 3126 δυνάμενος
2626 3059 2924 3129 ἀνανῆψαι,
2957 3063 3021 3114 ὲκ
3056 3063 3155 3133 τῆς
3188 3063 3367 3135 λύπης

1783 3139 2016 3210 μεθύων·
2058 3143 2155 3195 καὶ
2191 3146 2219 3196 ὁ
2248 3146 2356 3208 πᾶς
2391 3145 2539 3217 αύτῷ
2566 3147 2768 3218 κόσμος
2794 3149 3012 3215 ἀνίατος
3039 3152 3131 3205 τοῦ
3172 3154 3361 3222 κακοῦ,

1791 3231 2021 3302 Ὁμοίως
2053 3234 2148 3286 καὶ
2175 3235 2207 3305 ἡ
2233 3235 2416 3307 μήτηρ
2439 3238 2789 3309 περιέρχεται
2811 3240 3231 3316 διακοπτομένη,
3260 3249 3364 3317 ἐμ-

1780 3321 2138 3395 πυριζομένη,
2177 3325 2269 3379 καὶ
2302 3328 2653 3400 ἀναπτομένη
2676 3329 2772 3402 ὅλη
2791 3370 2806 3392 ,
2847 3328 3086 3402 ζητοῦσα
3111 3334 3363 3408 δύναμιν,

1779 3414 1866 3467 ἴνα
1896 3416 2302 3487 συμμερίσηται
2329 3419 2420 3472 τὸν
2460 3419 2640 3473 πόνον·
2682 3423 2883 3492 μᾶλλον
2912 3425 2969 3478 δὲ
3010 3426 3097 3480 ἵνα
3127 3429 3220 3482 καὶ
3246 3430 3365 3483 ὅλον

1779 3505 2125 3576 ἀναδέξηται,
2158 3508 2244 3561 ἵνα
2271 3510 2333 3562 τὸ
2365 3511 2704 3582 κακούμενον
2727 3515 2917 3569 τέκνον
2949 3517 3235 3593 ἀπαλλαγῇ
3266 3525 3365 3594 τῆς

1779 3596 1955 3652 νόσου.
1997 3597 2163 3653 Οὐδὲν
2193 3599 2331 3671 αὐτῇ
2366 3600 2395 3653 6
2422 3601 2612 3673 παρὼν
2650 3603 2794 3675 βίος,
2826 3607 2978 3663 οὐδὲν
3011 3609 3148 3681 αὐτῇ
3182 3613 3210 3664 6
3240 3608 3366 3677 μέλ-

1778 3688 1924 3754 λων,
1978 3689 2116 3743 ἀλλά
2165 3691 2384 3748 πάντων
2426 3694 2632 3749 τούτων
2680 3698 3006 3769 τιμιώτερον
3053 3704 3267 3772 ήγεῖται
3306 3706 3364 3759 τὸ

1781 3782 1960 3834 πᾶσαν
2008 3781 2364 3849 ἀναδέξασθαι
2398 3785 2496 3855 τήν
2523 3786 2678 3842 νόσον
2706 3789 2799 3843 τοῦ
2845 3789 3062 3845 τέκνου.
3104 3795 3362 3867 Ούκέχω

1779 3873 1896 3937 πῶς
1926 3876 2352 3945 παραστήσωτὺ
2376 3877 2547 3941 πάθος
2573 3878 2752 3934 τοῦτο.
2809 3883 3092 3954 Ἐννόησον
3127 3888 3220 3941 καὶ
3273 3889 3363 3943 τὸν

1791 3965 2042 4036 Ἀϐραὰμ
2074 3966 2141 4019 τά
2173 3966 2316 4020 αὐτὰ
2344 3969 2624 4038 πάσχοντα
2666 3972 2797 4041 μὲν,
2843 3975 3235 4044 φιλοσοφοῦντα
3263 3981 3320 4035 δὲ
3345 4024 3360 4045 ,

1777 4056 1873 4109 καὶ
1896 4057 1974 4126 τῷ
2011 4059 2395 4129 προστάγματι
2435 4061 2777 4132 πειθόμενον·
2806 4068 3102 4121 κατεπάτει
3129 4069 3228 4141 τὴν
3265 4074 3361 4141 φύ-

1775 4297 2081 4403 ἀνθρωπος,
2117 4297 2424 4404 ἐφιλοσόφει
2449 4336 2505 4389 δὲ
2526 4297 2614 4401 ’ὡς
2654 4297 2954 4407 φι).όθεος.ἶ
2972 4297 3085 4397 Κάν.
3128 4340 3196 4416 ἦν
3225 4297 3361 4400 ίδεῖῦ

1775 4423 1868 4476 τὸν
1905 4421 2090 4476 Ἰσαὰκ
2116 4423 2369 4496 μάρτυρα
2394 4425 2571 4490 ζῶντα
2595 4428 2691 4480 καὶ
2711 4427 2772 4481 οὐ
2799 4428 2999 4497 ζῶντα,
3022 4432 3361 4487 ἀποθανόντα

1776 4513 1872 4567 καὶ
1901 4513 2001 4566 οὐκ
2027 4513 2387 4570 ἀποθανόντα.
2422 4519 2583 4572 Ὅσον
2619 4519 2718 4589 μὲν
2744 4521 2854 4592 γάρ
2883 4524 2948 4594 τῇ
2983 4523 3241 4593 προθέσει
3265 4525 3362 4578 τοῦ

1716 4630 1721 4637 ~
1778 4602 2005 4673 πατρὸς,
2034 4603 2323 4660 ἀπέθανεν·
2347 4607 2471 4663 ὅσον
2499 4608 2555 4661 δὲ
2578 4612 2643 4681 τῇ
2668 4609 2764 4664 τοῦ
2793 4611 2929 4664 Θεοῦ
2955 4613 3358 4687 φιλανθρωπίᾳ,

1775 4694 1877 4748 οὐκ
1902 4695 2168 4750 ἀπέθανε·
2193 4697 2364 4763 τύπος
2388 4698 2499 4772 γὰρ
2525 4696 2593 4772 ἦν
2620 4703 2716 4755 τοῦ
2751 4702 3022 4757 Δεσπότου
3052 4706 3146 4759 καὶ
3169 4705 3354 4760 εἰκών·

1775 4787 2143 4859 ἐχρησίμευσε
2171 4790 2229 4844 δὲ
2253 4792 2281 4843 6
2304 4790 2491 4857 τύπος,
2522 4794 2615 4846 καὶ
2643 4794 2923 4867 ἐκδέχεται
2954 4797 3053 4869 τὴν
3077 4799 3356 4871 ἀλήθειαν.

1776 4874 1910 4934 Εἶτα
1942 4880 2329 4952 συμποδίζεται
2372 4886 2403 4936 6
2438 4884 2652 4950 Ἰσαὰκ,
2687 4885 2781 4939 καὶ
2830 4887 2891 4939 οὐ
2947 4890 3353 4958 σφαγιάζεται·

1772 4962 1902 5040 ἦλθε
1941 4970 2051 5042 γὰρ
2075 4971 2282 5025 ἀνωθεν
2308 4972 2460 5042 φωνὴ
2488 4966 2640 5026 ἐλέου
2683 4974 2776 5028 καὶ
2818 4976 3229 5048 φιλανθρωπίας
3263 4982 3357 5049 γέ-

1778 5078 1974 5131 μουσα,
2003 5063 2098 5115 καὶ
2128 5062 2313 5134 ἐπέχει
2363 5064 2457 5117 τὸν
2505 5067 2853 5139 πατριάρχην
2889 5069 3010 5122 ὅλον
3037 5071 3354 5142 ἐγκείμενον

1773 5149 1901 5203 ὄντα
1944 5149 2035 5203 καί
2090 5151 2306 5220 ἕτοιμον
2362 5153 2498 5225 πρὸς
2553 5156 2655 5227 τὴν
2709 5158 2963 5228 σφαγὴν,
3025 5159 3119 5211 καί
3166 5176 3349 5228 φησιν·

1788 5239 2050 5309 Ἀϐραὰμ,
2078 5241 2340 5310 Ἀϐραὰμ,
2360 5243 2445 5313 μὴ
2467 5244 2763 5314 meam
2786 5247 2900 5326 τὴν
2919 5247 3088 5316 χεῖρά
3103 5266 3220 5302 σου
3250 5250 3350 5304 ἐπὶ

1773 5332 1841 5386 τὸ
1874 5331 2209 5400 παιδάριον.
2237 5335 2337 5388 Διά
2364 5337 2417 5389 τί
2445 5337 2567 5408 οὐχὶ
2604 5337 2698 5390 ἐπὶ
2731 5339 2822 5391 τὸν
2850 5340 3040 5404 παῖδα,
3067 5340 3184 5395 ἀλλ’
3217 5342 3349 5396 Ἐπὶ

1773 5424 1840 5478 τὸ
1868 5423 2216 5493 παιδάριον;
2245 5427 2334 5481 διά
2355 5428 2407 5481 τί
2432 5428 2732 5496 εὐτελίζει;
2770 5429 3095 5502 Ἀνθρωπος
3123 5433 3231 5506 γὰρ
3255 5428 3346 5505 ἦν·

1775 5517 1905 5571 Υἱοῦ
1927 5518 1982 5571 δὲ
2012 5514 2079 5589 ἦν
2104 5519 2360 5590 χρεία,οὐ
2394 5521 2703 5592 παιδαρίου·
2730 5524 2791 5576 οὒ
2821 5522 3031 5591 δούλου,
3066 5525 3182 5579 ἀλλ’
3215 5524 3344 5579 Υἰοῦ

1772 5607 2023 5678 ἀληθινοῦ
2043 5607 2193 5679 [745]
2220 5598 2564 5679 μονογενοῦς,
2590 5611 2741 5683 παρὰ
2764 5612 2973 5685 Πατρὸς
2992 5614 3346 5683 ἀπεσταλμέ-

1772 5718 1864 5754 νου
1892 5701 2030 5772 πρὸς
2062 5703 2230 5773 ἡμᾶς.
2259 5702 2356 5769 Μὴ
2373 5702 2661 5775 ἐπιϐάλῃς
2695 5708 2812 5776 τὴν
2829 5704 2997 5777 χεῖρά
3021 5722 3136 5762 σου
3160 5706 3257 5760 ἐπὶ
3275 5707 3344 5761 τὸ

1778 5791 2112 5861 παιδάριον.
2154 5792 2459 5867 Ἦρκέσθης
2495 5797 2575 5869 τῷ
2602 5797 2777 5871 τύπῳ,
2830 5798 3049 5871 ὲκδέχου
3086 5799 3186 5871 τὴν
3214 5798 3344 5870 ἀλήε
