3858 6280
418 483 590 535 θειαν.
618 478 729 534 Και
755 477 1088 550 προφητεύει
1106 477 1207 548 μέν
1229 477 1484 547 Ἀϐραὰμ
1500 471 2003 546 παραλογιζόμενος

415 570 547 632 τοὺς
577 567 792 631 παῖδας⁸
822 568 925 637 ὁρᾷ
949 565 1006 618 δὲ
1029 564 1434 619 ἀποϐαίνουσαν
1453 564 1511 617 ἐν
1542 565 1656 626 τοῖς
1681 560 2004 634 ῥηθεῖσιτὴν

418 656 700 728 ἀλήθειανο
727 654 780 707 τί
805 654 915 727 γάρ
941 669 1111 725 φησι;
1156 651 1454 705 Καθίσατε
1485 649 1673 705 αὐτοῦ
1699 650 1855 718 μετά
1893 647 2006 717 τῆς

419 745 586 799 ὄνου·
620 742 736 812 ἐγὼ
762 741 831 796 δὲ
859 741 961 796 καὶ
988 740 1057 795 τό
1079 738 1399 809 παιδάριον
1432 737 1869 806 διελευσόμεθα
1893 735 2005 801 ἓως

415 827 535 886 ὦδε
552 875 566 898 ,
619 830 718 884 καὶ
760 828 1311 899 προσκυνήσαντες
1358 825 1820 895 ἀναστρέψωμεν
1856 823 2006 892 πρὸς

413 918 591 988 ὑμᾶς.
612 913 783 972 Εἶπεν
813 917 913 988 οὐχ
934 916 1109 979 οὕτως
1142 914 1303 986 ἔχων·
1332 914 1598 968 ἀπέϐαινε
1622 915 1679 968 δὲ
1707 912 1908 984 μᾶλλον
1929 912 2006 975 ὡς

412 1010 625 1077 ἔλεγεν,
658 1006 693 1078 ἢ
728 1005 920 1077 ῶσπερ
952 1004 1194 1076 ἐφρόνει.
1226 1004 1369 1068 Τοὺς
1401 1004 1600 1067 παῖδας
1639 1003 1698 1057 δὲ
1736 1001 2006 1073 καταλιμ-

413 1097 599 1160 πάνει,
634 1095 725 1149 ἴνα
755 1094 831 1166 μή
862 1092 1059 1165 βιασθῇ
1089 1092 1357 1164 θεομάχον
1389 1089 1541 1161 βίαν·
1577 1091 1652 1162 μὴ
1683 1089 2005 1161 νομίσαντες

326 1242 333 1261 ,
410 1185 781 1259 πρεσϐυτικόν
813 1202 867 1237 τι
905 1183 1080 1248 πάθος
1113 1182 1602 1255 ὑπομεμενηκέναι
1627 1180 1720 1235 τὸν
1750 1179 2003 1250 γέρρντα,

327 1263 335 1314 ἶ
411 1273 719 1345 ἐπισχῶσιν
746 1270 914 1327 αὑτοῦ
938 1272 1038 1344 τὴν
1059 1270 1199 1343 πρὸς
1224 1270 1287 1325 τὸ
1310 1269 1472 1324 θῦσαι
1501 1267 1700 1341 ὁρμὴν,
1733 1268 2004 1332 εἰπόντες,

409 1362 464 1415 τί
498 1364 696 1429 ποιεῖς,
818 1361 1090 1427 δέσποτα;
1121 1361 1214 1414 τὸν
1256 1357 1318 1424 ἐξ
1347 1358 1680 1428 ἐπαγγελίας
1711 1356 1881 1421 θύεις,
1913 1353 2006 1410 τὸν

412 1451 726 1523 ἀγαπητὸν,
760 1450 852 1505 τὸν
874 1447 1234 1520 θεοδώρητον,
1260 1448 1353 1503 τὸν
1379 1446 1730 1520 γηρώκομον,
1754 1444 1845 1500 τὸν
1873 1444 2008 1515 κλη-

417 1539 672 1610 ρονόμον,
713 1539 807 1593 τὸν
867 1538 958 1593 σὸν
999 1537 1242 1608 διάδοχον
1278 1548 1328 1604 ι,
1352 1535 1444 1591 τὸν
1493 1536 1711 1606 Σάρρας
1767 1532 1914 1600 υίόν;
1952 1532 2008 1586 τί

415 1629 594 1691 ποιεῖς
615 1627 913 1698 σκόπησον,
932 1626 1297 1680 ἀνακοίνωσαι
1316 1627 1382 1696 τῇ
1408 1641 1472 1676 συ
1480 1622 1646 1694 μϐίῳ,
1672 1623 1741 1692 τῇ
1766 1619 2008 1692 κοινωνῷ

412 1716 517 1787 τῆς
545 1716 731 1787 γονῆς,
761 1717 829 1787 τῇ
852 1715 941 1767 ἐπ’
964 1712 1110 1784 αὐτῷ
1137 1712 1237 1777 τάς
1257 1712 1454 1776 ὠδῖνας
1474 1710 1835 1782 ύπομεινάσῃ·
1861 1709 2009 1779 ἡμᾶς

418 1805 726 1876 σφαγίασον
752 1803 997 1876 πρῶτον,
1016 1801 1113 1857 καὶ
1132 1800 1306 1865 οὕτως
1328 1800 1422 1854 τὸν
1449 1799 1582 1854 υἱόν.
1632 1798 1772 1852 Ἀλλ’
1800 1800 1828 1850 6
1848 1795 2009 1865 σοφὸς

415 1893 734 1966 πρεσϐύτης
762 1894 828 1947 οὐ.
861 1891 1286 1965 παραλαμϐάνει
1313 1891 1440 1954 τοὺς
1481 1889 1795 1958 ὀφείλοντας
1839 1889 2010 1958 ἐμπο-

414 1982 583 2049 δίζειν
606 1982 793 2050 αὐτὸν,
820 1981 961 2036 ἀλλά
993 1983 1141 2034 ποιεῖ
1167 1975 1462 2051 βαστάζειν
1490 1977 1552 2031 τὸ
1577 1976 1726 2046 θῦμα
1748 1977 1816 2030 τά
1847 1974 2004 2040 ξύλα,

416 2075 507 2129 ἵνα
533 2072 627 2126 τὸν
659 2072 831 2127 τύπον
864 2070 965 2144 ἔχῃ
987 2067 1083 2123 τοῦ
1111 2068 1206 2123 τὸν
1237 2067 1470 2140 σταυρὸν
1501 2064 1863 2136 βαστάζοντος
1897 2064 2011 2116 Σω-

414 2161 603 2233 τῆρος.
633 2158 934 2224 Βαστάζων
977 2158 1035 2212 δέ
1086 2158 1115 2210 6
1156 2159 1288 2221 παῖς
1326 2157 1423 2210 καὶ
1449 2154 1842 2225 φθεγγόμενος,
1873 2153 2011 2206 κινεῖ

414 2248 486 2303 16
514 2248 749 2320 πατρῷα
779 2247 1104 2319 σπλάγχνα,
1149 2244 1264 2300 ἀλλ’
1301 2244 1402 2300 οὐκ
1447 2242 1692 2314 ἐξίστησι
1729 2240 1824 2295 τοῦ
1870 2238 2009 2310 πρὸς

415 2338 553 2392 Θεὸν
576 2337 768 2392 πόθου.
803 2338 870 2392 Τί
894 2337 1005 2409 γάρ
1036 2354 1208 2408 φησι;
1240 2333 1455 2403 Πάτερ.
1500 2332 1705 2388 Ἐννόει
1741 2332 1800 2384 δὲ
1825 2332 1914 2385 οἵα
1939 2326 2010 2403 ἦν

412 2428 449 2498 ή
479 2426 655 2498 φωνὴ,
687 2424 900 2494 Πάτερ.
933 2423 1045 2479 Καὶ
1074 2422 1186 2495 γὰρ
1222 2421 1319 2478 καὶ
1351 2422 1515 2493 ήμεῖς
1556 2420 1647 2474 ὅτε
1694 2419 1843 2473 θύειν
1877 2418 2008 2491 μέλ-

415 2515 584 2584 λομεν
612 2513 647 2586 ἦ
680 2514 866 2585 ἀρνίον
890 2512 923 2584 ἢ
947 2511 1075 2568 ἄλλο
1095 2528 1149 2564 τι
1171 2509 1283 2564 τῶν
1317 2508 1492 2574 ζώων,
1521 2508 1618 2563 καὶ
1649 2506 1864 2579 εἴδομεν
1890 2507 2011 2579 βλη-

416 2600 685 2675 χώμενον,
719 2603 814 2657 καὶ
840 2601 1083 2673 ἠρεμαίᾳ
1108 2602 1260 2672 φωνῇ
1285 2597 1421 2671 πρὸς
1447 2598 1597 2670 ἡμᾶς
1615 2596 2005 2669 φθεγγόμενον,

416 2688 703 2761 ἐλεοῦμεν,
742 2690 1087 2760 οίκτείρομεν
1141 2687 1414 2759 ἀναρθρον
1465 2686 1744 2757 προφέρον
1775 2684 1874 2756 τὴν
1904 2701 2011 2754 φω-

416 2781 534 2853 νήν.
579 2778 865 2850 Ἐννόησον
907 2773 1003 2831 οὖν
1044 2776 1204 2830 τοῦτο
1246 2775 1308 2828 τὸ
1350 2774 1626 2846 πρόϐατον
1663 2774 1718 2826 τί
1752 2773 2008 2844 ἐποίησεν

416 2869 506 2934 ἂν,
543 2869 594 2924 εί
618 2867 755 2939 πρὸς
792 2862 994 2935 ἀσθενῆ
1034 2862 1324 2932 διελέγετο’
1361 2860 1587 2931 Πάτερ,
1633 2860 1763 2915 ὶδοὺ
1795 2861 1861 2915 τὸ
1889 2861 2010 2930 πῦρ

414 2956 516 3011 καί
548 2956 621 3010 τὰ
645 2955 823 3021 ξύλα,
854 2952 970 3007 ποῦ
992 2952 1123 3006 ἐστι
1150 2950 1217 3005 τὸ
1248 2951 1550 3020 πρόϐατον
1569 2949 1635 3002 τὸ
1651 2950 1739 3016 εἰς
1755 2948 2010 3018 ὀλοκάρ-

416 3059 655 3108 πωσιν;
682 3042 849 3106 αὐτὸς
872 3041 930 3095 δέ
952 3037 1021 3112 ἦν
1051 3039 1194 3094 κατά
1211 3038 1311 3111 τὴν
1336 3037 1432 3091 τοῦ
1464 3038 1673 3111 πατρὸς
1723 3036 1952 3109 γνώμην
1979 3041 2009 3092 6

413 3133 593 3189 λαλῶν
621 3133 681 3186 τὸ
709 3130 986 3203 πρόϐατον
1003 3128 1248 3201 ἐρεθίζον
1280 3126 1372 3182 τὸν
1412 3126 1564 3198 ἱερέα
1586 3129 1666 3191 είς
1695 3126 2008 3197 εὐσπλαγχ-

413 3222 556 3277 νίαν.
596 3221 711 3275 Ούκ
763 3219 1107 3291 ἐμαθήτευσε
1142 3215 1252 3288 γὰρ
1283 3213 1507 3288 Χριστῷ
1537 3214 1617 3286 τῷ
1642 3214 1890 3284 λέγοντι·
1943 3215 2006 3268 '0

413 3309 610 3379 φιλῶν
637 3307 863 3377 πατέρα
881 3308 919 3376 ἢ
942 3304 1193 3377 μητέρα,
1213 3303 1253 3373 ἢ
1284 3303 1420 3358 υἱὸν
1450 3303 1489 3372 ἢ
1517 3302 1830 3374 θυγατέρα,
1859 3303 2006 3373 ὑπὲρ

412 3395 539 3465 ἐμὲ,
565 3397 677 3449 οὐκ
701 3394 835 3448 ἔστι
866 3410 981 3462 μου
1009 3392 1199 3459 ἄξιος.
1240 3392 1526 3462 Ἐμιμεῖτο
1548 3390 1605 3443 δὲ
1636 3391 1857 3462 Πατέρα
1878 3392 2007 3464 περὶ

415 3475 481 3537 οὗ
514 3483 748 3553 εἴρηται·
785 3481 895 3546 "Oc
927 3496 993 3550 γε
1020 3479 1126 3533 τοῦ
1174 3478 1328 3532 ίδίου
1384 3476 1522 3532 Υίοῦ
1550 3480 1663 3532 οὐκ
1685 3478 1968 3548 ἐφείσατο
1989 3521 2003 3546 ,

419 3571 558 3626 ἀλλ’
590 3567 742 3637 ὑπὲρ
772 3565 943 3636 ἡμῶν
974 3564 1218 3620 πάντων
1251 3564 1597 3634 παρέδωκεν
1635 3568 1842 3623 αὐτόν.
1893 3568 2005 3622 Ποῦ

420 3661 541 3712 ἐστι
597 3656 659 3710 τὸ
706 3654 1010 3727 πρόϐατον;
1058 3653 1329 3725 νουνεχῶς
1363 3656 1392 3707 6
1428 3656 1579 3718 παῖς.
1614 3654 1680 3707 Τί
1723 3650 1815 3709 οὖν
1849 3658 1878 3710 ὁ
1909 3674 2007 3710 πα-

419 3749 519 3818 τήρ
540 3760 724 3817 φησιν;
753 3743 817 3797 '0
840 3741 985 3809 Θεὸς
1009 3742 1218 3811 ὄψεται
1237 3740 1428 3806 ἐαυτῷ
1442 3743 1741 3812 πρόϐατον
1753 3746 1841 3810 είς
1865 3748 1973 3799 ὀλο
1989 3777 2003 3787 -

421 3831 758 3903 κάρπωσιν,
804 3831 1039 3885 τέκνον·
1075 3830 1179 3884 οὐκ
1202 3829 1441 3900 οίκέτην,
1467 3828 1583 3882 ἀλλ’
1602 3830 1750 3884 Υἰόν.
1770 3830 2007 3897 Ἐκεῖνος

422 3919 737 3991 μονογενὴς,
772 3918 868 3972 καὶ
908 3919 937 3971 6
966 3918 1098 3982 Θεὸς
1137 3919 1433 3989 μονογενής
1458 3935 1472 3949 ο
1515 3919 1723 3983 ἐκεῖνος
1769 3919 1863 3972 ἐπὶ
1895 3920 2004 3975 τῶν

417 4008 585 4080 ὤμων
619 4008 688 4061 16
719 4007 871 4073 ξύλα,
915 3996 1011 4062 καὶ
1061 4008 1091 4061 6
1139 4006 1376 4080 Χριστὸς
1425 4007 1518 4060 ἐπὶ
1563 4006 1673 4061 τῶν
1719 4005 1883 4079 ὤμων
1912 4008 2009 4064 τὸν

421 4097 674 4168 σταυρόνο
705 4097 912 4159 ἐκεῖνος
930 4095 1095 4167 μηδὲν
1111 4096 1437 4167 ἁμαρτήσας
1452 4095 1656 4167 ήμελλε
1678 4096 2001 4165 σφάζεσθαι,

417 4186 515 4240 καὶ
547 4187 578 4238 6
609 4185 735 4249 Υίὸς
777 4184 871 4238 τοῦ
902 4184 1038 4240 Θεοῦ
1075 4185 1242 4256 μηδὲν
1278 4185 1604 4257 ἁμαρτήσας
1645 4186 1965 4259 ἐσταυρώθη
1985 4204 2003 4219 ι

422 4271 626 4336 ἐκεῖνος
656 4273 750 4325 καὶ
790 4271 1008 4342 ἐσφάγη
1037 4272 1131 4326 καὶ
1169 4273 1269 4326 οὐκ
1301 4273 1539 4345 ἐσφάγη,
1575 4273 1669 4328 καὶ
1704 4277 1732 4327 6
1757 4274 1884 4338 Υἱὸς
1908 4275 2005 4329 τοῦ

417 4362 550 4417 Θεοῦ
573 4364 601 4416 6
634 4361 929 4434 μονογενὴς
972 4362 1067 4414 καὶ
1109 4361 1325 4432 ἐσφάγη
1367 4363 1463 4416 καὶ
1492 4362 1594 4416 οὐκ
1623 4362 1838 4432 ἐσφάγη
1863 4401 1878 4428 ,
1910 4363 2007 4417 καὶ

418 4454 656 4511 ἀπέθανε
690 4455 786 4508 καὶ
817 4455 919 4508 οὐκ
947 4453 1237 4508 ἀπέθανεψ
1267 4454 1391 4507 ὅσον
1426 4453 1525 4524 μὲν
1562 4455 1670 4525 γὰρ
1702 4455 1783 4518 είς
1808 4454 2004 4526 προαί-

422 4560 592 4615 ρεσιν,
619 4541 914 4610 ἀπέθανεν,
937 4543 1063 4596 ὅσον
1083 4541 1141 4596 δέ
1168 4543 1248 4605 είς
1276 4540 1500 4596 ἔκϐασιν
1516 4543 1879 4614 πραγμάτων,
1901 4545 2003 4598 οὐκ

417 4628 688 4684 ἀπέθανεν
719 4628 973 4703 [ἐκεῖνος]
998 4647 1010 4661 ·
1044 4631 1074 4682 6
1120 4629 1178 4682 δέ
1225 4629 1354 4694 Υἱὸς
1411 4628 1509 4684 τοῦ
1566 4630 1702 4684 Θεοῦ
1736 4634 1800 4703 τῇ
1838 4634 2002 4704 σαρκὶ

416 4716 710 4783 ἀπέθανεν,
746 4718 862 4772 ἀλλ’
891 4720 926 4788 ή
957 4718 1150 4791 θεότης
1176 4717 1395 4790 ἀπαθὴς
1428 4716 1664 4789 έμεινεν.

489 4804 562 4873 γ’.
605 4804 716 4858 ’Δεὶ
744 4805 897 4877 γάρὸ
916 4805 1068 4874 Θεὸς,
1093 4808 1220 4861 ὅταν
1249 4806 1419 4881 μέλλῃ
1445 4808 1677 4878 πρᾶγμα
1704 4807 1849 4878 μέγα
1873 4807 2002 4863 διοι-

418 4896 540 4950 κεῖν
557 4895 710 4967 παρὰ
721 4898 831 4958 τοῖς
848 4895 1178 4967 ἀνθρώποις,
1199 4897 1595 4970 προλαμϐάνει,
1614 4897 1709 4952 καὶ
1725 4898 1823 4968 τὴν
1843 4898 2001 4953 σκιὰν

418 4983 588 5043 αὐτοῦ
624 4983 1034 5056 προξωγραφεῖ,
1071 4986 1158 5039 ἵνα
1192 4986 1321 5040 ὅταν
1359 4985 1489 5057 ἔλθῃ
1542 4988 1574 5057 ή
1620 4985 1872 5058 ἀλήθεια,
1925 4987 2000 5059 μὴ

418 5074 622 5146 ἀπιστή
630 5090 761 5128 σωσι
777 5089 844 5126 πε
852 5073 906 5145 ρὶ
920 5073 1111 5145 αὐτῆς,
1129 5073 1238 5139 ἵνα,
1260 5073 1359 5143 τῆς
1374 5074 1579 5138 εἰκόνος
1596 5074 1996 5148 προλαϐούσης,

420 5164 497 5235 μὴ
517 5163 864 5234 ἀπιστήσωσι
885 5164 953 5233 τῇ
980 5160 1229 5233 ἀληθείᾳ.
1269 5154 1397 5217 Οἷόν
1430 5179 1482 5215 τι
1510 5162 1673 5232 λέγω·
1706 5162 1931 5234 ἔμελλεν
1964 5166 1998 5235 ή

419 5251 664 5320 παναγία
705 5249 974 5324 παρθένος
993 5251 1210 5322 γεννᾷν,
1257 5251 1352 5304 καὶ
1392 5250 1620 5305 ἄπιστον
1651 5246 1719 5322 ἦν
1754 5252 1816 5304 τὸ
1844 5251 1998 5324 [746]

415 5340 674 5411 πρᾶγμα·
706 5339 823 5402 πῶς
857 5338 1123 5411 παρθένος
1145 5341 1395 5410 γεννήσει
1417 5338 1570 5410 παρά
1596 5340 1687 5392 τὸν
1721 5339 1884 5410 νόμον
1900 5341 1999 5410 τῆς

416 5427 668 5498 φύσεωςς
696 5426 758 5480 τὸ
785 5427 894 5498 γὰρ
937 5427 1334 5498 γεγεννημένον
1379 5426 1511 5496 παρ’
1548 5427 1867 5482 ἀκολουθίαν
1900 5428 2000 5496 φύ-

417 5532 578 5580 σεως.
609 5513 706 5578 Τίς
739 5514 800 5580 ἐξ
830 5515 1026 5580 αἰῶνος
1052 5512 1159 5568 εἶδε
1187 5514 1453 5585 παρθένον
1479 5517 1850 5587 γεννήσασαν;
1880 5518 2000 5571 ’Ίνα

414 5598 509 5659 οὖν
543 5602 620 5673 μή
646 5605 727 5667 είς
753 5603 1008 5657 ἀπιστίαν
1031 5603 1233 5674 πολλὴν
1274 5604 1601 5675 χωρήσωσιν
1633 5606 1683 5657 οί
1732 5605 1994 5670 Ἰουδαῖοι,

487 5765 514 5798 ⁸
540 5763 688 5816 Cois].
708 5767 792 5816 τὸν
811 5768 1073 5830 ἀγαπητὸν,
1102 5787 1145 5819 τ.
1172 5774 1250 5822 κλ.
1276 5772 1356 5821 τὸν
1381 5772 1491 5834 ἐμὸν
1514 5772 1766 5833 δεσπότην.

1126 361 1184 418 S.
1223 359 1504 418 JOANNIS
1541 350 2040 413 CHRYSOSTOMI
2077 349 2397 408 ARCHIEP.
2437 353 2987 411 CONS'I'ANTINOP.

3597 356 3701 413 τη

2113 469 2490 541 προλαμϐάνει
2537 473 2632 526 καὶ
2676 475 3012 542 σκιαγραφεῖ
3038 470 3097 525 ἐν
3127 474 3195 542 τῇ
3222 471 3410 544 Σάρρᾳ
3440 469 3543 543 τὴν
3570 469 3697 543 ἀλής

2114 562 2282 627 θειαν,
2315 563 2402 616 ἵνα
2429 564 2559 616 ὅταν
2597 562 2984 633 ἀπορήσωσιν,
3014 561 3134 626 πῶς
3171 562 3206 632 ἡ
3252 561 3521 633 παρθένος
3546 561 3694 631 ἐγέν-

2113 669 2264 725 νησε,
2311 652 2511 723 μᾶλλον
2540 651 2981 724 ἀναμνησθέντες
3022 652 3241 715 εἴπωσι,
3281 650 3401 714 πῶς
3433 652 3469 722 ή
3511 649 3696 723 Σάρρα

2112 741 2402 812 ἐγέννησε;
2424 741 2625 814 μᾶλλον
2652 742 2709 795 δέ
2737 741 2933 813 ἐκείνῳ
2957 740 3035 812 τῷ
3062 741 3227 812 λόγῳ,
3259 740 3376 805 πῶς
3402 742 3437 812 ἡ
3458 741 3532 811 γῆ
3565 758 3696 811 παρ·

2113 829 2265 894 θένος
2296 827 2432 884 οὖσα
2465 831 2759 902 ἐγέννησε;
2804 829 3067 901 Σκαπάνη
3111 829 3211 884 οὐκ
3255 824 3345 900 ἦν,
3378 830 3409 882 6
3438 828 3696 901 γεωργῶν

2113 917 2283 990 αὐτὴν
2316 918 2416 990 οὐχ
2457 918 2726 990 ὑπῆρχεν,
2789 918 2945 982 ὑετὸς
2981 919 3045 971 οὐ
3097 916 3356 988 κατῆλθε,
3392 916 3591 988 βοτάνη
3620 918 3696 980 είς

2112 1009 2281 1082 αὐτὴν
2327 1010 2428 1063 οὐκ
2470 1008 2738 1081 ἀνῆλθεν,
2800 1004 2972 1075 αῦλαξ
3008 1009 3180 1080 αὐτῆς
3228 1010 3327 1062 οὐκ
3371 1007 3654 1079 ἀνετμήθη
3679 1050 3694 1071 ,

2111 1099 2308 1173 χέρσος
2332 1094 2423 1171 ἦν,
2458 1100 2793 1171 σπερμάτων
2813 1098 3121 1169 καταϐολὴν
3145 1099 3246 1153 οὐκ
3268 1096 3510 1163 ἐδέξατο,
3529 1096 3698 1168 ψεκάς

2111 1189 2213 1243 οὐκ
2249 1188 2529 1261 ηὕφρανεν
2563 1191 2755 1263 αὐτήν.
2797 1188 2936 1243 Εἰπέ
2973 1206 3064 1260 μοι
3109 1181 3224 1250 οῦν,
3267 1187 3386 1251 πῶς
3428 1184 3698 1259 παρθένος

2112 1272 2247 1332 οῦσα
2276 1277 2348 1332 τὰ
2378 1278 2547 1351 μυρία
2573 1279 2707 1351 γένη
2735 1277 2847 1333 τῶν
2875 1277 3118 1350 βοτανῶν
3149 1275 3521 1346 ἐϐλάστησεν;
3561 1275 3698 1329 Ἀλλ’

2112 1368 2214 1421 οὐκ
2249 1367 2397 1438 ἔχεις
2424 1367 2761 1439 ἑρμηνεῦσαι
2788 1368 2851 1422 τὸ
2885 1365 3274 1438 γεγενημένον,
3308 1363 3448 1419 ἀλλά
3491 1363 3696 1433 λέγεις,

2113 1456 2190 1522 ὡς
2229 1457 2494 1528 ἠθέλησεν
2515 1461 2544 1512 6
2574 1458 2728 1523 Θεός.
2759 1458 2864 1512 Τὸν
2890 1458 3052 1513 αὐτὸν
3078 1453 3173 1511 οὖν
3207 1456 3410 1527 τρόπον
3463 1455 3565 1508 καὶ
3611 1454 3700 1506 ἐπὶ

2114 1544 2214 1616 τῆς
2246 1544 2555 1617 παρθένου,
2594 1545 2784 1616 ἐπειδὴ
2826 1546 3094 1615 ἀπορεῖς,
3154 1541 3293 1615 μάθε
3350 1540 3429 1612 μὴ
3472 1555 3696 1610 περιερ-
3808 1550 3809 1595 1

2113 1632 2377 1701 γάζεσθαι
2424 1634 2555 1689 ὅταν
2594 1632 2728 1697 Θεὸς
2778 1631 3103 1705 ἐργάζηται·
3137 1630 3212 1702 μὴ
3243 1628 3423 1701 ἐρώτα
3460 1628 3534 1682 16
3563 1626 3698 1682 κατὰ

2116 1721 2300 1791 φύσιν,
2339 1723 2468 1777 ὅταν
2506 1723 2535 1776 6
2568 1724 2670 1794 τῆς
2715 1721 2932 1792 φύσεως
2966 1720 3220 1790 τεχνίτης
3254 1715 3585 1789 ἐργάζηται·
3628 1718 3697 1788 μὴ

2115 1812 2580 1885 πολυπραγμόνει.
2631 1807 2792 1878 Εῖπε,
2831 1808 3246 1878 Βλαστησάτω
3274 1809 3314 1876 ἡ
3346 1805 3449 1877 γῆ,
3480 1805 3582 1860 καὶ
3615 1806 3701 1858 εύ-

2116 1898 2254 1965 θέως
2285 1880 2536 1972 εἰσῆλθεν
2557 1903 2586 1954 6
2613 1899 2773 1968 λόγος
2796 1898 2876 1963 είς
2914 1898 3017 1962 τὰς
3054 1894 3288 1965 λαγόνας
3311 1893 3415 1962 τῆς
3441 1892 3549 1963 γῆς
3567 1933 3585 1958 ι
3609 1892 3700 1946 καὶ

2113 1987 2391 2060 διήγειρεν
2414 1987 2585 2059 αὐτῆς
2599 1985 2709 2050 .16;
2737 1986 2954 2050 ὠδῖνας,
2983 1984 3079 2038 καὶ
3103 1984 3139 2053 ἡ
3170 1980 3444 2053 παρθένος
3483 1979 3696 2048 ἐγέννα.
3808 1979 3809 2053 ξ

2115 2077 2291 2146 Λόγος
2318 2071 2400 2141 εἷς
2437 2070 2508 2146 ἦν
2548 2078 2577 2130 6
2624 2073 2927 2148 προελθὼν,
2962 2073 3059 2128 καὶ
3087 2070 3255 2145 μυρία
3284 2069 3422 2140 γένη
3463 2067 3577 2123 τῶν
3611 2066 3698 2136 βο-

2114 2163 2292 2218 τανῶν
2326 2163 2649 2234 ἐϐλάστησε,
2700 2164 2796 2217 καὶ
2834 2163 2869 2234 ἡ
2920 2163 2991 2233 γῆ
3031 2160 3123 2214 τὸν
3177 2158 3308 2212 [διον
3353 2154 3699 2228 ἀνελάμϐανε

2116 2250 2321 2323 κόσμον
2336 2249 2424 2306 διά
2451 2250 2546 2305 τοῦ
2569 2250 2727 2320 λόγου
2748 2269 2763 2282 ·
2782 2249 2894 2303 Καὶ
2920 2244 2989 2321 ἦν
3023 2248 3150 2301 ἰδεῖν
3169 2247 3271 2318 τὴν
3298 2248 3404 2316 γῆν
3434 2263 3504 2299 κυ
3514 2260 3698 2316 μαινο-

2119 2310 2307 2406 μένην,
2342 2335 2410 2389 τά
2435 2310 2654 2404 πτηνὰ,’
2675 2331 2746 2387 16
2782 2310 2999 2405 ἔνυδρα,
3034 2330 3103 2386 τὰ
3137 2310 3388 2402 χερσαῖα,
3428 2310 3563 2391 τοῦς
3594 2328 3702 2380 λεῑυ

2119 2424 2323 2496 μῶνας,
2350 2423 2418 2477 τὰ
2443 2423 2603 2495 ἄνθη,
2625 2423 2695 2477 16
2723 2421 2937 2493 δένδρα,
2954 2420 3052 2493 τὴν
3072 2418 3342 2490 ἄμπελον,
3363 2417 3466 2489 τήν
3488 2416 3695 2479 ἐλαίαν,
3808 2416 3809 2435 ³

2113 2514 2183 2567 τὰ
2211 2511 2380 2597 μυρία
2422 2511 2557 2581 γένη
2585 2511 2695 2564 τῶν
2724 2509 2979 2581 δένδρων,
3015 2506 3086 2561 16
3129 2507 3319 2579 ἄωρα,
3361 2506 3435 2561 16
3489 2505 3695 2576 ὥριμα,

2113 2601 2184 2655 τὰ
2209 2596 2521 2667 ἐνπεδίοις,
2558 2600 2628 2654 τὰ
2653 2600 2804 2671 παρά
2828 2598 3126 2662 θάλασσαν,
3159 2595 3230 2650 16
3275 2594 3432 2666 παρὰ
3475 2593 3695 2665 λίμνας,

2114 2689 2183 2744 16
2228 2689 2379 2761 παρά
2429 2689 2739 2758 ποταμοὺς,
2791 2685 2860 2742 16
2921 2684 3076 2758 παρὰ
3116 2683 3333 2755 πηγὰς,
3370 2682 3445 2735 16
3484 2681 3548 2734 ἐν
3591 2683 3700 2744 τοῖς
3808 2676 3809 2745 ξ

2114 2778 2285 2847 ὄρεσι.
2318 2778 2489 2846 Λόγος
2529 2771 2609 2841 εἷς
2654 2772 2722 2849 ἦν
2773 2778 2802 2830 6
2855 2773 3241 2845 ἐργαζόμενος,
3291 2770 3387 2824 καὶ
3434 2772 3468 2841 ή
3496 2770 3572 2840 γῆ
3604 2768 3699 2838 τὴν

2114 2866 2319 2921 οἰκείαν
2350 2865 2688 2938 εὐπρέπειαν
2727 2862 3134 2933 ἀπελάμϐανεν.
3172 2858 3553 2931 Ἑρμήνευσόν
3587 2874 3697 2928 μοι,
3808 2858 3809 2915 ί

2114 2951 2160 3011 ὦ
2197 2957 2440 3024 Ἰουδαῖε,
2476 2955 2594 3020 πῶς
2616 2956 2789 3009 τοῦτο·
2822 2953 2937 3008 ἀλλ’
2967 2953 3069 3007 οὐκ
3112 2951 3276 3022 ἔχεις.
3320 2949 3492 3019 Ὁρᾷς
3519 2946 3639 3010 πῶς
3664 2948 3697 3017 ἡ

2114 3046 2290 3118 πλάνη
2322 3045 2453 3117 παρ’
2475 3045 2676 3115 ἑαυτῆς
2697 3041 3112 3105 ύποσκελίζεται
3129 3055 3143 3104 ;
3162 3036 3408 3109 Πρόσεχε
3429 3034 3696 3107 ἀκριϐῶς.

2125 3137 2215 3199 Ὦς
2242 3133 2353 3205 γὰρ
2378 3133 2584 3203 ἔλεγον,
2601 3132 2728 3186 ὃταν
2752 3128 2920 3202 μέλλῃ
2943 3129 2972 3181 6
2988 3127 3121 3191 Θεὸς
3141 3127 3359 3179 διοικεῖν
3386 3141 3441 3177 τι
3464 3125 3701 3194 πρᾶγμα

2113 3223 2342 3279 ἄπιστον
2387 3219 2578 3275 δοκοῦν
2619 3214 2758 3274 εἷναι
2799 3220 2914 3282 τοῖς
2944 3216 3273 3287 ἀνθρώποις,
3316 3211 3700 3284 προλαμϐάνει

2113 3311 2205 3366 τὸν
2230 3312 2401 3365 τύπον
2442 3308 2537 3363 καὶ
2565 3307 2664 3379 τὴν
2700 3306 2887 3372 σκιὰν,
2919 3307 3008 3360 ἵνα
3038 3305 3114 3377 μὴ
3166 3301 3431 3377 αἰφνίδιον
3469 3298 3699 3353 ἐλθοῦσα

2113 3403 2147 3473 ή
2194 3401 2420 3474 ἀλήθεια
2467 3400 2547 3459 είς
2573 3396 2830 3450 ἀπιστίαν
2867 3394 3067 3457 αὐτοὺς
3104 3388 3338 3463 ἐμϐάλῃ.
3368 3388 3523 3442 Ἔδει
3570 3405 3701 3442 κατ-

2113 3491 2286 3545 ελθεῖν
2338 3489 2431 3542 τὸν
2481 3487 2611 3541 Υἱὸν
2662 3485 2759 3541 τοῦ
2809 3485 2981 3549 Θεοῦ,
3030 3483 3123 3536 καὶ
3174 3479 3438 3552 βαπτίσαι
3489 3479 3557 3532 τὸ
3592 3477 3699 3532 τῶν

2112 3578 2417 3651 ἀνθρώπων
2446 3575 2623 3645 γένος,
2660 3575 2756 3628 καὶ
2786 3573 2877 3627 τὸν
2899 3571 3135 3626 παλαιὸν
3149 3569 3436 3641 ἄνθρωπον
3467 3568 3702 3621 ἀποπνῖ-

2112 3667 2220 3734 ξαι,
2269 3667 2363 3719 καὶ
2407 3664 2499 3719 τὸν
2536 3662 2848 3735 ἀνανεῶσαι
2891 3660 3113 3714 θέλοντα
3149 3657 3248 3728 τὴν
3283 3656 3565 3728 ἁμαρτίαν
3600 3675 3699 3710 κα-

2110 3755 2455 3817 ταποντίσαι,
2486 3751 2579 3806 καὶ
2611 3750 2710 3822 τὴν
2739 3742 2992 3818 εὐλογίαν
3026 3746 3401 3814 ἐπαναγαγεῖν
3422 3786 3438 3811 ,
3474 3745 3577 3799 καὶ
3599 3745 3699 3815 τὴν

2110 3843 2358 3915 κατάραν
2380 3841 2662 3913 ἀφανίσαι,
2686 3840 2780 3895 καὶ
2814 3838 2913 3910 τὴν
2945 3835 3289 3906 δικαιοσύνην
3318 3834 3699 3908 χαρίσασθαι,

2111 3931 2205 3985 καὶ
2237 3931 2365 3994 τοὺς
2396 3928 2718 4000 ἀνθρώπους
2745 3927 3011 3997 ἀγγέλους
3031 3924 3276 3995 ποιῆσαι·
3299 3922 3491 3994 μοιχὸν
3512 3921 3703 3993 εμεὼ

2108 4019 2430 4093 λαμϐάνειν,
2462 4020 2559 4074 καὶ⁸
2604 4017 2723 4073 υἱὸν
2770 4019 2967 4071 ποιεῖν’
3001 4016 3139 4085 ὅπερ
3167 4011 3261 4069 οὖν
3296 4012 3391 4067 καὶ
3437 4014 3699 4083 ἐποίησε·

2113 4107 2189 4181 μὴ
2220 4108 2350 4163 ὄντα
2375 4107 2524 4174 ἀξιον
2549 4105 2657 4176 γῆς
2689 4104 2892 4177 ήμελλε
2919 4102 3239 4175 λαμϐάνειν,
3286 4102 3382 4155 καὶ
3414 4099 3570 4166 ἀξιον
3607 4102 3701 4155 οὐ·

2113 4193 2276 4267 ρανοῦ
2310 4197 2504 4249 ποιεῖν.
2567 4193 2722 4247 Ἐπελ⁵
2757 4187 2850 4247 οὖν
2882 4191 3040 4245 τοῦτο
3092 4191 3233 4263 μέγα
3273 4184 3344 4262 ἦν
3394 4189 3458 4242 τὸ
3513 4188 3702 4258 θαῦμα

2110 4283 2208 4337 καὶ
2229 4282 2457 4337 ἄπιστον
2488 4283 2601 4346 τοῖς
2631 4279 2868 4345 πολλοῖς,
2908 4279 3025 4344 πῶς
3058 4280 3091 4351 ή
3124 4279 3263 4348 αὐτὴ
3286 4277 3451 4348 φύσις
3477 4277 3575 4331 τὸν
3602 4276 3701 4330 ἕνα

2110 4369 2395 4443 ἄνθρωπον
2423 4370 2607 4438 πνίγει
2653 4369 2749 4422 καὶ
2783 4368 3017 4431 δικαιοῖ,
3045 4367 3144 4437 τὴν
3191 4367 3472 4438 ἁμαρτίαν
3502 4367 3700 4437 ἀφανί-

2110 4457 2216 4524 ζει,
2268 4459 2363 4512 καὶ
2410 4456 2509 4524 τὴν
2539 4455 2799 4527 ἀλήθειαν
2849 4454 3147 4524 ἐπανάγειο
3196 4454 3286 4507 ἵνα
3333 4450 3427 4510 οῦν
3484 4455 3566 4527 μὴ
3612 4455 3699 4508 λέ-

2110 4562 2279 4615 γωσιν
2318 4545 2577 4609 Ἰουδαῖοι,
2615 4542 2783 4615 μῦθος
2810 4542 2882 4597 τά
2902 4543 3011 4597 τῶν
3043 4543 3408 4614 Χριστιανῶν,
3438 4543 3564 4607 πῶς
3589 4538 3700 4597 οἶόν

2107 4653 2169 4690 τε
2200 4635 2261 4689 τὸ
2284 4635 2414 4689 αὐτὸ
2445 4633 2588 4707 ὕδωρ
2628 4633 2720 4688 τὸν
2756 4633 2856 4704 μέν
2889 4632 3124 4701 πνίγειν,
3159 4631 3251 4686 τὸν
3285 4630 3344 4685 δὲ
3368 4631 3700 4699 ζωοποιεῖνς
3808 4680 3809 4689 χ

2106 4723 2166 4778 ἓν
2187 4725 2304 4778 ἐστι
2330 4722 2390 4776 16
2411 4720 2578 4794 ὕδωρ,
2596 4722 2690 4776 καλ¹
2717 4722 2834 4784 πῶς
2848 4720 3071 4775 δύναται
3090 4718 3185 4773 δύο
3205 4719 3490 4789 ἐνεργείας
3521 4720 3699 4791 ἕχεινς

2108 4811 2174 4866 Τί
2201 4806 2294 4865 οὖν
2326 4809 2669 4881 προδιοικεῖὸ
2688 4808 2840 4874 Θεὸς,
2859 4809 2947 4862 ἵνα
2976 4809 3008 4879 ἡ
3047 4806 3401 4881 ἀναισχυντία
3420 4806 3537 4863 τῶν
3565 4808 3699 4861 Ἰου-

2105 4900 2270 4954 δαίων
2292 4899 2613 4970 ἐλέγχηται;
2635 4898 2699 4952 Οἱ
2726 4899 2834 4950 υἱοὶ
2860 4896 3080 4970 Ἰσραὴλ
3104 4895 3507 4951 κατεπονοῦντο
3527 4900 3589 4953 ἐν
3605 4900 3701 4951 Αἰ-

2107 4987 2321 5060 γύπτῳ,
2348 4987 2407 5041 ἐν
2425 4988 2537 5051 τοῖς
2567 4985 2772 5058 ἔργοις,
2808 4984 2903 5039 καὶ
2931 4986 2999 5056 τῇ
3034 4983 3239 5054 πλίνθῳ
3270 4984 3700 5055 προσηλωμένοι

2108 5075 2335 5139 καὶτοῖς
2377 5073 2557 5137 ἀλλοις
2594 5074 2868 5145 πονήμασι
2888 5086 2903 5102 ⁶
2945 5074 3041 5127 καὶ
3081 5072 3251 5127 ἐϐόων
3283 5072 3571 5137 κλαίοντες
3603 5074 3702 5127 καὶ

2110 5161 2261 5235 [747]
2296 5161 2578 5230 λέγοντες,
2623 5161 2709 5223 τίς
2743 5161 2894 5231 ἡμᾶς
2926 5159 3150 5231 ῥύσεται
3191 5161 3257 5213 ἐκ
3296 5160 3397 5229 τῆς
3444 5160 3701 5221 δουλείας

2105 5250 2214 5304 τῶν
2265 5249 2613 5319 Δίγυπτίων;
2653 5246 3013 5318 ἀπολώλαμεν
3034 5288 3050 5315 ,
3101 5245 3442 5317 ἐξολώλαμεν
3485 5249 3549 5300 ἐν
3584 5251 3702 5310 τοῖς

2106 5337 2288 5410 ἔργοις
2325 5340 2440 5401 τοῖς
2477 5339 2756 5409 πονηροῖς.
2792 5336 2859 5391 Τί
2906 5330 3035 5404 οὗν;
3088 5336 3406 5406 είσήκουσεν
3447 5336 3638 5390 αὐτῶν
3669 5336 3701 5388 ό

2105 5425 2258 5491 Θεὸς,
2286 5425 2383 5479 καὶ
2410 5426 2618 5496 πέμπει
2650 5424 2743 5479 τὸν
2774 5424 3035 5489 Μωῦσέα,
3066 5423 3312 5495 σημείοις
3341 5424 3437 5476 καὶ
3464 5423 3697 5496 τέρασιν

2106 5512 2266 5566 αὐτὸν
2293 5510 2541 5576 ὁπλίσας.
2570 5507 2774 5566 τΗλθεν
2817 5514 2845 5565 ό
2874 5511 3116 5581 Μωῦσῆς
3164 5510 3348 5581 φέρων
3392 5509 3495 5573 τὰς
3548 5510 3691 5565 κατά

2103 5600 2199 5653 τοῦ
2227 5598 2427 5670 Φαραὼ
2450 5599 2721 5673 τιμωρίας
2742 5618 2756 5632 ο
2785 5598 3147 5671 στρατόπεδον
3167 5599 3422 5669 πονηρῶν
3446 5598 3691 5669 ἀκρίδωθ

2103 5687 2374 5758 ἐπήγαγε,
2393 5686 2620 5758 βροῦχον
2645 5685 2919 5753 ἐκέλευσε,
2942 5686 3037 5740 καὶ
3060 5686 3392 5758 παρεγένετο
3410 5702 3424 5716 ·
3452 5686 3515 5738 τὸ
3540 5684 3686 5753 ὕδωρ

2104 5776 2182 5837 είς
2229 5767 2366 5845 αἷμα
2399 5774 2680 5845 μετέϐαλε,
2714 5773 3006 5844 φλυκτίδας
3047 5775 3305 5844 ἐποίησεν
3334 5773 3593 5840 ἀναζέσαι
3622 5771 3683 5821 ἐν
