3858 6280
156 362 256 416 741

163 473 449 544 jn-ophetat
485 482 669 527 servos
696 485 824 527 suos
849 469 1160 540 decipiens:
1186 468 1327 523 videt
1351 477 1528 524 autem
1553 468 1751 522 verita-

158 574 267 618 tem
318 561 608 618 secundum
647 561 791 616 dicta
846 574 941 615 sua
990 557 1196 628 impleri
1227 575 1239 610 :
1270 557 1394 627 quid
1443 557 1583 611 enim
1632 557 1751 611 ait?

159 653 346 707 Sedete
372 652 456 706 hic
483 664 598 705 cum
627 651 807 716 asina;
835 667 926 721 ego
954 657 1120 704 autem
1149 657 1196 702 et
1225 648 1465 718 puerulus
1493 656 1750 718 pertrans-

156 742 344 795 ibimus
388 757 543 810 usque
570 740 711 803 illuc,
742 748 790 794 et
819 747 1083 807 postquam
1108 737 1481 792 adoraverimus
1499 779 1514 804 ,
1538 746 1750 791 reverte-

157 849 273 886 mur
287 832 358 886 ad
376 848 480 887 ros.
505 832 646 886 Dixit
665 847 770 888 non
792 830 860 884 ita
878 829 1137 896 sentiens,
1159 843 1341 884 verum
1363 828 1554 883 accidit
1580 827 1754 898 potius

160 933 221 978 ut
249 923 484 992 dicebat,
532 939 692 994 quam
740 931 797 976 ut
834 921 1116 976 sentiebat.
1146 921 1351 976 Pueros
1375 928 1552 976 autem
1582 920 1751 976 relin-

156 1017 297 1085 quit,
352 1031 420 1070 ne
465 1016 546 1069 vis
597 1014 670 1069 illi
725 1013 1012 1076 inferatur,
1054 1020 1240 1067 contra
1292 1010 1385 1065 Dei
1435 1011 1751 1066 sententiam

159 1119 438 1174 pugnans,
482 1119 550 1158 ne
595 1109 840 1173 putantes
886 1101 1049 1169 servi,
1093 1100 1247 1155 senili
1276 1099 1525 1170 qquiam
1567 1100 1754 1156 morbo

159 1197 410 1253 aifcctum
448 1211 656 1263 semen,
701 1196 819 1266 ejus
865 1194 934 1250 ad
971 1194 1172 1249 caedem
1217 1194 1466 1264 impetum
1502 1193 1755 1263 prohibe~

158 1295 307 1354 rent,
340 1286 705 1355 dicerentque,
728 1283 863 1352 Quid
891 1285 1026 1355 agis,
1055 1283 1309 1339 domine?
1335 1284 1501 1339 ﬁlium
1531 1299 1596 1340 ex
1623 1299 1754 1354 pro-

158 1377 420 1434 missione
459 1385 737 1446 acceptum
788 1375 1069 1431 immolas?
1092 1375 1344 1432 dilectum
1387 1376 1556 1442 illum,
1585 1391 1615 1429 a
1640 1375 1754 1430 Deo

158 1470 372 1532 datum,
401 1467 692 1546 senectutis
719 1474 821 1522 tua:
852 1467 1149 1534 nutritium,
1179 1467 1452 1532 heredem,
1477 1481 1756 1522 successo-

158 1576 276 1616 rem
319 1568 502 1625 tttum,
531 1559 678 1614 Sara:
719 1557 919 1612 ﬁlium?
973 1558 1100 1629 quid
1143 1557 1306 1613 facias
1347 1557 1749 1613 animadverte:

157 1668 277 1709 rem
305 1652 640 1708 communica
667 1666 785 1707 cum
815 1652 1040 1722 conjuge
1071 1661 1182 1720 tua,
1209 1652 1478 1707 communi
1508 1659 1751 1723 parente,

162 1759 287 1814 qua:
317 1751 396 1798 tot
419 1743 569 1796 illum
596 1741 874 1797 doloribus
903 1742 1059 1797 enisa
1085 1751 1202 1798 est:
1235 1757 1336 1797 nos
1365 1742 1510 1812 prius
1547 1742 1752 1814 jugula,

144 1843 218 1892 et
244 1843 429 1905 postea
461 1834 650 1890 ﬁlium.
682 1833 880 1889 Verum
921 1835 1136 1905 sapiens
1173 1834 1261 1890 ille
1287 1849 1452 1890 senex
1476 1834 1621 1904 ipsos
1647 1849 1753 1889 non

156 1942 346 1982 secum
392 1926 636 1992 assumit,
682 1926 772 1996 qui
815 1941 874 1982 se
916 1925 1200 1982 cohibituri
1242 1935 1430 1993 erant;
1471 1926 1565 1983 sed
1603 1925 1755 1996 jubet

160 2019 438 2073 victimam
465 2018 634 2088 ipsam
659 2025 878 2089 portare
905 2018 1044 2089 ligna
1064 2059 1080 2086 ,
1109 2028 1168 2074 ut
1194 2017 1360 2090 ﬁgura
1385 2027 1530 2074 esset
1558 2017 1754 2074 Serva-

159 2112 294 2166 toris
337 2125 549 2166 crucem
593 2112 872 2182 gestantis.
916 2109 1082 2182 Ligna
1127 2119 1305 2166 autem
1356 2121 1571 2182 gestans
1615 2095 1755 2168 ﬁlius

159 2202 538 2272 loquutusque,
571 2211 788 2272 paterna
812 2203 1015 2258 viscera
1044 2203 1351 2268 commovit,
1380 2202 1473 2258 sed
1513 2218 1543 2257 a
1572 2202 1754 2258 divino

157 2306 349 2348 amore
392 2300 599 2362 patrem
642 2305 747 2346 non
793 2292 1010 2347 amovit.
1057 2292 1194 2359 Quid
1240 2292 1383 2348 enim
1429 2293 1535 2346 ait?
1574 2291 1753 2348 Pater.

159 2382 378 2453 Cogites
403 2382 584 2450 velim,
614 2397 858 2453 quamam
901 2391 1046 2438 esset
1071 2396 1172 2438 vox
1200 2383 1308 2450 illa,
1339 2381 1514 2438 Pater.
1541 2383 1754 2440 Etenim

158 2485 218 2530 et
246 2489 346 2531 nos
375 2474 587 2545 quando
609 2483 840 2530 mactare
861 2475 1106 2530 volumus
1143 2483 1235 2530 aut
1262 2489 1478 2545 agnum,
1498 2483 1590 2530 aut
1613 2475 1755 2530 aliud

156 2564 450 2636 quodpiam
501 2580 563 2620 ex
613 2565 964 2630 animalibus,
1015 2565 1292 2634 ipsumque
1335 2565 1554 2633 balare,
1604 2573 1753 2620 tran-

157 2655 494 2726 quillamque
538 2670 723 2711 vocem
781 2657 1025 2710 emittere
1073 2654 1344 2723 videmus,
1391 2655 1755 2711 misericordia

161 2760 468 2813 movemur,
499 2746 624 2800 licet
649 2761 755 2800 non
780 2746 1114 2801 articulatam
1145 2760 1329 2800 vocem
1358 2745 1613 2815 proferat.
1644 2743 1752 2800 Co-

155 2838 301 2906 gites
327 2838 502 2908 itaque
531 2824 712 2903 velim,
737 2837 862 2907 quid
892 2837 1006 2892 haec
1031 2837 1147 2892 ovis
1169 2836 1397 2902 fecisset,
1420 2836 1464 2890 si
1487 2836 1754 2892 inﬁrmum

159 2931 471 3000 quempiam
518 2930 790 2986 hominem
836 2930 1105 3000 alloquuta
1155 2938 1300 2984 esset
1343 2946 1356 2982 :
1413 2927 1588 2995 Pater,
1646 2945 1758 2983 ecce

157 3021 334 3091 ignem
374 3030 420 3076 et
463 3021 622 3093 ligna,
652 3021 737 3074 ubi
763 3030 838 3075 est
860 3021 964 3075 ovis
1005 3020 1071 3073 ad
1107 3019 1456 3074 holocaustum
1485 3017 1634 3090 (Gen.
1660 3017 1751 3072 22.

162 3115 195 3167 7
227 3114 286 3186 )?
312 3115 429 3185 ipse
471 3129 599 3169 vero
638 3114 860 3184 loquens
907 3119 1021 3168 erat
1062 3127 1127 3166 cx
1158 3111 1320 3182 patris
1364 3110 1623 3166 sententia
1667 3110 1755 3164 illa

158 3206 302 3272 ovis,
333 3222 450 3276 qua“:
479 3206 812 3261 sacerdotem
836 3205 902 3260 ad
944 3203 1463 3260 commiserationem
1488 3203 1752 3256 movebat.

157 3297 283 3353 Non
310 3299 452 3354 enim
474 3298 572 3353 sub
594 3297 871 3367 disciplina
899 3295 1096 3351 Christi
1123 3294 1315 3361 fuerat,
1363 3294 1453 3364 qui
1496 3293 1710 3348 dicebat
1737 3310 1751 3346 :

163 3391 270 3458 Qui
300 3400 436 3444 amat
479 3399 670 3460 patrem
710 3399 799 3442 aut
826 3397 1059 3454 matrem,
1107 3396 1195 3440 aut
1233 3387 1398 3456 [ilium
1431 3397 1519 3439 aut
1568 3386 1750 3454 ﬁliam,

161 3489 283 3558 plus
309 3502 460 3558 quam
485 3501 582 3549 me,
613 3501 714 3538 non
740 3491 808 3538 est
837 3499 916 3537 me
943 3483 1125 3553 dignus
1160 3479 1368 3552 (Matth.
1404 3479 1490 3533 10.
1519 3478 1630 3550 57).
1665 3479 1756 3534 Ille

160 3595 298 3634 vero
337 3578 640 3632 imitabatur
678 3577 913 3640 Patrem,
970 3574 1040 3630 de
1081 3587 1190 3644 quo
1231 3573 1430 3628 dictum
1481 3581 1563 3627 est
1605 3589 1618 3626 :
1655 3572 1756 3639 Qui

161 3671 376 3742 proprio
397 3669 535 3724 Filio
559 3685 651 3724 suo
682 3685 782 3722 non
809 3668 1051 3738 pepercit,
1102 3666 1191 3721 sed
1237 3682 1327 3732 pro
1361 3665 1503 3719 nobis
1526 3663 1756 3718 omnibus

161 3761 376 3816 tradidit
403 3760 549 3814 illum
571 3759 746 3830 (Rom.
775 3759 828 3812 8.
859 3759 969 3827 52).
994 3757 1097 3813 Ubi
1119 3765 1201 3812 est
1228 3757 1382 3811 ovis?
1414 3756 1487 3810 ait
1521 3755 1754 3824 pruden-

170 3861 251 3906 ter
283 3850 439 3905 ﬁlius.
467 3849 607 3918 Quid
651 3858 830 3904 autem
867 3848 998 3903 dicit
1034 3846 1223 3918 pater?
1253 3845 1394 3901 Deus
1438 3847 1620 3901 videbit
1661 3847 1758 3900 sibi

166 3945 423 3997 uictimam
463 3943 516 3996 in
559 3941 927 4007 holocaustum,
959 3940 1034 4010 ﬁli
1055 3956 1074 3994 :
1102 3953 1208 3994 non
1237 3938 1608 4006 domesticum,
1660 3937 1756 3994 sed

164 4035 386 4090 Filium.
432 4033 523 4089 Ille
566 4032 886 4103 unigenitus,
931 4040 986 4086 et
1024 4031 1164 4086 Deus
1202 4030 1363 4085 etiam
1404 4029 1648 4100 (Filius)
1677 4037 1758 4084 est

165 4126 474 4197 unigenitus
505 4143 518 4180 :
545 4124 635 4179 ille
673 4122 910 4179 humeris
958 4123 1121 4192 ligna,
1152 4128 1208 4176 et
1252 4119 1494 4175 Christus
1522 4119 1756 4176 humeris

162 4231 386 4272 crucem
413 4235 428 4271 :
459 4215 548 4270 ille
583 4229 704 4270 cum
735 4213 868 4267 nihil
914 4218 1206 4282 peccasset,
1237 4209 1592 4265 immolandas
1620 4216 1754 4288 erat,

163 4319 225 4366 et
248 4309 416 4365 Filius
444 4308 538 4364 Dei
566 4322 687 4362 cum
713 4304 846 4361 nihil
871 4312 1168 4375 peccasset,
1197 4301 1480 4359 cruciﬁxus
1509 4309 1592 4357 est
1623 4319 1636 4356 :
1671 4302 1758 4358 ille

163 4411 225 4456 et
271 4397 542 4469 iugulatus
585 4405 642 4453 et
685 4411 792 4451 non
834 4394 1106 4466 jugulatus
1147 4402 1248 4458 est,
1285 4392 1453 4448 Filius
1497 4392 1624 4448 item
1663 4392 1758 4448 Dei

162 4489 476 4560 unigenitus
504 4497 559 4544 et
592 4502 696 4542 non
717 4487 987 4557 jugulatus
1013 4493 1094 4542 est
1121 4494 1175 4540 et
1198 4483 1488 4556 jugulatus,
1533 4492 1586 4538 ct
1611 4498 1759 4536 mor-

165 4597 297 4638 lllllS
315 4588 422 4636 -est
469 4587 524 4634 et
551 4594 657 4633 non
685 4585 928 4632 mortuus
956 4585 1038 4632 est
1071 4593 1084 4632 2
1117 4591 1238 4630 nam
1262 4583 1518 4646 quantum
1539 4573 1603 4628 ad
1639 4589 1762 4643 ριό-

148 4673 428 4745 positum,
472 4679 716 4725 mortuus
756 4676 841 4723 est
879 4667 998 4732 ille;
1030 4674 1284 4736 quantum
1328 4680 1456 4720 vero
1494 4664 1559 4719 ad
1584 4679 1758 4719 rerum

161 4765 400 4830 exitum,
440 4778 544 4818 non
593 4771 678 4817 est
723 4770 965 4816 mortuus
991 4777 1010 4813 :-
1056 4758 1222 4813 Filius
1275 4771 1406 4814 vero
1459 4757 1552 4812 Dei
1601 4771 1762 4812 carne

167 4875 202 4912 ιι
228 4865 419 4912 ortuus
443 4863 546 4922 est,
578 4854 671 4909 sed
693 4853 945 4907 divinitas
974 4850 1312 4921 impassibilis
1340 4851 1554 4905 mansit.

242 4949 301 5005 5.
320 4946 457 5001 Deus
474 4961 682 5017 magnas
699 4960 776 4998 res
798 4960 885 5013 per
901 4945 1102 4997 umbras
1123 4940 1662 5011 prmsignavit.—Sem
1670 4956 1765 5010 per

167 5042 320 5097 enim
352 5040 492 5094 Deus
515 5079 531 5105 ,
562 5053 682 5092 cum
715 5051 958 5106 magnam
989 5033 1290 5104 quampiam
1333 5048 1444 5088 rem
1484 5033 1763 5101 dispensa-

166 5143 327 5189 turus
348 5139 431 5187 est
458 5129 597 5200 apud
627 5129 867 5183 homines
891 5168 905 5192 ,
947 5140 1064 5182 eam
1106 5126 1400 5194 praevenit,
1433 5133 1486 5179 et
1521 5125 1761 5179 umbram

169 5227 298 5294 ejus
325 5224 471 5294 prius
507 5220 783 5290 depingit,
826 5227 884 5272 ut
915 5232 1034 5272 cum
1074 5217 1269 5270 veritas
1305 5214 1617 5277 adveniret,
1665 5215 1764 5283 ipsi

167 5317 337 5374 ﬁdem
369 5329 473 5369 non
505 5321 796 5383 negarent;
843 5319 902 5364 ut
937 5324 1058 5364 cum
1097 5309 1271 5378 imago
1305 5308 1702 5379 praecessisset,
1733 5324 1764 5363 a

165 5405 448 5463 credendo
485 5403 696 5458 veritati
736 5416 842 5456 non
901 5398 1226 5454 recederent.
1273 5397 1515 5468 Exempli
1563 5413 1762 5466 causa,

165 5498 514 5557 sanctissima
539 5495 702 5565 Virgo
732 5492 963 5564 paritura
988 5498 1140 5556 erat,
1172 5504 1362 5560 resque
1402 5488 1492 5545 illa
1532 5489 1765 5544 incredi-

167 5590 300 5647 bilis
339 5587 657 5645 videbatur:
705 5599 829 5639 nam
871 5581 1139 5654 quomodo
1179 5583 1330 5652 virgo
1372 5596 1560 5651 parere
1601 5582 1769 5651 possit

168 5687 375 5751 przeter
402 5686 603 5733 natura:
621 5675 836 5746 legem?
861 5673 939 5729 sic
971 5673 1114 5729 enim
1146 5672 1356 5742 genitus
1386 5679 1582 5742 praeter
1617 5671 1767 5728 ordi-

169 5787 302 5830 nem
329 5779 533 5828 naturae
570 5768 821 5840 prodiret.
861 5766 988 5835 Quis
1033 5781 1062 5820 a
1106 5765 1300 5821 szeculo
1337 5762 1468 5820 vidit
1510 5763 1766 5836 virginem

1343 351 1434 408 DE
1474 349 1699 406 BEATO
1738 349 2092 407 ABRAIIAM.

3341 355 3446 415 ἨΞ

1861 468 2198 537 parientem?
2223 467 2299 523 Ne
2326 468 2501 538 itaque
2527 468 2695 524 Judaei
2726 469 2776 523 in
2815 483 3059 540 magnam
3102 470 3447 528 incredulita-

1862 568 1968 614 tem
1999 560 2243 627 abirent,
2276 537 2530 630 praevenit
2561 559 2698 615 Deus
2725 569 2777 615 et
2802 537 3082 615 adumbrat
3109 563 3160 616 in
3189 563 3319 618 Sara
3345 581 3442 619 ve-
3469 537 3478 564 ’

1860 649 2069 704 ritatem
2093 692 2108 716 ,
2132 660 2192 705 ut
2211 665 2331 706 cum
2350 651 2697 720 quaastioncm
2718 660 2992 706 moverent
3010 653 3278 722 quomodo
3300 654 3446 724 virgo

1858 742 2139 810 genuerit,
2175 742 2432 797 memoria
2455 751 2759 812 repetentes
2788 742 2962 813 potius
2985 744 3223 800 dicerent
3245 787 3260 812 ,
3298 745 3445 814 Quo-

1860 833 2021 888 modo
2045 835 2174 890 Sara
2203 835 2425 905 genuit?
2452 835 2560 890 imo
2584 835 2742 890 etiam
2780 837 2950 906 magis
2988 837 3090 891 hoc
3126 838 3403 892 ratiocinio
3424 879 3438 903 ,

1861 922 2138 990 Quomodo
2171 934 2309 980 terra
2335 966 2350 993 ,
2382 927 2529 995 virgo
2557 940 2677 980 cum
2705 933 2885 993 esset,
2917 926 3139 996 genuit?
3169 927 3298 998 Ligo
3339 941 3446 984 non

1859 1024 1974 1070 erat
1996 1058 2012 1084 ,
2039 1018 2268 1087 agricola
2297 1060 2312 1085 ,
2337 1019 2426 1090 qui
2451 1018 2650 1074 coleret
2677 1033 2794 1074 eam
2822 1061 2837 1086 ,
2870 1033 2976 1073 non
3014 1019 3235 1086 aderat,
3270 1020 3444 1090 pluma

1861 1120 1971 1159 non
1991 1105 2263 1162 deciderat
2286 1150 2300 1173 ,
2335 1107 2500 1163 herba
2527 1109 2578 1163 in
2607 1109 2694 1163 illa
2722 1124 2829 1163 non
2856 1110 3200 1179 pullulaverat
3225 1152 3240 1178 ,
3267 1111 3446 1166 sulcus

1861 1197 1912 1250 in
1939 1212 2002 1252 ea
2031 1198 2207 1253 nullus
2225 1240 2241 1265 ,
2273 1198 2416 1254 arida
2443 1210 2558 1254 erat
2581 1241 2596 1264 ,
2628 1214 2812 1255 semen
2840 1216 2944 1254 non
2975 1211 3312 1272 susceperat,
3355 1217 3445 1258 ros

1859 1299 1977 1340 eam
2007 1287 2182 1343 ltelam
2211 1304 2316 1343 non
2347 1288 2562 1343 fecerat.
2608 1289 2700 1343 Dic
2742 1289 2898 1359 igitur
2941 1290 3068 1344 tnihi
3089 1330 3105 1356 ,
3139 1292 3405 1360 quomodo
3427 1335 3442 1356 ,

1859 1376 2008 1446 virgo
2027 1392 2147 1432 cum
2169 1387 2348 1445 esset,
2373 1377 2647 1432 innumera
2687 1379 2970 1434 herbarum
2996 1394 3195 1449 genera
3230 1383 3446 1437 emisit?

1859 1469 1930 1523 At
1970 1484 2075 1524 non
2122 1479 2273 1540 potes
2316 1487 2430 1526 rem
2470 1471 2777 1540 explicare,
2814 1472 2908 1527 sed
2951 1473 3125 1538 dicis,
3173 1475 3241 1530 Ut
3283 1477 3448 1531 voluit

1866 1562 2023 1616 Deus.
2053 1563 2253 1618 Eodem
2283 1565 2439 1633 igitur
2466 1564 2624 1619 modo
2647 1565 2790 1620 etde
2815 1565 3030 1636 Virgine
3053 1608 3068 1633 ,
3093 1581 3215 1622 cum
3241 1569 3449 1625 dubita-

1861 1653 1935 1706 tio
1963 1653 2140 1718 subit,
2181 1655 2328 1710 disce
2354 1671 2458 1710 non
2485 1656 2694 1711 curiose
2725 1656 3095 1727 inquirendum
3123 1675 3243 1715 esse
3270 1703 3284 1728 ,
3326 1678 3445 1721 cum

1860 1741 2003 1797 Deus
2043 1751 2338 1813 operatur:
2383 1760 2451 1799 ne
2487 1760 2696 1814 quteras
2729 1760 2796 1799 an
2836 1746 3126 1802 secundum
3166 1759 3440 1817 naturam,

1859 1831 2070 1901 quando
2101 1841 2301 1888 natura:
2326 1833 2490 1902 ipsius
2514 1833 2703 1890 artifex
2724 1843 3010 1904 operatur;
3036 1852 3102 1892 ne
3124 1840 3445 1908 quaestiones

1863 1922 2057 1976 multas
2083 1938 2322 1980 moveas.
2355 1924 2528 1992 Dixit,
2558 1923 2811 1979 Germinet
2836 1935 2969 1980 terra
3009 1927 3028 1997 (
3054 1925 3182 1982 Gen.
3225 1930 3277 1984 l.
3313 1929 3371 1984 ll
3405 1932 3444 2000 ),

1859 2021 1914 2066 et
1939 2013 2118 2068 statim
2147 2012 2200 2068 in
2232 2022 2388 2068 teme
2413 2014 2616 2069 viscera
2645 2028 2824 2070 sermo
2852 2015 3121 2086 ingressus
3151 2026 3233 2072 est
3256 2058 3272 2084 ,
3305 2028 3357 2072 et
3382 2021 3449 2074 ad

1862 2111 2068 2171 partum
2113 2103 2280 2174 ipsam
2325 2105 2574 2160 excitavit
2613 2123 2626 2161 :
2671 2105 2926 2177 virgoque
2966 2109 3168 2178 genuit.
3217 2109 3449 2167 Verbum

1859 2202 1973 2248 erat
1999 2209 2160 2249 unum
2186 2235 2201 2261 ,
2229 2195 2368 2266 quod
2394 2196 2749 2266 procedebat,
2777 2209 2832 2253 et
2855 2198 3134 2255 innumera
3161 2200 3448 2257 herbarum

1859 2300 2056 2356 genera
2085 2286 2345 2356 pullulare
2372 2288 2495 2345 fecit
2515 2331 2530 2355 ,
2563 2298 2616 2346 et
2645 2305 2738 2360 per
2760 2290 2979 2346 verbum
3008 2301 3145 2348 terra
3177 2293 3448 2364 proprium

1861 2379 2148 2448 assumpsit
2171 2390 2438 2435 ornatum.
2464 2381 2765 2453 Videreque
2785 2392 2899 2438 erat
2930 2392 3124 2439 terram
3155 2394 3302 2440 motu
3330 2386 3448 2456 agi-

1861 2478 2022 2526 tatam
2047 2513 2063 2539 ,
2092 2473 2337 2528 volucres
2362 2489 2552 2545 nempe
2575 2516 2592 2543 ,
2619 2476 2865 2545 aquatilia
2892 2518 2907 2544 ,
2937 2477 3210 2532 terrestria
3239 2479 3446 2532 anima-

1861 2561 1930 2616 lia
1955 2603 1970 2628 ,
2000 2571 2148 2631 prata
2170 2604 2184 2628 ,
2209 2563 2366 2619 ﬁores
2387 2605 2404 2629 ,
2428 2563 2646 2620 arbores
2669 2607 2685 2633 ,
2713 2565 2873 2620 vitem
2894 2606 2908 2630 ,
2934 2566 3126 2620 olivam
3156 2607 3172 2634 ,
3203 2578 3446 2622 sexcenta

1861 2653 2110 2709 arborum
2154 2670 2351 2725 genera
2377 2697 2391 2722 ,
2440 2671 2747 2726 praecoces,
2795 2671 2998 2728 suoque
3043 2667 3284 2728 tempore
3329 2674 3452 2730 pro-

1861 2744 2085 2801 deuntes
2111 2745 2310 2803 fructus
2339 2765 2352 2801 :
2386 2764 2504 2818 qua:
2536 2749 2587 2802 in
2622 2751 2837 2818 planitie
2860 2791 2875 2815 ,
2907 2765 3026 2820 qua:
3064 2749 3132 2805 ad
3167 2766 3313 2806 mare
3337 2793 3350 2817 ,
3384 2755 3449 2806 ad

1862 2835 2049 2904 lacus,
2100 2837 2167 2892 ad
2211 2838 2465 2905 flumina,
2516 2839 2581 2893 ad
2626 2839 2795 2894 fontes
2822 2883 2836 2906 ,
2887 2856 3003 2910 qua:
3055 2841 3109 2895 in
3153 2840 3447 2898 montibus.

1864 2924 2012 2982 Unus
2040 2937 2157 2983 erat
2180 2945 2358 2984 sermo
2387 2944 2615 3001 Operans
2643 2973 2658 2998 ,
2700 2941 2754 2987 et
2781 2941 2920 2987 terra
2947 2949 3100 2987 suum
3127 2936 3450 3004 assequeba-

1864 3027 1950 3074 tur
1976 3019 2247 3076 decorem.
2279 3019 2632 3090 lnlerpretare
2653 3022 2779 3076 mihi
2801 3063 2817 3087 ,
2849 3023 3062 3088 Judzee,
3096 3023 3148 3078 id
3178 3025 3446 3094 quomodo

1862 3109 2054 3163 factum
2082 3111 2151 3164 sit
2180 3128 2193 3165 :
2223 3121 2275 3164 at
2303 3127 2406 3166 non
2434 3121 2603 3181 potes.
2637 3113 2818 3168 Vidcn‘
2841 3114 3108 3184 quomodo
3127 3131 3279 3171 error
3307 3133 3336 3170 a
3362 3133 3448 3172 sc-

1864 3200 2089 3270 metipso
2123 3202 2533 3271 supplautetur?
2577 3203 2804 3258 Attende
2841 3204 3140 3275 diligenter.
3180 3206 3447 3274 Quemad-

1863 3292 2076 3348 modum
2098 3294 2238 3348 enim
2265 3295 2376 3349 dixi
2400 3336 2418 3362 ,
2442 3295 2652 3366 quando
2673 3296 2784 3351 vult
2806 3297 2943 3352 Deus
2965 3312 3078 3352 rem
3099 3297 3410 3368 dispensare
3431 3343 3447 3369 ,

1862 3401 1979 3456 quae
2010 3385 2332 3442 incredibilis
2359 3387 2664 3444 hominibus
2686 3388 2932 3444 videatur
2955 3432 2970 3457 ,
3001 3392 3272 3461 prmmittit
3305 3391 3437 3464 ﬁgu-

1863 3493 1977 3532 ram
2004 3488 2056 3533 et
2087 3480 2364 3547 umbram,
2401 3489 2456 3535 ut
2485 3497 2552 3536 ne
2594 3483 2789 3537 veritas
2817 3483 3106 3553 derepente
3131 3483 3349 3540 veniens
3389 3487 3442 3540 in

1865 3569 2288 3626 incredulitatem
2319 3573 2461 3643 ipsos
2482 3573 2748 3644 conjiciat.
2777 3573 2921 3644 Opus
2942 3581 3057 3629 erat
3081 3583 3139 3629 ut
3161 3573 3327 3630 Filius
3356 3577 3446 3632 Dei

1864 3661 2107 3726 veniret,
2176 3662 2556 3734 hominumque
2607 3679 2774 3734 genus
2839 3664 3169 3734 baptizarct,
3218 3675 3451 3721 veterem

1864 3748 2134 3804 hominem
2166 3764 2484 3819 renovaret,
2515 3762 2570 3809 et
2607 3768 2727 3807 eum
2766 3754 2852 3823 qui
2891 3762 3163 3822 peccatum
3194 3771 3452 3811 renovare

1866 3843 2073 3896 volebat
2101 3841 2435 3912 demergeret
2456 3885 2469 3908 ,
2502 3843 2926 3898 benedictionem
2947 3843 3219 3899 induceret
3240 3883 3260 3912 ,
3289 3846 3454 3900 male-

1865 3933 2149 3988 dictionem
2177 3933 2379 3989 deleret
2405 3975 2418 3997 ,
2438 3933 2695 4003 justitiam
2724 3933 3005 4004 largiretur
3027 3977 3042 4003 ,
3073 3935 3316 3991 homines
3355 3952 3451 3990 an-

1864 4025 2011 4096 gelos
2038 4025 2272 4080 faceret:
2305 4025 2604 4081 adulterum
2634 4035 2947 4096 accepturus
2983 4035 3039 4082 et
3081 4026 3243 4082 ﬁlium
3281 4027 3448 4082 factu-

1868 4132 1959 4172 rus
1985 4126 2137 4184 erat;
2169 4118 2308 4188 quod
2336 4119 2496 4173 etiam
2521 4117 2698 4174 eﬁ‘ecit
2727 4135 2740 4172 ε
2769 4133 2890 4172 eum
2927 4118 3017 4188 qui
3061 4133 3127 4174 ne
3154 4128 3292 4174 terra
3334 4121 3449 4190 qui-

1869 4206 1990 4264 dem
2021 4207 2213 4279 dignus
2237 4216 2382 4275 erat,
2414 4218 2728 4278 accepturus
2753 4251 2768 4274 ,
2793 4215 2849 4263 et
2875 4208 3008 4264 caelo
3033 4209 3250 4278 dignum
3279 4208 3446 4264 factu-

1866 4313 1960 4354 rus
1987 4307 2120 4354 erat.
2147 4298 2408 4367 Quoniam
2437 4299 2596 4370 igitur
2625 4300 2727 4354 hoc
2771 4315 3016 4372 magnum
3053 4301 3367 4367 miraculum
3395 4313 3450 4358 et

1869 4391 2179 4447 incredibile
2207 4391 2388 4447 multis
2417 4400 2532 4448 erat
2554 4433 2570 4459 ,
2599 4392 2868 4463 quomodo
2893 4391 3081 4449 eadem
3108 4393 3219 4463 ipsa
3263 4401 3449 4448 natura

1870 4501 2032 4539 unum
2063 4484 2332 4540 hominem
2363 4484 2616 4554 prazfocet
2641 4494 2695 4540 et
2716 4483 2973 4554 justiﬁcet
2993 4526 3008 4551 ,
3051 4494 3322 4555 peccatum
3355 4484 3453 4538 de-

1872 4576 1981 4632 leat
2003 4618 2017 4640 ,
2050 4585 2105 4632 et
2133 4577 2409 4631 veritatem
2437 4575 2694 4642 reducat;
2727 4591 2793 4630 ne
2815 4575 3052 4631 dicerent
3076 4573 3241 4630 Judaei
3269 4617 3282 4641 ,
3313 4574 3454 4628 dicta

1872 4664 2294 4721 Christianorum
2328 4681 2447 4722 esse
2491 4667 2760 4722 fabulam:
2792 4681 2914 4720 nam
2941 4666 3028 4735 qui
3075 4665 3188 4720 ﬁeri
3235 4674 3452 4736 potest,

1872 4769 1932 4814 ut
1977 4759 2163 4816 eadem
2212 4760 2323 4830 ipsa
2360 4775 2494 4830 aqua
2537 4758 2756 4813 suﬁ‘ocet
2804 4768 2858 4813 et
2902 4757 3175 4814 viviﬁcet?
3221 4774 3324 4813 una
3371 4769 3454 4815 est

1877 4867 2013 4923 aqua
2039 4893 2054 4918 ,
2079 4864 2129 4907 et
2159 4852 2427 4923 quomodo
2453 4853 2620 4920 possit
2656 4851 2789 4906 duas
2832 4851 3169 4922 operationes
3215 4852 3454 4908 habere?

1872 4944 2008 5012 Quid
2035 4945 2192 5014 igitur
2220 4945 2491 5013 dispensat
2517 4943 2657 4998 Deus
2681 4983 2698 5009 ,
2725 4952 2785 4998 ut
2819 4943 3123 4999 Judatorum
3171 4945 3453 5015 impuden-

1877 5038 1945 5091 tia
1971 5036 2330 5105 coarguatur?
2368 5034 2484 5088 Filii
2516 5034 2674 5090 lsrael
2701 5034 3071 5105 afﬁigebantur
3100 5037 3152 5089 in
3180 5035 3416 5107 Egypto
3435 5079 3451 5102 ,

1877 5127 1928 5180 in
1979 5125 2289 5191 laboribus,
2339 5133 2395 5180 et
2441 5125 2693 5196 operibus
2736 5126 2976 5180 lateritiis
3016 5125 3158 5179 afﬁxi
3189 5141 3202 5178 :
3233 5135 3288 5180 et
3332 5142 3452 5180 cum

1879 5215 2003 5271 ﬁetu
2027 5215 2326 5271 clamabant
2351 5215 2586 5271 dicentes
2615 5234 2628 5270 :
2656 5215 2784 5281 Quis
2811 5229 2908 5268 nos
2939 5213 3183 5268 liberabit
3219 5229 3250 5268 a
3289 5215 3458 5269 servi-

1878 5318 1987 5364 tute
2014 5309 2383 5380 :Egypliorum
2404 5308 2428 5361 ?
2453 5308 2704 5377 periimus
2725 5347 2738 5372 ,
2769 5305 2958 5375 perditi
2985 5317 3168 5359 sumus
3198 5304 3252 5358 in
3279 5307 3454 5373 operis

1877 5401 1976 5455 bus
2003 5399 2174 5454 malis.
2196 5398 2332 5467 Quid
2359 5399 2560 5470 igitur?
2580 5395 2848 5452 exaudivit
2867 5395 2986 5450 illos
3014 5395 3151 5449 Deus
3169 5435 3185 5462 ,
3208 5395 3456 5465 misitque

1879 5491 2114 5562 Hoysem
2157 5490 2324 5559 signis
2355 5497 2409 5544 et
2441 5487 2693 5559 prodigiis
2720 5493 3006 5540 armatum.
3053 5484 3212 5540 Venit
3249 5485 3463 5556 Moyses

1878 5581 2056 5638 ferens
2081 5581 2338 5651 supplicia
2362 5589 2548 5636 contra
2575 5579 2902 5635 Pharaonem
2927 5620 2943 5645 ,
2988 5591 3267 5648 pravarum
3309 5576 3460 5632 locu-

1878 5683 2080 5730 starum
2105 5673 2395 5730 exercitum
2423 5672 2630 5728 induxit
2659 5689 2674 5725 :
2705 5669 2908 5727 brucho
2935 5668 3256 5742 imperavit,
3283 5679 3336 5726 et
3374 5670 3460 5726 ille

1878 5766 2020 5823 venit
2048 5785 2061 5820 :
2091 5779 2280 5837 aquam
2323 5766 2376 5822 in
2413 5764 2726 5836 sanguinem
2755 5763 2976 5822 mutavit
3000 5805 3014 5834 ,
3041 5761 3280 5832 pustulas
3305 5759 3458 5818 ohut~
