3858 6280
419 334 527 391 743

420 448 519 501 Iire
548 443 672 500 fecit
699 442 755 497 in
780 440 1082 497 hominibus
1105 448 1159 494 et
1193 439 1245 492 iu
1283 436 1555 506 jumentis.
1585 433 1790 495 Deinde
1818 474 1835 502 ,
1880 446 2003 489 cum

422 544 546 608 post
573 543 747 589 tantas
770 532 949 603 plagas
970 530 1177 586 Pharao
1205 543 1312 584 non
1340 527 1597 593 cederet,
1622 526 1834 586 demum
1864 525 2006 585 Deus

422 634 652 681 mortem
680 621 1147 693 primogenitorum
1178 618 1411 673 immittit
1446 634 1461 671 :
1491 617 1636 682 inde,
1669 624 1727 675 ut
1747 629 2004 686 compen-

420 717 511 770 dio
535 714 743 778 dicam,
783 726 852 766 ne
897 711 980 765 his
1019 709 1219 765 diutius
1258 709 1550 767 immorans
1590 708 1850 777 promissa
1897 723 2005 763 non

421 808 716 879 eompleam
747 803 990 874 :egressi
1026 810 1152 858 sunt
1187 817 1251 858 ex
1280 811 1419 856 terra
1447 799 1663 871 Egypti
1688 841 1704 868 ,
1744 807 1798 854 et
1841 813 2004 853 vene—

342 894 343 897 “
422 906 547 954 runt
570 896 635 951 ad
661 908 809 951 oram
836 893 1020 949 maris.
1052 891 1362 947 Exercitum
1391 900 1510 961 post
1530 891 1657 958 illos
1683 890 1836 944 duxit
1862 889 2002 946 Plia-

418 1004 511 1043 rao
537 1002 659 1043 cum
685 984 1017 1042 multitudine
1041 998 1291 1038 curruum
1323 984 1381 1037 et‘
1398 996 1659 1052 equorum
1690 998 1703 1034 :
1745 990 1806 1035 ut
1834 979 2003 1051 aciem

422 1081 554 1134 vidit
584 1078 785 1143 Israel,
818 1077 1012 1131 timore
1052 1084 1331 1144 correptus
1369 1081 1473 1133 est.
1517 1072 1789 1128 Venerunt
1825 1078 2004 1125 autem

413 1171 484 1226 ad
514 1172 640 1225 litus
667 1167 831 1224 maris
860 1184 874 1221 :
902 1167 1142 1235 dixitque
1175 1167 1312 1220 Deus
1336 1166 1500 1237 Moysi
1526 1183 1538 1218 :
1569 1164 1703 1229 Quid
1724 1166 1913 1219 clamas
1937 1165 2004 1219 ad

414 1279 494 1317 me
525 1261 738 1333 (Exod.
770 1261 856 1316 ﬂ.
890 1260 959 1315 I5
986 1258 1041 1329 )?
1067 1259 1212 1328 atqui
1238 1258 1369 1312 nihil
1394 1258 1605 1314 dicebat
1632 1257 1863 1328 Moyses.
1892 1256 2000 1313 Sed

415 1355 550 1409 dixit
575 1355 649 1408 illi
674 1395 690 1418 ,
724 1353 868 1409 Deus
895 1367 1011 1406 sum
1035 1392 1052 1417 ,
1081 1351 1173 1420 qui
1208 1365 1312 1405 non
1343 1365 1407 1404 ea
1435 1350 1609 1405 solum
1633 1390 1651 1417 ,
1690 1365 1809 1419 qua:
1845 1349 2001 1404 labiis

418 1445 799 1515 proferuntur,
837 1442 1036 1509 audio,
1089 1440 1184 1500 sed
1231 1440 1391 1496 etiam
1439 1456 1541 1506 ea,
1587 1455 1706 1510 quae
1748 1441 1802 1495 in
1840 1440 2004 1497 corde

416 1544 541 1590 sunt
564 1575 581 1601 ,
609 1547 876 1604 cognosco
900 1573 916 1599 ,
950 1540 1008 1587 ut
1037 1531 1214 1587 discas
1239 1571 1255 1597 ,
1279 1545 1402 1586 non
1444 1530 1499 1586 in
1537 1530 1770 1589 clamore
1805 1530 2003 1585 oratio-

415 1642 540 1683 nem
567 1668 581 1692 ,
611 1625 705 1685 sed
748 1626 802 1679 in
834 1623 1016 1679 animo
1042 1622 1234 1679 emitti.
1271 1621 1406 1689 Quid
1435 1622 1624 1676 clamas
1648 1621 1717 1674 ad
1752 1622 1871 1674 me?
1899 1620 1999 1674 La-

416 1718 520 1773 biis
549 1716 764 1787 quidem
804 1714 915 1771 suis
952 1713 1083 1769 nihil
1112 1713 1424 1782 loquebatur
1444 1753 1461 1779 ,
1490 1711 1585 1767 sed
1613 1712 1776 1768 corde
1799 1712 1999 1767 clama-

413 1810 549 1865 bat:
590 1808 766 1863 oratio
805 1807 1001 1877 quippe
1041 1806 1330 1875 requiritur
1365 1821 1432 1860 ex
1473 1806 1651 1860 animo
1680 1805 1822 1860 bono
1846 1847 1861 1871 ,
1893 1821 1996 1861 non

414 1916 480 1957 ex
509 1900 744 1955 clamore
773 1912 983 1968 magm.
1012 1897 1149 1963 Quid
1167 1896 1358 1953 clamas
1388 1896 1456 1951 ad
1479 1913 1557 1950 me
1577 1897 1602 1950 Ρ
1624 1897 1867 1953 Extende
1890 1898 1997 1952 vir-

411 2007 532 2064 gam
559 2033 575 2059 ,
607 2006 764 2061 quam
790 2004 954 2044 manu
978 1998 1157 2059 gestas
1182 2030 1197 2056 ,
1224 2004 1384 2059 super
1410 2004 1557 2044 mare
1579 2031 1595 2056 ,
1642 1997 1698 2044 et
1736 1988 1997 2058 pertransi

417 2096 470 2140 tu
501 2093 555 2140 et
581 2097 769 2139 omnes
795 2082 888 2139 ﬁlii
910 2082 1091 2138 Israel.
1116 2081 1367 2137 Extendit
1387 2096 1517 2137 vero
1541 2081 1746 2153 Moyses
1769 2081 1993 2151 virgam,

412 2191 570 2245 quam
599 2189 756 2230 manu
785 2169 1061 2253 gestabat,
1084 2181 1139 2233 et
1159 2174 1419 2243 percussit
1445 2188 1590 2228 mare
1612 2175 1632 2243 (
1657 2172 1738 2226 1b.
1762 2189 1810 2228 υ.
1841 2171 1949 2246 16)
1977 2190 1993 2229 :

411 2279 520 2322 tum
549 2267 934 2337 incompositus
971 2280 1225 2338 aquarum
1266 2267 1494 2336 impetus
1536 2267 1832 2322 exsiccatus
1866 2274 1950 2322 est
1974 2308 1992 2335 ,

409 2371 465 2416 et
491 2360 719 2430 propriae
748 2359 945 2415 oblitus
972 2368 1056 2414 est
1100 2367 1322 2413 naturae.
1353 2358 1483 2413 Tale
1521 2359 1716 2429 quippe
1752 2367 1834 2412 est
1880 2359 1992 2414 ele-

412 2460 648 2507 mentum
676 2467 693 2507 :
720 2466 840 2507 cum
867 2450 971 2511 Dei
992 2457 1150 2505 nutus
1176 2449 1380 2506 accedit
1403 2489 1418 2514 ,
1469 2451 1697 2519 propriae
1728 2448 1993 2509 oblivisci-

407 2551 494 2596 tur
512 2550 714 2599 natura:
734 2579 750 2608 ,
773 2549 830 2597 et
849 2541 1115 2611 propriam
1135 2540 1369 2595 refrenat
1389 2540 1775 2608 operationem.
1798 2540 1995 2608 Quem-

412 2632 696 2687 admodum
724 2632 867 2687 enim
898 2631 1087 2686 ancilla
1118 2630 1255 2689 bene
1279 2630 1506 2696 affecta,
1531 2645 1679 2685 mare
1704 2671 1719 2695 ,
1746 2631 1832 2685 ubi
1863 2630 1996 2685 vidit

412 2724 622 2778 Domini
643 2723 722 2778 sui
750 2722 1005 2777 famulum
1026 2763 1041 2786 ,
1064 2721 1454 2791 obtemperavit
1478 2730 1531 2775 et
1553 2720 1788 2775 obcdivit
1816 2739 1828 2774 :
1862 2721 1991 2775 obe-

410 2816 541 2870 divit
578 2826 793 2879 autem,
838 2830 941 2868 non
985 2813 1181 2883 lignum
1222 2813 1428 2867 aridum
1472 2812 1734 2876 reverita,
1781 2811 1876 2869 sed
1920 2813 1991 2868 ob

413 2905 560 2960 illum
582 2905 670 2975 qui
697 2904 749 2958 in
774 2903 916 2974 ligno
938 2902 1325 2972 erneiiigendus
1346 2911 1479 2957 erat.
1514 2902 1655 2958 Vidit
1681 2903 1838 2973 igitur
1863 2904 1995 2958 ima-

411 2996 585 3065 ginem
610 3036 625 3060 ,
675 3002 730 3049 et
773 2993 950 3051 statim
981 2993 1247 3047 intellexit
1288 2993 1608 3061 veritatem,
1651 3002 1707 3048 et
1750 2995 1988 3050 recessit.

411 3086 681 3143 Pertransi
708 3097 783 3154 tu,
806 3085 995 3156 inquit,
1012 3093 1065 3140 et
1085 3087 1257 3140 omnis
1275 3086 1500 3155 populus
1519 3084 1700 3142 Israel.
1723 3088 1848 3143 Inde
1869 3104 1990 3158 per-

408 3177 780 3245 transivitipse
804 3188 859 3232 et
876 3177 1048 3231 omnis
1079 3176 1304 3247 populus
1322 3175 1482 3231 Israel
1523 3196 1538 3232 :
1576 3180 1784 3248 sequuti
1813 3189 1990 3234 autem

411 3278 535 3325 sunt
563 3279 617 3325 et
644 3268 879 3339 Egyptii
911 3278 1291 3339 persequentes
1321 3269 1477 3335 illos;
1518 3286 1707 3340 nempe
1743 3270 1949 3328 Pharao
1969 3314 1985 3339 ,

408 3369 462 3415 rt
489 3376 677 3417 currus
702 3361 820 3429 ejus
849 3369 903 3416 et
928 3360 1154 3431 equites.
1181 3361 1385 3416 Deinde
1413 3370 1691 3432 postquam
1714 3363 1806 3418 ﬁlii
1827 3363 1990 3421 Israel

414 3453 835 3521 pertransicrant
873 3492 889 3518 ,
917 3452 1222 3520 supervenit
1258 3467 1391 3522 aqua
1417 3491 1431 3516 ,
1481 3460 1536 3508 et
1579 3455 1786 3524 operuit
1827 3455 1991 3527 Egy-

411 3543 568 3613 ptios.
603 3543 693 3597 Dic
719 3541 848 3597 mihi
876 3542 1053 3611 itaque
1076 3583 1090 3606 ,
1122 3542 1303 3598 Iudaee
1326 3585 1341 3610 ,
1363 3544 1631 3612 quomodo
1653 3561 1787 3616 aqua
1815 3547 1988 3616 bapti-

412 3633 597 3688 smatis
627 3632 758 3687 duas
787 3631 947 3689 habet
973 3633 1308 3702 Operationes
1332 3675 1346 3699 ,
1378 3633 1449 3687 ita
1475 3643 1532 3688 ut
1551 3636 1710 3690 alium
1733 3636 1987 3705 suﬂocet,

412 3723 574 3778 alium
602 3721 874 3778 viviﬁeet?
899 3721 983 3777 die
1008 3722 1136 3777 mihi
1162 3763 1176 3787 ,
1207 3723 1474 3793 quomodo
1507 3739 1654 3780 mare
1687 3726 1815 3782 illud
1839 3768 1854 3795 ,
1897 3744 1991 3783 na-

413 3824 526 3869 tura
556 3828 651 3869 sua
678 3828 839 3869 unum
866 3854 880 3878 ,
922 3813 1059 3869 alios
1093 3813 1307 3883 quidem
1349 3814 1500 3871 vivos
1547 3818 1816 3886 servavit,
1856 3820 1994 3875 alios

410 3915 584 3960 autem
616 3904 881 3976 perdidit;
905 3904 1038 3960 alios
1062 3904 1273 3974 quidem
1300 3905 1604 3975 przefoeavit
1625 3949 1640 3973 ,
1670 3909 1787 3965 aliis
1810 3919 1989 3965 autem

413 3998 549 4052 viam
578 3997 866 4067 praestitit,
896 3997 1021 4053 licet
1046 4012 1185 4052 unus
1217 3998 1286 4051 sit
1323 4006 1379 4054 et
1419 3998 1798 4069 incompositus
1823 4016 1992 4071 aqua-

413 4102 530 4143 rum
562 4084 830 4157 impetus?
873 4094 928 4142 et
955 4086 1222 4156 quomodo
1252 4087 1370 4142 illos
1399 4088 1610 4159 quidem
1635 4104 1735 4146 ceu
1763 4090 1991 4147 famulos

411 4178 696 4235 reveritum
746 4186 830 4235 est
852 4218 867 4243 ,
915 4193 1039 4249 erga
1087 4179 1187 4235 hos
1234 4189 1408 4235 autem
1455 4181 1733 4237 barbarum
1786 4198 1990 4239 morem

414 4271 673 4326 ituiL'ttum
705 4270 832 4325 est?
860 4270 1215 4339 Interpretare
1242 4270 1371 4325 mihi
1398 4271 1525 4349 illud
1548 4313 1563 4337 ,
1593 4287 1627 4327 o
1654 4271 1835 4329 Iudaee
1855 4314 1872 4342 ,
1898 4273 1990 4343 qui

413 4362 559 4418 cruci
605 4366 711 4417 rion
756 4358 972 4428 credis,
1002 4360 1280 4429 ,quomodo
1320 4361 1504 4418 eadem
1550 4363 1660 4432 ipsa
1699 4379 1835 4434 aqua
1871 4350 1995 4419 illos

416 4451 717 4522 praefocavit
739 4490 754 4514 ,
783 4459 839 4505 et
882 4450 981 4509 hos
1020 4450 1268 4507 servavit.
1313 4450 1428 4505 Una
1471 4461 1588 4507 erat
1621 4468 1756 4523 aqua
1777 4492 1799 4521 ,
1820 4444 1988 4511 unum

413 4561 561 4601 mare
583 4586 598 4609 ,
632 4553 686 4599 et
715 4542 904 4599 borum
936 4558 1005 4596 ne
1027 4541 1216 4611 pedem
1251 4541 1466 4611 quidem
1502 4544 1783 4601 madefecit
1806 4585 1822 4610 ,
1870 4547 1987 4602 illo-

415 4654 531 4691 rum
558 4651 686 4692 vero
712 4650 781 4691 ne
806 4632 1086 4704 vestigium
1122 4632 1335 4704 quidem
1379 4633 1629 4704 reliquit,
1671 4636 1764 4692 sed
1801 4652 1988 4697 omnes

412 4727 569 4782 simul
600 4741 734 4796 aqua
759 4725 1037 4795 cooperuit
1055 4765 1070 4789 ,
1101 4739 1487 4795 communeque
1514 4726 1815 4794 sepulcrum
1840 4744 1987 4787 mare

410 4817 540 4879 fecit
563 4818 810 4873 universo
830 4817 1025 4887 populo
1050 4816 1440 4888 Egyptiorum.
1462 4816 1580 4883 Dic,
1609 4833 1789 4887 qumso
1807 4861 1822 4886 ,
1855 4821 1984 4876 mihi

411 4907 515 4962 hoc
542 4905 809 4976 quomodo
835 4905 1025 4959 factum
1050 4906 1138 4963 sit.
1174 4906 1335 4962 Vides
1354 4907 1619 4976 quomodo
1641 4908 1824 4964 umbra
1853 4925 1989 4980 prte-

411 4995 674 5063 cesserit,
713 5003 769 5050 ut
806 4994 967 5050 ﬁdem
1010 4995 1273 5051 inveniret
1310 4998 1555 5052 veritas?
1590 5001 1854 5069 quomodo
1897 5001 1986 5058 illa

410 5088 624 5158 quidem
655 5086 837 5151 umbra
863 5127 878 5152 ,
911 5086 1027 5142 haec
1044 5095 1220 5142 autem
1246 5088 1482 5143 veritas?
1513 5090 1599 5144 illa
1627 5091 1810 5146 umbra
1835 5135 1851 5161 ,
1874 5094 1988 5150 haec

414 5193 498 5235 res
528 5178 700 5248 ipsa}?
729 5177 892 5239 Vides
916 5219 931 5243 ,
961 5185 1019 5231 ut
1036 5176 1144 5246 jam
1169 5176 1275 5232 dixi
1301 5219 1315 5245 ,
1339 5178 1505 5234 Deum
1531 5222 1545 5245 ,
1575 5196 1695 5237 cum
1722 5184 1832 5238 vult
1854 5199 1986 5254 opus

417 5269 679 5339 quoddam
733 5268 972 5324 mirabile
1025 5277 1368 5339 perpetrare,
1424 5271 1617 5341 figuras
1667 5282 1723 5327 et
1773 5274 1989 5332 umbras

419 5362 773 5435 .irazmitlcre,
826 5370 884 5417 ut
937 5362 1016 5417 sic
1055 5362 1349 5431 procedens
1397 5365 1595 5418 veritas
1651 5363 1803 5421 facile
1849 5367 1989 5421 acci-

420 5454 622 5526 piatur?
1074 5521 1077 5525 Q

486 5546 717 5602 Necesse
754 5552 838 5603 est
878 5544 1019 5599 enim
1060 5545 1338 5616 imaginem
1369 5543 1674 5602 inferiorem
1700 5562 1820 5605 esse
1846 5549 1988 5605 veri-

414 5640 565 5693 tate?
590 5655 710 5694 nam
738 5638 784 5694 si
814 5652 910 5708 per
935 5652 995 5693 se
1022 5636 1193 5707 ipsam
1235 5638 1468 5709 perfecta
1510 5648 1692 5705 esset,
1732 5640 1842 5710 jam
1882 5657 1989 5696 nan

414 5727 599 5789 natura
626 5735 771 5785 esset
790 5768 811 5805 ,
836 5726 930 5784 sed
958 5728 1171 5785 veritas.
1199 5730 1500 5787 Antecessit
1524 5729 1734 5801 quidem
1764 5732 1948 5789 uuibra
1970 5773 1991 5801 ι

1157 326 1217 381 S.
1257 324 1529 381 JOANNIS
1565 315 2039 378 CIIRYSOSTOMI
2076 316 2395 374 ARCIIIEP.
2437 322 2970 377 CONSTANTLVOP.
3605 344 3705 398 τα

2112 433 2419 501 supervenit
2456 435 2694 489 colorum
2734 436 2963 502 veritas,
3010 445 3065 497 et
3106 439 3370 495 sinceram
3411 442 3702 514 imaginem

2112 522 2513 579 demonsu'avit.
2542 525 2636 579 Illa
2667 526 2775 595 typi
2804 536 2955 585 erant
2975 568 2993 593 ,
3028 528 3144 585 hare
3164 572 3181 597 ,
3209 531 3338 600 ipsas
3375 549 3469 590 res
3496 551 3513 587 :
3558 537 3700 604 quod

2112 612 2361 669 videlicet
2386 615 2525 671 circa
2553 630 2705 671 ovem
2738 616 2930 673 factum
2947 627 3047 675 est.
3076 619 3345 690 Sanguine
3372 608 3579 681 Christi
3605 643 3698 681 or-

2112 702 2195 761 bis
2224 715 2484 763 terrarum
2506 707 2810 767 liberandus
2833 719 2950 764 erat
2973 712 3510 787 maledictionemque
3536 718 3690 774 decli-

2111 804 2349 850 naturus.
2381 796 2513 853 Cum
2539 798 2698 869 igitur
2729 800 2861 855 illud
2880 817 3088 872 quoque
3117 820 3365 875 maguum
3406 818 3558 865 esset
3595 810 3691 864 mi-

2114 889 2353 945 raculum
2382 898 2437 944 et
2465 890 2774 947 incredibile
2800 893 2973 951 stulta
3000 896 3192 950 animae
3219 896 3529 955 Judarorum
3556 941 3575 964 ,
3598 900 3691 956 hoc

2109 988 2372 1049 praeparat
2402 989 2459 1035 et
2484 980 2788 1051 praeﬁgunt
2810 983 2949 1040 Deus
2979 999 3071 1053 per
3095 1001 3272 1041 ovem.
3318 986 3536 1042 Etenim
3574 1004 3691 1044 cum

2108 1071 2460 1139 primogenita
2479 1070 2848 1142 Egyptiorum
2870 1073 3145 1130 destruere
3165 1085 3379 1144 pararet
3397 1117 3415 1141 ,
3440 1094 3511 1134 ne
3536 1080 3692 1135 simul

2109 1159 2538 1219 interﬁcerentur
2557 1178 2675 1232 quae
2696 1171 2850 1218 erant
2869 1164 3094 1220 ﬁliorum
3115 1165 3275 1222 Israel
3298 1185 3313 1223 :
3344 1169 3472 1239 quid
3496 1170 3690 1241 igitur?

2110 1262 2169 1309 ut
2215 1253 2343 1319 ﬁat,
2400 1255 2570 1325 inquit
2613 1254 2820 1324 Moyses
2846 1296 2864 1324 ,
2908 1272 2978 1312 ne
3023 1259 3385 1315 exterminans
3428 1263 3690 1332 angelus,

2108 1346 2222 1416 ipsa
2247 1346 2597 1417 primogenita
2627 1347 2789 1425 Israel
2813 1348 2969 1403 simul
2989 1351 3407 1405 exterminaret:
3439 1354 3571 1421 quid
3600 1355 3690 1423 igi-

2108 1438 2235 1493 tur?
2265 1438 2407 1493 Dixit
2444 1438 2511 1493 ad
2555 1439 2701 1493 illum
2741 1439 2880 1495 Deus
2926 1457 2941 1494 :
2977 1441 3205 1510 prtecipe
3239 1441 3363 1497 liliis
3407 1443 3575 1499 Israel
3602 1454 3691 1509 ,et

2106 1537 2321 1588 aumant
2343 1533 2641 1584 ovcm'non
2682 1531 2999 1587 maculatam
3023 1572 3039 1598 ,
3088 1533 3376 1588 masculam
3404 1575 3420 1599 ,
3464 1536 3689 1592 annicu-

2105 1620 2210 1683 lam
2237 1660 2252 1685 ,
2276 1620 2426 1689 juxta
2453 1618 2676 1675 familias
2700 1635 2885 1677 eorum
2913 1639 2927 1674 :
2971 1621 3114 1691 quod
3149 1623 3196 1678 si
3234 1637 3500 1694 pauperes
3544 1627 3688 1692 sint,

2104 1712 2315 1784 inquit,
2341 1712 2548 1768 vicinus
2571 1713 2799 1768 vicinum
2825 1712 3105 1769 advocabit
3126 1755 3143 1780 ,
3164 1713 3362 1769 familia
3389 1715 3686 1783 familiam;

2104 1813 2159 1861 et
2182 1805 2260 1860 sic
2279 1818 2433 1865 ovem
2454 1811 2725 1859 sumentes
2743 1843 2760 1870 ,
2788 1818 2944 1863 ovem
2967 1819 3074 1863 non
3096 1804 3414 1863 maculatam
3436 1848 3459 1863 .
3483 1822 3689 1861 mascu-

2102 1895 2207 1956 lam
2233 1934 2248 1958 ,
2281 1895 2584 1959 anniculam
2606 1935 2622 1961 ,
2646 1895 2914 1953 immolate
2933 1936 2951 1961 ,
2975 1895 3146 1964 inquit
3162 1934 3177 1961 ,
3201 1895 3352 1964 juxta
3377 1893 3619 1955 familias
3640 1906 3689 1954 et

2099 1986 2250 2057 juxta
2279 1987 2468 2044 domos
2495 1988 2747 2047 tribuum.
2779 1988 2847 2053 Et
2869 2002 3057 2043 carnes
3088 1987 3301 2058 quidem
3343 1988 3492 2044 illius
3520 2005 3689 2051 come-

2101 2080 2212 2141 dite
2238 2095 2388 2136 assas
2412 2080 2557 2151 igni;
2592 2079 2725 2135 nihil
2748 2096 2814 2139 ex
2854 2079 2932 2134 eis
2965 2079 3330 2149 relinquetur;
3369 2082 3689 2151 sanguinem

2099 2189 2231 2230 vero
2255 2173 2421 2244 ipsius
2446 2173 2634 2233 illinite
2659 2174 2711 2228 in
2739 2180 2921 2242 postes
2943 2182 3171 2227 vestros.
3199 2172 3483 2230 Comedite
3506 2185 3687 2230 autem

2100 2265 2287 2331 illam,
2332 2264 2544 2335 inquit,
2587 2279 2747 2321 renes
2791 2264 3151 2320 eireamcincli
3178 2306 3193 2331 ,
3248 2265 3475 2321 calceati
3524 2266 3693 2334 pedes

2099 2365 2307 2414 vestros
2336 2356 2540 2428 (Exod.
2571 2356 2658 2411 12.
2683 2357 2736 2411 5.
2762 2372 2871 2427 sqq.
2895 2360 2936 2424 ),
2968 2364 3023 2411 et
3058 2356 3159 2410 hoc
3183 2365 3438 2425 tanquam
3464 2358 3688 2413 viatoris

2099 2447 2346 2513 habitus;
2391 2446 2621 2503 lucerna:
2647 2454 2837 2501 vestra:
2863 2446 3154 2512 ardebunt;
3198 2446 3405 2516 quare?
3450 2446 3689 2517 Vespera

2100 2541 2305 2596 scilicet
2333 2554 2427 2594 eos
2455 2539 2765 2610 occupabat.
2799 2539 2863 2594 Et
2890 2553 3058 2609 quare
3080 2581 3095 2605 ,
3120 2539 3383 2595 eomedite
3413 2541 3559 2596 sicut
3581 2543 3687 2597 via-

2100 2634 2284 2688 tores?
2313 2633 2521 2702 quare?
2548 2647 2649 2703 ego
2690 2633 2852 2687 dico:
2897 2647 3090 2701 nempe
3134 2641 3350 2702 propter
3393 2642 3588 2705 typum
3635 2647 3687 2691 et

2095 2735 2315 2796 propter
2343 2725 2621 2781 veritatem
2653 2740 2667 2777 :
2697 2724 2906 2794 quando
2932 2724 3145 2794 quidem
3175 2726 3369 2793 saepius
3394 2741 3691 2794 percussus

2095 2827 2179 2872 est
2210 2817 2418 2871 Pharao
2442 2826 2495 2871 et
2520 2832 2625 2871 non
2650 2814 2849 2870 dimisit
2875 2816 3029 2878 illos;
3059 2823 3113 2870 et
3139 2815 3270 2869 dixit
3295 2815 3402 2869 illis
3429 2816 3645 2887 Moyses
3669 2836 3682 2871 :

2099 2907 2259 2963 hodie
2282 2908 2577 2977 percutitur
2600 2915 2655 2961 et
2681 2906 2942 2977 dimitt’et(
2970 2905 3140 2961 Exod.
3174 2906 3259 2960 11.
3288 2907 3313 2960 1
3346 2905 3385 2974 );
3418 2908 3689 2974 percutie-

2095 2998 2288 3065 batur,
2322 3013 2427 3053 non
2461 3006 2636 3053 tamen
2682 2997 2993 3062 dimittens;
3032 3010 3227 3052 nonum
3271 3010 3566 3064 percussus
3603 3008 3685 3054 est

2095 3097 2150 3143 et
2177 3103 2284 3143 non
2311 3088 2550 3154 dimisit;
2583 3102 2743 3158 super
2764 3087 3023 3143 decimam
3053 3096 3229 3142 autem
3257 3089 3466 3158 plagam
3494 3088 3681 3144 dimit«

2095 3190 2208 3236 tere
2256 3180 2376 3237 illos
2423 3181 2646 3247 statuit;
2704 3180 2826 3236 ideo
2874 3178 3040 3244 dicit,
3094 3179 3369 3234 Viatorum
3420 3183 3684 3236 assumite

2094 3272 2333 3329 habitum
2361 3272 2575 3343 (Exod.
2606 3271 2693 3327 12.
2725 3271 2788 3326 11
2812 3269 2857 3342 );
2899 3278 3176 3341 postquam
3214 3271 3356 3327 enim
3387 3273 3681 3327 manduca-

2093 3364 2277 3419 veritis
2292 3405 2305 3430 ,
2325 3361 2457 3419 nihil
2471 3374 2758 3417 commune
2775 3359 3178 3418 vobiseritcum
3196 3358 3454 3430 Egypto;
3486 3362 3687 3417 sumite

2094 3472 2222 3528 ergo
2248 3497 2263 3524 ,
2312 3454 2523 3526 inquit,
2574 3469 2727 3510 ovem
2773 3470 2883 3509 non
2936 3454 3286 3518 maculatam,
3334 3454 3635 3509 masculam
3661 3493 3683 3520 ,

2094 3548 2393 3602 anniculam
2417 3587 2434 3613 ,
2466 3556 2521 3602 et
2546 3545 2818 3601 immolate
2846 3545 3028 3610 illam;
3059 3552 3113 3598 et
3141 3543 3328 3599 illinite
3361 3544 3685 3613 sanguinem

2094 3639 2260 3709 ipsius
2305 3639 2359 3693 in
2400 3648 2585 3707 postes
2627 3645 2873 3703 vestros,
2916 3643 2975 3690 ut
3012 3634 3233 3690 veniens
3270 3634 3490 3703 angelus
3515 3675 3533 3699 ,
3580 3633 3682 3688 etsi

2094 3738 2315 3801 prepter
2342 3728 2461 3785 illos
2486 3742 2591 3782 non
2619 3735 2800 3796 parcat
2820 3766 2835 3792 ,
2862 3735 3046 3796 parcat
3073 3732 3246 3780 tamen
3272 3723 3428 3779 vobis
3457 3732 3681 3793 propter

2093 3832 2278 3894 typum
2304 3820 2592 3891 sanguinis.
2625 3819 2752 3875 Haec
2792 3832 2898 3873 non
2935 3816 3106 3887 angeli
3134 3830 3291 3872 causa
3333 3814 3474 3870 facta
3514 3824 3685 3880 sunt,

2092 3913 2185 3969 sed
2213 3921 2431 3983 propter
2449 3911 2756 3981 sanguinem
2783 3910 2872 3979 qui
2897 3908 3124 3964 saivavit
3147 3923 3253 3962 me.
3297 3906 3486 3962 Nonne
3530 3907 3686 3960 enim

2094 4012 2301 4074 poterat
2325 4003 2544 4072 angelus
2568 4001 2847 4071 Egyptios
2874 4008 2930 4056 et
2953 3999 3167 4055 Iudaeos
3189 4040 3206 4066 ,
3246 4014 3354 4069 quo
3391 3998 3683 4054 differrent

2092 4092 2448 4165 dignoscere?
2500 4091 2591 4162 qui
2638 4089 2989 4160 primogenita
3010 4089 3201 4168 .potuit
3224 4128 3241 4154 ,
3287 4102 3468 4142 nonne
3512 4089 3685 4145 etiam

2092 4185 2373 4256 Egyptios
2397 4191 2452 4239 et
2477 4182 2730 4239 Hebraeos
2754 4187 2961 4250 poterat
2979 4178 3282 4234 discernere
3302 4177 3326 4231 ἓ
3349 4177 3491 4231 Cum
3512 4179 3683 4249 igitur

2093 4287 2146 4331 te
2169 4276 2461 4331 subsannat
2483 4273 2666 4329 dicens
2689 4313 2704 4339 ,
2733 4271 2787 4325 in
2814 4269 3125 4340 sanguinem
3152 4269 3378 4339 speras?
3404 4267 3493 4324 die
3519 4269 3599 4322 illi
3625 4277 3680 4323 et

2093 4375 2150 4423 tu
2179 4354 2330 4422 {non
2360 4364 2631 4421 erubescis
2655 4402 2671 4429 ,
2703 4361 3023 4430 impudens?
3068 4367 3122 4415 tu
3160 4361 3216 4416 in
3260 4360 3523 4428 sanguine
3562 4360 3677 4415 ovis

2091 4462 2325 4517 salvatus
2349 4474 2410 4514 es
2433 4499 2450 4526 ,
2477 4466 2532 4514 et
2554 4470 2654 4528 ego
2680 4457 2734 4509 in
2759 4454 3017 4524 sanguine
3042 4453 3252 4508 Domini
3296 4468 3405 4508 non
3444 4452 3677 4509 salvor?

2038 4616 2051 4629 ί
2089 4555 2305 4612 Iudaeus
2332 4552 2488 4623 igitur
2510 4548 2798 4607 comedens
2822 4547 3055 4618 Egypto
3093 4545 3367 4601 discedere
3416 4545 3679 4611 festinat;

2089 4646 2424 4703 Christianus
2450 4641 2739 4699 comedens
2765 4639 2964 4694 mundo
2989 4637 3263 4697 discedere
3304 4636 3545 4692 festinet.
3590 4636 3677 4692 Sic

2090 4738 2232 4796 enim
2262 4746 2317 4793 te
2344 4735 2540 4791 Paulus
2563 4734 2849 4803 alloquitur
2877 4749 2891 4787 :
2919 4731 3067 4787 State
3111 4729 3279 4784 induti
3309 4728 3474 4783 lorica
3513 4728 3677 4797 justi-

2093 4831 2180 4884 tiae
2205 4872 2220 4896 ,
2248 4827 2470 4883 calceati
2501 4824 2664 4896 pedes
2702 4824 2755 4878 in
2795 4821 3180 4893 praeparatione
3220 4818 3483 4888 evangelii
3528 4817 3677 4891 pacis

2094 4922 2329 4992 (Epiros.
2362 4919 2415 4975 6.
2447 4920 2534 4973 tt.
2566 4914 2800 4988 15m).

2162 5014 2273 5069 Illic
2315 5013 2671 5067 calceamenta
2696 5050 2711 5075 ,
2764 5016 2820 5062 et
2856 5006 2943 5061 hic
2989 5019 3200 5074 quoque
3245 5003 3623 5060 calceamenta
3665 5017 3681 5056 :

2091 5107 2202 5161 illic
2229 5106 2412 5175 virga,
2464 5103 2552 5157 hic
2582 5101 2772 5156 thorax
2815 5117 2828 5154 :
2878 5099 3088 5169 Moyses
3134 5096 3288 5166 quasi
3334 5095 3676 5155 viatoribus.

2094 5199 2287 5254 Paulus
2329 5195 2481 5267 quasi
2525 5191 2783 5249 militibus
2826 5187 3168 5259 praecipiebat
3204 5203 3219 5239 :
3270 5186 3406 5240 illia
3444 5193 3597 5240 terra
3629 5186 3681 5238 in

2094 5303 2315 5358 terram,
2345 5298 2399 5345 et
2427 5287 2552 5343 ideo
2574 5286 2847 5348 viatores;
2878 5295 2977 5351 ego
3009 5295 3037 5333 a
3066 5289 3207 5334 terra
3231 5279 3286 5335 in
3314 5276 3533 5341 caelum,
3560 5278 3679 5331 idea

2095 5385 2250 5439 miles
2281 5401 2295 5436 :
2326 5379 2537 5451 quare?
2561 5376 2821 5444 Quoniam
2849 5374 2931 5428 via
2968 5387 3087 5427 mea
3117 5386 3211 5441 per
3239 5385 3421 5425 aerem
3457 5368 3676 5423 latroci-

2094 5478 2196 5533 niis
2221 5475 2496 5531 iufestatur
2521 5514 2535 5537 ,
2562 5471 2833 5526 daemones
2878 5465 3009 5521 mihi
3044 5471 3352 5523 occurrunt.
3381 5461 3510 5518 Ideo
3540 5459 3675 5514 ﬁdu-

2158 5602 2228 5667 (a)
2256 5602 2345 5667 ilic
2368 5604 2524 5661 locus,
2552 5618 2579 5652 a
2603 5607 2907 5667 necesseAcst,
2926 5599 3000 5667 _ad_
3021 5582 3272 5667 Evangelii
3290 5592 3459 5667 bacis,
3486 5612 3515 5648 a
3541 5598 3648 5646 Men

2092 5660 2178 5715 tef'.
2206 5660 2418 5714 omissus
2441 5660 2522 5713 est
2546 5671 2599 5713 et
2622 5677 2683 5711 ex
2717 5662 2894 5713 Codice
2918 5660 3224 5715 Coisliniaho
3248 5660 3334 5718 αῖ
3358 5675 3527 5715 uestiui
3542 5667 3675 5721 pws,

2095 5742 2154 5778 ex
2181 5741 2298 5793 quo,
2328 5728 2403 5774 vel
2435 5725 2588 5787 taciti,
2616 5727 2772 5774 multa
2801 5723 2853 5775 iu
2879 5731 3017 5775 textu
3045 5723 3214 5775 Graeco
3238 5721 3567 5775 cerrexiums-
