3858 6280
115 348 237 405 713

110 465 242 528 σείς
268 460 577 533 ἀνθρώποις
600 460 693 516 καὶ
721 463 780 515 ἐν
808 464 920 526 τοῖς
948 460 1291 533 τετράποσιν.
1311 457 1443 515 Εἶτα
1467 462 1541 527 ὡς
1569 460 1706 532 μετά

110 556 224 620 τὰς
260 555 477 626 πληγὰς
496 553 702 616 ταύτας
733 555 834 607 οὐκ
858 548 1002 619 εἶξεν
1026 554 1054 606 6
1075 553 1293 624 Φαραὼ,
1315 553 1498 607 λοιπὸν
1527 555 1556 606 6
1580 553 1711 614 Θεὸς

118 639 359 701 θάνατον
390 645 502 699 τῶν
534 644 897 716 πρωτοτόκων
914 644 1110 713 ἐπάγει
1129 659 1142 673 ·
1177 639 1319 707 εἶτα,
1354 645 1442 697 ἴνα
1464 642 1710 714 ἐπιτέμω

112 737 215 791 τὸν
250 737 405 807 λόγον
442 736 568 809 (χρὴ
607 737 716 807 γὰρ
751 737 1052 808 ἐπιτεμεῖν,
1085 736 1172 790 ἶνα
1204 734 1278 806 μὴ
1313 736 1441 806 περὶ
1467 734 1536 788 τά
1570 734 1711 788 αὐτὰ

114 828 435 898 εἱλούμενοι
469 827 543 898 μὴ
575 826 1087 901 ¹πληρώιτῑωμεν.τὴν
1122 827 1455 897 ὑπόσχεσιν),
1488 825 1709 896 ἐξῆλθον

114 918 186 970 ἐκ
235 920 339 989 γῆς
392 917 691 985 Αἰγύπτου,
740 920 835 971 καί¹
878 914 1040 989 ἦλθον
1073 917 1222 990 παρά
1264 917 1364 988 τὴν
1409 917 1705 971 θάλασσαν.

126 1009 629 1082 Ἐστρατοπέδευσε
664 1009 865 1080 Φαραὼ
890 1010 1065 1063 ὀπίσω
1092 1010 1272 1064 αὐτῶν
1306 1009 1444 1081 μετὰ
1474 1009 1710 1081 πλήθους

110 1102 388 1172 ἁρμάτων
421 1102 516 1156 καί
546 1103 728 1156 ἵππων
747 1120 760 1131 ·
792 1102 867 1165 ώς
895 1102 951 1155 δέ
980 1097 1118 1155 εἶδεν
1157 1102 1374 1173 Ἰσραὴλ
1402 1102 1498 1174 τὴν
1532 1103 1710 1175 παρά-

107 1195 300 1261 ταξιν,
343 1195 605 1267 ἐφοϐήθη.
637 1191 840 1248 ’Ἦλθον
883 1195 941 1248 δέ
971 1195 1064 1248 ἐπὶ
1105 1194 1199 1248 τοῦ
1241 1195 1451 1266 χείλους
1483 1196 1583 1266 τῆς
1612 1195 1710 1249 θα-

106 1287 366 1360 λάσσης
418 1288 513 1342 καί
556 1305 721 1360 φησιν
762 1289 791 1340 6
831 1286 964 1350 Θεὸς
1013 1286 1091 1357 τῷ
1134 1287 1390 1350 Μωῦσεί,
1445 1286 1508 1340 Τί
1551 1286 1709 1355 βοᾷς

106 1383 274 1448 πρός
300 1396 413 1451 με;
442 1380 539 1434 καὶ
573 1380 678 1451 μὴν
705 1378 859 1433 οὐδὲν
889 1379 1041 1447 ἔλεγε
1070 1379 1332 1447 Μωῦσῆς.
1361 1378 1525 1432 Ἀλλά
1552 1396 1705 1450 φησι,

106 1474 255 1539 Θεός
288 1477 426 1546 εἰμι,
462 1475 525 1528 οὐ
549 1472 618 1527 τά
642 1474 708 1527 ἐκ
737 1472 962 1544 χειλέων
996 1473 1154 1544 μόνον
1187 1471 1422 1537 ἀκούων,
1451 1471 1586 1526 ἀλλὰ
1615 1472 1709 1525 καὶ

105 1567 181 1620 τὰ
228 1569 288 1621 ἐν
320 1570 385 1639 τῇ
430 1566 630 1640 καρδίᾳ
675 1565 979 1638 γνωρίζων,
1027 1564 1114 1618 ἵνα
1153 1564 1366 1637 μάθῃς,
1401 1565 1612 1617 ὅτιούκ
1650 1566 1708 1618 ἐν

104 1659 191 1730 τῷ
225 1658 453 1730 κράζειν
477 1660 512 1731 ή
544 1658 702 1731 εὐχή,
726 1657 839 1712 ἀλλ’
864 1660 922 1712 ἐν
949 1659 1015 1729 τῇ
1038 1656 1256 1730 γνώμῃ.
1287 1658 1348 1711 Τί
1372 1655 1532 1724 ,ϐοᾷς
1559 1657 1709 1725 πρός

100 1768 186 1822 με
206 1769 229 1817 ;
262 1751 344 1805 Τά
381 1750 481 1822 μὲν
507 1751 617 1824 γάρ
642 1751 794 1822 χείλη
826 1750 989 1806 αὑτοῦ
1014 1752 1116 1806 οὐκ
1143 1750 1344 1815 ἐλάλει,
1368 1752 1401 1820 ἡ
1423 1749 1480 1804 δέ
1512 1749 1708 1822 καρδία

105 1840 278 1895 ἐϐόα·
317 1841 453 1913 εὐχὴ
491 1842 601 1914 γὰρ
645 1842 753 1896 ἀπὸ
794 1841 1022 1915 γνώμης
1065 1841 1279 1913 ἀγαθῆς
1311 1842 1574 1912 ζητεῖται,
1607 1838 1709 1894 οὐκ

104 1932 227 1986 ἀπὸ
254 1933 503 2004 κραυγῆς
553 1933 798 2005 ἰσχυρᾶς.
832 1933 894 1987 Τί
926 1931 1085 2000 βοᾷς
1116 1933 1266 2000 πρός
1286 1950 1362 2002 με
1373 1948 1394 1997 ;
1425 1932 1705 1985 Ἔκτεινον

102 2026 214 2095 τὴν
255 2025 452 2093 ῥάϐδον
481 2024 581 2096 τὴν
633 2026 691 2078 ἐν
720 2027 788 2097 τῇ
834 2024 979 2097 χειρί
1019 2042 1113 2078 σου
1160 2024 1254 2077 ἐπὶ
1304 2024 1366 2076 τὸ
1399 2023 1578 2095 ὕδωρ,
1609 2025 1705 2078 καὶ

103 2113 291 2169 δίελθε
321 2115 387 2168 σὺ
418 2114 512 2169 καὶ
544 2116 655 2179 πᾶς
683 2114 920 2186 Ἰσραήλ.
958 2112 1219 2180 Ἐξέτεινε
1252 2111 1309 2165 δὲ
1337 2111 1577 2181 Μωῦσῆς
1605 2110 1706 2181 τήν

107 2211 318 2284 ῥάϐδον
343 2209 442 2281 τὴν
470 2210 529 2264 ἐν
564 2210 631 2279 τῇ
662 2208 806 2280 χειρὶ
840 2205 1031 2271 αὐτοῦ,
1063 2205 1159 2260 καὶ
1186 2203 1426 2270 ἐπάταξε
1446 2204 1506 2258 τὸ
1536 2203 1701 2275 ὕδωρ,

105 2305 210 2358 καὶ
238 2305 273 2374 ή
307 2301 542 2365 ἄτακτος
575 2299 722 2373 ῥύμη
754 2298 864 2353 τῶν
906 2296 1116 2379 ὑδάτων
1145 2294 1448 2367 ἐχερσώθη,
1488 2295 1706 2366 καὶτῆς

110 2394 260 2456 ιδίας
294 2390 515 2463 φύσεως
537 2390 852 2446 ἐπελάθετο.
885 2387 1138 2442 Τοιοῦτον
1175 2386 1286 2458 γὰρ
1326 2387 1388 2440 τὸ
1420 2390 1702 2457 στοιχεῖον,

106 2487 247 2541 ὅταν
282 2484 452 2557 νεύσῃ
493 2485 521 2537 6
566 2483 734 2547 Θεὸς,
771 2483 867 2535 καὶ
913 2480 1053 2534 αὐτὰ
1089 2480 1190 2551 τῆς
1238 2478 1450 2542 οἰκείας
1493 2479 1709 2548 φύσεως

107 2575 559 2641 ἐπιλανθάνεται,
598 2575 694 2630 καὶ
724 2575 824 2645 τὴν
862 2572 1145 2644 ἐνέργειαν
1180 2573 1409 2644 χαλινοῖ.
1440 2573 1708 2646 Καθάπερ

106 2670 228 2742 γάρ
257 2668 581 2739 θεραπαινὶς
602 2666 902 2737 εὐγνώμων
932 2667 964 2737 ἡ
993 2664 1258 2731 θάλασσα,
1285 2665 1555 2719 Δεσπότω
1582 2666 1706 2720 δοῦ-

105 2761 207 2817 λον
247 2761 455 2826 ἰδοῦσα,
479 2759 730 2813 ἐπείθετο
753 2760 849 2814 καὶ
880 2759 1224 2830 ὑπήκουσενο
1251 2758 1527 2829 ὑπήκουσε
1557 2759 1613 2812 δέ
1644 2760 1706 2812 οὐ

107 2854 278 2921 ξύλον
312 2853 374 2908 τὸ
402 2851 565 2926 ξηρὸν
585 2851 905 2922 αἰδουμένη,
942 2850 1082 2905 ἀλλὰ
1120 2850 1208 2904 διὰ
1239 2851 1330 2904 τὸν
1363 2850 1625 2922 μέλλοντα
1649 2851 1707 2903 ἐν

106 2945 193 3015 τῷ
237 2943 380 3015 ξύλῳ
414 2941 796 3015 σταυροῦσθαι.
818 2937 973 2996 Εἷδεν
996 2938 1089 2996 οὖν
1129 2941 1228 3012 τὴν
1259 2940 1463 3005 εἰκόνα,
1493 2941 1587 2994 καὶ
1615 2939 1707 2992 εὐ·-

109 3035 217 3099 θὺς
243 3033 496 3103 ἐνενόησε
519 3031 617 3104 τὴν
641 3031 922 3102 ἀλήθειαν,
951 3032 1045 3091 καί
1074 3030 1419 3102 ὑπεχώρησε.
1438 3029 1705 3102 Πάρελθε,

108 3126 256 3198 φησὶ
282 3167 299 3190 ,
341 3126 406 3180 σὺ
448 3125 544 3179 καί
575 3125 686 3188 πᾶς
724 3127 753 3178 6
802 3123 931 3188 λαὸς
984 3121 1221 3195 Ἰσραήλ.
1252 3118 1390 3175 Εἶτα
1428 3120 1708 3193 παρῆλθεν

107 3218 284 3281 αὐτὸς
333 3216 429 3271 καὶ
472 3217 582 3280 πᾶς
623 3216 879 3288 Ἰσραήλο
932 3215 1376 3287 ἐπηκολούθησαν
1425 3214 1482 3266 δὲ
1523 3215 1617 3267 καὶ
1656 3213 1706 3266 οἱ

107 3309 409 3379 Αἰγύπτιοι
441 3307 869 3371 καταδιώκοντες
900 3307 1162 3375 ἐκείνους,
1192 3307 1222 3359 ὃ
1264 3324 1324 3360 τε
1365 3306 1565 3378 Φαραὼ
1612 3307 1709 3360 καί¹

106 3402 183 3456 τὰ
238 3399 465 3473 ἅρματα
519 3399 685 3452 αὐτοῦ
725 3402 820 3452 καὶ
870 3399 918 3451 οἰ
967 3400 1172 3462 ἱππεῖς.
1229 3393 1364 3452 Εἶτα
1414 3397 1523 3451 τῶν
1576 3397 1708 3452 υἰῶν

120 3491 356 3564 Ἰσραὴλ
388 3490 767 3563 παρελθόντων
813 3490 1020 3561 ἐπῆλθε
1058 3491 1118 3543 τὸ
1152 3489 1299 3561 ὕδωρ
1348 3490 1443 3544 καὶ
1468 3489 1707 3561 ἐκάλυψε

107 3588 247 3651 τοὺς
304 3584 657 3654 Αἰγυπτίους.
689 3583 828 3637 Εἰπέ
861 3601 951 3654 μοι
979 3578 1094 3652 οὖν,
1128 3577 1173 3636 ὦ
1224 3582 1464 3646 Ἰουδαίε,
1499 3583 1617 3646 πῶς
1647 3582 1710 3636 τὸ

111 3678 267 3747 ὓδωρ
313 3674 375 3727 τὸ
422 3673 516 3727 ἐπὶ
559 3672 656 3727 τοῦ
711 3672 1086 3744 βαπτίσματος
1115 3671 1209 3727 δύο
1251 3673 1532 3746 ἐνεργείας
1573 3674 1706 3745 ἔχει,

112 3770 216 3825 καὶ
236 3768 333 3822 τὸν
368 3767 466 3838 μὲν
491 3765 694 3836 πνίγει,
728 3765 820 3820 τὸν
847 3765 904 3819 δέ
932 3764 1217 3832 (meamet;
1241 3766 1363 3820 εἰπέ
1382 3768 1508 3838 ’μοι,
1535 3766 1650 3831 πῶς
1673 3769 1707 3839 ἡ

111 3862 372 3917 θάλασσα
402 3859 608 3930 ἐκείνη,
649 3860 747 3931 μία
774 3854 909 3914 οὖσα
945 3861 1009 3930 τῇ
1037 3858 1218 3928 φύσει,
1255 3858 1383 3923 τοὺς
1416 3860 1514 3929 μὲν
1548 3858 1711 3924 ἐζωο-

111 3953 343 4024 ποίησε,
376 3954 504 4016 τοὺς
539 3952 597 4006 δὲ
630 3950 944 4019 ἀπέκτεινε,
973 3952 1100 4015 τοὺς
1133 3952 1234 4023 μὲν
1271 3951 1555 4019 ἀπέπνιξε,
1598 3956 1709 4017 τοῖς

109 4045 173 4100 δὲ
213 4045 339 4109 ὁδὸς
360 4044 599 4114 ἐγένετο,
629 4043 809 4098 καίτοι
845 4043 942 4115 μία
974 4038 1043 4115 ἦν
1071 4045 1105 4114 ἡ
1146 4044 1383 4107 ἄτακτος
1424 4042 1570 4117 ρύμη
1601 4043 1712 4099 τῶν

112 4138 372 4205 ὑδάτωνς
405 4136 503 4192 καὶ
532 4135 651 4201 πῶς
680 4137 810 4200 τοὺς
847 4135 948 4207 μὲν
979 4135 1181 4189 δούλων
1214 4134 1372 4206 δίκην
1400 4136 1622 4208 ᾐδέσθη,
1654 4141 1713 4192 ἐν

109 4229 358 4294 ἑκείνοις
379 4230 440 4284 δέ
481 4229 773 4302 βαρϐάρων
799 4228 1003 4299 τρόπον
1031 4228 1372 4298 ἐμιμήσατο;
1412 4229 1713 4299 Ἐρμήνευ-

116 4323 218 4379 σόν
269 4339 362 4393 μοι
403 4319 583 4386 τοῦτο,
635 4314 682 4374 ὧ
715 4319 933 4375 Ἰουδαῖε
952 4359 967 4385 ,
998 4320 1029 4372 6
1059 4317 1304 4372 ἀπιστῶν
1347 4318 1426 4388 τῷ
1469 4317 1710 4391 σταυρῷ,

117 4415 244 4480 πῶς
265 4414 330 4469 τὸ
360 4414 495 4470 αὐτὸ
521 4412 667 4486 ὕδωρ
693 4413 937 4476 ἐκείνους
965 4410 1175 4480 ἔπνιξε,
1204 4413 1300 4466 καὶ
1325 4410 1551 4475 τούτους
1578 4411 1714 4465 ἐσω-

116 4519 240 4557 σεν.
280 4502 378 4555 Ἒν
406 4497 477 4573 ἦν
509 4501 571 4556 τὸ
613 4500 780 4573 ὓδωρ,
812 4501 911 4573 μία
942 4503 976 4573 ή
1008 4501 1254 4556 θάλασσα
1276 4541 1292 4567 ,
1337 4502 1434 4556 καὶ
1461 4500 1571 4556 τῶν
1614 4503 1714 4573 μὲν

112 4594 251 4649 οὔτε
280 4594 422 4649 πόδα
462 4593 673 4667 ἔϐρεξε,
718 4593 829 4655 τῶν
875 4594 933 4649 δὲ
964 4593 1087 4648 οὔτε
1123 4595 1269 4666 ἴχνος
1310 4594 1523 4664 ἀφῆκεν
1544 4633 1560 4659 ,
1592 4593 1713 4649 ἀλλ’

114 4689 380 4751 ἅπαντας
397 4686 639 4742 λαϐοῦσα
660 4685 900 4761 ἐκάλυψε
920 4685 1000 4758 τῷ
1024 4685 1199 4753 ὕδατι,
1223 4685 1319 4741 καὶ
1337 4686 1515 4741 κοινὸν
1544 4685 1714 4755 τάφον

113 4779 427 4854 εἰργάσατο
454 4780 489 4850 ἡ
512 4778 757 4835 θάλασσα
788 4781 952 4834 παντὶ
979 4779 1058 4851 τῷ
1078 4779 1236 4851 δήμῳ
1250 4777 1360 4834 τῶν
1380 4777 1710 4847 Αἰγυπτίων.

114 4870 268 4926 Εἰπέ
300 4888 393 4942 μοι
417 4865 512 4927 οὖν
541 4868 703 4927 τοῦτο
731 4871 848 4939 πῶς
880 4870 1117 4940 ἐγένετο.
1163 4871 1326 4942 Ὁρᾷς
1366 4869 1485 4933 πῶς
1514 4871 1549 4940 ή
1587 4867 1717 4923 σκιὰ

114 4961 428 5036 προῆλθεν,
459 4963 547 5025 ἵνα
569 4963 833 5033 πιστευθῇ
860 4965 894 5034 ἡ
924 4962 1187 5035 ἀλήθεια;
1211 4961 1329 5025 πῶς
1358 4963 1543 5016 ἐκεῖνα
1563 4959 1713 5034 [748]

117 5057 229 5128 μὲν
265 5054 417 5121 σκιὰ,
452 5054 622 5108 ταῦτα
649 5053 706 5107 δὲ
759 5052 1020 5123 ἀλήθεια;
1054 5053 1237 5106 ἐκεῖνα
1271 5050 1417 5115 σκιὰ,
1455 5051 1627 5105 ταῦτα
1656 5050 1716 5105 δὲ

112 5149 467 5221 πράγματα;
508 5146 692 5219 Ὁρᾷς,
720 5145 796 5210 ὡς
824 5139 997 5210 εἷπον,
1030 5145 1159 5199 ὅταν
1184 5144 1351 5214 μέλλῃ
1380 5143 1556 5208 όΘεὸς
1586 5144 1716 5199 διοι-

115 5245 246 5297 κεῖν
272 5236 511 5309 πρᾶγμά
533 5257 588 5292 τι
618 5237 788 5303 ξένον,
818 5237 1178 5309 προδιατυποῖ
1199 5236 1413 5308 πρῶτον
1443 5234 1537 5288 καὶ
1562 5252 1716 5290 σκια-

113 5336 359 5409 γραφεῖ,
385 5334 473 5387 ἵνα
509 5331 684 5396 οὕτως
716 5329 1054 5402 προελθοῦσα
1080 5332 1113 5400 ἡ
1151 5329 1381 5400 ἀλήθεια
1420 5326 1714 5397 εὐπρόσδε-

116 5444 260 5490 κτος
300 5423 560 5496 γένηται;
603 5422 843 5492 Ἀνάγκη
895 5419 1004 5490 γὰρ
1053 5418 1152 5489 τὴν
1185 5418 1369 5471 εἰκόνα
1403 5415 1717 5470 ὑποδεεστέ-

116 5536 235 5594 ραν
287 5510 432 5571 εῖναι
474 5515 576 5586 τῆς
618 5513 906 5585 ἀληθείας·
950 5513 999 5566 εἰ
1049 5509 1107 5564 δὲ
1155 5508 1446 5580 αὐτοτελὴς
1476 5504 1568 5580 ἦν,
1616 5508 1716 5560 οὐκ

113 5611 208 5667 ἔτι
256 5609 419 5675 σκιὰ,
463 5608 600 5663 ἀλλὰ
632 5605 882 5679 ἀλήθεια.
939 5601 1216 5676 Προέλαϐέ
1243 5619 1304 5656 τε
1344 5603 1377 5672 ἡ
1434 5601 1584 5666 σκιά,
1623 5604 1716 5653 καὶ

112 5700 296 5775 ἦλθεν
324 5705 358 5773 ἡ
390 5699 619 5773 ἀλήθεια
645 5699 755 5753 τῶν
796 5697 1102 5769 χρωμάτων
1135 5695 1228 5748 καὶ
1265 5693 1432 5760 ἔδειξε
1465 5692 1713 5764 καθαρὰν

116 5796 230 5861 τὴν
275 5793 480 5847 εἰκόνα.
522 5794 737 5847 Ἐκεῖνα
784 5788 975 5856 τύποι,
1016 5787 1188 5842 ταῦτα
1232 5785 1565 5861 πράγματα·
1600 5778 1710 5838 οἷον

1415 345 1503 399 DE
1542 343 1772 400 ΒΕΑΤο
1809 342 2168 401 ΑΒΒΑΗΑΜ.

3288 358 3392 416 7H

1815 458 1911 512 καὶ
1957 460 2050 512 ἐπὶ
2076 460 2169 513 τοῦ
2218 462 2491 532 προϐάτου
2526 463 2768 532 γέγονεν.
2805 465 3046 536 Ἔμελλε
3087 468 3164 539 τῷ
3202 473 3393 543 αἵματι

1811 552 1907 606 τοῦ
1932 554 2168 624 Χριστοῦ
2194 555 2610 628 ἐλευθεροῦσθαι
2638 559 2671 630 ή
2701 560 2996 632 οἰκουμένη
3026 564 3119 617 καὶ
3147 570 3393 642 κατάρας

1814 651 2273 710 ἀπαλλάττεσθαι.
2316 655 2471 707 Ἐπεὶ
2513 649 2607 708 οὖν
2650 655 2809 708 τοῦτο
2845 656 3007 712 πάλιν
3045 640 3191 731 μέγά
3332 669 3393 723 τὸ

1811 748 1998 821 θαῦμα
2048 753 2140 805 καὶ
2183 752 2410 808 ἄπιστον
2454 754 2605 826 παρά
2658 757 2726 827 τῇ
2778 754 3054 827 ἀγνώμονι
3093 760 3235 834 ψυχῇ
3281 767 3391 822 τῶν

1825 846 2113 911 Ἰουδαίων,
2136 849 2436 919 προδιοικεῖ
2465 853 2494 904 6
2521 849 2652 915 Θεὸς
2677 851 2771 904 καὶ
2798 854 3156 923 προδιατυποί
3185 850 3390 917 διάντοῦ

1812 943 2086 1015 προϐάτου
2107 962 2120 976 ·
2156 945 2264 999 τῶν
2295 948 2403 1019 γὰρ
2446 949 2759 1017 Αἰγυπτίων
2789 950 2858 1004 τὰ
2896 954 3219 1024 πρωτότοκα
3253 960 3390 1029 μέλ-

1810 1040 1918 1094 λων
1952 1041 2260 1105 ἀπολλύειν,
2301 1044 2388 1097 ἴνα
2436 1044 2511 1114 μὴ
2557 1046 2985 1117 συναναιρεθῶσι
3035 1050 3131 1104 καὶ¹
3171 1052 3238 1106 τά
3278 1054 3388 1110 τῶν

1810 1134 1942 1188 υἱῶν
1973 1137 2190 1209 Ἰσραήλ
2212 1155 2227 1170 ο
2251 1139 2306 1191 τί
2337 1134 2428 1192 οὖν
2453 1156 2467 1171 ο
2500 1140 2588 1193 ἵνα
2623 1140 2870 1210 γένηται,
2895 1145 3059 1215 φησὶν
3079 1148 3108 1200 6
3125 1148 3386 1219 Μωῦσῆς,

1814 1233 2023 1304 μήποτε
2069 1236 2097 1288 6
2135 1233 2435 1306 ὀλοθρεύων
2479 1235 2711 1304 ἄγγελος
2744 1237 3137 1314 συνολοθρεύσῃ
3181 1244 3250 1296 τὰ
3279 1245 3389 1300 τῶν

1810 1329 1943 1383 υἱῶν
1982 1330 2200 1401 Ἰσραὴλ
2232 1330 2586 1402 πρωτότοκα’
2628 1332 2683 1385 τί
2717 1329 2841 1400 οὗν;
2873 1334 3019 1403 λέγει
3050 1339 3188 1410 πρὸς
3222 1343 3387 1397 αὐτὸν

1808 1427 1838 1479 6
1861 1428 1992 1492 Θεός
2009 1446 2023 1459 ο
2056 1428 2426 1500 παράγγειλον
2453 1432 2565 1493 τοῖς
2591 1432 2727 1494 υἰοῖς
2763 1431 2997 1502 Ἰσραὴλ,
3028 1435 3121 1487 καί
3149 1436 3387 1493 λαϐέτω-

1811 1542 1910 1580 σαν
1940 1525 2210 1597 πρόϐατον
2231 1526 2483 1598 ἄμωμον,
2502 1528 2688 1598 ἄρσεν,
2716 1528 3006 1595 ἐνιαύσιον,
3025 1532 3166 1585 κατὰ
3188 1552 3388 1605 συγγε-

1809 1620 1958 1686 νείας
1993 1620 2169 1676 αὐτῶν
2187 1639 2200 1652 ·
2228 1622 2333 1676 κᾶν
2360 1622 2435 1695 μὴ
2459 1623 2755 1695 εὐπορῶσι,
2780 1624 2933 1695 φησὶ,
2957 1626 3151 1694 γείτων
3174 1630 3389 1697 γείτονα

1811 1719 2159 1786 συγκαλέσει,
2205 1720 2299 1774 καὶ
2343 1721 2635 1790 συγγένεια
2679 1721 2996 1791 συγγένειαν
3041 1727 3388 1799 συγκαλέσει,

1809 1818 1904 1870 καὶ
1936 1815 2079 1870 οὕτω
2107 1818 2359 1882 λαϐόντες
2405 1819 2466 1871 τὸ
2506 1818 2795 1890 πρόϐατον,
2827 1822 3100 1892 πρόϐατον
3135 1824 3389 1899 ἄμωμον,

1808 1911 1998 1982 ἄρσεν,
2025 1913 2313 1978 ἐνιαύσιον,
2342 1913 2563 1979 θύσατε,
2593 1915 2749 1985 φησί,
2780 1916 2922 1970 κατά
2944 1921 3265 1988 συγγενείας
3293 1925 3387 1977 καὶ

1809 2009 1928 2063 κατ’
1954 2009 2138 2073 οἴκους
2164 2010 2425 2082 πατριῶν.
2449 2011 2561 2064 Καὶ
2578 2010 2645 2064 τὰ
2670 2011 2769 2082 μὲν
2795 2013 2935 2084 κρέα
2953 2015 3117 2069 αὐτοῦ
3147 2018 3387 2087 φάγεσθε

1807 2104 1951 2159 ὀπτά
1975 2105 2107 2177 πυρί
2123 2123 2136 2136 θ
2168 2105 2333 2178 μηδὲν
2356 2106 2417 2170 ἐξ
2441 2105 2619 2161 αὐτῶν
2648 2109 3031 2180 καταλείψεται
3048 2129 3062 2142 ·
3084 2112 3146 2166 τὸ
3173 2113 3229 2168 δέ
3249 2109 3390 2186 αἷμα

1808 2202 1971 2257 αὐτοῦ
1991 2203 2217 2274 χρίσατε
2245 2205 2323 2268 εἰς
2351 2204 2450 2268 τάς
2487 2205 2649 2275 φλιὰς
2677 2206 2851 2279 ὑμῶν.
2888 2209 3133 2279 Φάγεσθε
3167 2212 3222 2266 δὲ
3256 2215 3390 2269 αὐτὸ

1810 2301 1965 2371 φησί,
2015 2300 2449 2371 περιεζωσμένοι
2493 2302 2592 2374 τῆν
2625 2303 2822 2372 ὀσφύνο
2866 2305 2937 2359 τὰ
2970 2306 3293 2380 ὑποδήματα
3331 2312 3388 2363 ἐν

1807 2399 1919 2459 τοῖς
1959 2396 2117 2449 ποσὶν
2167 2396 2354 2467 ὑμῶν’
2384 2399 2478 2451 καὶ
2528 2399 2685 2453 τοῦτο
2720 2401 2796 2464 ώς
2846 2402 3127 2474 ὁδοιπόρου
3166 2407 3385 2485 σχῆμας

1807 2492 1857 2545 οἱ
1888 2490 2072 2563 λύχνοι
2112 2492 2268 2562 ὑμῶν
2306 2492 2623 2563 καιόμενοι·
2657 2494 2744 2550 διὰ
2781 2497 2866 2563 τί;
2918 2497 3157 2570 Ἐσπέρα
3191 2501 3296 2574 γὰρ
3323 2497 3389 2575 ἦν

1806 2586 2320 2658 καταλαμϐάνουσα.
2355 2589 2466 2641 Καὶ
2498 2589 2586 2645 διὰ
2623 2591 2678 2644 τί
2725 2592 2898 2657 οὕτως
2932 2592 3113 2647 ἐδεσθε
3151 2596 3227 2661 ὡς
3257 2598 3390 2651 ὁδοι-

1810 2685 2000 2757 πόροι;
2035 2684 2135 2738 Διὰ
2161 2685 2248 2752 τί;
2285 2684 2395 2753 ἐγώ
2420 2685 2582 2755 λέγω.
2602 2689 2714 2741 Καὶ
2742 2689 2828 2744 διὰ
2853 2690 2943 2746 τὸν
2964 2692 3153 2759 τύπον,
3183 2697 3276 2750 καὶ
3299 2696 3390 2749 διὰ

1807 2783 1908 2854 τὴν
1957 2782 2243 2851 ἀλήθειαν⁸
2301 2781 2487 2853 ἐπειδὴ
2544 2783 2804 2849 πολλάκις
2851 2787 3063 2859 ἐπλήγη
3098 2792 3127 2843 6
3169 2793 3388 2864 Φαραὼ,

1811 2876 1904 2931 καὶ
1925 2877 2025 2930 οὐκ
2045 2876 2313 2932 ἀπέλυσεν
2335 2878 2532 2944 αὐτούς
2550 2895 2565 2912 '
2591 2881 2684 2933 καὶ
2708 2880 2890 2951 ἔλεγεν
2915 2885 3098 2948 αὐτοῖς
3119 2888 3358 2959 Μωῦσῆς
3373 2905 3387 2919 ο

1810 2974 2107 3043 πλήττεται
2136 2976 2376 3046 σήμερον
2407 2976 2503 3030 καὶ
2533 2977 2757 3031 ἀπολύει
2780 2994 2791 3006 ⁸
2830 2981 3129 3051 ἐπλήσσετο
3163 2986 3256 3037 καὶ
3290 2985 3390 3039 οὐκ

1764 3099 1771 3104 -
1809 3069 2045 3127 ἀπέλυεν
2066 3087 2078 3099 ·
2106 3069 2325 3125 ἔννατον
2356 3071 2565 3142 ἐπλήγη
2596 3074 2689 3126 καὶ
2717 3074 2818 3127 οὐκ
2848 3074 3117 3130 ἀπέλυσεν
3156 3069 3351 3143 αὐτούς
3371 3097 3386 3112 ·

1809 3169 1874 3238 τῇ
1909 3166 2110 3237 δεκάτῃ
2139 3166 2196 3220 δέ
2235 3167 2469 3238 ἤμελλεν
2518 3169 2716 3234 αὐτοὺς
2752 3172 3006 3226 ἀπολύειν
3027 3190 3041 3204 ο
3073 3176 3388 3248 ὁδοιπόρων,

1809 3263 2001 3333 λέγει,
2022 3264 2217 3318 λάϐετε
2270 3265 2493 3336 σχῆμαο
2530 3266 2670 3337 μετὰ
2701 3268 2811 3337 γὰρ
2861 3269 2922 3322 τὸ
2968 3276 3159 3340 φαγεῖν
3208 3274 3388 3344 ὑμᾶς,

1809 3348 1961 3401 οὐδὲν
2005 3347 2180 3401 κοινὸν
2210 3344 2339 3419 ὑμῖν
2383 3349 2521 3421 πρὸς
2566 3350 2665 3423 τὴν
2711 3353 3012 3420 Αἴγυπτον·
3053 3355 3244 3410 λάϐετε
3274 3355 3392 3424 οὖν,

1747 3468 1755 3473 ’
1811 3447 1967 3516 φησί,
2010 3443 2279 3516 πρόϐατον
2319 3445 2569 3516 ἄμωμον,
2617 3446 2804 3518 ἄρσεν,
2846 3450 3137 3517 ἐνιαύσιον,
3174 3455 3267 3507 καὶ
3299 3454 3394 3508 θύ-

1813 3558 1938 3595 σατε
1996 3540 2156 3593 αὐτόο
2213 3540 2309 3595 καὶ
2356 3540 2582 3611 χρίσατε
2634 3544 2695 3596 τὸ
2733 3537 2872 3615 αἷμα
2921 3545 3086 3599 αὑτοῦ
3142 3549 3234 3600 ἐπὶ
3295 3549 3394 3614 τὰς

1811 3636 1972 3706 φλιὰς
2007 3636 2183 3708 ὑμῶν,
2231 3636 2318 3690 ἵνα
2350 3636 2523 3692 ἐλθὼν
2549 3639 2580 3691 6
2616 3637 2866 3707 ἄγγελος,
2906 3641 3010 3695 κᾶν
3035 3643 3100 3696 δι’
3151 3644 3394 3709 ἐκείνους

1814 3733 1889 3803 μὴ
1914 3732 2193 3802 φείσηται,
2224 3731 2315 3786 διὰ
2359 3733 2450 3786 τὸν
2484 3733 2656 3787 τύπον
2695 3735 2790 3786 τοῦ
2842 3734 3075 3805 αἵματος
3117 3738 3390 3809 φείσηται.

1811 3824 1997 3883 Ταῦτα
2026 3830 2087 3882 ού
2124 3828 2213 3882 διὰ
2235 3828 2328 3882 τὸν
2348 3828 2580 3897 ἄγγελον
2601 3829 2836 3898 ἐγένετο,
2871 3830 3006 3886 ἀλλά
3041 3832 3130 3886 διὰ
3162 3835 3223 3887 τὸ
3253 3831 3395 3907 αἷμα
3440 3894 3443 3903 ι

1811 3924 1872 3978 τὸ
1892 3924 1992 3994 ἐμὲ
2022 3922 2201 3978 σῶσαν
2226 3940 2240 3954 ·
2268 3924 2330 3976 οὺ
2368 3925 2479 3995 γάρ
2512 3923 2743 3995 ὴδύνατο
2769 3926 2799 3977 6
2832 3925 3062 3996 ἄγγελος
3081 3928 3144 3983 τὸ
3185 3931 3396 4002 παράλ..

1811 4020 1972 4094 ληλον
2002 4020 2111 4076 τῶν
2132 4021 2447 4090 Αἰγυπτίων
2487 4023 2585 4075 καὶ
2618 4022 2887 4077 Ἰουδαίων
2911 4024 3239 4094 διαγνῶναι;
3270 4029 3300 4081 6
3323 4029 3399 4085 τάξ

1814 4118 2135 4190 πρωτότοκα
2175 4116 2367 4183 εἰδὼς,
2407 4100 2739 4186 Αίγυπτίόυς
2794 4120 2890 4174 καὶ
2930 4120 3212 4193 Ἐϐραίους
3271 4124 3392 4178 δια-

1812 4211 2016 4281 γνῶναι
2042 4212 2146 4266 οὐκ
2192 4212 2443 4282 ἰσχυσενς
2469 4213 2639 4268 Ὅταν
2668 4210 2761 4268 οὖν
2805 4215 3062 4288 ὀνειδίσῃ.
3091 4234 3150 4269 σε
3193 4216 3393 4286 λέγων,

1814 4309 1896 4372 εἰς
1923 4302 2065 4379 αἷμα
2096 4307 2367 4377 ἐλπίζεις;
2398 4309 2521 4363 εἰπὲ
2552 4311 2724 4382 αὐτῷ,
2760 4312 2856 4365 καὶ
2893 4312 2957 4365 σύ
2979 4330 2992 4344 ·
3015 4312 3114 4366 οὐκ
3141 4315 3390 4387 αἰσχύνῃ,

1814 4404 2166 4475 ἀναίσχυντε;
2193 4404 2257 4461 σὺ
2291 4405 2372 4468 εἰς
2398 4401 2538 4476 αἷμα
2567 4406 2840 4476 προϐάτου
2870 4408 3101 4479 ἐσώθης,
3134 4406 3288 4478 κάγὼ
3312 4412 3398 4473 εἰς

1814 4495 1957 4571 αἷμα
1989 4499 2260 4554 Δεσπότου
2308 4500 2370 4554 οὐ
2417 4498 2700 4572 σώζομαι;
2759 4503 3005 4568 Ἰουδαῖος
3043 4501 3137 4560 οὖν
3174 4506 3391 4572 ἐσθίων,

1815 4596 2095 4665 ἐπείγεται
2115 4595 2499 4667 ἀπαλλαγῆναι
2511 4598 2788 4667 Αἰγύπτου
2806 4616 2820 4630 °
2839 4601 3162 4672 Χριστιανὸς
3176 4602 3392 4665 ἐσθίων,

1816 4695 2120 4765 ἐπειγέσθω
2148 4695 2526 4767 ἀπαλλαγῆναι
2564 4699 2658 4753 τοῦ
2700 4699 2927 4769 κόσμου.
2960 4701 3069 4753 Καὶ
3100 4701 3209 4773 γάρ
3248 4720 3331 4756 σοι
3365 4705 3398 4761 6

1816 4794 2028 4858 Παῦλος
2068 4794 2210 4848 οῦτω
2242 4796 2596 4867 χρηματίζει·
2645 4798 3017 4853 Ἐνδύσασθε
3045 4799 3280 4870 θώρακα
3309 4803 3396 4855 δι-

1817 4892 2152 4960 καιοσύνης
2169 4908 2182 4922 ·
2204 4892 2599 4958 ὑποδήσασθε
2621 4893 2763 4960 τοὺς
2783 4894 2975 4962 πόδας
3000 4897 3070 4950 ἐν
3087 4897 3397 4967 ἑτοιμασίᾳ

1815 4994 1923 5049 τοῦ
1950 4994 2311 5063 ,εὐαγγελίου
2338 4992 2449 5062 τῆς
2469 4993 2732 5064 εἰρήνης.

1900 5104 2048 5191 Ἦ)ιεῖ
2096 5104 2436 5175 ὑποδήματα,
2472 5104 2565 5157 καὶ
2598 5103 2832 5159 ἐνταῦθα
2875 5106 3232 5176 ὑποδήματα·
3279 5108 3397 5158 ἐκεῖ

1819 5200 2122 5271 βακτηρία,
2190 5199 2423 5253 ἐνταῦθα
2485 5200 2696 5272 θώραξο
2755 5204 2784 5255 6
2832 5203 3071 5270 Μωῦσῆς
3132 5201 3209 5265 ώς
3263 5200 3394 5253 ὁδοι-

1818 5299 2036 5370 πόροις,
2089 5299 2118 5349 ὁ
2172 5296 2381 5361 Παῦλος
2450 5298 2525 5361 ὡς
2576 5297 2965 5368 στρατιώταις’
3030 5300 3225 5351 ἐκεῖνοι
3286 5298 3396 5349 ἀπὸ

1816 5394 1920 5464 γῆς
1972 5395 2055 5456 εἰς
2090 5392 2216 5463 γῆν,
2263 5393 2352 5448 διὰ
2396 5394 2556 5449 τοῦτο
2601 5393 2900 5465 ὁδοιπόροι⁹
2961 5391 3073 5461 ἐγὼ
3127 5392 3234 5446 ἀπὸ
3294 5392 3393 5462 γῆς

1817 5490 1896 5553 εἰς
1944 5489 2192 5559 οὐρανὸν.
2241 5491 2329 5545 διὰ
2383 5492 2538 5545 τοῦτο
2584 5489 2950 5561 στρατιώτης·
3011 5489 3099 5543 διὰ
3137 5489 3222 5556 τί;
3270 5489 3393 5541 Ὅτι

1815 5586 1850 5655 ή
1902 5583 2019 5647 ὁδός
2067 5601 2168 5654 μου
2231 5585 2548 5658 λῃστεύεται
2593 5586 2736 5641 κατὰ
2785 5586 2876 5639 τὸν
2920 5586 3077 5657 ἀέρα,
3143 5582 3394 5654 δαίμονές

1822 5698 1910 5752 μοι
1963 5681 2267 5738 ἀπαντῶσι.
2310 5684 2411 5736 Διὰ
2451 5684 2608 5739 τοῦτο
2657 5684 2764 5755 ἔχω
2811 5684 2911 5756 τὴν
2946 5682 3254 5755 παρρησίαν
3301 5697 3395 5761 γετ-

1822 5778 2201 5851 γυμνωμένην,
2263 5780 2351 5835 διὰ
2415 5779 2571 5835 τοῦτο
2624 5781 2711 5834 τὸν
2769 5777 2991 5852 θώρακα
3040 5779 3139 5851 τῆς
3192 5777 3400 5832 δικαιο.-
