3858 6280
106 264 255 324 745
1222 282 1308 338 DE
1348 285 1615 343 SANCTA
1656 289 1691 344 Ἰ

1801 291 1925 349 CLA
1969 294 2323 351 MARTYRE.

84 386 275 440 cium
304 384 623 441 denudatam
653 386 843 454 habeo,
874 390 988 446 ideo
1022 390 1294 450 thoracem
1323 396 1542 465 justitia:
1566 442 1580 467 ,
1611 399 1733 459 ideo

90 480 408 550 cingulum
439 480 678 535 veritatis
703 498 716 535 :
745 488 848 536 non
870 497 988 537 sum
1021 484 1161 538 enim
1183 488 1355 542 viator
1380 497 1604 555 tantum,
1634 494 1728 547 sed

90 572 299 623 etiam
333 571 505 624 miles.
537 572 766 642 Angusta
788 582 836 627 et
858 585 998 627 arcta
1027 576 1106 627 via
1131 586 1221 642 est,
1255 595 1368 647 qua:
1392 581 1525 634 ducit
1554 584 1622 635 ad
1648 586 1724 637 vi-

98 671 243 714 tam
269 664 287 729 (
319 662 507 716 Matth.
534 666 585 717 7.
613 666 678 718 14
700 665 741 736 ).
767 666 897 722 Vide
928 668 1088 737 igitur
1122 672 1390 739 quomodo
1415 674 1608 729 Paulus
1635 691 1723 730 res

95 752 318 831 ipsus,
362 755 570 812 Movses
613 771 740 810 vero
786 757 983 827 ﬁguras
1035 760 1367 817 administret
1400 781 1413 817 :
1445 764 1713 834 quomodo

61 847 76 890 >

154 937 3356 993 Μ

3320 309 3424 365 746

1842 405 2082 470 sensilia,
2113 418 2162 463 ct
2191 409 2459 478 quomodo
2490 410 2782 478 spiritualia
2816 425 2873 465 se
2905 411 3155 468 habeant.
3202 414 3425 470 Studea-

1838 512 1957 552 mus
1990 498 2146 570 igitur
2182 510 2235 554 ct
2288 516 2385 554 nos
2406 544 2419 565 ,
2448 501 2661 563 dilecti,
2693 502 2961 556 Abraham
2992 504 3208 571 imitari,
3245 516 3299 560 ut
3330 507 3426 561 bo-

1833 590 1992 656 spitio
2035 591 2367 659 excipiantur
2399 593 2447 643 in
2484 592 2597 660 ejus
2624 592 2772 655 sinu,
2809 595 2977 663 gratia
3008 582 3059 649 et
3099 595 3425 665 benignitate

1834 679 2041 733 Domini
2081 683 2245 735 nostri
2268 681 2393 736 Jesu
2423 682 2653 748 Christi,
2684 685 2767 737 cui
2812 684 2979 753 gloria
3011 695 3065 738 et
3104 686 3413 755 imperium,

1827 783 1968 824 nunc
1995 780 2047 825 et
2075 786 2304 841 semper,
2326 781 2380 827 et
2408 773 2461 826 in
2491 772 2683 826 saecula
2709 774 3047 829 saeculorum.
3079 778 3272 830 Amen.

1581 1308 1950 1369 MONITUM.

104 1527 184 1583 in
216 1527 577 1597 Sophoniam,
603 1528 861 1585 mulieres
888 1529 1055 1587 fuisse
1088 1529 1221 1587 dicit
1251 1534 1638 1604 Apostolorum
1673 1537 1960 1607 Apostolas
1988 1556 2000 1591 :
2044 1553 2150 1591 non
2186 1538 2330 1608 quod
2366 1537 2596 1592 docendi
2632 1553 2833 1593 munus
2864 1538 2917 1592 in
2942 1538 3183 1593 Ecclesia
3222 1556 3385 1595 usur-

102 1651 275 1720 parit
304 1650 526 1715 Thecla,
559 1660 618 1705 ut
654 1650 894 1708 haeretici
936 1668 1003 1708 ex
1045 1654 1195 1710 Actis
1234 1655 1354 1725 ejus
1383 1657 1710 1728 apocryphis
1741 1658 2115 1722 assumebant,
2164 1666 2301 1713 teste
2342 1655 2678 1713 Tertulliano
2720 1657 2786 1712 de
2825 1656 3102 1728 Baptismo
3130 1673 3180 1713 c.
3223 1657 3311 1723 17,
3339 1664 3395 1713 et

108 1763 466 1837 Hieronymo
498 1766 564 1823 de
613 1767 980 1839 Scriptoribus
1024 1771 1422 1829 Ecclesiasticis
1462 1774 1515 1828 in
1560 1774 1742 1840 Luca;
1800 1776 1891 1829 sed
1921 1775 2089 1845 quod,
2130 1784 2188 1829 ut
2218 1774 2335 1828 Ado
2371 1774 2581 1837 scribit,
2621 1774 2870 1843 exemplo
2894 1783 2947 1827 et
2978 1773 3395 1830 conversatione

106 1879 255 1936 vitae
294 1891 458 1953 atque
494 1885 656 1940 etiam
693 1886 935 1942 doctrina
965 1889 1229 1959 plurimos
1263 1892 1544 1946 erudierit.
1570 1891 1627 1946 ln
1661 1892 1851 1948 llorol.
1886 1893 2198 1948 Graecorum
2233 1893 2354 1963 lego
2391 1892 2460 1945 24
2491 1891 2742 1960 Septemb
2783 1908 2798 1945 :
2831 1890 2946 1960 Τῆς
2985 1889 3146 1958 ἁγίας
3181 1907 3394 1961 πρωτο-

113 1998 413 2071 μάρτυρος
433 2002 527 2056 καὶ
568 2002 925 2057 ισαποστόλου
952 2002 1163 2074 Θέκλης
1182 2022 1194 2034 ·
1220 2015 1275 2059 at
1297 2005 1350 2059 in
1378 2005 1691 2061 Calendaria

1801 2024 1909 2062 rum
1943 2006 2134 2063 Latine
2160 2007 2390 2070 reddito,
2420 2005 2609 2059 Thecla
2642 2015 2847 2075 martyr
2884 2005 3162 2059 mulierum
3194 2007 3390 2072 prima.

116 2115 227 2171 Sic
251 2118 416 2171 etiam
452 2117 584 2172 ibid.
619 2117 819 2172 2‘21ul.
856 2118 914 2173 S.
952 2118 1120 2176 Maria
1165 2119 1470 2191 Magdalen.
1516 2121 1887 2186 ῐσαπόστολος,
1920 2122 2145 2192 aequalis
2198 2120 2494 2191 Apostolis,
2529 2120 2730 2175 dicitur
2763 2139 2775 2174 :
2814 2118 3084 2189 Evagr.-l.
3110 2134 3194 2185 ιιι,
3223 2135 3273 2174 c.
3313 2121 3347 2175 8
3378 2139 3393 2176 :

111 2226 319 2298 Ζήνων
342 2226 784 2299 παροτρύνουσαν
814 2227 1147 2298 θεασάμενος
1175 2229 1271 2299 τὴν
1306 2230 1466 2298 ἁγίαν
1490 2231 1585 2282 καὶ
1620 2246 1690 2282 πο

1801 2230 1917 2283 ϋλον
1951 2229 2396 2301 πρωτομάρτυρα
2428 2229 2667 2284 Θέκλανο
2698 2228 2840 2285 Zeno
2874 2245 2965 2299 per
2986 2230 3234 2284 visionem
3275 2246 3399 2283 con-

114 2344 369 2411 spicatus
404 2352 667 2409 sanctam,
692 2353 965 2397 strenuam
999 2354 1048 2397 et
1078 2346 1329 2398 eximiam
1357 2354 1645 2417 martyrem
1679 2346 1945 2399 Theclam.
1983 2365 2003 2395 ι

198 2464 585 2535 htterpretatio
610 2467 803 2522 Latina
835 2477 916 2522 est
950 2467 1195 2537 ejusdem
1220 2467 1513 2523 Frontonis
1536 2466 1739 2523 Ducaei.

186 2709 2239 2731 m--——————__——__——_*,

874 2917 1467 3005 LAUDATIO
1522 2922 1608 3005 S.
1662 2919 2654 3018 PROTOMARTYRIS

1310 3100 1390 3142 ET
1432 3060 1766 3143 amsrobn
1808 3098 2073 3141 THECLE
2121 3084 2219 3160 (a).

1579 3220 1948 3276 Xth

185 3364 329 3419 Laus
398 3363 695 3436 virginitatis
761 3371 808 3415 et
855 3360 1057 3415 Thecla:
1116 3358 1319 3429 nuptias
1385 3356 1699 3427 negligentis.

104 3490 184 3501 ——
233 3458 525 3512 Pra‘claras
584 3456 736 3510 nobis
794 3463 1097 3508 sanctorum
1162 3449 1418 3520 imagines
1475 3450 1702 3519 Spiritus

108 3551 293 3607 sancti
321 3550 488 3621 gratia
518 3548 802 3603 memorias
826 3559 1030 3600 annuas
1058 3545 1291 3614 ipsorum
1320 3543 1509 3606 erexit,
1539 3552 1591 3597 et
1611 3556 1700 3596 ac-

110 3642 291 3696 tiones
333 3654 615 3710 progrcssu
659 3638 911 3707 temporis
946 3638 996 3689 in
1046 3635 1368 3689 oblivionem
1424 3634 1698 3688 venientes

111 3739 379 3800 perpetuo
423 3738 666 3785 recentes
718 3738 1019 3784 conservat.
1076 3728 1286 3781 Etenim
1334 3726 1698 3795 unusquisque

107 3834 235 3877 cum
267 3827 530 3889 tamquam
559 3819 611 3873 in
640 3819 923 3888 imaginem
964 3818 1014 3871 in
1058 3816 1367 3871 memoriam
1410 3814 1695 3881 inciderit,

107 3911 385 3966 actionum
415 3910 856 3980 pulchritudinem
879 3909 1294 3978 contemplatur,
1326 3917 1380 3962 et
1407 3907 1697 3962 insidentes

106 4001 388 4056 memoria:
440 4002 653 4071 imagini
697 4008 900 4071 Spectat
943 4001 1199 4054 actiones.
1249 4000 1326 4053 Ac
1356 3999 1483 4053 mihi
1513 3998 1697 4053 videor

108 4094 379 4149 hodierno
404 4093 491 4148 die
520 4093 730 4148 beatam
762 4093 905 4147 illam
944 4092 1171 4161 puellam
1200 4101 1467 4159 tamquam
1488 4091 1540 4144 in
1565 4091 1697 4143 ima-

104 4186 235 4258 gine
287 4193 514 4240 stantem
555 4184 826 4239 memoriae
848 4184 1225 4255 contemplari,
1258 4194 1311 4239 et
1342 4184 1441 4239 hac
1478 4182 1692 4253 quidem

107 4292 273 4334 manu
313 4276 381 4332 de
410 4277 785 4347 voluptatibus,
818 4276 904 4331 illa
932 4291 1058 4331 vero
1083 4276 1148 4331 de
1174 4276 1421 4345 periculis
1452 4282 1693 4344 reporta-

105 4378 219 4422 tam
244 4382 495 4422 coronam
525 4366 955 4437 protendcntem;
986 4375 1144 4437 atque
1173 4365 1272 4420 hac
1292 4366 1504 4435 quidem
1528 4365 1690 4435 virgi-

102 4459 354 4523 nitatem,
395 4457 484 4511 illa
514 4472 644 4513 vero
686 4458 997 4528 martyrium
1045 4457 1270 4510 Domino
1320 4456 1690 4509 universorum

102 4549 445 4605 offerentem.
473 4549 601 4603 Erat
631 4549 793 4618 igitur
824 4549 876 4602 in
909 4548 1020 4617 ipsa
1050 4548 1211 4602 etiam
1240 4547 1535 4617 virginitas,
1564 4562 1688 4616 quae

104 4642 238 4709 illis,
262 4643 353 4713 qui
399 4657 514 4697 rem
544 4648 791 4695 accurate
834 4640 1171 4711 perpendunt
1196 4681 1211 4705 ,
1238 4654 1486 4709 magnum
1514 4637 1687 4708 quod-

100 4736 231 4790 dam
270 4733 583 4806 martyrium
623 4741 749 4788 ante
776 4733 1090 4803 martyrium
1123 4731 1350 4786 videtur.
1382 4731 1515 4786 Sunt
1544 4730 1685 4785 enim

100 4828 353 4884 crudeles
378 4828 590 4898 quidam
621 4826 901 4882 carniﬁces
922 4825 1162 4894 corporis
1201 4824 1500 4893 voluptates
1529 4840 1544 4885 ;
1578 4824 1686 4878 imo

98 4937 234 4977 vero
260 4922 597 4976 carniﬁcibus
625 4919 952 4975 crudeliores
994 4935 1009 4973 :
1042 4934 1163 4973 nam
1186 4919 1412 4972 vinculis
1439 4926 1686 4988 torquent

99 5027 211 5067 non
239 5012 556 5067 manufactis
584 5028 596 5064 :
630 5028 727 5082 per
754 5013 939 5067 oculos
978 5012 1209 5064 animam
1242 5011 1560 5075 vulnerant;
1592 5024 1685 5078 per

98 5118 259 5157 aures
299 5103 497 5158 mentis
539 5102 701 5172 rigori
739 5111 897 5170 atque
932 5101 1243 5155 constantia:
1288 5100 1509 5153 luxuria:
1539 5099 1682 5155 faces

100 5194 389 5248 admovent
421 5211 435 5259 ;
468 5208 660 5263 aspero
682 5193 890 5263 ﬂagello
917 5194 1242 5248 intellectum
1266 5191 1553 5261 ﬂagellant,
1587 5206 1682 5245 no-

97 5288 181 5342 vis
222 5287 447 5343 subinde
480 5287 675 5357 przeliis
726 5304 821 5343 nos
858 5299 1073 5344 vexant.
1111 5289 1333 5355 Quando
1361 5287 1479 5357 quis
1513 5289 1681 5342 oculis

97 5379 390 5433 caecitatem
423 5378 695 5443 indixerit,
727 5396 794 5435 ne
824 5380 1019 5435 formas
1044 5388 1303 5450 spectent,
1329 5388 1437 5434 tum
1466 5380 1515 5435 id
1539 5381 1677 5451 quod

98 5474 338 5527 clausum
364 5482 468 5541 est,
501 5484 743 5530 reserant
772 5475 1069 5545 voluptates
1092 5517 1107 5542 ,
1139 5484 1192 5528 et
1235 5474 1443 5528 lascivis
1460 5489 1556 5543 per
1582 5489 1673 5528 au-

156 5576 230 5642 (al
260 5580 439 5635 Collata
474 5595 582 5635 cum
603 5583 773 5634 codice
796 5591 914 5647 Reg.
936 5582 1075 5642 235,
1114 5582 1197 5646 qui
1221 5594 1317 5631 non
1340 5586 1508 5635 variat.

1814 3372 1902 3412 res
1949 3358 2229 3413 cantilenis
2267 3359 2544 3415 resolvunt
2579 3379 2591 3415 :
2622 3364 2835 3432 quando
2868 3366 2920 3420 in
2971 3381 3127 3425 aures
3155 3375 3401 3430 cantibus

1808 3451 2123 3505 meretriciis
2164 3452 2405 3507 occlusas
2449 3454 2769 3522 inciderint,
2801 3466 2909 3512 tum
2940 3459 3220 3521 libidinose
3248 3470 3392 3536 cogi-

1808 3541 2094 3595 tationibus
2121 3550 2323 3596 ornata:
2364 3543 2631 3599 illudunt:
2679 3549 2892 3617 quando
2919 3550 3035 3606 illas
3074 3568 3169 3623 per
3194 3559 3398 3625 omnia,

1808 3638 1863 3684 ιιι
1890 3632 2074 3700 paucis
2100 3634 2445 3703 complectar,
2478 3636 2756 3705 vigilantes
2788 3644 3236 3713 superaverimus,
3267 3647 3389 3702 dor-

1805 3721 2030 3776 mientes
2062 3725 2326 3778 umbratili
2357 3741 2529 3795 pugna
2566 3728 2816 3783 divexant
2847 3748 2860 3784 :
2901 3733 2970 3785 ita
3000 3749 3100 3789 nos
3122 3741 3392 3806 perpetuis

1803 3820 1857 3866 et
1887 3812 1939 3866 in
1971 3812 2155 3867 orbem
2192 3815 2538 3870 redeuntibus
2587 3819 2783 3886 prmliis
2821 3832 3044 3891 urgent,
3073 3840 3191 3894 qua:
3220 3844 3393 3898 neque

1801 3920 1922 3960 cum
1940 3907 2052 3961 sole
2070 3907 2384 3975 excitantur,
2403 3924 2574 3979 neque
2590 3926 2708 3965 cum
2740 3922 2895 3968 nocte
2910 3916 3204 3983 sopiuntur.
3234 3919 3399 3976 Porro

1804 3997 1847 4051 si
1874 3998 2205 4066 juventutem
2236 4000 2397 4054 etiam
2428 4016 2690 4072 aggressa:
2719 4004 2932 4070 fuerint,
2968 4015 3077 4060 tum
3104 4025 3231 4064 vero
3260 4012 3395 4080 ignis

1799 4101 1919 4141 cum
1965 4089 2084 4157 igne
2113 4089 2422 4144 miscebitur
2447 4131 2465 4157 ,
2512 4093 2700 4162 stipula
2732 4108 2852 4147 cum
2887 4094 3101 4152 fornace
3121 4098 3392 4169 jungetur.

1800 4176 1977 4232 Facile
2040 4193 2270 4249 namque
2315 4180 2679 4250 voluptatibus
2741 4182 2993 4252 juventus
3039 4187 3387 4245 incenditur:

1798 4268 1994 4338 quippe
2020 4284 2138 4338 quae
2172 4270 2417 4341 pinguior
2447 4272 2551 4326 olei
2582 4273 2634 4326 in
2681 4288 2884 4330 morem
2926 4285 2982 4331 et
3029 4279 3201 4347 aptior
3228 4282 3297 4334 sit
3321 4281 3388 4336 ad

1797 4358 2301 4428 inﬂammationem,
2342 4370 2401 4417 ut
2441 4362 2508 4416 ad
2537 4366 2899 4434 temperantiae
2936 4367 3146 4424 labores
3192 4369 3389 4426 delica-

1797 4452 1918 4506 tior.
1948 4453 2077 4519 Quae
2097 4452 2346 4510 nimirum
2375 4456 2552 4510 omnia
2578 4457 2748 4512 beata:
2781 4458 2970 4530 virgini
2996 4462 3209 4532 longum
3241 4480 3387 4519 mar-

1795 4545 1988 4616 tyrium
2034 4547 2392 4617 virginitatem
2428 4547 2758 4614 reddebant,
2790 4566 2909 4620 quae
2954 4567 3074 4607 cum
3104 4546 3387 4625 voluptati-

1791 4636 1912 4704 bus,
1936 4646 1992 4692 ut
2017 4652 2136 4693 cum
2163 4638 2347 4695 bestiis
2375 4648 2598 4710 martyr,
2621 4640 2888 4710 pugnabat
2919 4658 2932 4693 :
2964 4656 3083 4698 cum
3105 4645 3386 4716 cogitatio-

1793 4730 1969 4797 nibus,
2001 4739 2062 4785 ut
2107 4731 2199 4787 ille
2223 4745 2346 4786 cum
2374 4733 2697 4787 cruciatibus
2741 4732 3041 4791 luctabatur
3071 4754 3084 4790 :
3116 4752 3236 4792 cum
3267 4739 3387 4795 libi-

1790 4821 1973 4877 dinum
2013 4822 2477 4893 imaginationibus
2516 4824 2667 4893 quasi
2704 4838 2824 4880 cum
2855 4830 3133 4884 tormentis
3166 4831 3381 4886 carniﬁ-

1788 4929 1910 4969 cum
1936 4916 2377 4986 eongrediebatur
2404 4931 2419 4969 :
2452 4914 2548 4970 sed
2585 4915 2653 4970 ab
2678 4917 2769 4971 illo
2812 4925 2988 4975 tamen
3014 4922 3288 4992 multiplici
3318 4939 3382 4979 ac

1788 5006 2081 5061 domestico
2115 5006 2254 5061 bello
2278 5007 2553 5061 victoriam
2583 5009 2890 5079 reportabat
2921 5030 2934 5065 :
2975 5013 3232 5082 siquidem
3260 5016 3381 5085 igne

1788 5100 2011 5153 naturali
2059 5098 2333 5155 ardentior
2381 5101 2454 5155 illi
2500 5111 2615 5157 erat
2658 5103 2795 5172 ignis
2839 5105 3002 5157 animi
3044 5113 3097 5158 et
3140 5115 3377 5162 sanctus.

1787 5191 2072 5246 Enimvero
2114 5192 2304 5261 puellae
2340 5202 2526 5248 natura
2569 5194 2829 5259 cedebat,
2857 5206 2909 5249 et
2934 5211 3052 5264 qua:
3080 5197 3217 5265 apud
3245 5199 3377 5254 alios

1784 5282 2085 5338 dominatur
2112 5292 2167 5338 et
2192 5284 2256 5338 ad
2283 5285 2479 5339 coitum
2516 5283 2670 5350 furit,
2712 5285 2849 5354 apud
2875 5285 3125 5340 Theclam
3156 5288 3373 5357 virgini-

1787 5384 1945 5431 tatem
1977 5376 2277 5432 exercebat.
2329 5376 2583 5431 Parentes
2622 5391 2750 5431 vero
2779 5390 2900 5430 cum
2943 5377 3065 5431 ﬁliae
3095 5378 3220 5431 inita
3250 5394 3372 5435 cum

1782 5467 2080 5538 virginitate
2108 5475 2259 5536 pacta
2288 5481 2395 5521 non
2421 5475 2677 5533 nossent,
2712 5481 2882 5536 neque
2911 5466 3129 5522 fmderis
3156 5470 3369 5538 nuptia-

1784 5577 1901 5617 rum
1923 5576 2042 5617 cum
2089 5560 2173 5615 illa
2204 5559 2457 5631 jungendi
2487 5574 2646 5616 causa
2689 5559 2957 5616 Christum
2991 5560 3268 5615 Dominum
3298 5567 3367 5625 de
