3858 6280
469 342 571 398 ῗΠ

471 458 604 512 ea-lo
631 455 878 511 dextram
906 450 1115 507 dedisse
1134 491 1149 517 ,
1179 448 1356 502 multis
1383 461 1498 501 eam
1540 444 1881 511 verbosisqttc
1918 455 2064 495 com-

471 544 851 599 monitiouibus
877 540 946 596 ad
965 538 1266 607 conjugittm
1298 535 1587 590 incitabant
1616 551 1629 587 :
1678 541 1732 585 at
1768 532 1912 585 enim
1950 529 2062 599 jam

473 650 631 690 aures
662 633 849 704 puellae
894 631 1042 686 Pauli
1093 629 1330 684 carmine
1376 627 1777 697 personabant:
1812 624 1940 687 Qua:
1962 639 2063 676 non

473 736 543 779 est
572 735 747 792 nupta,
775 722 962 792 cogitat
985 735 1098 790 qua:
1124 718 1329 772 Domini
1352 726 1486 780 sunt,
1512 725 1565 769 ut
1591 716 1656 770 sit
1686 725 1860 769 sancta
1883 726 1929 768 et
1959 731 2064 767 cor-

472 831 591 887 pore
611 822 655 867 et
683 813 862 882 spiritu
892 812 913 883 (
942 811 989 866 ί.
1017 809 1136 864 Cor.
1167 811 1221 865 7.
1250 809 1376 880 54).
1422 808 1753 877 Virgittitatis
1796 806 2063 875 extemplo

469 920 664 959 corona
695 905 906 957 dabitur
934 920 951 955 :
982 903 1085 957 hoc
1125 902 1267 955 illam
1296 902 1524 970 primum
1562 898 1935 955 sollicitudinis
1971 913 2062 967 ge-

470 1012 569 1048 nus
627 994 788 1047 allicit
828 1010 841 1046 :
881 993 1106 1046 sollicita
1155 992 1296 1044 cnim
1347 999 1430 1044 est
1469 987 1852 1044 benedictionis
1904 988 2059 1057 plena

467 1085 840 1149 sollicitudine,
873 1083 1098 1138 sollicita
1144 1091 1225 1135 est
1270 1096 1395 1136 cura
1436 1081 1670 1135 liberiori
1696 1081 1880 1149 quavis
1907 1081 2058 1134 incu-

468 1177 567 1240 ria,
593 1185 651 1228 ut
680 1176 747 1229 sit
791 1183 972 1228 sancta
1012 1183 1065 1227 ct
1094 1188 1318 1241 corpore
1364 1181 1417 1226 et
1446 1171 1654 1240 spiritu.
1700 1170 1838 1225 Nihil
1864 1178 1947 1225 est
1982 1167 2057 1224 illi

464 1282 745 1320 commune
775 1282 892 1320 cum
926 1275 1085 1329 terra,
1118 1265 1259 1318 nulla
1290 1279 1407 1317 cum
1437 1262 1841 1316 connubialibus
1868 1276 2057 1316 ncces-

464 1358 706 1410 sitatibus
726 1365 808 1411 cst
845 1355 1112 1424 cognatio,
1140 1354 1295 1423 quale
1322 1364 1403 1407 cst
1430 1352 1777 1406 fornicantem
1804 1367 2055 1421 sponsum

465 1449 710 1510 tolerare,
739 1447 1068 1516 suSpiciones
1093 1444 1251 1498 falsas
1276 1445 1560 1509 susdnere,
1579 1443 1895 1512 procedendi
1914 1458 2057 1512 Stcpe

463 1537 665 1591 utiliter
714 1536 766 1591 itt
813 1535 1081 1603 publicum
1133 1542 1393 1603 potestate
1437 1533 1651 1602 privari,
1679 1532 1745 1587 de
1790 1533 2056 1588 alimentis

462 1629 732 1696 inquirere
753 1667 768 1692 ,
800 1637 1042 1680 ornatam
1068 1626 1346 1696 zelotypiac
1373 1625 1657 1679 obnoxiam
1688 1640 1807 1679 esse
1832 1666 1846 1693 ,
1874 1625 2054 1695 despi-

460 1716 598 1770 catui
630 1715 783 1781 duci,
830 1715 1132 1783 priusquam
1188 1714 1430 1783 peperit,
1461 1717 1610 1783 quasi
1657 1730 1775 1783 quae
1820 1714 2052 1768 nondum

462 1823 599 1861 uxor
628 1806 761 1862 facta
788 1808 894 1871 sit;
929 1807 1017 1860 ubi
1065 1807 1369 1876 pepererit,
1399 1806 1469 1859 ob
1502 1807 1722 1876 pignora
1751 1807 1802 1859 in
1832 1806 2049 1873 crimina

462 1899 756 1953 incurrere.
781 1897 941 1951 Partu
969 1895 1110 1950 edita
1138 1905 1219 1951 est
1252 1896 1511 1965 quaepiam
1539 1895 1766 1951 femina?
1794 1897 1933 1965 quod
1961 1911 2053 1949 na-

462 1999 548 2043 tus
575 2003 685 2043 non
712 1988 778 2041 sit
807 1986 1095 2052 masculus,
1122 1985 1377 2045 ,lctricum
1410 1986 1628 2039 maritus
1653 1986 1852 2040 vultum
1896 1987 2048 2054 gerit.

463 2080 717 2149 Adjcctus
763 2087 844 2133 cst
881 2086 935 2132 et
965 2077 1266 2131 masculus?
1311 2076 1482 2131 editus
1527 2085 1609 2131 est
1647 2076 1817 2144 fetus,
1847 2077 1938 2131 sed
1962 2076 2050 2146 qui

460 2172 726 2224 formosus
755 2184 862 2222 non
896 2176 993 2221 est.
1024 2167 1262 2237 Eleganti
1305 2175 1388 2223 est
1426 2166 1593 2222 forma
1625 2169 1883 2236 uterque?
1911 2176 2049 2221 tam-

461 2274 620 2329 quam
646 2258 711 2312 de
734 2257 966 2327 pulchris
994 2257 1234 2312 acerbior
1267 2272 1390 2311 cura
1415 2257 1648 2323 incessit.
1682 2256 1897 2327 Depulsi
1927 2266 2050 2312 sunt

464 2366 493 2403 a
527 2351 661 2404 lacte
688 2350 711 2402 ?
738 2363 920 2403 rursus
968 2349 1208 2402 anxietas
1249 2348 1574 2402 educationis
1617 2347 1888 2403 succedit:
1926 2363 2046 2402 cum

456 2442 572 2496 sani
605 2441 839 2506 fuerint,
885 2449 1056 2495 metus
1097 2443 1164 2495 ne
1216 2448 1516 2509 :egrotent:
1572 2455 1691 2494 cum
1753 2451 2047 2508 :cgrotave-

468 2534 593 2598 rint,
627 2532 851 2586 formido
878 2547 944 2587 ne
972 2532 1296 2585 moriantur:
1325 2545 1444 2585 cum
1476 2531 1672 2584 mortui
1700 2530 1913 2595 fuerint,
1934 2547 2045 2586 me-

468 2635 552 2677 tus
577 2639 645 2678 nc
663 2623 915 2692 deinceps
944 2632 1206 2692 tamquam
1240 2622 1389 2692 prole
1417 2638 1604 2677 carens
1632 2631 2042 2679 contemnatur:

468 2732 588 2770 cum
621 2717 813 2770 mortui
846 2730 950 2770 non
983 2715 1211 2780 fuerint,
1240 2723 1298 2769 ut
1333 2714 1402 2770 de
1444 2716 1740 2769 viventibus
1766 2755 1780 2780 ,
1831 2717 2044 2784 gravior

460 2809 761 2863 sollicitudo
783 2807 1203 2873 incumbit,unde
1217 2807 1398 2861 liberis
1417 2808 1481 2860 ad
1501 2808 1878 2861 institutionem
1896 2822 2042 2868 sum-

464 2911 606 2968 plus,
634 2900 771 2955 unde
800 2900 1090 2969 conjugalis
1132 2899 1347 2954 foederis
1378 2908 1681 2969 apparatus,
1712 2900 1849 2953 unde
1878 2904 2041 2954 resti-

466 3001 763 3045 tncutorum
815 2990 998 3056 decor,
1032 2989 1170 3043 unde
1198 2989 1517 3044 famulorum
1545 2990 1829 3059 unicuique
1854 2990 2006 3048 distri
2024 3020 2038 3031 ο

465 3083 634 3149 butio,
658 3097 896 3152 quaenam
925 3097 991 3135 ex
1023 3081 1174 3135 bonis
1201 3081 1386 3152 majori
1435 3082 1705 3144 attribuct,
1749 3097 1855 3151 quo
1885 3092 2036 3152 pacto

465 3175 686 3228 minoris
717 3174 965 3229 invidiam
1004 3174 1283 3244 mitigabit.
1319 3174 1445 3238 Quae
1490 3191 1588 3227 non
1627 3183 1697 3228 est
1729 3184 1917 3243 nupta,
1948 3191 2034 3228 co-

460 3269 582 3334 gitat
611 3280 721 3333 qua:
742 3263 945 3317 Domini
974 3273 1121 3328 sunt,
1148 3274 1203 3317 ut
1238 3264 1301 3317 sit
1339 3274 1517 3317 sancta
1543 3273 1589 3317 ct
1610 3281 1819 3335 corpore
1847 3275 1891 3317 et
1925 3267 2034 3334 spi-

458 3357 581 3409 ritu.
612 3353 724 3406 Non
753 3354 1070 3407 matrimonii
1099 3363 1337 3409 naturam
1371 3353 1586 3408 traduco
1609 3372 1621 3407 :
1645 3364 1726 3407 est
1746 3356 1885 3408 enim
1905 3355 2036 3409 illud

456 3444 666 3512 generis
710 3443 1037 3511 providentia
1085 3446 1419 3509 communis;
1471 3445 1565 3499 sed
1631 3449 2032 3517 Conjugatorum

454 3547 609 3586 curas
634 3532 866 3601 divulge,
894 3532 1197 3588 carnalibus
1223 3533 1366 3589 curis
1393 3534 1634 3589 cmlestes
1678 3551 1834 3589 curas
1874 3544 2029 3591 antc-

458 3640 619 3695 pono,
654 3623 872 3694 pulchro
897 3624 970 3690 id,
998 3624 1137 3692 quod
1164 3624 1437 3694 pulchrius
1464 3633 1564 3691 est,
1596 3623 1839 3695 prchero.
1868 3626 2028 3697 Virgo
2055 3663 2058 3665 λ

453 3718 612 3773 etiam
645 3731 818 3785 poena,
847 3731 948 3786 qua
979 3714 1085 3769 Eva
1130 3715 1381 3771 mulctata
1415 3724 1517 3780 est,
1547 3716 1790 3786 superior
1815 3718 1985 3772 evasit
2015 3735 2027 3771 :

392 3868 395 3871 _
451 3810 578 3866 illud
615 3810 778 3874 enim,
812 3810 891 3863 Ad
931 3809 1088 3862 virum
1118 3816 1260 3861 tuum
1289 3809 1544 3863 conversio
1589 3818 1712 3876 tua,
1743 3819 1790 3863 et
1824 3810 1931 3877 ipse
1958 3810 2030 3863 tui

453 3903 789 3958 dominabitur
819 3902 837 3971 (
872 3900 999 3955 Gen.
1025 3902 1076 3956 5.
1108 3900 1176 3955 ‘16
1221 3901 1261 3971 ),
1293 3901 1344 3956 itt
1375 3917 1462 3960 eas
1486 3943 1501 3966 ,
1532 3917 1650 3971 qua:
1674 3903 1907 3957 virorum
1936 3903 2031 3957 do-

453 3995 653 4051 tniuatu
676 4008 779 4048 non
809 4002 1141 4062 premuntur,
1180 3992 1465 4047 invalidum
1494 4000 1609 4048 est:
1635 3993 1762 4047 illud
1784 4035 1799 4059 ,
1843 3992 1907 4048 In
1937 3995 2030 4046 do-

452 4082 640 4138 loribus
667 4083 829 4152 paries
867 4080 1002 4151 ﬁlios
1025 4082 1042 4152 (
1070 4081 1210 4135 Ibid.
1235 4080 1254 4154 )
1277 4124 1294 4149 ,
1324 4082 1377 4136 in
1415 4097 1505 4164 eas
1532 4098 1649 4151 quae
1677 4083 2026 4154 virginitatem

448 4172 657 4245 colunt,
678 4172 904 4227 otiosum
934 4181 1016 4227 est
1044 4190 1058 4227 :
1092 4186 1211 4226 nam
1235 4187 1353 4240 quin
1384 4172 1606 4228 minime
1635 4173 1773 4243 parit
1800 4216 1814 4238 ,
1842 4188 1870 4226 a
1900 4189 2027 4244 gra-

455 4261 600 4317 vium
644 4270 829 4330 partus
859 4260 1107 4316 dolorum
1155 4262 1416 4316 sententia
1470 4271 1553 4316 est
1589 4263 1857 4316 immunis.
1907 4262 2025 4318 Jam

450 4353 598 4424 virgo
624 4351 814 4408 futura:
840 4353 958 4408 vita:
988 4354 1296 4423 pignoribus
1310 4356 1593 4412 oblectaris
1617 4374 1633 4414 :
1659 4358 1768 4427 jam
1797 4358 2024 4413 familia-

446 4443 523 4501 tis
545 4451 637 4500 cst.
652 4443 743 4500 tibi
758 4444 1108 4501 sanctiﬁcatio
1134 4448 1563 4505 resurrectionis.
1581 4448 1645 4505 1η
1670 4452 2025 4508 resurrectione

1240 335 1295 391 S.
1338 331 1618 389 JOANNIS
1655 322 2134 384 CHRYSOSTOMI
2172 322 2496 382 ARCHIEP.
2536 325 3070 383 CONSTANTINOP.

3649 326 3747 383 73}

2169 440 2320 503 enim,
2360 441 2563 510 inquit,
2590 457 2751 511 neque
2776 441 2997 509 nubent,
3034 457 3192 511 neque
3233 442 3532 510 uubentur(
3558 443 3753 499 Bauli-

2166 529 2257 583 2‘3.
2288 531 2357 586 30
2382 532 2424 601 ).
2473 531 2757 601 Propterea
2790 529 3011 599 hujusce
3039 531 3114 588 rei
3144 532 3298 602 plane
3341 533 3533 604 ingens
3558 543 3643 589 est
3668 535 3737 588 la-

2168 637 2315 692 psus,
2341 623 2765 693 quandoquidem
2785 631 2840 678 et
2865 632 3009 679 recte
3040 623 3237 679 factum
3261 634 3343 680 est
3370 625 3594 697 ingens:
3626 626 3738 680 ideo

2167 713 2520 782 virginitatem
2545 714 2771 769 colentis
2799 716 3079 771 scelestior
3101 721 3186 771 est
3207 756 3224 784 ,
3262 732 3424 787 quam
3452 719 3737 773 meretricis

2166 803 2377 858 lascivia
2417 823 2431 861 :
2464 820 2571 860 non
2614 806 2758 861 enim
2786 821 2882 876 par
2908 815 2991 863 est
3019 808 3154 863 ratio
3198 810 3559 879 corruptionis
3584 812 3737 880 virgo
3814 803 3815 871 ἓ

2166 895 2386 949 nitatem
2432 896 2695 964 colentis,
2745 906 2909 967 atque
2954 899 3294 955 meretricis:
3336 915 3442 955 non
3488 916 3588 971 par
3615 903 3738 955 ratio

2164 987 2518 1054 corruptionis
2555 988 2781 1056 privata;
2819 989 3067 1055 feminae,
3113 1005 3177 1046 ac
3217 990 3457 1061 reginae:
3504 1008 3613 1047 non
3652 1009 3738 1062 par

2164 1085 2247 1131 cst
2274 1077 2408 1132 ratio
2437 1077 2559 1132 furti
2591 1081 2730 1134 vasis
2756 1081 2923 1135 sacris
2949 1081 3132 1136 usibus
3161 1082 3432 1149 destinati,
3465 1098 3533 1137 ac
3561 1084 3735 1153 vulga-

2162 1167 2257 1221 ris.
2280 1167 2385 1223 Vas
2428 1169 2572 1224 enim
2617 1178 2699 1225 est
2728 1171 2896 1225 sacris
2939 1173 3125 1227 usibus
3174 1173 3498 1228 destinatum
3554 1176 3733 1244 virgo,

2163 1270 2426 1325 purpurea
2462 1259 2646 1323 vestis,
2679 1274 2837 1328 quam
2884 1261 3033 1314 alteri
3063 1276 3168 1315 non
3211 1261 3365 1328 licet,
3410 1277 3574 1333 quam
3616 1264 3737 1333 Regi

2163 1345 2552 1415 universorum,
2574 1347 2846 1418 adoptari;
2877 1364 3094 1419 sponsa,
3111 1366 3227 1420 qua:
3244 1353 3517 1422 virgineas
3538 1356 3737 1423 nuptias

2162 1449 2373 1506 semper
2396 1439 2611 1494 retinet.
2637 1439 2682 1494 0
2721 1441 2904 1496 beatas
2944 1442 3186 1511 nuptias,
3209 1458 3432 1513 quarum
3478 1453 3634 1500 torus
3664 1456 3738 1500 est
3814 1432 3815 1491 ἐ

2163 1526 2465 1596 virginitas!
2500 1529 2698 1584 Harum
2716 1544 2876 1585 causa
2902 1531 3066 1585 beata:
3084 1534 3302 1603 martyri
3330 1542 3407 1588 tot
3432 1536 3745 1599 discrimina.

2162 1615 2310 1670 fuere
2338 1617 2636 1674 subeunda.
2672 1620 2887 1675 Viderat
2930 1622 3128 1691 quippe
3166 1625 3350 1691 sponsi
3391 1625 3735 1694 pulchritudi-

2160 1723 2281 1761 nem
2307 1748 2322 1773 ,
2350 1717 2402 1763 et
2427 1708 2497 1762 ab
2525 1710 2640 1779 ejus
2669 1711 2909 1766 contuitu
2953 1728 3059 1767 non
3098 1714 3435 1770 avellebatur
3466 1734 3482 1770 :
3515 1717 3737 1773 instabat

2161 1806 2350 1864 mater,
2376 1816 2495 1869 qum
2531 1800 2599 1855 ad
2642 1801 2856 1870 nuptias
2883 1802 3191 1873 impellebat
3221 1821 3235 1858 :
3260 1814 3316 1859 at
3353 1806 3448 1860 illa
3485 1822 3737 1877 sponsum

2160 1893 2426 1945 aclestcm
2449 1891 2532 1945 his
2570 1893 2785 1947 vocibus
2811 1895 3181 1963 compellabat,
3211 1897 3292 1950 Ad
3318 1907 3364 1950 te
3392 1900 3558 1952 levavi
3576 1902 3737 1954 oculos

2157 1996 2315 2046 meos,
2339 1983 2422 2050 qui
2448 1981 2644 2036 habitas
2670 1984 2723 2036 in
2758 1985 2880 2038 ctelo
2908 1985 2925 2055 (
2959 1984 3106 2039 Psal.
3133 1987 3252 2041 122.
3287 1989 3310 2042 1
3342 1988 3360 2058 )
3395 2008 3409 2043 :
3454 1992 3739 2046 accedebat

2158 2086 2351 2140 procus
2380 2074 2597 2142 nuptiali
2651 2090 2769 2128 eam
2825 2076 3092 2146 colloquio
3131 2078 3386 2144 titillans;
3433 2089 3493 2133 at
3542 2082 3633 2135 illa
3687 2099 3739 2139 se

2155 2177 2275 2216 cum
2303 2162 2520 2219 Christo
2553 2166 2709 2220 tacite
2734 2167 3087 2237 conjungcbat
3120 2169 3333 2235 dicens,
3367 2171 3604 2226 Adhmit
3632 2178 3737 2227 ani-

2155 2271 2239 2308 ma
2263 2273 2371 2309 mea
2401 2267 2513 2326 post
2540 2267 2586 2311 te
2620 2260 2637 2331 (
2670 2257 2812 2313 Psal.
2835 2260 2921 2314 6'2.
2944 2262 2976 2316 9
3005 2260 3022 2329 )
3053 2281 3065 2314 :
3099 2262 3440 2318 conﬂuebant
3468 2266 3733 2320 adulatio-

2154 2345 2311 2400 nibus
2349 2357 2625 2417 captantcs
2666 2351 2975 2420 pmpinqui;
3029 2360 3085 2405 at
3138 2353 3277 2408 illius
3322 2356 3490 2407 menti
3549 2356 3737 2410 Paulus

2152 2449 2459 2494 contestans
2488 2441 2874 2495 obversabatur
2904 2459 2919 2495 :
2949 2442 3210 2510 Despondi
3239 2452 3286 2497 te
3309 2450 3399 2498 uni
3438 2446 3545 2499 viro
3592 2448 3736 2517 virgi-

2149 2546 2263 2583 nem
2282 2540 2468 2584 castam
2487 2533 2715 2587 exhibere
2743 2533 2939 2588 Christo
2963 2535 3034 2606 (2.
3054 2538 3173 2594 Cor.
3194 2539 3735 2609 11.2):supplicabant

2156 2623 2295 2676 servi
2346 2638 2466 2677 cum
2526 2624 2775 2694 lacrymis
2800 2643 2814 2690 ;
2843 2636 2897 2680 at
2926 2627 3000 2680 illi
3045 2642 3243 2697 sponso
3270 2631 3530 2685 amatorie
3559 2634 3732 2686 conci-

2149 2714 2307 2767 nebat
2330 2729 2343 2765 :
2380 2713 2505 2779 Quis
2531 2731 2623 2768 nos
2647 2716 2899 2785 separabit
2927 2734 2958 2768 a
2987 2719 3198 2772 caritate
3226 2718 3449 2790 Christi(
3492 2720 3645 2775 Rom.
3676 2724 3723 2778 8.

2132 2804 2215 2857 ~55
2245 2803 2264 2872 )
2292 2804 2314 2857 ?
2364 2805 2632 2859 terrebant
2653 2807 2865 2876 judices
2894 2810 3104 2878 pinnis;
3134 2820 3187 2864 at
3213 2826 3398 2867 omnes
3431 2814 3519 2866 illa
3547 2832 3732 2886 magno

2146 2894 2324 2948 animo
2355 2896 2665 2964 proculcans
2693 2898 2972 2966 clamabat,
3008 2899 3267 2971 Principes
3289 2919 3387 2956 non
3410 2916 3529 2958 sunt
3558 2908 3722 2959 timori

2146 2985 2285 3040 bonis
2327 2986 2591 3055 aper-ibus,
2615 2987 2703 3042 sed
2735 2988 2883 3044 malis
2909 2989 2929 3061 (
2956 2986 3107 3045 Rom.
3145 2993 3229 3047 15.
3276 2994 3351 3061 5).
3400 2994 3538 3048 Cum
3597 3013 3731 3051 vero

2145 3085 2345 3131 statuas
2385 3078 2699 3149 virginitatis
2725 3082 2882 3133 etiam
2915 3081 2965 3134 in
2993 3082 3092 3137 viis
3122 3082 3252 3152 erigi
3300 3086 3523 3154 martyri
3572 3101 3728 3157 apor-

2146 3176 2318 3235 teret,
2352 3168 2469 3222 talis
2493 3171 2733 3238 qumdam
2765 3172 2954 3239 puellae
2999 3183 3082 3227 est
3129 3183 3312 3228 exorta
3347 3176 3595 3229 tcntatio.
3629 3178 3718 3231 Li—

2142 3260 2323 3315 berata
2348 3261 2548 3330 judicio
2569 3304 2583 3326 ,
2616 3263 2766 3317 Pauli
2815 3264 3049 3334 prmdam
3078 3265 3385 3321 sectabatur
3409 3310 3425 3333 ,
3467 3278 3528 3323 et
3553 3285 3730 3324 rumo-

2142 3366 2253 3405 rem
2285 3362 2505 3421 sequuta
2535 3353 2722 3409 duccm
2764 3357 2883 3421 viis,
2928 3372 3046 3425 qua:
3075 3356 3139 3411 ad
3190 3358 3412 3413 Paulum
3462 3361 3729 3429 ferebant,

2142 3459 2264 3499 sese
2314 3452 2396 3499 est
2433 3460 2558 3498 ausa
2609 3448 2958 3501 committere.
2994 3448 3158 3503 Porro
3208 3449 3455 3506 diabolus
3500 3455 3729 3522 puellam

2142 3534 2480 3602 observabat,
2510 3544 2563 3590 et
2592 3552 2712 3591 cum
2742 3539 2839 3591 iter
2865 3549 3107 3608 agentem
3129 3541 3490 3610 observasset,
3522 3544 3731 3601 hostem

2140 3625 2383 3681 immittit
2412 3628 2462 3680 in
2496 3628 2723 3697 puellam
2756 3645 2994 3699 procum,
3026 3632 3346 3702 virginitatis
3370 3644 3651 3706 tamquam
3677 3639 3727 3693 in

2138 3717 2350 3771 deserto
2387 3720 2713 3789 prmdonem.
2748 3723 2984 3791 Cumque
3027 3723 3137 3792 jam
3166 3724 3266 3778 iter
3295 3725 3609 3795 perﬁceret,
3640 3744 3727 3799 ge-

2139 3824 2344 3865 nerosa:
2395 3812 2585 3883 virgini
2627 3813 2971 3868 admissarius
3013 3831 3042 3869 a
3074 3824 3224 3886 tergo
3269 3832 3487 3886 procus-
3513 3827 3571 3873 et
3608 3835 3729 3876 acer

2138 3899 2411 3970 indagator
2439 3912 2645 3971 captam
2672 3918 2788 3956 eam
2820 3919 2937 3959 esse
2959 3903 3066 3975 jam
3098 3905 3450 3973 inclamabat;
3480 3906 3727 3965 difﬁciles

2138 3991 2370 4061 undique
2399 3994 2659 4061 angustia)
2692 3995 2953 4064 urgebant
2981 4013 2994 4061 ;
3028 3996 3277 4051 robustus
3304 4009 3422 4052 erat
3447 4041 3461 4066 ,
3496 4000 3589 4069 qui
3618 4000 3727 4054 bel-

2136 4081 2241 4135 lum
2273 4082 2569 4149 inferebat;
2615 4084 2846 4151 infirma,
2876 4087 2958 4140 cui
2991 4087 3184 4141 bellum
3220 4086 3572 4143 inferebatur.
3599 4090 3723 4145 Ubi-

2137 4190 2257 4228 nam
2288 4174 2498 4244 aliquod
2530 4175 2601 4229 illi
2630 4189 2658 4229 a
2688 4176 2927 4248 perfugio
2958 4178 3049 4232 illo
3077 4179 3415 4249 perfugium?
3432 4181 3569 4236 Tum
3598 4197 3723 4236 vero

2135 4266 2187 4319 in
2219 4267 2405 4319 caelum
2437 4281 2692 4322 conversa
2723 4271 2869 4340 virgo
2901 4271 2966 4325 ad
2997 4287 3119 4326 eum
3150 4315 3165 4334 ,
3193 4273 3280 4343 qui
3325 4274 3582 4328 omnibus
3611 4274 3721 4328 ubi-

2133 4371 2235 4425 que
2257 4357 2427 4427 ipsum
2456 4357 2819 4414 invocantibus
2835 4359 3001 4426 adest,
3022 4378 3139 4416 cum
3162 4362 3412 4417 lamentis
3430 4364 3720 4431 clamabat,

2130 4448 2347 4504 Domine
2371 4447 2508 4503 Deus
2537 4465 2675 4504 meus
2696 4492 2711 4517 ,
2743 4451 2795 4505 in
2817 4461 2862 4505 te
2891 4452 3129 4525 spcravif
3164 4453 3305 4509 Psal.
3339 4455 3391 4508 7.
3424 4455 3585 4526 2).m
