3800 6282
61 379 157 435 Ίᾶἳ

1133 372 1218 431 DE
1256 375 1525 433 SANCTA
1563 374 1833 435 THECLA
1874 374 2229 433 MARTYRE.

3214 378 3324 433 ’7.ὶῆ

64 493 149 553 τὸν
177 494 451 568 Δεσπότην
485 495 720 566 Χριστὸν
753 495 813 560 ἐξ
844 496 1074 567 οὐρανοῦ
1107 497 1396 563 δεδωκότα,
1431 499 1636 567 πολλὰς
1739 498 2093 563 ἀναστάσει,
2118 498 2304 569 φησὶν,
2324 496 2463 552 οὔτε
2484 497 2800 567 γαμοῦσιν,
2830 496 2967 550 οὔτε
2998 497 3327 564 γαμίσκον-

62 595 189 664 αὐτῇ
220 591 345 663 περὶ
372 590 567 662 γάμων
596 591 875 655 νουθεσίας
902 593 1335 664 ἐμακρολόγουνι
1364 596 1399 664 ή
1422 596 1637 647 Παύλου
1739 612 1855 651 ται.
1888 594 1987 648 Διά
2026 594 2188 648 τοῦτο
2232 594 2327 648 καὶ
2360 592 2421 647 τὸ
2457 592 2658 664 πτῶμα
2693 591 2787 645 τοῦ
2819 592 3142 662 πράγματος
3176 595 3323 663 πάμ-

62 691 113 745 δέ
141 690 245 759 ἄρα
276 690 395 750 ταῖς
422 686 523 756 τῆς
558 687 727 758 κόρης
765 687 955 751 ἀκοαῖς
987 688 1169 760 ἐπῳδὴ
1209 689 1529 759 προενήφει,
1571 689 1642 743 Ἠ

62 785 279 854 ἄγαμος
306 781 456 855 [750]
480 781 737 852 μεριμνᾷ
768 783 841 837 τὰ
869 784 975 838 τοῦ
1014 787 1185 851 Κυρίι
1199 799 1250 848 υ,
1288 784 1389 837 ἵνα
1423 778 1466 855 ᾖ
1501 784 1642 853 ἁγία

67 881 158 936 καί
183 880 427 949 σώματι,
463 879 560 932 καὶ
588 880 901 948 πνεύματι.
926 880 1195 949 Στέφανος
1215 880 1313 951 τῆς
1345 881 1642 952 παρθενίας

64 976 251 1038 εὐθύς·
284 975 445 1038 αὐτὸς
474 975 611 1045 αὐτῇ
661 974 875 1045 πρῶτος
902 974 999 1045 τῆς
1032 975 1305 1046 μερίμνης
1343 977 1371 1028 ὁ
1403 975 1601 1047 τρόπος
1622 991 1637 1005 .

67 1072 303 1144 μεριμνᾷ
351 1070 459 1142 γὰρ
495 1070 746 1139 εὐλογίας
798 1070 1104 1141 ἀνάμεστον
1148 1071 1447 1142 μέριμναν,
1482 1088 1640 1143 μερι-

66 1170 169 1239 μνᾷ
220 1167 401 1236 πάσης
478 1166 811 1237 ἀμεριμνίας
864 1166 1300 1239 ἐλευθερωτέραν
1352 1166 1637 1238 φροντίδα,

66 1261 216 1339 ἴναῇ
259 1263 388 1332 ἁγία
432 1264 527 1316 καὶ
567 1261 782 1333 σώματι
828 1263 923 1316 καὶ
970 1262 1263 1333 πνεύματι.
1311 1262 1474 1315 Οὐδὲν
1508 1263 1643 1334 αὑτῇ

64 1361 240 1415 κοινὸν
271 1360 407 1431 πρὸς
437 1359 535 1431 τήν
562 1360 687 1429 γῆν,
715 1357 939 1429 οὐδεμία
970 1359 1104 1430 πρὸς
1130 1358 1373 1429 γαμικάς
1402 1359 1647 1426 ἀνάγκας

67 1458 370 1527 συγγένεια,
432 1451 543 1509 οἷον
587 1454 942 1525 πορνεύοντος
995 1454 1325 1524 ἀνασχέσθαι
1377 1453 1646 1525 νυμφίου,

64 1553 297 1623 ὑποψίας
331 1551 564 1624 ματαίας
589 1552 927 1620 ὑπενεγκεῖν,
961 1550 1206 1617 ἐξουσίαν
1245 1549 1529 1620 χρησίμων
1553 1549 1651 1618 ἀφ-

62 1649 301 1720 ῃρῆσθαι
333 1647 600 1717 προόδων,
619 1645 746 1717 περὶ
772 1645 978 1717 τροφῆς
1002 1644 1394 1708 διευθύνεσθαι,
1417 1661 1651 1715 κοσμου-

67 1748 236 1816 μένην
275 1741 716 1812 ζηλοτυπεῖσθαι,
752 1739 1106 1795 διαπτύεσθαι
1136 1741 1264 1811 πρὶν
1302 1739 1461 1812 τέκῃ,
1517 1739 1649 1793 καθ-

60 1845 207 1912 άπερ
236 1838 391 1894 οῦπω
424 1840 670 1911 γαμετὴν
713 1838 1031 1910 γενομένην,
1063 1836 1329 1891 τεκοῦσαν
1371 1837 1508 1908 ὑπὲρ
1540 1835 1649 1890 τῶν

61 1940 238 1992 τόκων
270 1937 550 2009 εὑρίσκειν
605 1935 951 2007 ἐγκλήματα.
1007 1933 1234 2005 Ἐτέχθη
1291 1951 1376 1997 τις
1417 1933 1649 2004 θήλεια;

60 2035 155 2087 ὅτι
177 2034 254 2104 μὴ
294 2033 482 2104 ἄρρεν,
509 2033 543 2084 ὁ
592 2031 734 2103 ἀνὴρ
761 2031 1171 2102 σκυθρωπάζει.
1211 2028 1524 2101 Προσετέθη
1559 2029 1653 2081 καὶ

59 2130 264 2200 ἇρῤενς
287 2127 482 2197 ἐτέχθη
506 2127 568 2180 τὸ
595 2128 805 2198 τεχθὲν,
831 2127 907 2191 ὡς
931 2128 1033 2181 οὐκ
1058 2124 1351 2198 εὔμορφον.
1377 2123 1651 2194 Χαρίεντα
1674 2128 1700 2171 ’4

62 2227 202 2297 πρὸς
241 2225 441 2288 κάλλος
483 2225 803 2295 ἀμφότερα;
835 2224 912 2288 ὡς
963 2223 1105 2295 ὑπὲρ
1134 2222 1317 2276 καλῶν
1356 2223 1390 2293 ή
1434 2221 1653 2294 φροντὶς

58 2321 396 2392 πικροτέρα.
422 2320 847 2391 Ἀπηλλάγησαν
870 2319 1170 2388 γάλακτος;
1198 2316 1468 2382 διεδέξατο
1493 2312 1654 2370 πάλιν

58 2417 383 2487 ἀνατροφῆς
421 2417 663 2484 ἀγωνία⁶
716 2417 844 2470 ὅταν
905 2414 1213 2482 ὑγιαίνωσι,
1260 2412 1338 2484 μὴ
1393 2413 1655 2482 νοσήσωσι

60 2510 233 2579 φόϐος
254 2526 269 2540 ’
303 2511 433 2563 ὅταν
456 2511 749 2582 νοσήσωσι,
770 2509 941 2563 δειλία
974 2509 1049 2579 μὴ
1072 2507 1469 2578 τελευτήσωσιν
1491 2522 1504 2536 ·
1529 2507 1655 2559 ὅταν

58 2608 491 2678 τελευτήσωσιν,
532 2606 608 2669 ὡς
639 2605 726 2659 ἐπ’
756 2605 967 2675 ἀτέκνῳ
995 2604 1182 2657 λοιπὸν
1228 2602 1447 2656 ἔσεσθαι
1485 2619 1658 2655 κατα-

61 2703 339 2774 φρόνησιν
380 2702 581 2772 φόϐος·
616 2703 746 2755 ὅταν
796 2701 871 2772 μὴ
905 2701 1337 2771 τελευτήσωσιν,
1395 2698 1469 2763 ὡς
1516 2699 1657 2769 ὑπὲρ

60 2798 297 2861 ζώντων
331 2800 365 2868 ή
407 2800 628 2869 φροντὶς
680 2797 991 2869 βαρυτέρα,
1044 2795 1205 2849 πόθεν
1247 2798 1329 2858 είς
1379 2795 1660 2847 παίδευσιν

58 2895 314 2967 χορηγία
346 2897 463 2958 τοῖς
500 2894 716 2957 τέκνοις
736 2936 750 2961 ,
781 2892 946 2946 πόθεν
978 2893 1162 2956 αὐτοῖς
1199 2888 1437 2963 γαμικοῦ
1479 2907 1659 2960 παρα-

60 2992 244 3062 σκευὴ
287 2990 772 3061 συναλλάγματος,
812 2989 975 3042 πόθεν
1016 2988 1342 3059 ἐσθημάτων
1384 2987 1659 3057 εὐσχημοο

62 3088 230 3159 σύνη.
252 3088 421 3141 πόθεν
446 3087 674 3140 οίκετῶν
696 3085 909 3156 ἑκάστῳ
931 3084 1181 3155 διανομὴ,
1206 3086 1334 3137 ποῖα
1355 3083 1462 3138 τῶν
1491 3083 1659 3135 ὄντων

58 3184 390 3256 προσνείμῃ
430 3183 507 3255 τῷ
560 3182 802 3255 μείζονι,
838 3181 956 3245 πῶς
993 3182 1084 3235 τὸν
1128 3180 1451 3252 μικρότερον
1497 3179 1660 3247 θερα-

58 3281 271 3335 πεύσει
309 3281 629 3350 φθονοῦντα.
675 3281 736 3336 Ἠ
763 3280 990 3349 ἄγαμος
1009 3278 1267 3348 μεριμνᾷ
1292 3278 1367 3332 τὰ
1398 3277 1504 3331 τοῦ
1537 3280 1660 3330 Κυ-

46 3379 224 3446 ρίου,
249 3378 359 3430 ἳνα
381 3371 425 3447 ᾖ
460 3377 600 3448 ἁγία
621 3376 719 3430 καί
745 3376 971 3445 σώματι
1000 3374 1099 3428 καί
1122 3375 1429 3443 πνεύματι.
1455 3373 1529 3426 Οὐ
1568 3372 1663 3426 τοῦ

55 3473 255 3544 γάμου
293 3472 594 3542 στηλιτεύω
624 3472 721 3544 τὴν
766 3471 929 3542 φύσιν
950 3487 965 3501 ο
996 3470 1220 3541 πρόνοια
1242 3470 1351 3539 γὰρ
1383 3463 1538 3532 οὗτος
1568 3466 1663 3522 τοῦ

53 3570 265 3637 γένους
324 3569 515 3640 κοινή·
573 3567 712 3622 ἀλλὰ
758 3567 867 3621 τῶν
914 3568 971 3621 ἐν
1002 3567 1166 3638 γάμῳ
1220 3565 1527 3637 δημοσιεύω
1567 3564 1664 3636 τήν

56 3666 398 3738 μέριμναν,
443 3665 717 3736 μερίμνης
771 3663 1041 3736 σαρκικῆς
1079 3663 1330 3735 οὐράνιον
1368 3661 1667 3735 προτίθημι

58 3763 383 3834 μέριμναν,
411 3761 627 3815 κάλλιον
652 3759 818 3815 καλοῦ
849 3759 1121 3831 προτιμῶ.
1142 3757 1418 3830 Κρείττων
1441 3757 1535 3811 καλ⁸
1560 3755 1667 3810 τῶν

56 3859 211 3912 κατὰ
237 3859 351 3930 τῆς
369 3856 514 3922 Εὔας
542 3861 577 3928 ή
603 3857 873 3929 παρθένος
895 3855 1210 3929 προστίμων
1231 3871 1246 3885 ·
1282 3855 1344 3907 τὸ
1365 3854 1496 3927 γὰρ,
1512 3853 1670 3923 Πρὸς

52 3957 171 4011 τόν
196 3956 409 4024 ἄνδρα
437 3970 554 4010 σου
586 3958 624 4025 ἡ
651 3953 1006 4024 ἀποστροφή
1036 3969 1176 4019 σου,
1202 3951 1302 4006 καί
1335 3951 1519 4018 αὐτός
1551 3967 1668 4004 σου

54 4054 393 4122 κυριεύσει
414 4094 433 4117 ,
489 4054 610 4115 ταῖς
665 4051 796 4123 παρ’
852 4049 1062 4121 ἀνδρῶν
1126 4048 1201 4120 μὴ
1247 4046 1671 4118 δεσποζομέναις

51 4152 413 4223 ἀνίσχυρον·
439 4148 521 4215 τὸ,
562 4150 666 4204 Ἐν
694 4150 917 4215 λύπαις
947 4147 1093 4216 τέξῃ
1140 4147 1342 4211 τέκνα,
1372 4146 1495 4209 ταῖς
1533 4161 1672 4215 παρ-

54 4248 447 4309 θενευούσαις
496 4246 700 4319 ἀργόν
749 4248 783 4317 ή
838 4244 948 4318 γὰρ
992 4245 1066 4317 μὴ
1119 4244 1381 4298 τίκτουσα
1417 4242 1517 4314 τῆς
1561 4240 1673 4295 τῶν

50 4345 355 4417 λυπηρῶν
383 4343 590 4397 ὠδίνων
638 4343 795 4408 ἐκτὸς
846 4342 1196 4413 ἀποφάσεως.
1225 4340 1365 4410 Ἤδη
1404 4341 1516 4403 τοῖς
1562 4337 1673 4392 τῶν

54 4442 403 4514 μελλόντων
430 4442 463 4510 ή
497 4439 764 4510 παρθένος
794 4440 1066 4512 ἐντρυφᾷς
1086 4436 1432 4510 ἀρῤαϐῶσινο
1468 4435 1573 4507 ήδη
1595 4434 1675 4505 τῷ

50 4540 163 4609 τῆς
224 4535 603 4600 ἀναστάσεως
648 4534 909 4606 ἁγιασμῷ
968 4535 1256 4597 συνοικεῖς.
1298 4533 1403 4586 Ἐν
1449 4529 1559 4600 γὰρ
1597 4527 1675 4599 τῇ

1746 708 1910 764 μεγα,
1944 691 2243 762 ἐπειδήπερ
2275 691 2369 744 καὶ
2400 689 2461 743 τὸ
2504 688 2866 759 κατόρθωμα·
2902 686 2992 740 διὰ
3021 687 3181 741 τοῦτο
3223 689 3324 759 τῆς

1744 787 2155 869 πορνευομένης
2184 788 2218 856 ἠ
2253 788 2353 857 τῆς
2381 784 2860 857 παρθενευομένης
2896 784 3155 852 ἀσέλγεια
3192 802 3324 854 μια-

1748 883 1996 956 ρωτέρα·
2021 883 2081 935 οὐ
2111 882 2220 953 γὰρ
2263 881 2377 934 ῐσον
2412 881 2894 952 παρθενευομένης
2931 882 3025 934 καὶ
3066 898 3327 951 πορνευο-

1747 978 1918 1049 μένης
1955 978 2160 1049 φθορά·
2188 977 2289 1030 οὐκ
2329 976 2441 1030 ἴσον
2484 975 2739 1039 ἰδιώτιδος
2772 976 2867 1029 καὶ
2905 976 3172 1046 βασιλίδος
3199 976 3328 1045 φθο-

1749 1074 1980 1147 ρά··οὑκ
2011 1073 2127 1127 ἴσον
2150 1072 2376 1135 σκεύους
2404 1071 2679 1142 ἱερατικοῦ
2714 1070 2807 1124 καὶ
2838 1071 3097 1142 ἀγοραίου
3128 1071 3325 1142 κλοπή.

1710 1198 1717 1203 ·
1746 1170 1949 1237 Σκεῦος
1982 1173 2091 1244 γὰρ
2125 1169 2400 1243 ἱερατικὸν
2438 1171 2472 1240 ή
2503 1168 2794 1239 παρθένος,
2824 1167 3113 1239 πορφυρὶς,
3135 1167 3201 1236 ἢν
3230 1166 3332 1218 οὐκ

1747 1268 1959 1337 ἔξεστιν
1985 1268 2129 1339 ἄλλῳ
2158 1266 2300 1338 πλὴν
2338 1265 2417 1337 τῷ
2449 1264 2557 1318 τῶν
2591 1264 2726 1318 ὅλων
2771 1262 2980 1334 βασιλεῖ
3013 1261 3331 1334 προσηρμό-

1750 1366 1896 1430 σθαι,
1927 1365 2115 1436 νύμφη
2146 1363 2325 1433 γάμον
2352 1362 2439 1415 ἀεὶ
2464 1360 2780 1432 κεκτημένη
2813 1358 3105 1430 παρθένον.
3129 1360 3192 1411 Ὢ
3223 1376 3329 1427 μα-

1749 1460 1958 1533 καρίων
1979 1460 2194 1529 γάμων,
2225 1453 2298 1510 ὧν
2329 1458 2362 1527 ἠ
2394 1455 2654 1527 στρωμνὴ
2684 1455 2972 1527 παρθενία.
3009 1454 3179 1525 ’Υπέρ
3209 1452 3330 1506 τού-

1749 1575 1857 1612 των
1891 1556 1992 1626 τῆς
2048 1554 2324 1626 μακαρίας
2370 1554 2418 1606 οἱ
2468 1552 2704 1605 κίνδυνοι
2743 1551 3046 1623 μάρτυρος⁹
3078 1546 3183 1602 εἶδε
3224 1549 3333 1619 γὰρ

1751 1655 1845 1710 τοῦ
1872 1652 2108 1725 νυμφίου
2131 1650 2194 1703 τὸ
2227 1647 2444 1711 κάλλος,
2481 1647 2576 1702 καὶ
2604 1649 2701 1719 τῆς
2729 1645 2858 1710 θέας
2884 1648 2984 1699 οὑκ
3010 1645 3293 1699 ἀπεσπᾶτο
3318 1659 3331 1671 ·

1750 1751 2005 1806 ἐπέκειτο
2040 1749 2223 1819 μήτηρ
2260 1745 2397 1815 πρὸς
2446 1743 2595 1816 [751]
2632 1744 2809 1814 γάμον
2858 1741 3177 1811 ἐπείγουσα,
3209 1740 3242 1810 ή
3278 1738 3337 1791 δὲ

1754 1848 1891 1920 πρὸς
1915 1846 2006 1900 τὸν
2035 1846 2092 1897 ἐν
2130 1845 2245 1905 τοῖς
2264 1843 2515 1912 οὐρανοῖς
2548 1839 2731 1893 διεϐόα
2767 1837 2999 1910 νυμφίον
3018 1856 3033 1868 θ
3074 1836 3230 1905 Πρὸς
3261 1833 3339 1888 σὲ

1752 1942 1867 2016 ἦρα
1894 1942 2037 2007 τοὺς
2061 1939 2407 2010 ὀφθαλμούς
2428 1954 2570 2007 μου,
2595 1938 2704 1991 τὸν
2732 1935 3125 1991 κατοικοῦντα
3154 1932 3225 1985 ἐν
3257 1928 3337 1994 τῷ

1755 2036 2020 2108 οὐρανῷ’
2068 2034 2334 2104 ἐπεφοίτα
2387 2032 2635 2104 μνηστήρ
2677 2029 2909 2095 διαλέξει
2949 2028 3160 2099 γαμικῇ
3194 2041 3335 2096 γαρ-

1755 2134 2017 2205 γαλίζων,
2054 2135 2087 2203 ή
2127 2132 2186 2185 δὲ
2214 2130 2293 2202 τῷ
2318 2128 2539 2202 Χριστῷ
2572 2129 2694 2183 καθ’
2731 2126 2927 2198 ἑαυτὴν
2963 2123 3334 2186 συνετάττετο,

1768 2228 2097 2296 Ἐκολλήθη
2123 2230 2161 2297 ἠ
2196 2226 2367 2296 ψυχή
2385 2245 2505 2296 μου
2528 2226 2721 2280 ὀπίσω
2744 2240 2882 2291 σου,
2914 2223 3145 2292 λέγουσα
3167 2237 3180 2250 ·
3217 2238 3339 2273 συν-

1756 2329 1946 2400 έρρεον
1977 2326 2261 2393 συγγενεῖς
2294 2323 2704 2389 κολακεύοντες,
2741 2324 2776 2393 ή
2813 2320 2871 2374 δὲ
2902 2315 3340 2389 διαμαρτυρόμε-

1757 2444 1846 2482 νον
1876 2422 2210 2494 ἐφαντάζετο
2238 2420 2453 2473 Παῦλον
2474 2436 2488 2449 ’
2533 2418 2913 2488 Ἠρμοσὰμην
2941 2412 3142 2470 σεὲνὶ
3167 2409 3340 2477 ἀνδρὶ

1759 2521 2057 2590 παρθένον
2077 2516 2274 2587 ἁγνὴν
2296 2513 2684 2585 παραστῆσαι
2706 2512 2787 2578 τῷ
2807 2508 3041 2580 Χριστῷ
3057 2525 3069 2537 ο
3102 2508 3340 2561 ἱκέτευον

1758 2617 1968 2672 οίκὲται
2000 2617 2098 2670 σὺν
2146 2615 2436 2686 δάκρυσιν,
2480 2613 2513 2681 ἡ
2546 2610 2601 2663 δὲ
2636 2607 2906 2681 προσῇδεν
2947 2603 3224 2678 ἐρωτικῶς
3262 2599 3342 2670 τῷ

1760 2712 2008 2784 νυμφίῳ·
2048 2712 2145 2776 Τίς
2184 2707 2340 2778 ἡμᾶς
2380 2706 2622 2776 χωρίσει
2660 2703 2779 2758 ἀπὸ
2815 2700 2926 2771 τῆς
2952 2701 3191 2771 ἀγάπης
3235 2696 3342 2751 τοῦ

1763 2808 2058 2878 Χριστοῦ;
2089 2806 2317 2876 ἐφόϐουν
2361 2803 2614 2858 δικασταί¹
2652 2801 2967 2874 τιμωρίαις,
2994 2799 3028 2871 ή
3056 2797 3112 2850 δὲ
3139 2795 3344 2867 φρονή-

1767 2922 1896 2976 ματι
1949 2903 2131 2965 πάσας
2187 2901 2481 2955 κατεπάτει
2517 2897 2740 2968 βοῶντι·
2789 2899 2851 2949 Ol
2899 2893 3186 2962 ἄρχοντες
3233 2891 3344 2943 οὐκ

1765 3001 1884 3055 είσὶ
1916 3001 2101 3068 φόϐος
2137 2995 2257 3051 τῶν
2288 2996 2527 3066 ἀγαθῶν
2548 2996 2755 3063 ἔργων,
2778 2991 2940 3046 ἀλλὰ
2975 2989 3093 3042 τῶν
3121 2984 3341 3041 κακῶν.

1777 3096 1866 3159 Ὦς
1894 3080 1951 3148 δὲ
1982 3095 2090 3147 ἔδει
2114 3093 2218 3147 κᾶν
2235 3094 2356 3154 ταῖς
2378 3091 2515 3152 ὁδοῖς
2536 3087 2834 3159 παρθενίας
2863 3084 3187 3156 ἀνδριάντας
3215 3083 3347 3135 ἀνασ

1769 3193 1958 3263 στῆναι
2011 3193 2077 3261 τῇ
2126 3189 2400 3259 μάρτυρι,
2430 3185 2643 3254 γίνεταί
2689 3202 2742 3237 τι
2794 3180 3034 3236 τοιοῦτον
3078 3181 3143 3250 τῇ
3192 3174 3346 3228 παιδὶ

1767 3283 2140 3359 πειρατήρὶόν.
2172 3284 2447 3354 Ἀφεμένη
2471 3282 2573 3352 τῆς
2597 3280 2830 3351 κρίσεως
2858 3276 2957 3349 τὴν
2978 3274 3192 3330 Παύλου
3225 3288 3348 3343 μετ·

1765 3384 1958 3438 εδίωκε
1984 3383 2182 3456 θήραν,
2210 3380 2309 3437 καὶ
2333 3381 2453 3442 ταῖς
2476 3379 2687 3449 φήμαις
2706 3377 2902 3447 ὁδηγοῦ
2913 3375 3048 3446 μένη
3080 3368 3346 3441 κατεθάρ-

1769 3481 1853 3550 per.
1878 3478 1972 3532 καὶ
1993 3477 2129 3532 όδῶν
2150 3473 2401 3545 ἀγουσῶν
2420 3474 2512 3527 ἐπὶ
2528 3472 2761 3526 Παῦλον.
2778 3471 3000 3543 Ἐτήρει
3031 3468 3087 3524 δέ
3110 3466 3217 3538 ἄρα
3248 3465 3346 3534 τὴν

1769 3576 1938 3647 κόρην
1972 3573 2238 3637 διάϐολος,
2271 3572 2368 3625 καὶ
2398 3571 2644 3643 τηρήσας
2673 3566 3059 3639 όδοιποροῦσαν
3090 3566 3352 3632 ἐπιστρα-

1768 3670 1916 3724 τεύει
1943 3671 2037 3723 τὸν
2075 3669 2364 3740 μνηστῆρα
2394 3669 2462 3738 τῇ
2508 3667 2668 3738 κόρῃ,
2711 3665 2811 3734 τῆς
2849 3660 3148 3731 παρθενίας
3183 3658 3257 3720 ὡς
3290 3657 3352 3709 ἐν

1770 3765 1977 3839 ἐρημίᾳ
2002 3763 2353 3837 λῃστήν.Κα’ί
2373 3762 2438 3833 δὴ
2458 3760 2740 3832 πληρούσῃ
2764 3758 2860 3829 τὴν
2887 3757 3004 3810 ὁδὸν
3029 3757 3096 3826 τῇ
3126 3752 3350 3822 γενναία

1775 3860 2108 3933 ἱππόπορνος
2131 3859 2359 3913 κατόπιν
2397 3860 2426 3911 ό
2458 3857 2706 3928 μνηστήρ
2737 3853 3018 3907 ὀπιπεύων
3045 3847 3349 3910 ἐπωλόλυζε

1774 3958 2035 4030 σύλληψιν
2050 3974 2063 3988 ·
2086 3955 2289 4028 ἄπορος
2309 3952 2647 4024 πανταχόθεν
2669 3950 2996 4021 στενοχωρία
3012 3965 3026 3980 ⁸
3045 3949 3074 4001 ό
3096 3944 3351 4015 πολεμῶν

1777 4054 2018 4126 ἰσχυρὸς,
2053 4054 2088 4125 ἡ
2118 4050 2501 4121 πολεμουμένη
2545 4047 2741 4119 σαθρά.
2773 4045 2882 4099 Ποῦ
2921 4060 3006 4107 τις
3045 4043 3103 4094 ἐν
3146 4037 3350 4111 ἐρημία

1774 4152 2096 4223 καταφυγῆς
2137 4151 2460 4221 καταφυγή;
2504 4150 2814 4223 Στραφεῖσα
2844 4146 2901 4200 δὲ
2944 4145 3080 4216 πρὸς
3121 4140 3350 4214 οὐρανὸν

1774 4251 1809 4320 ἡ
1841 4247 2131 4319 παρθένος,
2178 4246 2316 4318 πρὸς
2354 4246 2446 4299 τὸν
2483 4247 2618 4299 πᾶσι
2662 4241 2941 4315 πανταχοῦ
2974 4242 3086 4304 τοῖς
3125 4237 3352 4294 καλοῦσι

1776 4345 2023 4416 παρόντα
2066 4343 2163 4397 σὺν
2206 4342 2477 4412 οἰμωγαῖς
2526 4340 2864 4405 ἀνωλόλυζεο
2906 4338 3085 4406 Κύριε
3131 4339 3165 4392 ὀ
3210 4332 3355 4399 Θεός

1770 4459 1913 4513 μου,
1945 4440 2044 4495 ἐπὶ
2070 4440 2170 4496 σοὶ
2197 4439 2454 4510 ἤλπισα.
2485 4441 2504 4462 ⁹
2530 4442 2545 4461 ⁴
2570 4442 2587 4462 ⁶
