3858 6280
505 390 606 445 749

491 519 1186 542 mm

1201 385 1258 441 S.
1294 384 1582 441 JOANNIS
1618 377 2113 438 CIIRYSOSTOMI
2152 376 2472 434 ARCHIEP.
2514 373 3060 434 CONSTANTINOP.
3676 370 3768 423 7:0

3259 503 3770 524 ms:

3037 515 3186 530 ~_—’
3146 515 3149 516 '
3193 523 3204 528 -
3211 521 3488 528 μψ-
3504 515 3770 530 ...κα-,η--ιη

1195 531 1376 539 ~—

2637 525 3036 533 W

1242 651 1318 710 ΙΝ
1346 650 1490 710 SEX
1518 649 1950 710 ORATIONES
1975 647 2072 708 DE
2105 646 2295 706 FATO
2326 645 2420 704 ET
2453 642 2980 703 PROHDENTIA

559 773 634 828 Dc
666 775 813 829 hisce
847 776 1188 830 orationibus
1217 776 1331 829 sive
1365 774 1606 829 homiliis
1631 774 1745 829 haec
1775 773 2016 843 loquitur
2043 765 2247 825 Fronto
2275 770 2504 823 Ducat-us
2538 786 2550 821 :
2593 786 2611 818 ι
2650 765 2918 821 Videntur
2939 763 3265 818 concionum
3293 777 3324 815 a
3347 760 3764 830 Chrysostomo

491 867 794 921 habitarum
825 867 1217 937 ἀπανθίσματα
1246 867 1428 936 potius
1460 875 1512 920 ct
1562 863 1850 934 ﬂorilcgia,
1876 878 1971 917 seu
2001 860 2237 915 moralcs
2285 857 2676 929 digressioues,
2708 870 2874 924 quam
2908 854 3133 922 integrae
3179 852 3417 905 homilia:
3449 868 3464 906 :
3520 851 3760 906 necdum

489 973 668 1018 tamen
703 965 901 1018 areolae
931 973 987 1018 et
1015 964 1131 1018 loca
1161 962 1303 1017 unde
1332 971 1462 1017 sunt
1498 962 1785 1031 decerptae,
1825 958 1985 1013 nobis
2011 964 2385 1012 occurrerunt.
2423 973 2442 1004 ι
2479 952 2631 1006 llanc
2664 966 2794 1006 vero
2828 948 3121 1004 Frontonis
3143 948 3525 1018 conjecturam
3569 948 3766 1003 merito

489 1059 698 1127 respuit
753 1058 1016 1114 Henricus
1065 1058 1301 1112 Savilius
1365 1077 1376 1111 :
1426 1076 1444 1109 ι
1499 1058 1614 1112 Non
1663 1054 1957 1118 assentior,
2002 1053 2105 1122 inQI

2207 1094 2210 1110 ,
2260 1049 2525 1104 Frontoni
2579 1048 2777 1102 Ducaeo
2828 1048 2928 1102 has
2983 1049 3112 1117 mp".
3171 1046 3429 1118 προνοίας
3482 1045 3769 1100 orationes

489 1152 874 1224 ἀπανθίσματα
916 1169 1039 1209 esse
1084 1169 1310 1224 :neque
1357 1153 1503 1209 enim
1547 1151 1769 1206 memini
1816 1165 1904 1205 me
1934 1164 1996 1203 ea
2047 1162 2172 1219 quae
2219 1146 2310 1202 hic
2346 1144 2649 1200 atl‘eruntur
2698 1143 2826 1198 alibi
2884 1142 3024 1212 apud
3057 1141 3204 1196 hunc
3258 1151 3514 1195 nostrum
3575 1139 3771 1209 legisse

490 1249 680 1303 eodem
719 1247 882 1301 modo
912 1246 1078 1301 dicta.
1128 1265 1146 1297 ›
1190 1244 1256 1300 Et
1279 1261 1407 1300 vero
1428 1261 1552 1300 cum
1586 1245 1652 1298 de
1688 1243 1801 1297 fato
1828 1240 2048 1297 disserit
2083 1239 2533 1311 Chrysostomus,
2569 1236 2676 1290 alio
2705 1233 2971 1288 orationis
3001 1233 3173 1287 utitur
3208 1232 3369 1287 modo
3405 1251 3418 1287 :
3449 1231 3608 1286 unde
3640 1229 3771 1284 forte

493 1350 752 1395 nascatur
791 1339 1037 1409 quaedam
1088 1338 1300 1402 νοθείας
1337 1338 1599 1408 suspicio.
1646 1322 1948 1391 Fatendum
2006 1342 2191 1387 tamen
2221 1339 2326 1397 est,
2374 1330 2478 1385 hoc
2515 1343 2672 1398 opus,
2709 1327 2756 1382 si
2785 1327 2890 1380 vim
2922 1325 3188 1380 ratiocinii
3242 1321 3612 1392 spectaveris,
3668 1335 3768 1373 non

495 1446 615 1486 csse
645 1432 1031 1502 Chrysostomo
1053 1430 1331 1502 indignum
1365 1449 1378 1485 :
1407 1439 1462 1484 at
1491 1431 1544 1483 in
1578 1430 1715 1500 stylo
1747 1425 2046 1499 quamdam
2086 1423 2532 1495 peregrinitatem
2564 1419 2917 1490 agnoscimus
2950 1437 2963 1472 :
3001 1417 3179 1472 oratio
3213 1424 3270 1469 ut
3316 1415 3640 1486 plurimum
3680 1428 3768 1465 ειη-ν

495 1533 674 1593 gusta,
706 1533 759 1576 et
783 1524 1020 1588 concisa,
1041 1533 1094 1578 et
1120 1539 1150 1578 a
1179 1522 1484 1594 proﬂuente
1519 1523 1610 1576 illa
1643 1519 2027 1592 Chrysostomi
2056 1518 2302 1573 ubertate
2333 1516 2542 1582 aliena;
2567 1512 2826 1582 itemque,
2857 1511 3074 1565 tametsi
3107 1508 3326 1564 levioris
3363 1506 3643 1561 momenti
3685 1521 3762 1559 res

496 1623 599 1677 est,
638 1615 880 1669 clausula
909 1615 1016 1677 illa,
1048 1630 1155 1684 qua
1185 1614 1240 1669 in
1266 1614 1532 1670 honorem
1562 1614 1847 1670 Trinitatis
1875 1628 2068 1669 omnes
2098 1611 2270 1667 ferme
2301 1609 2556 1666 homilias
2580 1623 2708 1664 suas
2731 1605 3012 1662 concludit
3035 1605 3492 1674 Chrysostomus,
3532 1601 3588 1654 in
3613 1600 3766 1668 quin-

499 1717 603 1768 que
650 1703 924 1771 prioribus
949 1704 1015 1758 de
1064 1704 1196 1759 Fato
1225 1705 1566 1759 orationibus
1598 1719 1704 1758 non
1737 1712 2050 1773 comparet;
2105 1702 2201 1758 sed
2246 1702 2366 1772 ejus
2426 1701 2546 1755 loco
2584 1700 2690 1754 alia
2729 1696 3036 1766 subjicitur,
3083 1710 3206 1765 qua:
3256 1693 3548 1748 Christum
3585 1691 3756 1744 solum

500 1804 912 1850 commemorat.
976 1795 1081 1849 Sed
1143 1812 1266 1851 cum
1318 1797 1444 1850 alibi
1500 1813 1718 1866 quoque
1771 1797 1914 1850 inter
1980 1810 2147 1864 opera
2191 1793 2566 1865 Chrysostomi
2607 1790 2839 1862 genuina
2903 1787 3150 1844 eamdem
3200 1785 3324 1856 styli
3371 1783 3757 1838 diversitatem

500 1887 992 1956 drprehendamus,
1024 1905 1054 1943 a
1101 1891 1310 1945 calculo
1346 1891 1565 1945 ferendo
1611 1889 2114 1958 supersedebimus,
2157 1894 2210 1941 et
2245 1887 2426 1940 adhuc
2455 1884 2558 1939 sub
2588 1883 2773 1951 judice
2814 1879 2882 1937 lis
2915 1879 3042 1935 erit.
3087 1878 3354 1934 Caeterum
3391 1874 3548 1944 quod
3581 1874 3660 1927 ait
3715 1875 3762 1928 in

1328 2169 1554 2253 ΤΟΥ
1595 2171 1739 2254 ΕΝ
1776 2169 2143 2256 ΑΓΙΟΙΣ
2228 2173 2661 2258 ΠΑΤΡΟΣ
2728 2175 3052 2262 ΗΜΩΝ

1635 2368 2652 2543 ΙΩΑΝΝΟΥ

1275 2613 1974 2667 ΑΡΧΙΕΠΙΣΚΟΠΟΥ
2017 2613 3020 2682 ΚΩΝΣΤΔΝΤΙΝΟΥΠΟΛΕΩΣ,

1799 2751 1882 2802 T0
1895 2749 1941 2799 Υ
1975 2747 2256 2800 ΧΡΥΣΟΣ
2266 2751 2455 2802 TOMO
2467 2751 2510 2802 Υ

798 2947 1108 3034 ΠΕΡΙ
1217 2948 2102 3038 ΕΙΜΑΡΜΕΝΗΣ
2211 2951 2367 3033 ΤΕ
2468 2952 2697 3034 ΚΑΙ
2807 2944 3458 3037 ΠΡΟΝΟΙΑΣ

1932 3149 1956 3177 α
1975 3133 2173 3188 ΛΟΓΟΙ
2209 3133 2310 3186 ΕΞ.

1031 3435 1291 3521 ΠΕΡΙ
1354 3438 2070 3525 ΕΙΜΑΡΜΕΝΗΣ
2132 3440 2270 3523 ΤΕ
2353 3441 2548 3525 ΚΑΙ
2623 3438 3204 3528 ΠΡΟΝΟΙΑΣ.

1157 3714 1348 3786 Λόγος
1373 3716 1450 3772 α’.

593 3797 803 3870 Πολλῆς
829 3795 989 3867 γέμει
1022 3803 1264 3870 ταραχῆς
1299 3800 1454 3871 ἡμῶν
1486 3803 1517 3872 ἡ
1552 3801 1664 3872 ζωὴ
1684 3844 1698 3867 ,
1725 3803 1822 3856 καὶ
1852 3803 2094 3875 θορύϐων

523 3884 722 3956 μεστὸς
747 3885 775 3936 6
803 3881 990 3954 παρὼν
1023 3882 1135 3952 βίος
1158 3883 1332 3938 ἐστίν·
1357 3885 1472 3939 ἀλλ’
1494 3887 1554 3938 ού
1585 3886 1744 3940 τοῦτό
1769 3889 1884 3941 ἐστι
1913 3888 1972 3942 τὸ
1994 3906 2095 3959 χα-

522 3966 706 4028 λεπὸν,
737 3965 1030 4035 ἀγαπητοὶ,
1062 3965 1177 4018 ἀλλ’
1200 3966 1283 4018 ὅτι
1306 3968 1434 4031 τοὺς
1463 3967 1726 4039 θορύϐους
1755 3970 1980 4034 τούτους
2003 3973 2097 4025 καὶ

520 4049 621 4109 τὰς
651 4046 916 4119 ταραχὰς,
951 4046 983 4118 ἢ
1017 4047 1152 4118 πρὸς
1184 4048 1244 4102 τὸ
1272 4051 1574 4121 πραότερον
1606 4051 1916 4121 μεταθεῖναι
1943 4052 2100 4106 δυνά-

523 4147 699 4199 μενοι,
739 4129 771 4200 ἦ
809 4130 1059 4200 μένοντες
1102 4130 1287 4202 φέρειν
1317 4132 1558 4196 ἀλύπως,
1591 4133 1866 4206 οὐδέτερον
1895 4135 2099 4190 τούτων

528 4211 999 4282 μεμελετήκαμεν,
1048 4213 1160 4266 ἀλλ’
1192 4215 1690 4279 ἀποδυσπετοῦντες
1732 4215 1824 4270 τὸν
1884 4217 2100 4271 ἅπαντα

523 4295 876 4366 διατελοῦμεν
918 4298 1140 4366 χρόνον·
1178 4299 1284 4352 καὶ
1321 4302 1349 4353 6
1383 4299 1481 4370 μὲν
1522 4299 1733 4363 πενίαν,
1781 4303 1810 4354 ὁ
1847 4301 1903 4354 δὲ
1947 4301 2099 4355 νόσον

521 4379 805 4449 ὀδύρεται,
841 4378 999 4442 ἄλλος
1045 4381 1339 4451 φροντίδων
1385 4383 1570 4449 δγκον,
1628 4385 1723 4438 καὶ
1763 4386 2100 4453 προστασίαν

525 4463 724 4528 οἰκίας,
751 4463 936 4534 ἕτερος
962 4464 1372 4534 παιδοτροφίαν,
1397 4465 1553 4530 ἄλλος
1568 4467 1847 4521 ἀπαιδίαν.
1873 4470 1984 4521 Καὶ
2007 4469 2101 4522 θέα

524 4545 628 4615 τῆς
674 4545 860 4609 ἀνοίας
902 4546 1003 4616 τὴν
1049 4545 1383 4617 ὑπερϐολήνο
1425 4548 1487 4598 οὐ
1522 4547 1630 4619 γὰρ
1655 4551 1750 4602 ἐπὶ
1779 4552 1894 4613 τοῖς
1921 4551 2103 4612 αὐτοῖς

528 4631 870 4699 πράγμασιν,
900 4627 1014 4681 ἀλλ’
1039 4628 1132 4683 ἐπὶ
1155 4631 1264 4692 τοῖς
1291 4629 1552 4693 ἐναντίοις
1581 4633 1709 4694 ἴσως
1737 4632 1936 4695 πάντες
1967 4632 2103 4704 θρη-

526 4710 746 4780 νοῦμεν.
786 4713 978 4765 Καίτοι
1008 4729 1071 4780 γε
1100 4713 1148 4764 εί
1179 4711 1287 4764 τῶν
1338 4713 1679 4783 πραγμάτων
1710 4715 1742 4783 ἡ
1780 4714 1939 4782 φύσις
1973 4717 2104 4783 ἡμῖν

525 4793 682 4846 αἰτία
711 4795 818 4847 τῶν
850 4794 1102 4866 ὀδυρμῶν
1139 4789 1229 4866 ἦν,
1263 4794 1361 4847 οὐκ
1392 4795 1557 4865 ἐχρῆν
1585 4794 1678 4847 ἐπὶ
1704 4800 1816 4859 τοῖς
1844 4796 2105 4860 ἐναντίοις

533 4873 664 4936 ἴσως
690 4874 976 4944 ὀδύρεσθαι
1000 4893 1013 4907 ο
1054 4877 1167 4930 ἀλλ’
1189 4879 1237 4930 εί
1277 4877 1437 4930 πενία
1476 4877 1645 4930 κακὸν
1678 4878 1772 4930 καὶ
1809 4879 2101 4948 ἀφόρητον,

527 4956 622 5010 ’τὸν
662 4958 718 5009 ἐν
757 4957 970 5028 πλούτῳ
1002 4957 1180 5022 ζῶντα
1203 4961 1457 5014 οὐδέποτε
1482 4961 1651 5032 ἐχρῆν
1679 4960 1894 5014 ἀλύειν
1938 4963 2031 5015 καὶ
2058 4965 2107 5016 εἰ

525 5039 759 5095 ἀπαιδία
797 5040 986 5103 κακὸν,
1014 5041 1104 5094 τὸν
1153 5043 1508 5106 πολυπαιδίας
1560 5043 1901 5097 ἀπολαύοντα
1948 5044 2108 5097 εύθυ-

536 5125 658 5194 μεῖν
687 5123 875 5193 ἐχρῆν.
904 5123 1072 5178 Πάλιν
1107 5125 1153 5177 εἰ
1180 5124 1241 5177 τὸ
1272 5125 1340 5178 τά
1384 5125 1536 5179 κοινὰ
1582 5127 1681 5196 τῆς
1722 5127 1928 5187 πόλεως
1972 5127 2113 5197 πρά-

527 5224 722 5276 γματα
767 5208 1008 5273 διοικεῖν,
1051 5208 1141 5261 καὶ
1185 5208 1360 5279 τιμῶν
1407 5206 1722 5274 ἀπολαύειν,
1755 5212 1848 5263 καὶ
1885 5209 2113 5273 πολλοὺς

534 5293 678 5362 ἔχειν
709 5292 837 5355 τοὺς
859 5292 1296 5364 ὑποκειμένουςει
1323 5291 1582 5363 ζηλωτὸν,
1612 5294 1778 5366 ἐχρῆν
1810 5294 1900 5347 τὸν
1935 5293 2114 5363 ἀπρά-

533 5392 711 5446 γμονα
761 5376 874 5445 βίον
921 5377 1014 5430 καὶ
1063 5377 1294 5450 γαληνὸν
1342 5379 1571 5449 φευκτὸν
1617 5375 1776 5442 είναι,
1821 5379 1916 5431 καὶ
1963 5376 2112 5448 παρὰ

535 5460 754 5514 πάντων
779 5460 1081 5532 ἀνθρώπων
1117 5462 1408 5533 μισεῖσθαι.
1443 5460 1557 5516 Νῦν
1598 5461 1654 5515 δέ
1695 5463 1824 5516 ὅταν
1863 5461 1997 5534 ἴδῃς,
2031 5461 2112 5513 ὅτι

535 5543 781 5597 πλούσιοι
817 5546 910 5598 καὶ
942 5545 1170 5616 πένητες
1201 5545 1330 5608 ίσως
1376 5546 1676 5616 ὀδύρονται,
1712 5545 1970 5606 πολλάκις
1995 5542 2052 5596 δὲ
2085 5544 2113 5595 ὸ

536 5627 784 5680 πλουτῶν
817 5628 954 5698 ύπέρ
988 5629 1197 5699 πένητα
1222 5628 1378 5682 τοῦτο
1399 5629 1558 5684 πάλιν
1581 5631 1742 5688 ποιεῖ,
1768 5629 1862 5681 καλ⁸
1884 5629 1911 5679 ὁ
1937 5625 2112 5696 ἀρχῆς

541 5708 848 5770 ἀπολαύων,
883 5710 977 5762 καὶ
1027 5711 1056 5761 6
1105 5710 1425 5782 ἀρχόμενος,
1460 5712 1554 5764 καὶ
1587 5713 1615 5764 6
1650 5711 1856 5764 πολλῶν
1907 5708 2112 5761 παίδων

541 5788 746 5855 πατὴρ,
776 5789 870 5841 καὶ
890 5791 918 5842 6
947 5790 1147 5861 μηδένα
1166 5793 1301 5856 ὅλως
1323 5794 1588 5862 ἐσχηκὼς,
1626 5792 1698 5864 μὴ
1722 5793 1789 5846 τὰ
1816 5793 2110 5863 πράγματα

608 5887 636 5916 ⁸
655 5885 735 5936 Sic
753 5887 888 5940 Colb.
914 5891 1084 5943 Morel.
1113 5906 1230 5944 vero
1248 5897 1618 5958 ὓπερκειμένους-

2195 3722 2294 3790 τῆς
2323 3721 2549 3788 ἀταξίας
2577 3720 2899 3792 αἰτιώμεθα,
2927 3720 3064 3774 ἀλλὰ.
3081 3719 3208 3782 τοὺς
3239 3718 3298 3772 ού
3330 3715 3668 3786 δυναμένους
3685 3715 3772 3768 αὖ·

2195 3809 2308 3869 τοῖς
2354 3807 2436 3870 είς
2463 3806 2591 3874 δδέον
2629 3805 2955 3878 χρήσασθαι,
2987 3805 3082 3857 καὶ
3125 3805 3305 3872 πάσης
3339 3800 3584 3869 ἀθυμίας
3612 3799 3774 3852 ἀπαλ-

2198 3888 2410 3944 λάττειν
2444 3889 2686 3952 ἑαυτούς.
2707 3889 2770 3941 Ἦ
2807 3888 2916 3960 γὰρ
2947 3887 3158 3960 ταραχὴ
3190 3887 3285 3940 καὶ
3323 3888 3351 3938 6
3403 3884 3640 3951 θόρυϐος
3665 3883 3774 3951 οὐχὶ

2197 3969 2398 4024 τούτων
2442 3967 2558 4024 ἐστὶ
2600 3971 3270 4040 περιπέτεια,·ἀλλ’ήμεῖς
3318 3969 3413 4019 καὶ
3459 3968 3492 4036 ἡ
3537 3966 3775 4036 ἡμετέρα

2198 4055 2404 4109 διάνοια
2421 4071 2434 4084 ·
2458 4055 2533 4118 ὡς
2559 4055 2652 4108 ἐὰν
2679 4055 2817 4125 αὑτὴ
2844 4055 3023 4117 καλῶς
3049 4054 3180 4124 ἡμῖν
3267 4049 3772 4117 κατεσκευασμένη,

2200 4138 2303 4192 κᾶν
2341 4139 2524 4210 μυρίοι
2574 4138 2905 4209 πανταχόθεν
2935 4136 3252 4208 ἐγείρωνται
3279 4133 3573 4205 χειμῶνες,
3603 4134 3663 4184 ἐν
3689 4147 3777 4198 γα-

2200 4220 2336 4292 λήνῃ
2387 4223 2481 4275 καὶ
2529 4221 2708 4292 λιμένι
2759 4219 3168 4289 καθευδούμεθα
3217 4215 3546 4276 διαπαντὸςσ
3603 4211 3776 4284 [755]

2201 4303 2387 4375 ὥσπερ
2411 4298 2504 4357 οὖν
2524 4305 2622 4357 οὐκ
2643 4300 2702 4358 εὖ
2732 4303 2963 4374 ἐχούσης
2991 4301 3181 4370 αὐτῆς,
3209 4300 3312 4353 κᾶν
3340 4297 3397 4364 ἐξ
3428 4297 3636 4368 ούρίων
3659 4298 3779 4366 ἡμῖν

2204 4386 2417 4440 ἅπαντα
2447 4387 2698 4458 φέρηται,
2738 4386 2845 4438 τῶν
2871 4387 2928 4439 ἐν
2951 4384 3228 4451 ναυαγίοις
3247 4381 3416 4435 ὄντων
3449 4379 3614 4432 οὐδὲν
3633 4380 3781 4448 ἄμει-

2203 4485 2292 4522 νον
2324 4469 2724 4540 διακεισόμεθα.
2765 4467 2934 4521 Τοῦτο
2966 4468 3096 4536 γοῦν
3125 4469 3240 4519 ἐστι
3279 4463 3374 4516 καὶ
3411 4461 3508 4515 ἐπὶ
3539 4462 3654 4515 τῶν
3685 4476 3779 4514 σω-

2209 4551 2394 4622 μάτων
2421 4553 2567 4605 ἰδεῖν.
2587 4553 2642 4605 ’0
2665 4551 2762 4622 μὲν
2787 4550 2896 4621 γὰρ
2920 4549 3135 4620 ἰσχυρὸν
3157 4547 3218 4601 τὺ
3241 4545 3436 4600 ἐαυτοῦ
3458 4559 3781 4598 κατεσκευα-

2207 4635 2318 4697 κὼς
2347 4633 2526 4704 σῶμα,
2561 4634 2663 4688 κᾶν
2693 4634 2912 4705 μυρίαις
2943 4633 3118 4704 ἀέρων
3148 4627 3486 4699 ἀνωμαλίαις
3524 4627 3774 4698 μάχηται.

2207 4716 2268 4769 ού
2301 4716 2462 4786 μόνον
2489 4717 2638 4770 οὐδὲν
2667 4717 2912 4769 πείσεται
2951 4713 3142 4776 δεινὸν,
3171 4711 3307 4765 ἀλλά
3337 4712 3430 4763 καὶ
3466 4711 3775 4790 προσθῄκην

2211 4798 2391 4869 ἰσχύος
2437 4801 2501 4868 τῇ
2548 4799 2823 4869 γυμνασίᾳ
2850 4799 2941 4851 καὶ
2984 4799 3048 4867 τῇ
3098 4795 3196 4864 τῆς
3237 4792 3582 4863 δυσκρασίας
3610 4790 3776 4857 ὁμιλίᾳ

2209 4868 2542 4952 προσέλαϐεν
2563 4898 2575 4910 ⁸
2611 4881 2676 4934 ἂν
2707 4882 2763 4935 δὲ
2790 4868 3013 4944 ἀσθενὲς
3051 4879 3150 4950 ἔχῃ
3191 4877 3288 4931 καὶ
3331 4876 3584 4946 διάραιον
3602 4876 3656 4939 δ,
3690 4874 3777 4926 κᾶν

2209 4963 2437 5034 ἀρίστης
2459 4962 2706 5036 ἀπολαύῃ
2733 4964 2832 5033 τῆς
2858 4964 2963 5014 τῶν
2987 4961 3144 5034 ὡρῶν
3164 4959 3436 5030 κράσεως,
3459 4955 3618 5010 οὐδὲν
3647 4953 3776 5020 αὐτῷ

2209 5045 2368 5098 πλέον
2397 5045 2504 5098 ἀπὸ
2531 5045 2734 5118 ταύτης
2773 5046 2925 5098 ἔσται
2963 5047 3062 5113 τῆς
3100 5041 3405 5112 εὐμοιρίας,
3441 5041 3546 5109 τῆς
3585 5038 3776 5092 οἴκοθεν

2211 5128 2491 5191 ἀσθενείας
2532 5132 2598 5199 τῇ
2651 5129 2802 5200 παρά
2829 5126 2938 5180 τῶν
2965 5125 3123 5198 ὡρῶν
3156 5123 3421 5193 εὐκληρίᾳ
3463 5119 3780 5191 λυμαινομέ-

2213 5227 2329 5280 νης.
2355 5209 2510 5263 Οῦτω
2543 5211 2636 5264 καὶ
2660 5211 2752 5263 ἐπὶ
2779 5209 2887 5262 τῶν
2917 5209 3100 5261 σιτίων
3127 5206 3342 5277 ὁρῶμεν
3360 5221 3373 5233 ⁸
3403 5205 3535 5256 ὅταν
3566 5203 3668 5273 μὲν
3692 5201 3780 5268 γὰρ

2218 5293 2433 5372 ίσχυρὸν
2483 5293 2575 5345 καί¹
2624 5292 2936 5364 ἐρῤωμένον
2967 5292 3099 5361 ἡμῖν
3133 5288 3194 5342 τὸ
3224 5287 3395 5372 σῶμα
3420 5286 3522 5372 τῆς
3554 5282 3784 5372 jusspr

2217 5370 2273 5447 ᾗ,
2309 5377 2412 5429 πᾶν
2437 5376 2574 5446 ὅπερ
2600 5377 2664 5428 ἂν
2690 5375 2990 5446 ἐνδέχηται,
3019 5372 3123 5426 κᾶν
3153 5369 3385 5440 σκληρὸν
3415 5365 3476 5442 ᾗ,
3508 5367 3617 5422 κᾶν
3648 5365 3782 5430 αὐτῷ

2217 5453 2644 5528 ἀκατέργαστον,
2688 5459 2825 5529 πρὸς
2866 5455 3100 5529 καθαρὸν
3152 5451 3284 5508 αύτδ
3331 5447 3786 5523 μετασχηματίζει

2218 5541 2416 5612 χυμὸν,
2447 5542 2546 5612 τῆς
2577 5543 2809 5610 φυσικῆς
2833 5540 3081 5611 κράσεως
3111 5535 3569 5609 περιγιγνομένης
3608 5533 3704 5602 τῆς
3737 5531 3784 5580 ἐν

2218 5623 2296 5694 τῷ
2329 5623 2484 5694 σιτίῳ
2509 5625 2705 5688 κακίας
2721 5641 2734 5654 ·
2763 5625 2891 5677 ὅταν
2912 5623 2971 5676 δέ
2997 5624 3026 5675 6
3054 5621 3205 5685 τόνος
3235 5618 3401 5673 αὐτοῦ
3427 5612 3782 5682 καταλελυμέ-

2217 5723 2307 5770 νος
2392 5707 2487 5759 καὶ
2510 5705 2727 5777 χαῦνος,
2770 5707 2874 5760 κᾶν
2916 5706 2979 5759 τὸ
3023 5704 3241 5758 πάντων
3265 5701 3628 5772 εὐχυμότερον
3658 5695 3782 5763 αὐτῇ

2221 5788 2596 5860 προσενέγκῃς
2639 5790 2840 5859 ἔδεσμα
2914 5792 2992 5853 είς
3043 5788 3105 5841 τὸ
3148 5785 3418 5858 χείριστον
3447 5781 3580 5836 αὐτὸ
3610 5783 3788 5850 μετερσ

2281 5889 2312 5932 λ’
2335 5888 2472 5939 Colb.
2507 5891 2734 5954 διαῤῥὲον.
