3858 6280
91 389 212 445 ne
1221 396 1309 451 DE
1348 397 1532 455 mro
1571 399 1658 452 ET
1693 370 2177 460 pnovaNTm.
2220 405 2258 458 ι.
2309 445 2314 448 .
3278 419 3376 477 75o

2237 532 3364 575 2W

862 529 891 530 φ
910 529 1694 536 ἠγάγὴή
2237 532 2344 541 __

1520 658 1965 722 ADMONITJO.

88 774 258 829 Notis
285 773 551 876 Henricus
583 775 839 844 Savilius,
868 779 920 833 in
962 780 1209 836 oratione
1239 791 1394 837 sexta
1424 799 1492 839 ne
1526 787 1750 842 verbum
1784 789 2004 858 quidem
2029 805 2151 846 esse
2185 793 2252 846 de
2280 793 2393 848 fato
2432 803 2483 850 et
2507 797 2865 865 providentia,
2901 801 2993 855 sed
3025 808 3192 858 totam
3233 806 3366 876 περὶ

86 869 549 940 γαστριμαργίας
604 871 906 927 orationem
968 889 1109 938 esse,
1164 890 1270 930 non
1333 879 1556 933 omnino
1579 896 1766 936 verum
1799 893 1930 953 puto
1961 903 1974 938 :
2008 900 2131 939 nam
2168 901 2292 941 cum
2333 888 2400 942 ab
2430 888 2514 943 his
2546 892 2756 954 verbis,
2793 892 3140 949 Comedamus
3184 906 3235 950 et
3286 869 3371 952 bII-

88 958 290 1012 banms
318 973 336 1010 :
367 974 484 1013 cras
513 962 652 1014 enim
700 964 1006 1032 moriemur,
1039 967 1341 1023 oralionem
1389 970 1510 1038 init,
1546 972 1626 1027 ad
1668 975 1868 1030 seriem
1897 978 2306 1046 praemissarum
2349 980 2660 1036 orationum
2710 984 2948 1055 respicit,
3008 1002 3240 1056 quarum
3284 1005 3372 1043 ar-

85 1057 425 1118 gumentum
461 1060 545 1105 est
583 1060 773 1107 contra
811 1069 927 1122 eos,
957 1055 1053 1126 qui
1083 1057 1269 1112 omnia
1297 1057 1412 1115 fato
1441 1061 1699 1131 quopiam
1723 1073 1786 1126 et
1818 1080 1926 1120 non
1960 1067 2301 1136 providentia
2350 1068 2444 1124 Dei
2472 1071 2586 1140 geri
2615 1073 2916 1141 putabant;
2948 1055 3142 1132 adieos
3188 1087 3368 1134 autem

83 1141 245 1242 haud
275 1141 438 1242 dubie
464 1151 714 1212 spectant
746 1143 862 1201 haec
890 1147 1074 1214 verba,
1119 1148 1466 1209 Comedamus
1493 1164 1542 1208 et
1570 1155 1813 1211 bibamus
1842 1173 1860 1211 :
1893 1174 2012 1212 cras
2039 1161 2179 1214 enim
2211 1163 2538 1228 moriemur;
2577 1164 2691 1220 haec
2713 1175 2840 1220 sunt
2871 1167 3014 1223 dicta
3046 1184 3236 1225 eorum
3269 1176 3366 1242 qui

84 1233 371 1338 ξιξ-Ἥξει·ςί
395 1237 580 1338 omnia
599 1246 810 1338 putant.
835 1238 1003 1338 puod
1031 1244 1198 1299 etiam
1233 1247 1471 1304 maxime
1503 1250 1784 1306 declarant
1812 1252 1926 1308 haec
1958 1255 2121 1322 paulo
2151 1264 2275 1324 post
2308 1257 2527 1312 initium
2546 1239 2715 1314 sextae
2743 1262 2920 1331 posita
2946 1265 3108 1320 verba
3137 1283 3150 1319 :
3186 1233 3370 1338 "Oriep

299 1324 392 1383 οὖν
419 1329 624 1399 ἔλεγον,
775 1332 1011 1427 peltata
1041 1336 1138 1406 μὲν
1186 1339 1233 1390 εἰ
1260 1340 1355 1391 καὶ
1387 1341 1506 1411 εἰκῇ
1537 1343 1631 1396 καὶ
1659 1345 1835 1415 μάτην
1888 1348 2372 1418 παραγεγόναμεν,
2406 1350 2525 1403 οὐδὲ
2573 1324 2863 1416 (inveniet-mo;
2891 1355 3024 1425 ἡμῖν
3075 1357 3108 1426 ή
3139 1324 3364 1427 τοιαύτῆ

84 1421 324 1490 πρᾶξις,
355 1437 477 1492 quae
503 1432 648 1478 certe
680 1424 745 1479 ad
781 1425 904 1480 illos
938 1429 1257 1498 respiciunt,
1297 1432 1414 1502 qui,
1440 1432 1534 1488 Dei
1565 1437 1902 1504 providentia
1934 1439 2155 1510 rejecta,
2193 1439 2305 1495 fato
2345 1443 2527 1497 omnia
2569 1421 3245 1518 adscribiiiit."Cum‘ergo
3271 1421 3368 1519 per

81 1526 250 1574 totas
292 1521 536 1590 quinque
573 1523 785 1592 priores
818 1526 1097 1583 orationes
1124 1537 1310 1583 contra
1345 1529 1518 1585 fatum
1550 1532 1998 1606 Chrysostomus,
2039 1538 2122 1590 vel
2159 1539 2202 1591 si
2235 1540 2361 1607 quis
2388 1539 2528 1594 alius
2557 1549 2749 1596 auctor
2778 1541 2869 1604 sit,
2905 1542 3277 1610 disseruisset,
3310 1545 3366 1599 in

84 1619 250 1665 sexta
301 1625 703 1683 consequenter
750 1617 862 1686 agit
905 1628 1094 1673 contra
1134 1635 1229 1675 eos
1272 1623 1400 1691 qui,
1446 1625 1628 1678 omnia
1685 1625 1796 1680 fato
1847 1626 1970 1681 ferri
2011 1637 2300 1698 putantes,
2353 1632 2599 1701 nihilque
2631 1641 2923 1699 curantes,
2961 1636 3133 1688 ventri
3189 1634 3366 1693 indui-

86 1704 318 1774 gchanl.

161 1796 397 1852 Joannis
424 1798 588 1853 (Iheci
636 1799 1099 1872 Cantabrigiensis
1132 1804 1630 1874 interpretationem
1665 1807 1939 1873 Latinam,
1969 1811 2069 1867 etsi
2120 1827 2225 1866 non
2259 1812 2641 1883 inelegantem,
2671 1816 2799 1886 quia
2853 1832 2960 1870 non
3000 1831 3215 1886 semper
3249 1813 3362 1871 sibi

86 1893 408 1957 constabat,
433 1905 494 1945 .et
521 1908 781 1968 nonraro
804 1895 1094 1951 aberrabat
1123 1913 1153 1950 a
1180 1914 1368 1967 sensu,
1407 1903 2068 1974 rejccimus.‘.novamque
2101 1905 2434 1974 paravimus.

106 2092 399 2109 ρ--ρ-ι

2451 2097 3363 2122 θεαμ-πωι--ιξοαι-...ση-σ-*κ--ιο

1261 2187 1546 2250 SANCTI
1587 2189 1872 2251 PATRIS
1912 2188 2205 2250 NOSTRI

658 2339 763 2451 ιτ
766 2338 1287 2454 OANN
1295 2342 1463 2456 IS
1537 2341 2873 2484 CERYSOSTOMI,

1055 2529 1569 2589 ARCHIEPISCOPI
1609 2530 2427 2603 CONSTANTINOPOLITANI,

437 2677 708 2819 DE
784 2681 1332 2830 FATO
1375 2688 1622 2830 ET
1687 2680 3074 2831 PROVIDENTIA

1311 2925 1787 3020 natationes
1836 2939 1995 3017 sex
2026 2906 2136 3009 (α).

1297 3125 1732 3161 ————==

1787 3126 2326 3160 e————

1158 3141 1162 3144 -
1201 3119 1780 3163 —-———==o

949 3247 1108 3334 DE
1151 3248 1452 3336 FATO
1496 3250 1644 3331 ET
1686 3241 2508 3331 PROVIDENTIA.

763 3568 953 3610 ORATIO
993 3571 1028 3609 1.

157 3644 382 3697 Animus
408 3650 537 3697 recte
559 3645 868 3715 compositus
896 3645 1032 3699 solus
1059 3646 1192 3716 parit
1229 3646 1681 3717 tranquillitatem;

85 3737 299 3804 quinam
327 3734 456 3788 beati
479 3735 735 3791 censendi.
759 3767 829 3776 —-—
855 3737 1031 3791 Multis
1059 3737 1255 3792 referta
1285 3748 1369 3793 est
1395 3740 1676 3809 perturba—

85 3825 331 3880 tionibus
351 3826 454 3879 vita
476 3835 677 3891 nostra,
703 3827 1118 3898 tumultibusque
1144 3829 1295 3898 plena
1322 3846 1336 3882 :
1365 3845 1548 3883 verum
1577 3843 1681 3882 non

84 3916 139 3970 in
197 3930 268 3969 co
322 3914 447 3968 mali
485 3917 715 3985 gravitas
771 3917 870 3971 sita
929 3927 1044 3985 est,
1109 3917 1328 3984 dilecti;
1393 3917 1486 3973 sed
1536 3917 1683 3973 ineo

83 4007 232 4076 quod
271 4021 396 4060 cum
438 4007 741 4077 hujusmodi
773 4008 1202 4078 perturbationes
1240 4020 1400 4080 atque
1429 4009 1684 4064 tumultus

84 4099 170 4153 vel
201 4097 436 4153 leviores
465 4091 680 4154 efﬁcere
709 4101 790 4155 vel
817 4101 931 4154 sine
959 4101 1204 4156 molestia
1228 4099 1369 4157 ferre
1395 4100 1680 4170 possimus,

87 4199 350 4244 neutrum
399 4205 587 4261 eorum,
630 4191 840 4259 assequi
885 4206 1162 4258 conamur,
1193 4191 1287 4247 sed
1317 4207 1414 4246 nos
1452 4205 1684 4246 maerore

85 4281 466 4348 conficientes,
498 4289 666 4336 totum
686 4282 809 4338 vita:
841 4291 1048 4352 tempus
1073 4283 1312 4353 degimus
1338 4299 1352 4337 :
1375 4291 1532 4353 atque
1549 4281 1685 4335 alius

85 4380 486 4444 paupertatem,
517 4372 653 4428 alius
681 4373 1046 4443 aegritudinem
1077 4374 1316 4444 queritur
1341 4415 1356 4440 ,
1381 4373 1516 4427 alius
1541 4373 1686 4427 solli-

83 4463 350 4521 citudinis
380 4464 595 4531 molem,
628 4465 764 4520 alius
793 4464 874 4520 rei
903 4464 1185 4520 familiaris
1213 4480 1426 4530 curam,
1453 4464 1590 4519 alius
1616 4464 1684 4518 li-

82 4556 350 4612 berorum
379 4555 748 4610 educationem
766 4597 780 4622 ,
812 4557 947 4612 alius
976 4557 1280 4613 orbitatem.
1309 4557 1388 4612 Ac
1412 4556 1534 4612 vide
1557 4556 1687 4612 insi-

81 4662 252 4717 gnen
295 4647 585 4701 amentiam
611 4664 626 4700 :
653 4662 760 4703 non
786 4647 930 4702 enim
972 4648 1160 4704 iisdem
1200 4649 1256 4704 in
1285 4649 1481 4715 rebus,
1508 4648 1602 4704 sed
1632 4649 1686 4704 in

59 4736 62 4739 ’
101 4754 187 4790 ,nn
199 4736 386 4791 trariis
411 4753 562 4808 mque
584 4737 848 4809 lugemus.
873 4739 1030 4809 Atqui
1058 4740 1103 4795 si
1129 4756 1309 4794 rerum
1334 4740 1568 4796 conditio
1594 4756 1690 4795 no-

81 4834 164 4886 bis
221 4842 384 4883 causa
427 4828 596 4884 luctus
625 4837 800 4895 esset,
833 4844 938 4884 non
984 4844 1078 4899 par
1123 4838 1265 4885 esset
1312 4832 1364 4885 in
1407 4830 1690 4886 contrariis

79 4919 262 4973 rebus
296 4932 450 4987 atque
479 4918 664 4988 lugere
693 4936 706 4974 :
738 4918 834 4975 sed
857 4919 902 4974 si
924 4929 1206 4990 paupertas
1234 4922 1433 4976 malum
1455 4921 1691 4992 illudque

85 5009 442 5066 intolerabile
468 5019 640 5078 esset,
668 5025 790 5066 eum
819 5011 907 5082 qui
939 5012 994 5066 in
1024 5012 1224 5067 divitiis
1263 5014 1497 5080 viveret,
1529 5030 1688 5070 num-

84 5119 255 5173 quam
290 5101 522 5156 cruciari
551 5111 856 5171 oporteret;
888 5110 942 5157 et
967 5102 1014 5158 si
1042 5103 1244 5158 orbitas
1271 5113 1414 5158 esset
1452 5106 1649 5159 malum
1674 5144 1691 5161 .

87 5196 396 5249 multorum
445 5194 736 5249 liberorum
784 5204 1059 5265 parentem
1109 5197 1451 5267 tranquillum
1498 5197 1694 5268 degere

87 5303 192 5358 par
223 5294 397 5341 esset.
426 5286 634 5342 Rursus
661 5287 706 5342 si
733 5288 1115 5358 rempublicam
1142 5289 1517 5345 administrare
1538 5333 1552 5356 ,
1599 5290 1696 5344 ho-

91 5379 332 5434 noribns
382 5376 519 5445 frui,
573 5379 874 5448 multosque
922 5381 1182 5447 subditos,
1216 5381 1412 5436 habere
1459 5381 1696 5451 Optabilc

93 5477 270 5535 esset,
297 5468 404 5522 vita
436 5470 664 5539 negotiis
685 5485 850 5524 vacua
871 5480 924 5525 et
951 5470 1234 5540 tranquilla
1257 5470 1504 5541 fugienda
1532 5481 1698 5538 esset,

93 5571 148 5615 et
185 5558 446 5614 omnibus
472 5561 596 5614 odio
625 5559 888 5616 habenda.
916 5561 1067 5616 Nunc
1090 5575 1224 5616 vero
1261 5577 1382 5616 cum
1412 5562 1593 5616 videas
1622 5563 1702 5616 lo-

94 5652 349 5718 cupletes
393 5661 447 5704 et
494 5662 678 5707 tenues
721 5669 874 5724 reque
920 5653 1133 5724 lugere,
1163 5653 1377 5708 divitem
1406 5668 1532 5709 vero
1558 5668 1700 5724 saepe

129 5854 136 5861 .
160 5783 428 5900 (ta)CI)llali
451 5799 560 5834 cum
583 5785 751 5838 Codice
768 5786 1042 5838 Colbertino
1063 5787 1140 5849 49,
1161 5791 1240 5853 qui
1268 5802 1361 5839 non
1387 5787 1592 5839 multum
1615 5801 1696 5838 va-

129 5867 169 5900 Ia
203 5886 218 5900 .

97 5863 218 5900 nat.

1793 3554 1913 3623 plus
1959 3568 2117 3625 quam
2166 3566 2488 3624 pauperem,
2533 3545 2828 3621 principem
2869 3546 2985 3620 plus
3015 3561 3173 3621 quam
3201 3546 3384 3613 subdi-

1795 3653 1927 3710 tum,
1947 3645 2238 3699 multorum
2257 3644 2546 3698 liberorum
2565 3651 2838 3712 parentem
2863 3643 2980 3711 plus
2999 3640 3387 3712 quam'orbum:

1790 3751 1859 3790 ne
1884 3752 1973 3791 res
1999 3736 2053 3790 in
2079 3750 2237 3790 causa
2269 3749 2390 3789 esse
2415 3742 2681 3803 putemus,
2708 3733 2801 3785 sed
2831 3747 2945 3796 eos,
2976 3731 3066 3800 qui
3093 3731 3256 3786 rebus
3286 3745 3384 3798 op-

1791 3838 2019 3897 portune
2055 3828 2130 3882 uti
2161 3841 2329 3897 seque
2355 3825 2421 3880 ab
2447 3824 2592 3879 omni
2619 3838 2802 3878 errore
2833 3823 3061 3877 liberare
3093 3831 3383 3892 nequeunt.

1790 3919 1921 3975 Nam
1951 3919 2403 3989 perturbationem
2429 3927 2589 3987 atque
2617 3917 2895 3970 tumultum
2924 3931 3032 3969 non
3060 3913 3378 3969 temerarius

1790 4024 1973 4065 rerum
2003 4017 2229 4064 eventus
2249 4050 2264 4074 ,
2309 4007 2403 4062 sed
2434 4021 2533 4061 nos
2553 4048 2568 4073 ,
2599 4005 2694 4061 sed
2731 4005 2944 4059 animus
2971 4013 3156 4060 noster
3199 4019 3387 4074 parere

1790 4102 1948 4157 solet.
1978 4101 2054 4156 Ita
2081 4101 2124 4155 si
2150 4100 2221 4154 sit
2260 4100 2352 4155 ille
2388 4099 2544 4154 nobis
2588 4108 2733 4152 recte
2775 4097 3135 4167 compositus,
3179 4096 3386 4151 etiamsi

1790 4200 2058 4248 sexcenta:
2102 4191 2338 4261 undique
2383 4197 2730 4260 tempestates
2773 4189 3094 4254 excitentur,
3142 4188 3197 4242 in
3243 4197 3388 4241 tran-

1790 4284 1958 4354 quillo
1985 4292 2040 4339 et
2065 4284 2120 4337 in
2153 4291 2308 4353 portu
2347 4297 2562 4352 semper
2606 4281 2950 4352 quiescemus
2982 4296 2998 4337 :
3031 4279 3383 4351 quemadmo-

1789 4374 1916 4430 dum
1947 4383 2132 4434 contra
2171 4373 2217 4429 si
2257 4389 2362 4428 non
2409 4373 2478 4427 sit
2520 4373 2658 4427 bene
2687 4370 2907 4426 affectus
2930 4412 2946 4435 ,
2986 4371 3196 4426 etiamsi
3233 4369 3387 4423 nobis

1789 4481 1879 4522 res
1905 4466 2138 4522 secundo
2167 4475 2328 4521 vento
2349 4465 2607 4532 ferantur,
2631 4463 2901 4534 naufragis
2925 4464 3052 4535 ipsis
3073 4463 3240 4517 nihilo
3265 4477 3380 4528 me-

1791 4559 1896 4619 lius
1924 4559 2154 4614 erimus.
2182 4558 2335 4612 Licet
2374 4567 2428 4612 et
2459 4556 2560 4610 hoc
2587 4557 2638 4610 in
2669 4555 2984 4626 corporibus
3008 4569 3228 4609 cernere
3257 4570 3272 4610 :
3298 4554 3388 4622 qui

1795 4650 1940 4706 enim
1986 4649 2210 4705 robusto
2253 4657 2336 4703 est
2379 4648 2618 4718 corporis
2662 4654 3117 4716 temperamento,
3146 4644 3391 4716 quamvis

1794 4751 1913 4798 cum
1961 4741 2264 4812 inaequabili
2308 4740 2450 4796 aeris
2500 4739 2757 4794 varietate
2804 4737 3105 4792 sexcenties
3158 4747 3387 4806 pugnet,

1792 4848 1900 4888 non
1926 4832 2089 4889 modo
2115 4833 2249 4888 nihil
2271 4833 2396 4886 mali
2423 4831 2673 4901 patietur,
2697 4829 2790 4884 sed
2819 4830 2978 4883 etiam
3001 4829 3388 4884 exercitatione

1795 4935 1849 4982 et
1877 4926 2217 4997 intemperiei
2255 4923 2640 4980 consuetudine
2665 4923 3031 4978 accessionem
3055 4923 3277 4979 (roboris
3307 4939 3393 4977 ac-

1795 5017 1957 5086 cipiet
1988 5033 2002 5072 :
2033 5017 2114 5071 sin
2146 5015 2468 5069 imbecillum
2497 5023 2551 5068 et
2574 5014 2773 5084 gracile
2796 5029 2992 5084 corpus
3018 5013 3229 5078 habeat,
3264 5014 3392 5067 lit-el

1796 5108 1997 5165 ontima
2043 5115 2417 5176 tempestatum
2461 5107 2768 5162 conditione
2821 5107 3047 5170 fruatur,
3076 5106 3226 5170 _nihil
3267 5104 3391 5158 hinc

1798 5200 2069 5256 commodi
2117 5199 2373 5267 accedet,
2425 5215 2544 5254 cum
2593 5200 2804 5270 propria
2861 5199 3196 5253 imbecillitas
3249 5197 3388 5251 bona

1801 5303 2176 5363 tempestatum
2211 5293 2418 5348 ratione
2447 5292 2692 5348 latdatur.
2724 5293 2836 5346 lloc
2872 5291 3044 5359 ipsum
3081 5300 3135 5344 et
3163 5291 3214 5343 in
3254 5289 3390 5343 cibis

1799 5386 2102 5454 cernimus;
2134 5385 2347 5455 quando
2372 5385 2514 5440 enim
2539 5383 2749 5438 validus
2770 5383 3057 5450 firmusque
3079 5389 3264 5435 venter
3283 5392 3387 5446 est,

1805 5458 2175 5547 quodcumque
2217 5477 2547 5546 susceperit,
2585 5473 2924 5544 quantumvis
2952 5471 3176 5536 durum,
3215 5486 3387 5540 quan-

1806 5570 2000 5624 tumvis
2025 5568 2091 5622 ad
2117 5567 2556 5637 concoquendum
2580 5563 2798 5621 difﬁcile
2825 5563 2914 5628 sit,
2948 5562 3000 5616 in
3035 5577 3222 5630 purum
3257 5560 3387 5616 illud

1805 5674 2020 5714 succum
2049 5658 2334 5723 convertit,
2363 5657 2592 5712 naturali
2618 5655 3001 5724 temperatione
3028 5651 3132 5706 cibi
3160 5651 3390 5722 pravitan

1805 5759 1914 5805 tem
1941 5756 2225 5818 superante
2256 5765 2269 5801 :
2300 5746 2512 5817 quando
2535 5755 2712 5802 autem
2744 5746 2826 5800 vis
2846 5745 2962 5814 ejus
2985 5743 3157 5798 soluta
3186 5743 3390 5797 mullis-

1805 5857 1910 5908 t,ue
1935 5855 2035 5906 ρει,
2068 5841 2191 5899 licet
2216 5841 2262 5912 ip
2273 5839 2315 5896 si
2338 5839 2512 5897 cibum
2539 5839 2768 5897 maxime
2787 5837 3151 5894 succulentum
3174 5835 3386 5896 offeras,
