3858 6280
508 404 603 460 τειε
1257 396 1312 451 s.
1353 392 1629 451 JOANNIS
1657 384 2128 448 cunvsosrom
2181 383 2497 441 Altilllllii‘.
2534 384 3063 445 coxsrmmoe.
3715 392 3798 450 1;;

506 520 559 575 in
596 533 882 591 pessrmum
910 516 1058 574 illum
1086 520 1381 570 commutat
1407 518 1566 580 atque
1595 505 1909 575 corrumpit,
1935 503 2102 558 imbe-

511 614 731 668 cillitate
755 612 870 681 ejus
899 609 1006 663 vim
1035 607 1141 662 cibi
1164 604 1537 661 labefactante.
1569 602 1753 672 Itaque
1781 609 1836 655 et
1860 614 1958 654 nos
1978 613 2098 653 cum

512 704 753 758 videmus
778 716 865 756 res
890 699 1268 769 incompositas
1288 740 1303 763 ,
1335 712 1403 751 ne
1433 696 1600 751 Deum
1626 695 1901 765 culpemus
1920 735 1934 761 ,
1964 692 2101 749 dile-

512 794 620 849 cti:
655 792 785 848 illud
811 791 956 847 enim
986 806 1094 846 non
1129 797 1214 845 est
1253 787 1550 845 remedium
1590 787 1832 841 invenire
1861 785 2097 851 vulneri,

513 885 607 940 sed
635 884 825 939 vulnus
844 884 1044 944 addere
1071 881 1297 938 vulneri.
1324 880 1402 936 Ne
1431 880 1762 936 dmmouibus
1791 878 1970 934 mundi
2001 877 2100 933 ad-

512 977 958 1031 ministrationem
996 975 1379 1039 attribuamus,
1414 989 1482 1029 ne
1509 973 1790 1043 prmsentia
1833 972 1948 1028 sine
1975 986 2100 1041 pro-

510 1067 742 1123 videntia
780 1065 895 1138 geri
940 1078 1221 1138 putemus,
1256 1082 1322 1121 ne
1348 1066 1560 1137 genesis
1594 1064 1872 1135 cujusdam
1914 1073 1970 1119 et
2009 1064 2101 1117 fati

512 1158 852 1231 tyrannidem
877 1159 970 1214 Dei
1001 1159 1351 1230 providentia:
1380 1174 1481 1214 ceu
1512 1173 1723 1213 murum
1765 1156 2052 1213 offeramus
2082 1172 2096 1209 :

511 1251 627 1307 hate
650 1252 793 1308 enim
819 1252 999 1311 omnia
1028 1250 1375 1322 blasphemiae
1399 1250 1556 1321 plena
1577 1257 1720 1316 sunt,
1753 1259 1808 1305 et
1832 1263 1957 1304 vere
1982 1262 2103 1317 per-

514 1341 745 1397 turbatio
784 1351 841 1398 et
882 1342 1123 1397 confusio
1168 1357 1275 1396 non
1314 1343 1369 1396 in
1398 1357 1575 1397 rerum
1607 1340 1750 1395 fluxu
1777 1347 1893 1405 est,
1923 1338 2016 1394 sed
2048 1338 2103 1393 in

513 1432 693 1487 animo
723 1433 796 1486 ita
826 1432 1047 1497 affecto;
1086 1432 1177 1503 qui
1203 1431 1410 1487 etiamsi
1439 1431 1582 1487 bono
1603 1430 1792 1486 ordine
1810 1438 1864 1486 et
1884 1445 2104 1499 compo-

514 1525 709 1580 sitioue
734 1540 913 1579 rerum
942 1525 1137 1580 millies
1164 1524 1396 1590 fruatur,
1420 1524 1592 1580 donec
1619 1523 1676 1579 in
1717 1524 1896 1592 seipso
1916 1522 2102 1578 confu-

512 1618 718 1674 sionem
747 1618 889 1673 illam
916 1627 1075 1688 atque
1101 1617 1551 1689 perturbationem
1582 1616 1965 1682 emendaverit,
1995 1632 2100 1671 non

512 1711 709 1780 poterit
732 1710 800 1765 de
829 1710 916 1764 illa
947 1725 1127 1765 rerum
1158 1710 1538 1779 tranquillitate
1558 1708 1820 1779 gaudere;
1845 1708 1937 1763 sed
1964 1710 2103 1761 sicut

514 1802 702 1856 oculus
725 1817 865 1871 mgcr
893 1804 1059 1856 etiam
1101 1801 1314 1856 lucente
1351 1800 1577 1856 meridie
1617 1800 1862 1855 tenebras
1902 1808 1957 1854 et
1999 1799 2101 1852 alia

514 1908 614 1963 pro
641 1894 760 1949 aliis
783 1894 1013 1958 videbit,
1047 1909 1147 1950 nec
1175 1894 1338 1949 radiis
1367 1892 1597 1960 fruetur,
1622 1907 1785 1948 sanus
1817 1899 1997 1946 autem
2038 1905 2103 1946 ac

512 1984 699 2041 firmus
726 1986 885 2040 etiam
916 2000 1137 2055 veSpere
1179 1985 1376 2056 poterit
1418 1998 1613 2055 corpus
1648 1998 1770 2038 cum
1815 1983 2101 2038 securitate

513 2078 711 2133 ducere
740 2096 754 2132 :
783 2079 861 2133 sic
897 2086 953 2132 et
999 2077 1193 2133 mentis
1222 2086 1421 2134 nostra;
1455 2077 1641 2132 oculus
1662 2117 1678 2142 ,
1708 2075 1881 2130 donec
1916 2075 2102 2129 firmus

514 2170 635 2237 erit,
664 2186 752 2225 res
775 2170 934 2225 etiam
965 2170 1101 2235 illas,
1127 2184 1247 2240 quae
1271 2169 1505 2225 confusae
1533 2177 1792 2249 apparent
1809 2208 1824 2232 ,
1853 2174 2000 2222 recte
2025 2166 2103 2220 vi-

511 2262 694 2329 debit;
742 2263 1060 2333 depravatus
1098 2271 1313 2328 autem,
1352 2261 1598 2333 quamvis
1636 2276 1757 2315 eum
1811 2259 1867 2313 in
1928 2258 2099 2327 ipsmu

511 2356 699 2410 caelum
725 2355 961 2420 attollas,
994 2354 1217 2408 multam
1247 2354 1320 2409 ibi
1350 2352 1807 2423 perturbationem
1833 2358 1887 2404 et
1914 2348 2103 2404 confu-

514 2446 720 2500 sionem
742 2444 1129 2515 deprehendet.
1153 2443 1303 2510 Quod
1327 2453 1505 2498 autem
1532 2442 1648 2497 haec
1669 2442 1741 2496 ita
1766 2455 1824 2495 se
1847 2439 2096 2503 habeant,

516 2536 696 2591 multis
735 2536 831 2590 tibi
880 2552 1001 2592 cum
1032 2545 1294 2601 veterum,
1330 2543 1439 2588 tum
1482 2532 1583 2587 navi
1630 2532 1801 2588 nostri
1837 2529 2101 2600 exemplis

512 2627 910 2683 demonstrabo.
928 2627 1067 2696 Quot
1087 2635 1447 2698 paupertatem
1467 2624 1623 2680 facile
1640 2625 1835 2691 ferunt,
1859 2630 2101 2693 propter-

511 2735 678 2791 eaque
710 2722 816 2776 Deo
857 2721 1053 2792 gratias
1093 2735 1252 2790 agere
1295 2736 1400 2775 non
1444 2720 1694 2775 cessant?
1737 2728 1868 2791 quot
1902 2717 2101 2773 divitiis

510 2815 823 2885 deliciisque
871 2814 1107 2870 fruentes
1134 2816 1245 2869 Deo
1275 2831 1382 2869 non
1408 2816 1606 2885 gratias
1632 2823 1829 2884 agunt,
1862 2812 1956 2871 sed
2000 2814 2101 2882 ipsi

512 2909 869 2964 maledicunt?
892 2916 1022 2979 quot
1051 2907 1182 2962 nihil
1211 2922 1374 2978 grave
1398 2907 1542 2977 passi
1572 2906 1928 2962 universalem
1956 2905 2101 2961 illam

512 3000 900 3070 providentiam
940 3000 1241 3055 accusant?
1278 3011 1409 3071 quot
1437 3001 1491 3055 in
1520 3015 1738 3055 carcere
1782 3000 1927 3055 omni
1967 3008 2101 3054 tem-

513 3107 646 3162 pore
673 3091 930 3162 degentes
947 3134 962 3159 ,
999 3091 1139 3147 hanc
1167 3092 1438 3149 miseriam
1465 3093 1672 3163 gratius
1693 3091 1872 3149 ferunt
1893 3134 1909 3157 ,
1940 3106 2101 3162 quam

510 3183 546 3238 ii
573 3187 661 3255 qui
690 3184 745 3239 in
774 3184 1022 3240 libertate
1047 3192 1102 3239 et
1135 3185 1427 3241 securitate
1464 3185 1628 3239 vitam
1672 3184 1909 3239 ducunt?
1941 3183 2100 3238 Vides

508 3275 703 3330 anima:
744 3284 976 3341 statum,
1024 3285 1079 3331 et
1127 3275 1398 3346 prepriam
1446 3275 1706 3346 cujusque
1745 3287 2014 3344 mentem,
2047 3284 2102 3332 et

510 3366 703 3421 horum
730 3375 784 3421 et
810 3367 1024 3422 illorum
1051 3381 1266 3423 causam
1290 3382 1411 3423 esse
1427 3406 1444 3435 ,
1468 3382 1576 3423 non
1612 3376 1788 3422 autem
1815 3368 1985 3437 ipsam
2010 3384 2100 3423 re-

511 3473 631 3515 rum
661 3469 925 3513 naturam.
959 3458 1141 3530 itaque
1168 3461 1215 3515 si
1248 3459 1413 3515 animi
1450 3460 1617 3515 nostri
1647 3476 1830 3515 curam
1871 3460 2099 3516 habere-

508 3566 668 3619 mus,
712 3551 846 3606 nihil
885 3552 1333 3622 perturbationis,
1381 3552 1514 3606 nihil
1558 3551 1916 3617 confusionis,
1965 3552 2099 3608 nihil

511 3660 678 3716 grave
703 3653 872 3713 esset,
901 3645 1110 3700 etiamsi
1140 3644 1328 3715 euripo
1357 3644 1544 3715 quovis
1579 3643 1951 3700 vehementius
1978 3645 2101 3701 vitae

512 3746 711 3793 nostra:
753 3751 842 3793 res
882 3751 975 3793 sus
1019 3736 1192 3808 deque
1233 3737 1518 3793 ferrentur.
1541 3735 1649 3792 Cur
1676 3738 1852 3805 enim,
1881 3753 2097 3808 quaeso,

512 3830 709 3887 Paulus
749 3832 947 3901 gratias
991 3832 1137 3902 agit?
1178 3831 1339 3903 Atqui
1363 3831 1417 3904 is
1441 3846 1473 3887 ε
1502 3845 1728 3887 numero
1770 3845 1957 3886 eorum
1982 3839 2097 3900 est,

511 3922 604 3993 qui
643 3923 843 3991 optime
871 3922 1159 3991 vixerunt,
1186 3931 1243 3979 et
1270 3924 1521 3978 virtutem
1558 3931 1670 3979 toto
1710 3923 1833 3979 vita:
1859 3931 2101 3993 tempore

512 4014 700 4070 sectati
724 4023 868 4080 sunt,
887 4023 942 4070 et
961 4014 1181 4070 minime
1199 4016 1380 4086 gravia
1400 4014 1702 4084 hujusmodi
1723 4014 2056 4085 pertulerunt
2083 4031 2097 4068 :

512 4121 674 4161 nemo
702 4121 769 4161 ex
796 4107 1065 4174 omnibus,
1089 4108 1179 4178 qui
1209 4107 1377 4162 solem
1397 4105 1777 4176 adspexerunt,
1802 4106 1889 4160 vel
1910 4106 2103 4176 justior

514 4197 606 4251 illo
635 4197 752 4265 fuit,
784 4197 868 4253 vel
892 4199 1167 4268 asperiora
1195 4212 1355 4268 quam
1385 4198 1478 4253 ille
1503 4212 1695 4268 passus
1719 4206 1820 4254 est.
1848 4200 2100 4252 Attamen

512 4304 635 4344 cum
657 4289 861 4346 videret
879 4291 1076 4345 multos
1099 4290 1156 4346 in
1180 4290 1417 4361 nequitia
1440 4290 1680 4346 viventes
1706 4290 1829 4346 laeto
1848 4305 1971 4347 esse
1988 4290 2104 4345 ani-

513 4390 604 4439 nio
626 4426 641 4450 ,
669 4399 734 4439 ac
770 4385 1127 4454 prmsentibus
1156 4384 1258 4440 frui
1288 4386 1535 4455 pecuniis
1556 4425 1574 4452 ,
1605 4387 1804 4457 gratias
1831 4387 1947 4457 ipse
1990 4388 2102 4442 Deo

512 4476 725 4547 agebat,
754 4484 809 4531 et
833 4475 966 4532 alios
994 4485 1050 4532 ut
1072 4476 1215 4531 idem
1237 4476 1481 4533 facerent
1496 4477 1928 4534 ltortabatur.Ad
1949 4478 2099 4533 illum

513 4569 784 4639 respicite.
812 4569 879 4625 Et
909 4578 964 4624 tu
992 4583 1116 4623 cum
1141 4568 1340 4625 videris
1385 4568 1686 4640 improbum
1724 4562 1863 4625 laeto'o
1889 4571 2099 4637 animo,

513 4658 713 4713 clatum
735 4702 750 4727 ,
778 4675 899 4715 cum
931 4659 1133 4715 videris
1161 4659 1407 4715 inimicos
1437 4667 1861 4730 prosternentem
1882 4703 1897 4729 ,
1931 4661 2102 4717 mole-

514 4760 628 4805 stos
646 4752 748 4806 sibi
769 4752 1012 4809 homines
1035 4752 1399 4816 ulciscentem,
1424 4751 1552 4806 nulli
1574 4751 1862 4807 obnoxium
1884 4752 2100 4821 damno,

516 4841 1012 4900 circumfluentibus
1036 4846 1271 4917 undique
1295 4845 1515 4911 divitiis,
1539 4844 1823 4900 clientibus
1844 4855 1898 4901 et
1915 4846 2104 4902 adula~

519 4934 728 4989 toribus
756 4936 1005 5005 stipatum
1026 4978 1041 5004 ,
1068 4945 1120 4992 te
1149 4952 1278 4993 vero
1299 4937 1352 4992 in
1375 4945 1517 4993 statu
1547 4951 1768 5007 prorsus
1799 4938 2099 5006 contrario,

516 5026 799 5092 molestiis,
826 5028 1210 5099 symphantiis,
1240 5029 1446 5085 insidiis
1476 5029 1773 5098 obsessum,
1798 5043 1927 5085 cave
1947 5037 2102 5099 putes

513 5126 635 5175 esse
675 5128 726 5176 te
763 5134 830 5181 ex
869 5118 1196 5189 abjeetorum
1235 5135 1488 5187 numero;
1535 5121 1630 5177 sed
1669 5121 1890 5176 Paulum
1918 5121 2104 5177 videns

512 5214 702 5271 eadem
746 5214 799 5268 in
843 5220 993 5284 parte
1038 5221 1341 5268 versantem
1365 5252 1382 5280 ,
1416 5213 1565 5285 erige
1602 5215 1836 5269 animum
1862 5257 1876 5281 ,
1910 5229 2103 5270 revoca

513 5306 865 5377 cogitationes
885 5349 900 5375 ,
935 5320 1003 5362 ne
1029 5320 1141 5376 prae
1167 5320 1398 5361 moerere
1426 5306 1662 5362 decidas.
1704 5308 1947 5362 Amicum
1991 5309 2105 5363 Deo

511 5408 673 5470 atque
701 5396 912 5454 hostem
943 5398 1059 5468 ejus
1086 5413 1153 5453 ne
1178 5413 1244 5454 ex
1269 5398 1432 5454 rebus
1452 5399 1726 5469 prosperis
1750 5409 1841 5454 aut
1860 5399 2105 5455 adversis

511 5493 755 5556 testima;
806 5491 900 5548 sed
950 5491 995 5546 si
1038 5491 1237 5548 videris
1279 5493 1583 5564 quempiam
1627 5499 1775 5548 recte
1818 5494 2101 5559 viventem,

513 5585 937 5657 wgritudiueque
980 5601 1202 5643 vacuum
1248 5585 1317 5640 ad
1364 5586 1615 5657 pietatem
1660 5596 1932 5656 spectare,
1964 5587 2105 5641 hune

516 5674 731 5731 beatum
757 5686 811 5731 et
835 5676 1176 5732 mmulatione
1201 5676 1418 5747 dignum
1442 5685 1586 5746 puta,
1611 5677 1816 5732 etiamsi
1840 5677 2106 5731 sexcentis

518 5766 745 5819 vinculis
795 5767 1209 5837 constringatur,
1243 5769 1295 5821 in
1321 5783 1539 5824 carcere
1577 5777 1832 5838 perpetuo
1874 5767 2101 5830 habitet,

518 5855 753 5923 indignis
783 5859 1001 5927 serviat,
1028 5874 1229 5926 pauper
1258 5860 1357 5924 sit,
1391 5860 1442 5914 in
1475 5859 1707 5915 metallis
1737 5860 1940 5915 laboret
1963 5902 1978 5922 .
2011 5869 2104 5917 aut

2205 503 2346 558 aliud
2387 504 2655 575 quidpiam
2686 520 2846 575 grave
2889 508 3137 577 patiatur.
3165 508 3357 564 Beatus
3400 511 3553 565 enim
3583 511 3682 566 ille
3708 526 3793 577 est,

2204 596 2413 650 etiamsi
2436 597 2536 666 ipsi
2557 598 2693 652 oculi
2718 599 3112 669 exsculpantur,
3130 600 3338 656 etiamsi
3358 612 3576 670 uratur,
3599 604 3798 658 etiamsi

2205 702 2402 758 corpus
2442 689 2559 759 ejus
2604 690 2859 760 paulatim
2900 702 3265 748 consumatur.
3292 694 3348 749 Si
3377 705 3571 751 autem
3611 697 3799 751 videris

2204 781 2365 835 alium
2393 782 2443 836 in
2475 782 2712 847 lascivia,
2742 785 2974 854 nequitia
3001 787 3365 858 extremisque
3391 789 3709 845 sceleribus
3734 793 3801 844 vi-

2205 880 2438 939 ventem,
2465 888 2658 943 magno
2691 874 2954 930 fruentem
2977 874 3182 932 honore
3201 919 3215 944 ,
3247 877 3298 931 in
3325 878 3505 947 ipsum
3546 879 3795 934 thronum

2203 963 2409 1033 regium
2434 965 2834 1032 ascendentem,
2864 966 3163 1026 diademate
3189 970 3499 1025 redimitum
3523 1012 3539 1038 ,
3569 987 3796 1043 purpur:

2204 1056 2481 1123 indutum,
2512 1059 2763 1113 universo
2805 1059 2920 1115 orbi
2965 1060 3348 1129 imperantem,
3384 1063 3732 1135 lacrymare,
3761 1078 3797 1118 ct

2204 1148 2350 1203 illurn
2378 1149 2499 1205 ideo
2523 1151 2779 1206 miserum
2808 1161 3017 1224 reputa.
3041 1152 3182 1209 Nihil
3208 1154 3351 1209 enim
3386 1153 3659 1212 miserius
3699 1160 3795 1211 ani.

2202 1257 2294 1298 mo
2333 1244 2406 1299 ita
2446 1245 2639 1301 affecto
2663 1288 2677 1313 ,
2721 1247 2930 1302 etiamsi
2962 1258 3129 1302 totum
3165 1248 3349 1305 orbem
3380 1251 3485 1306 sibi
3528 1250 3791 1307 subditum

2203 1337 2417 1394 habeat.
2456 1339 2596 1407 Quid
2638 1341 2782 1395 enim
2825 1342 3176 1397 emolumenti
3222 1344 3462 1412 pecuniis
3528 1344 3791 1400 abundare

2204 1444 2348 1495 eum,
2374 1430 2463 1501 qui
2490 1431 2632 1501 quod
2658 1432 2725 1486 ad
2753 1432 3003 1487 virtutem
3027 1441 3230 1502 spectat
3254 1435 3497 1488 omnium
3530 1438 3791 1505 pauperri-

2203 1536 2324 1576 mus
2366 1522 2473 1577 sit?
2499 1522 2626 1594 quid
2656 1522 2790 1578 lucri
2831 1532 2911 1578 tot
2936 1525 3065 1580 viris
3098 1525 3362 1595 imperare
3391 1539 3521 1581 eum
3540 1567 3557 1592 ,
3588 1527 3686 1598 qui
3711 1543 3791 1582 nec

2202 1614 2437 1684 seipsum
2467 1630 2567 1670 nec
2594 1616 2811 1671 morbos
2839 1617 3004 1672 animi
3040 1617 3122 1672 sui
3158 1632 3415 1688 superare
3438 1620 3675 1689 nequit?
3704 1620 3788 1673 Vc-

2203 1722 2323 1762 rum
2350 1707 2395 1760 si
2424 1707 2699 1762 videamus
2722 1722 2918 1777 corpus
2949 1710 3088 1765 male
3114 1709 3398 1777 affectum,
3444 1710 3784 1777 febricitans,
3832 1710 3837 1777 j

2203 1799 2428 1868 pedibus
2453 1798 2727 1866 laborans,
2756 1807 2852 1854 aut
2878 1800 2998 1856 tabe
3036 1810 3129 1855 aut
3153 1801 3259 1855 alio
3284 1801 3549 1871 quopiam
3589 1802 3786 1857 incum

2204 1889 2294 1945 bili
2325 1893 2513 1945 morbo
2540 1891 2814 1947 detentum
2840 1934 2854 1958 ,
2888 1892 3263 1963 lacrymamur,
3294 1894 3393 1948 etsi
3427 1894 3529 1949 ille
3562 1896 3787 1949 omnium

2202 1982 2654 2053 locupletissimus
2681 1985 2772 2047 sit:
2802 1985 2910 2039 imo
2939 1994 3086 2040 tanto
3112 1989 3301 2056 magis,
3329 1997 3544 2057 quanto
3566 1989 3791 2058 locuple-

2204 2075 2308 2128 tior
2329 2083 2429 2129 est.
2456 2074 2589 2129 Nam
2619 2084 2744 2131 tunc
2767 2092 2957 2132 sensus
2987 2078 3248 2133 malorum
3273 2080 3503 2146 acutior,
3536 2096 3665 2136 cum
3687 2084 3787 2152 quis

2203 2167 2257 2221 in
2278 2167 2603 2241 abundantia
2620 2185 2801 2225 rerum
2828 2173 3250 2227 necessariarum
3281 2184 3555 2230 versatur.
3589 2176 3788 2232 Etenim
3836 2162 3837 2241 ἰ

2201 2260 2293 2330 qui
2323 2276 2430 2330 pra:
2461 2271 2771 2332 paupertate
2790 2263 2859 2318 ab
2874 2264 3062 2318 horum
3087 2263 3340 2321 fruitione
3359 2277 3609 2333 arcetur,
3634 2262 3789 2338 ipsam

2204 2353 2574 2408 necessitatem
2617 2354 2996 2411 consolationis
3039 2356 3157 2412 loco
3197 2356 3398 2414 habet:
3428 2361 3525 2430 qui
3573 2376 3706 2416 vero
3742 2363 3790 2414 iis

2203 2445 2364 2501 rebus
2392 2445 2627 2501 abundat
2654 2455 2709 2501 et
2735 2448 2922 2503 morbo
2953 2448 3238 2518 impeditur
3263 2451 3332 2505 ab
3360 2466 3462 2506 usu
3481 2494 3498 2517 ,
3526 2451 3656 2507 ideo
3687 2469 3788 2506 ma-

2200 2538 2283 2608 gis
2330 2539 2520 2593 uritur.
2566 2538 2666 2607 Qui
2695 2550 2873 2596 autem
2913 2556 3020 2595 non
3045 2541 3335 2596 absurdum
3365 2541 3573 2611 fuerit,
3602 2544 3652 2598 si
3681 2559 3788 2599 cor-

2201 2644 2367 2700 poreo
2396 2629 2583 2685 morbo
2625 2629 2899 2686 detentum
2937 2632 3240 2701 quempiam
3268 2632 3594 2701 videamus,
3630 2634 3788 2703 ipsum

2203 2722 2460 2779 miserum
2509 2723 2841 2795 praedicare,
2887 2725 3097 2780 etiamsi
3139 2724 3423 2796 opulentus
3461 2725 3577 2789 sit;
3625 2728 3786 2781 anima
3836 2722 3837 2779 ἒ

2200 2825 2377 2871 autem
2402 2817 2540 2871 male.
2559 2816 2767 2883 affecta,
2791 2817 2989 2885 anima,
3014 2816 3249 2887 inquam,
3273 2817 3359 2871 cui
3387 2831 3486 2885 par
3510 2817 3677 2884 nihil,
3701 2834 3785 2887 qua

2202 2907 2486 2976 pretiosius
2532 2906 2697 2975 nihil,
2744 2908 2918 2979 ipsum
2959 2908 3173 2963 beatum
3202 2908 3384 2963 dicere
3424 2908 3500 2963 ob
3531 2909 3786 2964 tantillum

2202 2999 2464 3069 pecuniae,
2493 2999 2575 3054 vel
2603 3000 2672 3054 ob
2694 3009 3095 3069 temporaneum
3123 2998 3403 3067 honorem,
3431 3000 3522 3055 vel
3545 3000 3619 3056 ob
3649 3002 3787 3069 quid-

2203 3092 2344 3162 piam
2367 3106 2570 3158 eorum,
2604 3107 2723 3162 qua:
2753 3091 2840 3146 hic
2864 3092 3083 3163 quidem
3110 3100 3345 3157 manent,
3366 3091 3464 3147 sed
3506 3101 3637 3161 post
3665 3093 3789 3147 hanc

2203 3185 2364 3239 vitam
2386 3227 2401 3249 ,
2444 3184 2552 3239 imo
2597 3186 2794 3255 saepius
2836 3194 2959 3240 ante
2984 3185 3110 3241 vita:
3147 3186 3348 3241 exitum
3375 3201 3475 3241 nos
3504 3186 3787 3242 deserunt?

2205 3276 2358 3343 Noli,
2391 3291 2596 3347 qumso.
2636 3276 2763 3332 Haec
2803 3277 2959 3332 nobis
2994 3277 3414 3347 perturbationis
3439 3285 3497 3333 et
3538 3279 3785 3333 tumultus

2200 3382 2363 3423 causa
2393 3376 2534 3422 sunt.
2565 3366 2692 3422 Ideo
2717 3367 2885 3422 Deum
2903 3378 3156 3424 accusant
3177 3366 3350 3436 multi,
3377 3368 3503 3424 ideo
3536 3370 3784 3424 mundum

2202 3459 2347 3515 nulla
2371 3459 2482 3528 regi
2512 3459 2843 3536 providentia
2865 3468 3071 3529 putant.
3094 3459 3245 3527 Quod
3272 3460 3316 3514 si
3344 3460 3557 3515 scirent
3585 3461 3719 3515 nihil
3740 3462 3781 3514 in

2202 3552 2452 3622 prtesenti
2491 3552 2598 3607 vita
2624 3551 2747 3607 boni
2772 3564 2922 3620 esse,
2955 3551 3058 3607 nisi
3085 3553 3373 3618 virtutem;
3405 3567 3518 3606 non
3548 3551 3782 3615 divitias.

2202 3659 2309 3699 non
2338 3645 2629 3713 pecunias,
2666 3658 2772 3700 non
2801 3645 3118 3712 sanitatem,
3161 3660 3267 3700 non
3312 3646 3643 3714 potentiam,
3690 3661 3787 3701 non

2201 3735 2345 3791 aliud
2379 3736 2681 3807 quidpiam;
2712 3752 2811 3791 nec
2837 3737 3105 3807 quidpiam
3135 3737 3257 3791 mali
3282 3752 3404 3793 esse
3440 3738 3498 3793 in
3545 3740 3787 3809 prtesenti

2203 3831 2329 3896 vita,
2359 3830 2459 3885 nisi
2486 3831 2798 3901 nequitiam,
2830 3829 3241 3900 improbitatem,
3265 3839 3320 3885 et
3354 3831 3557 3886 anima:
3580 3845 3788 3901 perver-

2201 3922 2447 3987 sitatem;
2496 3936 2603 3977 non
2647 3929 3012 3991 paupertatem
3048 3921 3133 3976 vel
3177 3921 3456 3988 morbum,
3483 3936 3597 3976 non
3626 3923 3785 3977 mole-

2202 4015 2394 4081 stiam,
2445 4027 2550 4068 non
2597 4014 2949 4081 calumniam,
3004 4028 3109 4069 non
3155 4013 3257 4067 alia
3296 4028 3417 4084 qua:
3445 4014 3638 4083 gravia
3679 4030 3786 4069 esse

2207 4113 2500 4175 putantur:
2531 4120 2819 4177 numquam
2865 4105 2987 4160 talia
3034 4104 3398 4175 loquerentur,
3428 4106 3610 4174 qualia
3655 4120 3786 4160 nunc

2202 4197 2420 4266 dicunt,
2450 4213 2738 4277 numquam
2781 4197 2834 4252 iu
2874 4212 3106 4253 maerore
3134 4197 3405 4263 viverent,
3452 4213 3564 4252 non
3610 4197 3787 4255 beatos

2203 4289 2443 4345 dicerent
2467 4300 2561 4345 eos
2583 4329 2599 4354 ,
2630 4300 2765 4359 quos
2793 4290 3018 4345 miseros
3044 4288 3334 4359 praedicare
3357 4296 3639 4357 oporteret
3656 4330 3672 4354 ,
3700 4303 3788 4343 nec

2203 4381 2430 4437 miseros
2457 4381 2811 4450 prtedicarent
2836 4394 2929 4435 eos
2948 4421 2963 4447 ,
2991 4394 3126 4449 quos
3155 4379 3340 4434 beatos
3360 4378 3467 4435 dici
3492 4394 3596 4448 par
3616 4388 3786 4440 esset;

2204 4489 2310 4528 non
2339 4474 2408 4527 ita
2438 4487 2564 4543 erga
2602 4471 2851 4527 hbmines
2875 4470 3050 4526 aﬂ‘ecti
3073 4479 3273 4525 essent.
3296 4469 3430 4524 Nam
3461 4471 3789 4541 propterbo—

2176 4577 2331 4618 'num
2359 4561 2601 4632 corporis
2628 4561 2864 4617 habitum
2890 4602 2905 4630 ,
2937 4571 2992 4617 et
3020 4560 3262 4616 ciborum
3286 4560 3497 4631 copiam
3520 4603 3536 4626 ,
3569 4572 3627 4617 et
3667 4561 3790 4615 mul-

2207 4667 2316 4712 tum
2344 4671 2590 4712 somnum
2618 4656 2802 4712 beatos
2842 4654 3135 4725 praedicare
3166 4654 3414 4709 homines
3434 4694 3449 4719 ,
3477 4654 3619 4709 nihil
3657 4653 3788 4709 aliud

2205 4757 2325 4815 est,
2355 4763 2511 4818 quam
2551 4762 2675 4818 erga
2705 4747 2824 4801 illos
2851 4753 2909 4800 ut
2937 4760 3059 4816 erga
3101 4744 3253 4799 bruta
3279 4743 3535 4799 animalia
3580 4744 3788 4799 affectos

2204 4856 2344 4896 esse.
2370 4840 2501 4896 Nam
2527 4848 2583 4896 et
2610 4838 2726 4895 hare
2752 4846 2834 4895 est
2861 4839 3077 4894 illorum
3109 4837 3367 4904 felicitas;
3396 4836 3507 4893 imo
3551 4835 3606 4893 id
3637 4839 3784 4895 etiam

2207 4933 2259 4987 in
2301 4932 2469 4988 brutis
2506 4933 2705 4988 malum
2740 4944 2855 4998 est;
2885 4929 3037 4986 multi
3066 4930 3262 5001 quippe
3288 4930 3426 4984 asini
3452 4937 3508 4984 et
3534 4932 3664 5000 equi
3695 4930 3787 4984 otio

2206 5034 2261 5081 et
2303 5025 2567 5080 edacitate
2616 5024 2908 5095 perierunt.
2934 5021 3085 5089 Quod
3128 5022 3174 5077 si
3212 5021 3420 5087 brutis,
3458 5020 3663 5092 quibus
3695 5030 3787 5074 tota

2209 5118 2377 5172 virtus
2406 5118 2458 5173 in
2487 5117 2628 5173 bona
2655 5116 2900 5185 corporis
2927 5113 3238 5168 habitudine
3261 5113 3363 5168 sita
3393 5120 3517 5178 est,
3551 5112 3606 5167 id
3635 5126 3789 5167 nocu-

2207 5223 2388 5268 meuto
2414 5218 2501 5266 est
2519 5253 2534 5277 ,
2561 5227 2628 5265 an
2662 5210 2715 5264 in
2743 5206 3045 5263 hominibus
3068 5247 3085 5276 ,
3115 5221 3339 5277 quorum
3367 5205 3548 5260 omnis
3572 5205 3790 5275 dignitas

2208 5305 2260 5359 in
2292 5302 2567 5358 nobilitate
2607 5301 2800 5356 animae
2820 5341 2834 5365 ,
2874 5299 2925 5354 id
2955 5298 3164 5353 virtutis
3202 5297 3321 5352 loco
3363 5310 3635 5367 ponemus
3658 5335 3675 5361 ,
3705 5306 3792 5347 nec

2207 5396 2571 5455 reverebimur
2595 5394 2805 5461 caelum,
2829 5403 2883 5448 et
2906 5392 3098 5448 anima:
3125 5400 3325 5446 nostra:
3350 5398 3611 5460 cognatos
3642 5401 3793 5457 ange-

2209 5490 2332 5546 los?
2366 5505 2472 5544 non
2501 5487 2775 5545 erubescis
2804 5485 2975 5557 ipsam
3015 5482 3258 5552 corporis
3302 5490 3551 5537 naturam
3586 5489 3645 5535 et
3692 5479 3795 5532 for-

2211 5582 2386 5637 mam?
2428 5595 2533 5635 non
2578 5580 2722 5635 enim
2766 5575 3216 5649 quemadmodum
3259 5573 3432 5630 brutis
3476 5587 3599 5628 eam
3648 5570 3793 5625 nobis

2210 5673 2416 5730 efﬂuxit
2441 5672 2604 5739 Deus,
2632 5669 2726 5727 sed
2756 5679 2813 5724 ut
2835 5668 3061 5724 decebat
3084 5664 3215 5721 illud
3237 5707 3254 5732 ,
3284 5664 3429 5736 quod
3474 5664 3668 5718 anima:
3710 5675 3793 5715 rso

2212 5768 2394 5824 tionnli
2437 5775 2493 5823 et
2547 5762 2830 5821 immortali
2877 5761 3298 5817 ministraturum
3348 5766 3482 5814 erat.
3512 5756 3621 5811 Cur
3660 5754 3793 5809 enim

2213 5859 2394 5916 bestiis
2425 5856 2672 5913 erunibus
2706 5868 2890 5911 versus
2921 5861 3113 5908 terram
3145 5849 3410 5905 demissos
3449 5846 3635 5902 oculos
3666 5844 3792 5897 Deus
