3858 6280
44 296 192 355 75!
1205 299 1296 356 DE
1335 298 1517 358 ΡΑΤο
1557 299 1645 355 ΕΤ
1682 297 2166 356 PROVIDENTIA.
2198 299 2238 354 I.

1796 412 2016 475 παντὸς,
2046 407 2410 476 κᾶνάναξίοις
2443 407 2690 480 δουλεύη,
2717 407 2822 462 κᾶν
2851 405 3096 477 πένηται,
3132 405 3236 460 κᾶν
3284 410 3382 479 μὲ-

1797 494 1969 549 ταὶλα
1994 495 2313 567 ἐργάζηται,
2344 494 2449 548 κᾶν
2476 492 2653 547 ὁτιοῦν
2688 493 2875 563 πάσχῃ
2895 491 3085 546 δεινόν.
3100 492 3383 566 Μακάριος

1794 578 1902 650 γάρ
1931 571 2087 643 οὗτός
2116 581 2254 641 ἐστι,
2288 578 2393 633 κᾶν
2432 576 2823 648 ἐξορύγηταιο,
2850 575 2956 630 κᾶν
2994 575 3240 645 καίηται,
3281 577 3383 632 κᾶν

1796 660 1937 715 κατά
1969 662 2161 733 μικρὸν
2193 662 2497 716 δαπανᾶται
2541 661 2603 715 τὸ
2638 660 2927 731 σῶμα.“Αν
2961 659 3019 712 δὲ
3055 659 3170 731 ἴδῃς
3195 659 3383 732 ἕτερον

49 410 338 483 ῥύθμισε
364 409 458 464 καὶ
485 406 775 481 διέφθειρε,
803 411 901 483 τῆς
929 410 1212 477 ἀσθενείας
1232 414 1331 484 τὴν
1359 411 1558 485 ἀρετὴν
1591 409 1688 465 αὐ-

46 492 189 547 τοῦ
232 493 659 564 λυμαινομένης.
687 493 846 548 (ιύτω
882 495 946 567 δὴ
979 496 1073 550 καὶ
1106 497 1286 566 ἡμεῖς,
1325 497 1453 550 ὅταν
1490 495 1687 564 ἴδωμεν

54 576 447 648 πραγμάτων
473 575 716 642 ἀταξίαν,
747 576 821 648 μὴ
844 577 934 631 τὸν
964 577 1097 631 Θεὸν
1118 577 1437 646 αἰτιώμεθα,
1472 579 1688 646 ἀγαπη-

52 660 176 713 τοί
197 677 214 690 ο
255 660 416 713 τοῦτο
446 661 555 729 γάρ
581 660 702 730 οὐχὶ
730 661 1020 735 φάρμακόν
1048 663 1193 714 ἐστιν
1218 662 1395 731 εὑρεῖν
1414 660 1491 730 τῷ
1515 660 1687 730 τραύ-

3274 296 3382 352 732
3458 300 3465 309 ³

67 760 261 812 ματι,
286 742 424 797 ἀλλά
459 742 681 814 τραῦμα
704 746 1004 813 ἐπαγαγεῖν
1036 745 1331 816 τραύματι.
1358 743 1450 815 Μὴ
1470 744 1687 813 δαίμοσι

61 826 454 898 λογιζώμεθα
486 827 580 880 τοῦ
605 828 811 898 κόσμου
840 829 940 900 τὴν
963 831 1296 898 οἰκονομίαν,
1324 829 1399 900 μὴ
1425 828 1690 899 ἀπρονόη-

62 928 161 964 τα
195 908 343 965 εἶναι
369 911 682 982 νομίζωμεν
721 912 792 965 τά
835 913 1098 985 παρόντα,
1138 913 1213 985 μὴ
1252 910 1516 981 γενέσεώς
1543 927 1688 974 τινος

64 995 192 1046 καὶ
228 992 573 1065 εἱμαρμένης
597 995 884 1066 τυραννίδα
916 996 1331 1068 ἐπιτειχίζωμεν
1360 998 1426 1067 τῇ
1461 992 1689 1066 προνοίᾳ

64 1077 189 1130 τοῦ
224 1076 386 1131 Θεοῦ.
420 1077 604 1132 Ταῦτα
644 1077 753 1150 γάρ
798 1079 976 1135 πάντα
1008 1079 1355 1151 βλασφημίας
1380 1079 1559 1150 γέμει,
1593 1076 1689 1131 καὶ

67 1162 115 1230 ἠ
160 1159 344 1224 ὅντως
388 1160 602 1231 ταραχὴ
649 1162 743 1215 καὶ
789 1163 983 1229 ἀταξία
1029 1163 1149 1234 οὐχὶ
1194 1162 1303 1219 τῶν
1349 1160 1688 1233 πραγμάτων

69 1244 219 1297 ἐστὶ
253 1244 419 1316 φορά,
448 1243 561 1296 ἀλλ’
583 1245 612 1296 6
641 1244 783 1299 οὓτω
816 1246 1158 1319 διακείμενος
1178 1246 1463 1316 λογισμός·
1496 1244 1553 1308 ὃς
1583 1243 1689 1300 κᾶν

77 1326 312 1396 μυρίας
347 1324 600 1390 εὐταξίας
629 1327 897 1401 ἀπολαύῃ,
932 1329 1036 1394 ἕως
1077 1331 1144 1384 ἂν
1184 1329 1285 1402 τὴν
1334 1327 1562 1392 ἀταξίαν
1588 1326 1687 1397 τὴν

72 1410 149 1461 ἐν
185 1408 344 1481 αὐτῷ
378 1410 471 1463 καὶ
499 1409 598 1481 τὴν
627 1413 871 1483 ταραχὴν
921 1413 1302 1486 διορθώσηται,
1335 1412 1487 1466 οὐδὲν
1535 1410 1686 1480 αὐτῷ

74 1492 198 1563 τῆς
226 1495 286 1546 ἐν
311 1495 424 1556 τοῖς
457 1495 779 1565 πράγμασιν
805 1497 1060 1561 εὐταξίας
1087 1497 1238 1552 ἔσται
1265 1498 1328 1551 τὸ
1351 1495 1514 1549 πλέον
1532 1512 1546 1527 ·
1569 1494 1686 1549 ἀλλ’

74 1573 292 1646 ὥσπερ
332 1574 628 1647 ὀφθαλμὸς,
660 1578 831 1631 νοσῶν
873 1579 971 1650 μὲν
1005 1581 1099 1633 καὶ
1136 1582 1194 1633 ὲν
1241 1578 1558 1650 μεσημϐρίᾳ
1584 1595 1687 1647 φας

76 1659 301 1730 νοτάτῃ
331 1659 519 1723 σκότος
544 1660 753 1730 ὄψεται,
780 1664 875 1716 καὶ
902 1663 1065 1734 ἕτερα
1098 1663 1214 1718 ἀνθ’
1237 1664 1461 1733 ἐτέρων,
1482 1662 1577 1715 καὶ
1599 1662 1689 1715 οὐ·

74 1741 186 1796 δὲν
231 1741 387 1814 αὐτῷ
417 1736 515 1815 τῆς
545 1745 760 1809 ἀκτῖνος
790 1746 943 1801 έσται
977 1747 1157 1814 πλέον,
1188 1746 1446 1815 ὑγιαίνων
1486 1744 1544 1799 δὲ
1592 1746 1687 1798 καὶ

75 1826 435 1895 ἐρρωμένος,
466 1829 560 1882 καὶ
590 1831 647 1882 ἐν
671 1831 879 1902 ἑσπέρᾳ
907 1832 1195 1903 δυνήσεται
1230 1831 1294 1885 τὸ
1326 1830 1486 1900 σῶμα
1528 1845 1681 1900 χειρ-

76 1912 343 1975 αγωγεῖν
362 1912 501 1980 μετά
528 1912 845 1980 ἀσφαλείας·
876 1912 1018 1968 οὕτω
1038 1915 1131 1968 καὶ
1159 1916 1187 1968 ὁ
1209 1914 1307 1983 τῆς
1328 1912 1565 1974 διανοίας
1587 1906 1687 1983 τῆς

77 1991 380 2063 ἡμετέρας
414 1994 711 2066 ὀφθαλμὸς,
746 1996 852 2059 ἕως
898 1997 996 2068 μὲν
1041 1997 1108 2051 ἂν
1156 1996 1466 2069 ἐρρωμένος
1492 1992 1551 2069 ᾖ,
1583 1995 1688 2049 κᾶν

77 2073 312 2127 ἄτακτα
342 2071 480 2131 εἶναι
509 2078 770 2134 δοκοῦντα
812 2081 916 2152 ἴδῃ,
946 2080 1128 2145 καλῶς
1171 2081 1407 2150 ὅψεταιι
1430 2097 1444 2111 ·
1474 2080 1500 2134 ὅ
1515 2095 1603 2135 δαν
1630 2079 1688 2133 66

79 2155 517 2227 διεφθαρμένος,
549 2161 653 2214 κᾶν
693 2163 774 2225 εἰς
812 2163 978 2218 αὐτὸν
1005 2164 1289 2236 ἀναγάγῃς
1320 2163 1411 2216 τὸν
1435 2163 1496 2216 οὐ
1508 2162 1683 2228 οανὸν,

78 2240 189 2291 καὶ
239 2240 349 2294 τῶν
395 2242 514 2296 ἐκεῖ
540 2244 742 2316 πολλὴν
778 2245 1004 2311 ἀταξίαν
1031 2246 1442 2316 καταγνώσεται
1470 2247 1566 2300 καὶ
1592 2263 1689 2300 τα-

83 2324 295 2395 ραχήν.
331 2326 443 2380 Καὶ
469 2327 550 2380 ὅτι
582 2327 757 2383 ταῦτα
790 2329 963 2394 οὕτως
990 2331 1123 2403 ἔχει,
1152 2332 1321 2386 πολλά
1347 2348 1431 2385 σοι
1447 2331 1557 2385 τῶν
1579 2330 1687 2385 πά-

81 2406 182 2458 λαι
232 2408 328 2461 καὶ
378 2410 486 2465 τῶν
529 2412 612 2480 ἐφ’
635 2411 794 2484 ἡμῶν
839 2414 1028 2467 τούτου
1076 2416 1473 2470 κατασκευάσω
1509 2431 1688 2488 παρα-

84 2488 386 2559 δείγματα.
426 2493 591 2546 Πόσοι
639 2495 829 2549 πενίαν
879 2497 1134 2568 φέρουσιν
1178 2498 1438 2564 εὐκόλως,
1481 2497 1577 2552 καὶ
1608 2497 1687 2569 τῷ

83 2570 219 2642 Θεῷ
246 2573 336 2628 διά
361 2575 521 2630 τοῦτο
543 2578 992 2648 εὐχαριστοῦντες
1018 2586 1080 2635 οὐ
1107 2582 1556 2654 διαλιμπάνουσι;
1588 2583 1688 2638 πό-

86 2672 177 2707 σοι
224 2656 454 2714 πλοῦτον
488 2662 582 2714 καὶ
612 2663 823 2734 τρυφὴν
860 2663 1098 2735 ἔχοντες,
1128 2667 1228 2719 οὐκ
1252 2666 1687 2737 εὐχαριστοῦσιν,

83 2740 236 2824 ἀλλά
267 2742 648 2815 βλασφημοῦσι
695 2748 783 2800 τὸν
830 2750 1141 2822 Δεσπότην;
1195 2750 1352 2804 πόσοι
1383 2751 1552 2824 μηδὲν
1584 2769 1689 2806 πα-

85 2823 286 2888 θόντες
328 2825 519 2892 δεινὸν,
556 2830 920 2900 κατηγοροῦσι
970 2833 1067 2903 τῆς
1117 2832 1348 2887 καθόλου
1392 2823 1687 2906 προνοίας;

88 2908 257 2961 πόσοι
311 2909 679 2984 δεσμωτήριον
727 2915 818 2967 τὸν
856 2914 1070 2970 ἅπαντα
1116 2918 1305 2988 χρόνον
1344 2919 1685 2990 οἰκήσαντες,

85 2990 208 3044 τῶν
238 2992 298 3044 ἐν
337 2992 493 3065 ἀδείᾳ
544 2994 639 3048 καὶ
685 2996 952 3070 ἀσφαλείᾳ
984 2999 1324 3069 βεϐιωκότων
1352 3001 1689 3073 εὐγνωμονέ-

91 3087 296 3146 στερον
336 3075 437 3148 τὴν
481 3079 596 3131 ἐκεῖ
625 3080 849 3152 φέρουσι
879 3082 1286 3155 ταλαιπωρίαν;
1333 3085 1494 3157 Ὁρᾷς
1537 3086 1619 3139 ὅτι
1654 3087 1687 3157 ἡ

87 3158 196 3229 τῆς
215 3158 397 3230 ψυχῆς
421 3164 773 3231 κατάστασις,
806 3167 901 3220 κα)⁸
928 3169 1009 3221 ὅτι
1036 3170 1063 3221 ό
1092 3170 1288 3230 οἰκεῖος
1317 3169 1575 3239 λογισμὸς
1595 3173 1691 3225 καὶ

92 3243 308 3299 τούτων
342 3245 436 3300 καὶ
466 3248 689 3302 ἐκείνων
722 3250 915 3315 αἴτιος,
953 3251 1066 3305 ἀλλ’
1088 3252 1189 3305 οὐκ
1234 3252 1371 3325 αὐτὴ
1404 3254 1513 3307 τῶν
1547 3272 1686 3326 πρα⁴

93 3326 328 3396 γμάτων
374 3329 408 3399 ἡ
453 3329 805 3399 φύσις.Ὦστε
852 3336 899 3387 εί
948 3335 1050 3405 τῆς
1090 3335 1327 3400 διανοίας
1371 3336 1692 3407 ἐπιμέλειαν

91 3408 436 3480 ἐποιούμεθα
486 3414 588 3484 τῆς
632 3417 925 3489 ἡμετέρας,
970 3420 1070 3473 οὐκ
1109 3415 1178 3492 ἦν
1224 3420 1458 3493 ταραχὴ,
1493 3422 1594 3475 οὐκ
1622 3418 1691 3493 ἦν

95 3493 323 3560 ἀταξία,
358 3494 508 3581 [754]
536 3499 636 3553 οὐκ
676 3496 745 3571 ἦν
784 3502 891 3556 τῶν
919 3503 1105 3557 δεινῶν
1135 3506 1308 3571 οὐδὲν,
1344 3508 1393 3559 εί
1420 3507 1514 3560 καὶ
1542 3508 1693 3581 εὐρί-

97 3594 205 3630 που
237 3579 440 3644 παντὸς
465 3581 841 3657 χαλεπώτερον
865 3586 977 3641 ἀνω
1003 3588 1096 3641 καὶ
1124 3590 1275 3644 κάτω
1298 3591 1365 3645 τά
1390 3579 1694 3663 πράγματα

96 3663 507 3747 τῆςῌήμετέρας
543 3666 769 3738 ἐφέρετο
798 3668 961 3742 ζωῆς.
993 3672 1093 3725 Διά
1140 3672 1193 3726 τί
1239 3674 1370 3747 γάρ,
1416 3676 1536 3729 είπέ
1578 3693 1689 3746 μοι,

102 3744 323 3809 Παῦλος
354 3748 700 3819 εὐχαριστεῖ;
733 3753 923 3806 Καίτοι
952 3755 1062 3808 τῶν
1108 3744 1329 3828 ἄριστα*
1346 3744 1691 3829 βεϐιωκότων

99 3830 243 3896 ἐστὶ,
273 3830 384 3884 τῶν
407 3836 473 3905 τῇ
496 3835 664 3906 ἀρετῇ
698 3836 1071 3908 συνεξηκότων
1103 3839 1195 3893 τὸν
1227 3841 1443 3895 ἅπαντα
1473 3843 1689 3913 χρόνον,

97 3913 212 3967 τῶν
240 3916 441 3985 ἥκιστα
470 3919 708 3972 τοσαῦτα
736 3921 1017 3975 παθόντων
1039 3922 1188 3977 δεινά
1208 3940 1222 3952 ·
1259 3925 1435 3987 οὐδεὶς
1465 3924 1590 3980 οὐτε
1615 3926 1693 3980 δι-

100 4000 390 4073 καιότερος
423 4002 633 4056 ἐκείνου
666 4003 854 4072 γέγονε
896 4005 1006 4058 τῶν
1052 4006 1142 4074 ὐφ’
1163 4006 1300 4078 ἡλίῳ
1333 4008 1551 4062 πάντων
1600 4011 1693 4065 ἀν-

100 4081 358 4153 θρώπων,
383 4085 507 4139 οὐτε
541 4086 898 4159 χαλεπώτερα
925 4088 1135 4142 ἐκείνου
1162 4090 1397 4144 πέπονθε
1419 4093 1525 4146 τῶν
1551 4093 1611 4160 ἐξ
1630 4087 1691 4148 οὗ

100 4166 392 4236 γεγόνασιν
417 4169 713 4241 ἄνθρωποι.
732 4172 871 4225 Ἀλλ’
893 4175 1042 4243 ὅμως
1067 4173 1209 4245 ὁρῶν
1238 4174 1467 4241 πολλοὺς
1498 4179 1556 4231 ἐν
1590 4196 1691 4233 πο-

100 4268 167 4320 νη
178 4250 269 4323 ρίᾳ
306 4251 535 4319 ζῶντας,
565 4256 657 4309 καὶ
682 4255 1119 4328 εὐθυμουμένους
1136 4259 1184 4325 δ,
1217 4260 1313 4314 καὶ
1340 4262 1448 4324 τῶν
1482 4264 1690 4334 παρόν-

101 4353 211 4389 των
242 4340 539 4408 χρημάτων
567 4340 958 4406 ἀπολαύοντας,
984 4343 1300 4413 εὐχαριστεῖ
1332 4344 1408 4416 τῷ
1441 4344 1560 4418 Θεῷ
1595 4348 1692 4401 καὶ

100 4421 287 4485 αὐτὸς,
319 4422 412 4475 καὶ
436 4426 547 4486 τοῖς
575 4423 754 4488 ἄλλοις
775 4427 908 4479 πᾶσι
937 4426 1171 4499 παρῄνει
1189 4426 1367 4483 τοῦτο.
1388 4430 1531 4501 Πρὸς
1551 4431 1693 4485 ἐκεῖ·

100 4523 195 4561 νον
222 4504 464 4575 βλέπετε.
494 4508 603 4561 Καὶ
633 4509 699 4562 σὺ
724 4510 851 4563 ὅταν
882 4510 996 4582 ἴδῃς
1029 4510 1121 4564 τὸν
1158 4510 1393 4582 πονηρὸν
1427 4512 1692 4585 εὐθυμού-

102 4607 287 4662 μενον,
319 4591 446 4644 ὅταν
481 4592 596 4664 ἴδῃς
615 4593 994 4664 ἐπαιρόμενον,
1028 4594 1158 4648 ὅταν
1181 4593 1298 4666 ἴδῃς
1324 4594 1536 4669 ἐχθρῶν
1557 4614 1692 4669 κρα-

96 4674 299 4729 τοῦντα
324 4716 339 4740 ,
388 4678 514 4740 τούς
571 4676 946 4750 λελυπηκότας
996 4677 1372 4748 ἀμυνόμενον,
1421 4678 1690 4751 μηδεμίαν

100 4758 413 4812 ὑποστάντα
466 4761 689 4831 ζημίαν,
728 4760 1065 4831 πανταχόθεν
1111 4760 1262 4832 αὐτῷ
1307 4763 1377 4817 τά
1431 4766 1690 4836 χρήματα

98 4843 448 4912 ἐπιρρέοντα,
474 4846 680 4908 πάντας
698 4844 971 4916 τιμῶντας
993 4845 1087 4899 καὶ
1117 4844 1529 4911 κολακεύοντας,
1558 4864 1691 4903 σαυο

96 4927 198 4982 τὸν
229 4926 287 4980 δὲ
318 4928 375 4980 6v
412 4930 523 4992 τοῖς
555 4928 818 4993 ἐναντίοις
856 4932 1040 4990 πᾶσιν,
1089 4931 1146 4982 ἐν
1188 4927 1493 5000 ἐπηρείαις,
1525 4947 1688 4985 συκ)-

99 5009 376 5080 φαντίαις,
403 5011 735 5076 ἐπιϐουλαῖς,
770 5011 843 5082 μὴ
873 5010 1100 5083 νομίσῃς
1132 5006 1272 5065 εἶναι
1290 5010 1398 5064 τῶν
1420 5013 1690 5086 ἐπερριμ-

102 5092 304 5164 μένων,
342 5094 456 5148 ἀλλ’
480 5096 561 5158 είς
589 5094 803 5148 Παῦλον
836 5093 959 5148 ίδὼν
992 5094 1084 5148 τὸν
1111 5093 1210 5165 τῆς
1245 5095 1345 5166 σῆς
1372 5094 1501 5149 ὄντα
1528 5098 1688 5169 μερί-

98 5179 214 5241 δος,
248 5177 476 5249 ἀνάϐηθι
503 5177 599 5249 τὴν
619 5177 878 5239 διάνοιαν,
904 5176 1208 5248 ἀνάκτησαι
1227 5179 1353 5241 τοὺς
1372 5177 1685 5250 λογισμοὺς,

104 5262 184 5333 μὴ
217 5262 530 5334 καταπέσῃς
561 5260 666 5314 ὑπὸ
704 5262 803 5332 τῆς
850 5260 1105 5331 ἀθυμίας.
1143 5260 1247 5313 Τὸν
1278 5260 1431 5330 φίλον
1457 5262 1536 5333 τῷ
1569 5263 1688 5335 Θεῷ

103 5344 202 5398 καὶ
230 5342 319 5397 16v
346 5344 602 5414 πολέμιον
632 5344 707 5416 μὴ
733 5344 843 5398 ἀπὸ
861 5344 960 5413 τῆς
988 5342 1293 5414 εὐπραγίας
1321 5345 1416 5399 καὶ
1445 5344 1687 5419 δυσπρα-

104 5428 232 5498 γίας
271 5428 370 5498 τῆς
400 5427 635 5482 ἐνταῦθα
660 5426 942 5498 δοκίμαζε,
973 5426 1109 5480 ἀλλά
1139 5426 1205 5481 ἀν
1238 5427 1337 5497 μὲν
1364 5428 1480 5503 ἴδῃς
1509 5428 1687 5499 ὀρθῶς

104 5512 303 5579 ζῶντα,
326 5512 422 5566 καὶ
447 5512 587 5582 νόσῳ
616 5512 960 5582 κενούμενον,
987 5511 1080 5564 καὶ
1103 5510 1238 5583 πρὸς
1264 5511 1544 5566 εὐσέϐειαν
1567 5512 1686 5583 βλέ-

104 5614 295 5662 ποντα,
327 5595 598 5669 μακάριζε
626 5598 721 5651 καὶ
753 5596 993 5669 ζηλωτὸν
1021 5591 1161 5650 εῖναι
1186 5596 1395 5667 νόμιζε,
1428 5596 1532 5651 κᾶν
1578 5616 1681 5669 μυ-

105 5681 230 5755 ρίας
267 5681 482 5745 ἁλύσεις
515 5682 854 5753 περικέηται,
884 5682 976 5735 καὶ
1008 5680 1378 5753 δεσμωτήριον
1414 5682 1534 5753 οίκῇ
1565 5682 1680 5737 δια-

170 5787 195 5854 :
224 5781 361 5854 ρει-ι).
387 5783 513 5854 καλὰ
535 5783 718 5854 ὄψεται.

170 5837 198 5879 δ
219 5843 350 5895 Colb.
384 5837 712 5906 εὐθυμοῦντας.

418 5916 698 5995 ΡΑτκοι..
746 5916 861 6011 Cm.
909 5913 978 5980 [ι.

1795 745 1853 797 ἐν
1893 745 2151 816 ἀσελγείᾳ
2198 743 2293 799 καὶ
2339 743 2596 815 πονηρίᾳ,
2630 743 2725 797 καὶ
2766 745 2877 806 τοῖς
2908 743 3159 813 ἐσχάτοις
3202 742 3381 807 ζῶντα

1795 831 2004 892 κακοῖς,
2034 830 2129 882 κα)⁵
2154 828 2353 900 πολλῆς
2381 827 2721 882 ἀπολαύοντα
2743 827 2931 897 τιμῆς,
2962 827 3056 880 ἐπὶ
3076 827 3168 881 τὸν
3192 826 3382 899 θρόνον

1795 910 1959 964 αὐτὸν
1986 911 2345 966 ἀναϐαίνοντα
2376 911 2468 965 τὸν
2500 910 2796 982 βασιλικδν,
2832 911 2925 965 καὶ
2948 910 3187 982 διάδημα
3218 928 3379 984 περι-

1796 997 2070 1067 κείμενον,
2103 998 2197 1051 xc}.
2226 997 2523 1069 ἁλουργίδα
2566 996 2780 1067 ἔχοντα,
2813 995 3029 1065 καὶτῆς
3058 995 3380 1067 οἰκουμένης

1797 1081 2017 1151 ἀπάσης
2036 1081 2362 1153 κρατοῦντα,
2383 1082 2648 1152 δάκρυσον
2670 1080 2766 1134 καὶ
2782 1079 2871 1134 διά
2888 1078 3047 1133 τοῦτο
3077 1078 3169 1132 τὸν
3199 1078 3380 1132 τοιοῦ-

1794 1181 1907 1227 τον,
1937 1166 2030 1218 καὶ
2064 1164 2336 1230 ταλάνιζε.
2362 1166 2529 1219 Οὐδὲν
2570 1164 2676 1237 γάρ
2716 1164 2882 1227 ὅντως
2918 1162 3249 1235 ἀθλιώτερον
3279 1163 3381 1234 τῆς

1794 1246 1937 1300 οὕτω
1964 1247 2313 1319 διακειμένης
2338 1247 2539 1319 ψυχῆς,
2570 1248 2675 1302 κᾶν
2716 1248 2896 1301 πᾶσαν
2934 1246 3381 1317 ὐποτεταγμένην

1794 1328 1894 1402 ἔχῃ
1926 1329 2023 1400 τὴν
2051 1330 2395 1401 οἰκουμένην.
2421 1331 2485 1383 Τί
2518 1330 2627 1401 γάρ
2655 1329 2847 1399 δφελος
2873 1331 2930 1383 ἐν
2954 1330 3198 1401 χρήμασι
3219 1329 3385 1382 πλου··

1793 1415 1924 1477 τεῖν,
1959 1414 2089 1467 ὅταν
2108 1413 2250 1468 κατά
2275 1414 2375 1486 τὴν
2409 1414 2610 1486 ἀρετὴν
2637 1414 2857 1467 πάντων
2881 1412 3204 1483 πενέστερος
3232 1407 3299 1485 ᾖς
3326 1410 3382 1465 τί

1792 1494 1850 1547 δὲ
1884 1495 2073 1567 κέρδος
2121 1496 2390 1551 τοσούτων
2436 1500 2679 1568 κρατεῖν,
2714 1497 2840 1550 ὅταν
2886 1494 3083 1549 ἐαυτοῦ
3135 1495 3230 1550 καὶ
3271 1495 3381 1549 τῶν

1794 1578 1989 1631 ἐαυτοῦ
2043 1579 2231 1633 παθῶν
2289 1579 2365 1651 μὴ
2415 1579 2639 1650 δύνηται
2690 1577 3106 1651 περιγενέσθαι;
3149 1578 3288 1631 Ἀλλ’
3316 1576 3382 1631 ἂν

1797 1660 1895 1731 μὲν
1925 1662 2084 1731 σῶμα
2106 1662 2305 1734 ίἔδωμεν
2336 1664 2521 1726 κακῶς
2551 1662 2890 1733 διακείμενον
2912 1663 3004 1716 καὶ
3025 1661 3380 1733 πυρέττοντα,

1792 1743 1825 1812 ἢ
1876 1742 2159 1817 ποδαλγίᾳ,
2192 1744 2225 1816 ἢ
2262 1745 2398 1817 φθόῃ
2451 1744 2639 1817 τινὶ,ἥ
2685 1747 2857 1817 ἑτέρῳ
2909 1744 3195 1816 ἀνηκέστῳ
3222 1743 3385 1799 πάθει

1794 1827 2360 1898 προκατειλημμένον,
2391 1828 2722 1900 δακρύομεν,
2761 1828 2864 1883 κάν
2894 1829 3111 1883 πάντων
3139 1827 3385 1899 εὐπορώ-

1791 1926 1950 1980 τερος
1980 1907 2036 1984 ᾗ,
2068 1913 2162 1963 καί¹
2190 1911 2429 1983 τοσούτῳ
2464 1911 2686 1982 μᾶλλον,
2720 1912 2939 1983 ὅσῳπερ
2981 1910 3048 1965 ἂν
3076 1912 3385 1983 εὐπορώτε-

1797 1990 1961 2067 ρος
1977 1995 2042 2049 Ἠ
2063 1995 2173 2065 γάρ
2198 1995 2452 2069 αἴσθησις
2473 1996 2776 2068 δριμυτέρα
2803 1996 3013 2065 γίνεται
3038 1996 3146 2050 τῶν
3169 1995 3381 2058 δεινῶν,

1792 2076 1920 2129 ὅταν
1966 2078 2025 2130 ἐν
2067 2077 2300 2150 ἀφθονίᾳ
2340 2096 2424 2142 τις
2451 2079 2560 2134 τῶν
2592 2080 2905 2149 ἀναγκαίων
3029 2079 3091 2131 '0
3133 2078 3232 2150 μὲν
3273 2078 3383 2150 γὰρ

1793 2160 1949 2232 παρὰ
1991 2161 2181 2215 πενίαν
2214 2162 2557 2234 κωλυόμενος
2592 2163 2692 2235 τῆς
2732 2162 3107 2227 ἀπολαύσεως,
3143 2162 3255 2232 ἔχει
3282 2161 3383 2233 τὴν

1792 2244 2038 2317 ἀνάγκην
2060 2245 2407 2318 παραμυθίαν
2426 2267 2436 2278 ·
2460 2248 2489 2300 6
2507 2247 2564 2300 66
2581 2247 2770 2319 κύριος
2787 2245 2862 2301 ὣν
2886 2248 3033 2321 πάσῃ
3057 2245 3380 2318 κεχρῆσθαι,

1793 2329 1887 2382 καὶ
1912 2329 2253 2401 κωλυόμενος
2278 2329 2383 2385 ὐπὸ
2403 2331 2503 2402 τῆς
2526 2332 2860 2402 ἀρρωστίας,
2878 2330 3028 2401 αὐτῷ
3046 2330 3220 2403 τούτῳ
3248 2330 3385 2402 μᾶλ-

1793 2411 1884 2467 λον
1915 2414 2282 2484 ἐμπίπραται.
2304 2414 2429 2479 Πῶς
2446 2411 2540 2469 οὖν
2563 2417 2666 2469 οὐκ
2690 2415 2890 2469 ἀτοπον
2915 2418 2963 2469 εί
2990 2415 3090 2487 μὲν
3117 2415 3386 2487 νοσήματι
3403 2482 3425 2495 α

1795 2498 2094 2569 σωματικῷ
2118 2499 2660 2571 προκατειλημμένον
2690 2501 2788 2555 ῐδοι
2796 2500 2895 2572 μέν
2916 2518 3059 2564 τινα,
3078 2498 3385 2564 ταλανίζειν

1793 2582 1978 2648 αὐτὸν,
2010 2581 2115 2637 κᾶν
2139 2581 2373 2654 εὖπορος
2397 2580 2454 2657 ᾖ,
2481 2583 2661 2656 ψυχῆς
2698 2584 2755 2638 δὲ
2789 2584 2976 2649 κακῶς
3005 2584 3381 2655 διακειμένης,

1794 2665 1995 2737 ψυχῆς,
2028 2662 2097 2739 ἦς
2128 2667 2260 2738 ἡμῖν
2290 2668 2403 2722 ἴσον
2426 2669 2577 2722 οὐδὲν
2613 2669 2733 2722 οὐδὲ
2764 2668 3108 2741 τιμιώτερον,
3144 2669 3387 2742 μακαρι-

1793 2749 1910 2814 ζειν
1942 2750 2009 2804 δι’
2031 2751 2186 2819 ὀλίγα
2220 2753 2501 2824 χρήματα,
2529 2753 2563 2825 ἢ
2617 2752 2705 2808 διὰ
2754 2755 3089 2826 πρόσκαιρον
3131 2754 3319 2825 τιμὴν,
3348 2753 3384 2825 ἢ

1791 2834 1859 2888 δι’
1881 2834 2008 2889 ἄλλο
2051 2835 2161 2889 τῶν
2207 2836 2442 2891 ἐνταῦθα
2489 2838 2758 2908 μενόντων
2801 2838 2898 2892 καὶ
2944 2837 3083 2909 μετά
3111 2838 3210 2909 τῆς
3240 2837 3387 2908 ζωῆς

1794 2916 1948 2990 [755]
1978 2913 2202 2988 ταύτης,
2240 2920 2443 2990 μᾶλλον
2468 2920 2525 2974 δὲ
2558 2919 2819 2984 πολλάκις
2847 2921 2942 2974 καὶ
2971 2919 3078 2992 πρὸ
3101 2922 3197 2992 τῆς
3217 2920 3383 2990 ζωῆς,

1791 3003 1939 3072 ἡμᾶς
1984 3002 2503 3073 ἀπολιμπανόντωνς
2558 3004 2671 3075 Μὴ,
2708 3003 3033 3075 παρακαλῶ.
3066 3004 3250 3058 Ταῦτα
3284 3005 3388 3074 τῆς

1791 3085 2036 3156 ταραχῆς
2083 3087 2218 3156 ἡμῖν
2258 3085 2430 3144 αἴτια.
2456 3083 2629 3140 ταῦτα
2666 3085 2918 3157 θορύϐου.
2951 3086 3050 3141 Διά
3091 3087 3252 3141 τοῦτο
3288 3087 3385 3141 τοῦ

1793 3166 1927 3221 Θεοῦ
1992 3166 2360 3239 κατηγοροῦσι
2408 3167 2631 3234 πολλοὶ,
2682 3167 2771 3221 διά
2824 3167 2982 3222 τοῦτο
3030 3169 3121 3223 τὸν
3179 3169 3386 3241 κόσμον

1794 3252 2127 3323 ἀπρονόητον
2150 3250 2481 3324 νομίζουσιν.
2500 3253 2588 3315 Ὠς
2612 3252 2662 3305 εί
2685 3252 2882 3324 ᾔδεσαν
2903 3253 2984 3306 ὃτι
3006 3253 3157 3307 οὐδὲν
3181 3254 3385 3323 ἀγαθὸν

1794 3335 1854 3388 ἐν
1882 3333 1960 3405 τῷ
1989 3334 2218 3406 παρόντι
2252 3335 2373 3405 βίῳ,
2403 3334 2571 3407 ἀλλ’ἢ
2604 3336 2773 3408 ἀρετὴ
2823 3336 3005 3407 μόνον,
3035 3336 3097 3390 οὐ
3131 3335 3381 3402 πλοῦτος,

1795 3419 1856 3472 οὐ
1890 3420 2170 3491 χρήματα,
2205 3419 2304 3490 οὐχ
2334 3419 2535 3488 ὑγίεια,
2564 3420 2625 3473 οὐ
2670 3420 2980 3488 δυναστεία,
3008 3422 3109 3475 οὐκ
3138 3421 3268 3476 ἄλλο
3291 3423 3385 3476 οὐ-

1795 3504 1903 3569 δὲν,
1934 3505 2030 3558 καὶ
2070 3504 2147 3567 ὡς
2192 3504 2345 3557 οὐδὲν
2375 3504 2542 3558 κακὸν
2573 3507 2631 3560 ὲν
2670 3505 2748 3576 τῷ
2793 3506 3021 3577 παρόντι
3054 3506 3174 3578 βίῳ,
3206 3507 3322 3561 ἀλλ’
3350 3506 3383 3579 ἦ

1796 3588 1967 3642 κακία
2003 3588 2165 3659 μόνον
2210 3588 2307 3642 κα)⁸
2340 3588 2575 3661 πονηρία
2621 3590 2715 3643 καὶ⁵
2760 3588 3060 3661 διαστροφὴ
3087 3590 3283 3662 ψυχῆς,
3321 3593 3383 3644 οὐ

1797 3671 1957 3724 πενία
1993 3671 2090 3725 καὶ
2113 3671 2287 3735 νόσος,
2316 3672 2411 3725 καὶ
2455 3673 2708 3743 ἐπήρεια,
2752 3671 2847 3724 καλ⁸
2888 3672 3263 3741 συκοφαντίαι,
3294 3672 3390 3728 καὶ

1793 3754 1866 3807 τά
1897 3754 2051 3817 ἀλλα,
2080 3753 2117 3809 ἃ
2140 3754 2421 3825 νομίζεται
2451 3749 2592 3807 εἶναι
2623 3754 2793 3816 δεινὰ,
2828 3754 2928 3807 οὐκ
2957 3754 3024 3809 ἀν
3057 3771 3188 3808 ποτε
3214 3756 3390 3813 ταῦτα

1797 3836 2143 3906 ἐφθέγξαντο,
2172 3837 2316 3908 άπερ
2353 3837 2469 3903 νῦν,
2501 3838 2603 3890 οὐκ
2631 3837 2696 3891 ἄν
2722 3853 2854 3890 ποτε
2884 3840 2941 3890 6v
2962 3836 3170 3911 ἀθυμίᾳ
3196 3838 3388 3910 διήγα-

1796 3937 1913 3990 γον,
1942 3922 2044 3975 οὐκ
2078 3921 2143 3975 ἀν
2173 3938 2303 3975 ποτε
2344 3921 2690 3992 ἐμακάρισαν
2732 3919 2827 3983 οὓς
2856 3919 3163 3986 ταλανίζειν
3193 3923 3385 3994 ἐχρῆν,

1797 4007 1896 4060 οὐκ
1921 4006 1985 4060 ἄν
2016 4022 2148 4059 ποτε
2181 4004 2502 4059 ἐταλάνισαν
2533 4002 2629 4068 οὓς
2664 4003 2992 4076 μακαρίζειν
3027 4004 3155 4071 ἔδει,
3189 4007 3291 4061 οὐκ
3320 4008 3388 4060 ἀν

1797 4090 1873 4153 ὡς
1901 4091 2028 4160 περὶ
2059 4089 2228 4143 ὄντων
2257 4087 2367 4141 τῶν
2404 4084 2709 4157 ἀνθρώπων
2733 4086 3015 4141 διέκειντο.
3052 4088 3125 4141 Τὸ
3157 4088 3266 4161 γάρ
3294 4091 3387 4145 ἐπὶ

1798 4172 2157 4244 πολυσαρκίᾳ,
2184 4171 2278 4225 καὶ
2301 4169 2516 4240 δαψιλεῖ
2543 4170 2740 4241 φάτνῃ,
2773 4169 2869 4224 καὶ
2896 4168 3049 4241 ὕπνῳ
3079 4171 3260 4243 πολλῷ
3283 4191 3387 4243 μα-

1797 4254 2044 4327 καρίζειν
2091 4252 2412 4326 ἀνθρώπους
2442 4253 2593 4307 οὐδὲν
2626 4251 2812 4323 ἕτερόν
2854 4253 3023 4317 ἐστιν,
3059 4253 3092 4325 ἢ
3128 4254 3205 4318 ώς
3256 4257 3386 4328 περὶ

1796 4340 2008 4410 ἀλόγων
2052 4338 2390 4393 διακεῖσθαι·
2439 4337 2562 4391 ἐπεὶ
2595 4338 2691 4390 καὶ
2722 4336 2947 4391 ἐκείνων
2975 4337 3131 4392 τοῦτό
3161 4340 3311 4393 ἐστιν
3347 4342 3380 4411 η

1796 4424 2088 4494 εὐπραγία,
2119 4421 2319 4494 μᾶλλον
2348 4422 2405 4476 δὲ
2430 4420 2526 4476 καὶ
2558 4422 2617 4476 ἐν
2643 4424 2757 4486 τοῖς
2784 4422 3000 4492 ἀλόγοις
3029 4424 3199 4478 κακία
3225 4425 3384 4479 τοῦτό

1795 4511 1932 4566 ἐστι.
1960 4508 2153 4563 Πολλοὶ
2182 4506 2314 4578 γοῦν
2350 4507 2444 4560 καὶ
2467 4505 2576 4561 ὄνοι
2599 4508 2694 4561 καὶ
2720 4507 2878 4562 ἵπποι
2900 4507 3288 4581 διεφθάρησαν,
3323 4510 3382 4563 ἐν

1795 4593 1965 4666 ἀργίᾳ
1992 4594 2087 4647 καὶ
2115 4589 2394 4663 ἀδηφαγίᾳ
2432 4589 2652 4655 ζῶντες.
2684 4586 2836 4655 Εἶτα,
2870 4592 2961 4643 ἐπὶ
2989 4590 3089 4662 μὲν
3115 4593 3223 4646 τῶν
3252 4591 3379 4647 ἀλό-

1795 4690 1908 4742 γων
1952 4673 2129 4738 ζιτνυν,
2164 4668 2246 4736 οἷς
2291 4673 2325 4742 ἡ
2363 4671 2513 4723 πᾶσα
2560 4668 2731 4741 ἀρετὴ
2780 4671 2838 4723 ἐν
2876 4668 3058 4742 εὐεξίᾳ
3104 4669 3376 4742 σώματος,

1798 4755 2060 4828 βλαϐερὸν
2101 4754 2288 4809 τοῦτο·
2339 4752 2433 4806 ἐπὶ
2478 4752 2536 4806 δὲ
2572 4751 2679 4805 τῶν
2711 4751 3035 4825 ἀνθρώπων,
3069 4752 3150 4819 οἷς
3182 4757 3291 4810 πᾶν
3317 4756 3379 4811 :6

1802 4841 1963 4912 κῦρος
1992 4842 2050 4894 ἐν
2083 4843 2149 4910 τῇ
2175 4838 2276 4909 τῆς
2302 4836 2479 4907 ψυχῆς
2502 4834 2767 4908 εὐγενείᾳ,
2793 4837 2996 4909 ἀρετὴν
3025 4838 3182 4893 τοῦτο
3211 4840 3375 4912 θησό-

1798 4926 1958 4997 μεθα,
1988 4926 2084 4979 καὶ
2110 4925 2212 4978 οὐκ
2241 4918 2715 4991 αἱσχυνθησόμεθα
2744 4919 2834 4974 τὸν
2860 4922 3109 4994 οὐρανὸν,
3132 4924 3376 4991 καὶτοὺς

1794 5011 1893 5081 τῆς
1924 5009 2104 5080 ψυχῆς
2143 5006 2298 5078 ἡμῶν
2332 5007 2613 5074 συγγενεῖς
2648 5003 2942 5074 ἀγγέλους;
2982 5006 3083 5059 οὐκ
3119 5005 3373 5080 ἐρυθριᾷς

1795 5096 1888 5148 καὶ
1913 5093 2083 5163 αὐτὴν
2104 5090 2199 5145 τοῦ
2229 5087 2482 5160 σώματος
2504 5088 2603 5161 τὴν
2627 5086 2788 5157 φύσιν
2810 5089 2905 5141 καὶ
2933 5087 3031 5159 τὴν
3055 5088 3369 5160 διάπλασινς

1793 5179 1854 5233 οὐ
1889 5177 1999 5248 γὰρ
2028 5176 2217 5246 ὥσπερ
2242 5176 2355 5238 τοῖς
2386 5172 2622 5242 ἀλόγοις,
2661 5170 2804 5225 οὕτω
2837 5172 2931 5224 καὶ⁵
2966 5173 3098 5243 ἡμῖν
3131 5171 3262 5227 αὐτὸ
3288 5175 3368 5228 δια

1792 5261 2073 5316 ετύπωσεν
2123 5260 2153 5312 6
2197 5258 2352 5323 Θεὸς,
2379 5258 2495 5311 ἀλλ’
2518 5256 2594 5320 ὼς
2639 5254 2850 5325 πρέπον
2893 5249 2961 5325 ἦν
3005 5253 3195 5325 μέλλον
3221 5255 3370 5331 ψυχῇ

1792 5347 1982 5418 λογικῇ
2011 5344 2106 5398 καὶ
2134 5343 2388 5413 ἀθανάτῳ
2415 5341 2702 5395 διακονεῖν.
2744 5336 2844 5391 Διά
2887 5338 2939 5392 τί
2977 5339 3085 5410 γάρ
3125 5343 3237 5406 τοῖς
3272 5345 3372 5412 μὲν

1790 5430 2006 5498 ἀλόγοις
2034 5429 2166 5481 πᾶσι
2197 5426 2349 5480 κάτω
2382 5424 2631 5484 νεύοντας
2658 5421 2881 5491 ἐποίησε
2907 5422 3034 5485 τοὺς
3058 5421 3371 5494 ὀφθαλμοὺς

1789 5517 1818 5569 6
1854 5515 2007 5577 Θεὸς,
2041 5513 2125 5566 σοὶ
2155 5511 2212 5565 δὲ
2238 5509 2490 5579 καθάπερ
2515 5508 2575 5561 ἐν
2598 5504 2891 5577 ἀκροπόλει
2933 5508 2998 5577 τῇ
3030 5506 3239 5578 κεφαλῇ
3276 5510 3372 5578 φέ-

1793 5617 1902 5672 ρων
1934 5598 2129 5659 αὐτοὺς
2166 5594 2560 5664 ἐγκατέθηκεν;
2598 5591 2709 5646 ὀὐκ
2758 5589 2944 5672 ἐπειδὴ
2992 5592 3221 5655 ἐκείνοις
3268 5593 3369 5662 μὲν

1789 5671 1940 5735 οὐδὲν
1965 5680 2101 5750 πρὸς
2130 5679 2219 5732 τον
2246 5677 2474 5748 οὐρανὸν
2500 5673 2696 5732 κοινὸν,
2730 5672 2810 5728 σοὶ
2830 5671 2886 5726 δέ
2911 5673 3144 5743 μάλιστα
3162 5673 3231 5729 τά
3260 5675 3372 5730 ἀνω

1859 5838 1878 5868 ε
1905 5833 2041 5889 Colb.
2060 5832 2387 5903 οέξορύττηται.
2961 5913 3043 5973 2a
