3804 6270
457 292 569 354 753

462 415 820 486 περισκοπεῖν
851 414 1012 484 νόμος
1037 415 1128 468 καὶ
1162 414 1312 488 παρά
1340 415 1432 468 τοῦ
1462 413 1596 468 Θεοῦ
1629 416 1722 470 καὶ
1751 417 1903 488 παρά
1945 418 2046 489 τῆς

461 497 678 567 φύσεως
702 497 760 563 ἐξ
785 497 960 568 ἀρχῆς
987 499 1142 569 ἐτέθη
1167 516 1180 564 ;
1230 499 1326 552 Διά
1358 500 1411 552 τί
1438 502 1518 554 σοι⁵
1547 501 1645 572 μὲν
1671 501 1732 554 τὸ
1762 501 1923 572 σῶμα
1950 501 2043 572 δρ-

462 582 576 633 θιον
604 579 877 650 ἐποίησεν,
906 581 1135 644 ἐκείνοις
1164 582 1222 635 δὲ
1257 583 1418 637 πάλιν
1442 584 1592 637 κάτω
1621 584 1870 647 νενευκός
1890 601 1904 649 ;
1926 584 2046 654 οὐχὶ

460 662 548 716 διά
576 661 674 732 τὴν
709 661 878 731 αὑτήν
912 664 1092 718 αἰτίαν
1125 665 1306 732 πάλιν,
1341 668 1436 720 καὶ
1478 666 1572 720 ἀπ’
1607 667 1779 736 αὐτῆς
1803 666 1905 737 τῆς
1932 667 2043 720 διαο

462 743 713 806 πλάσεως
759 745 1028 800 παιδεύων
1062 764 1141 812 σε,
1179 749 1345 818 μηδὲν
1368 749 1548 803 κοινὸν
1578 749 1723 820 ἐχειν
1768 750 1905 821 πρὸς
1945 749 2044 820 τὴν

463 827 587 897 γῆν,
621 829 756 899 μήτε
801 830 1230 900 προστετηκέναι
1273 835 1383 896 τοῖς
1433 833 1668 902 παροῦσι
1715 834 2042 905 πράγμασι;

461 909 554 982 Μὴ
577 910 753 963 τοίνυν
784 913 1213 984 καταπροδῶμεν
1257 915 1357 986 τὴν
1407 915 1708 984 εὐγένειαν,
1740 915 1875 988 μηδέ
1906 916 2044 987 πρὸς

460 992 558 1064 τήν
587 995 696 1048 τῶν
731 996 941 1064 ἀλόγων
987 997 1300 1068 δυσγένειαν
1347 999 1801 1070 ἐξολισθήσωμεν,
1833 1000 1920 1053 ἵνα
1968 999 2043 1070 μὴ

459 1078 555 1132 καὶ
609 1079 738 1147 περὶ
787 1079 944 1150 ήμῶν
971 1080 1134 1153 εἴπῃ·
1165 1083 1511 1150 Ἀνθρωπος
1548 1083 1618 1136 ἐν
1663 1081 1803 1152 τιμῇ
1845 1082 1932 1135 ὢν
1972 1085 2044 1137 οὐ

461 1161 754 1229 συνῆκεν.
790 1164 864 1216 Τὸ
900 1165 1008 1235 γὰρ
1034 1169 1236 1237 τρυφῇ,
1268 1167 1362 1219 καὶ
1388 1165 1620 1236 πλούτῳ,
1655 1166 1749 1219 καὶ
1774 1165 1921 1237 δόξῃ,
1948 1165 2044 1219 καὶ

459 1248 573 1309 τοῖς
600 1245 834 1316 παροῦσι
861 1247 1147 1318 πράγμασι
1171 1249 1268 1319 τὴν
1295 1250 1594 1321 εὐημερίαν
1623 1249 1922 1320 ὁρίζεσθαι,
1943 1249 2045 1302 οὐκ

462 1327 610 1381 ἐστιν
655 1331 1080 1401 ἐπεσκεμμένων
1112 1331 1210 1403 τὴν
1250 1332 1457 1386 οἰκείαν
1486 1334 1784 1402 εὐγένειαν,
1816 1333 1929 1386 ἀλλ’
1952 1334 2046 1386 ἀν-

463 1410 698 1482 θρώπων
747 1414 930 1467 ἵππων
963 1417 1057 1469 καὶ
1099 1417 1236 1469 ὄνων
1277 1417 1602 1487 γενομένων.
1622 1417 1782 1470 Ἀλλά
1828 1417 1902 1490 μή
1953 1417 2044 1486 γέ·

1185 295 1244 352 S.
1281 295 1568 352 JOANNIS
1602 296 2088 356 CHRYSOSTOMI
2128 297 2446 356 ARCIIIEP.
2490 297 3040 356 CONSTANTINOP.

3681 294 3787 349 τοι

2148 418 2291 473 νοιτό
2319 434 2471 481 τινας
2490 417 2763 481 τοιούτους
2791 416 3024 470 ἐνταῦθα
3045 416 3319 488 παρεῖναι,
3349 415 3409 467 ἐν
3441 411 3608 482 ἁγίῳ
3629 411 3788 482 χορῷ

2151 499 2246 552 καὶ
2268 501 2483 573 θεάτρῳ
2524 501 2896 572 πνευματικῷ,
2933 501 3028 554 καὶ
3070 500 3312 569 συλλόγῳ
3343 498 3642 552 θεοσεϐεῖ.
3685 498 3786 549 Διὰ

2146 601 2255 656 γαρ
2303 585 2462 638 τοῦτο
2506 585 2628 637 καθ’
2652 584 2889 654 ἐκάστην
2937 583 3151 654 ἡμέραν
3195 582 3348 646 θείας
3397 579 3786 649 ἀπολαύομεν

2145 669 2482 738 ἀκροάσεως,
2522 668 2609 722 ἵνα
2647 667 2898 738 καθάπερ
2931 666 3173 738 δρεπάνῃ
3206 665 3286 738 τῷ
3322 666 3500 736 λόγῳ,
3533 664 3618 718 τὰ
3658 666 3785 717 ὑλο-

2149 750 2422 822 μανοῦντα
2449 751 2597 822 πάθη
2622 751 2720 821 τῆς
2744 750 2982 812 διανοίας
3009 751 3462 821 περικόπτοντες,
3495 748 3782 819 ἔγκαρπα

2143 835 2336 906 δένδρα
2362 833 2672 905 γενώμεθα,
2704 835 2796 888 καὶ
2822 833 3034 905 καρπὸν
3061 833 3375 903 ἐνέγκωμεν
3405 833 3674 904 ὦριμον,
3703 834 3781 893 εἰς

2145 918 2430 989 ἀποθήκην
2454 918 2843 988 ἀποτιθέμενον
2877 918 3183 990 βασιλικὴν,
3211 918 3370 982 δόξαν
3399 917 3673 989 φέροντα
3703 916 3777 984 τῷ

2146 999 2308 1069 κοινῷ
2358 999 2603 1072 Δεσπότῃ
2649 1001 2744 1054 καὶ
2793 999 3023 1071 γεωργῴ
3055 1001 3164 1053 τῶν
3207 1001 3512 1071 ἡμετέρων
3547 998 3771 1069 ψυχῶν,

2149 1083 2245 1136 καὶ
2279 1085 2409 1154 ήμῖν
2437 1083 2580 1154 ζωὴν
2604 1085 2702 1156 τὴν
2727 1086 3014 1148 ἀθάνατον,
3032 1081 3101 1158 ἧς
3121 1085 3333 1154 γένοιτο
3364 1085 3604 1146 πάντας
3625 1085 3773 1153 ημᾶς

2151 1169 2448 1237 ἐπιτυχεῖν,
2485 1168 2668 1240 χάριτι
2700 1169 2792 1222 καὶ
2815 1168 3194 1240 φιλανθρωπίᾳ
3218 1168 3313 1221 τοῦ
3342 1167 3579 1238 Κυρίου
3613 1167 3770 1236 ήμῶν

2163 1252 2338 1322 Ἰησοῦ
2356 1252 2615 1322 Χριστοῦ,
2638 1252 2756 1323 μεθ’
2777 1249 2838 1307 οὗ
2857 1251 2937 1322 τῷ
2959 1253 3134 1323 Πατρὶ
3159 1253 3275 1323 ἅμα
3297 1250 3379 1321 τῷ
3406 1252 3571 1321 ἁγίῳ
3598 1252 3768 1303 Πνεύο

2155 1351 2286 1406 ματι
2313 1335 2458 1402 δόξα,
2492 1336 2584 1390 καὶ
2616 1337 2835 1408 κράτος,
2865 1335 2961 1389 καὶ
2988 1337 3122 1407 τιμὴ
3153 1337 3231 1401 εἰς
3251 1339 3381 1400 τοὺς
3407 1336 3641 1398 αἰῶνας
3664 1335 3766 1388 τῶν

2155 1417 2386 1475 αἰώνων.
2407 1420 2462 1471 Ἀ
2473 1422 2601 1491 μήν.

1035 1606 1182 1680 [⁷⁵6]
1237 1621 1496 1706 ΠΕΡΙ
1559 1616 2120 1708 ΠΡΟΝΟΙΑΣ
2168 1620 2362 1706 ΚΑΙ
2419 1622 3173 1754 ΕΙΜΑΡΜΕΝΗΣ.

1090 1829 1282 1898 Λόγος
1302 1831 1386 1893 β’.

545 1907 600 1961 '0
624 1908 975 1978 κακολογῶν
994 1909 1238 1978 πατέρα,
1254 1911 1291 1981 ἢ
1311 1912 1560 1982 μητέρα,
1584 1913 1817 1976 θανάτῳ
1839 1917 2045 1968 τελευ-

462 1993 634 2059 τάτω,
667 1994 852 2064 φησίν·
895 1994 988 2049 ἐπὶ
1027 1996 1127 2066 τῆς
1169 1996 1416 2061 Παλαιᾶς
1448 2000 1476 2051 6
1506 1998 1669 2068 νόμος
1713 1998 1913 2062 ἔκειτο,
1952 2000 2043 2052 ὅτε

463 2081 526 2132 οὐ
555 2079 724 2150 πολλὴ
756 2078 983 2151 ἀρίστης
1019 2080 1292 2144 πολιτείας
1331 2084 1363 2152 ή
1399 2081 1676 2154 ἀκρίϐεια,
1700 2083 1790 2136 ὅτε
1813 2084 2045 2151 εἰσαγω-

463 2163 534 2232 γὴ
557 2162 650 2216 τοῦ
675 2163 819 2216 θείου
868 2158 958 2234 ἦν,
985 2164 1072 2216 ὅτε
1109 2163 1335 2218 παιδικὰ
1363 2165 1432 2218 τά
1473 2165 1932 2236 παραγγέλματα,
1955 2166 2044 2218 ὅτε

463 2247 522 2298 τὸ
555 2246 716 2314 γάλα,
743 2248 830 2300 ὅτε
857 2251 885 2301 6
909 2249 1275 2318 παιδαγωγὸς,
1299 2250 1386 2303 ὅτε
1423 2250 1452 2301 6
1485 2249 1693 2321 λύχνος,
1718 2251 1806 2303 ὅτε
1827 2253 1856 2304 6
1875 2250 2044 2315 τύπος

462 2330 611 2400 καὶὴ
644 2331 791 2384 σκιά.
830 2331 896 2383 Τί
925 2327 1018 2384 οὖν
1067 2332 1134 2386 ἀν
1171 2333 1421 2404 εἴποιμεν
1466 2334 1595 2403 περὶ
1632 2332 1739 2386 τῶν
1775 2334 1869 2388 νῦν
1897 2334 1955 2386 ἐν
1974 2337 2040 2405 τῇ

464 2413 666 2482 χάριτι,
697 2415 788 2466 καὶ
823 2416 888 2484 τῇ
932 2415 1042 2468 τῶν
1080 2415 1420 2486 πραγμάτων
1462 2415 1710 2488 ἀληθείᾳ,
1748 2417 1840 2470 καὶ
1861 2420 1926 2488 τῇ
1952 2434 2042 2470 το-

467 2497 638 2567 σαύτῃ
674 2497 895 2565 γνώσει,
923 2500 1040 2570 οὐχὶ
1063 2498 1276 2570 πατέρα
1308 2499 1401 2552 καὶ
1439 2500 1650 2574 μητέρα
1680 2500 2042 2569 κακολογούν-

463 2597 592 2645 των,
618 2579 733 2633 ἀλλ’
757 2581 919 2634 αὐτὸν
940 2582 1030 2635 τὸν
1051 2582 1160 2636 τῶν
1185 2583 1320 2636 ὅλων
1345 2582 1473 2636 Θεόν
1494 2583 1608 2651 ;τίς
1626 2585 1754 2647 τοὺς
1771 2584 2044 2650 τοιούτους

464 2661 672 2728 δέξεται
687 2665 952 2735 τιμωρίας
975 2665 1102 2720 ποία
1122 2665 1200 2736 τῷ
1225 2666 1407 2737 μέτρῳ
1423 2667 1522 2736 τῆς
1548 2667 1746 2730 κακίας
1768 2667 2043 2740 διαρκέσει

464 2745 715 2812 κόλασιςς
746 2749 898 2809 ποῖος
924 2747 980 2800 δὲ
1010 2747 1180 2818 πυρὸς
1207 2749 1472 2819 ποταμὸς,
1495 2751 1645 2813 ποῖος
1679 2749 1896 2821 σκώληξ
1923 2752 2045 2805 ἀτε-

465 2833 740 2903 λεύτητος,
772 2833 924 2886 ποῖον
961 2831 1151 2895 σκότος
1176 2832 1462 2904 ἐξώτερον,
1501 2837 1630 2888 ποῖα
1656 2835 1856 2906 δεσμὰ,
1890 2839 2044 2903 ποῖος

467 2916 730 2988 βρυγμὸς,
757 2919 907 2980 ποῖος
943 2915 1249 2987 κλαυθμός;
1291 2917 1475 2971 Πάντα
1525 2917 1733 2972 ἐλάττω
1767 2919 1836 2973 τά
1872 2919 2041 2990 βασα-

465 3001 736 3071 νιστήρια,
783 3000 877 3054 καὶ
921 3000 989 3054 τά
1046 3001 1176 3055 ὄντα
1216 3002 1313 3056 καὶ
1343 3001 1412 3056 τά
1454 3001 1715 3074 μέλλοντα
1765 3004 1863 3075 τῆς
1902 3004 2044 3060 οὕτω

465 3081 812 3155 διακειμένης
840 3083 1037 3156 ψυχῆς,
1067 3085 1165 3155 τῆς
1197 3085 1332 3158 πρὸς
1374 3085 1628 3141 τοσοῦτον
1659 3087 1858 3152 κακίας
1907 3106 2043 3145 κατ-

466 3167 798 3239 ενεχθείσης.
823 3169 1179 3241 Βλασφημίας
1206 3170 1263 3225 δὲ
1295 3172 1483 3243 τρόποι
1511 3171 1695 3227 πολλοὶ
1734 3172 1828 3226 καὶ
1855 3173 2043 3244 διάφο-

467 3268 571 3323 ρον
602 3252 789 3324 διόπερ
815 3254 1110 3324 ἀναγκαῖον
1139 3255 1333 3319 αὐτοὺς
1354 3255 1608 3309 ἐκθέσθαι
1629 3257 1888 3329 τήμερον,
1904 3255 2044 3311 ὥστε

471 3335 608 3406 μήτε
632 3337 852 3399 ἐκόντας
884 3339 990 3390 τινὶ
1011 3337 1236 3409 τοιούτῳ
1256 3341 1591 3410 περιπεσεῖν,
1627 3340 1764 3410 μήτε
1792 3341 1914 3395 τινά
1937 3341 2046 3395 τῶν

468 3417 658 3484 φίλων,
697 3420 833 3489 μήτε
868 3419 1058 3490 ἐχθρὸν
1094 3422 1492 3491 περιπίπτοντα
1535 3423 1798 3494 παριδεῖν.
1833 3425 1908 3477 Οὐ
1937 3426 2046 3496 γάρ

470 3504 638 3564 ἐστιν,
672 3501 771 3553 οὐκ
799 3499 916 3554 ἐστι
965 3503 1170 3575 ταύτης
1217 3504 1458 3576 ἁμαρτία
1511 3506 1732 3578 χείρων,
1778 3508 1894 3562 ἀλλ’
1925 3509 2047 3564 οὐδὲ

471 3585 581 3652 ῐση.
609 3583 746 3636 ἀλλά
779 3585 872 3637 καὶ
918 3585 1204 3657 προσθήκη
1265 3587 1450 3643 κακῶν
1495 3587 1654 3642 τοῦτό
1711 3591 1848 3656 ἐστι,
1899 3595 1992 3647 καὶ
2019 3593 2048 3647 ὃ

470 3668 648 3720 πάντα
703 3670 922 3738 συγχεῖ,
963 3669 1058 3722 καὶ
1107 3669 1490 3739 ἀσύγγνωστον
1543 3671 1657 3743 ἔχει
1707 3675 1927 3729 κόλασιν
1953 3678 2048 3731 καὶ

469 3749 746 3821 ἀφόρητον
767 3751 1057 3822 τιμωρίαν.
1102 3753 1258 3817 Τίνες
1285 3755 1422 3810 εἰσὶν
1453 3757 1502 3809 οί
1548 3758 1638 3811 τὸν
1677 3758 1810 3813 Θεὸν
1860 3762 2048 3826 κακῶς

470 3833 757 3917 λέγοντες;
795 3835 858 3888 Ol
889 3839 954 3906 τῇ
986 3836 1149 3908 σοφίᾳ
1197 3841 1298 3910 τῆς
1347 3841 1604 3912 προνοίας
1641 3842 1808 3897 αὑτοῦ
1857 3845 1957 3917 τήν
1984 3847 2048 3900 ἐκ

471 3915 571 3984 τῆς
594 3917 931 3988 εἰμαρμένης
954 3919 1180 3986 ἀταξίαν
1205 3923 1299 3976 καὶ
1329 3922 1574 3996 ἀνάγκην
1605 3915 2045 3998 ἐπιτειχίςοντες.

473 3998 584 4052 Καὶ
607 3999 667 4052 τὸ
698 4001 796 4071 μὲν
828 4002 954 4066 τοὺς
982 4003 1262 4069 ἀπίστους,
1298 4005 1555 4077 καὶπρὸς
1587 4007 1720 4073 ξύλα
1752 4011 1846 4064 καὶ
1870 4011 2050 4076 λίθους

476 4085 804 4168 κεχηνότας,
849 4089 944 4140 καὶ
995 4087 1423 4159 θεραπεύοντας,
1476 4094 1682 4164 ταύτην
1721 4099 1895 4149 νοσεῖν
1949 4099 2050 4168 τὴν

474 4167 648 4231 νόσον,
676 4169 988 4241 θαυμαστὸν
1012 4172 1185 4228 οὐδέν·
1216 4173 1279 4227 τὸ
1301 4173 1358 4226 δέ
1379 4177 1505 4240 τοὺς
1524 4177 1728 4248 ταύτης
1756 4179 1854 4249 μὲν
1876 4167 2051 4234 ἀπαλ-

474 4249 737 4320 λαγέντας
759 4253 860 4323 τῆς
882 4253 1084 4325 πλάνης
1107 4256 1313 4327 καὶτῆς
1337 4257 2047 4330 δουλείας,καταξιωθέντας

473 4334 533 4388 δὲ
568 4335 660 4388 τὸν
694 4337 786 4389 ἐπὶ
816 4337 1032 4391 πάντων
1056 4336 1249 4391 εἰδέναι
1275 4339 1428 4404 Θεὸν,
1448 4341 1536 4395 τὸν
1563 4343 1736 4414 ἀληθῆ
1764 4347 1859 4398 καὶ
1879 4347 2051 4414 ὅντως

477 4420 630 4483 Θεὸν,
645 4421 907 4492 ὧσπερέκ
931 4437 1074 4484 τινος
1094 4422 1434 4494 παλιρροίας,
1451 4425 1587 4498 πρὸς
1601 4427 1817 4500 ἐκείνην
1846 4431 2050 4488 ύποσύ-

482 4505 670 4578 ρεσθαι
702 4503 801 4576 τήν
841 4501 1030 4575 ζάλην,
1067 4505 1159 4558 τὸν
1214 4505 1471 4578 λογισμὸν
1499 4521 1525 4549 ει
1560 4509 1656 4562 καὶ⁹
1693 4513 1794 4584 τὴν
1830 4522 2049 4587 μανίαν,

477 4589 636 4642 τοῦτό
662 4591 777 4643 ἐστι
804 4588 864 4642 τὸ
899 4587 1220 4654 δεινότατον,
1248 4591 1342 4643 καὶ
1367 4589 1577 4645 πολλῶν
1609 4592 1778 4660 ὅντως
1801 4595 2052 4670 δακρύων

481 4673 574 4726 καὶ
629 4673 840 4744 θρήνων
887 4671 1056 4738 ἀξιον·
1111 4673 1241 4728 ὅταν
1277 4674 1326 4726 οἰ
1359 4673 1450 4727 τὸν
1505 4675 1742 4746 Χριστὸν
1803 4679 2052 4750 λέγοντες

480 4758 824 4826 προσκυνεῖν,
847 4756 942 4810 καὶ
963 4756 1231 4811 τοσούτων
1251 4758 1678 4825 καταξιωθέντες
1715 4767 2048 4836 μυστηρίων,

480 4837 576 4891 καὶ
609 4837 718 4891 τῶν
749 4839 1074 4910 ἀπορρήτων
1101 4841 1462 4912 μετασχόντες
1484 4843 1792 4912 δογμάτων,
1833 4849 1927 4902 καὶ
1951 4849 2052 4920 τῆς

485 4921 674 4988 σοφίας
703 4921 802 4991 τῆς
843 4920 902 4985 ἐξ
945 4923 1186 5002 οὐρανῶν
1211 4927 1343 4995 ήμῖν
1387 4928 1880 4999 κατενηνεγμένης,
1917 4933 2053 5002 μετά

480 5003 576 5074 τήν
600 5003 868 5075 τοσαύτην
893 5005 1058 5074 τιμήν
1085 5000 1154 5076 ἦς
1179 5007 1580 5063 ἀπολελαύκασι
1603 5009 1755 5082 παρὰ
1784 5013 1877 5066 τοῦ
1893 5000 2049 5080 Θεοῦ,

480 5087 698 5151 ἑκόντες
716 5088 941 5150 ἐαυτοὺς
963 5089 1462 5160 κατακρημνίζωσι,
1476 5092 1577 5163 τῆς
1600 5094 1698 5164 μὲν
1718 5094 2049 5169 ἐλευθερίας,

480 5173 548 5242 ἢν
585 5171 768 5235 αὐτοῖς
809 5173 838 5226 6
883 5171 1016 5235 Θεὸς
1058 5171 1371 5242 ἐχαρίσατο,
1409 5175 1549 5245 μετὰ
1591 5177 1792 5248 πολλῆς
1829 5179 2053 5248 ἀλογίας

482 5257 706 5319 ἑαυτοὺς
731 5255 1072 5323 ἐκϐαλόντες,
1128 5256 1341 5329 δουλεία
1365 5257 1421 5311 δὲ
1455 5261 1816 5336 χαλεπωτάτῃ
1851 5265 2056 5319 ὑποϐα-

481 5339 664 5404 λόντες
699 5342 948 5405 ἑαυτοὺς,
986 5343 1082 5395 καὶ
1136 5343 1612 5414 τυραννικωτάτην
1638 5347 1930 5416 τυραννίδα
1955 5348 2054 5419 τὴν

481 5423 582 5477 οὐκ
614 5419 779 5477 οὖσαν
833 5425 1263 5488 ἀναπλάττοντες
1301 5425 1388 5479 διά
1435 5425 1544 5480 τῶν
1595 5425 1906 5499 λογισμῶν,
1960 5433 2054 5486 καὶ

482 5510 666 5562 πᾶσαν
699 5508 891 5564 ἐλπίδα
943 5511 1188 5582 χρηστὴν
1226 5510 1606 5575 ἐκκόπτοντες,
1655 5513 1750 5564 καὶ
1788 5512 1857 5566 τά
1884 5515 2053 5586 νεῦρα

480 5592 591 5643 τῶν
612 5591 752 5661 ὑπὲρ
773 5591 975 5662 ἀρετῆς
997 5594 1410 5647 ἐσπουδακότων
1440 5595 1691 5661 ἐκτεμεῖν
1712 5597 2052 5668 ἐπιχειροῦν-

483 5687 596 5732 τες.
642 5673 906 5742 Καθάπερ
929 5675 984 5725 ἐν
1012 5675 1230 5745 πολέμῳ
1269 5677 1603 5748 στρατιώτας
1637 5680 1936 5744 γενναίους,
1961 5683 2053 5735 καὶ

487 5751 586 5819 τήν
609 5750 782 5820 ψυχὴν
812 5755 978 5824 αὑτήν
1002 5756 1140 5826 ὑπὲρ
1179 5758 1276 5827 τῆς
1322 5758 1571 5831 πατρίδος
1618 5761 1862 5829 ἑτοίμους
1897 5764 2054 5827 ὂντας

491 5835 798 5901 ἐπιδοῦναι,
845 5839 951 5892 τῶν
989 5841 1194 5912 ἐχθρῶν
1222 5861 1306 5906 τις
1358 5842 1498 5910 ίδὼν,
1552 5846 1646 5897 καὶ
1685 5846 1758 5917 μὴ
1805 5847 2052 5919 δυνηθεὶς

553 5939 577 5966 ⁸
601 5938 719 5987 Colb
763 5939 904 5997 ζάλην
928 5944 1020 5989 τῶν
1040 5946 1293 6006 )ογισμῶν.

2146 1825 2319 1897 ἑτέρῳ
2367 1822 2713 1893 καταϐλάψαι
2738 1822 2944 1894 τρόπῳ,
2972 1823 3108 1896 μηδὲ
3133 1822 3452 1892 ἀποστῆσαι
3480 1823 3594 1894 τῆς
3625 1825 3757 1894 ὑπὲρ

2142 1908 2236 1964 τοῦ
2273 1906 2533 1978 βασιλέως
2556 1905 2885 1978 προθυμίας,
2912 1905 3048 1977 μηδὲ
3084 1905 3309 1974 ποιῆσαι
3343 1905 3598 1970 δειλοὺς,
3623 1909 3754 1978 μηδὲ

2149 1993 2506 2067 μηχανήμασι
2546 1989 2699 2062 [757]
2730 1989 3135 2061 περιγενέσθαι,
3165 1990 3372 2061 ἑτέρως
3395 1991 3754 2062 λυμήναιτο,

2143 2077 2357 2132 πείθειν
2383 2074 2410 2113 δ
2445 2075 2740 2145 ἐπιχειρῶν
2793 2074 2870 2139 ὡς
2915 2075 3040 2146 εἰκῆ
3071 2076 3165 2128 καὶ
3199 2075 3381 2146 μάτην
3406 2077 3512 2128 καὶ
3543 2077 3642 2130 ἐπ’
3671 2079 3752 2129 ού-

2141 2162 2254 2216 δενὶ
2282 2159 2534 2215 τοσοῦτον
2568 2158 2968 2213 ἐπιδείκνυνται
2994 2159 3173 2222 πόνον,
3195 2157 3339 2212 ὥστε
3363 2160 3564 2214 αὐτῶν
3597 2162 3750 2214 ἐκλῦο

2147 2265 2237 2302 σαι
2271 2246 2371 2310 τὰς
2401 2247 2612 2316 χεῖρας,
2644 2243 2786 2297 ὥστε
2813 2243 2992 2298 αὐτῶν
3017 2242 3349 2298 καταϐαλεῖν
3372 2244 3483 2314 τὴν
3515 2244 3748 2316 ῥώμην,

2145 2333 2286 2386 ὥστε
2315 2330 2507 2384 σϐέσαι
2539 2329 2639 2401 τὴν
2665 2328 2996 2400 προθυμίαν,
3016 2328 3155 2382 ὥστε
3175 2327 3263 2380 διά
3289 2328 3526 2382 πάντων
3547 2329 3751 2382 τούτων

2144 2415 2455 2486 ἀποστῆσαι
2516 2414 2616 2484 μὲν
2670 2412 2770 2482 τῆς
2823 2412 2954 2484 περὶ
3015 2411 3107 2465 τὸν
3159 2410 3402 2480 πόλεμον
3472 2412 3746 2481 σπουδῆς,

2144 2501 2390 2572 γυμνοὺς
2409 2499 2467 2552 δέ
2498 2497 2593 2551 καὶ
2618 2495 2854 2560 ἀόπλους
2889 2495 3141 2566 νομίσας,
3178 2493 3516 2565 δεδεμένους
3546 2497 3746 2566 αἰχμα-

2144 2586 2351 2649 λώτους
2400 2582 2611 2637 λαϐεῖν’
2666 2581 2810 2634 οὕτω
2864 2580 2958 2634 καὶ
3021 2581 3051 2634 6
3098 2579 3346 2643 διάϐολος
3408 2581 3744 2652 πεποίηκεν.

2156 2669 2376 2732 Ἐπειδὴ
2412 2668 2560 2738 ἐώρα
2591 2668 2657 2737 τῇ
2695 2666 2880 2737 χάριτι
2912 2664 3006 2718 τοῦ
3045 2663 3182 2718 Θεοῦ
3230 2655 3293 2717 τὸ
3327 2662 3501 2718 πλέον
3540 2665 3652 2734 τῆς
3681 2667 3747 2717 oi-

2145 2753 2416 2825 κουμένης
2441 2747 2854 2818 καταγελῶντας
2897 2748 2994 2818 μὲν
3018 2747 3116 2817 τῆς
3148 2745 3477 2817 Ἑλληνικῆς
3510 2747 3742 2816 πλάνης⁹

2145 2839 2308 2892 παντὶ
2333 2835 2390 2889 δὲ
2418 2832 2576 2904 θυμῷ
2609 2833 2704 2886 καὶ
2726 2831 2874 2903 πάσῃ
2901 2831 3046 2902 ψυχῇ
3069 2830 3159 2883 τὸν
3177 2829 3318 2902 ὑπὲρ
3334 2830 3438 2900 τῆς
3461 2829 3746 2892 εὐσεϐείας

2145 2918 2547 2992 πρεσϐεύοντας
2592 2915 2782 2984 λόγον,
2850 2910 2970 2968 εἶτα
3011 2915 3076 2966 ἐκ
3134 2913 3326 2966 τούτου
3386 2912 3606 2984 πολλὴν
3656 2916 3744 2984 μὲν

2143 3005 2348 3078 ἀρετῆς
2376 3000 2705 3073 γιγνομένην
2756 2997 3030 3068 σπουδὴν,
3077 2995 3278 3068 πολλὴν
3327 2996 3385 3048 δέ
3433 2997 3743 3068 ὑπεροψίαν

2146 3087 2364 3152 κακίας,
2389 3083 2672 3157 προελθεῖν
2702 3082 2800 3154 μὲν
2828 3081 2925 3135 καὶ
2959 3080 3207 3152 φανερῶς
3232 3081 3433 3145 εἰπεῖν,
3463 3082 3739 3152 ἀπόστητε

2145 3172 2240 3227 τοῦ
2271 3167 2532 3242 Χριστοῦ,
2564 3165 2969 3234 καταγελάσατε
2998 3163 3109 3217 τῶν
3144 3165 3275 3233 παρ’
3314 3163 3489 3216 αὑτοῦ
3535 3164 3740 3234 δογμά-

2145 3274 2278 3323 των,
2323 3254 2492 3326 μῦθός
2523 3255 2638 3306 ἐστι
2663 3250 2734 3304 τά
2759 3249 2970 3303 ἐκείνου
3001 3248 3096 3300 καὶ
3129 3247 3335 3318 πλάνη,
3384 3249 3642 3320 πονηρός
3664 3251 3740 3312 ti;

2149 3343 2265 3394 ἐστι
2319 3339 2414 3393 καὶ
2464 3334 2852 3406 ἀπάνθρωπος,
2884 3332 2943 3385 ού
3003 3331 3198 3401 τολμᾷ·
3239 3327 3348 3385 οἶδε
3392 3330 3513 3403 γὰρ
3574 3332 3738 3402 ταύτῃ

2152 3423 2352 3494 μᾶλλον
2384 3419 2836 3489 ἀποπηδήσοντας
2891 3415 3057 3468 αὐτοῦ
3105 3414 3204 3484 τῆς
3249 3415 3595 3486 τυραννίδος,
3655 3420 3737 3469 καὶ

2153 3507 2482 3580 μισήσοντας
2510 3501 2672 3556 αὐτὸν
2699 3499 2982 3572 μειζόνως.
3003 3497 3102 3580 Διά
3122 3497 3281 3551 τοῦτο
3304 3497 3408 3568 μὲν
3443 3499 3506 3564 ἐξ
3527 3499 3737 3562 εὐθείας

2148 3579 2250 3646 οὐκ
2277 3589 2492 3656 εἰσάγει
2519 3584 2616 3657 τὴν
2648 3581 3005 3654 κατηγορίαν,
3037 3579 3221 3651 κύκλῳ
3243 3580 3300 3634 δὲ
3322 3582 3585 3652 περιιὼν,
3616 3585 3736 3636 ὐπο-

2152 3673 2366 3744 σπείρει
2399 3670 2574 3741 λάθρα
2621 3668 2712 3722 τὸν
2749 3667 2826 3720 ίὸν
2861 3665 2966 3718 τῶν
3011 3664 3289 3718 δυσσεϐῶν
3329 3664 3653 3735 δογμάτων,
3683 3670 3734 3720 τὸ

2153 3758 2251 3830 μὲν
2273 3757 2448 3810 δοκεῖν
2473 3754 2633 3823 ἀφεὶς
2674 3751 2858 3822 μένειν
2885 3751 2943 3802 ἐν
2971 3751 3039 3820 τῇ
3063 3748 3265 3813 πίστει,
3295 3751 3361 3818 τῇ
3391 3749 3454 3802 δὲ
3486 3750 3731 3821 ἀληθεία,

2150 3839 2444 3912 πρόρριζον
2467 3836 2636 3908 αὐτὴν
2663 3831 2945 3898 ἀνασπῶν,
2985 3832 3080 3885 καὶ
3109 3832 3286 3886 πάντα
3317 3832 3618 3887 καταλύων
3645 3834 3731 3903 τῆς

2149 3922 2405 3992 ἀληθείας
2436 3919 2506 3974 τά
2526 3919 2792 3989 δόγματα,
2818 3915 2913 3969 καὶ
2941 3914 3143 3985 πολλὴν
3165 3913 3258 3967 τοῦ
3282 3914 3420 3968 Θεοῦ
3453 3916 3730 3986 καταχέων

2150 4006 2405 4077 διαϐολὴν
2433 4002 2583 4076 παρὰ
2619 4004 2733 4064 τοῖς
2770 3999 3138 4071 πειθομένοις.
3168 3997 3268 4052 Διά
3307 3999 3472 4052 τοῦτο
3496 4001 3648 4070 αὐτῷ
3678 4003 3729 4053 τὸ

2149 4092 2474 4164 δηλητήριον
2491 4087 2670 4149 τοῦτο,
2689 4085 2783 4138 καὶ
2806 4083 2875 4138 τά
2895 4082 3242 4155 θανατηφόρα
3260 4083 3364 4152 τῆς
3390 4085 3728 4155 εἱμαρμένης

2147 4173 2586 4231 ,κατεσκεύασται
2637 4171 2924 4242 φάρμακα,
2967 4169 3056 4222 ἴνα
3110 4168 3291 4223 πάντα
3341 4171 3492 4240 ἆπερ
3524 4165 3676 4223 εἷπον
3704 4181 3722 4208 ε

2113 4290 2127 4300 ,
2151 4260 2329 4331 λάθρα
2356 4257 2646 4326 εἰσαγάγῃ,
2683 4254 2771 4306 ἵνα
2823 4253 2976 4307 κενὸν
3017 4253 3173 4324 ἡμῶν
3209 4252 3360 4323 δείξῃ
3385 4255 3449 4307 τὸ
3479 4255 3724 4325 φρόνημα

2153 4345 2246 4398 καὶ
2270 4343 2370 4414 τὴν
2411 4341 2594 4394 πίστιν
2644 4336 2827 4410 κενὴν,
2879 4338 2967 4391 ἵνα
3000 4338 3241 4408 πονηρὰν
3281 4339 3412 4410 περὶ
3458 4339 3557 4392 τοῦ
3605 4340 3724 4393 Θεοῦ

2153 4432 2316 4498 πείσῃ
2343 4427 2469 4488 τοὺς
2497 4423 2817 4492 ἀνθρώπους
2847 4422 3026 4492 ψῆφον
3072 4423 3236 4493 ἐχειν·
3264 4425 3404 4494 ὅπερ
3435 4421 3534 4478 οὖν
3558 4428 3651 4479 καὶ
3678 4429 3725 4478 ἐν

2151 4511 2294 4581 ἀρχῇ
2329 4507 2628 4577 πεποίηκεν
2651 4506 2742 4560 ἐπὶ
2769 4505 2862 4560 τοῦ
2906 4506 3100 4576 Ἀδὰμ,
3157 4507 3413 4580 καθάπερ
3471 4509 3725 4577 βάσκανόν

2151 4611 2272 4648 τινα
2303 4592 2397 4646 καὶ
2427 4590 2688 4662 φθονερὸν
2739 4589 3010 4643 διαϐαλὼν
3044 4591 3135 4644 τὸν
3191 4591 3346 4646 Θεόν.
3403 4593 3586 4646 Μόνον
3629 4594 3724 4663 γὰρ

2151 4678 2272 4748 οὐχὶ
2301 4675 2473 4739 οὕτως
2499 4674 2682 4742 ἔλεγεν
2716 4672 2784 4726 δι’
2817 4667 2891 4728 ὧν
2913 4675 3166 4746 παρῄνει·
3191 4674 3331 4744 ᾔδει,
3349 4677 3588 4745 φησὶν,ό
3608 4677 3722 4739 Θεὸς

2151 4763 2234 4816 ὅτι.
2265 4759 2644 4830 ἀνοιγήσονται
2687 4755 2841 4828 ὑμῶν
2871 4758 2920 4810 οἱ
2953 4756 3246 4827 ὀφθαλμοὶ,
3285 4757 3402 4828 ⁴ᾔδει
3434 4759 3524 4811 ὅτι
3549 4760 3723 4813 ἔσεσθε

2152 4844 2228 4908 ὡς
2253 4843 2385 4906 θεοὶ,
2425 4841 2720 4911 ἐφθόνησεν
2769 4841 2919 4910 ὑμῖν,
2977 4839 3280 4893 ἐϐάσκανεν
3313 4841 3446 4910 ὑμῖν
3491 4842 3719 4910 μείζονος

2154 4927 2340 4998 τιμῆς.
2374 4927 2436 4979 Εἰ
2464 4924 2573 4996 γάρ
2599 4925 2691 4976 καὶ
2720 4922 2795 4994 μὴ
2829 4923 3142 4995 προσετίθει
3178 4923 3353 4977 ταῦτα
3380 4924 3450 4977 τὰ
3483 4927 3718 4998 ῥήματα.

2154 5011 2329 5065 ταῦτα
2355 5010 2536 5071 αὐτοῖς
2567 5009 2660 5077 ἀφ’
2687 5002 2761 5060 ὧν
2812 5006 2995 5076 ἔλεγεν
3029 5008 3360 5060 ὑποπτεύειν
3394 5008 3591 5063 ἐδίδου.
3629 5013 3721 5065 Καὶ

2153 5098 2256 5168 ὅρα
2275 5095 2372 5166 τὴν
2399 5093 2753 5165 κακουργίαν.
2781 5090 3111 5161 Ἀνατρέψας
3141 5091 3234 5144 τοῦ
3257 5090 3393 5144 Θεοῦ
3415 5091 3515 5163 τήν
3533 5094 3716 5164 ψῆφον,

2154 5182 2247 5236 καὶ
2283 5177 2456 5232 εἰπὼν
2475 5179 2556 5230 ὅτι
2589 5175 2801 5247 μεγάλα
2834 5175 3016 5238 αὐτοῖς
3045 5174 3226 5244 ἀγαθά
3257 5173 3409 5228 ἐσται
3445 5177 3521 5246 μὴ
3557 5177 3719 5232 πειθο-

2157 5264 2339 5334 μένοις
2363 5259 2530 5331 αὐτῷ,
2557 5254 2688 5324 οἷον,
2713 5259 2913 5324 ἀνοιξις
2933 5257 3230 5328 ὀφθαλμῶν
3251 5259 3346 5312 καὶ
3374 5260 3614 5325 ίσοθεῖα,
3641 5263 3718 5315 καὶ

2153 5346 2355 5415 γνῶσις
2388 5343 2695 5414 ἠρτημένη,
2727 5342 2912 5395 οὐκέτι
2939 5341 3287 5413 προσέθηκεν
3322 5342 3408 5395 ὅτι
3445 5346 3717 5416 πονηρὸςὸ

2153 5429 2358 5482 τούτων
2382 5427 2684 5498 ἀπείργων,
2715 5425 2804 5479 ἵνα
2842 5424 2916 5496 μὴ
2958 5424 3085 5498 δόξῃ
3133 5424 3388 5496 καθάπερ
3427 5426 3620 5498 ἐχθρός
3648 5445 3715 5490 τις

2155 5513 2250 5566 καὶ
2284 5511 2544 5582 πολέμιος
2574 5509 2748 5579 λέγων
2798 5509 3207 5588 ἀπολογεῖσθαι,
3249 5509 3385 5564 ἀλλά
3440 5513 3711 5583 πρόσωπον

2160 5596 2464 5668 συμϐούλου
2527 5595 2622 5649 καί
2686 5595 2981 5666 κηδεμόνος
3035 5595 3270 5660 ὑποδὺς,
3325 5596 3712 5669 εὑπαράδεκτον

2160 5683 2362 5753 ποιήσῃ
2390 5679 2487 5750 τὴν
2519 5677 2691 5750 κακὴν
2725 5679 3063 5748 παραίνεσιν·
3095 5677 3123 5731 ὃ
3141 5678 3206 5748 δὴ
3234 5678 3329 5731 καὶ
3357 5680 3594 5748 γέγονεν,
3626 5683 3709 5736 Οὑ-

2223 5771 2250 5811 h
2276 5773 2566 5839 Λυμήνςηται,
2588 5772 2642 5820 τὸ
2665 5789 2718 5839 π.
2755 5771 2883 5820 Savil
2925 5772 3174 5839 gl‘Morel.
3202 5773 3252 5822 In
3276 5775 3412 5839 COIb.
3450 5777 3706 5839 legiluriv-

2161 5835 2332 5898 μήνετο
2351 5835 2522 5882 πείθειν
2545 5835 2800 5898 mendose,
2826 5840 2881 5882 υι
2915 5835 3126 5892 videtur,
3169 5849 3257 5896 pro
3302 5835 3523 5898 λυμῆνα(
3539 5842 3592 5886 τὸ
3622 5841 3706 5887 αἱ·

2158 5893 2268 5961 θειν.
2280 5893 2869 5961 [ιηοηοριηιίυωηινιοαιιηι
2887 5908 3052 5944 sensus
3071 5893 3443 5961 etgr‘ammal‘ica
3462 5899 3705 5961 requirunt.

2221 5957 2243 5987 ⁸
2274 5958 2353 6004 Sic
2372 5946 2503 6004 ςυίι).
2533 5964 2680 6004 recte.
2714 5956 2881 6004 Morel.
2917 5971 3031 6005 vero
3051 5965 3102 6006 et
3124 5946 3273 6006 ἒεγὶι.
3299 5961 3418 6021 ἅπερ
3441 5946 3555 6008 εἶπέ.
