  <div class='ocr_page' id='page_1' title='image "/cluster/home/n/w/nwhite01/storage/ocr_20150623/50/mdp.39015066055818/350.png"; bbox 0 0 3804 6270; ppageno 0'>
   <div class='ocr_carea' id='block_1_1' title="bbox 21 272 140 326">
    <p class='ocr_par' dir='ltr' id='par_1_1' title="bbox 21 272 140 326">
     <span class='ocr_line' id='line_1_1' title="bbox 21 272 140 326; baseline 0.008 -1"><span class='ocrx_word' id='word_1_1' title='bbox 21 272 140 326; x_wconf 70' lang='lat'><strong>7335</strong></span> 
     </span>
    </p>
   </div>
   <div class='ocr_carea' id='block_1_2' title="bbox 23 379 1642 453">
    <p class='ocr_par' dir='ltr' id='par_1_2' title="bbox 23 379 1642 453">
     <span class='ocr_line' id='line_1_2' title="bbox 23 379 1642 453; baseline 0.002 -14"><span class='ocrx_word' id='word_1_2' title='bbox 23 381 261 449; x_wconf 75' lang='lat' dir='ltr'><strong>indidit,</strong></span> <span class='ocrx_word' id='word_1_3' title='bbox 293 381 388 436; x_wconf 95' lang='lat' dir='ltr'><strong>tibi</strong></span> <span class='ocrx_word' id='word_1_4' title='bbox 418 393 547 436; x_wconf 88' lang='lat' dir='ltr'><strong>vero</strong></span> <span class='ocrx_word' id='word_1_5' title='bbox 578 379 629 434; x_wconf 90' lang='lat' dir='ltr'><strong>in</strong></span> <span class='ocrx_word' id='word_1_6' title='bbox 657 381 833 453; x_wconf 85' lang='lat' dir='ltr'><strong>capite</strong></span> <span class='ocrx_word' id='word_1_7' title='bbox 860 399 960 440; x_wconf 90' lang='lat' dir='ltr'><strong>ceu</strong></span> <span class='ocrx_word' id='word_1_8' title='bbox 1002 384 1054 440; x_wconf 94' lang='lat' dir='ltr'><strong>in</strong></span> <span class='ocrx_word' id='word_1_9' title='bbox 1099 401 1221 442; x_wconf 91' lang='lat' dir='ltr'><strong>arce</strong></span> <span class='ocrx_word' id='word_1_10' title='bbox 1264 389 1382 443; x_wconf 89' lang='lat' dir='ltr'><strong>illos</strong></span> <span class='ocrx_word' id='word_1_11' title='bbox 1411 389 1642 446; x_wconf 85' lang='lat' dir='ltr'><strong>colloca-</strong></span> 
     </span>
    </p>
   </div>
   <div class='ocr_carea' id='block_1_3' title="bbox 23 473 1644 547">
    <p class='ocr_par' dir='ltr' id='par_1_3' title="bbox 23 473 1644 547">
     <span class='ocr_line' id='line_1_3' title="bbox 23 473 1644 547; baseline 0.006 -20"><span class='ocrx_word' id='word_1_12' title='bbox 23 475 152 528; x_wconf 86' lang='lat' dir='ltr'><strong>vit?</strong></span> <span class='ocrx_word' id='word_1_13' title='bbox 199 489 382 529; x_wconf 81' lang='lat' dir='ltr'><strong>nonne</strong></span> <span class='ocrx_word' id='word_1_14' title='bbox 423 473 544 544; x_wconf 85' lang='lat' dir='ltr'><strong>quia</strong></span> <span class='ocrx_word' id='word_1_15' title='bbox 575 473 678 528; x_wconf 83' lang='lat' dir='ltr'><strong>illis</strong></span> <span class='ocrx_word' id='word_1_16' title='bbox 711 476 838 530; x_wconf 85' lang='lat' dir='ltr'><strong>nihil</strong></span> <span class='ocrx_word' id='word_1_17' title='bbox 879 491 998 530; x_wconf 92' lang='lat' dir='ltr'><strong>cum</strong></span> <span class='ocrx_word' id='word_1_18' title='bbox 1030 479 1161 532; x_wconf 63' lang='lat' dir='ltr'><strong>exulo</strong></span> <span class='ocrx_word' id='word_1_19' title='bbox 1203 493 1520 547; x_wconf 84' lang='lat' dir='ltr'><strong>connnune,</strong></span> <span class='ocrx_word' id='word_1_20' title='bbox 1550 481 1644 536; x_wconf 91' lang='lat' dir='ltr'><strong>tibi</strong></span> 
     </span>
    </p>
   </div>
   <div class='ocr_carea' id='block_1_4' title="bbox 23 567 1642 636">
    <p class='ocr_par' dir='ltr' id='par_1_4' title="bbox 23 567 1642 636">
     <span class='ocr_line' id='line_1_4' title="bbox 23 567 1642 636; baseline 0.007 -20"><span class='ocrx_word' id='word_1_21' title='bbox 23 580 170 620; x_wconf 86' lang='lat' dir='ltr'><strong>vero</strong></span> <span class='ocrx_word' id='word_1_22' title='bbox 191 576 253 620; x_wconf 90' lang='lat' dir='ltr'><strong>ut</strong></span> <span class='ocrx_word' id='word_1_23' title='bbox 273 579 504 634; x_wconf 87' lang='lat' dir='ltr'><strong>superna</strong></span> <span class='ocrx_word' id='word_1_24' title='bbox 531 567 994 636; x_wconf 89' lang='lat' dir='ltr'><strong>contemplareris,</strong></span> <span class='ocrx_word' id='word_1_25' title='bbox 1023 569 1102 623; x_wconf 90' lang='lat' dir='ltr'><strong>lex</strong></span> <span class='ocrx_word' id='word_1_26' title='bbox 1131 585 1160 622; x_wconf 95' lang='lat' dir='ltr'><strong>a</strong></span> <span class='ocrx_word' id='word_1_27' title='bbox 1191 571 1299 624; x_wconf 83' lang='lat' dir='ltr'><strong>Deo</strong></span> <span class='ocrx_word' id='word_1_28' title='bbox 1320 581 1372 624; x_wconf 91' lang='lat' dir='ltr'><strong>et</strong></span> <span class='ocrx_word' id='word_1_29' title='bbox 1397 587 1424 624; x_wconf 89' lang='lat' dir='ltr'><strong>a</strong></span> <span class='ocrx_word' id='word_1_30' title='bbox 1455 580 1642 627; x_wconf 83' lang='lat' dir='ltr'><strong>natura</strong></span> 
     </span>
    </p>
   </div>
   <div class='ocr_carea' id='block_1_5' title="bbox 25 655 1643 729">
    <p class='ocr_par' dir='ltr' id='par_1_5' title="bbox 25 655 1643 729">
     <span class='ocr_line' id='line_1_5' title="bbox 25 655 1643 729; baseline 0.006 -21"><span class='ocrx_word' id='word_1_31' title='bbox 25 657 154 723; x_wconf 89' lang='lat' dir='ltr'><strong>ipsa</strong></span> <span class='ocrx_word' id='word_1_32' title='bbox 187 655 257 709; x_wconf 90' lang='lat' dir='ltr'><strong>ab</strong></span> <span class='ocrx_word' id='word_1_33' title='bbox 286 656 437 710; x_wconf 92' lang='lat' dir='ltr'><strong>initio</strong></span> <span class='ocrx_word' id='word_1_34' title='bbox 479 656 648 724; x_wconf 93' lang='lat' dir='ltr'><strong>posita</strong></span> <span class='ocrx_word' id='word_1_35' title='bbox 677 657 797 710; x_wconf 87' lang='lat' dir='ltr'><strong>est?</strong></span> <span class='ocrx_word' id='word_1_36' title='bbox 834 658 941 712; x_wconf 89' lang='lat' dir='ltr'><strong>Cur</strong></span> <span class='ocrx_word' id='word_1_37' title='bbox 984 673 1179 729; x_wconf 91' lang='lat' dir='ltr'><strong>corpus</strong></span> <span class='ocrx_word' id='word_1_38' title='bbox 1221 669 1365 716; x_wconf 89' lang='lat' dir='ltr'><strong>tuum</strong></span> <span class='ocrx_word' id='word_1_39' title='bbox 1406 671 1643 717; x_wconf 85' lang='lat' dir='ltr'><strong>erectum</strong></span> 
     </span>
    </p>
   </div>
   <div class='ocr_carea' id='block_1_6' title="bbox 34 745 1644 819">
    <p class='ocr_par' dir='ltr' id='par_1_6' title="bbox 34 745 1644 819">
     <span class='ocr_line' id='line_1_6' title="bbox 34 745 1644 819; baseline 0.007 -21"><span class='ocrx_word' id='word_1_40' title='bbox 34 745 195 808; x_wconf 81' lang='lat' dir='ltr'><strong>fecit,</strong></span> <span class='ocrx_word' id='word_1_41' title='bbox 232 745 334 798; x_wconf 88' lang='lat' dir='ltr'><strong>illis</strong></span> <span class='ocrx_word' id='word_1_42' title='bbox 366 760 496 800; x_wconf 90' lang='lat' dir='ltr'><strong>vero</strong></span> <span class='ocrx_word' id='word_1_43' title='bbox 527 748 792 815; x_wconf 89' lang='lat' dir='ltr'><strong>pronum?</strong></span> <span class='ocrx_word' id='word_1_44' title='bbox 819 763 997 804; x_wconf 92' lang='lat' dir='ltr'><strong>annon</strong></span> <span class='ocrx_word' id='word_1_45' title='bbox 1036 751 1222 806; x_wconf 88' lang='lat' dir='ltr'><strong>eadem</strong></span> <span class='ocrx_word' id='word_1_46' title='bbox 1251 752 1318 808; x_wconf 89' lang='lat' dir='ltr'><strong>de</strong></span> <span class='ocrx_word' id='word_1_47' title='bbox 1357 769 1518 810; x_wconf 90' lang='lat' dir='ltr'><strong>causa</strong></span> <span class='ocrx_word' id='word_1_48' title='bbox 1541 797 1556 819; x_wconf 98' lang='lat'><strong>,</strong></span> <span class='ocrx_word' id='word_1_49' title='bbox 1586 764 1644 810; x_wconf 87' lang='lat' dir='ltr'><strong>ut</strong></span> 
     </span>
    </p>
   </div>
   <div class='ocr_carea' id='block_1_7' title="bbox 29 835 1646 906">
    <p class='ocr_par' dir='ltr' id='par_1_7' title="bbox 29 835 1646 906">
     <span class='ocr_line' id='line_1_7' title="bbox 29 835 1646 906; baseline 0.007 -20"><span class='ocrx_word' id='word_1_50' title='bbox 29 851 104 888; x_wconf 84' lang='lat' dir='ltr'><strong>ex</strong></span> <span class='ocrx_word' id='word_1_51' title='bbox 138 835 257 903; x_wconf 88' lang='lat' dir='ltr'><strong>ipsa</strong></span> <span class='ocrx_word' id='word_1_52' title='bbox 284 835 601 893; x_wconf 87' lang='lat' dir='ltr'><strong>formatione</strong></span> <span class='ocrx_word' id='word_1_53' title='bbox 631 838 868 893; x_wconf 87' lang='lat' dir='ltr'><strong>erudiret</strong></span> <span class='ocrx_word' id='word_1_54' title='bbox 898 849 968 906; x_wconf 87' lang='lat' dir='ltr'><strong>te,</strong></span> <span class='ocrx_word' id='word_1_55' title='bbox 1001 851 1056 894; x_wconf 86' lang='grc' dir='ltr'><strong>ιιι</strong></span> <span class='ocrx_word' id='word_1_56' title='bbox 1086 841 1213 896; x_wconf 86' lang='lat' dir='ltr'><strong>nihil</strong></span> <span class='ocrx_word' id='word_1_57' title='bbox 1243 858 1527 899; x_wconf 84' lang='lat' dir='ltr'><strong>commune</strong></span> <span class='ocrx_word' id='word_1_58' title='bbox 1558 845 1646 898; x_wconf 84' lang='lat' dir='ltr'><strong>ha-</strong></span> 
     </span>
    </p>
   </div>
   <div class='ocr_carea' id='block_1_8' title="bbox 33 927 1642 1000">
    <p class='ocr_par' dir='ltr' id='par_1_8' title="bbox 33 927 1642 1000">
     <span class='ocr_line' id='line_1_8' title="bbox 33 927 1642 1000; baseline 0.007 -19"><span class='ocrx_word' id='word_1_59' title='bbox 33 927 210 981; x_wconf 86' lang='lat' dir='ltr'><strong>beres</strong></span> <span class='ocrx_word' id='word_1_60' title='bbox 238 942 358 981; x_wconf 92' lang='lat' dir='ltr'><strong>cum</strong></span> <span class='ocrx_word' id='word_1_61' title='bbox 383 937 521 983; x_wconf 88' lang='lat' dir='ltr'><strong>terra</strong></span> <span class='ocrx_word' id='word_1_62' title='bbox 547 969 563 992; x_wconf 95' lang='lat'><strong>,</strong></span> <span class='ocrx_word' id='word_1_63' title='bbox 596 945 769 998; x_wconf 76' lang='lat' dir='ltr'><strong>neque</strong></span> <span class='ocrx_word' id='word_1_64' title='bbox 812 933 1160 1000; x_wconf 62' lang='lat' dir='ltr'><strong>praesentibus</strong></span> <span class='ocrx_word' id='word_1_65' title='bbox 1206 935 1363 990; x_wconf 86' lang='lat' dir='ltr'><strong>rebus</strong></span> <span class='ocrx_word' id='word_1_66' title='bbox 1402 936 1642 992; x_wconf 65' lang='lat' dir='ltr'><strong>adhaere-</strong></span> 
     </span>
    </p>
   </div>
   <div class='ocr_carea' id='block_1_9' title="bbox 29 1019 1642 1101">
    <p class='ocr_par' dir='ltr' id='par_1_9' title="bbox 29 1019 1642 1101">
     <span class='ocr_line' id='line_1_9' title="bbox 29 1019 1642 1101; baseline 0.008 -27"><span class='ocrx_word' id='word_1_67' title='bbox 29 1020 166 1074; x_wconf 82' lang='lat' dir='ltr'><strong>res?</strong></span> <span class='ocrx_word' id='word_1_68' title='bbox 193 1019 272 1075; x_wconf 85' lang='lat' dir='ltr'><strong>Ne</strong></span> <span class='ocrx_word' id='word_1_69' title='bbox 303 1021 480 1092; x_wconf 91' lang='lat' dir='ltr'><strong>itaque</strong></span> <span class='ocrx_word' id='word_1_70' title='bbox 506 1022 836 1077; x_wconf 75' lang='lat' dir='ltr'><strong>nobilitatem</strong></span> <span class='ocrx_word' id='word_1_71' title='bbox 863 1025 1146 1093; x_wconf 79' lang='lat' dir='ltr'><strong>prodamus</strong></span> <span class='ocrx_word' id='word_1_72' title='bbox 1174 1037 1437 1094; x_wconf 89' lang='lat' dir='ltr'><strong>nostram,</strong></span> <span class='ocrx_word' id='word_1_73' title='bbox 1467 1047 1642 1101; x_wconf 73' lang='lat' dir='ltr'><strong>neque</strong></span> 
     </span>
    </p>
   </div>
   <div class='ocr_carea' id='block_1_10' title="bbox 31 1110 1640 1183">
    <p class='ocr_par' dir='ltr' id='par_1_10' title="bbox 31 1110 1640 1183">
     <span class='ocr_line' id='line_1_10' title="bbox 31 1110 1640 1183; baseline 0.01 -22"><span class='ocrx_word' id='word_1_74' title='bbox 31 1110 108 1162; x_wconf 89' lang='lat' dir='ltr'><strong>ad</strong></span> <span class='ocrx_word' id='word_1_75' title='bbox 144 1110 425 1166; x_wconf 89' lang='lat' dir='ltr'><strong>brutormn</strong></span> <span class='ocrx_word' id='word_1_76' title='bbox 469 1113 852 1182; x_wconf 86' lang='lat' dir='ltr'><strong>ignobilitatem</strong></span> <span class='ocrx_word' id='word_1_77' title='bbox 892 1117 1220 1183; x_wconf 88' lang='lat' dir='ltr'><strong>delabamur,</strong></span> <span class='ocrx_word' id='word_1_78' title='bbox 1267 1137 1333 1175; x_wconf 92' lang='lat' dir='ltr'><strong>ne</strong></span> <span class='ocrx_word' id='word_1_79' title='bbox 1379 1122 1446 1176; x_wconf 92' lang='lat' dir='ltr'><strong>de</strong></span> <span class='ocrx_word' id='word_1_80' title='bbox 1487 1125 1640 1178; x_wconf 86' lang='lat' dir='ltr'><strong>nobis</strong></span> 
     </span>
    </p>
   </div>
   <div class='ocr_carea' id='block_1_11' title="bbox 34 1201 1637 1276">
    <p class='ocr_par' dir='ltr' id='par_1_11' title="bbox 34 1201 1637 1276">
     <span class='ocr_line' id='line_1_11' title="bbox 34 1201 1637 1276; baseline 0.011 -24"><span class='ocrx_word' id='word_1_81' title='bbox 34 1201 192 1254; x_wconf 88' lang='lat' dir='ltr'><strong>dicat</strong></span> <span class='ocrx_word' id='word_1_82' title='bbox 221 1202 386 1256; x_wconf 90' lang='lat' dir='ltr'><strong>illud:</strong></span> <span class='ocrx_word' id='word_1_83' title='bbox 416 1203 581 1257; x_wconf 81' lang='lat' dir='ltr'><strong>Homo</strong></span> <span class='ocrx_word' id='word_1_84' title='bbox 609 1221 723 1258; x_wconf 84' lang='lat' dir='ltr'><strong>cum</strong></span> <span class='ocrx_word' id='word_1_85' title='bbox 751 1207 802 1258; x_wconf 86' lang='lat' dir='ltr'><strong>in</strong></span> <span class='ocrx_word' id='word_1_86' title='bbox 833 1207 1023 1262; x_wconf 80' lang='lat' dir='ltr'><strong>honore</strong></span> <span class='ocrx_word' id='word_1_87' title='bbox 1051 1219 1212 1276; x_wconf 78' lang='lat' dir='ltr'><strong>esset,</strong></span> <span class='ocrx_word' id='word_1_88' title='bbox 1247 1227 1349 1264; x_wconf 86' lang='lat' dir='ltr'><strong>non</strong></span> <span class='ocrx_word' id='word_1_89' title='bbox 1390 1214 1637 1269; x_wconf 77' lang='lat' dir='ltr'><strong>intellexit</strong></span> 
     </span>
    </p>
   </div>
   <div class='ocr_carea' id='block_1_12' title="bbox 37 1289 1641 1372">
    <p class='ocr_par' dir='ltr' id='par_1_12' title="bbox 37 1289 1641 1372">
     <span class='ocr_line' id='line_1_12' title="bbox 37 1289 1641 1372; baseline 0.011 -29"><span class='ocrx_word' id='word_1_90' title='bbox 37 1289 218 1362; x_wconf 81' lang='lat' dir='ltr'><strong>(Psal.</strong></span> <span class='ocrx_word' id='word_1_91' title='bbox 247 1295 336 1349; x_wconf 70' lang='grc'><strong>48.</strong></span> <span class='ocrx_word' id='word_1_92' title='bbox 368 1295 482 1362; x_wconf 77' lang='grc'><strong>21).</strong></span> <span class='ocrx_word' id='word_1_93' title='bbox 517 1296 648 1349; x_wconf 87' lang='lat' dir='ltr'><strong>Nam</strong></span> <span class='ocrx_word' id='word_1_94' title='bbox 677 1297 881 1352; x_wconf 81' lang='lat' dir='ltr'><strong>deliciis</strong></span> <span class='ocrx_word' id='word_1_95' title='bbox 903 1341 916 1363; x_wconf 92' lang='lat'><strong>,</strong></span> <span class='ocrx_word' id='word_1_96' title='bbox 949 1299 1178 1365; x_wconf 74' lang='lat' dir='ltr'><strong>divitiis,</strong></span> <span class='ocrx_word' id='word_1_97' title='bbox 1211 1301 1641 1372; x_wconf 81' lang='lat' dir='ltr'><strong>gloria,pr:esen-</strong></span> 
     </span>
    </p>
   </div>
   <div class='ocr_carea' id='block_1_13' title="bbox 44 1385 1636 1461">
    <p class='ocr_par' dir='ltr' id='par_1_13' title="bbox 44 1385 1636 1461">
     <span class='ocr_line' id='line_1_13' title="bbox 44 1385 1636 1461; baseline 0.008 -23"><span class='ocrx_word' id='word_1_98' title='bbox 44 1385 309 1455; x_wconf 86' lang='lat' dir='ltr'><strong>tibusque</strong></span> <span class='ocrx_word' id='word_1_99' title='bbox 349 1387 510 1443; x_wconf 91' lang='lat' dir='ltr'><strong>rebus</strong></span> <span class='ocrx_word' id='word_1_100' title='bbox 541 1386 848 1444; x_wconf 70' lang='lat' dir='ltr'><strong>felicitatem</strong></span> <span class='ocrx_word' id='word_1_101' title='bbox 875 1391 999 1444; x_wconf 71' lang='lat' dir='ltr'><strong>vita:</strong></span> <span class='ocrx_word' id='word_1_102' title='bbox 1025 1393 1498 1461; x_wconf 85' lang='lat' dir='ltr'><strong>circumscribere,</strong></span> <span class='ocrx_word' id='word_1_103' title='bbox 1533 1411 1636 1452; x_wconf 91' lang='lat' dir='ltr'><strong>non</strong></span> 
     </span>
    </p>
   </div>
   <div class='ocr_carea' id='block_1_14' title="bbox 1187 275 2241 342">
    <p class='ocr_par' dir='ltr' id='par_1_14' title="bbox 1187 275 2241 342">
     <span class='ocr_line' id='line_1_14' title="bbox 1187 275 2241 342; baseline 0.01 -11"><span class='ocrx_word' id='word_1_104' title='bbox 1187 276 1273 332; x_wconf 81' lang='lat' dir='ltr'><strong>DE</strong></span> <span class='ocrx_word' id='word_1_105' title='bbox 1307 276 1485 333; x_wconf 79' lang='lat' dir='ltr'><strong>FATO</strong></span> <span class='ocrx_word' id='word_1_106' title='bbox 1527 276 1610 331; x_wconf 81' lang='grc' dir='ltr'><strong>ΕΤ</strong></span> <span class='ocrx_word' id='word_1_107' title='bbox 1653 275 2133 341; x_wconf 64' lang='grc' dir='ltr'><strong>Ριιογιυεκτιει.</strong></span> <span class='ocrx_word' id='word_1_108' title='bbox 2174 283 2241 342; x_wconf 85' lang='lat' dir='ltr'><strong>ll.</strong></span> 
     </span>
    </p>
   </div>
   <div class='ocr_carea' id='block_1_15' title="bbox 3234 303 3334 356">
    <p class='ocr_par' dir='ltr' id='par_1_15' title="bbox 3234 303 3334 356">
     <span class='ocr_line' id='line_1_15' title="bbox 3234 303 3334 356; baseline 0.04 -4"><span class='ocrx_word' id='word_1_109' title='bbox 3234 303 3334 356; x_wconf 65' lang='lat'><strong>75$</strong></span> 
     </span>
    </p>
   </div>
   <div class='ocr_carea' id='block_1_16' title="bbox 1751 395 3334 481">
    <p class='ocr_par' dir='ltr' id='par_1_16' title="bbox 1751 395 3334 481">
     <span class='ocr_line' id='line_1_16' title="bbox 1751 395 3334 481; baseline 0.013 -33"><span class='ocrx_word' id='word_1_110' title='bbox 1751 403 1834 448; x_wconf 87' lang='lat' dir='ltr'><strong>est</strong></span> <span class='ocrx_word' id='word_1_111' title='bbox 1866 395 2138 452; x_wconf 79' lang='lat' dir='ltr'><strong>hominum</strong></span> <span class='ocrx_word' id='word_1_112' title='bbox 2182 400 2448 470; x_wconf 86' lang='lat' dir='ltr'><strong>propriam</strong></span> <span class='ocrx_word' id='word_1_113' title='bbox 2483 404 2804 463; x_wconf 86' lang='lat' dir='ltr'><strong>nobilitatem</strong></span> <span class='ocrx_word' id='word_1_114' title='bbox 2849 410 3334 481; x_wconf 84' lang='lat' dir='ltr'><strong>considerantium,</strong></span> 
     </span>
    </p>
   </div>
   <div class='ocr_carea' id='block_1_17' title="bbox 1749 485 3335 560">
    <p class='ocr_par' dir='ltr' id='par_1_17' title="bbox 1749 485 3335 560">
     <span class='ocr_line' id='line_1_17' title="bbox 1749 485 3335 560; baseline 0.013 -22"><span class='ocrx_word' id='word_1_115' title='bbox 1749 486 1843 539; x_wconf 88' lang='lat' dir='ltr'><strong>scd</strong></span> <span class='ocrx_word' id='word_1_116' title='bbox 1873 485 2146 543; x_wconf 83' lang='lat' dir='ltr'><strong>hominum</strong></span> <span class='ocrx_word' id='word_1_117' title='bbox 2180 492 2332 560; x_wconf 86' lang='lat' dir='ltr'><strong>equis</strong></span> <span class='ocrx_word' id='word_1_118' title='bbox 2368 500 2422 548; x_wconf 93' lang='lat' dir='ltr'><strong>et</strong></span> <span class='ocrx_word' id='word_1_119' title='bbox 2449 495 2614 550; x_wconf 86' lang='lat' dir='ltr'><strong>asinis</strong></span> <span class='ocrx_word' id='word_1_120' title='bbox 2653 497 2927 552; x_wconf 89' lang='lat' dir='ltr'><strong>similium.</strong></span> <span class='ocrx_word' id='word_1_121' title='bbox 2958 499 3153 556; x_wconf 82' lang='lat' dir='ltr'><strong>Verum</strong></span> <span class='ocrx_word' id='word_1_122' title='bbox 3197 505 3335 558; x_wconf 79' lang='lat' dir='ltr'><strong>absit</strong></span> 
     </span>
    </p>
   </div>
   <div class='ocr_carea' id='block_1_18' title="bbox 1752 576 3334 661">
    <p class='ocr_par' dir='ltr' id='par_1_18' title="bbox 1752 576 3334 661">
     <span class='ocr_line' id='line_1_18' title="bbox 1752 576 3334 661; baseline 0.012 -33"><span class='ocrx_word' id='word_1_123' title='bbox 1752 585 1806 629; x_wconf 88' lang='lat' dir='ltr'><strong>ut</strong></span> <span class='ocrx_word' id='word_1_124' title='bbox 1839 576 1970 631; x_wconf 84' lang='lat' dir='ltr'><strong>tales</strong></span> <span class='ocrx_word' id='word_1_125' title='bbox 1998 577 2083 632; x_wconf 92' lang='lat' dir='ltr'><strong>hic</strong></span> <span class='ocrx_word' id='word_1_126' title='bbox 2112 579 2289 634; x_wconf 89' lang='lat' dir='ltr'><strong>adsint</strong></span> <span class='ocrx_word' id='word_1_127' title='bbox 2319 582 2372 636; x_wconf 90' lang='lat' dir='ltr'><strong>in</strong></span> <span class='ocrx_word' id='word_1_128' title='bbox 2399 593 2586 640; x_wconf 90' lang='lat' dir='ltr'><strong>sancto</strong></span> <span class='ocrx_word' id='word_1_129' title='bbox 2613 584 2779 641; x_wconf 87' lang='lat' dir='ltr'><strong>choro</strong></span> <span class='ocrx_word' id='word_1_130' title='bbox 2821 602 2884 644; x_wconf 90' lang='lat' dir='ltr'><strong>ac</strong></span> <span class='ocrx_word' id='word_1_131' title='bbox 2929 589 3138 646; x_wconf 89' lang='lat' dir='ltr'><strong>theatro</strong></span> <span class='ocrx_word' id='word_1_132' title='bbox 3177 593 3334 661; x_wconf 84' lang='lat' dir='ltr'><strong>spiri-</strong></span> 
     </span>
    </p>
   </div>
   <div class='ocr_carea' id='block_1_19' title="bbox 1751 667 3335 748">
    <p class='ocr_par' dir='ltr' id='par_1_19' title="bbox 1751 667 3335 748">
     <span class='ocr_line' id='line_1_19' title="bbox 1751 667 3335 748; baseline 0.011 -28"><span class='ocrx_word' id='word_1_133' title='bbox 1751 667 1899 731; x_wconf 89' lang='lat' dir='ltr'><strong>tuali,</strong></span> <span class='ocrx_word' id='word_1_134' title='bbox 1931 679 2306 740; x_wconf 88' lang='lat' dir='ltr'><strong>conventuque</strong></span> <span class='ocrx_word' id='word_1_135' title='bbox 2343 673 2614 744; x_wconf 85' lang='lat' dir='ltr'><strong>religioso.</strong></span> <span class='ocrx_word' id='word_1_136' title='bbox 2639 675 2764 732; x_wconf 92' lang='lat' dir='ltr'><strong>ldeo</strong></span> <span class='ocrx_word' id='word_1_137' title='bbox 2807 679 2950 733; x_wconf 88' lang='lat' dir='ltr'><strong>enim</strong></span> <span class='ocrx_word' id='word_1_138' title='bbox 2978 681 3335 748; x_wconf 61' lang='lat' dir='ltr'><strong>quotidie‘di-</strong></span> 
     </span>
    </p>
   </div>
   <div class='ocr_carea' id='block_1_20' title="bbox 1749 757 3332 839">
    <p class='ocr_par' dir='ltr' id='par_1_20' title="bbox 1749 757 3332 839">
     <span class='ocr_line' id='line_1_20' title="bbox 1749 757 3332 839; baseline 0.011 -29"><span class='ocrx_word' id='word_1_139' title='bbox 1749 757 1856 812; x_wconf 91' lang='lat' dir='ltr'><strong>vini</strong></span> <span class='ocrx_word' id='word_1_140' title='bbox 1891 760 2040 815; x_wconf 82' lang='lat' dir='ltr'><strong>verbi</strong></span> <span class='ocrx_word' id='word_1_141' title='bbox 2070 761 2446 829; x_wconf 72' lang='lat' dir='ltr'><strong>praedicatione</strong></span> <span class='ocrx_word' id='word_1_142' title='bbox 2473 763 2718 833; x_wconf 81' lang='lat' dir='ltr'><strong>fruimur,</strong></span> <span class='ocrx_word' id='word_1_143' title='bbox 2747 777 2803 822; x_wconf 93' lang='lat' dir='ltr'><strong>ut</strong></span> <span class='ocrx_word' id='word_1_144' title='bbox 2834 769 2999 824; x_wconf 88' lang='lat' dir='ltr'><strong>verbo</strong></span> <span class='ocrx_word' id='word_1_145' title='bbox 3025 772 3173 839; x_wconf 90' lang='lat' dir='ltr'><strong>quasi</strong></span> <span class='ocrx_word' id='word_1_146' title='bbox 3199 773 3332 829; x_wconf 80' lang='lat' dir='ltr'><strong>falce</strong></span> 
     </span>
    </p>
   </div>
   <div class='ocr_carea' id='block_1_21' title="bbox 1749 851 3331 929">
    <p class='ocr_par' dir='ltr' id='par_1_21' title="bbox 1749 851 3331 929">
     <span class='ocr_line' id='line_1_21' title="bbox 1749 851 3331 929; baseline 0.011 -26"><span class='ocrx_word' id='word_1_147' title='bbox 1749 851 1986 920; x_wconf 65' lang='lat' dir='ltr'><strong>praacisis</strong></span> <span class='ocrx_word' id='word_1_148' title='bbox 2013 854 2436 924; x_wconf 85' lang='lat' dir='ltr'><strong>sylvcscentibus</strong></span> <span class='ocrx_word' id='word_1_149' title='bbox 2463 858 2626 912; x_wconf 89' lang='lat' dir='ltr'><strong>animi</strong></span> <span class='ocrx_word' id='word_1_150' title='bbox 2667 859 2867 916; x_wconf 86' lang='lat' dir='ltr'><strong>morbis</strong></span> <span class='ocrx_word' id='word_1_151' title='bbox 2885 903 2901 929; x_wconf 94' lang='lat'><strong>,</strong></span> <span class='ocrx_word' id='word_1_152' title='bbox 2931 861 3215 919; x_wconf 76' lang='lat' dir='ltr'><strong>fructiferze</strong></span> <span class='ocrx_word' id='word_1_153' title='bbox 3241 881 3331 920; x_wconf 80' lang='lat' dir='ltr'><strong>ar-</strong></span> 
     </span>
    </p>
   </div>
   <div class='ocr_carea' id='block_1_22' title="bbox 1748 942 3357 1021">
    <p class='ocr_par' dir='ltr' id='par_1_22' title="bbox 1748 942 3357 1021">
     <span class='ocr_line' id='line_1_22' title="bbox 1748 942 3357 1021; baseline 0.007 -25"><span class='ocrx_word' id='word_1_154' title='bbox 1748 942 1905 998; x_wconf 83' lang='lat' dir='ltr'><strong>bores</strong></span> <span class='ocrx_word' id='word_1_155' title='bbox 1949 943 2152 1010; x_wconf 90' lang='lat' dir='ltr'><strong>simus,</strong></span> <span class='ocrx_word' id='word_1_156' title='bbox 2195 945 2532 1019; x_wconf 90' lang='lat' dir='ltr'><strong>fructumque</strong></span> <span class='ocrx_word' id='word_1_157' title='bbox 2577 953 2951 1021; x_wconf 89' lang='lat' dir='ltr'><strong>tempestivum</strong></span> <span class='ocrx_word' id='word_1_158' title='bbox 2997 953 3231 1012; x_wconf 87' lang='lat' dir='ltr'><strong>feramus</strong></span> <span class='ocrx_word' id='word_1_159' title='bbox 3282 958 3357 1013; x_wconf 55' lang='lat' dir='ltr'><strong>in.</strong></span> 
     </span>
    </p>
   </div>
   <div class='ocr_carea' id='block_1_23' title="bbox 1749 1034 3334 1116">
    <p class='ocr_par' dir='ltr' id='par_1_23' title="bbox 1749 1034 3334 1116">
     <span class='ocr_line' id='line_1_23' title="bbox 1749 1034 3334 1116; baseline 0.009 -29"><span class='ocrx_word' id='word_1_160' title='bbox 1749 1034 1954 1103; x_wconf 87' lang='lat' dir='ltr'><strong>regium</strong></span> <span class='ocrx_word' id='word_1_161' title='bbox 1998 1035 2250 1093; x_wconf 87' lang='lat' dir='ltr'><strong>horreum</strong></span> <span class='ocrx_word' id='word_1_162' title='bbox 2298 1038 2672 1109; x_wconf 90' lang='lat' dir='ltr'><strong>deponendum</strong></span> <span class='ocrx_word' id='word_1_163' title='bbox 2699 1084 2715 1110; x_wconf 94' lang='lat'><strong>,</strong></span> <span class='ocrx_word' id='word_1_164' title='bbox 2759 1044 2848 1113; x_wconf 91' lang='lat' dir='ltr'><strong>qui</strong></span> <span class='ocrx_word' id='word_1_165' title='bbox 2876 1044 3099 1116; x_wconf 92' lang='lat' dir='ltr'><strong>gloriam</strong></span> <span class='ocrx_word' id='word_1_166' title='bbox 3138 1047 3334 1102; x_wconf 87' lang='lat' dir='ltr'><strong>referat</strong></span> 
     </span>
    </p>
   </div>
   <div class='ocr_carea' id='block_1_24' title="bbox 1745 1127 3334 1202">
    <p class='ocr_par' dir='ltr' id='par_1_24' title="bbox 1745 1127 3334 1202">
     <span class='ocr_line' id='line_1_24' title="bbox 1745 1127 3334 1202; baseline 0.009 -25"><span class='ocrx_word' id='word_1_167' title='bbox 1745 1127 2013 1180; x_wconf 90' lang='lat' dir='ltr'><strong>communi</strong></span> <span class='ocrx_word' id='word_1_168' title='bbox 2049 1128 2272 1184; x_wconf 91' lang='lat' dir='ltr'><strong>Domino</strong></span> <span class='ocrx_word' id='word_1_169' title='bbox 2297 1139 2351 1185; x_wconf 88' lang='lat' dir='ltr'><strong>et</strong></span> <span class='ocrx_word' id='word_1_170' title='bbox 2377 1131 2568 1186; x_wconf 89' lang='lat' dir='ltr'><strong>cultori</strong></span> <span class='ocrx_word' id='word_1_171' title='bbox 2599 1133 2896 1188; x_wconf 89' lang='lat' dir='ltr'><strong>animarum</strong></span> <span class='ocrx_word' id='word_1_172' title='bbox 2923 1146 3247 1202; x_wconf 91' lang='lat' dir='ltr'><strong>nostrarum,</strong></span> <span class='ocrx_word' id='word_1_173' title='bbox 3277 1149 3334 1193; x_wconf 85' lang='lat' dir='ltr'><strong>et</strong></span> 
     </span>
    </p>
   </div>
   <div class='ocr_carea' id='block_1_25' title="bbox 1747 1218 3332 1299">
    <p class='ocr_par' dir='ltr' id='par_1_25' title="bbox 1747 1218 3332 1299">
     <span class='ocr_line' id='line_1_25' title="bbox 1747 1218 3332 1299; baseline 0.009 -29"><span class='ocrx_word' id='word_1_174' title='bbox 1747 1218 1902 1273; x_wconf 90' lang='lat' dir='ltr'><strong>nobis</strong></span> <span class='ocrx_word' id='word_1_175' title='bbox 1925 1220 2084 1274; x_wconf 87' lang='lat' dir='ltr'><strong>vitam</strong></span> <span class='ocrx_word' id='word_1_176' title='bbox 2116 1230 2392 1289; x_wconf 81' lang='lat' dir='ltr'><strong>aeternam,</strong></span> <span class='ocrx_word' id='word_1_177' title='bbox 2425 1239 2583 1293; x_wconf 89' lang='lat' dir='ltr'><strong>quam</strong></span> <span class='ocrx_word' id='word_1_178' title='bbox 2611 1241 2708 1280; x_wconf 90' lang='lat' dir='ltr'><strong>nos</strong></span> <span class='ocrx_word' id='word_1_179' title='bbox 2736 1241 2924 1281; x_wconf 89' lang='lat' dir='ltr'><strong>omnes</strong></span> <span class='ocrx_word' id='word_1_180' title='bbox 2951 1231 3162 1299; x_wconf 90' lang='lat' dir='ltr'><strong>assequi</strong></span> <span class='ocrx_word' id='word_1_181' title='bbox 3198 1245 3332 1284; x_wconf 90' lang='lat' dir='ltr'><strong>con-</strong></span> 
     </span>
    </p>
   </div>
   <div class='ocr_carea' id='block_1_26' title="bbox 1744 1309 3338 1384">
    <p class='ocr_par' dir='ltr' id='par_1_26' title="bbox 1744 1309 3338 1384">
     <span class='ocr_line' id='line_1_26' title="bbox 1744 1309 3338 1384; baseline 0.008 -22"><span class='ocrx_word' id='word_1_182' title='bbox 1744 1309 1940 1380; x_wconf 81' lang='lat' dir='ltr'><strong>tingat,</strong></span> <span class='ocrx_word' id='word_1_183' title='bbox 1971 1312 2139 1382; x_wconf 90' lang='lat' dir='ltr'><strong>gratia</strong></span> <span class='ocrx_word' id='word_1_184' title='bbox 2167 1321 2221 1367; x_wconf 91' lang='lat' dir='ltr'><strong>et</strong></span> <span class='ocrx_word' id='word_1_185' title='bbox 2243 1314 2566 1384; x_wconf 79' lang='lat' dir='ltr'><strong>benignitate</strong></span> <span class='ocrx_word' id='word_1_186' title='bbox 2605 1316 2816 1371; x_wconf 90' lang='lat' dir='ltr'><strong>Domini</strong></span> <span class='ocrx_word' id='word_1_187' title='bbox 2841 1319 3004 1372; x_wconf 91' lang='lat' dir='ltr'><strong>nostri</strong></span> <span class='ocrx_word' id='word_1_188' title='bbox 3029 1319 3156 1374; x_wconf 79' lang='lat' dir='ltr'><strong>Jesu</strong></span> <span class='ocrx_word' id='word_1_189' title='bbox 3183 1317 3338 1374; x_wconf 80' lang='lat' dir='ltr'><strong>Chri-</strong></span> 
     </span>
    </p>
   </div>
   <div class='ocr_carea' id='block_1_27' title="bbox 1745 1401 3332 1478">
    <p class='ocr_par' dir='ltr' id='par_1_27' title="bbox 1745 1401 3332 1478">
     <span class='ocr_line' id='line_1_27' title="bbox 1745 1401 3332 1478; baseline 0.005 -24"><span class='ocrx_word' id='word_1_190' title='bbox 1745 1401 1832 1465; x_wconf 92' lang='lat' dir='ltr'><strong>sti,</strong></span> <span class='ocrx_word' id='word_1_191' title='bbox 1852 1402 1935 1456; x_wconf 90' lang='lat' dir='ltr'><strong>cui</strong></span> <span class='ocrx_word' id='word_1_192' title='bbox 1953 1417 2072 1457; x_wconf 91' lang='lat' dir='ltr'><strong>cum</strong></span> <span class='ocrx_word' id='word_1_193' title='bbox 2100 1403 2258 1459; x_wconf 87' lang='lat' dir='ltr'><strong>Patre</strong></span> <span class='ocrx_word' id='word_1_194' title='bbox 2283 1405 2546 1475; x_wconf 90' lang='lat' dir='ltr'><strong>simulque</strong></span> <span class='ocrx_word' id='word_1_195' title='bbox 2572 1415 2758 1462; x_wconf 91' lang='lat' dir='ltr'><strong>sancto</strong></span> <span class='ocrx_word' id='word_1_196' title='bbox 2785 1407 3004 1478; x_wconf 86' lang='lat' dir='ltr'><strong>Spiritu,</strong></span> <span class='ocrx_word' id='word_1_197' title='bbox 3023 1409 3210 1478; x_wconf 80' lang='lat' dir='ltr'><strong>gloria,</strong></span> <span class='ocrx_word' id='word_1_198' title='bbox 3228 1418 3332 1464; x_wconf 86' lang='lat' dir='ltr'><strong>etc.</strong></span> 
     </span>
    </p>
   </div>
   <div class='ocr_carea' id='block_1_28' title="bbox 41 1527 3317 1564">
    <p class='ocr_par' dir='ltr' id='par_1_28' title="bbox 41 1527 3317 1564">
     <span class='ocr_line' id='line_1_28' title="bbox 41 1527 3317 1564; baseline 0.002 -22"><span class='ocrx_word' id='word_1_199' title='bbox 41 1527 3317 1564; x_wconf 70' lang='lat'>_______________________</span> 
     </span>
    </p>
   </div>
   <div class='ocr_carea' id='block_1_29' title="bbox 875 1633 2453 1724">
    <p class='ocr_par' dir='ltr' id='par_1_29' title="bbox 875 1633 2453 1724">
     <span class='ocr_line' id='line_1_29' title="bbox 875 1633 2453 1724; baseline 0.003 -10"><span class='ocrx_word' id='word_1_200' title='bbox 875 1633 1032 1714; x_wconf 91' lang='lat' dir='ltr'><strong>DE</strong></span> <span class='ocrx_word' id='word_1_201' title='bbox 1079 1633 1380 1717; x_wconf 89' lang='lat' dir='ltr'><strong>FATO</strong></span> <span class='ocrx_word' id='word_1_202' title='bbox 1428 1635 1578 1717; x_wconf 89' lang='lat' dir='ltr'>ET</span> <span class='ocrx_word' id='word_1_203' title='bbox 1631 1636 2453 1724; x_wconf 77' lang='lat' dir='ltr'><strong>PROVIDENTIA.</strong></span> 
     </span>
    </p>
   </div>
   <div class='ocr_carea' id='block_1_30' title="bbox 1338 1811 1718 1851">
    <p class='ocr_par' dir='ltr' id='par_1_30' title="bbox 1338 1811 1718 1851">
     <span class='ocr_line' id='line_1_30' title="bbox 1338 1811 1718 1851; baseline 0.011 -4"><span class='ocrx_word' id='word_1_204' title='bbox 1338 1811 1718 1851; x_wconf 54' lang='lat' dir='ltr'><strong>me“er</strong></span> 
     </span>
    </p>
   </div>
   <div class='ocr_carea' id='block_1_31' title="bbox 714 1971 1210 2013">
    <p class='ocr_par' dir='ltr' id='par_1_31' title="bbox 714 1971 1210 2013">
     <span class='ocr_line' id='line_1_31' title="bbox 714 1971 1210 2013; baseline -0.018 0"><span class='ocrx_word' id='word_1_205' title='bbox 714 1971 909 2013; x_wconf 71' lang='lat' dir='ltr'><strong>ORATIO</strong></span> <span class='ocrx_word' id='word_1_206' title='bbox 943 1971 1000 2010; x_wconf 87' lang='lat' dir='ltr'><strong>Il.</strong></span> <span class='ocrx_word' id='word_1_207' title='bbox 1175 1982 1210 2004; x_wconf 54' lang='grc' dir='ltr'><strong>κ</strong></span> 
     </span>
    </p>
   </div>
   <div class='ocr_carea' id='block_1_32' title="bbox 125 2134 1646 2210">
    <p class='ocr_par' dir='ltr' id='par_1_32' title="bbox 125 2134 1646 2210">
     <span class='ocr_line' id='line_1_32' title="bbox 125 2134 1646 2210; baseline 0.003 -22"><span class='ocrx_word' id='word_1_208' title='bbox 125 2135 374 2206; x_wconf 72' lang='lat' dir='ltr'><strong>Magnum</strong></span> <span class='ocrx_word' id='word_1_209' title='bbox 428 2135 615 2188; x_wconf 83' lang='lat' dir='ltr'><strong>crimen</strong></span> <span class='ocrx_word' id='word_1_210' title='bbox 645 2134 988 2203; x_wconf 78' lang='lat' dir='ltr'><strong>blasphemia;</strong></span> <span class='ocrx_word' id='word_1_211' title='bbox 1014 2135 1153 2189; x_wconf 80' lang='lat' dir='ltr'><strong>varia</strong></span> <span class='ocrx_word' id='word_1_212' title='bbox 1182 2135 1507 2206; x_wconf 78' lang='lat' dir='ltr'><strong>blasphemia:</strong></span> <span class='ocrx_word' id='word_1_213' title='bbox 1559 2155 1646 2210; x_wconf 83' lang='lat' dir='ltr'><strong>ge-</strong></span> 
     </span>
    </p>
   </div>
   <div class='ocr_carea' id='block_1_33' title="bbox 46 2225 1648 2295">
    <p class='ocr_par' dir='ltr' id='par_1_33' title="bbox 46 2225 1648 2295">
     <span class='ocr_line' id='line_1_33' title="bbox 46 2225 1648 2295; baseline 0.002 -16"><span class='ocrx_word' id='word_1_214' title='bbox 46 2243 199 2279; x_wconf 60' lang='lat' dir='ltr'><strong>neret.</strong></span> <span class='ocrx_word' id='word_1_215' title='bbox 227 2255 300 2266; x_wconf 89' lang='lat'><strong>--</strong></span> <span class='ocrx_word' id='word_1_216' title='bbox 322 2226 420 2291; x_wconf 82' lang='lat' dir='ltr'><strong>Qui</strong></span> <span class='ocrx_word' id='word_1_217' title='bbox 446 2225 696 2279; x_wconf 68' lang='lat' dir='ltr'><strong>maledicit</strong></span> <span class='ocrx_word' id='word_1_218' title='bbox 726 2226 859 2295; x_wconf 85' lang='lat' dir='ltr'><strong>patri</strong></span> <span class='ocrx_word' id='word_1_219' title='bbox 882 2235 969 2279; x_wconf 76' lang='lat' dir='ltr'><strong>aut</strong></span> <span class='ocrx_word' id='word_1_220' title='bbox 1005 2227 1176 2292; x_wconf 80' lang='lat' dir='ltr'><strong>matri,</strong></span> <span class='ocrx_word' id='word_1_221' title='bbox 1221 2239 1380 2282; x_wconf 84' lang='lat' dir='ltr'><strong>morte</strong></span> <span class='ocrx_word' id='word_1_222' title='bbox 1403 2231 1648 2284; x_wconf 80' lang='lat' dir='ltr'><strong>moriatur</strong></span> 
     </span>
    </p>
   </div>
   <div class='ocr_carea' id='block_1_34' title="bbox 52 2317 1645 2391">
    <p class='ocr_par' dir='ltr' id='par_1_34' title="bbox 52 2317 1645 2391">
     <span class='ocr_line' id='line_1_34' title="bbox 52 2317 1645 2391; baseline 0.003 -19"><span class='ocrx_word' id='word_1_223' title='bbox 52 2317 254 2388; x_wconf 73' lang='lat' dir='ltr'><strong>(Exod.</strong></span> <span class='ocrx_word' id='word_1_224' title='bbox 281 2317 372 2372; x_wconf 74' lang='grc'><strong>21.</strong></span> <span class='ocrx_word' id='word_1_225' title='bbox 405 2319 492 2389; x_wconf 81' lang='grc'><strong>17)</strong></span> <span class='ocrx_word' id='word_1_226' title='bbox 521 2335 534 2370; x_wconf 90' lang='lat'><strong>:</strong></span> <span class='ocrx_word' id='word_1_227' title='bbox 563 2317 678 2373; x_wconf 66' lang='lat' dir='ltr'><strong>hate</strong></span> <span class='ocrx_word' id='word_1_228' title='bbox 705 2318 788 2373; x_wconf 86' lang='lat' dir='ltr'><strong>lex</strong></span> <span class='ocrx_word' id='word_1_229' title='bbox 832 2318 885 2372; x_wconf 91' lang='lat' dir='ltr'><strong>in</strong></span> <span class='ocrx_word' id='word_1_230' title='bbox 916 2320 1080 2373; x_wconf 87' lang='lat' dir='ltr'><strong>veteri</strong></span> <span class='ocrx_word' id='word_1_231' title='bbox 1106 2319 1448 2376; x_wconf 89' lang='lat' dir='ltr'><strong>Testamento</strong></span> <span class='ocrx_word' id='word_1_232' title='bbox 1475 2323 1645 2391; x_wconf 86' lang='lat' dir='ltr'><strong>posita</strong></span> 
     </span>
    </p>
   </div>
   <div class='ocr_carea' id='block_1_35' title="bbox 49 2408 1646 2479">
    <p class='ocr_par' dir='ltr' id='par_1_35' title="bbox 49 2408 1646 2479">
     <span class='ocr_line' id='line_1_35' title="bbox 49 2408 1646 2479; baseline 0.003 -16"><span class='ocrx_word' id='word_1_233' title='bbox 49 2418 195 2472; x_wconf 83' lang='lat' dir='ltr'><strong>erat,</strong></span> <span class='ocrx_word' id='word_1_234' title='bbox 249 2408 462 2478; x_wconf 90' lang='lat' dir='ltr'><strong>quando</strong></span> <span class='ocrx_word' id='word_1_235' title='bbox 505 2425 610 2462; x_wconf 90' lang='lat' dir='ltr'><strong>non</strong></span> <span class='ocrx_word' id='word_1_236' title='bbox 657 2424 848 2479; x_wconf 82' lang='lat' dir='ltr'><strong>magna</strong></span> <span class='ocrx_word' id='word_1_237' title='bbox 883 2419 999 2465; x_wconf 91' lang='lat' dir='ltr'><strong>erat</strong></span> <span class='ocrx_word' id='word_1_238' title='bbox 1033 2410 1216 2479; x_wconf 88' lang='lat' dir='ltr'><strong>optimi</strong></span> <span class='ocrx_word' id='word_1_239' title='bbox 1259 2411 1382 2466; x_wconf 70' lang='lat' dir='ltr'><strong>vitm</strong></span> <span class='ocrx_word' id='word_1_240' title='bbox 1421 2413 1646 2468; x_wconf 90' lang='lat' dir='ltr'><strong>instituti</strong></span> 
     </span>
    </p>
   </div>
   <div class='ocr_carea' id='block_1_36' title="bbox 46 2500 1644 2574">
    <p class='ocr_par' dir='ltr' id='par_1_36' title="bbox 46 2500 1644 2574">
     <span class='ocr_line' id='line_1_36' title="bbox 46 2500 1644 2574; baseline 0.003 -21"><span class='ocrx_word' id='word_1_241' title='bbox 46 2501 344 2565; x_wconf 77' lang='lat' dir='ltr'><strong>accuratio,</strong></span> <span class='ocrx_word' id='word_1_242' title='bbox 375 2500 584 2570; x_wconf 89' lang='lat' dir='ltr'><strong>quando</strong></span> <span class='ocrx_word' id='word_1_243' title='bbox 612 2501 825 2556; x_wconf 91' lang='lat' dir='ltr'><strong>inducta</strong></span> <span class='ocrx_word' id='word_1_244' title='bbox 853 2509 936 2556; x_wconf 89' lang='lat' dir='ltr'><strong>est</strong></span> <span class='ocrx_word' id='word_1_245' title='bbox 973 2502 1239 2570; x_wconf 82' lang='lat' dir='ltr'><strong>divinitas,</strong></span> <span class='ocrx_word' id='word_1_246' title='bbox 1271 2503 1484 2574; x_wconf 87' lang='lat' dir='ltr'><strong>quando</strong></span> <span class='ocrx_word' id='word_1_247' title='bbox 1510 2520 1644 2574; x_wconf 84' lang='lat' dir='ltr'><strong>pue-</strong></span> 
     </span>
    </p>
   </div>
   <div class='ocr_carea' id='block_1_37' title="bbox 47 2591 1644 2664">
    <p class='ocr_par' dir='ltr' id='par_1_37' title="bbox 47 2591 1644 2664">
     <span class='ocr_line' id='line_1_37' title="bbox 47 2591 1644 2664; baseline 0.003 -19"><span class='ocrx_word' id='word_1_248' title='bbox 47 2592 173 2645; x_wconf 88' lang='lat' dir='ltr'><strong>rilia</strong></span> <span class='ocrx_word' id='word_1_249' title='bbox 227 2600 510 2662; x_wconf 68' lang='lat' dir='ltr'><strong>prmcepta,</strong></span> <span class='ocrx_word' id='word_1_250' title='bbox 557 2591 770 2660; x_wconf 85' lang='lat' dir='ltr'><strong>quando</strong></span> <span class='ocrx_word' id='word_1_251' title='bbox 810 2592 910 2659; x_wconf 90' lang='lat' dir='ltr'><strong>lac,</strong></span> <span class='ocrx_word' id='word_1_252' title='bbox 945 2592 1280 2664; x_wconf 62' lang='lat' dir='ltr'><strong>paedagogus,</strong></span> <span class='ocrx_word' id='word_1_253' title='bbox 1315 2595 1550 2660; x_wconf 90' lang='lat' dir='ltr'><strong>lucerna,</strong></span> <span class='ocrx_word' id='word_1_254' title='bbox 1581 2597 1644 2648; x_wconf 84' lang='lat' dir='ltr'><strong>li-</strong></span> 
     </span>
    </p>
   </div>
   <div class='ocr_carea' id='block_1_38' title="bbox 45 2682 1646 2756">
    <p class='ocr_par' dir='ltr' id='par_1_38' title="bbox 45 2682 1646 2756">
     <span class='ocr_line' id='line_1_38' title="bbox 45 2682 1646 2756; baseline 0.002 -18"><span class='ocrx_word' id='word_1_255' title='bbox 45 2699 209 2752; x_wconf 85' lang='lat' dir='ltr'><strong>gura,</strong></span> <span class='ocrx_word' id='word_1_256' title='bbox 239 2682 446 2738; x_wconf 88' lang='lat' dir='ltr'><strong>umbra.</strong></span> <span class='ocrx_word' id='word_1_257' title='bbox 477 2683 615 2751; x_wconf 86' lang='lat' dir='ltr'><strong>Quid</strong></span> <span class='ocrx_word' id='word_1_258' title='bbox 655 2684 764 2754; x_wconf 91' lang='lat' dir='ltr'><strong>jam</strong></span> <span class='ocrx_word' id='word_1_259' title='bbox 793 2683 1084 2740; x_wconf 84' lang='lat' dir='ltr'><strong>dixerimus</strong></span> <span class='ocrx_word' id='word_1_260' title='bbox 1115 2685 1183 2740; x_wconf 92' lang='lat' dir='ltr'><strong>de</strong></span> <span class='ocrx_word' id='word_1_261' title='bbox 1227 2685 1292 2740; x_wconf 89' lang='lat' dir='ltr'><strong>iis</strong></span> <span class='ocrx_word' id='word_1_262' title='bbox 1317 2687 1406 2756; x_wconf 91' lang='lat' dir='ltr'><strong>qui</strong></span> <span class='ocrx_word' id='word_1_263' title='bbox 1429 2702 1569 2742; x_wconf 92' lang='lat' dir='ltr'><strong>nunc</strong></span> <span class='ocrx_word' id='word_1_264' title='bbox 1593 2687 1646 2742; x_wconf 91' lang='lat' dir='ltr'><strong>in</strong></span> 
     </span>
    </p>
   </div>
   <div class='ocr_carea' id='block_1_39' title="bbox 49 2777 1646 2850">
    <p class='ocr_par' dir='ltr' id='par_1_39' title="bbox 49 2777 1646 2850">
     <span class='ocr_line' id='line_1_39' title="bbox 49 2777 1646 2850; baseline 0.003 -21"><span class='ocrx_word' id='word_1_265' title='bbox 49 2785 299 2844; x_wconf 86' lang='lat' dir='ltr'><strong>tempore</strong></span> <span class='ocrx_word' id='word_1_266' title='bbox 326 2777 511 2846; x_wconf 68' lang='lat' dir='ltr'><strong>gratiae</strong></span> <span class='ocrx_word' id='word_1_267' title='bbox 540 2785 591 2830; x_wconf 86' lang='lat' dir='ltr'><strong>et</strong></span> <span class='ocrx_word' id='word_1_268' title='bbox 620 2777 672 2831; x_wconf 90' lang='lat' dir='ltr'><strong>in</strong></span> <span class='ocrx_word' id='word_1_269' title='bbox 704 2793 880 2833; x_wconf 91' lang='lat' dir='ltr'><strong>rerum</strong></span> <span class='ocrx_word' id='word_1_270' title='bbox 910 2778 1132 2832; x_wconf 84' lang='lat' dir='ltr'><strong>veritate</strong></span> <span class='ocrx_word' id='word_1_271' title='bbox 1163 2778 1404 2834; x_wconf 89' lang='lat' dir='ltr'><strong>viventes</strong></span> <span class='ocrx_word' id='word_1_272' title='bbox 1429 2780 1646 2850; x_wconf 83' lang='lat' dir='ltr'><strong>quando</strong></span> 
     </span>
    </p>
   </div>
   <div class='ocr_carea' id='block_1_40' title="bbox 51 2867 1645 2939">
    <p class='ocr_par' dir='ltr' id='par_1_40' title="bbox 51 2867 1645 2939">
     <span class='ocr_line' id='line_1_40' title="bbox 51 2867 1645 2939; baseline 0.004 -18"><span class='ocrx_word' id='word_1_273' title='bbox 51 2878 205 2922; x_wconf 88' lang='lat' dir='ltr'><strong>tanta</strong></span> <span class='ocrx_word' id='word_1_274' title='bbox 229 2869 528 2939; x_wconf 75' lang='lat' dir='ltr'><strong>cognitione</strong></span> <span class='ocrx_word' id='word_1_275' title='bbox 545 2867 813 2934; x_wconf 89' lang='lat' dir='ltr'><strong>fruuntur,</strong></span> <span class='ocrx_word' id='word_1_276' title='bbox 845 2870 942 2939; x_wconf 88' lang='lat' dir='ltr'><strong>ipsi</strong></span> <span class='ocrx_word' id='word_1_277' title='bbox 971 2886 1076 2925; x_wconf 92' lang='lat' dir='ltr'><strong>non</strong></span> <span class='ocrx_word' id='word_1_278' title='bbox 1102 2871 1234 2939; x_wconf 90' lang='lat' dir='ltr'><strong>patri</strong></span> <span class='ocrx_word' id='word_1_279' title='bbox 1263 2879 1317 2926; x_wconf 90' lang='lat' dir='ltr'><strong>et</strong></span> <span class='ocrx_word' id='word_1_280' title='bbox 1343 2872 1522 2938; x_wconf 90' lang='lat' dir='ltr'><strong>matri,</strong></span> <span class='ocrx_word' id='word_1_281' title='bbox 1551 2871 1645 2928; x_wconf 89' lang='lat' dir='ltr'><strong>sed</strong></span> 
     </span>
    </p>
   </div>
   <div class='ocr_carea' id='block_1_41' title="bbox 55 2961 1648 3033">
    <p class='ocr_par' dir='ltr' id='par_1_41' title="bbox 55 2961 1648 3033">
     <span class='ocr_line' id='line_1_41' title="bbox 55 2961 1648 3033; baseline 0.003 -19"><span class='ocrx_word' id='word_1_282' title='bbox 55 2962 172 3016; x_wconf 87' lang='lat' dir='ltr'><strong>Deo</strong></span> <span class='ocrx_word' id='word_1_283' title='bbox 201 2962 566 3015; x_wconf 89' lang='lat' dir='ltr'><strong>universorum</strong></span> <span class='ocrx_word' id='word_1_284' title='bbox 593 2961 959 3016; x_wconf 87' lang='lat' dir='ltr'><strong>maledicunt?</strong></span> <span class='ocrx_word' id='word_1_285' title='bbox 985 2961 1250 3032; x_wconf 89' lang='lat' dir='ltr'><strong>quodnam</strong></span> <span class='ocrx_word' id='word_1_286' title='bbox 1277 2964 1394 3018; x_wconf 90' lang='lat' dir='ltr'><strong>illos</strong></span> <span class='ocrx_word' id='word_1_287' title='bbox 1420 2963 1648 3033; x_wconf 83' lang='lat' dir='ltr'><strong>excipiet</strong></span> 
     </span>
    </p>
   </div>
   <div class='ocr_carea' id='block_1_42' title="bbox 49 3054 1646 3125">
    <p class='ocr_par' dir='ltr' id='par_1_42' title="bbox 49 3054 1646 3125">
     <span class='ocr_line' id='line_1_42' title="bbox 49 3054 1646 3125; baseline 0.001 -19"><span class='ocrx_word' id='word_1_288' title='bbox 49 3054 414 3125; x_wconf 81' lang='lat' dir='ltr'><strong>supplicium?</strong></span> <span class='ocrx_word' id='word_1_289' title='bbox 456 3054 575 3124; x_wconf 88' lang='lat' dir='ltr'><strong>quis</strong></span> <span class='ocrx_word' id='word_1_290' title='bbox 621 3054 886 3109; x_wconf 81' lang='lat' dir='ltr'><strong>cruciatus</strong></span> <span class='ocrx_word' id='word_1_291' title='bbox 915 3054 1162 3124; x_wconf 73' lang='lat' dir='ltr'><strong>nequitia:</strong></span> <span class='ocrx_word' id='word_1_292' title='bbox 1191 3062 1348 3109; x_wconf 70' lang='lat' dir='ltr'><strong>tantm</strong></span> <span class='ocrx_word' id='word_1_293' title='bbox 1375 3070 1470 3124; x_wconf 90' lang='lat' dir='ltr'><strong>par</strong></span> <span class='ocrx_word' id='word_1_294' title='bbox 1508 3055 1646 3110; x_wconf 81' lang='lat' dir='ltr'><strong>erit?</strong></span> 
     </span>
    </p>
   </div>
   <div class='ocr_carea' id='block_1_43' title="bbox 49 3145 1645 3216">
    <p class='ocr_par' dir='ltr' id='par_1_43' title="bbox 49 3145 1645 3216">
     <span class='ocr_line' id='line_1_43' title="bbox 49 3145 1645 3216; baseline 0.001 -16"><span class='ocrx_word' id='word_1_295' title='bbox 49 3149 177 3216; x_wconf 88' lang='lat' dir='ltr'><strong>quis</strong></span> <span class='ocrx_word' id='word_1_296' title='bbox 207 3145 396 3199; x_wconf 79' lang='lat' dir='ltr'><strong>[iuvius</strong></span> <span class='ocrx_word' id='word_1_297' title='bbox 423 3146 646 3216; x_wconf 88' lang='lat' dir='ltr'><strong>igneus?</strong></span> <span class='ocrx_word' id='word_1_298' title='bbox 673 3145 790 3216; x_wconf 90' lang='lat' dir='ltr'><strong>quis</strong></span> <span class='ocrx_word' id='word_1_299' title='bbox 814 3147 1012 3201; x_wconf 88' lang='lat' dir='ltr'><strong>vermis</strong></span> <span class='ocrx_word' id='word_1_300' title='bbox 1041 3147 1377 3213; x_wconf 89' lang='lat' dir='ltr'><strong>immortalis,</strong></span> <span class='ocrx_word' id='word_1_301' title='bbox 1408 3163 1527 3215; x_wconf 72' lang='lat' dir='ltr'><strong>qua:</strong></span> <span class='ocrx_word' id='word_1_302' title='bbox 1561 3155 1645 3202; x_wconf 88' lang='lat' dir='ltr'><strong>tc-</strong></span> 
     </span>
    </p>
   </div>
   <div class='ocr_carea' id='block_1_44' title="bbox 51 3237 1645 3309">
    <p class='ocr_par' dir='ltr' id='par_1_44' title="bbox 51 3237 1645 3309">
     <span class='ocr_line' id='line_1_44' title="bbox 51 3237 1645 3309; baseline -0.001 -16"><span class='ocrx_word' id='word_1_303' title='bbox 51 3238 240 3293; x_wconf 75' lang='lat' dir='ltr'><strong>nebrze</strong></span> <span class='ocrx_word' id='word_1_304' title='bbox 266 3239 578 3304; x_wconf 80' lang='lat' dir='ltr'><strong>exteriores,</strong></span> <span class='ocrx_word' id='word_1_305' title='bbox 607 3253 727 3308; x_wconf 68' lang='lat' dir='ltr'><strong>quae</strong></span> <span class='ocrx_word' id='word_1_306' title='bbox 751 3238 982 3303; x_wconf 89' lang='lat' dir='ltr'><strong>vincula,</strong></span> <span class='ocrx_word' id='word_1_307' title='bbox 1010 3237 1127 3309; x_wconf 90' lang='lat' dir='ltr'><strong>quis</strong></span> <span class='ocrx_word' id='word_1_308' title='bbox 1155 3238 1371 3304; x_wconf 87' lang='lat' dir='ltr'><strong>stridor,</strong></span> <span class='ocrx_word' id='word_1_309' title='bbox 1398 3239 1517 3308; x_wconf 89' lang='lat' dir='ltr'><strong>quis</strong></span> <span class='ocrx_word' id='word_1_310' title='bbox 1547 3237 1645 3292; x_wconf 83' lang='lat' dir='ltr'><strong>ﬂe-</strong></span> 
     </span>
    </p>
   </div>
   <div class='ocr_carea' id='block_1_45' title="bbox 51 3329 1646 3402">
    <p class='ocr_par' dir='ltr' id='par_1_45' title="bbox 51 3329 1646 3402">
     <span class='ocr_line' id='line_1_45' title="bbox 51 3329 1646 3402; baseline 0.001 -18"><span class='ocrx_word' id='word_1_311' title='bbox 51 3331 182 3384; x_wconf 87' lang='lat' dir='ltr'><strong>tus?</strong></span> <span class='ocrx_word' id='word_1_312' title='bbox 211 3329 399 3385; x_wconf 92' lang='lat' dir='ltr'><strong>Omnia</strong></span> <span class='ocrx_word' id='word_1_313' title='bbox 444 3339 728 3396; x_wconf 89' lang='lat' dir='ltr'><strong>tormenta,</strong></span> <span class='ocrx_word' id='word_1_314' title='bbox 756 3346 875 3402; x_wconf 54' lang='lat' dir='ltr'><strong>quas</strong></span> <span class='ocrx_word' id='word_1_315' title='bbox 899 3329 1008 3400; x_wconf 88' lang='lat' dir='ltr'><strong>jam</strong></span> <span class='ocrx_word' id='word_1_316' title='bbox 1047 3340 1192 3393; x_wconf 88' lang='lat' dir='ltr'><strong>sunt,</strong></span> <span class='ocrx_word' id='word_1_317' title='bbox 1233 3338 1288 3385; x_wconf 93' lang='lat' dir='ltr'><strong>et</strong></span> <span class='ocrx_word' id='word_1_318' title='bbox 1327 3346 1445 3400; x_wconf 66' lang='lat' dir='ltr'><strong>quae</strong></span> <span class='ocrx_word' id='word_1_319' title='bbox 1471 3329 1646 3386; x_wconf 91' lang='lat' dir='ltr'><strong>futura</strong></span> 
     </span>
    </p>
   </div>
   <div class='ocr_carea' id='block_1_46' title="bbox 51 3421 1646 3488">
    <p class='ocr_par' dir='ltr' id='par_1_46' title="bbox 51 3421 1646 3488">
     <span class='ocr_line' id='line_1_46' title="bbox 51 3421 1646 3488; baseline -0.001 -11"><span class='ocrx_word' id='word_1_320' title='bbox 51 3430 204 3488; x_wconf 86' lang='lat' dir='ltr'><strong>sunt,</strong></span> <span class='ocrx_word' id='word_1_321' title='bbox 239 3437 346 3476; x_wconf 92' lang='lat' dir='ltr'><strong>non</strong></span> <span class='ocrx_word' id='word_1_322' title='bbox 387 3421 655 3477; x_wconf 82' lang='lat' dir='ltr'><strong>sufficient</strong></span> <span class='ocrx_word' id='word_1_323' title='bbox 692 3423 884 3477; x_wconf 64' lang='lat' dir='ltr'><strong>animae</strong></span> <span class='ocrx_word' id='word_1_324' title='bbox 911 3423 988 3476; x_wconf 83' lang='lat' dir='ltr'><strong>sic</strong></span> <span class='ocrx_word' id='word_1_325' title='bbox 1016 3421 1219 3477; x_wconf 67' lang='lat' dir='ltr'><strong>affecta:</strong></span> <span class='ocrx_word' id='word_1_326' title='bbox 1258 3431 1312 3477; x_wconf 92' lang='lat' dir='ltr'><strong>et</strong></span> <span class='ocrx_word' id='word_1_327' title='bbox 1353 3423 1404 3478; x_wconf 93' lang='lat' dir='ltr'><strong>in</strong></span> <span class='ocrx_word' id='word_1_328' title='bbox 1446 3430 1646 3477; x_wconf 85' lang='lat' dir='ltr'><strong>tantam</strong></span> 
     </span>
    </p>
   </div>
   <div class='ocr_carea' id='block_1_47' title="bbox 51 3513 1649 3584">
    <p class='ocr_par' dir='ltr' id='par_1_47' title="bbox 51 3513 1649 3584">
     <span class='ocr_line' id='line_1_47' title="bbox 51 3513 1649 3584; baseline 0.001 -16"><span class='ocrx_word' id='word_1_329' title='bbox 51 3513 349 3583; x_wconf 87' lang='lat' dir='ltr'><strong>nequitiam</strong></span> <span class='ocrx_word' id='word_1_330' title='bbox 381 3513 562 3583; x_wconf 66' lang='lat' dir='ltr'><strong>lapsae.</strong></span> <span class='ocrx_word' id='word_1_331' title='bbox 594 3514 946 3584; x_wconf 85' lang='lat' dir='ltr'><strong>Blasphemiae</strong></span> <span class='ocrx_word' id='word_1_332' title='bbox 971 3525 1148 3569; x_wconf 89' lang='lat' dir='ltr'><strong>autem</strong></span> <span class='ocrx_word' id='word_1_333' title='bbox 1197 3515 1338 3570; x_wconf 91' lang='lat' dir='ltr'><strong>modi</strong></span> <span class='ocrx_word' id='word_1_334' title='bbox 1382 3516 1532 3570; x_wconf 91' lang='lat' dir='ltr'><strong>multi</strong></span> <span class='ocrx_word' id='word_1_335' title='bbox 1558 3531 1649 3570; x_wconf 90' lang='lat' dir='ltr'><strong>va-</strong></span> 
     </span>
    </p>
   </div>
   <div class='ocr_carea' id='block_1_48' title="bbox 53 3606 1645 3678">
    <p class='ocr_par' dir='ltr' id='par_1_48' title="bbox 53 3606 1645 3678">
     <span class='ocr_line' id='line_1_48' title="bbox 53 3606 1645 3678; baseline 0.003 -19"><span class='ocrx_word' id='word_1_336' title='bbox 53 3606 232 3675; x_wconf 88' lang='lat' dir='ltr'><strong>riique</strong></span> <span class='ocrx_word' id='word_1_337' title='bbox 257 3614 416 3672; x_wconf 91' lang='lat' dir='ltr'><strong>sunt;</strong></span> <span class='ocrx_word' id='word_1_338' title='bbox 443 3621 577 3676; x_wconf 87' lang='lat' dir='ltr'><strong>quos</strong></span> <span class='ocrx_word' id='word_1_339' title='bbox 605 3621 826 3662; x_wconf 85' lang='lat' dir='ltr'><strong>necesse</strong></span> <span class='ocrx_word' id='word_1_340' title='bbox 853 3616 934 3661; x_wconf 90' lang='lat' dir='ltr'><strong>est</strong></span> <span class='ocrx_word' id='word_1_341' title='bbox 962 3606 1121 3662; x_wconf 88' lang='lat' dir='ltr'><strong>hodie</strong></span> <span class='ocrx_word' id='word_1_342' title='bbox 1143 3622 1333 3663; x_wconf 91' lang='lat' dir='ltr'><strong>omnes</strong></span> <span class='ocrx_word' id='word_1_343' title='bbox 1354 3623 1645 3678; x_wconf 84' lang='lat' dir='ltr'><strong>exponere,</strong></span> 
     </span>
    </p>
   </div>
   <div class='ocr_carea' id='block_1_49' title="bbox 53 3698 1646 3771">
    <p class='ocr_par' dir='ltr' id='par_1_49' title="bbox 53 3698 1646 3771">
     <span class='ocr_line' id='line_1_49' title="bbox 53 3698 1646 3771; baseline 0.003 -19"><span class='ocrx_word' id='word_1_344' title='bbox 53 3708 112 3752; x_wconf 91' lang='lat' dir='ltr'><strong>ut</strong></span> <span class='ocrx_word' id='word_1_345' title='bbox 137 3699 194 3752; x_wconf 91' lang='lat' dir='ltr'><strong>in</strong></span> <span class='ocrx_word' id='word_1_346' title='bbox 234 3698 437 3753; x_wconf 92' lang='lat' dir='ltr'><strong>nullum</strong></span> <span class='ocrx_word' id='word_1_347' title='bbox 484 3714 669 3754; x_wconf 91' lang='lat' dir='ltr'><strong>eorum</strong></span> <span class='ocrx_word' id='word_1_348' title='bbox 697 3708 886 3768; x_wconf 90' lang='lat' dir='ltr'><strong>sponte</strong></span> <span class='ocrx_word' id='word_1_349' title='bbox 917 3699 1177 3764; x_wconf 88' lang='lat' dir='ltr'><strong>lahamur,</strong></span> <span class='ocrx_word' id='word_1_350' title='bbox 1214 3716 1388 3771; x_wconf 91' lang='lat' dir='ltr'><strong>neque</strong></span> <span class='ocrx_word' id='word_1_351' title='bbox 1415 3702 1646 3756; x_wconf 89' lang='lat' dir='ltr'><strong>amicum</strong></span> 
     </span>
    </p>
   </div>
   <div class='ocr_carea' id='block_1_50' title="bbox 55 3790 1646 3863">
    <p class='ocr_par' dir='ltr' id='par_1_50' title="bbox 55 3790 1646 3863">
     <span class='ocr_line' id='line_1_50' title="bbox 55 3790 1646 3863; baseline 0.005 -23"><span class='ocrx_word' id='word_1_352' title='bbox 55 3791 142 3845; x_wconf 88' lang='lat' dir='ltr'><strong>vel</strong></span> <span class='ocrx_word' id='word_1_353' title='bbox 172 3790 443 3844; x_wconf 90' lang='lat' dir='ltr'><strong>inimicum</strong></span> <span class='ocrx_word' id='word_1_354' title='bbox 469 3792 772 3861; x_wconf 88' lang='lat' dir='ltr'><strong>quempiam</strong></span> <span class='ocrx_word' id='word_1_355' title='bbox 802 3793 1049 3847; x_wconf 88' lang='lat' dir='ltr'><strong>similiter</strong></span> <span class='ocrx_word' id='word_1_356' title='bbox 1077 3793 1280 3862; x_wconf 90' lang='lat' dir='ltr'><strong>lapsum</strong></span> <span class='ocrx_word' id='word_1_357' title='bbox 1298 3793 1646 3863; x_wconf 80' lang='lat' dir='ltr'><strong>negligamus.</strong></span> 
     </span>
    </p>
   </div>
   <div class='ocr_carea' id='block_1_51' title="bbox 52 3881 1646 3953">
    <p class='ocr_par' dir='ltr' id='par_1_51' title="bbox 52 3881 1646 3953">
     <span class='ocr_line' id='line_1_51' title="bbox 52 3881 1646 3953; baseline 0.002 -18"><span class='ocrx_word' id='word_1_358' title='bbox 52 3881 272 3935; x_wconf 85' lang='lat' dir='ltr'><strong>Nullum</strong></span> <span class='ocrx_word' id='word_1_359' title='bbox 299 3883 462 3946; x_wconf 91' lang='lat' dir='ltr'><strong>enim,</strong></span> <span class='ocrx_word' id='word_1_360' title='bbox 496 3881 698 3936; x_wconf 88' lang='lat' dir='ltr'><strong>nullmn</strong></span> <span class='ocrx_word' id='word_1_361' title='bbox 731 3882 910 3953; x_wconf 87' lang='lat' dir='ltr'><strong>utique</strong></span> <span class='ocrx_word' id='word_1_362' title='bbox 945 3890 1029 3937; x_wconf 91' lang='lat' dir='ltr'><strong>est</strong></span> <span class='ocrx_word' id='word_1_363' title='bbox 1057 3892 1329 3952; x_wconf 91' lang='lat' dir='ltr'><strong>peccatum</strong></span> <span class='ocrx_word' id='word_1_364' title='bbox 1368 3883 1468 3938; x_wconf 89' lang='lat' dir='ltr'><strong>hoc</strong></span> <span class='ocrx_word' id='word_1_365' title='bbox 1494 3884 1646 3938; x_wconf 87' lang='lat' dir='ltr'><strong>dete-</strong></span> 
     </span>
    </p>
   </div>
   <div class='ocr_carea' id='block_1_52' title="bbox 54 3974 1646 4045">
    <p class='ocr_par' dir='ltr' id='par_1_52' title="bbox 54 3974 1646 4045">
     <span class='ocr_line' id='line_1_52' title="bbox 54 3974 1646 4045; baseline 0.001 -18"><span class='ocrx_word' id='word_1_366' title='bbox 54 3975 194 4039; x_wconf 90' lang='lat' dir='ltr'><strong>rius,</strong></span> <span class='ocrx_word' id='word_1_367' title='bbox 225 3975 429 4028; x_wconf 90' lang='lat' dir='ltr'><strong>nullum</strong></span> <span class='ocrx_word' id='word_1_368' title='bbox 450 3974 684 4045; x_wconf 85' lang='lat' dir='ltr'><strong>:equale;</strong></span> <span class='ocrx_word' id='word_1_369' title='bbox 716 3976 810 4031; x_wconf 88' lang='lat' dir='ltr'><strong>sed</strong></span> <span class='ocrx_word' id='word_1_370' title='bbox 829 3975 1243 4030; x_wconf 88' lang='lat' dir='ltr'><strong>additamentum</strong></span> <span class='ocrx_word' id='word_1_371' title='bbox 1269 3975 1527 4030; x_wconf 90' lang='lat' dir='ltr'><strong>malorum</strong></span> <span class='ocrx_word' id='word_1_372' title='bbox 1545 3985 1646 4041; x_wconf 92' lang='lat' dir='ltr'><strong>est,</strong></span> 
     </span>
    </p>
   </div>
   <div class='ocr_carea' id='block_1_53' title="bbox 55 4067 1648 4140">
    <p class='ocr_par' dir='ltr' id='par_1_53' title="bbox 55 4067 1648 4140">
     <span class='ocr_line' id='line_1_53' title="bbox 55 4067 1648 4140; baseline 0.003 -20"><span class='ocrx_word' id='word_1_373' title='bbox 55 4067 202 4137; x_wconf 91' lang='lat' dir='ltr'><strong>quod</strong></span> <span class='ocrx_word' id='word_1_374' title='bbox 244 4068 422 4122; x_wconf 89' lang='lat' dir='ltr'><strong>omnia</strong></span> <span class='ocrx_word' id='word_1_375' title='bbox 469 4068 767 4134; x_wconf 90' lang='lat' dir='ltr'><strong>confundit,</strong></span> <span class='ocrx_word' id='word_1_376' title='bbox 823 4069 964 4140; x_wconf 87' lang='lat' dir='ltr'><strong>quod</strong></span> <span class='ocrx_word' id='word_1_377' title='bbox 1014 4070 1317 4139; x_wconf 80' lang='lat' dir='ltr'><strong>inexpiabili</strong></span> <span class='ocrx_word' id='word_1_378' title='bbox 1355 4079 1410 4124; x_wconf 93' lang='lat' dir='ltr'><strong>et</strong></span> <span class='ocrx_word' id='word_1_379' title='bbox 1458 4069 1648 4124; x_wconf 88' lang='lat' dir='ltr'><strong>intole-</strong></span> 
     </span>
    </p>
   </div>
   <div class='ocr_carea' id='block_1_54' title="bbox 56 4159 1652 4230">
    <p class='ocr_par' dir='ltr' id='par_1_54' title="bbox 56 4159 1652 4230">
     <span class='ocr_line' id='line_1_54' title="bbox 56 4159 1652 4230; baseline 0.004 -19"><span class='ocrx_word' id='word_1_380' title='bbox 56 4159 229 4212; x_wconf 86' lang='lat' dir='ltr'><strong>rando</strong></span> <span class='ocrx_word' id='word_1_381' title='bbox 256 4159 502 4226; x_wconf 88' lang='lat' dir='ltr'><strong>plectitur</strong></span> <span class='ocrx_word' id='word_1_382' title='bbox 527 4161 807 4230; x_wconf 88' lang='lat' dir='ltr'><strong>supplicio.</strong></span> <span class='ocrx_word' id='word_1_383' title='bbox 836 4161 1063 4228; x_wconf 85' lang='lat' dir='ltr'><strong>Quinam</strong></span> <span class='ocrx_word' id='word_1_384' title='bbox 1091 4170 1214 4216; x_wconf 90' lang='lat' dir='ltr'><strong>sunt</strong></span> <span class='ocrx_word' id='word_1_385' title='bbox 1239 4163 1327 4230; x_wconf 90' lang='lat' dir='ltr'><strong>qui</strong></span> <span class='ocrx_word' id='word_1_386' title='bbox 1355 4163 1464 4218; x_wconf 87' lang='lat' dir='ltr'><strong>Deo</strong></span> <span class='ocrx_word' id='word_1_387' title='bbox 1486 4165 1652 4218; x_wconf 89' lang='lat' dir='ltr'><strong>male-</strong></span> 
     </span>
    </p>
   </div>
   <div class='ocr_carea' id='block_1_55' title="bbox 56 4250 1647 4323">
    <p class='ocr_par' dir='ltr' id='par_1_55' title="bbox 56 4250 1647 4323">
     <span class='ocr_line' id='line_1_55' title="bbox 56 4250 1647 4323; baseline 0.003 -19"><span class='ocrx_word' id='word_1_388' title='bbox 56 4250 280 4305; x_wconf 89' lang='lat' dir='ltr'><strong>dicunt?</strong></span> <span class='ocrx_word' id='word_1_389' title='bbox 297 4250 396 4317; x_wconf 85' lang='lat' dir='ltr'><strong>Qui</strong></span> <span class='ocrx_word' id='word_1_390' title='bbox 423 4251 648 4321; x_wconf 87' lang='lat' dir='ltr'><strong>sapienti</strong></span> <span class='ocrx_word' id='word_1_391' title='bbox 672 4252 787 4323; x_wconf 86' lang='lat' dir='ltr'><strong>ejus</strong></span> <span class='ocrx_word' id='word_1_392' title='bbox 810 4253 1154 4322; x_wconf 73' lang='lat' dir='ltr'><strong>providentia:</strong></span> <span class='ocrx_word' id='word_1_393' title='bbox 1176 4252 1263 4307; x_wconf 88' lang='lat' dir='ltr'><strong>fati</strong></span> <span class='ocrx_word' id='word_1_394' title='bbox 1283 4253 1647 4308; x_wconf 83' lang='lat' dir='ltr'><strong>confusionem</strong></span> 
     </span>
    </p>
   </div>
   <div class='ocr_carea' id='block_1_56' title="bbox 56 4343 1650 4415">
    <p class='ocr_par' dir='ltr' id='par_1_56' title="bbox 56 4343 1650 4415">
     <span class='ocr_line' id='line_1_56' title="bbox 56 4343 1650 4415; baseline 0.003 -20"><span class='ocrx_word' id='word_1_395' title='bbox 56 4351 111 4395; x_wconf 92' lang='lat' dir='ltr'><strong>et</strong></span> <span class='ocrx_word' id='word_1_396' title='bbox 156 4343 533 4397; x_wconf 88' lang='lat' dir='ltr'><strong>necessitatem</strong></span> <span class='ocrx_word' id='word_1_397' title='bbox 581 4359 679 4398; x_wconf 91' lang='lat' dir='ltr'><strong>ceu</strong></span> <span class='ocrx_word' id='word_1_398' title='bbox 724 4360 935 4399; x_wconf 79' lang='lat' dir='ltr'><strong>antrum</strong></span> <span class='ocrx_word' id='word_1_399' title='bbox 965 4351 1260 4413; x_wconf 90' lang='lat' dir='ltr'><strong>opponunt.</strong></span> <span class='ocrx_word' id='word_1_400' title='bbox 1309 4343 1465 4400; x_wconf 87' lang='lat' dir='ltr'><strong>Certe</strong></span> <span class='ocrx_word' id='word_1_401' title='bbox 1508 4344 1650 4415; x_wconf 91' lang='lat' dir='ltr'><strong>quod</strong></span> 
     </span>
    </p>
   </div>
   <div class='ocr_carea' id='block_1_57' title="bbox 58 4432 1650 4504">
    <p class='ocr_par' dir='ltr' id='par_1_57' title="bbox 58 4432 1650 4504">
     <span class='ocr_line' id='line_1_57' title="bbox 58 4432 1650 4504; baseline 0.002 -19"><span class='ocrx_word' id='word_1_402' title='bbox 58 4432 330 4500; x_wconf 81' lang='lat' dir='ltr'><strong>infideles,</strong></span> <span class='ocrx_word' id='word_1_403' title='bbox 362 4434 450 4503; x_wconf 90' lang='lat' dir='ltr'><strong>qui</strong></span> <span class='ocrx_word' id='word_1_404' title='bbox 481 4433 621 4504; x_wconf 84' lang='lat' dir='ltr'><strong>ligna</strong></span> <span class='ocrx_word' id='word_1_405' title='bbox 652 4445 706 4490; x_wconf 92' lang='lat' dir='ltr'><strong>et</strong></span> <span class='ocrx_word' id='word_1_406' title='bbox 748 4435 950 4504; x_wconf 87' lang='lat' dir='ltr'><strong>lapides</strong></span> <span class='ocrx_word' id='word_1_407' title='bbox 975 4435 1174 4492; x_wconf 88' lang='lat' dir='ltr'><strong>insulse</strong></span> <span class='ocrx_word' id='word_1_408' title='bbox 1203 4436 1460 4490; x_wconf 89' lang='lat' dir='ltr'><strong>mirantur</strong></span> <span class='ocrx_word' id='word_1_409' title='bbox 1479 4445 1532 4491; x_wconf 91' lang='lat' dir='ltr'><strong>et</strong></span> <span class='ocrx_word' id='word_1_410' title='bbox 1555 4452 1650 4492; x_wconf 81' lang='lat' dir='ltr'><strong>co-</strong></span> 
     </span>
    </p>
   </div>
   <div class='ocr_carea' id='block_1_58' title="bbox 55 4525 1649 4598">
    <p class='ocr_par' dir='ltr' id='par_1_58' title="bbox 55 4525 1649 4598">
     <span class='ocr_line' id='line_1_58' title="bbox 55 4525 1649 4598; baseline 0.003 -20"><span class='ocrx_word' id='word_1_411' title='bbox 55 4525 198 4588; x_wconf 86' lang='lat' dir='ltr'><strong>lunt,</strong></span> <span class='ocrx_word' id='word_1_412' title='bbox 235 4525 336 4578; x_wconf 91' lang='lat' dir='ltr'><strong>hoc</strong></span> <span class='ocrx_word' id='word_1_413' title='bbox 379 4525 621 4582; x_wconf 83' lang='lat' dir='ltr'><strong>laborent</strong></span> <span class='ocrx_word' id='word_1_414' title='bbox 649 4528 858 4593; x_wconf 90' lang='lat' dir='ltr'><strong>morbo,</strong></span> <span class='ocrx_word' id='word_1_415' title='bbox 894 4527 1024 4581; x_wconf 84' lang='lat' dir='ltr'><strong>nihil</strong></span> <span class='ocrx_word' id='word_1_416' title='bbox 1055 4528 1282 4594; x_wconf 91' lang='lat' dir='ltr'><strong>mirum;</strong></span> <span class='ocrx_word' id='word_1_417' title='bbox 1307 4528 1449 4598; x_wconf 90' lang='lat' dir='ltr'><strong>quod</strong></span> <span class='ocrx_word' id='word_1_418' title='bbox 1472 4541 1649 4583; x_wconf 83' lang='lat' dir='ltr'><strong>autem</strong></span> 
     </span>
    </p>
   </div>
   <div class='ocr_carea' id='block_1_59' title="bbox 56 4615 1651 4688">
    <p class='ocr_par' dir='ltr' id='par_1_59' title="bbox 56 4615 1651 4688">
     <span class='ocr_line' id='line_1_59' title="bbox 56 4615 1651 4688; baseline 0.003 -20"><span class='ocrx_word' id='word_1_419' title='bbox 56 4617 113 4681; x_wconf 91' lang='lat' dir='ltr'><strong>ii,</strong></span> <span class='ocrx_word' id='word_1_420' title='bbox 151 4615 245 4684; x_wconf 92' lang='lat' dir='ltr'><strong>qui</strong></span> <span class='ocrx_word' id='word_1_421' title='bbox 293 4615 360 4669; x_wconf 91' lang='lat' dir='ltr'><strong>ab</strong></span> <span class='ocrx_word' id='word_1_422' title='bbox 399 4616 500 4672; x_wconf 92' lang='lat' dir='ltr'><strong>hoc</strong></span> <span class='ocrx_word' id='word_1_423' title='bbox 536 4633 720 4672; x_wconf 90' lang='lat' dir='ltr'><strong>errore</strong></span> <span class='ocrx_word' id='word_1_424' title='bbox 763 4628 817 4673; x_wconf 89' lang='lat' dir='ltr'><strong>et</strong></span> <span class='ocrx_word' id='word_1_425' title='bbox 859 4619 1112 4673; x_wconf 90' lang='lat' dir='ltr'><strong>servitute</strong></span> <span class='ocrx_word' id='word_1_426' title='bbox 1153 4618 1356 4674; x_wconf 87' lang='lat' dir='ltr'><strong>liberati</strong></span> <span class='ocrx_word' id='word_1_427' title='bbox 1387 4627 1528 4686; x_wconf 89' lang='lat' dir='ltr'><strong>sunt,</strong></span> <span class='ocrx_word' id='word_1_428' title='bbox 1560 4619 1651 4688; x_wconf 93' lang='lat' dir='ltr'><strong>qui</strong></span> 
     </span>
    </p>
   </div>
   <div class='ocr_carea' id='block_1_60' title="bbox 52 4707 1653 4781">
    <p class='ocr_par' dir='ltr' id='par_1_60' title="bbox 52 4707 1653 4781">
     <span class='ocr_line' id='line_1_60' title="bbox 52 4707 1653 4781; baseline 0.002 -20"><span class='ocrx_word' id='word_1_429' title='bbox 52 4707 371 4777; x_wconf 78' lang='lat' dir='ltr'><strong>cognitione</strong></span> <span class='ocrx_word' id='word_1_430' title='bbox 411 4708 506 4763; x_wconf 89' lang='lat' dir='ltr'><strong>Dei</strong></span> <span class='ocrx_word' id='word_1_431' title='bbox 531 4708 727 4779; x_wconf 78' lang='lat' dir='ltr'><strong>dignati</strong></span> <span class='ocrx_word' id='word_1_432' title='bbox 759 4719 902 4773; x_wconf 86' lang='lat' dir='ltr'><strong>sunt,</strong></span> <span class='ocrx_word' id='word_1_433' title='bbox 933 4709 1082 4778; x_wconf 89' lang='lat' dir='ltr'><strong>quasi</strong></span> <span class='ocrx_word' id='word_1_434' title='bbox 1125 4724 1192 4764; x_wconf 83' lang='lat' dir='ltr'><strong>ex</strong></span> <span class='ocrx_word' id='word_1_435' title='bbox 1232 4725 1474 4781; x_wconf 85' lang='lat' dir='ltr'><strong>regressu</strong></span> <span class='ocrx_word' id='word_1_436' title='bbox 1520 4725 1653 4778; x_wconf 88' lang='lat' dir='ltr'><strong>quo-</strong></span> 
     </span>
    </p>
   </div>
   <div class='ocr_carea' id='block_1_61' title="bbox 56 4799 1647 4870">
    <p class='ocr_par' dir='ltr' id='par_1_61' title="bbox 56 4799 1647 4870">
     <span class='ocr_line' id='line_1_61' title="bbox 56 4799 1647 4870; baseline 0.005 -18"><span class='ocrx_word' id='word_1_437' title='bbox 56 4801 206 4870; x_wconf 82' lang='lat' dir='ltr'><strong>piam</strong></span> <span class='ocrx_word' id='word_1_438' title='bbox 242 4799 294 4852; x_wconf 93' lang='lat' dir='ltr'><strong>in</strong></span> <span class='ocrx_word' id='word_1_439' title='bbox 322 4799 459 4855; x_wconf 89' lang='lat' dir='ltr'><strong>hanc</strong></span> <span class='ocrx_word' id='word_1_440' title='bbox 485 4803 792 4870; x_wconf 85' lang='lat' dir='ltr'><strong>procellam,</strong></span> <span class='ocrx_word' id='word_1_441' title='bbox 843 4803 894 4856; x_wconf 89' lang='lat' dir='ltr'><strong>in</strong></span> <span class='ocrx_word' id='word_1_442' title='bbox 932 4801 1072 4857; x_wconf 92' lang='lat' dir='ltr'><strong>hunc</strong></span> <span class='ocrx_word' id='word_1_443' title='bbox 1101 4803 1407 4870; x_wconf 89' lang='lat' dir='ltr'><strong>cogitatum,</strong></span> <span class='ocrx_word' id='word_1_444' title='bbox 1441 4803 1490 4858; x_wconf 90' lang='lat' dir='ltr'><strong>in</strong></span> <span class='ocrx_word' id='word_1_445' title='bbox 1513 4803 1647 4860; x_wconf 82' lang='lat' dir='ltr'><strong>hanc</strong></span> 
     </span>
    </p>
   </div>
   <div class='ocr_carea' id='block_1_62' title="bbox 52 4892 1653 4964">
    <p class='ocr_par' dir='ltr' id='par_1_62' title="bbox 52 4892 1653 4964">
     <span class='ocr_line' id='line_1_62' title="bbox 52 4892 1653 4964; baseline 0.002 -18"><span class='ocrx_word' id='word_1_446' title='bbox 52 4892 355 4946; x_wconf 87' lang='lat' dir='ltr'><strong>amentiam</strong></span> <span class='ocrx_word' id='word_1_447' title='bbox 397 4893 720 4954; x_wconf 88' lang='lat' dir='ltr'><strong>reciderunt.</strong></span> <span class='ocrx_word' id='word_1_448' title='bbox 761 4895 886 4948; x_wconf 91' lang='lat' dir='ltr'><strong>illud</strong></span> <span class='ocrx_word' id='word_1_449' title='bbox 918 4906 997 4948; x_wconf 91' lang='lat' dir='ltr'><strong>est</strong></span> <span class='ocrx_word' id='word_1_450' title='bbox 1023 4894 1412 4964; x_wconf 90' lang='lat' dir='ltr'><strong>gravissimum,</strong></span> <span class='ocrx_word' id='word_1_451' title='bbox 1445 4896 1653 4951; x_wconf 84' lang='lat' dir='ltr'><strong>multis-</strong></span> 
     </span>
    </p>
   </div>
   <div class='ocr_carea' id='block_1_63' title="bbox 48 4985 1647 5057">
    <p class='ocr_par' dir='ltr' id='par_1_63' title="bbox 48 4985 1647 5057">
     <span class='ocr_line' id='line_1_63' title="bbox 48 4985 1647 5057; baseline 0.001 -20"><span class='ocrx_word' id='word_1_452' title='bbox 48 5000 167 5054; x_wconf 86' lang='lat' dir='ltr'><strong>que</strong></span> <span class='ocrx_word' id='word_1_453' title='bbox 218 4999 349 5038; x_wconf 84' lang='lat' dir='ltr'><strong>vere</strong></span> <span class='ocrx_word' id='word_1_454' title='bbox 396 4985 644 5057; x_wconf 85' lang='lat' dir='ltr'><strong>lacrymis</strong></span> <span class='ocrx_word' id='word_1_455' title='bbox 685 4986 1000 5056; x_wconf 85' lang='lat' dir='ltr'><strong>ﬂetibusque</strong></span> <span class='ocrx_word' id='word_1_456' title='bbox 1049 4985 1267 5055; x_wconf 88' lang='lat' dir='ltr'><strong>dignum</strong></span> <span class='ocrx_word' id='word_1_457' title='bbox 1298 5002 1313 5040; x_wconf 89' lang='lat'><strong>:</strong></span> <span class='ocrx_word' id='word_1_458' title='bbox 1341 4986 1551 5055; x_wconf 87' lang='lat' dir='ltr'><strong>quando</strong></span> <span class='ocrx_word' id='word_1_459' title='bbox 1593 4987 1647 5052; x_wconf 89' lang='lat' dir='ltr'><strong>ii,</strong></span> 
     </span>
    </p>
   </div>
   <div class='ocr_carea' id='block_1_64' title="bbox 56 5074 1651 5148">
    <p class='ocr_par' dir='ltr' id='par_1_64' title="bbox 56 5074 1651 5148">
     <span class='ocr_line' id='line_1_64' title="bbox 56 5074 1651 5148; baseline 0.003 -20"><span class='ocrx_word' id='word_1_460' title='bbox 56 5077 149 5146; x_wconf 89' lang='lat' dir='ltr'><strong>qui</strong></span> <span class='ocrx_word' id='word_1_461' title='bbox 206 5091 270 5130; x_wconf 89' lang='lat' dir='ltr'><strong>se</strong></span> <span class='ocrx_word' id='word_1_462' title='bbox 309 5074 578 5132; x_wconf 87' lang='lat' dir='ltr'><strong>Christum</strong></span> <span class='ocrx_word' id='word_1_463' title='bbox 624 5079 848 5133; x_wconf 91' lang='lat' dir='ltr'><strong>adorare</strong></span> <span class='ocrx_word' id='word_1_464' title='bbox 889 5078 1091 5144; x_wconf 90' lang='lat' dir='ltr'><strong>dicunt,</strong></span> <span class='ocrx_word' id='word_1_465' title='bbox 1119 5077 1207 5147; x_wconf 93' lang='lat' dir='ltr'><strong>qui</strong></span> <span class='ocrx_word' id='word_1_466' title='bbox 1251 5077 1412 5132; x_wconf 89' lang='lat' dir='ltr'><strong>tantis</strong></span> <span class='ocrx_word' id='word_1_467' title='bbox 1451 5078 1651 5148; x_wconf 80' lang='lat' dir='ltr'><strong>dignati</strong></span> 
     </span>
    </p>
   </div>
   <div class='ocr_carea' id='block_1_65' title="bbox 58 5169 1654 5240">
    <p class='ocr_par' dir='ltr' id='par_1_65' title="bbox 58 5169 1654 5240">
     <span class='ocr_line' id='line_1_65' title="bbox 58 5169 1654 5240; baseline 0.001 -16"><span class='ocrx_word' id='word_1_468' title='bbox 58 5178 189 5224; x_wconf 80' lang='lat' dir='ltr'><strong>sunt</strong></span> <span class='ocrx_word' id='word_1_469' title='bbox 219 5170 508 5238; x_wconf 89' lang='lat' dir='ltr'><strong>mysteriis,</strong></span> <span class='ocrx_word' id='word_1_470' title='bbox 541 5170 749 5224; x_wconf 90' lang='lat' dir='ltr'><strong>arcanis</strong></span> <span class='ocrx_word' id='word_1_471' title='bbox 780 5169 962 5224; x_wconf 85' lang='lat' dir='ltr'><strong>imbuti</strong></span> <span class='ocrx_word' id='word_1_472' title='bbox 984 5169 1340 5240; x_wconf 90' lang='lat' dir='ltr'><strong>dogmatibus,</strong></span> <span class='ocrx_word' id='word_1_473' title='bbox 1363 5179 1418 5223; x_wconf 91' lang='lat' dir='ltr'><strong>et</strong></span> <span class='ocrx_word' id='word_1_474' title='bbox 1442 5170 1654 5238; x_wconf 87' lang='lat' dir='ltr'><strong>sapien-</strong></span> 
     </span>
    </p>
   </div>
   <div class='ocr_carea' id='block_1_66' title="bbox 59 5259 1652 5328">
    <p class='ocr_par' dir='ltr' id='par_1_66' title="bbox 59 5259 1652 5328">
     <span class='ocr_line' id='line_1_66' title="bbox 59 5259 1652 5328; baseline 0.001 -16"><span class='ocrx_word' id='word_1_475' title='bbox 59 5260 128 5312; x_wconf 86' lang='lat' dir='ltr'><strong>tia</strong></span> <span class='ocrx_word' id='word_1_476' title='bbox 168 5259 258 5312; x_wconf 87' lang='lat' dir='ltr'><strong>illa</strong></span> <span class='ocrx_word' id='word_1_477' title='bbox 289 5273 409 5328; x_wconf 87' lang='lat' dir='ltr'><strong>qu:e</strong></span> <span class='ocrx_word' id='word_1_478' title='bbox 441 5275 505 5313; x_wconf 91' lang='lat' dir='ltr'><strong>ex</strong></span> <span class='ocrx_word' id='word_1_479' title='bbox 543 5260 687 5314; x_wconf 74' lang='lat' dir='ltr'><strong>cmlis</strong></span> <span class='ocrx_word' id='word_1_480' title='bbox 734 5259 799 5314; x_wconf 90' lang='lat' dir='ltr'><strong>ad</strong></span> <span class='ocrx_word' id='word_1_481' title='bbox 845 5275 942 5315; x_wconf 91' lang='lat' dir='ltr'><strong>nos</strong></span> <span class='ocrx_word' id='word_1_482' title='bbox 969 5259 1145 5315; x_wconf 88' lang='lat' dir='ltr'><strong>delata</strong></span> <span class='ocrx_word' id='word_1_483' title='bbox 1171 5266 1272 5325; x_wconf 87' lang='lat' dir='ltr'><strong>est,</strong></span> <span class='ocrx_word' id='word_1_484' title='bbox 1305 5267 1424 5328; x_wconf 91' lang='lat' dir='ltr'><strong>post</strong></span> <span class='ocrx_word' id='word_1_485' title='bbox 1450 5268 1652 5313; x_wconf 87' lang='lat' dir='ltr'><strong>tantum</strong></span> 
     </span>
    </p>
   </div>
   <div class='ocr_carea' id='block_1_67' title="bbox 56 5349 1654 5420">
    <p class='ocr_par' dir='ltr' id='par_1_67' title="bbox 56 5349 1654 5420">
     <span class='ocr_line' id='line_1_67' title="bbox 56 5349 1654 5420; baseline 0 -16"><span class='ocrx_word' id='word_1_486' title='bbox 56 5350 353 5414; x_wconf 88' lang='lat' dir='ltr'><strong>honorem,</strong></span> <span class='ocrx_word' id='word_1_487' title='bbox 383 5366 540 5420; x_wconf 89' lang='lat' dir='ltr'><strong>quem</strong></span> <span class='ocrx_word' id='word_1_488' title='bbox 567 5365 594 5403; x_wconf 92' lang='lat' dir='ltr'><strong>a</strong></span> <span class='ocrx_word' id='word_1_489' title='bbox 622 5351 733 5405; x_wconf 93' lang='lat' dir='ltr'><strong>Deo</strong></span> <span class='ocrx_word' id='word_1_490' title='bbox 757 5360 1104 5420; x_wconf 87' lang='lat' dir='ltr'><strong>acceperunt,</strong></span> <span class='ocrx_word' id='word_1_491' title='bbox 1133 5349 1339 5419; x_wconf 84' lang='lat' dir='ltr'><strong>seipsos</strong></span> <span class='ocrx_word' id='word_1_492' title='bbox 1357 5349 1654 5419; x_wconf 63' lang='lat' dir='ltr'><strong>prtecipites</strong></span> 
     </span>
    </p>
   </div>
   <div class='ocr_carea' id='block_1_68' title="bbox 54 5439 1652 5512">
    <p class='ocr_par' dir='ltr' id='par_1_68' title="bbox 54 5439 1652 5512">
     <span class='ocr_line' id='line_1_68' title="bbox 54 5439 1652 5512; baseline -0.002 -17"><span class='ocrx_word' id='word_1_493' title='bbox 54 5451 253 5510; x_wconf 84' lang='lat' dir='ltr'><strong>agunt.</strong></span> <span class='ocrx_word' id='word_1_494' title='bbox 281 5447 441 5510; x_wconf 88' lang='lat' dir='ltr'><strong>atque</strong></span> <span class='ocrx_word' id='word_1_495' title='bbox 468 5455 498 5493; x_wconf 88' lang='lat' dir='ltr'><strong>a</strong></span> <span class='ocrx_word' id='word_1_496' title='bbox 524 5441 786 5505; x_wconf 88' lang='lat' dir='ltr'><strong>libertate,</strong></span> <span class='ocrx_word' id='word_1_497' title='bbox 813 5456 972 5512; x_wconf 90' lang='lat' dir='ltr'><strong>quam</strong></span> <span class='ocrx_word' id='word_1_498' title='bbox 1001 5441 1128 5512; x_wconf 83' lang='lat' dir='ltr'><strong>ipsis</strong></span> <span class='ocrx_word' id='word_1_499' title='bbox 1145 5440 1285 5496; x_wconf 85' lang='lat' dir='ltr'><strong>Deus</strong></span> <span class='ocrx_word' id='word_1_500' title='bbox 1312 5439 1528 5510; x_wconf 86' lang='lat' dir='ltr'><strong>largitus</strong></span> <span class='ocrx_word' id='word_1_501' title='bbox 1549 5449 1652 5504; x_wconf 90' lang='lat' dir='ltr'><strong>est,</strong></span> 
     </span>
    </p>
   </div>
   <div class='ocr_carea' id='block_1_69' title="bbox 56 5531 1655 5602">
    <p class='ocr_par' dir='ltr' id='par_1_69' title="bbox 56 5531 1655 5602">
     <span class='ocr_line' id='line_1_69' title="bbox 56 5531 1655 5602; baseline -0.001 -16"><span class='ocrx_word' id='word_1_502' title='bbox 56 5548 118 5587; x_wconf 81' lang='lat' dir='ltr'><strong>se</strong></span> <span class='ocrx_word' id='word_1_503' title='bbox 139 5531 432 5587; x_wconf 86' lang='lat' dir='ltr'><strong>admodum</strong></span> <span class='ocrx_word' id='word_1_504' title='bbox 461 5532 632 5587; x_wconf 90' lang='lat' dir='ltr'><strong>insani</strong></span> <span class='ocrx_word' id='word_1_505' title='bbox 653 5531 926 5602; x_wconf 85' lang='lat' dir='ltr'><strong>dejiciunt,</strong></span> <span class='ocrx_word' id='word_1_506' title='bbox 953 5532 1384 5602; x_wconf 70' lang='lat' dir='ltr'><strong>gravissimeque</strong></span> <span class='ocrx_word' id='word_1_507' title='bbox 1407 5548 1465 5587; x_wconf 88' lang='lat' dir='ltr'><strong>se</strong></span> <span class='ocrx_word' id='word_1_508' title='bbox 1490 5531 1655 5602; x_wconf 78' lang='lat' dir='ltr'><strong>subji-</strong></span> 
     </span>
    </p>
   </div>
   <div class='ocr_carea' id='block_1_70' title="bbox 59 5625 1657 5698">
    <p class='ocr_par' dir='ltr' id='par_1_70' title="bbox 59 5625 1657 5698">
     <span class='ocr_line' id='line_1_70' title="bbox 59 5625 1657 5698; baseline -0.001 -17"><span class='ocrx_word' id='word_1_509' title='bbox 59 5629 216 5682; x_wconf 78' lang='lat' dir='ltr'><strong>ciunt</strong></span> <span class='ocrx_word' id='word_1_510' title='bbox 274 5625 538 5693; x_wconf 78' lang='lat' dir='ltr'><strong>servituti,</strong></span> <span class='ocrx_word' id='word_1_511' title='bbox 595 5626 720 5680; x_wconf 88' lang='lat' dir='ltr'><strong>dum</strong></span> <span class='ocrx_word' id='word_1_512' title='bbox 769 5626 1090 5682; x_wconf 90' lang='lat' dir='ltr'><strong>horrendam</strong></span> <span class='ocrx_word' id='word_1_513' title='bbox 1126 5625 1483 5698; x_wconf 77' lang='lat' dir='ltr'><strong>tyrannidem,</strong></span> <span class='ocrx_word' id='word_1_514' title='bbox 1535 5640 1657 5693; x_wconf 60' lang='lat' dir='ltr'><strong>qua:</strong></span> 
     </span>
    </p>
   </div>
   <div class='ocr_carea' id='block_1_71' title="bbox 62 5715 1654 5789">
    <p class='ocr_par' dir='ltr' id='par_1_71' title="bbox 62 5715 1654 5789">
     <span class='ocr_line' id='line_1_71' title="bbox 62 5715 1654 5789; baseline -0.001 -15"><span class='ocrx_word' id='word_1_515' title='bbox 62 5731 369 5787; x_wconf 88' lang='lat' dir='ltr'><strong>numquam</strong></span> <span class='ocrx_word' id='word_1_516' title='bbox 398 5715 514 5784; x_wconf 83' lang='lat' dir='ltr'><strong>fuit,</strong></span> <span class='ocrx_word' id='word_1_517' title='bbox 549 5719 778 5789; x_wconf 84' lang='lat' dir='ltr'><strong>cogitatu</strong></span> <span class='ocrx_word' id='word_1_518' title='bbox 814 5718 1033 5788; x_wconf 77' lang='lat' dir='ltr'><strong>fingunt,</strong></span> <span class='ocrx_word' id='word_1_519' title='bbox 1059 5727 1112 5775; x_wconf 88' lang='lat' dir='ltr'><strong>et</strong></span> <span class='ocrx_word' id='word_1_520' title='bbox 1147 5733 1296 5788; x_wconf 84' lang='lat' dir='ltr'><strong>spem</strong></span> <span class='ocrx_word' id='word_1_521' title='bbox 1332 5717 1522 5774; x_wconf 85' lang='lat' dir='ltr'><strong>bonam</strong></span> <span class='ocrx_word' id='word_1_522' title='bbox 1561 5733 1654 5772; x_wconf 87' lang='lat' dir='ltr'><strong>cx-</strong></span> 
     </span>
    </p>
   </div>
   <div class='ocr_carea' id='block_1_72' title="bbox 1721 1813 2060 1852">
    <p class='ocr_par' dir='ltr' id='par_1_72' title="bbox 1721 1813 2060 1852">
     <span class='ocr_line' id='line_1_72' title="bbox 1721 1813 2060 1852; baseline 0.006 -2"><span class='ocrx_word' id='word_1_523' title='bbox 1721 1813 2060 1852; x_wconf 53' lang='lat' dir='ltr'><strong>meum</strong></span> 
     </span>
    </p>
   </div>
   <div class='ocr_carea' id='block_1_73' title="bbox 1753 1958 3330 2032">
    <p class='ocr_par' dir='ltr' id='par_1_73' title="bbox 1753 1958 3330 2032">
     <span class='ocr_line' id='line_1_73' title="bbox 1753 1958 3330 2032; baseline 0.003 -19"><span class='ocrx_word' id='word_1_524' title='bbox 1753 1958 2018 2024; x_wconf 88' lang='lat' dir='ltr'><strong>scindunt,</strong></span> <span class='ocrx_word' id='word_1_525' title='bbox 2055 1975 2351 2030; x_wconf 89' lang='lat' dir='ltr'><strong>nervosque</strong></span> <span class='ocrx_word' id='word_1_526' title='bbox 2376 1976 2560 2016; x_wconf 91' lang='lat' dir='ltr'><strong>eorum</strong></span> <span class='ocrx_word' id='word_1_527' title='bbox 2583 2004 2595 2028; x_wconf 90' lang='lat'><strong>,</strong></span> <span class='ocrx_word' id='word_1_528' title='bbox 2623 1961 2714 2032; x_wconf 87' lang='lat' dir='ltr'><strong>qui</strong></span> <span class='ocrx_word' id='word_1_529' title='bbox 2756 1963 2934 2017; x_wconf 83' lang='lat' dir='ltr'><strong>virtuti</strong></span> <span class='ocrx_word' id='word_1_530' title='bbox 2973 1964 3206 2030; x_wconf 88' lang='lat' dir='ltr'><strong>student,</strong></span> <span class='ocrx_word' id='word_1_531' title='bbox 3236 1978 3330 2017; x_wconf 81' lang='lat' dir='ltr'><strong>ex-</strong></span> 
     </span>
    </p>
   </div>
   <div class='ocr_carea' id='block_1_74' title="bbox 1749 2051 3334 2120">
    <p class='ocr_par' dir='ltr' id='par_1_74' title="bbox 1749 2051 3334 2120">
     <span class='ocr_line' id='line_1_74' title="bbox 1749 2051 3334 2120; baseline 0.002 -12"><span class='ocrx_word' id='word_1_532' title='bbox 1749 2051 1992 2108; x_wconf 73' lang='lat' dir='ltr'><strong>scindere</strong></span> <span class='ocrx_word' id='word_1_533' title='bbox 2019 2052 2251 2107; x_wconf 89' lang='lat' dir='ltr'><strong>student.</strong></span> <span class='ocrx_word' id='word_1_534' title='bbox 2269 2053 2725 2120; x_wconf 88' lang='lat' dir='ltr'><strong>Quemadmodum</strong></span> <span class='ocrx_word' id='word_1_535' title='bbox 2753 2055 2806 2110; x_wconf 90' lang='lat' dir='ltr'><strong>in</strong></span> <span class='ocrx_word' id='word_1_536' title='bbox 2823 2055 2962 2111; x_wconf 90' lang='lat' dir='ltr'><strong>bello</strong></span> <span class='ocrx_word' id='word_1_537' title='bbox 2982 2057 3174 2111; x_wconf 92' lang='lat' dir='ltr'><strong>milites</strong></span> <span class='ocrx_word' id='word_1_538' title='bbox 3197 2064 3334 2111; x_wconf 80' lang='lat' dir='ltr'><strong>stre-</strong></span> 
     </span>
    </p>
   </div>
   <div class='ocr_carea' id='block_1_75' title="bbox 1749 2144 3330 2216">
    <p class='ocr_par' dir='ltr' id='par_1_75' title="bbox 1749 2144 3330 2216">
     <span class='ocr_line' id='line_1_75' title="bbox 1749 2144 3330 2216; baseline 0.003 -19"><span class='ocrx_word' id='word_1_539' title='bbox 1749 2158 1883 2198; x_wconf 89' lang='lat' dir='ltr'><strong>nuos</strong></span> <span class='ocrx_word' id='word_1_540' title='bbox 1904 2153 1956 2198; x_wconf 92' lang='lat' dir='ltr'><strong>et</strong></span> <span class='ocrx_word' id='word_1_541' title='bbox 1983 2144 2214 2198; x_wconf 88' lang='lat' dir='ltr'><strong>animam</strong></span> <span class='ocrx_word' id='word_1_542' title='bbox 2246 2160 2343 2214; x_wconf 91' lang='lat' dir='ltr'><strong>pro</strong></span> <span class='ocrx_word' id='word_1_543' title='bbox 2366 2145 2536 2214; x_wconf 89' lang='lat' dir='ltr'><strong>patria</strong></span> <span class='ocrx_word' id='word_1_544' title='bbox 2565 2144 2837 2202; x_wconf 89' lang='lat' dir='ltr'><strong>effundere</strong></span> <span class='ocrx_word' id='word_1_545' title='bbox 2865 2157 3078 2216; x_wconf 89' lang='lat' dir='ltr'><strong>paratos</strong></span> <span class='ocrx_word' id='word_1_546' title='bbox 3104 2162 3330 2202; x_wconf 80' lang='lat' dir='ltr'><strong>cernens</strong></span> 
     </span>
    </p>
   </div>
   <div class='ocr_carea' id='block_1_76' title="bbox 1750 2236 3334 2308">
    <p class='ocr_par' dir='ltr' id='par_1_76' title="bbox 1750 2236 3334 2308">
     <span class='ocr_line' id='line_1_76' title="bbox 1750 2236 3334 2308; baseline 0.003 -18"><span class='ocrx_word' id='word_1_547' title='bbox 1750 2236 1992 2292; x_wconf 91' lang='lat' dir='ltr'><strong>inimicus</strong></span> <span class='ocrx_word' id='word_1_548' title='bbox 2013 2236 2296 2306; x_wconf 89' lang='lat' dir='ltr'><strong>quispiam,</strong></span> <span class='ocrx_word' id='word_1_549' title='bbox 2316 2237 2407 2308; x_wconf 92' lang='lat' dir='ltr'><strong>qui</strong></span> <span class='ocrx_word' id='word_1_550' title='bbox 2439 2253 2537 2293; x_wconf 90' lang='lat' dir='ltr'><strong>nec</strong></span> <span class='ocrx_word' id='word_1_551' title='bbox 2560 2252 2654 2292; x_wconf 89' lang='lat' dir='ltr'><strong>eos</strong></span> <span class='ocrx_word' id='word_1_552' title='bbox 2673 2238 2780 2292; x_wconf 92' lang='lat' dir='ltr'><strong>alio</strong></span> <span class='ocrx_word' id='word_1_553' title='bbox 2806 2237 2968 2293; x_wconf 88' lang='lat' dir='ltr'><strong>modo</strong></span> <span class='ocrx_word' id='word_1_554' title='bbox 2995 2239 3210 2307; x_wconf 60' lang='lat' dir='ltr'><strong>laedere,</strong></span> <span class='ocrx_word' id='word_1_555' title='bbox 3235 2255 3334 2294; x_wconf 84' lang='lat' dir='ltr'><strong>ne-</strong></span> 
     </span>
    </p>
   </div>
   <div class='ocr_carea' id='block_1_77' title="bbox 1747 2328 3334 2402">
    <p class='ocr_par' dir='ltr' id='par_1_77' title="bbox 1747 2328 3334 2402">
     <span class='ocr_line' id='line_1_77' title="bbox 1747 2328 3334 2402; baseline 0.004 -22"><span class='ocrx_word' id='word_1_556' title='bbox 1747 2342 1850 2397; x_wconf 90' lang='lat' dir='ltr'><strong>que</strong></span> <span class='ocrx_word' id='word_1_557' title='bbox 1869 2342 1899 2380; x_wconf 88' lang='lat' dir='ltr'><strong>a</strong></span> <span class='ocrx_word' id='word_1_558' title='bbox 1931 2328 2108 2383; x_wconf 91' lang='lat' dir='ltr'><strong>studio</strong></span> <span class='ocrx_word' id='word_1_559' title='bbox 2136 2343 2262 2398; x_wconf 86' lang='lat' dir='ltr'><strong>erga</strong></span> <span class='ocrx_word' id='word_1_560' title='bbox 2293 2344 2471 2398; x_wconf 81' lang='lat' dir='ltr'><strong>regem</strong></span> <span class='ocrx_word' id='word_1_561' title='bbox 2496 2344 2743 2397; x_wconf 84' lang='lat' dir='ltr'><strong>avocare,</strong></span> <span class='ocrx_word' id='word_1_562' title='bbox 2773 2345 2944 2402; x_wconf 90' lang='lat' dir='ltr'><strong>neque</strong></span> <span class='ocrx_word' id='word_1_563' title='bbox 2975 2329 3188 2386; x_wconf 91' lang='lat' dir='ltr'><strong>timidos</strong></span> <span class='ocrx_word' id='word_1_564' title='bbox 3211 2331 3334 2386; x_wconf 81' lang='lat' dir='ltr'><strong>effl-</strong></span> 
     </span>
    </p>
   </div>
   <div class='ocr_carea' id='block_1_78' title="bbox 1750 2419 3338 2491">
    <p class='ocr_par' dir='ltr' id='par_1_78' title="bbox 1750 2419 3338 2491">
     <span class='ocr_line' id='line_1_78' title="bbox 1750 2419 3338 2491; baseline 0.004 -20"><span class='ocrx_word' id='word_1_565' title='bbox 1750 2433 1895 2483; x_wconf 90' lang='lat' dir='ltr'><strong>cere,</strong></span> <span class='ocrx_word' id='word_1_566' title='bbox 1929 2433 2103 2490; x_wconf 91' lang='lat' dir='ltr'><strong>neque</strong></span> <span class='ocrx_word' id='word_1_567' title='bbox 2123 2419 2388 2474; x_wconf 88' lang='lat' dir='ltr'><strong>machinis</strong></span> <span class='ocrx_word' id='word_1_568' title='bbox 2412 2435 2665 2491; x_wconf 90' lang='lat' dir='ltr'><strong>superare</strong></span> <span class='ocrx_word' id='word_1_569' title='bbox 2689 2429 2879 2491; x_wconf 91' lang='lat' dir='ltr'><strong>potest,</strong></span> <span class='ocrx_word' id='word_1_570' title='bbox 2909 2421 3015 2476; x_wconf 92' lang='lat' dir='ltr'><strong>alio</strong></span> <span class='ocrx_word' id='word_1_571' title='bbox 3036 2423 3154 2477; x_wconf 88' lang='lat' dir='ltr'><strong>illos</strong></span> <span class='ocrx_word' id='word_1_572' title='bbox 3179 2423 3338 2478; x_wconf 81' lang='lat' dir='ltr'><strong>modo</strong></span> 
     </span>
    </p>
   </div>
   <div class='ocr_carea' id='block_1_79' title="bbox 1747 2509 3335 2580">
    <p class='ocr_par' dir='ltr' id='par_1_79' title="bbox 1747 2509 3335 2580">
     <span class='ocr_line' id='line_1_79' title="bbox 1747 2509 3335 2580; baseline 0.003 -17"><span class='ocrx_word' id='word_1_573' title='bbox 1747 2509 2059 2580; x_wconf 88' lang='lat' dir='ltr'><strong>corrumpit,</strong></span> <span class='ocrx_word' id='word_1_574' title='bbox 2089 2509 2420 2580; x_wconf 83' lang='lat' dir='ltr'><strong>suadereque</strong></span> <span class='ocrx_word' id='word_1_575' title='bbox 2447 2519 2672 2566; x_wconf 90' lang='lat' dir='ltr'><strong>conatur</strong></span> <span class='ocrx_word' id='word_1_576' title='bbox 2712 2512 2900 2566; x_wconf 87' lang='lat' dir='ltr'><strong>frustra</strong></span> <span class='ocrx_word' id='word_1_577' title='bbox 2943 2512 3083 2578; x_wconf 90' lang='lat' dir='ltr'><strong>illos,</strong></span> <span class='ocrx_word' id='word_1_578' title='bbox 3135 2523 3335 2568; x_wconf 90' lang='lat' dir='ltr'><strong>temere</strong></span> 
     </span>
    </p>
   </div>
   <div class='ocr_carea' id='block_1_80' title="bbox 1747 2600 3337 2670">
    <p class='ocr_par' dir='ltr' id='par_1_80' title="bbox 1747 2600 3337 2670">
     <span class='ocr_line' id='line_1_80' title="bbox 1747 2600 3337 2670; baseline 0.002 -15"><span class='ocrx_word' id='word_1_579' title='bbox 1747 2610 1801 2655; x_wconf 92' lang='lat' dir='ltr'><strong>et</strong></span> <span class='ocrx_word' id='word_1_580' title='bbox 1825 2600 1942 2656; x_wconf 90' lang='lat' dir='ltr'><strong>sine</strong></span> <span class='ocrx_word' id='word_1_581' title='bbox 1960 2615 2118 2655; x_wconf 88' lang='lat' dir='ltr'><strong>causa</strong></span> <span class='ocrx_word' id='word_1_582' title='bbox 2147 2609 2349 2656; x_wconf 87' lang='lat' dir='ltr'><strong>tantum</strong></span> <span class='ocrx_word' id='word_1_583' title='bbox 2381 2602 2653 2670; x_wconf 86' lang='lat' dir='ltr'><strong>suscipere</strong></span> <span class='ocrx_word' id='word_1_584' title='bbox 2678 2603 2937 2668; x_wconf 85' lang='lat' dir='ltr'><strong>laborem,</strong></span> <span class='ocrx_word' id='word_1_585' title='bbox 2967 2604 3036 2658; x_wconf 90' lang='lat' dir='ltr'><strong>ita</strong></span> <span class='ocrx_word' id='word_1_586' title='bbox 3064 2612 3122 2658; x_wconf 90' lang='lat' dir='ltr'><strong>ut</strong></span> <span class='ocrx_word' id='word_1_587' title='bbox 3149 2619 3337 2660; x_wconf 87' lang='lat' dir='ltr'><strong>eorum</strong></span> 
     </span>
    </p>
   </div>
   <div class='ocr_carea' id='block_1_81' title="bbox 1749 2691 3338 2762">
    <p class='ocr_par' dir='ltr' id='par_1_81' title="bbox 1749 2691 3338 2762">
     <span class='ocr_line' id='line_1_81' title="bbox 1749 2691 3338 2762; baseline 0.003 -17"><span class='ocrx_word' id='word_1_588' title='bbox 1749 2705 1938 2746; x_wconf 90' lang='lat' dir='ltr'><strong>manus</strong></span> <span class='ocrx_word' id='word_1_589' title='bbox 1964 2691 2221 2759; x_wconf 86' lang='lat' dir='ltr'><strong>debilitet,</strong></span> <span class='ocrx_word' id='word_1_590' title='bbox 2249 2691 2411 2746; x_wconf 92' lang='lat' dir='ltr'><strong>robur</strong></span> <span class='ocrx_word' id='word_1_591' title='bbox 2439 2692 2673 2762; x_wconf 90' lang='lat' dir='ltr'><strong>dejiciat,</strong></span> <span class='ocrx_word' id='word_1_592' title='bbox 2702 2694 2863 2748; x_wconf 89' lang='lat' dir='ltr'><strong>animi</strong></span> <span class='ocrx_word' id='word_1_593' title='bbox 2887 2693 3118 2750; x_wconf 85' lang='lat' dir='ltr'><strong>studium</strong></span> <span class='ocrx_word' id='word_1_594' title='bbox 3145 2695 3338 2750; x_wconf 81' lang='lat' dir='ltr'><strong>exstin-</strong></span> 
     </span>
    </p>
   </div>
   <div class='ocr_carea' id='block_1_82' title="bbox 1747 2779 3333 2851">
    <p class='ocr_par' dir='ltr' id='par_1_82' title="bbox 1747 2779 3333 2851">
     <span class='ocr_line' id='line_1_82' title="bbox 1747 2779 3333 2851; baseline 0.004 -18"><span class='ocrx_word' id='word_1_595' title='bbox 1747 2789 1892 2849; x_wconf 88' lang='lat' dir='ltr'><strong>guat,</strong></span> <span class='ocrx_word' id='word_1_596' title='bbox 1923 2788 1980 2834; x_wconf 94' lang='lat' dir='ltr'><strong>ut</strong></span> <span class='ocrx_word' id='word_1_597' title='bbox 2000 2779 2084 2834; x_wconf 92' lang='lat' dir='ltr'><strong>his</strong></span> <span class='ocrx_word' id='word_1_598' title='bbox 2107 2780 2355 2836; x_wconf 85' lang='lat' dir='ltr'><strong>omnibus</strong></span> <span class='ocrx_word' id='word_1_599' title='bbox 2373 2796 2404 2836; x_wconf 90' lang='lat' dir='ltr'><strong>a</strong></span> <span class='ocrx_word' id='word_1_600' title='bbox 2426 2781 2694 2851; x_wconf 87' lang='lat' dir='ltr'><strong>pugnandi</strong></span> <span class='ocrx_word' id='word_1_601' title='bbox 2716 2783 2890 2837; x_wconf 91' lang='lat' dir='ltr'><strong>studio</strong></span> <span class='ocrx_word' id='word_1_602' title='bbox 2911 2793 3136 2850; x_wconf 90' lang='lat' dir='ltr'><strong>amotos,</strong></span> <span class='ocrx_word' id='word_1_603' title='bbox 3161 2784 3333 2839; x_wconf 88' lang='lat' dir='ltr'><strong>nudos</strong></span> 
     </span>
    </p>
   </div>
   <div class='ocr_carea' id='block_1_83' title="bbox 1748 2871 3333 2943">
    <p class='ocr_par' dir='ltr' id='par_1_83' title="bbox 1748 2871 3333 2943">
     <span class='ocr_line' id='line_1_83' title="bbox 1748 2871 3333 2943; baseline 0.003 -17"><span class='ocrx_word' id='word_1_604' title='bbox 1748 2882 1802 2926; x_wconf 91' lang='lat' dir='ltr'><strong>et</strong></span> <span class='ocrx_word' id='word_1_605' title='bbox 1829 2871 2061 2926; x_wconf 90' lang='lat' dir='ltr'><strong>inermes</strong></span> <span class='ocrx_word' id='word_1_606' title='bbox 2086 2871 2388 2936; x_wconf 83' lang='lat' dir='ltr'><strong>advertens,</strong></span> <span class='ocrx_word' id='word_1_607' title='bbox 2411 2872 2618 2928; x_wconf 90' lang='lat' dir='ltr'><strong>vinctos</strong></span> <span class='ocrx_word' id='word_1_608' title='bbox 2646 2873 2860 2928; x_wconf 90' lang='lat' dir='ltr'><strong>demum</strong></span> <span class='ocrx_word' id='word_1_609' title='bbox 2892 2873 2944 2928; x_wconf 92' lang='lat' dir='ltr'><strong>in</strong></span> <span class='ocrx_word' id='word_1_610' title='bbox 2971 2875 3333 2943; x_wconf 87' lang='lat' dir='ltr'><strong>captivitatem</strong></span> 
     </span>
    </p>
   </div>
   <div class='ocr_carea' id='block_1_84' title="bbox 1748 2961 3334 3020">
    <p class='ocr_par' dir='ltr' id='par_1_84' title="bbox 1748 2961 3334 3020">
     <span class='ocr_line' id='line_1_84' title="bbox 1748 2961 3334 3020; baseline 0.003 -5"><span class='ocrx_word' id='word_1_611' title='bbox 1748 2961 1977 3017; x_wconf 90' lang='lat' dir='ltr'><strong>adducat</strong></span> <span class='ocrx_word' id='word_1_612' title='bbox 2003 2981 2016 3018; x_wconf 89' lang='lat'><strong>:</strong></span> <span class='ocrx_word' id='word_1_613' title='bbox 2044 2963 2122 3018; x_wconf 90' lang='lat' dir='ltr'><strong>sic</strong></span> <span class='ocrx_word' id='word_1_614' title='bbox 2147 2971 2202 3018; x_wconf 90' lang='lat' dir='ltr'><strong>et</strong></span> <span class='ocrx_word' id='word_1_615' title='bbox 2225 2962 2470 3018; x_wconf 90' lang='lat' dir='ltr'><strong>diabolus</strong></span> <span class='ocrx_word' id='word_1_616' title='bbox 2494 2961 2636 3018; x_wconf 91' lang='lat' dir='ltr'><strong>fecit.</strong></span> <span class='ocrx_word' id='word_1_617' title='bbox 2667 2963 2798 3018; x_wconf 89' lang='lat' dir='ltr'><strong>Cum</strong></span> <span class='ocrx_word' id='word_1_618' title='bbox 2827 2965 3029 3020; x_wconf 89' lang='lat' dir='ltr'><strong>videret</strong></span> <span class='ocrx_word' id='word_1_619' title='bbox 3049 2968 3334 3020; x_wconf 75' lang='lat' dir='ltr'><strong>maximam</strong></span> 
     </span>
    </p>
   </div>
   <div class='ocr_carea' id='block_1_85' title="bbox 1748 3055 3333 3126">
    <p class='ocr_par' dir='ltr' id='par_1_85' title="bbox 1748 3055 3333 3126">
     <span class='ocr_line' id='line_1_85' title="bbox 1748 3055 3333 3126; baseline 0.001 -14"><span class='ocrx_word' id='word_1_620' title='bbox 1748 3055 1895 3112; x_wconf 89' lang='lat' dir='ltr'><strong>orbis</strong></span> <span class='ocrx_word' id='word_1_621' title='bbox 1941 3063 2144 3125; x_wconf 90' lang='lat' dir='ltr'><strong>partem</strong></span> <span class='ocrx_word' id='word_1_622' title='bbox 2190 3056 2285 3111; x_wconf 92' lang='lat' dir='ltr'><strong>Dei</strong></span> <span class='ocrx_word' id='word_1_623' title='bbox 2327 3056 2493 3126; x_wconf 88' lang='lat' dir='ltr'><strong>gratia</strong></span> <span class='ocrx_word' id='word_1_624' title='bbox 2523 3057 2799 3126; x_wconf 86' lang='lat' dir='ltr'><strong>gentilium</strong></span> <span class='ocrx_word' id='word_1_625' title='bbox 2826 3073 3059 3112; x_wconf 82' lang='lat' dir='ltr'><strong>errorem</strong></span> <span class='ocrx_word' id='word_1_626' title='bbox 3090 3058 3333 3122; x_wconf 90' lang='lat' dir='ltr'><strong>irridere,</strong></span> 
     </span>
    </p>
   </div>
   <div class='ocr_carea' id='block_1_86' title="bbox 1751 3145 3333 3218">
    <p class='ocr_par' dir='ltr' id='par_1_86' title="bbox 1751 3145 3333 3218">
     <span class='ocr_line' id='line_1_86' title="bbox 1751 3145 3333 3218; baseline 0 -16"><span class='ocrx_word' id='word_1_627' title='bbox 1751 3147 1977 3217; x_wconf 89' lang='lat' dir='ltr'><strong>totisque</strong></span> <span class='ocrx_word' id='word_1_628' title='bbox 2002 3146 2166 3200; x_wconf 88' lang='lat' dir='ltr'><strong>animi</strong></span> <span class='ocrx_word' id='word_1_629' title='bbox 2192 3145 2393 3200; x_wconf 89' lang='lat' dir='ltr'><strong>viribus</strong></span> <span class='ocrx_word' id='word_1_630' title='bbox 2421 3146 2642 3202; x_wconf 89' lang='lat' dir='ltr'><strong>verbum</strong></span> <span class='ocrx_word' id='word_1_631' title='bbox 2669 3162 2808 3201; x_wconf 64' lang='lat' dir='ltr'><strong>verae</strong></span> <span class='ocrx_word' id='word_1_632' title='bbox 2837 3147 3111 3216; x_wconf 83' lang='lat' dir='ltr'><strong>religionis</strong></span> <span class='ocrx_word' id='word_1_633' title='bbox 3137 3147 3333 3218; x_wconf 61' lang='lat' dir='ltr'><strong>praedi-</strong></span> 
     </span>
    </p>
   </div>
   <div class='ocr_carea' id='block_1_87' title="bbox 1747 3239 3328 3311">
    <p class='ocr_par' dir='ltr' id='par_1_87' title="bbox 1747 3239 3328 3311">
     <span class='ocr_line' id='line_1_87' title="bbox 1747 3239 3328 3311; baseline -0.001 -15"><span class='ocrx_word' id='word_1_634' title='bbox 1747 3255 1906 3310; x_wconf 87' lang='lat' dir='ltr'><strong>care;</strong></span> <span class='ocrx_word' id='word_1_635' title='bbox 1946 3241 2069 3295; x_wconf 90' lang='lat' dir='ltr'><strong>hinc</strong></span> <span class='ocrx_word' id='word_1_636' title='bbox 2096 3255 2226 3296; x_wconf 86' lang='lat' dir='ltr'><strong>vero</strong></span> <span class='ocrx_word' id='word_1_637' title='bbox 2267 3255 2518 3311; x_wconf 87' lang='lat' dir='ltr'><strong>magnum</strong></span> <span class='ocrx_word' id='word_1_638' title='bbox 2559 3240 2768 3294; x_wconf 91' lang='lat' dir='ltr'><strong>virtutis</strong></span> <span class='ocrx_word' id='word_1_639' title='bbox 2805 3239 3038 3295; x_wconf 90' lang='lat' dir='ltr'><strong>studium</strong></span> <span class='ocrx_word' id='word_1_640' title='bbox 3089 3256 3328 3305; x_wconf 90' lang='lat' dir='ltr'><strong>manare,</strong></span> 
     </span>
    </p>
   </div>
   <div class='ocr_carea' id='block_1_88' title="bbox 1749 3332 3334 3402">
    <p class='ocr_par' dir='ltr' id='par_1_88' title="bbox 1749 3332 3334 3402">
     <span class='ocr_line' id='line_1_88' title="bbox 1749 3332 3334 3402; baseline -0.001 -16"><span class='ocrx_word' id='word_1_641' title='bbox 1749 3333 2084 3402; x_wconf 90' lang='lat' dir='ltr'><strong>multumque</strong></span> <span class='ocrx_word' id='word_1_642' title='bbox 2131 3333 2382 3402; x_wconf 68' lang='lat' dir='ltr'><strong>nequitiae</strong></span> <span class='ocrx_word' id='word_1_643' title='bbox 2407 3339 2811 3402; x_wconf 86' lang='lat' dir='ltr'><strong>contemptum:</strong></span> <span class='ocrx_word' id='word_1_644' title='bbox 2849 3347 2956 3386; x_wconf 92' lang='lat' dir='ltr'><strong>non</strong></span> <span class='ocrx_word' id='word_1_645' title='bbox 2984 3347 3140 3386; x_wconf 90' lang='lat' dir='ltr'><strong>ausus</strong></span> <span class='ocrx_word' id='word_1_646' title='bbox 3162 3332 3334 3402; x_wconf 88' lang='lat' dir='ltr'><strong>palam</strong></span> 
     </span>
    </p>
   </div>
   <div class='ocr_carea' id='block_1_89' title="bbox 1749 3421 3337 3494">
    <p class='ocr_par' dir='ltr' id='par_1_89' title="bbox 1749 3421 3337 3494">
     <span class='ocr_line' id='line_1_89' title="bbox 1749 3421 3337 3494; baseline -0.001 -17"><span class='ocrx_word' id='word_1_647' title='bbox 1749 3423 1947 3486; x_wconf 88' lang='lat' dir='ltr'><strong>dicere,</strong></span> <span class='ocrx_word' id='word_1_648' title='bbox 1979 3421 2196 3478; x_wconf 88' lang='lat' dir='ltr'><strong>Delicite</strong></span> <span class='ocrx_word' id='word_1_649' title='bbox 2222 3437 2252 3476; x_wconf 90' lang='lat' dir='ltr'><strong>a</strong></span> <span class='ocrx_word' id='word_1_650' title='bbox 2279 3423 2514 3490; x_wconf 89' lang='lat' dir='ltr'><strong>Christo,</strong></span> <span class='ocrx_word' id='word_1_651' title='bbox 2551 3422 2666 3491; x_wconf 89' lang='lat' dir='ltr'><strong>ejus</strong></span> <span class='ocrx_word' id='word_1_652' title='bbox 2704 3422 2952 3494; x_wconf 84' lang='lat' dir='ltr'><strong>dogmata</strong></span> <span class='ocrx_word' id='word_1_653' title='bbox 2995 3422 3228 3487; x_wconf 90' lang='lat' dir='ltr'><strong>irridete,</strong></span> <span class='ocrx_word' id='word_1_654' title='bbox 3261 3422 3337 3476; x_wconf 85' lang='lat' dir='ltr'><strong>fa-</strong></span> 
     </span>
    </p>
   </div>
   <div class='ocr_carea' id='block_1_90' title="bbox 1749 3512 3337 3585">
    <p class='ocr_par' dir='ltr' id='par_1_90' title="bbox 1749 3512 3337 3585">
     <span class='ocr_line' id='line_1_90' title="bbox 1749 3512 3337 3585; baseline -0.002 -15"><span class='ocrx_word' id='word_1_655' title='bbox 1749 3514 1888 3571; x_wconf 82' lang='lat' dir='ltr'><strong>bulae</strong></span> <span class='ocrx_word' id='word_1_656' title='bbox 1914 3522 2039 3568; x_wconf 89' lang='lat' dir='ltr'><strong>sunt</strong></span> <span class='ocrx_word' id='word_1_657' title='bbox 2075 3521 2128 3568; x_wconf 89' lang='lat' dir='ltr'><strong>et</strong></span> <span class='ocrx_word' id='word_1_658' title='bbox 2157 3527 2387 3580; x_wconf 86' lang='lat' dir='ltr'><strong>errores,</strong></span> <span class='ocrx_word' id='word_1_659' title='bbox 2428 3517 2543 3585; x_wconf 85' lang='lat' dir='ltr'><strong>ipse</strong></span> <span class='ocrx_word' id='word_1_660' title='bbox 2583 3512 2830 3570; x_wconf 87' lang='lat' dir='ltr'><strong>Christus</strong></span> <span class='ocrx_word' id='word_1_661' title='bbox 2866 3514 3137 3585; x_wconf 89' lang='lat' dir='ltr'><strong>improbus</strong></span> <span class='ocrx_word' id='word_1_662' title='bbox 3161 3523 3216 3570; x_wconf 91' lang='lat' dir='ltr'><strong>et</strong></span> <span class='ocrx_word' id='word_1_663' title='bbox 3253 3514 3337 3568; x_wconf 90' lang='lat' dir='ltr'><strong>in-</strong></span> 
     </span>
    </p>
   </div>
   <div class='ocr_carea' id='block_1_91' title="bbox 1751 3606 3336 3678">
    <p class='ocr_par' dir='ltr' id='par_1_91' title="bbox 1751 3606 3336 3678">
     <span class='ocr_line' id='line_1_91' title="bbox 1751 3606 3336 3678; baseline 0.001 -18"><span class='ocrx_word' id='word_1_664' title='bbox 1751 3606 2016 3662; x_wconf 91' lang='lat' dir='ltr'><strong>humanus</strong></span> <span class='ocrx_word' id='word_1_665' title='bbox 2044 3616 2126 3662; x_wconf 88' lang='lat' dir='ltr'><strong>est</strong></span> <span class='ocrx_word' id='word_1_666' title='bbox 2150 3624 2163 3661; x_wconf 90' lang='lat'><strong>:</strong></span> <span class='ocrx_word' id='word_1_667' title='bbox 2192 3606 2340 3661; x_wconf 92' lang='lat' dir='ltr'><strong>novit</strong></span> <span class='ocrx_word' id='word_1_668' title='bbox 2363 3607 2505 3662; x_wconf 91' lang='lat' dir='ltr'><strong>enim</strong></span> <span class='ocrx_word' id='word_1_669' title='bbox 2531 3621 2627 3661; x_wconf 90' lang='lat' dir='ltr'><strong>eos</strong></span> <span class='ocrx_word' id='word_1_670' title='bbox 2661 3607 2731 3661; x_wconf 90' lang='lat' dir='ltr'><strong>ita</strong></span> <span class='ocrx_word' id='word_1_671' title='bbox 2758 3606 2924 3676; x_wconf 85' lang='lat' dir='ltr'><strong>magis</strong></span> <span class='ocrx_word' id='word_1_672' title='bbox 2959 3622 2989 3660; x_wconf 93' lang='lat' dir='ltr'><strong>a</strong></span> <span class='ocrx_word' id='word_1_673' title='bbox 3015 3621 3110 3661; x_wconf 90' lang='lat' dir='ltr'><strong>sua</strong></span> <span class='ocrx_word' id='word_1_674' title='bbox 3151 3617 3336 3678; x_wconf 83' lang='lat' dir='ltr'><strong>tyran-</strong></span> 
     </span>
    </p>
   </div>
   <div class='ocr_carea' id='block_1_92' title="bbox 1751 3697 3326 3768">
    <p class='ocr_par' dir='ltr' id='par_1_92' title="bbox 1751 3697 3326 3768">
     <span class='ocr_line' id='line_1_92' title="bbox 1751 3697 3326 3768; baseline -0.001 -15"><span class='ocrx_word' id='word_1_675' title='bbox 1751 3699 1874 3754; x_wconf 92' lang='lat' dir='ltr'><strong>nide</strong></span> <span class='ocrx_word' id='word_1_676' title='bbox 1913 3713 2239 3765; x_wconf 90' lang='lat' dir='ltr'><strong>recessuros,</strong></span> <span class='ocrx_word' id='word_1_677' title='bbox 2268 3708 2322 3754; x_wconf 91' lang='lat' dir='ltr'><strong>et</strong></span> <span class='ocrx_word' id='word_1_678' title='bbox 2370 3699 2424 3753; x_wconf 91' lang='lat' dir='ltr'><strong>in</strong></span> <span class='ocrx_word' id='word_1_679' title='bbox 2475 3699 2646 3768; x_wconf 86' lang='lat' dir='ltr'><strong>majus</strong></span> <span class='ocrx_word' id='word_1_680' title='bbox 2696 3697 2778 3752; x_wconf 90' lang='lat' dir='ltr'><strong>sui</strong></span> <span class='ocrx_word' id='word_1_681' title='bbox 2820 3697 3001 3752; x_wconf 90' lang='lat' dir='ltr'><strong>odium</strong></span> <span class='ocrx_word' id='word_1_682' title='bbox 3046 3708 3326 3752; x_wconf 89' lang='lat' dir='ltr'><strong>venturos.</strong></span> 
     </span>
    </p>
   </div>
   <div class='ocr_carea' id='block_1_93' title="bbox 1752 3786 3337 3858">
    <p class='ocr_par' dir='ltr' id='par_1_93' title="bbox 1752 3786 3337 3858">
     <span class='ocr_line' id='line_1_93' title="bbox 1752 3786 3337 3858; baseline -0.001 -14"><span class='ocrx_word' id='word_1_683' title='bbox 1752 3789 1980 3858; x_wconf 88' lang='lat' dir='ltr'><strong>Ideoque</strong></span> <span class='ocrx_word' id='word_1_684' title='bbox 2021 3805 2126 3843; x_wconf 90' lang='lat' dir='ltr'><strong>non</strong></span> <span class='ocrx_word' id='word_1_685' title='bbox 2170 3797 2311 3844; x_wconf 90' lang='lat' dir='ltr'><strong>recta</strong></span> <span class='ocrx_word' id='word_1_686' title='bbox 2341 3789 2421 3842; x_wconf 85' lang='lat' dir='ltr'><strong>via</strong></span> <span class='ocrx_word' id='word_1_687' title='bbox 2454 3788 2873 3843; x_wconf 90' lang='lat' dir='ltr'><strong>criminationem</strong></span> <span class='ocrx_word' id='word_1_688' title='bbox 2905 3786 3079 3850; x_wconf 79' lang='lat' dir='ltr'><strong>oﬂ‘ert,</strong></span> <span class='ocrx_word' id='word_1_689' title='bbox 3108 3787 3203 3842; x_wconf 91' lang='lat' dir='ltr'><strong>sed</strong></span> <span class='ocrx_word' id='word_1_690' title='bbox 3233 3789 3337 3842; x_wconf 87' lang='lat' dir='ltr'><strong>cir-</strong></span> 
     </span>
    </p>
   </div>
   <div class='ocr_carea' id='block_1_94' title="bbox 1751 3879 3337 3950">
    <p class='ocr_par' dir='ltr' id='par_1_94' title="bbox 1751 3879 3337 3950">
     <span class='ocr_line' id='line_1_94' title="bbox 1751 3879 3337 3950; baseline -0.004 -12"><span class='ocrx_word' id='word_1_691' title='bbox 1751 3881 1980 3938; x_wconf 89' lang='lat' dir='ltr'><strong>cuitione</strong></span> <span class='ocrx_word' id='word_1_692' title='bbox 2003 3895 2152 3947; x_wconf 91' lang='lat' dir='ltr'><strong>usus,</strong></span> <span class='ocrx_word' id='word_1_693' title='bbox 2181 3879 2355 3950; x_wconf 63' lang='lat' dir='ltr'><strong>impiae</strong></span> <span class='ocrx_word' id='word_1_694' title='bbox 2373 3879 2665 3949; x_wconf 70' lang='lat' dir='ltr'><strong>disciplina:</strong></span> <span class='ocrx_word' id='word_1_695' title='bbox 2686 3880 2831 3934; x_wconf 87' lang='lat' dir='ltr'><strong>virus</strong></span> <span class='ocrx_word' id='word_1_696' title='bbox 2851 3879 3150 3934; x_wconf 89' lang='lat' dir='ltr'><strong>clanculum</strong></span> <span class='ocrx_word' id='word_1_697' title='bbox 3183 3894 3337 3948; x_wconf 86' lang='lat' dir='ltr'><strong>spar-</strong></span> 
     </span>
    </p>
   </div>
   <div class='ocr_carea' id='block_1_95' title="bbox 1749 3971 3338 4045">
    <p class='ocr_par' dir='ltr' id='par_1_95' title="bbox 1749 3971 3338 4045">
     <span class='ocr_line' id='line_1_95' title="bbox 1749 3971 3338 4045; baseline -0.004 -17"><span class='ocrx_word' id='word_1_698' title='bbox 1749 3975 1845 4045; x_wconf 90' lang='lat' dir='ltr'><strong>git,</strong></span> <span class='ocrx_word' id='word_1_699' title='bbox 1872 3971 2051 4042; x_wconf 89' lang='lat' dir='ltr'><strong>specie</strong></span> <span class='ocrx_word' id='word_1_700' title='bbox 2077 3971 2290 4041; x_wconf 88' lang='lat' dir='ltr'><strong>quidem</strong></span> <span class='ocrx_word' id='word_1_701' title='bbox 2320 3973 2464 4042; x_wconf 89' lang='lat' dir='ltr'><strong>ipsos</strong></span> <span class='ocrx_word' id='word_1_702' title='bbox 2492 3973 2544 4026; x_wconf 91' lang='lat' dir='ltr'><strong>in</strong></span> <span class='ocrx_word' id='word_1_703' title='bbox 2575 3971 2679 4026; x_wconf 83' lang='lat' dir='ltr'><strong>ﬁde</strong></span> <span class='ocrx_word' id='word_1_704' title='bbox 2705 3986 2924 4026; x_wconf 90' lang='lat' dir='ltr'><strong>manere</strong></span> <span class='ocrx_word' id='word_1_705' title='bbox 2964 3972 3165 4037; x_wconf 89' lang='lat' dir='ltr'><strong>sinens,</strong></span> <span class='ocrx_word' id='word_1_706' title='bbox 3195 3971 3338 4024; x_wconf 88' lang='lat' dir='ltr'><strong>radi-</strong></span> 
     </span>
    </p>
   </div>
   <div class='ocr_carea' id='block_1_96' title="bbox 1751 4061 3333 4131">
    <p class='ocr_par' dir='ltr' id='par_1_96' title="bbox 1751 4061 3333 4131">
     <span class='ocr_line' id='line_1_96' title="bbox 1751 4061 3333 4131; baseline -0.004 -11"><span class='ocrx_word' id='word_1_707' title='bbox 1751 4065 1889 4120; x_wconf 91' lang='lat' dir='ltr'><strong>citus</strong></span> <span class='ocrx_word' id='word_1_708' title='bbox 1903 4070 2079 4118; x_wconf 84' lang='lat' dir='ltr'><strong>antem</strong></span> <span class='ocrx_word' id='word_1_709' title='bbox 2101 4063 2243 4117; x_wconf 89' lang='lat' dir='ltr'><strong>illam</strong></span> <span class='ocrx_word' id='word_1_710' title='bbox 2261 4062 2518 4128; x_wconf 85' lang='lat' dir='ltr'><strong>evellens,</strong></span> <span class='ocrx_word' id='word_1_711' title='bbox 2533 4061 2816 4131; x_wconf 90' lang='lat' dir='ltr'><strong>omniaque</strong></span> <span class='ocrx_word' id='word_1_712' title='bbox 2835 4061 3070 4116; x_wconf 88' lang='lat' dir='ltr'><strong>veritatis</strong></span> <span class='ocrx_word' id='word_1_713' title='bbox 3085 4062 3333 4131; x_wconf 83' lang='lat' dir='ltr'><strong>dogmata</strong></span> 
     </span>
    </p>
   </div>
   <div class='ocr_carea' id='block_1_97' title="bbox 1751 4154 3336 4228">
    <p class='ocr_par' dir='ltr' id='par_1_97' title="bbox 1751 4154 3336 4228">
     <span class='ocr_line' id='line_1_97' title="bbox 1751 4154 3336 4228; baseline -0.004 -14"><span class='ocrx_word' id='word_1_714' title='bbox 1751 4157 2125 4228; x_wconf 69' lang='lat' dir='ltr'><strong>pessumdatus,</strong></span> <span class='ocrx_word' id='word_1_715' title='bbox 2154 4165 2313 4228; x_wconf 89' lang='lat' dir='ltr'><strong>atque</strong></span> <span class='ocrx_word' id='word_1_716' title='bbox 2342 4157 2394 4210; x_wconf 92' lang='lat' dir='ltr'><strong>in</strong></span> <span class='ocrx_word' id='word_1_717' title='bbox 2418 4157 2774 4226; x_wconf 85' lang='lat' dir='ltr'><strong>obsequentes</strong></span> <span class='ocrx_word' id='word_1_718' title='bbox 2796 4155 2900 4209; x_wconf 90' lang='lat' dir='ltr'><strong>sibi</strong></span> <span class='ocrx_word' id='word_1_719' title='bbox 2934 4154 3178 4210; x_wconf 90' lang='lat' dir='ltr'><strong>homines</strong></span> <span class='ocrx_word' id='word_1_720' title='bbox 3223 4170 3336 4208; x_wconf 83' lang='lat' dir='ltr'><strong>ma-</strong></span> 
     </span>
    </p>
   </div>
   <div class='ocr_carea' id='block_1_98' title="bbox 1752 4246 3334 4319">
    <p class='ocr_par' dir='ltr' id='par_1_98' title="bbox 1752 4246 3334 4319">
     <span class='ocr_line' id='line_1_98' title="bbox 1752 4246 3334 4319; baseline -0.003 -17"><span class='ocrx_word' id='word_1_721' title='bbox 1752 4263 1909 4319; x_wconf 90' lang='lat' dir='ltr'><strong>gnam</strong></span> <span class='ocrx_word' id='word_1_722' title='bbox 1941 4248 2222 4304; x_wconf 90' lang='lat' dir='ltr'><strong>effundens</strong></span> <span class='ocrx_word' id='word_1_723' title='bbox 2264 4257 2448 4303; x_wconf 86' lang='lat' dir='ltr'><strong>contra</strong></span> <span class='ocrx_word' id='word_1_724' title='bbox 2481 4249 2644 4303; x_wconf 91' lang='lat' dir='ltr'><strong>Deum</strong></span> <span class='ocrx_word' id='word_1_725' title='bbox 2671 4247 3013 4302; x_wconf 88' lang='lat' dir='ltr'><strong>calumniam.</strong></span> <span class='ocrx_word' id='word_1_726' title='bbox 3044 4246 3334 4315; x_wconf 88' lang='lat' dir='ltr'><strong>Propterea</strong></span> 
     </span>
    </p>
   </div>
   <div class='ocr_carea' id='block_1_99' title="bbox 1752 4337 3336 4408">
    <p class='ocr_par' dir='ltr' id='par_1_99' title="bbox 1752 4337 3336 4408">
     <span class='ocr_line' id='line_1_99' title="bbox 1752 4337 3336 4408; baseline -0.004 -14"><span class='ocrx_word' id='word_1_727' title='bbox 1752 4340 1819 4395; x_wconf 89' lang='lat' dir='ltr'><strong>ab</strong></span> <span class='ocrx_word' id='word_1_728' title='bbox 1840 4339 1932 4396; x_wconf 90' lang='lat' dir='ltr'><strong>illo</strong></span> <span class='ocrx_word' id='word_1_729' title='bbox 1955 4341 2053 4396; x_wconf 91' lang='lat' dir='ltr'><strong>hoc</strong></span> <span class='ocrx_word' id='word_1_730' title='bbox 2073 4355 2336 4396; x_wconf 91' lang='lat' dir='ltr'><strong>venenum</strong></span> <span class='ocrx_word' id='word_1_731' title='bbox 2370 4349 2424 4394; x_wconf 92' lang='lat' dir='ltr'><strong>et</strong></span> <span class='ocrx_word' id='word_1_732' title='bbox 2451 4338 2718 4394; x_wconf 87' lang='lat' dir='ltr'><strong>mortifera</strong></span> <span class='ocrx_word' id='word_1_733' title='bbox 2750 4338 2839 4392; x_wconf 87' lang='lat' dir='ltr'><strong>fati</strong></span> <span class='ocrx_word' id='word_1_734' title='bbox 2870 4339 3149 4408; x_wconf 89' lang='lat' dir='ltr'><strong>pharmaca</strong></span> <span class='ocrx_word' id='word_1_735' title='bbox 3177 4337 3336 4390; x_wconf 89' lang='lat' dir='ltr'><strong>ador-</strong></span> 
     </span>
    </p>
   </div>
   <div class='ocr_carea' id='block_1_100' title="bbox 1754 4429 3333 4502">
    <p class='ocr_par' dir='ltr' id='par_1_100' title="bbox 1754 4429 3333 4502">
     <span class='ocr_line' id='line_1_100' title="bbox 1754 4429 3333 4502; baseline -0.002 -17"><span class='ocrx_word' id='word_1_736' title='bbox 1754 4440 1872 4485; x_wconf 87' lang='lat' dir='ltr'><strong>nata</strong></span> <span class='ocrx_word' id='word_1_737' title='bbox 1916 4442 2059 4498; x_wconf 89' lang='lat' dir='ltr'><strong>sunt,</strong></span> <span class='ocrx_word' id='word_1_738' title='bbox 2091 4443 2148 4486; x_wconf 93' lang='lat' dir='ltr'><strong>ut</strong></span> <span class='ocrx_word' id='word_1_739' title='bbox 2175 4432 2352 4486; x_wconf 90' lang='lat' dir='ltr'><strong>omnia</strong></span> <span class='ocrx_word' id='word_1_740' title='bbox 2390 4447 2508 4502; x_wconf 62' lang='lat' dir='ltr'><strong>quae</strong></span> <span class='ocrx_word' id='word_1_741' title='bbox 2559 4431 2668 4485; x_wconf 91' lang='lat' dir='ltr'><strong>dixi</strong></span> <span class='ocrx_word' id='word_1_742' title='bbox 2710 4429 2845 4484; x_wconf 86' lang='lat' dir='ltr'><strong>clam</strong></span> <span class='ocrx_word' id='word_1_743' title='bbox 2886 4429 3116 4494; x_wconf 88' lang='lat' dir='ltr'><strong>invehat,</strong></span> <span class='ocrx_word' id='word_1_744' title='bbox 3173 4437 3333 4496; x_wconf 87' lang='lat' dir='ltr'><strong>utque</strong></span> 
     </span>
    </p>
   </div>
   <div class='ocr_carea' id='block_1_101' title="bbox 1752 4511 3332 4594">
    <p class='ocr_par' dir='ltr' id='par_1_101' title="bbox 1752 4511 3332 4594">
     <span class='ocr_line' id='line_1_101' title="bbox 1752 4511 3332 4594; baseline -0.004 -15"><span class='ocrx_word' id='word_1_745' title='bbox 1752 4524 2045 4579; x_wconf 72' lang='lat' dir='ltr'><strong>doctrinam</strong></span> <span class='ocrx_word' id='word_1_746' title='bbox 2086 4524 2348 4594; x_wconf 81' lang='lat' dir='ltr'><strong>iidemque</strong></span> <span class='ocrx_word' id='word_1_747' title='bbox 2393 4511 2630 4578; x_wconf 83' lang='lat' dir='ltr'><strong>nostram</strong></span> <span class='ocrx_word' id='word_1_748' title='bbox 2671 4538 2858 4577; x_wconf 88' lang='lat' dir='ltr'><strong>vanam</strong></span> <span class='ocrx_word' id='word_1_749' title='bbox 2907 4536 3024 4576; x_wconf 90' lang='lat' dir='ltr'><strong>esse</strong></span> <span class='ocrx_word' id='word_1_750' title='bbox 3065 4519 3332 4586; x_wconf 73' lang='lat' dir='ltr'><strong>ostendat,</strong></span> 
     </span>
    </p>
   </div>
   <div class='ocr_carea' id='block_1_102' title="bbox 1755 4611 3331 4687">
    <p class='ocr_par' dir='ltr' id='par_1_102' title="bbox 1755 4611 3331 4687">
     <span class='ocr_line' id='line_1_102' title="bbox 1755 4611 3331 4687; baseline -0.004 -17"><span class='ocrx_word' id='word_1_751' title='bbox 1755 4616 2161 4687; x_wconf 90' lang='lat' dir='ltr'><strong>hominibusque</strong></span> <span class='ocrx_word' id='word_1_752' title='bbox 2186 4617 2402 4671; x_wconf 89' lang='lat' dir='ltr'><strong>suadeat</strong></span> <span class='ocrx_word' id='word_1_753' title='bbox 2429 4616 2625 4670; x_wconf 91' lang='lat' dir='ltr'><strong>malum</strong></span> <span class='ocrx_word' id='word_1_754' title='bbox 2646 4613 2713 4668; x_wconf 90' lang='lat' dir='ltr'><strong>de</strong></span> <span class='ocrx_word' id='word_1_755' title='bbox 2742 4615 2850 4668; x_wconf 91' lang='lat' dir='ltr'><strong>Deo</strong></span> <span class='ocrx_word' id='word_1_756' title='bbox 2891 4611 3032 4667; x_wconf 89' lang='lat' dir='ltr'><strong>ferre</strong></span> <span class='ocrx_word' id='word_1_757' title='bbox 3051 4611 3331 4680; x_wconf 90' lang='lat' dir='ltr'><strong>judicium.</strong></span> 
     </span>
    </p>
   </div>
   <div class='ocr_carea' id='block_1_103' title="bbox 1753 4699 3336 4775">
    <p class='ocr_par' dir='ltr' id='par_1_103' title="bbox 1753 4699 3336 4775">
     <span class='ocr_line' id='line_1_103' title="bbox 1753 4699 3336 4775; baseline -0.003 -15"><span class='ocrx_word' id='word_1_758' title='bbox 1753 4706 1905 4775; x_wconf 90' lang='lat' dir='ltr'><strong>Quod</strong></span> <span class='ocrx_word' id='word_1_759' title='bbox 1946 4707 2107 4762; x_wconf 90' lang='lat' dir='ltr'><strong>etiam</strong></span> <span class='ocrx_word' id='word_1_760' title='bbox 2149 4707 2298 4761; x_wconf 91' lang='lat' dir='ltr'><strong>initio</strong></span> <span class='ocrx_word' id='word_1_761' title='bbox 2321 4707 2460 4760; x_wconf 90' lang='lat' dir='ltr'><strong>circa</strong></span> <span class='ocrx_word' id='word_1_762' title='bbox 2506 4705 2764 4759; x_wconf 80' lang='lat' dir='ltr'><strong>Adamum</strong></span> <span class='ocrx_word' id='word_1_763' title='bbox 2812 4701 2953 4766; x_wconf 89' lang='lat' dir='ltr'><strong>fecit,</strong></span> <span class='ocrx_word' id='word_1_764' title='bbox 2981 4702 3144 4756; x_wconf 86' lang='lat' dir='ltr'><strong>Deum</strong></span> <span class='ocrx_word' id='word_1_765' title='bbox 3183 4699 3336 4772; x_wconf 87' lang='lat' dir='ltr'><strong>quasi</strong></span> 
     </span>
    </p>
   </div>
   <div class='ocr_carea' id='block_1_104' title="bbox 1756 4791 3338 4863">
    <p class='ocr_par' dir='ltr' id='par_1_104' title="bbox 1756 4791 3338 4863">
     <span class='ocr_line' id='line_1_104' title="bbox 1756 4791 3338 4863; baseline -0.004 -12"><span class='ocrx_word' id='word_1_766' title='bbox 1756 4797 1988 4852; x_wconf 88' lang='lat' dir='ltr'><strong>invidum</strong></span> <span class='ocrx_word' id='word_1_767' title='bbox 2019 4798 2344 4852; x_wconf 89' lang='lat' dir='ltr'><strong>criminatus.</strong></span> <span class='ocrx_word' id='word_1_768' title='bbox 2375 4795 2507 4850; x_wconf 92' lang='lat' dir='ltr'><strong>Illud</strong></span> <span class='ocrx_word' id='word_1_769' title='bbox 2541 4794 2680 4848; x_wconf 88' lang='lat' dir='ltr'><strong>enim</strong></span> <span class='ocrx_word' id='word_1_770' title='bbox 2705 4808 2840 4863; x_wconf 91' lang='lat' dir='ltr'><strong>pene</strong></span> <span class='ocrx_word' id='word_1_771' title='bbox 2865 4793 2997 4847; x_wconf 83' lang='lat' dir='ltr'><strong>dixit</strong></span> <span class='ocrx_word' id='word_1_772' title='bbox 3014 4792 3138 4847; x_wconf 90' lang='lat' dir='ltr'><strong>dum</strong></span> <span class='ocrx_word' id='word_1_773' title='bbox 3168 4791 3338 4846; x_wconf 83' lang='lat' dir='ltr'><strong>horta-</strong></span> 
     </span>
    </p>
   </div>
   <div class='ocr_carea' id='block_1_105' title="bbox 1755 4883 3336 4956">
    <p class='ocr_par' dir='ltr' id='par_1_105' title="bbox 1755 4883 3336 4956">
     <span class='ocr_line' id='line_1_105' title="bbox 1755 4883 3336 4956; baseline -0.005 -12"><span class='ocrx_word' id='word_1_774' title='bbox 1755 4903 1903 4947; x_wconf 89' lang='lat' dir='ltr'><strong>retur</strong></span> <span class='ocrx_word' id='word_1_775' title='bbox 1931 4890 2176 4945; x_wconf 87' lang='lat' dir='ltr'><strong>:Sciebat</strong></span> <span class='ocrx_word' id='word_1_776' title='bbox 2197 4889 2355 4953; x_wconf 84' lang='lat' dir='ltr'><strong>Deus,</strong></span> <span class='ocrx_word' id='word_1_777' title='bbox 2375 4887 2564 4956; x_wconf 88' lang='lat' dir='ltr'><strong>inquit,</strong></span> <span class='ocrx_word' id='word_1_778' title='bbox 2586 4886 2772 4940; x_wconf 88' lang='lat' dir='ltr'><strong>oculos</strong></span> <span class='ocrx_word' id='word_1_779' title='bbox 2793 4895 3000 4940; x_wconf 85' lang='lat' dir='ltr'><strong>vestros</strong></span> <span class='ocrx_word' id='word_1_780' title='bbox 3023 4883 3336 4954; x_wconf 86' lang='lat' dir='ltr'><strong>aperiendos</strong></span> 
     </span>
    </p>
   </div>
   <div class='ocr_carea' id='block_1_106' title="bbox 1755 4973 3338 5048">
    <p class='ocr_par' dir='ltr' id='par_1_106' title="bbox 1755 4973 3338 5048">
     <span class='ocr_line' id='line_1_106' title="bbox 1755 4973 3338 5048; baseline -0.006 -13"><span class='ocrx_word' id='word_1_781' title='bbox 1755 4995 1895 5046; x_wconf 69' lang='lat' dir='ltr'><strong>eSse,</strong></span> <span class='ocrx_word' id='word_1_782' title='bbox 1927 4980 2128 5034; x_wconf 87' lang='lat' dir='ltr'><strong>sciebat</strong></span> <span class='ocrx_word' id='word_1_783' title='bbox 2153 4993 2248 5034; x_wconf 90' lang='lat' dir='ltr'><strong>vos</strong></span> <span class='ocrx_word' id='word_1_784' title='bbox 2273 4977 2424 5048; x_wconf 88' lang='lat' dir='ltr'><strong>quasi</strong></span> <span class='ocrx_word' id='word_1_785' title='bbox 2453 4976 2583 5033; x_wconf 90' lang='lat' dir='ltr'><strong>deos</strong></span> <span class='ocrx_word' id='word_1_786' title='bbox 2608 4976 2811 5031; x_wconf 91' lang='lat' dir='ltr'><strong>futuros</strong></span> <span class='ocrx_word' id='word_1_787' title='bbox 2839 4991 2978 5043; x_wconf 90' lang='lat' dir='ltr'><strong>esse,</strong></span> <span class='ocrx_word' id='word_1_788' title='bbox 3003 4975 3190 5029; x_wconf 91' lang='lat' dir='ltr'><strong>invidit</strong></span> <span class='ocrx_word' id='word_1_789' title='bbox 3215 4973 3338 5026; x_wconf 90' lang='lat' dir='ltr'><strong>huic</strong></span> 
     </span>
    </p>
   </div>
   <div class='ocr_carea' id='block_1_107' title="bbox 1756 5065 3334 5140">
    <p class='ocr_par' dir='ltr' id='par_1_107' title="bbox 1756 5065 3334 5140">
     <span class='ocr_line' id='line_1_107' title="bbox 1756 5065 3334 5140; baseline -0.006 -14"><span class='ocrx_word' id='word_1_790' title='bbox 1756 5071 1946 5127; x_wconf 78' lang='lat' dir='ltr'><strong>honori</strong></span> <span class='ocrx_word' id='word_1_791' title='bbox 1971 5080 2149 5126; x_wconf 80' lang='lat' dir='ltr'><strong>vestro</strong></span> <span class='ocrx_word' id='word_1_792' title='bbox 2185 5070 2396 5140; x_wconf 89' lang='lat' dir='ltr'><strong>majori.</strong></span> <span class='ocrx_word' id='word_1_793' title='bbox 2447 5069 2668 5124; x_wconf 87' lang='lat' dir='ltr'><strong>Etiamsi</strong></span> <span class='ocrx_word' id='word_1_794' title='bbox 2699 5069 2840 5124; x_wconf 90' lang='lat' dir='ltr'><strong>enim</strong></span> <span class='ocrx_word' id='word_1_795' title='bbox 2887 5067 3002 5120; x_wconf 80' lang='lat' dir='ltr'><strong>haec</strong></span> <span class='ocrx_word' id='word_1_796' title='bbox 3030 5065 3186 5121; x_wconf 91' lang='lat' dir='ltr'><strong>verba</strong></span> <span class='ocrx_word' id='word_1_797' title='bbox 3229 5078 3334 5117; x_wconf 91' lang='lat' dir='ltr'><strong>non</strong></span> 
     </span>
    </p>
   </div>
   <div class='ocr_carea' id='block_1_108' title="bbox 1757 5153 3334 5234">
    <p class='ocr_par' dir='ltr' id='par_1_108' title="bbox 1757 5153 3334 5234">
     <span class='ocr_line' id='line_1_108' title="bbox 1757 5153 3334 5234; baseline -0.009 -14"><span class='ocrx_word' id='word_1_798' title='bbox 1757 5163 2107 5234; x_wconf 86' lang='lat' dir='ltr'><strong>subjunxerit,</strong></span> <span class='ocrx_word' id='word_1_799' title='bbox 2148 5161 2336 5220; x_wconf 84' lang='lat' dir='ltr'><strong>eadem</strong></span> <span class='ocrx_word' id='word_1_800' title='bbox 2379 5170 2554 5216; x_wconf 91' lang='lat' dir='ltr'><strong>tamen</strong></span> <span class='ocrx_word' id='word_1_801' title='bbox 2598 5175 2666 5215; x_wconf 91' lang='lat' dir='ltr'><strong>ex</strong></span> <span class='ocrx_word' id='word_1_802' title='bbox 2710 5157 2976 5229; x_wconf 90' lang='lat' dir='ltr'><strong>prioribus</strong></span> <span class='ocrx_word' id='word_1_803' title='bbox 3003 5153 3334 5224; x_wconf 88' lang='lat' dir='ltr'><strong>conjicienda</strong></span> 
     </span>
    </p>
   </div>
   <div class='ocr_carea' id='block_1_109' title="bbox 1759 5245 3334 5325">
    <p class='ocr_par' dir='ltr' id='par_1_109' title="bbox 1759 5245 3334 5325">
     <span class='ocr_line' id='line_1_109' title="bbox 1759 5245 3334 5325; baseline -0.01 -13"><span class='ocrx_word' id='word_1_804' title='bbox 1759 5256 1994 5325; x_wconf 89' lang='lat' dir='ltr'><strong>reliquit.</strong></span> <span class='ocrx_word' id='word_1_805' title='bbox 2026 5255 2106 5310; x_wconf 87' lang='lat' dir='ltr'><strong>Ac</strong></span> <span class='ocrx_word' id='word_1_806' title='bbox 2139 5254 2260 5309; x_wconf 87' lang='lat' dir='ltr'><strong>vide</strong></span> <span class='ocrx_word' id='word_1_807' title='bbox 2298 5253 2608 5322; x_wconf 91' lang='lat' dir='ltr'><strong>nequitiam.</strong></span> <span class='ocrx_word' id='word_1_808' title='bbox 2651 5249 2916 5305; x_wconf 89' lang='lat' dir='ltr'><strong>Subverso</strong></span> <span class='ocrx_word' id='word_1_809' title='bbox 2959 5245 3050 5300; x_wconf 90' lang='lat' dir='ltr'><strong>Dei</strong></span> <span class='ocrx_word' id='word_1_810' title='bbox 3097 5245 3334 5306; x_wconf 88' lang='lat' dir='ltr'><strong>decreto,</strong></span> 
     </span>
    </p>
   </div>
   <div class='ocr_carea' id='block_1_110' title="bbox 1760 5335 3335 5418">
    <p class='ocr_par' dir='ltr' id='par_1_110' title="bbox 1760 5335 3335 5418">
     <span class='ocr_line' id='line_1_110' title="bbox 1760 5335 3335 5418; baseline -0.01 -17"><span class='ocrx_word' id='word_1_811' title='bbox 1760 5355 2037 5418; x_wconf 87' lang='lat' dir='ltr'><strong>postquam</strong></span> <span class='ocrx_word' id='word_1_812' title='bbox 2064 5345 2271 5400; x_wconf 88' lang='lat' dir='ltr'><strong>dixerat</strong></span> <span class='ocrx_word' id='word_1_813' title='bbox 2296 5359 2484 5414; x_wconf 88' lang='lat' dir='ltr'><strong>magna</strong></span> <span class='ocrx_word' id='word_1_814' title='bbox 2511 5342 2614 5396; x_wconf 87' lang='lat' dir='ltr'><strong>illis</strong></span> <span class='ocrx_word' id='word_1_815' title='bbox 2641 5340 2929 5394; x_wconf 89' lang='lat' dir='ltr'><strong>obventura</strong></span> <span class='ocrx_word' id='word_1_816' title='bbox 2958 5337 3094 5391; x_wconf 88' lang='lat' dir='ltr'><strong>bona</strong></span> <span class='ocrx_word' id='word_1_817' title='bbox 3119 5350 3260 5395; x_wconf 82' lang='lat' dir='ltr'><strong>esse,</strong></span> <span class='ocrx_word' id='word_1_818' title='bbox 3292 5335 3335 5387; x_wconf 74' lang='lat' dir='ltr'><strong>si</strong></span> 
     </span>
    </p>
   </div>
   <div class='ocr_carea' id='block_1_111' title="bbox 1760 5425 3413 5509">
    <p class='ocr_par' dir='ltr' id='par_1_111' title="bbox 1760 5425 3413 5509">
     <span class='ocr_line' id='line_1_111' title="bbox 1760 5425 3413 5509; baseline -0.01 -13"><span class='ocrx_word' id='word_1_819' title='bbox 1760 5455 1866 5496; x_wconf 90' lang='lat' dir='ltr'><strong>non</strong></span> <span class='ocrx_word' id='word_1_820' title='bbox 1906 5439 1980 5494; x_wconf 90' lang='lat' dir='ltr'><strong>illi</strong></span> <span class='ocrx_word' id='word_1_821' title='bbox 2008 5439 2459 5509; x_wconf 89' lang='lat' dir='ltr'><strong>obtemperarent,</strong></span> <span class='ocrx_word' id='word_1_822' title='bbox 2501 5433 2748 5489; x_wconf 89' lang='lat' dir='ltr'><strong>videlicet</strong></span> <span class='ocrx_word' id='word_1_823' title='bbox 2783 5431 3112 5500; x_wconf 83' lang='lat' dir='ltr'><strong>apertionem</strong></span> <span class='ocrx_word' id='word_1_824' title='bbox 3154 5427 3337 5482; x_wconf 87' lang='lat' dir='ltr'><strong>oculo-</strong></span> <span class='ocrx_word' id='word_1_825' title='bbox 3407 5425 3413 5430; x_wconf 86' lang='grc'><em>’</em></span> 
     </span>
    </p>
   </div>
   <div class='ocr_carea' id='block_1_112' title="bbox 1761 5518 3338 5600">
    <p class='ocr_par' dir='ltr' id='par_1_112' title="bbox 1761 5518 3338 5600">
     <span class='ocr_line' id='line_1_112' title="bbox 1761 5518 3338 5600; baseline -0.009 -14"><span class='ocrx_word' id='word_1_826' title='bbox 1761 5546 1897 5595; x_wconf 90' lang='lat' dir='ltr'><strong>rum,</strong></span> <span class='ocrx_word' id='word_1_827' title='bbox 1930 5529 2292 5600; x_wconf 69' lang='lat' dir='ltr'><strong>aequalitatem</strong></span> <span class='ocrx_word' id='word_1_828' title='bbox 2314 5542 2434 5582; x_wconf 91' lang='lat' dir='ltr'><strong>cum</strong></span> <span class='ocrx_word' id='word_1_829' title='bbox 2471 5526 2615 5592; x_wconf 91' lang='lat' dir='ltr'><strong>Deo,</strong></span> <span class='ocrx_word' id='word_1_830' title='bbox 2644 5533 2699 5579; x_wconf 91' lang='lat' dir='ltr'><strong>et</strong></span> <span class='ocrx_word' id='word_1_831' title='bbox 2733 5523 2832 5593; x_wconf 87' lang='lat' dir='ltr'><strong>ipsi</strong></span> <span class='ocrx_word' id='word_1_832' title='bbox 2873 5535 3133 5576; x_wconf 88' lang='lat' dir='ltr'><strong>annexam</strong></span> <span class='ocrx_word' id='word_1_833' title='bbox 3165 5518 3338 5574; x_wconf 84' lang='lat' dir='ltr'><strong>scien-</strong></span> 
     </span>
    </p>
   </div>
   <div class='ocr_carea' id='block_1_113' title="bbox 1763 5603 3337 5692">
    <p class='ocr_par' dir='ltr' id='par_1_113' title="bbox 1763 5603 3337 5692">
     <span class='ocr_line' id='line_1_113' title="bbox 1763 5603 3337 5692; baseline -0.006 -15"><span class='ocrx_word' id='word_1_834' title='bbox 1763 5625 1916 5687; x_wconf 88' lang='lat' dir='ltr'><strong>tiam;</strong></span> <span class='ocrx_word' id='word_1_835' title='bbox 1947 5639 2050 5678; x_wconf 93' lang='lat' dir='ltr'><strong>non</strong></span> <span class='ocrx_word' id='word_1_836' title='bbox 2081 5603 2298 5692; x_wconf 69' lang='lat' dir='ltr'><strong>adjecit,</strong></span> <span class='ocrx_word' id='word_1_837' title='bbox 2322 5619 2619 5690; x_wconf 88' lang='lat' dir='ltr'><strong>improbum</strong></span> <span class='ocrx_word' id='word_1_838' title='bbox 2644 5617 2790 5672; x_wconf 92' lang='lat' dir='ltr'><strong>illum</strong></span> <span class='ocrx_word' id='word_1_839' title='bbox 2819 5630 2936 5672; x_wconf 87' lang='lat' dir='ltr'><strong>esse</strong></span> <span class='ocrx_word' id='word_1_840' title='bbox 2963 5615 3050 5684; x_wconf 89' lang='lat' dir='ltr'><strong>qui</strong></span> <span class='ocrx_word' id='word_1_841' title='bbox 3077 5613 3191 5667; x_wconf 69' lang='lat' dir='ltr'><strong>lucc</strong></span> <span class='ocrx_word' id='word_1_842' title='bbox 3213 5625 3337 5680; x_wconf 83' lang='lat' dir='ltr'><strong>pro-</strong></span> 
     </span>
    </p>
   </div>
   <div class='ocr_carea' id='block_1_114' title="bbox 1765 5695 3339 5783">
    <p class='ocr_par' dir='ltr' id='par_1_114' title="bbox 1765 5695 3339 5783">
     <span class='ocr_line' id='line_1_114' title="bbox 1765 5695 3339 5783; baseline -0.008 -13"><span class='ocrx_word' id='word_1_843' title='bbox 1765 5715 1991 5783; x_wconf 84' lang='lat' dir='ltr'><strong>hiberet,</strong></span> <span class='ocrx_word' id='word_1_844' title='bbox 2031 5729 2097 5771; x_wconf 85' lang='lat' dir='ltr'><strong>ne</strong></span> <span class='ocrx_word' id='word_1_845' title='bbox 2142 5712 2408 5770; x_wconf 86' lang='lat' dir='ltr'><strong>videretur</strong></span> <span class='ocrx_word' id='word_1_846' title='bbox 2449 5724 2550 5768; x_wconf 88' lang='lat' dir='ltr'><strong>ceu</strong></span> <span class='ocrx_word' id='word_1_847' title='bbox 2592 5708 2836 5766; x_wconf 89' lang='lat' dir='ltr'><strong>inimicus</strong></span> <span class='ocrx_word' id='word_1_848' title='bbox 2882 5714 2936 5763; x_wconf 88' lang='lat' dir='ltr'><strong>et</strong></span> <span class='ocrx_word' id='word_1_849' title='bbox 2983 5704 3149 5761; x_wconf 85' lang='lat' dir='ltr'><strong>hostis</strong></span> <span class='ocrx_word' id='word_1_850' title='bbox 3180 5695 3339 5752; x_wconf 73' lang='lat' dir='ltr'><strong>verba</strong></span> 
     </span>
    </p>
   </div>
  </div>
