3870 6272
457 313 560 374 755

465 434 666 495 facere;
699 443 791 485 seu
814 442 1092 499 personam
1118 425 1402 481 consiliarii
1430 433 1483 479 et
1503 423 1762 478 curatoris
1787 420 2039 490 suscepit,

465 535 523 579 ut
548 524 740 578 malam
788 521 1141 576 hortationem
1192 518 1440 572 redderet
1479 517 1872 585 acceptiorem;
1903 515 2045 585 quod

466 619 627 673 etiam
675 615 883 670 accidit.
915 613 1052 667 Nihil
1095 612 1236 667 enim
1281 610 1423 665 aliud
1471 611 1552 664 his
1596 610 1751 665 dictis
1791 607 2048 678 perficere

467 707 654 773 voluit,
683 705 781 760 nisi
827 715 883 758 ut
924 702 1224 758 deficeretis
1272 718 1302 756 a
1347 704 1458 757 Deo
1491 701 1806 756 conditore:
1839 699 2048 755 Invidus

467 810 552 854 est
580 799 743 862 enim,
779 797 968 867 inquit,
1009 805 1062 850 et
1103 795 1270 851 livore
1313 796 1520 865 plenus,
1565 793 1812 848 maximis
1859 793 2049 848 vestris

473 890 673 945 imidet
709 889 883 943 bonis.
909 890 976 942 At
1021 887 1136 942 haec
1170 888 1329 943 verba
1369 885 1649 941 manifeste
1699 901 1802 940 non
1836 885 2047 953 posuit:

468 982 702 1052 alioquin
732 982 878 1036 illum
915 981 1246 1050 suspicantes
1272 980 1540 1034 inimicum
1585 993 1724 1041 esse,
1756 977 2049 1048 fugissent:

471 1073 555 1128 his
578 1089 703 1141 ergo
726 1073 1100 1143 prmtcrmissis
1118 1080 1172 1126 et
1192 1071 1553 1134 dissimulatis,
1579 1069 1677 1125 hoc
1700 1069 2052 1138 perniciosum

472 1164 680 1218 induxit
722 1163 1024 1217 consilium.
1071 1161 1272 1216 Eodem
1315 1175 1524 1231 quoque
1564 1159 1723 1215 modo
1767 1174 1907 1213 nunc
1947 1174 2054 1212 non

472 1256 621 1320 dicit,
655 1254 876 1308 Delicite
905 1269 933 1306 a
965 1251 1194 1318 Christo,
1229 1253 1379 1322 quasi
1407 1252 1581 1306 divina
1607 1259 1871 1320 pnecepta
1902 1249 2056 1304 dam-

426 1346 435 1357 '
475 1344 650 1399 nanda
674 1353 852 1398 essent
881 1361 894 1398 :
927 1343 1074 1397 novit
1103 1343 1243 1396 enim
1285 1342 1384 1396 sibi
1431 1341 1706 1396 mentienti
1750 1341 1909 1394 fidem
1952 1354 2056 1393 non

477 1435 775 1490 habendam
807 1434 961 1499 fore;
1008 1433 1101 1489 scd
1136 1434 1326 1488 callide
1369 1433 1582 1488 videtur
1623 1448 1720 1488 nos
1756 1433 1808 1486 in
1849 1433 1913 1486 iis
1939 1444 2060 1486 esse

477 1528 674 1591 sinere,
705 1535 758 1581 et
784 1541 904 1580 cum
930 1526 1154 1580 veritate
1175 1526 1496 1591 consentire,
1529 1524 1622 1579 sed
1644 1525 1747 1578 alio
1774 1523 1934 1578 modo
1963 1537 2062 1577 nos

479 1617 677 1671 inscios
702 1618 770 1670 ab
800 1617 897 1671 hac
925 1625 1123 1671 aeterna
1164 1616 1456 1671 hereditate
1494 1616 1636 1685 ejicit
1667 1633 1681 1670 :
1713 1614 2060 1685 quemadmo-

479 1708 606 1762 dum
633 1708 675 1762 si
698 1709 816 1777 quis
842 1692 1064 1777 puerum
1091 1709 1376 1778 ingenuum
1413 1723 1475 1762 ac
1519 1708 1766 1773 liberum,
1809 1705 1904 1760 sed
1930 1705 2062 1760 sim-

483 1799 672 1868 plicem
703 1809 755 1853 et
786 1799 1054 1853 incautum
1073 1841 1087 1867 ,
1133 1815 1238 1854 non
1280 1799 1491 1870 quidem
1518 1799 1734 1853 dextera
1760 1797 2057 1868 apprehenv

481 1909 596 1946 sum
620 1892 796 1962 ejiciat
824 1907 890 1947 ex
915 1891 1076 1946 domo
1099 1901 1337 1962 paterna,
1361 1891 1454 1946 sed
1478 1892 1625 1946 illum
1655 1891 1719 1946 ad
1742 1907 1803 1946 ea
1826 1891 2064 1947 facienda

483 1985 744 2051 hortetur,
773 1986 965 2055 quibus
994 1985 1158 2053 gestis
1185 1985 1312 2039 velit
1341 1985 1474 2039 nolit
1499 2000 1527 2038 a
1559 1985 1792 2054 paternis
1819 1985 2071 2040 omnibus

484 2077 637 2130 bonis
661 2076 888 2131 excidet.
920 2075 1105 2146 Neque
1131 2082 1272 2131 enim
1315 2075 1429 2131 ﬁeri
1458 2077 1566 2132 ullo
1605 2076 1765 2132 modo
1787 2087 1983 2147 potest,
2012 2085 2066 2130 ut

487 2169 532 2224 is
559 2170 648 2240 qui
700 2169 807 2223 l'ato
857 2169 1044 2237 hrcret,
1086 2170 1275 2224 caelum
1315 2179 1710 2240 consequatur;
1760 2171 1866 2225 imo
1907 2171 2067 2225 etiam

488 2262 600 2315 fieri
627 2263 828 2331 nequit,
855 2269 912 2314 ut
935 2259 1231 2331 gehennam
1262 2271 1311 2315 et
1333 2261 1650 2330 supplicium
1669 2261 1883 2331 effugiat
1907 2279 1920 2315 :
1946 2277 2066 2315 nam

485 2351 679 2406 divinis
727 2353 1004 2422 prurceptis
1033 2353 1298 2407 contraria
1339 2352 1585 2422 imperat.
1629 2354 1764 2408 Dicit
1792 2355 1932 2408 Deus
1963 2371 1976 2408 :
2009 2353 2070 2409 Si

490 2443 760 2505 volueritis,
794 2451 839 2496 et
871 2442 1131 2496 audieritis
1168 2459 1264 2508 me,
1317 2443 1446 2496 bona
1493 2452 1640 2498 terra}
1677 2446 1982 2510 comedetis;
2028 2446 2073 2500 si

488 2543 656 2586 autent
689 2534 965 2598 nolueritis,
994 2551 1083 2587 nec
1111 2533 1370 2587 audieritis
1400 2550 1496 2601 me,
1539 2535 1741 2603 gladius
1779 2551 1864 2590 vos
1889 2552 2073 2589 consu-

489 2631 608 2676 met.
659 2622 728 2678 0s
757 2625 889 2678 enim
924 2623 1128 2680 Domini
1171 2627 1278 2682 haec
1305 2627 1563 2696 loquutum
1603 2636 1676 2681 est
1703 2625 1853 2700 (lsai.
1884 2628 1936 2682 1.
1980 2627 2070 2683 19.

489 2713 625 2783 so).
1704 2780 1710 2784 Ι

563 2803 754 2858 Fatum
783 2823 847 2858 an
875 2806 1081 2860 liberant
1112 2808 1371 2862 arbitrium
1396 2808 1654 2878 impediat.
1672 2838 1742 2848 --
1767 2808 1924 2864 Vides
1944 2823 2075 2878 quo-

493 2893 652 2949 modo
682 2892 822 2950 Deus
845 2895 1109 2967 loquatur,
1139 2907 1192 2953 et
1213 2899 1356 2969 leges
1373 2907 1570 2969 ponat:
1599 2899 1718 2953 audi
1742 2915 1884 2955 nunc
1907 2898 2073 2954 fatum

492 2986 760 3056 quomodo
791 2988 1055 3058 loquatur,
1085 2999 1138 3045 et
1165 2991 1432 3062 quomodo
1469 2992 1767 3047 contrarias
1796 3001 1956 3062 ponat
1995 2992 2074 3048 le-

491 3095 621 3150 ges;
654 3091 706 3136 et
735 3081 882 3139 disce
918 3084 1002 3137 illa
1027 3085 1240 3154 quidem
1266 3102 1294 3139 a
1321 3086 1502 3142 divino
1533 3086 1732 3156 Spiritu
1765 3087 1902 3142 dicta
1932 3102 2071 3154 esse,

493 3173 606 3229 hzcc
630 3185 807 3230 autem
838 3192 867 3231 a
899 3177 1132 3249 maligno
1158 3179 1402 3234 daemone
1430 3179 1754 3250 immanique
1776 3178 1907 3235 fera.
1934 3179 2076 3236 Dixit

495 3268 654 3334 Deus,
683 3267 739 3324 Si
771 3269 1064 3335 volueritis,
1093 3280 1166 3337 et,
1195 3271 1253 3326 Si
1299 3273 1596 3338 nolueritis,
1631 3273 1683 3327 in
1715 3282 1899 3328 nostro
1928 3273 2064 3327 arbi-

494 3359 594 3412 trio
617 3368 675 3413 et
701 3360 980 3414 voluntate
1020 3361 1326 3431 relinquens
1357 3363 1602 3418 virtutem
1651 3376 1706 3418 et
1760 3365 2073 3434 improbita-

493 3460 621 3507 tem.
653 3449 744 3504 llle
773 3467 900 3506 vero
923 3451 1045 3506 dicit
1077 3471 1090 3506 :
1121 3453 1273 3521 Quod
1296 3454 1402 3509 fato
1422 3456 1764 3509 censtitutum
1787 3465 1889 3521 est,
1921 3457 2073 3512 vitari

493 3557 597 3595 non
626 3551 817 3611 potest,
843 3543 1068 3597 velimus
1094 3545 1343 3599 nolimus.
1370 3546 1508 3600 Deus
1529 3547 1687 3601 dicit:
1713 3547 1774 3602 Si
1797 3547 2072 3616 volueritis,

495 3635 628 3686 bona
668 3643 815 3686 terra:
843 3634 1150 3699 comedetis;
1175 3637 1336 3690 fatum
1362 3652 1490 3691 vero
1528 3636 1655 3692 dicit
1689 3636 2076 3703 :Quantumvis

491 3727 837 3793 voluerimus,
883 3729 980 3782 nisi
1026 3729 1178 3784 nobis
1207 3729 1258 3784 id
1285 3731 1464 3785 datum
1494 3731 1670 3793 fuerit,
1703 3733 1845 3787 nulla
1875 3733 2076 3790 utilitas

489 3827 572 3872 est
638 3818 740 3875 hoc
777 3821 932 3875 velle.
989 3821 1128 3876 Dens
1169 3822 1297 3877 dicit
1344 3841 1356 3876 :
1401 3823 1462 3878 Si
1506 3824 1768 3878 nolueritis
1823 3827 2078 3881 attendere

489 3910 648 3965 verbis
676 3913 817 3978 meis,
848 3914 1050 3985 gladius
1079 3931 1164 3969 vos
1188 3926 1478 3981 consumet;
1504 3915 1667 3971 fatum
1695 3929 1877 3974 contra
1904 3919 2033 3974 dicit
2058 3937 2071 3973 :

493 4003 548 4056 Si
577 4005 923 4074 uoluerimus,
952 4008 1136 4063 datum
1171 4025 1301 4065 vero
1327 4011 1478 4066 nobis
1516 4011 1696 4078 fuerit,
1728 4021 1905 4069 tamen
1939 4014 2074 4070 salvi

493 4095 715 4151 erimus.
745 4099 934 4154 Annon
968 4102 1066 4156 hoc
1094 4100 1258 4156 fatum
1289 4101 1456 4157 dicit?
1477 4103 1612 4169 Quid
1644 4103 1741 4158 hac
1765 4119 1942 4175 pugna
1961 4105 2075 4160 cla-

491 4189 604 4243 rius
632 4187 828 4245 fuerit?
856 4192 980 4262 quid
1009 4194 1113 4248 hoc
1156 4193 1297 4249 bello
1338 4195 1592 4264 apertius,
1638 4195 1779 4265 quod
1822 4195 2076 4251 adversus

491 4279 668 4335 divina
706 4283 917 4353 eloquia
962 4284 1208 4354 nequitia:
1247 4285 1496 4340 doctores
1525 4286 1794 4340 daemones
1822 4301 2076 4356 suscepe-

491 4373 659 4426 runt?
699 4373 802 4428 Sed
836 4384 891 4427 ut
913 4375 1023 4444 jam
1053 4375 1180 4440 dixi,
1213 4376 1354 4445 quod
1399 4376 1690 4443 dmmoncs,
1733 4387 1788 4433 et.
1834 4379 2076 4436 homines

492 4463 827 4518 dmmonibus
857 4480 1033 4534 pares,
1075 4481 1264 4535 nempe
1290 4465 1484 4532 Gra-ci,
1518 4467 1598 4521 his
1630 4469 1786 4523 fidem
1825 4469 2072 4536 habeant,

493 4554 623 4610 nihil
651 4557 876 4621 mirum;
917 4557 1055 4626 quod
1078 4565 1253 4611 autem
1284 4573 1377 4611 vos
1407 4565 1512 4611 tam
1537 4558 1731 4613 divinae
1755 4569 1808 4612 et
1831 4561 2076 4616 salutaris

497 4643 756 4700 doctrina:
795 4647 1098 4717 participes,
1130 4647 1244 4704 hinc
1267 4648 1589 4718 despiciatis,
1619 4651 1750 4705 etad
1771 4651 1858 4705 illa
1884 4652 2074 4707 absur-

493 4735 712 4790 dissima
734 4748 1033 4794 commenta
1056 4740 1248 4794 anima:
1271 4741 1569 4811 perniciosa
1588 4740 1924 4811 confugiatis,
1951 4744 2074 4799 illud

494 4826 651 4896 longe
676 4829 1044 4897 gravissimum
1071 4842 1170 4887 est.
1202 4833 1337 4900 Quid
1365 4835 1496 4888 enim
1525 4834 1649 4887 mihi
1681 4843 1908 4889 externos
1923 4835 2074 4905 judi-

493 4934 610 4970 mre
634 4917 708 4988 (l.
737 4916 853 4972 Cor.
883 4921 935 4974 5.
967 4921 1054 4990 η)
1077 4922 1101 4974 ?
1125 4923 1247 4978 Mihi
1278 4925 1417 4996 apud
1461 4939 1558 4981 vos
1590 4939 1769 4981 sermo
1789 4934 1888 4992 est,
1918 4945 2079 4986 mem-

496 5012 588 5065 bra
616 5011 831 5078 Christi,
867 5012 960 5068 filii
1005 5015 1277 5084 Ecclesiae,
1307 5020 1395 5089 qui
1428 5020 1478 5074 in
1520 5030 1737 5090 paterna
1766 5022 1926 5079 domo
1950 5039 2077 5080 eru-

493 5105 590 5158 diti
619 5106 768 5171 estis,
799 5114 853 5161 et
894 5107 1194 5163 caelestibus
1231 5109 1522 5181 disciplinis
1566 5113 1774 5178 imbuti,
1803 5116 1891 5185 qui
1931 5124 2078 5171 tanto

497 5197 702 5252 honore
745 5198 942 5270 dignati
976 5201 1125 5256 estis.
1167 5200 1292 5258 Ideo
1335 5219 1512 5274 gemo,
1565 5205 1686 5262 ideo
1731 5208 1998 5264 lamentor
2025 5218 2079 5265 et

496 5289 687 5356 ploro:
718 5304 839 5344 nam
885 5292 1135 5363 lacrymis
1163 5293 1320 5364 digna
1368 5304 1490 5350 sunt
1542 5297 1675 5362 lucc,
1721 5300 1932 5368 quando
1960 5301 2078 5371 quis

495 5379 547 5433 in
581 5391 792 5449 peccata
823 5381 1038 5448 decidit,
1069 5401 1186 5456 qua:
1224 5386 1374 5442 venia
1419 5387 1574 5457 digna
1617 5404 1720 5444 non
1763 5401 1886 5444 sunt
1916 5408 1930 5446 :
1961 5406 2077 5460 qum

496 5473 668 5538 venia,
713 5477 924 5544 quando
973 5478 1113 5533 Deus
1153 5484 1470 5538 sententiam
1519 5483 1668 5551 dicit,
1717 5493 1770 5540 et
1807 5484 2078 5540 daemones

495 5568 885 5636 contradicunt,
936 5587 1230 5644 eorumque
1268 5576 1405 5632 dicta
1451 5578 1611 5634 etiam
1645 5577 1739 5632 Dei
1769 5577 2075 5633 domesticis

499 5658 602 5710 fide
631 5660 868 5730 digniora
909 5663 1193 5719 videntur?
1231 5667 1346 5722 Non
1377 5667 1788 5738 disputationem
1820 5669 1924 5738 iam
1964 5682 2078 5722 mo—

501 5765 706 5821 vemus,
737 5755 830 5810 sed
881 5756 1092 5814 interim
1136 5773 1342 5829 eorum,
1383 5763 1472 5832 qui
1514 5764 1640 5833 ipsis
1684 5762 2071 5833 obtemperant,

1268 309 1325 368 S.
1356 308 1633 366 JOANNIS
1669 301 2046 362 CHRYSOST.
2085 301 2406 358 ARClllEP.
2447 298 2989 360 CONSTANTINOP.

3671 294 3845 382 mg

2155 415 2538 488 impudentiam
2574 415 2922 471 ostendemus
2952 431 2966 468 :
2999 414 3140 469 Deus
3174 412 3305 469 dicit
3334 429 3354 466 :
3384 410 3648 483 Apposui
3694 413 3775 465 tibi

2150 511 2316 581 ignem
2341 520 2386 564 et
2417 509 2799 579 aquant,vitam
2825 517 2872 562 et
2892 515 3101 560 mortem
3123 524 3136 560 :
3165 521 3491 576 quocumque
3515 505 3777 570 volueris,

2153 603 2364 656 extende
2405 618 2608 655 manum
2649 610 2788 653 tuam
2813 597 3000 668 (Eccli.
3044 598 3130 652 15.
3162 597 3284 668 t7);
3320 596 3546 650 daemon
3589 593 3777 648 dicit:

2153 691 2267 746 Non
2299 700 2381 747 est
2411 691 2463 745 in
2493 699 2546 745 te
2570 691 2730 744 situm
2758 687 3049 743 extendere
3079 702 3318 751 manum,
3369 685 3470 740 sed
3523 685 3780 738 necessi-

2155 794 2264 840 tate
2287 785 2512 854 quadam
2543 798 2605 838 ac
2631 782 2682 835 vi
2717 781 2820 835 hoc
2859 781 3050 849 agitur.
3094 777 3164 832 Et
3205 777 3319 830 hmc
3364 776 3462 831 tibi
3511 773 3780 829 videntur

2157 875 2261 930 fide
2291 875 2531 945 digniora
2571 888 2692 928 esse
2726 889 2739 925 :
2770 887 2941 942 neque
2981 869 3184 940 cogitas
3212 877 3476 938 quantum
3510 866 3591 920 sit
3640 866 3779 920 inter

2159 939 2460 1038 huiusmodi
2487 965 2822 1019 consultores
2850 939 3206 1025 intervallum,
3231 958 3373 1030 quod
3394 959 3490 1012 ille
3506 958 3587 1012 sit
3612 957 3776 1020 Deus,

2160 1058 2246 1114 hic
2267 1073 2395 1112 vero
2424 1057 2633 1111 daemon
2663 1072 2676 1108 :
2702 1070 2806 1109 non
2835 1053 3040 1109 consilii
3069 1051 3422 1106 differentiam
3452 1047 3773 1109 examines.

2160 1150 2304 1222 quod
2337 1150 2464 1204 illud
2492 1149 2723 1204 salutare
2753 1149 2822 1202 sit
2843 1157 2897 1201 et
2922 1145 2986 1200 ad
3015 1145 3262 1199 virtutem
3289 1154 3478 1210 vocet,
3517 1141 3634 1196 hoc
3657 1156 3779 1196 vero

2161 1241 2591 1308 diabolicum,ad
2616 1241 2905 1311 nequitiam
2944 1249 2996 1292 et
3039 1237 3433 1308 improbitatem
3475 1235 3775 1290 excitans:

2161 1350 2269 1389 non
2301 1332 2627 1399 consideras,
2661 1346 2904 1401 quaenam
2936 1331 3026 1384 tibi
3056 1344 3086 1383 a
3131 1329 3262 1396 Deo,
3292 1337 3350 1384 et
3385 1343 3662 1399 quaenam
3693 1326 3778 1379 libi

2164 1443 2194 1482 a
2219 1427 2463 1483 daemone
2484 1425 2605 1481 data
2633 1425 2740 1480 sint
2763 1442 2776 1478 :
2807 1423 2949 1494 quod
2975 1424 3063 1478 ille
3083 1423 3296 1494 quidem
3320 1422 3392 1476 ita
3416 1430 3473 1476 te
3496 1420 3776 1480 dilexerit,

2167 1532 2225 1577 ut
2253 1532 2304 1578 et
2332 1521 2524 1576 Filium
2552 1534 2703 1574 suum
2731 1516 3060 1586 unigenitum
3092 1530 3188 1584 pro
3215 1525 3266 1569 te
3293 1513 3473 1577 daret,
3502 1527 3622 1583 quo
3652 1511 3776 1565 nihil

2169 1614 2309 1670 Patri
2352 1611 2636 1683 pretiosius
2677 1617 2811 1672 erat.
2853 1617 3012 1678 atque
3043 1606 3376 1660 ctiam'nunc
3411 1605 3488 1658 ita
3521 1612 3702 1666 amat,
3728 1611 3777 1655 ut

2170 1717 2223 1762 te
2252 1721 2345 1776 per
2373 1704 2644 1775 apostolos
2682 1717 2778 1772 pro
2815 1710 2901 1754 tua
2932 1698 3103 1752 salute
3133 1696 3473 1760 cohortetur,
3507 1703 3568 1750 et
3599 1694 3774 1749 omnia

2175 1797 2360 1862 faciat;
2395 1797 2482 1851 illc
2510 1809 2637 1849 vero
2669 1794 2738 1846 ita
2763 1791 2887 1846 odio
2925 1789 3108 1844 habuit
3131 1796 3186 1842 et
3213 1786 3393 1850 habet,
3428 1795 3493 1840 ut
3523 1800 3632 1853 per
3667 1798 3775 1838 om-

2171 1892 2254 1945 nia
2283 1901 2333 1945 te
2379 1890 2667 1958 impugnet,
2710 1898 2880 1954 neque
2921 1881 3081 1937 modo
3125 1895 3232 1934 non
3270 1879 3364 1933 tibi
3403 1876 3625 1947 aliquid
3659 1875 3776 1930 boni

2173 1984 2387 2048 tribuat,
2417 1980 2510 2036 sed
2553 1979 2711 2034 etiam
2735 1977 2800 2047 ab
2829 1978 2890 2031 iis
2917 1991 3035 2046 quae
3077 1989 3107 2028 a
3151 1973 3260 2028 Deo
3287 1971 3563 2041 accepisti
3607 1980 3666 2025 te
3694 1985 3777 2024 ex-

2174 2075 2386 2130 turbare
2411 2081 2634 2128 conetur
2660 2087 2675 2123 :
2706 2069 2796 2124 ille
2819 2078 2870 2122 te
2897 2066 3096 2136 angelis
3126 2079 3308 2136 parem
3337 2062 3526 2117 facere
3548 2061 3773 2125 studuit,

2175 2164 2261 2219 hic
2283 2178 2409 2219 vero
2439 2161 2587 2216 humi
2627 2159 2936 2230 repentibus
2961 2167 3012 2213 te
3040 2157 3388 2226 ahjectiorem
3417 2152 3636 2218 eﬂ'ecit,
3663 2152 3776 2205 tibi-

2174 2272 2277 2327 que
2305 2253 2566 2325 persuasit
2590 2259 2652 2306 ut
2698 2251 2788 2304 illa
2817 2249 3069 2304 adorares
3097 2265 3110 2302 :
3141 2247 3229 2301 ille
3266 2246 3318 2299 in
3349 2259 3588 2314 regnum
3621 2242 3779 2296 σπιθ-

2174 2364 2291 2402 rum
2319 2347 2558 2416 aliosque
2584 2344 2817 2398 honores
2848 2352 2899 2396 te
2923 2339 3200 2410 pertrahit,
3218 2338 3304 2392 hic
3321 2352 3449 2392 vero
3472 2335 3776 2390 honoribus

2177 2441 2268 2496 tibi
2299 2438 2513 2495 collatis
2558 2435 2769 2502 invidit,
2813 2448 2914 2489 nec
2955 2432 3102 2502 prius
3144 2431 3293 2496 abiit,
3324 2443 3488 2500 quam
3549 2438 3604 2483 te
3659 2427 3776 2481 inde

2177 2531 2415 2603 eiecerit.
2446 2528 2698 2598 Quamvis
2719 2526 2862 2581 enim
2895 2525 3033 2579 illius
3053 2523 3297 2593 dogmata
3322 2522 3649 2591 perspicere
3674 2534 3772 2575 non

2178 2625 2412 2697 possitis,
2436 2621 2645 2679 etiamsi
2673 2619 2790 2676 sole
2810 2619 3039 2674 clariora
3068 2618 3175 2672 sint
3201 2616 3286 2681 iis,
3309 2615 3400 2685 qui
3427 2629 3667 2685 prorsus
3693 2629 3776 2668 su-

2179 2719 2285 2788 pini
2309 2733 2413 2772 non
2450 2724 2575 2772 sunt
2605 2733 2617 2768 :
2665 2714 2735 2768 ita
2763 2711 3107 2782 conSpicnam
3145 2709 3345 2763 habent
3372 2707 3486 2772 illa,
3521 2722 3650 2777 qua:
3687 2706 3772 2760 Dei

2178 2819 2322 2876 sunt,
2353 2811 2602 2864 virtutem
2635 2815 2795 2878 atque
2824 2805 3084 2868 salutem;
3140 2802 3226 2856 illa
3251 2815 3380 2856 vero
3427 2799 3730 2869 nequitiam
3756 2816 3770 2852 :

2177 2912 2414 2960 attamen
2439 2901 2482 2956 si
2507 2915 2611 2955 non
2653 2897 2876 2970 potestis
2914 2895 2981 2950 ad
3020 2895 3106 2949 illa
3151 2893 3440 2962 respicere,
3481 2890 3683 2945 saltem
3711 2888 3772 2942 ab

2179 2998 2264 3062 iis,
2296 2996 2385 3065 qui
2421 2991 2705 3048 consilium
2754 2988 2906 3044 vobis
2939 2985 3086 3050 dant,
3115 2984 3305 3039 discite
3339 2980 3467 3051 quid
3513 2980 3768 3043 salutare,

2178 3089 2303 3160 quid
2337 3088 2553 3144 noxium
2583 3086 2672 3140 sit.
2718 3080 2997 3149 Quomodo
3031 3078 3172 3133 enim
3194 3074 3484 3132 absurdum
3518 3088 3629 3128 non
3664 3071 3772 3126 fue-

2179 3183 2248 3238 rit
2293 3180 2500 3236 creteris
2552 3162 2605 3233 in
2641 3177 2800 3232 rebus
2830 3174 2930 3228 hoc
2968 3173 3042 3227 uti
3086 3170 3311 3226 consilio
3339 3210 3355 3235 ,
3394 3175 3453 3222 ut
3504 3167 3556 3221 si
3599 3165 3769 3220 medi-

2179 3289 2274 3330 cus
2315 3273 2492 3328 cibum
2530 3269 2622 3325 det
2659 3268 2812 3323 alicui
2843 3309 2858 3334 ,
2901 3280 3008 3320 non
3047 3264 3115 3318 de
3165 3276 3232 3317 eo
3275 3261 3366 3315 ille
3418 3258 3641 3313 curiose
3693 3257 3766 3311 in.

2179 3369 2392 3438 quirat,
2447 3364 2542 3420 sed
2585 3371 2642 3418 ut
2695 3360 2908 3417 sanitati
2954 3355 3340 3413 conducentem
3383 3351 3620 3420 accipiat
3656 3366 3672 3415 ;
3720 3347 3763 3402 si

2179 3468 2356 3513 autem
2385 3453 2654 3510 veneficus
2681 3460 2735 3507 et
2767 3448 3138 3522 praestigiator,
3183 3459 3292 3499 non
3324 3442 3552 3497 multum
3584 3439 3756 3509 inqui-

2178 3557 2280 3616 rat,
2309 3546 2405 3603 sed
2430 3545 2581 3617 quasi
2612 3557 2874 3599 venenum
2903 3548 2959 3596 et
2984 3549 3187 3610 pestem
3225 3543 3540 3596 aversetur;
3571 3540 3626 3587 et
3651 3545 3765 3585 cum

2179 3641 2246 3696 de
2303 3641 2410 3695 Deo
2460 3637 2632 3709 agitur
2678 3651 2784 3690 non
2829 3632 3019 3690 eodem
3063 3629 3141 3685 uti
3188 3627 3402 3684 medio?
3446 3637 3764 3695 quamquam

2181 3740 2327 3789 tanto
2354 3734 2524 3800 majus
2553 3727 2887 3784 intervallum
2908 3733 2988 3780 est
3014 3723 3155 3778 inter
3180 3721 3346 3775 Deum
3367 3727 3422 3772 et
3441 3715 3764 3780 daemonem,

2179 3843 2336 3899 quam
2365 3827 2502 3881 inter
2529 3821 2794 3878 medicum
2829 3827 2883 3874 et
2921 3815 3240 3878 veneficum,
3278 3819 3478 3881 quanto
3508 3823 3611 3863 nec
3637 3805 3756 3870 dici,

2181 3897 2280 3976 nec
2297 3927 2475 3975 mente
2497 3916 2583 3970 vel
2607 3927 2854 3970 sermone
2869 3904 3249 3978 comprehendi
3271 3909 3466 3973 potest.
3489 3897 3764 3968 Quomodo

2181 4012 2338 4082 igitur
2363 4024 2466 4062 non
2497 4016 2750 4062 extremm
2776 4001 2932 4058 fuerit
2955 3996 3322 4058 absurditatis,
3361 3992 3452 4047 ubi
3482 3991 3661 4045 minor
3681 3998 3757 4044 est

2179 4079 2327 4159 cibos
2343 4099 2688 4171 praebentium
2703 4093 3021 4160 differentia,
3035 4106 3140 4145 non
3154 4087 3364 4144 curiose
3376 4079 3764 4154 inquirere,sed

2179 4198 2484 4253 conditione
2527 4205 2874 4265 personarum
2917 4187 3176 4243 universae
3199 4181 3458 4238 doctrina:
3485 4179 3610 4233 loco
3643 4176 3717 4230 uti
3746 4191 3759 4226 :

2179 4289 2268 4343 ubi
2289 4298 2462 4342 autem
2489 4282 2911 4342 consiliariorum
2930 4286 3130 4333 tantum
3152 4282 3234 4330 est
3250 4272 3565 4335 discrimen,
3584 4268 3766 4323 adhor-

2181 4383 2382 4438 tatione
2393 4394 2526 4450 opus
2553 4375 2771 4440 habere,
2787 4379 2846 4427 ut
2874 4369 3193 4439 intelligatur
3219 4362 3345 4435 quid
3370 4362 3628 4426 salutare,
3650 4357 3763 4428 quid

2181 4473 2398 4530 noxium
2443 4468 2545 4524 sit?
2592 4465 2687 4530 Ne,
2732 4479 2935 4534 quaeso,
2983 4476 3052 4516 ne
3094 4454 3550 4512 irrationabilibus
3592 4452 3764 4507 bestiis

2183 4560 2654 4620 irrationabiliores
2683 4556 2882 4620 simus;
2927 4551 3020 4608 sed
3051 4549 3370 4613 resiliamus,
3400 4559 3502 4600 nec
3533 4542 3761 4613 [urbea-

2182 4673 2300 4712 mus
2328 4668 2526 4709 aures:
2564 4665 2687 4706 nam
2729 4647 3072 4717 Corrumpunt
3117 4657 3279 4696 mores
3323 4639 3480 4693 bonos
3525 4636 3762 4706 coiloquia

2184 4763 2340 4820 prava
2367 4746 2443 4818 (ι.
2475 4739 2594 4800 Cor.
2643 4741 2725 4798 l5.
2758 4739 2849 4810 5'5)
2885 4753 2900 4792 :
2945 4749 3115 4805 neque
3159 4731 3369 4786 veniam
3422 4738 3763 4820 assequentur

2175 4816 2272 4909 ‘qni
2299 4816 2506 4903 decepti
2533 4840 2674 4888 sunt.
2709 4831 2814 4886 Cur
2841 4827 2982 4883 enim
3011 4825 3055 4880 si
3083 4822 3418 4893 pestilentem
3438 4826 3494 4873 et
3518 4816 3759 4872 infectum

2185 4931 2360 4985 locum
2387 4927 2591 4990 videas,
2612 4926 2719 4980 illic
2738 4921 3032 4979 consistere
3052 4915 3270 4984 refugis,
3292 4911 3503 4969 etiamsi
3525 4919 3760 4965 sexcenta

2183 5034 2236 5077 te
2288 5021 2355 5076 ad
2407 5020 2550 5074 illam
2601 5015 2980 5072 habitationem
3025 5007 3389 5080 pertrahant,‘
3428 5002 3761 5073 corporisque

2182 5113 2539 5170 valetudinem
2567 5108 2777 5165 caneris
2816 5104 3064 5160 omnibus
3089 5098 3409 5169 anteponis;
3441 5110 3563 5150 cum
3594 5103 3757 5148 autem

2183 5219 2431 5261 sermone
2470 5199 2735 5273 pestilenti
2761 5206 2920 5268 atque
2951 5194 3139 5250 morbo
3167 5190 3381 5262 quidam
3410 5197 3538 5244 sunt
3568 5185 3756 5248 referti,

2183 5314 2300 5369 qua:
2329 5313 2434 5353 non
2465 5309 2658 5365 corpus
2689 5300 2914 5356 tantum,
2944 5288 3036 5344 sed
3077 5287 3236 5342 etiam
3263 5283 3496 5337 animam
3523 5277 3755 5351 perdunt,

2183 5405 2408 5459 eamque
2433 5388 2750 5444 deteriorem
2785 5398 2848 5439 ac
2887 5381 3130 5438 viliorem
3171 5377 3422 5443 reddunt,
3461 5390 3568 5429 non
3596 5382 3757 5427 tamen

2184 5481 2397 5536 resilis?
2421 5480 2577 5546 Audi,
2629 5479 2800 5550 inquit
2840 5476 3054 5546 sapiens
3091 5471 3304 5543 quidam
3331 5469 3433 5532 vir,
3467 5484 3530 5522 ne
3556 5465 3752 5520 steteris.

2182 5573 2271 5628 sed
2292 5573 2450 5639 resili,
2491 5588 2554 5626 ne
2595 5569 2872 5625 tardaueris
2910 5566 3101 5637 (Prov-
3121 5566 3174 5620 9.
3211 5561 3302 5631 18)
3332 5579 3345 5615 :
3374 5559 3460 5614 vel
3500 5557 3750 5612 minimam

2184 5667 2235 5720 in
2261 5666 2342 5720 his
2370 5674 2546 5719 metue
2576 5679 2798 5720 moram.
2825 5662 2949 5716 Haec
2969 5673 3132 5731 porro
3145 5657 3392 5720 dicimus,
3423 5667 3527 5706 non
3550 5651 3746 5719 dogma-

2184 5765 2296 5814 tum
2340 5757 2550 5814 illorum
2597 5758 2702 5813 vim
2743 5753 3171 5818 reformidantes,
3218 5748 3312 5805 sed
3352 5744 3744 5803 imbecillitatem
