3870 6272
96 295 248 353 755
1258 286 1345 342 DE
1384 286 1565 344 FATO
1602 287 1691 344 ET
1730 286 2213 346 PROVIDENTIA.
2254 286 2320 343 11.

90 407 227 460 δὲν
258 406 368 477 γάρ
397 404 583 477 ἓτερον
626 401 786 475 ήθελε
837 402 1241 455 κατασκευάσαι
1288 402 1357 456 δι’
1390 396 1466 457 ὧν
1510 404 1718 473 ἔλεγεν,

94 492 253 545 ἁλλ’
303 492 337 564 ἢ
387 491 471 545 ὅτι
518 489 794 559 ἀπόστητε
839 488 934 543 τοῦ
985 486 1122 541 Θεοῦ
1172 488 1267 542 τοῦ
1320 490 1721 562 πεποιηκότοςο

100 577 415 647 βάσκανός
465 579 583 632 ἐστι
633 578 726 632 καί⁹
774 576 1062 648 φθονερὸς,
1094 575 1281 645 φθονεῖ
1320 576 1429 630 τῶν
1461 576 1723 648 μειζόνων

3292 299 3403 358 756

1828 421 1987 474 μονες
2014 402 2504 472 ἀντιφθέγγωνται,
2538 404 2630 458 καὶ
2650 403 3065 475 ἀξιοπιστότερα
3099 399 3225 476 δόξῃ
3257 407 3406 476 παρά

1822 492 1932 546 τῶν
1970 491 2187 546 οἰκείων
2209 491 2303 545 τοῦ
2326 492 2462 546 Θεοῦ
2488 492 2554 546 τά
2587 492 2716 565 παρ’
2731 492 2954 547 ἐκείνων
2987 491 3256 562 λεγόμενα
3277 510 3291 554 ;
3311 496 3405 565 Μὴ

1822 577 1931 650 γὰρ
1951 579 2244 649 λογισμοὺς
2264 578 2521 651 κινοῦμεν
2537 580 2649 643 νῦν,
2670 580 2806 635 ἀλλά
2829 580 2968 644 τέως
2988 580 3087 651 τὴν
3107 580 3409 651 ἰταμότητα

96 666 272 737 ὑμῖν
297 666 540 737 ἀγαθῶν.
583 664 745 719 Ἀλλά
790 662 964 719 ταῦτα
1009 663 1261 736 φανερῶς
1298 665 1396 736 μὲν
1424 665 1525 718 οὐκ
1558 664 1721 737 ἔθηκε

98 755 204 809 τά
256 756 496 828 ῥήματα·
536 748 573 826 ἦ
607 752 717 825 γάρ
758 752 845 818 ἂν,
898 752 1340 815 ὑποπτεύσαντες
1387 753 1549 807 αὐτὸν
1580 748 1720 807 εἶναι

105 841 358 913 ἐχθρὸν,
395 841 631 911 ἐφυγον³
673 840 835 908 ἀφεὶς
871 839 931 892 δέ
983 840 1157 894 εἰπεῖν
1192 839 1377 903 αὐτοῖς
1424 838 1599 892 ταῦτα
1626 838 1722 892 καὶ

103 930 510 1002 περιστείλας,
536 929 636 1001 τὴν
666 928 918 1000 ὀλεθρίαν
943 927 1147 999 ταύτην
1192 928 1456 1000 εἰσήγαγε
1485 927 1722 999 συμϐου-

102 1020 256 1090 λήν.
292 1018 450 1073 Οῦτω
472 1017 538 1089 δὴ
567 1018 661 1071 καὶ
700 1016 794 1071 νῦν
830 1016 891 1069 οὐ
944 1014 1091 1085 λέγει
1137 1016 1257 1088 μὲν,
1311 1015 1586 1088 ἀπόστητε
1623 1013 1718 1068 τοῦ

104 1107 398 1179 Χριστοῦ,
426 1109 502 1171 ὡς
529 1105 996 1177 κατεγνωσμένων
1044 1106 1154 1159 τῶν
1207 1104 1367 1158 θείων
1406 1103 1716 1174 δογμάτων·

104 1191 241 1248 οἶδε
272 1195 380 1267 γάρ
417 1196 499 1248 ὅτι
525 1194 781 1263 ἐψεύδετο
813 1194 909 1247 καὶ
935 1194 1036 1247 οὐκ
1061 1192 1377 1247 ἐπιστεύετο
1399 1204 1448 1232 ι·
1481 1190 1720 1263 κακούρ-

106 1300 250 1351 γως
296 1282 355 1336 δέ
400 1283 549 1337 δοκεῖ
599 1282 699 1353 μὲν
744 1282 895 1351 ἡμᾶς
950 1280 1165 1350 ἀφεῖναι
1218 1282 1278 1333 ἐν
1325 1278 1567 1341 τούτοις.
1622 1278 1718 1331 καὶ

110 1372 443 1443 συγχωρεῖν
474 1368 610 1442 πρὸς
638 1367 735 1440 τὴν
761 1367 1040 1440 ἀλήθειαν,
1067 1366 1269 1438 ἑτέρως
1295 1366 1351 1419 δὲ
1379 1366 1481 1419 οὐκ
1508 1365 1717 1429 εἰδότας

108 1459 338 1522 αὐτοὺς
382 1457 591 1528 ἐξαιρεῖ
634 1457 736 1527 τῆς
790 1456 1006 1509 αἰωνίου
1060 1454 1264 1526 ταύτης
1309 1452 1713 1526 κληρονομίας*

109 1545 326 1617 ὥσπερ
351 1544 417 1598 ἀν
448 1544 610 1608 εἴτις
636 1543 801 1598 παῖδα
826 1543 1048 1613 γνήσιον
1079 1543 1174 1595 καὶ
1218 1539 1370 1614 [758]
1405 1539 1714 1612 ἐλεύθερον,

107 1634 343 1688 ἁπλοῦν
363 1651 484 1688 τινα
508 1634 602 1688 καὶ
626 1632 925 1704 ἀπόνηρον,
952 1634 1020 1703 τῇ
1049 1630 1203 1702 δεξιᾷ
1229 1630 1330 1702 μὲν
1364 1628 1614 1699 κατέχων
1639 1629 1715 1699 μὴ

109 1720 357 1775 ἐκϐάλοι
382 1721 484 1791 τῆς
504 1721 777 1793 πατρικῆς
794 1720 992 1783 οἰκίας,
1013 1716 1342 1791 παραινοῖδέ
1367 1716 1516 1787 αὐτῷ
1543 1718 1716 1769 ποιεῖν

106 1810 192 1862 δι’
230 1802 310 1862 ὧν
334 1809 429 1863 καί
458 1807 600 1862 ἐκὼν
628 1807 722 1861 καὶ
755 1807 901 1862 άκων
944 1807 1261 1860 ἐκπεσεῖται
1292 1803 1402 1857 τῶν
1431 1803 1715 1874 πατρικῶν

111 1897 413 1955 ἁπάντων.
467 1897 543 1950 Οὐ
590 1896 700 1967 γάρ
745 1896 913 1961 ἐστιν,
960 1893 1062 1948 οὐκ
1107 1893 1224 1947 ἐστι
1264 1892 1358 1946 τὸν
1403 1892 1715 1964 εἱμαρμένῃ

113 1985 492 2056 προσέχοντα,
517 1984 814 2057 δυνηθῆναι
838 1982 949 2037 τῶν
974 1981 1220 2053 οὐρανῶν
1254 1983 1552 2051 ἐπιτυχεῖν,
1579 1980 1717 2049 μάλ-

110 2071 221 2125 λον
251 2071 311 2125 δέ
338 2072 440 2125 οὐκ
467 2071 583 2126 ἐστι
608 2072 902 2143 δυνηθῆναι
922 2070 1022 2142 τὴν
1051 2070 1276 2138 γέενναν
1304 2069 1397 2123 καὶ
1422 2067 1521 2139 τὴν
1551 2067 1712 2121 κόλα-

117 2176 215 2212 σιν
255 2161 535 2230 ἐκφυγεῖν·
560 2158 890 2222 ἀπεναντίας
909 2156 1019 2229 γὰρ
1038 2159 1152 2221 τοῖς
1171 2155 1264 2209 τοῦ
1289 2154 1424 2208 Θεοῦ
1447 2154 1713 2225 δόγμασιν

115 2234 384 2311 ἅπαντας
414 2246 698 2301 πείθεσθαι
742 2244 1043 2300 ἐπιτάττει.
1092 2244 1154 2301 'O
1180 2242 1312 2307 Θεὸς
1353 2242 1524 2311 λέγει,
1572 2242 1715 2296 Ἐὰν

115 2333 462 2401 θέλητεκαὶ
489 2331 892 2401 εἰσακούσητέ
914 2349 1056 2401 μου,
1095 2330 1170 2386 τὰ
1213 2329 1405 2401 ἀγαθὰ
1452 2329 1562 2399 τῆς
1598 2328 1712 2400 γῆς

113 2420 416 2490 φάγεσθε·
442 2419 551 2474 έάν
576 2419 645 2474 δέ
679 2419 766 2490 μὴ
811 2418 1053 2486 θέλητε,
1106 2416 1265 2489 μηδὲ
1309 2415 1713 2485 εἰσακούσητέ

109 2525 264 2578 μου,
283 2506 551 2577 μάχαιρα
579 2505 736 2577 ὑμᾶς
767 2505 1096 2561 κατέδεται.
1130 2505 1203 2561 Τὸ
1241 2505 1351 2578 γὰρ
1375 2506 1570 2576 στόμα
1595 2508 1714 2559 Ku-

107 2596 261 2663 ρίου
288 2595 560 2664 ἐλάλησε
594 2595 803 2650 ταῦτα.

197 2679 359 2747 Εἶδες
385 2682 506 2747 πῶς
532 2684 562 2735 ό
591 2683 725 2748 Θεὸς
763 2682 1060 2754 φθέγγεται
1086 2681 1180 2737 καὶ
1200 2682 1389 2747 ποίους
1416 2682 1599 2754 τίθησι
1623 2681 1710 2736 νό-

118 2785 302 2840 pauc“,
334 2771 601 2824 ’Δκουσον
629 2771 725 2825 καὶ
748 2770 849 2841 τῆς
869 2770 1232 2841 εἱμαρμένης,
1248 2769 1366 2832 πῶς
1390 2769 1707 2840 φθέγγεται,

116 2858 224 2912 καὶ
250 2856 372 2920 πῶς
405 2856 681 2921 ἐναντίους
711 2857 923 2926 εἰσάγει
977 2857 1235 2929 θεσμοὺς,
1269 2856 1365 2909 καὶ
1399 2856 1561 2928 μάθε,
1592 2855 1710 2921 πῶς

60 2968 75 2979 κ
116 2947 319 2998 ἐκεῖνα
347 2944 447 3016 μὲν
472 2944 577 2999 ὑπὸ
606 2943 753 2998 θείου
789 2944 1104 3014 Πνεύματος
1138 2943 1377 3015 εἴρηται,
1411 2942 1553 2997 τάδέ
1575 2943 1710 2997 ταύ-

115 3049 227 3103 της
244 3031 275 3072 δ
299 3032 404 3086 ὑπὸ
420 3032 657 3105 πονηροῦ
677 3032 931 3104 δαίμονος
951 3034 1043 3086 καὶ
1067 3030 1229 3103 θηρός
1244 3050 1389 3095 τινος
1409 3033 1707 3105 ἀνημέρου.

118 3116 304 3175 Εἶπεν
330 3122 360 3174 ὀ
382 3121 536 3187 Θεὸς,
550 3122 705 3175 ’Ἒάν
739 3121 951 3194 θέλητε,
987 3121 1080 3175 καὶ
1124 3121 1217 3173 ἐὰν
1253 3121 1328 3193 μὴ
1371 3119 1581 3192 θέλητε,
1610 3137 1710 3173 κυ-

121 3210 283 3282 ρίους
330 3211 478 3281 ἡμᾶς
524 3211 695 3267 ποιῶν
727 3210 932 3283 ἀρετῆς
981 3211 1077 3264 καὶ
1105 3209 1325 3273 κακίας,
1379 3210 1475 3264 καὶ
1503 3209 1597 3261 ἐπὶ
1639 3212 1711 3281 τῇ

117 3297 327 3370 γνώμῃ
356 3301 424 3369 τῇ
458 3298 699 3370 ἡμετέρᾳ
728 3298 917 3362 τιθείς.
952 3299 1187 3363 Ἐκεῖνος
1213 3297 1270 3349 δέ
1288 3297 1342 3349 τί
1366 3312 1564 3369 φησιν;
1589 3297 1711 3350 Ὅτι

116 3387 187 3440 τὸ
214 3386 554 3457 εἱμαρμένον
602 3385 663 3439 οὐ
692 3385 918 3439 δυνατὸν
958 3386 1246 3453 ἐκφυγεῖν,
1299 3384 1399 3440 κᾶν
1440 3384 1709 3455 θέλωμεν,

118 3473 236 3528 κᾶν
266 3474 345 3545 μὴ
379 3473 626 3545 θέλωμεν
663 3483 711 3527 ο.
747 3473 804 3526 Ὀ
844 3473 978 3539 Θεὸς
1010 3472 1184 3541 λέγει’
1224 3471 1365 3526 Ἐὰν
1379 3471 1612 3540 θέλητε,
1641 3472 1714 3527 τὰ

118 3562 323 3631 ἀγαθὰ
349 3560 461 3631 τῆς
491 3560 605 3631 γῆς
626 3561 909 3632 φάγεσθε·
935 3562 1072 3633 αὑτὴ
1105 3560 1275 3630 λέγει.
1306 3560 1407 3614 κᾶν
1442 3560 1709 3632 θέλωμεν,

123 3647 206 3719 μὴ
294 3647 352 3702 δὲ
386 3648 520 3719 ἡμῖν
563 3647 867 3719 δεδομένον,
910 3647 1061 3701 οὐδὲν
1091 3647 1284 3717 ὄφελος
1325 3647 1483 3701 τοῦτο
1511 3648 1710 3703 θέλειν.

132 3739 197 3790 ’0
217 3736 353 3798 Θεὸς
374 3736 544 3806 λέγει,
595 3737 736 3790 Ἐὰν
762 3735 849 3806 μὴ
874 3735 1087 3804 θέλητε
1115 3734 1442 3805 προσέχειν
1468 3736 1592 3803 τοῖς
1610 3738 1714 3791 λόο

121 3842 259 3895 τοις
284 3843 425 3895 μου,
448 3826 711 3896 μάχαιρα
742 3824 897 3896 ὑμᾶς
928 3825 1253 3879 κατέδεται·
1277 3825 1416 3897 αὐτὴ
1443 3825 1615 3895 λέγει,
1647 3827 1713 3882 ἀν

126 3914 209 3986 μὴ
233 3914 499 3985 θέλωμεν,
583 3915 640 3967 δὲ
668 3916 800 3985 ἡμῖν
826 3914 1130 3985 δεδομένον,
1164 3913 1380 3977 πάντως
1402 3914 1709 3986 σωζόμεθα.

123 4004 208 4055 υύ
234 4002 410 4055 ταῦτα
447 4004 481 4071 ἡ
527 4002 837 4074 εἱμαρμένη
877 4002 1039 4072 φησί;
1075 4002 1140 4053 Τί
1167 4002 1377 4070 γένοιτο
1403 4000 1471 4055 ἂν
1500 3999 1594 4056 οὖν
1613 4003 1714 4074 τῆς

127 4090 315 4162 μάχης
341 4091 544 4161 ταύτης
568 4090 930 4160 σαφέστερον;
952 4089 1114 4142 τίτοῦ
1146 4088 1383 4159 πολέμου
1406 4087 1715 4160 φανερώτεο

124 4198 226 4254 ρον
250 4180 463 4246 τούτου,
495 4181 553 4233 ὸν
575 4180 946 4250 ἀναισχύντως
978 4179 1120 4233 οὕτω
1142 4177 1279 4251 πρὸς
1316 4178 1384 4231 τά
1417 4177 1537 4232 θεῖα
1557 4179 1714 4247 λόγια

125 4270 337 4324 εἴλοντο
359 4271 408 4321 οἱ
444 4269 544 4340 τῆς
589 4269 853 4340 πονηρίας
893 4267 1202 4322 διδάσκαλοι
1239 4267 1523 4337 δαίμονες;
1570 4268 1711 4321 Ἀλλ’

124 4360 269 4430 ὅπερ
302 4357 461 4429 ἐφην,
494 4357 556 4409 τὸ
584 4358 685 4427 μὲν
721 4357 980 4427 δαίμονας
1024 4356 1119 4410 καὶ
1153 4350 1476 4427 ἀνθρώπους
1520 4355 1713 4421 ἄλλους

124 4447 412 4519 δαίμονας,
434 4447 562 4511 τοὺς
589 4445 856 4517 Ἕλληνας
878 4445 1042 4513 λέγω,
1058 4444 1231 4498 ταῦτα
1258 4444 1561 4509 πείθεσθαι,
1584 4444 1714 4498 θαυ-

128 4534 343 4607 μαστὸν
376 4532 545 4586 οὐδέν’
594 4533 657 4586 τὸ
696 4533 754 4586 δὲ
794 4534 939 4603 ὑμᾶς
971 4531 1115 4586 οὕτω
1145 4532 1295 4596 θείας
1324 4533 1417 4587 καί
1439 4533 1711 4604 σωτηρίου

123 4622 483 4686 διδασκαλίας
543 4620 955 4686 ἀπολαύοντας,
1010 4621 1303 4692 ἀτιμάζειν
1357 4623 1455 4693 μὲν
1504 4622 1710 4688 ταῦτα,

126 4707 492 4779 προστρέχειν
520 4708 577 4761 δὲ
597 4706 826 4771 ἐκείνοις
855 4709 967 4768 τοῖς
994 4705 1375 4774 ἀλογωτάτοις,
1411 4707 1506 4760 καὶ
1532 4707 1712 4778 ψυχῆς

126 4794 409 4850 ἀπώλειαν
437 4793 642 4864 έχουσι,
665 4792 824 4846 τοῦτό
851 4794 966 4845 ἐστι
990 4792 1050 4845 τὸ
1071 4791 1289 4847 πάντων
1310 4792 1708 4865 χαλεπώτερον.

132 4885 199 4940 Τί
231 4881 343 4954 γάρ
369 4900 470 4952 μοι
489 4881 589 4935 καὶ
614 4881 758 4947 τοὺς
782 4880 898 4944 ἔξω
925 4880 1188 4949 κρίνειν;
1227 4880 1384 4950 Ἐμοὶ
1407 4880 1545 4944 τέως
1572 4881 1712 4953 πρὸς

125 4973 277 5043 ὑμᾶς
305 4974 453 5025 ἐστιν
474 4973 503 5025 6
536 4970 712 5039 λόγος,
746 4969 815 5023 τὰ
847 4970 982 5041 μέλη
1030 4968 1124 5023 τοῦ
1155 4966 1415 5040 Χριστοῦ,
1453 4968 1520 5023 τὰ
1543 4970 1712 5022 τέκνα

124 5060 230 5131 τῆς
255 5059 602 5131 Ἐκκλησίας,
623 5060 746 5122 τοὺς
769 5059 827 5113 ἐν
856 5057 934 5129 τῷ
957 5056 1208 5129 πατρικῷ
1236 5057 1369 5126 οίκῳ
1386 5056 1710 5128 παιδευομέ-

124 5165 277 5213 νους,
317 5148 447 5211 τοὺς
475 5148 742 5218 οὐρανίων
776 5145 1148 5209 ἀπολαύοντας
1180 5145 1542 5217 διδαγμάτων,
1583 5146 1711 5211 τοὺς

123 5236 367 5308 τοσαύτῃ
396 5236 728 5307 τιμηθέντας
748 5237 901 5305 τιμῇ.
930 5233 1029 5285 Διά
1046 5231 1201 5285 τοῦτο
1233 5231 1421 5294 στένω,
1444 5230 1533 5285 διά
1551 5229 1711 5284 τοῦτο

123 5324 351 5397 δακρύω
383 5325 476 5377 καὶ
506 5322 712 5395 θρηνῶν
736 5323 950 5393 θρήνων
971 5318 1079 5390 γάρ
1100 5318 1268 5381 ὅντως
1299 5317 1446 5385 ἀξια,
1471 5318 1600 5372 ὅταν
1627 5336 1711 5383 τις

129 5412 267 5487 μηδέ
307 5410 642 5481 συγγνώμης
684 5410 810 5474 ἄξια
853 5408 1025 5480 πίπτῃ
1069 5405 1359 5477 πτώματα.
1412 5406 1549 5461 Ποία
1576 5406 1707 5476 γὰρ,

124 5503 248 5559 εἰπέ
280 5519 395 5572 μοι,
421 5499 740 5570 συγγνώμη.
772 5499 899 5552 ὃταν
926 5496 1294 5565 ἀποφαίνηται
1318 5495 1450 5559 Θεὸς
1478 5495 1572 5550 καὶ
1600 5496 1710 5550 δαί-

189 5658 214 5687 ⁸
238 5656 325 5705 Sic
343 5652 480 5705 Colb.
508 5652 560 5701 In
580 5652 754 5702 Morel.
781 5664 899 5701 vero
917 5651 997 5699 καὶ
1018 5649 1104 5697 οὐκ
1125 5646 1397 5697 ἐπιστεύετο
1421 5647 1581 5697 ἀρρδὶ.

187 5718 216 5760 Ι»
242 5716 310 5767 lla
331 5715 470 5765 (ἴση).
500 5715 551 5763 In
572 5712 718 5763 editis
744 5715 844 5761 hinc
866 5715 1029 5761 vitiata
1053 5718 1209 5758 erant.

187 5778 210 5817 θλ
241 5782 322 5831 Sic
342 5785 483 5828 recte
512 5777 728 5829 Colbcrl.
765 5776 890 5825 Edit.
919 5787 1036 5824 vero
1060 5774 1145 5820 κᾶν
1168 5773 1532 5836 σπουδάσιιηινεν.

1822 668 1930 722 τῶν
1975 667 2202 731 ἐκείνοις
2241 668 2575 740 πειθομένων
2628 668 2895 741 δείξομεν.
2955 669 3014 722 '0
3056 668 3189 732 Θεὸς
3226 667 3407 737 λέγει,

1822 753 2136 823 Παρέθηκά
2164 769 2263 808 σοι
2306 754 2428 825 πῦρ
2466 755 2568 809 καί
2601 755 2778 824 ὕδωρ,
2830 755 2947 824 τὴν
2984 754 3139 822 ζωὴν
3170 753 3265 808 καί
3300 754 3410 808 τὸν

1822 842 2103 906 θάνατον,
2134 838 2206 899 οὖ
2229 841 2339 897 ἐὰν
2366 842 2549 912 θέλῃς
2574 843 2846 897 ἔκτεινόν
2871 857 2988 897 σου
3011 841 3128 910 τὴν
3154 843 3343 912 zs7pa'
3376 842 3407 894 6

1820 928 2032 1000 δαίμων
2053 928 2229 997 λέγει,
2253 930 2335 983 ὅτι
2367 929 2468 984 οὐκ
2515 930 2664 985 ἐστιν
2699 931 2758 983 ἐν
2793 932 2877 983 σοὶ
2919 928 2983 982 τὸ
3014 928 3278 983 ἐκτείνειν
3306 927 3409 999 τὴν

1820 1018 1999 1088 χεῖρα,
2028 1017 2145 1071 ἀλλ’
2174 1017 2388 1089 ἀνάγκη
2419 1017 2525 1071 τινὶ
2558 1018 2656 1072 καὶ
2688 1017 2801 1090 βίᾳ.
2840 1017 2952 1071 Καὶ
2985 1015 3407 1087 ἀξιοπιστότερα

1819 1101 1959 1158 εἷναί
1990 1122 2071 1159 σοι
2097 1105 2265 1170 δοκεῖ,
2294 1106 2391 1159 καὶ
2414 1105 2475 1159 οὑ
2495 1107 2555 1160 τὸ
2599 1106 2764 1178 μέσον
2788 1105 2896 1160 τῶν
2924 1104 3407 1175 συμϐουλευόντων

1819 1195 1980 1257 νοεῖς.
2003 1194 2087 1246 ὃτι
2106 1195 2134 1247 6
2159 1193 2257 1264 μὲν
2283 1192 2436 1258 Θεὸς,
2460 1195 2489 1247 6
2515 1193 2574 1247 δέ
2614 1193 2845 1264 δαίμων⁸
2877 1193 2937 1246 οὐ
2966 1192 3068 1262 τῆς
3094 1190 3408 1262 συμϐουλῆς

1818 1279 1881 1333 τὸ
1906 1280 2163 1353 διάφορον
2196 1278 2495 1347 ἐξετάζεις,
2518 1281 2598 1334 ὃτι
2627 1281 2688 1335 τὸ
2721 1281 2819 1352 μὲν
2851 1282 3117 1352 σωτήριον
3142 1279 3238 1333 καὶ
3269 1277 3405 1351 πρὸς

1810 1368 2020 1438 ἀρετὴν
2049 1367 2223 1432 καλεῖ,
2252 1369 2314 1422 τὸ
2356 1368 2414 1423 δέ
2442 1368 2611 1433 ιντως
2651 1370 2749 1424 καὶ
2774 1369 3087 1440 δαιμονικὸν
3120 1367 3213 1422 καὶ
3250 1366 3400 1439 [759]

1819 1455 1956 1526 πρὸς
1984 1455 2183 1511 κακίαν
2222 1456 2319 1510 καὶ
2351 1455 2637 1528 πονηρίανο
2665 1457 2725 1509 ού
2751 1455 2822 1510 τά
2848 1456 3001 1527 παρὰ
3027 1454 3120 1508 τοῦ
3152 1453 3287 1509 Θεοῦ
3321 1471 3402 1507 σοι

1818 1545 2179 1615 γεγενημένα,
2218 1545 2313 1598 καὶ
2339 1545 2407 1600 τὰ
2437 1544 2587 1618 παρά
2628 1543 2722 1599 τοῦ
2756 1544 3011 1616 δαίμονος
3044 1546 3286 1608 σκοπεῖς,
3319 1544 3404 1598 δτι

1817 1633 1847 1685 6
1876 1633 1976 1703 μὲν
1992 1632 2136 1687 οὕτω
2163 1650 2225 1686 σε
2250 1632 2530 1704 ἐφίλησεν,
2562 1633 2640 1697 ὼς
2676 1632 2888 1687 καὶτὸν
2915 1631 3197 1703 Μονογενῆ
3217 1631 3403 1686 δοῦναι

1818 1719 1960 1790 ὑπὲρ
1995 1719 2111 1784 σοῦ,
2141 1712 2202 1775 οῦ
2224 1719 2552 1791 τιμιώτερον
2575 1719 2730 1774 οὐδὲν
2761 1715 2830 1790 ἦν
2862 1718 2940 1790 τῷ
2969 1720 3167 1791 Πατρὶ,
3197 1720 3293 1773 καὶ
3319 1718 3401 1773 ἔτι

1817 1807 1983 1877 φιλεῖ,
2016 1808 2092 1873 ὠς
2120 1808 2217 1862 καὶ
2234 1810 2573 1880 παρακαλεῖν
2596 1825 2657 1862 σε
2685 1807 2777 1862 διὰ
2795 1807 2904 1862 τῶν
2926 1807 3241 1862 ἀποστόλων
3261 1808 3403 1878 ὑπὲρ

1814 1896 1914 1966 τῆς
1946 1897 2046 1967 σῆς
2076 1896 2372 1967 σωτηρίας,
2400 1896 2495 1950 καὶ
2526 1895 2705 1950 πάντα
2741 1897 2903 1949 ποιεῖ·
2940 1895 2969 1947 6
2995 1895 3050 1948 δέ
3075 1893 3245 1958 οὕτως
3275 1894 3401 1964 ἐμί-

1816 2001 1952 2053 σησε
1980 1985 2073 2039 καὶ
2102 1987 2271 2055 μισεῖ,
2306 1985 2383 2049 ὼς
2424 1983 2512 2038 διά
2555 1985 2774 2039 πάντων
2802 2001 2884 2037 σοι
2917 1983 3175 2053 πολεμεῖν
3202 1983 3295 2036 καὶ
3325 1981 3403 2053 μὴ

1818 2073 1978 2142 μόνον
2009 2072 2163 2125 οὐδὲν
2206 2071 2407 2126 διδόναι
2458 2073 2727 2145 χρηστὸν,
2774 2071 2911 2126 ἀλλά
2955 2071 3047 2125 καὶ
3084 2063 3159 2124 ὧν
3208 2069 3401 2133 ἔλαϐες

1816 2159 1967 2232 παρὰ
1994 2159 2090 2214 τοῦ
2129 2159 2283 2226 Θεοῦ,
2320 2160 2414 2214 καί¹
2459 2160 2663 2215 τούτων
2703 2160 2999 2233 πειρᾶσθαι
3039 2157 3340 2213 ἐκϐάλλειν
3370 2159 3401 2213 ό

1817 2249 1917 2319 μὲν
1935 2248 2187 2317 ἀγγέλοις
2213 2265 2270 2300 σε
2294 2248 2408 2301 ίσον
2430 2249 2653 2320 ποιῆσαι
2678 2247 3028 2312 ἐσπούδασεν,
3050 2249 3077 2301 6
3095 2245 3152 2299 δέ
3180 2246 3288 2300 τῶν
3310 2264 3401 2317 χα-

1817 2335 1915 2407 μαὶ
1950 2335 2273 2407 βαδιζόντων
2303 2336 2628 2408 ἀτιμότερόν
2657 2353 2715 2390 σε
2738 2336 3094 2407 κατέστησεν,
3113 2332 3311 2398 αὐτούς
3340 2351 3399 2387 τε

1816 2425 1875 2478 σέ
1897 2426 2229 2497 προσκυνεῖν
2272 2424 2609 2480 ἀντέπεισεν·
2646 2426 2675 2479 6
2702 2426 2800 2497 μὲν
2821 2425 2900 2487 εἱς
2927 2423 3205 2496 βασιλείαν
3233 2423 3401 2493 ούρα-

1812 2511 1920 2567 νῶν
1945 2512 2093 2567 ἐλκει
2131 2514 2226 2568 καί
2252 2512 2353 2577 τὰς
2386 2512 2553 2577 ἄλλας
2583 2512 2767 2584 τιμάς,
2799 2514 2828 2566 6
2846 2512 2903 2565 δέ
2929 2512 3019 2566 καὶ
3047 2512 3145 2583 τῆς
3168 2509 3401 2565 ἐνταῦθά

1814 2618 1897 2655 σοι
1925 2602 2172 2673 δοθείσης
2202 2601 2497 2672 ἐφθόνησε,
2528 2601 2624 2655 καὶ
2651 2601 2712 2654 οὐ
2736 2600 3002 2672 πρότερον
3031 2597 3398 2670 ἀπέστη,ἓως

1813 2691 2089 2758 ἐξέϐαλεν.
2125 2690 2191 2744 Εἰ
2219 2691 2329 2763 γὰρ
2359 2691 2454 2745 καὶ
2478 2690 2549 2745 τά
2576 2690 2824 2762 δόγματα
2856 2690 2916 2742 οὐ
2951 2687 3181 2742 δύνασθε
3225 2687 3395 2741 αὐτοῦ

1815 2782 2067 2852 συνορᾷν,
2087 2779 2262 2833 καίτοι
2288 2780 2440 2851 ἡλίου
2467 2779 2777 2849 σαφέστερα
2802 2779 2916 2841 τοῖς
2946 2776 3019 2848 μὴ
3044 2775 3399 2848 νωθεστέροις

1811 2868 1981 2921 ἐστίν’
2009 2866 2154 2922 οὔτω
2184 2868 2280 2922 καὶ
2310 2867 2480 2922 ταῦτα
2503 2867 2571 2922 τά
2592 2867 2685 2921 τοῦ
2709 2866 2846 2921 Θεοῦ
2872 2864 3138 2937 πρόδηλον
3166 2864 3277 2936 ἔχει
3298 2864 3397 2934 τὴν

1811 2956 2013 3029 ἀρετὴν
2037 2960 2132 3011 καὶ
2172 2956 2269 3028 τὴν
2304 2957 2599 3029 σωτηρίαν,
2636 2957 2868 3010 κάκεῖνα
2896 2955 2995 3026 τὴν
3028 2954 3251 3009 κακίαν·
3280 2952 3397 3010 ἀλλ’

1810 3045 1961 3114 ὅμως
1995 3045 2044 3098 εἱ
2100 3045 2237 3115 πρὸς
2288 3045 2428 3099 αὒτά
2461 3045 2536 3115 μὴ
2591 3043 2818 3097 δύνασθε
2853 3042 3103 3104 συνιδεῖν,
3149 3038 3250 3094 κᾶν
3288 3040 3397 3093 ἀπὸ

1809 3130 1919 3185 τῶν
1942 3130 2419 3202 συμϐουλευόντων
2458 3130 2657 3202 μάθετε
2682 3130 2743 3184 τὸ
2772 3130 3039 3200 σωτήριον
3066 3128 3159 3181 καὶ
3180 3127 3241 3181 τὸ
3267 3126 3395 3197 βλα-

1811 3218 1990 3290 ϐερόν.
2021 3217 2145 3282 Πῶς
2165 3218 2276 3290 γάρ
2304 3219 2406 3272 οὐκ
2434 3219 2632 3274 ἄτοπον
2658 3217 2750 3270 ἐπὶ
2786 3217 2884 3288 μὲν
2908 3215 3017 3270 τῶν
3045 3214 3219 3270 ἄλλων
3250 3231 3395 3285 πρα-

1813 3307 2041 3377 γμάτων
2074 3306 2243 3379 ταύτῃ
2289 3306 2595 3379 κεχρῆσθαι
2642 3308 2710 3377 τῇ
2754 3305 2969 3376 γνώμῃ,
3015 3302 3130 3359 κᾶν
3181 3303 3278 3374 μὲν
3311 3304 3395 3356 ἱα-
3460 3328 3469 3332 -

1812 3395 1942 3466 τρὸς
1967 3394 2114 3469 δώσῃ
2147 3395 2256 3449 τινὶ
2296 3394 2483 3459 σιτίον,
2530 3383 2605 3465 μὴ
2647 3390 3134 3465 περιεργάζεσθαι,
3170 3388 3285 3443 ἀλλ’
3321 3389 3397 3453 ὡς

1816 3483 2028 3551 ὑγιείας
2085 3481 2369 3553 ποιητικὸν
2423 3481 2705 3551 δέχεσθαι,
2754 3480 2820 3535 ἂν
2872 3480 2931 3534 δέ
2982 3476 3272 3552 φαρμακὸς
3300 3476 3397 3531 καὶ

1814 3571 1970 3641 γόης,
2006 3569 2079 3641 μὴ
2132 3569 2629 3642 πολυπραγμονεῖν,
2681 3568 2800 3622 ἀλλ’
2830 3567 2905 3631 ὡς
2941 3565 3268 3638 δηλητήριον
3303 3565 3401 3618 καὶ

1818 3657 2078 3729 βλαϐερὸν
2108 3656 2569 3728 ἀποστρέφεσθαιι
2604 3656 2697 3708 ἐπὶ
2726 3656 2783 3708 δέ
2803 3653 2899 3709 τοῦ
2933 3652 3070 3708 Θεοῦ
3108 3652 3242 3723 μηδὲ
3271 3652 3397 3706 τούς

1813 3762 1893 3814 τῳ
1920 3744 2222 3816 κεχρῆσθαι
2268 3743 2346 3813 τῷ
2376 3743 2559 3814 μέσως
2605 3742 2783 3796 καίτοι
2836 3740 3077 3812 τοσούτῳ
3130 3739 3292 3793 πλέον
3337 3739 3398 3792 τὸ

1819 3832 1982 3903 μέσον
2019 3831 2157 3885 Θεοῦ
2193 3832 2286 3884 καὶ
2318 3830 2591 3902 δαίμονος,
2628 3830 2661 3900 ἢ
2713 3829 2899 3903 ἰατροῦ
2941 3829 3035 3882 καλ⁸
3062 3825 3395 3898 φαρμακοῦ,

1814 3922 1939 3975 ὅσον
1970 3918 2089 3974 οὐδέ
2136 3918 2346 3984 ἔξεστιν
2378 3920 2574 3981 εἰπεῖν.
2624 3917 2744 3971 οὐδὲ
2787 3916 2864 3987 νῷ
2915 3914 3269 3987 παραστῆσαι
3302 3911 3399 3966 καὶ

1814 4009 1979 4081 λόγῳ.
2009 4008 2134 4074 Πῶς
2156 4004 2247 4063 οῦν
2287 4008 2387 4062 οὐκ
2425 4007 2659 4078 ἐσχάτης
2691 4006 2941 4072 ἀτοπίας,
2984 4005 3113 4059 ἔνθα
3147 4004 3245 4076 μὲν
3272 4001 3397 4056 ἐλά-

1816 4116 2001 4170 χιστον
2047 4097 2110 4152 τὸ
2152 4098 2408 4169 διάφορον
2448 4097 2558 4150 τῶν
2604 4096 2953 4167 παρεχόντων
2981 4092 3051 4146 τά
3106 4091 3273 4155 σιτία,
3322 4092 3397 4162 μὴ

1816 4186 2312 4257 πολυπραγμονεῖν,
2358 4183 2495 4237 ἀλλά
2539 4185 2604 4254 τῇ
2654 4182 2898 4252 ποιότητι
2933 4179 3043 4233 τῶν
3090 4177 3398 4250 προσώπων

1814 4276 1935 4330 ἀντὶ
1969 4273 2148 4343 πάσης
2175 4270 2476 4344 κεχρῆσθαι
2503 4268 2870 4332 διδασκαλίας·
2902 4267 3030 4321 ἔνθα
3053 4266 3110 4321 δέ
3143 4264 3396 4319 τοσοῦτον

1814 4364 1876 4416 τὸ
1904 4363 2068 4433 μέσον
2112 4363 2221 4429 τῶν
2248 4361 2744 4433 συμϐουλευόντων,
2801 4358 2963 4441 λόγου
3023 4356 3214 4428 χρείαν
3252 4353 3398 4441 ἔχειν

1816 4452 1953 4523 πρὸς
1973 4451 2035 4505 τὸ
2067 4451 2377 4521 μαθεῖν,ὃτι
2409 4449 2472 4503 τὸ
2496 4448 2594 4520 μὲν
2622 4440 2909 4518 σωτήριον,
2926 4444 2989 4498 τὸ
3016 4444 3070 4498 δὲ
3095 4440 3395 4514 βλαϐερόν;

1816 4543 1929 4613 Μὴ,
1964 4540 2289 4613 παρακαλῶ,
2334 4539 2409 4611 μὴ
2435 4538 2544 4593 τῶν
2594 4537 2801 4606 ἀλόγων
2852 4528 3001 4606 ὦμεν
3041 4532 3394 4603 ἀλογώτεροι,

1816 4629 1930 4683 ἀλλ’
1962 4627 2352 4699 ἀποπηδῶμεν,
2383 4628 2478 4681 καὶ
2518 4624 2593 4696 μὴ
2647 4622 3012 4694 ἐπικλίνωμεν
3041 4622 3139 4685 τάς
3188 4619 3357 4685 ἀκοάς
3377 4634 3392 4648 °

1816 4718 2172 4786 Φθείρουσιν
2204 4715 2320 4785 ἢθη
2353 4712 2587 4784 χρηστὰ
2619 4712 2843 4781 ὁμιλίαι
2872 4709 3052 4764 κακαί
3069 4724 3085 4742 ο
3129 4710 3222 4763 καὶ
3260 4725 3394 4778 συγ·-

1814 4804 2039 4876 γνώμης
2066 4805 2167 4858 οὐκ
2184 4803 2301 4857 ἐστι
2328 4804 2510 4872 τυχεῖν
2530 4801 2656 4863 τοὺς
2676 4797 3074 4869 ἀπατηθέντας.
3102 4799 3258 4863 Τίνος
3286 4799 3395 4868 γὰρ

1814 4894 2022 4959 ἕνεκεν,
2053 4893 2119 4945 ἀν
2148 4892 2246 4963 μὲν
2278 4889 2526 4959 λοιμικὸν
2561 4888 2761 4960 χωρίον
2804 4888 2921 4959 ἴδῃς
2972 4888 3068 4941 καὶ
3112 4886 3391 4949 ἐπίνοσονι,

1815 4980 2036 5050 φεύγεις
2061 4978 2159 5049 τὴν
2179 4978 2298 5030 ἐκεῖ
2315 4975 2619 5048 διατριϐὴν,
2641 4974 2745 5029 κᾶν
2778 4975 2948 5047 μυρία
2991 4992 3051 5028 σε
3092 4974 3226 5045 ἐλκῃ
3257 4972 3393 5045 πρὸς

1812 5068 1913 5138 τὴν
1930 5067 2142 5137 οίκησιν
2165 5063 2399 5133 ἐκείνην,
2417 5063 2634 5117 πάντων
2657 5063 2757 5134 τὴν
2784 5061 2877 5115 τοῦ
2905 5061 3155 5132 σώματος
3182 5061 3393 5128 ὑγίειαν

1814 5151 2107 5224 προτιθείς·
2144 5151 2274 5204 ὅταν
2316 5150 2374 5203 δὲ
2417 5149 2577 5219 λόγου
2602 5149 2695 5203 τοῦ
2734 5147 3031 5219 λοιμώδους
3064 5147 3207 5209 τινές
3257 5139 3394 5198 ὦσιν

1814 5239 2398 5311 ἐμπεπλησμένοι,καὶ
2435 5239 2763 5308 νοσήματος,
2798 5234 2917 5303 οὐχὶ
2957 5233 3117 5303 σῶμα
3148 5232 3395 5301 διαφθεί-

1814 5344 1998 5415 ροντος
2030 5326 2209 5415 μόνον,
2236 5325 2372 5415 ἀλλά
2394 5326 2490 5415 καὶ
2508 5324 2688 5415 ψυχὴν
2727 5320 3099 5415 ἀπολλύντοςζ
3110 5321 3206 5415 καῖ
3221 5319 3392 5415 χείρω

1811 5409 1904 5470 καὶ
1928 5413 2266 5485 φαυλοτέραν
2294 5411 2688 5482 ἐργαζομένου,
2718 5409 2819 5462 οὐκ
2845 5409 3133 5479 ἀποπηδᾷς
3150 5426 3165 5472 ;
3182 5409 3392 5461 Ἄκου-

1808 5518 1945 5568 σον,
1966 5500 2097 5572 φησί
2124 5518 2209 5562 τις
2235 5499 2395 5568 σοφὸς
2421 5499 2581 5568 ἀνὴρ,
2601 5495 2681 5565 μὴ
2708 5495 2970 5563 στήσῃς,
2996 5496 3135 5550 ἀλλ’
3154 5492 3391 5562 damni.

1808 5589 2024 5656 ὃησον,
2041 5587 2127 5657 μὴ
2148 5589 2536 5657 ἐγγρονίσῃς,
2559 5586 2655 5639 καὶ
2678 5586 2779 5655 τὴν
2813 5585 3158 5655 βραχυτάτην
3179 5585 3238 5637 ἐν
3262 5583 3389 5644 τού-

1807 5694 1921 5740 τοις
1951 5674 2204 5738 δεδοικὼς
2248 5674 2551 5744 διατριϐήν.
2583 5672 2767 5727 Ταῦτα
2799 5672 2855 5724 δὲ
2893 5672 3123 5743 λέγομεν
3143 5715 3157 5739 ,
3194 5672 3257 5725 οὐ
3289 5672 3389 5741 τὴν

1815 5764 1966 5835 ἰσχὺν
1994 5765 2101 5819 τῶν
2141 5763 2268 5839 παρ’
2316 5761 2544 5826 ἐκείνοις
2596 5759 2880 5833 δογμάτων
2907 5759 3222 5827 δεδοικότες,
3252 5758 3390 5816 ἀλλὰ
