3870 6272
509 307 612 362 757

505 418 603 489 τὴν
643 413 914 487 ὑμετέραν
954 413 1237 467 ἀσθένειαν
1276 414 1626 485 φοϐούμενοι.
1670 415 1834 485 Ἡμῖν
1881 416 1989 487 γὰρ
2019 419 2086 488 τῇ

507 500 603 554 τοῦ
637 497 771 552 Θεοῦ
803 499 986 568 χάριτι
1024 496 1297 567 ἀραχνίων
1333 496 1699 569 ἀσθενέστερα
1746 498 1815 551 τά
1865 499 2090 553 ἐκείνων

511 583 785 653 φαίνεται,
810 583 922 643 τοῖς
938 578 1425 651 τεθεμελιωμένοις
1449 583 1516 652 τῇ
1544 581 1745 643 πίστει,
1773 581 1877 635 κᾶν
1901 583 2093 653 μυριά-

512 685 599 730 κις
630 665 789 736 ήμῶν
820 662 1062 735 ἐπᾴδωσι
1094 664 1194 728 τάς
1244 665 1448 728 ἀκοάς,
1497 664 1739 734 τοσούτῳ
1789 665 1959 718 πλείω
1999 666 2091 720 τὸν

511 750 721 821 γέλωτα
749 749 1140 818 όφλισκάνουσι
1177 749 1310 818 παρ’
1338 747 1516 820 ήμῶν,
1549 748 1801 820 καθάπερ
1827 749 2092 821 οἱμεμη-

510 834 660 896 νότες
688 833 783 886 καὶ
838 832 949 887 τῶν
987 831 1205 886 οἰκείων
1250 832 1462 903 φρενῶν
1494 831 1867 903 ἐξεστηκότες·
1906 834 2005 904 τὴν
2035 833 2091 887 δὲ

515 914 783 987 ὑμετέραν
804 916 1088 986 ἀσθένειαν
1104 915 1439 987 δεδοίκαμεν.
1461 917 1536 968 Οό
1552 917 1696 969 κατά
1718 916 1935 970 πάντων
1950 917 2093 985 λέγω

512 1000 581 1052 τὰ
610 1000 894 1072 εἰρημένα,
952 999 1089 1053 ἀλλά
1126 999 1264 1053 κατά
1295 999 1407 1052 τῶν
1440 988 1760 1052 ὑπευθύνων
1794 1002 1909 1063 τοῖς
1940 998 2092 1072 [760]

512 1082 827 1154 λεγομένοις
861 1083 1050 1138 ὄντων.
1107 1082 1259 1136 Ἐπεὶ
1295 1084 1390 1136 καὶ
1426 1081 1695 1146 Παῦλος,ό
1724 1083 1938 1137 πάντων
1962 1101 2095 1154 κρα-

512 1164 645 1229 τῶν,
676 1166 797 1236 οὐχ).
843 1164 1195 1220 διδασκαλίαν
1249 1165 1432 1235 μόνον,
1488 1164 1626 1219 ἀλλά
1673 1167 1769 1220 καὶ
1820 1165 1961 1220 κατὰ
1986 1166 2095 1220 τῶν

514 1247 809 1320 ἀλλοτρίων
838 1249 1148 1312 ἐπιδεικνὺς
1172 1247 1249 1318 τῷ
1290 1247 1505 1319 μαθητῇ
1530 1247 1780 1319 Τιμοθέῳ
1809 1248 1908 1313 τὰς
1940 1248 2097 1317 λογο-

519 1330 744 1400 μαχίας,
762 1330 860 1394 τάς
884 1330 1217 1399 κενοφωνίας
1244 1330 1627 1401 περιίστασθαι
1660 1335 1934 1402 παραινεῖ.
1963 1332 2098 1386 Ὀλί-

514 1428 611 1480 γος
645 1414 793 1467 ἐστὶν
817 1417 847 1467 ό
882 1415 978 1483 τῆς
1012 1412 1158 1483 ζωῆς
1184 1413 1339 1484 ήμῶν
1359 1414 1571 1484 χρόνος,
1603 1412 1774 1485 βραχὺ
1797 1415 1857 1467 τὸ
1875 1415 1975 1485 τῆς
1992 1431 2099 1467 σω-

516 1495 712 1567 τηρίας
739 1497 969 1565 ἐφόδιον.
1001 1499 1098 1551 Ἂν
1118 1494 1212 1551 οὖν
1242 1498 1404 1551 αὐτὸν
1426 1498 1517 1551 τὸν
1553 1496 1759 1568 βραχὺν
1786 1497 1978 1568 χρόνον
2006 1497 2100 1551 τὸν

517 1578 743 1633 δοθέντα
767 1582 902 1650 ἡμῖν
935 1580 1071 1651 1:96;
1102 1581 1163 1633 τὸ
1211 1580 1405 1650 μαθεῖν
1438 1598 1490 1634 τι
1521 1581 1629 1634 τῶν
1674 1580 1992 1651 χρησίμων,
2021 1582 2099 1643 εἰς

521 1662 783 1732 περιττὰς
834 1664 930 1718 καὶ
961 1665 1255 1737 ἀνονήτους
1289 1667 1385 1720 καὶ
1420 1665 1690 1737 βλαϐεράς
1731 1664 2101 1735 ἀναλώσωμεν

517 1746 832 1815 ἀκροάσεις,
873 1746 1002 1800 πότε
1030 1748 1216 1801 λοιπὸν
1243 1749 1622 1820 εὐπορήσομεν
1652 1749 1849 1818 ἑτέρου,
1872 1750 2011 1819 πρὸς
2038 1748 2101 1801 τὸ

522 1829 713 1896 μαθεῖν
738 1830 806 1882 τά
840 1832 1113 1899 ἀναγκαῖα
1136 1832 1228 1884 καὶ
1266 1832 1693 1899 κατεπείγοντας
1723 1831 1978 1885 Μάλιστα
2002 1831 2101 1901 μέν

518 1908 649 1981 γάρ,
684 1912 733 1963 εί
765 1912 859 1965 καὶ
899 1912 1108 1984 μακρὸς
1137 1911 1225 1984 ἦν,
1261 1914 1437 1967 πάντα
1471 1914 1635 1967 αὑτὸν
1659 1916 1739 1978 είς
1768 1914 1836 1966 τὰ
1856 1917 2103 1984 χρήσιμα

519 1992 832 2047 ἀναλίσκειν
854 1994 981 2048 ἔδει⁸
1010 1998 1139 2050 ὅταν
1193 1996 1250 2051 δὲ
1293 1998 1386 2050 καὶ
1420 1997 1601 2066 ὀλίγος
1728 1998 1822 2050 καὶ
1871 1997 2101 2069 βραχὺς,

521 2077 637 2141 πῶς
665 2078 763 2131 οὐκ
797 2078 1032 2149 ἐσχάτης
1071 2078 1256 2142 ἀνοίας
1282 2079 1379 2151 τὴν
1407 2080 1693 2151 ὀλιγότητα
1725 2079 1891 2133 αὑτοῦ
1923 2078 2103 2143 εἰςιτά

518 2157 903 2231 διαφθείροντα
938 2160 1184 2232 δόγματα
1215 2162 1313 2235 τὴν
1358 2162 1537 2234 ψυχὴν
1572 2164 1671 2234 τὴν
1702 2162 1980 2235 ἡμετέραν
2005 2162 2101 2215 δα-

521 2244 728 2313 πανᾷν;
770 2243 835 2297 Τί
871 2261 954 2297 σοι
983 2244 1141 2315 χρεία
1171 2246 1500 2318 φαρμάκους
1535 2247 1611 2318 μὴ
1639 2246 1765 2319 δέξῃ
1804 2244 2018 2318 πληγὴν
2046 2258 2096 2310 ι,

524 2325 599 2395 μὴ
627 2325 717 2378 τὸν
742 2327 932 2398 χρόνον
958 2327 1237 2401 ἀναλώσῃς
1259 2331 1339 2392 εἰς
1362 2329 1423 2382 τὸ
1449 2328 1793 2400 θεραπεύειν,
1823 2328 1860 2383 ἃ.
1885 2328 2099 2401 λαμϐά-

583 2443 613 2474 ⁸
638 2443 776 2497 COIb.
798 2446 1074 2509 φαρμάκου;
1099 2448 1162 2510 μὴ
1190 2447 1337 2510 λάϐῃς
1358 2444 1566 2510 τραῦμα,
1592 2449 1655 2510 μή
1678 2448 1783 2510 δέξῃ
1803 2448 2006 2510 πληγήν.

1193 301 1249 356 S.
1283 302 1569 357 JOANNIS
1605 302 1924 360 CHRYSOS
1941 303 2091 361 f0)“
2130 305 2449 363 ARCIHEP.
2491 298 3036 359 CONSTANTINOP.

3692 297 3796 353 τεε

2190 435 2303 481 νεις
2331 418 2459 487 παρ’
2483 413 2702 485 ἑτέρων,
2738 413 2832 466 καὶ
2869 411 3034 483 ἔχεις·
3068 411 3176 465 ἀπὸ
3203 410 3311 464 τῶν
3332 410 3502 466 θείων
3544 412 3809 483 Γραφῶτ

2190 505 2253 557 τὸ
2280 505 2431 572 ὑγιές
2466 501 2777 572 συγκρότει,
2813 499 2915 552 κᾶν
2951 498 3229 571 προσέλθῃ
3261 516 3346 562 τις
3387 498 3603 569 ἕτερόν
3642 515 3702 550 τι
3722 498 3806 551 λέ-

2191 612 2325 664 γων,
2353 590 2669 662 ἀπόφραξον
2707 589 2779 643 τά
2819 583 2957 655 ὦτα,
3009 588 3363 659 ἀποπήδησον
3418 586 3689 651 εὐθέως,
3736 588 3809 658 μὴ

2192 682 2534 753 ἐγχρονίσῃς.
2566 679 2676 732 Καὶ
2706 679 2776 742 εί,
2832 676 2976 732 κατά
3004 675 3271 747 βασιλέων
3325 675 3614 744 συλλόγου
3649 692 3809 743 790-

2196 771 2381 841 μένου,
2412 770 2513 821 οὐκ
2540 766 2605 821 ἂν
2633 765 2863 836 ἠνέσχου
2906 766 3197 836 μετασχεῖν
3230 762 3324 817 τοῦ
3363 763 3704 833 συνεδρίου,
3736 761 3809 824 ὡς

2191 860 2260 929 τῇ
2287 854 2537 926 κοινωνία
2560 854 2661 925 τῆς
2695 854 3033 926 ἀκροάσεως,
3066 854 3116 906 εί
3145 853 3239 905 καὶ
3271 852 3348 923 μὴ
3375 850 3804 921 συγκατάθεσις

2194 946 2422 1014 γένοιτο,
2458 942 2816 1009 κινδυνεύσων
2850 942 3086 1004 πάντως·
3141 941 3271 994 ὅταν
3324 940 3476 993 κατά
3526 938 3690 993 Θεοῦ
3726 939 3801 992 λέ-

2194 1033 2359 1105 γηταί
2407 1050 2479 1095 τι,
2540 1030 2634 1085 καὶ
2681 1029 2856 1100 δόγμα
2889 1029 2989 1099 τῆς
3025 1027 3189 1081 αὐτοῦ
3232 1027 3400 1098 γέμον
3439 1025 3800 1096 κατηγορίας

2195 1120 2558 1193 γυμνάζηται,
2590 1118 2692 1187 οὐκ
2740 1116 3042 1190 ἀποφεύξῃ.
3098 1116 3159 1169 06
3212 1116 3474 1187 μισήσεις
3513 1113 3635 1184 τὴν
3678 1114 3801 1183 βλάσ-

2199 1225 2414 1281 σφημον
2446 1205 2713 1275 γλῶτταν,
2741 1205 2843 1259 οὐκ
2867 1201 3167 1276 ἐμφράξεις
3194 1202 3263 1256 τὰ
3311 1203 3454 1257 ἀθεα
3500 1200 3797 1271 στόματα;

2198 1299 2308 1354 Καὶ
2364 1296 2483 1361 πῶς
2534 1296 2742 1367 δυνήσῃ
2796 1293 2938 1366 μετά
3006 1293 3321 1365 παρρησίας
3380 1290 3670 1363 εὔχεσθαι
3717 1293 3798 1343 τις.

2198 1387 2330 1441 Θεὸν
2348 1386 2398 1451 ι’,
2428 1387 2546 1447 ταῖς
2603 1382 2878 1446 διαϐολαῖς
2925 1384 3046 1446 ταῖς
3091 1380 3212 1434 κατ’
3253 1379 3423 1434 αὐτοῦ
3477 1380 3800 1443 κοινωνῶν;

2199 1469 2651 1543 Μὴ,παρακαλῶ.
2675 1468 2859 1522 Ταῦτά
2886 1484 2976 1540 μοι
3003 1467 3066 1521 o6
3088 1467 3226 1539 πρὸς
3252 1468 3380 1530 τοὺς
3403 1466 3713 1537 παρόντας
3735 1468 3800 1519 εξ-

2201 1577 2386 1634 ρηται,
2413 1558 2611 1630 μᾶλλον
2639 1558 2804 1611 δὲκαὶ
2821 1557 2957 1628 πρὸς
2979 1558 3105 1621 τοὺς
3134 1555 3428 1628 παρόντας.
3467 1556 3538 1609 Εἰ
3561 1554 3693 1625 γάρ
3719 1558 3801 1608 καὶ

2203 1650 2361 1720 ὑμεῖς
2381 1645 2683 1707 ἀνεύθυνοι,
2701 1644 2813 1699 ἀλλ’
2830 1643 3081 1707 οὕστινας
3110 1644 3223 1698 ῖστε
3253 1642 3467 1712 ταύτην
3498 1642 3797 1704 νοσοῦν-’.ας

2199 1737 2298 1805 τὴν
2330 1732 2723 1796 νόσον,τούτοις
2744 1733 2837 1786 καὶ
2858 1731 3065 1803 ἑτέροις
3090 1730 3328 1786 πλείοσιν
3357 1731 3688 1785 ὲπαντλᾶτε
3712 1733 3799 1803 9'15-

2204 1839 2391 1893 μασιν,
2428 1820 2569 1874 ὥστε
2594 1818 2888 1892 πρόρριζον
2920 1810 3232 1873 ἀνασπάσαι
3257 1818 3317 1871 τὸ
3339 1819 3547 1873 κακόν.
3583 1819 3799 1872 rivom

2197 1911 2257 1965 δὲ
2285 1911 2474 1981 εὐχαῖς
2493 1908 2602 1964 τῶν
2625 1909 2795 1978 ἁγίων
2820 1908 2917 1962 καὶ
2952 1907 3121 1976 φίλων
3161 1906 3257 1960 τοῦ
3292 1906 3430 1961 Θεοῦ
3469 1908 3561 1977 (06
3589 1908 3712 1979 γὰρ
3745 1908 3799 1975 δὴ

2200 1997 2454 2052 τοσοῦτον
2476 1995 2637 2069 ήμῶν
2673 1995 2848 2067 ἰσχύει
2887 1995 2959 2049 τά
2985 1997 3230 2067 ῥήματα,
3274 1995 3399 2049 ὅσον
3427 1994 3541 2064 τῆς
3574 1994 3798 2047 ﬁxe-Iw:

2205 2082 2369 2152 εὐχῆς
2396 2084 2429 2153 ἡ
2457 2080 2784 2154 παρρησία),
2814 2080 3026 2150 γένοιτο
3072 2080 3283 2143 πάντας
3329 2080 3512 2151 ἡμᾶς,
3550 2079 3662 2131 καὶ
3697 2080 3796 2131 ὅσοι

2207 2171 2344 2241 πρὸς
2372 2170 2432 2224 τὸ
2457 2169 2733 2241 πλήρωμα
2755 2169 2855 2240 τῆς
2881 2169 3207 2241 Ἐκκλησίας
3229 2167 3575 2231 συντελοῦσι,
3598 2166 3797 2220 τούτων

2206 2257 2619 2326 ἀπαλλαγέντας
2662 2255 2773 2310 τῶν
2822 2255 3029 2319 κακῶν,
3069 2254 3208 2327 μετά
3246 2253 3573 2326 παρρησίας
3615 2255 3797 2323 στῆναι

2205 2340 2516 2415 ἔμπροσθεν
2530 2343 2625 2396 τοῦ
2641 2342 2883 2414 βήματος
2902 2340 2998 2395 τοῦ
3023 2340 3287 2413 Χριστοῦ,
3307 2334 3352 2411 ᾧ
3369 2342 3405 2413 η
3421 2340 3581 2409 δόξα.
3604 2342 3669 2394 ’Δ
3677 2343 3795 2413 μήν.

2270 2448 2300 2487 δ
2323 2449 2551 2513 (1οη).τῷ
2572 2451 2700 2513 Θεῷ.

1197 2685 1457 2770 ΠΕΡΙ
1494 2683 2215 2779 ΕΙΜΑΡΜΕΝΗΣ
2266 2686 2461 2769 ΚΑΙ
2518 2683 3109 2771 ΠΡΟΝΟΙΑΣ.

1163 2926 1356 2995 Λόγος
1388 2932 1462 2996 γ’·

599 3006 731 3065 υϊδα
759 3008 950 3081 πρῴην
981 3009 1109 3078 περὶ
1137 3009 1183 3061 εί
1192 3008 1480 3079 μαρμένης
1502 3006 1672 3062 εἰπὼν
1694 3007 1832 3080 πρὸς
1854 3005 1952 3079 τὴν
1975 3008 2112 3079 ὑμε-

526 3095 692 3168 τέραν
721 3093 964 3163 ἀγάπην,
1003 3092 1116 3145 ἀλλ’
1139 3093 1291 3147 οὐδὲν
1336 3091 1535 3168 κωλύει
1591 3092 1686 3144 καὶ
1718 3094 1960 3162 τήμερον
1984 3092 2114 3161 περ)⁸

527 3162 628 3251 τῆς
657 3178 829 3249 αὐτῆς
854 3162 1166 3241 ὑποθέσεως
1184 3162 1465 3246 γυμνάσαι
1486 3176 1578 3229 τὸν
1604 3175 1778 3245 λόγον·
1799 3175 1899 3228 οὐκ
1924 3175 2113 3246 ἐπειδὴ

528 3264 590 3317 τὸ
610 3261 784 3325 πάθος
811 3260 962 3313 ἐστὶν
997 3260 1238 3331 ἰσχυρὸν,
1256 3259 1373 3313 ἀλλ’
1394 3258 1581 3329 ἐπειδὴ
1599 3260 1633 3329 ή
1662 3256 1903 3329 ῥᾳθυμία
1918 3256 2077 3327 ήμῶν
2094 3258 2114 3281 ⁶

530 3349 679 3400 ἐστιν
705 3344 931 3413 ἀφατος,
962 3345 996 3414 ἠ
1044 3343 1140 3396 καὶ
1177 3342 1246 3396 τά
1283 3341 1455 3413 μικρά
1488 3340 1702 3412 μεγάλα
1740 3338 1972 3393 ποιοῦσα
2008 3338 2115 3393 τῶν

532 3427 877 3498 νοσημάτων.
930 3426 1087 3479 Ἐπεὶ
1138 3426 1233 3479 καὶ
1258 3423 1446 3494 τυφλῷ
1469 3424 1626 3494 δῆλόν
1656 3425 1773 3476 ἐστι
1821 3423 2003 3491 φύσει,
2032 3424 2115 3476 ὅτι

532 3513 625 3567 τὸν
654 3511 853 3564 πιστὸν
880 3508 1005 3562 οὐδὲ
1036 3507 1211 3576 λόγων
1232 3507 1352 3561 ούδέ
1383 3504 1733 3568 διδασκαλίας
1757 3504 1969 3557 δεῖσθαι
2008 3504 2116 3576 χρὴ

534 3594 672 3664 πρὸς
693 3592 792 3664 τὴν
813 3591 907 3645 τοῦ
935 3590 1108 3644 κακοῦ
1138 3589 1328 3642 τούτου
1357 3590 1556 3659 φυγήν.
1592 3586 1861 3658 Καθάπερ
1888 3586 1998 3658 γάρ
2025 3587 2117 3640 τὸν

534 3675 788 3731 οἰκοῦντα
816 3674 915 3746 τὴν
946 3673 1069 3727 καθ’
1101 3674 1253 3743 ἡμᾶς
1278 3674 1429 3725 οίκου
1438 3671 1625 3741 μένην,
1644 3669 1738 3723 καὶ
1757 3670 1943 3740 νόμοις
1966 3668 2114 3742 [761]

534 3758 949 3829 πολιτευόμενον
980 3759 1090 3821 τοῖς
1136 3756 1265 3826 παρ’
1317 3756 1469 3826 ἡμῖν,
1512 3754 1609 3808 καὶ
1638 3752 1948 3824 βασιλεῦσιν
1984 3754 2117 3806 ὑπο-

533 3841 863 3913 τεταγμένον
890 3843 1005 3905 τοῖς
1030 3840 1234 3903 αὐτοῖς,
1260 3838 1322 3892 06
1350 3838 1433 3891 δεῖ
1464 3836 1692 3900 πείθειν,
1731 3838 1813 3892 ὅτι
1850 3837 1949 3909 τὴν
1980 3840 2120 3909 Περ-

537 3927 695 3998 σικὴν
720 3925 1000 3980 πολιτείαν
1030 3925 1089 3977 ὲν
1108 3926 1175 3996 τῇ
1206 3922 1453 3995 ἡμετέρᾳ
1470 3922 1712 3989 είσάγειν
1727 3932 1751 3961 α
1769 3921 1829 3973 06
1856 3921 1983 3991 χρὴ,
2003 3922 2118 3975 ἀλλ’

536 4009 899 4080 ἀπαγορεύειν
937 4007 1114 4079 μόνον·
1148 4005 1290 4059 οὓτω
1318 4005 1381 4076 δή
1427 4004 1522 4058 καὶ
1560 4003 1814 4057 ἐνταῦθα.
1850 4002 1970 4058 Τῶν
2011 4005 2120 4077 γὰρ

537 4095 954 4166 ἁμαρτημάτων
988 4091 1057 4145 τά
1110 4091 1209 4161 μέν
1260 4091 1377 4142 ἐστι
1428 4087 1587 4156 λόγου
1641 4086 1869 4158 δεόμενα
1909 4088 2003 4140 καὶ
2045 4088 2120 4140 δι-

536 4176 853 4239 δασκαλίας,
877 4176 947 4229 τά
1001 4174 1059 4227 δὲ
1101 4172 1244 4226 οὕτω
1293 4170 1504 4242 φανερά
1539 4169 1635 4224 καὶ
1668 4169 1824 4241 δῆλα,
1862 4171 1937 4233 ὡς
1970 4170 2121 4242 φόϐῳ

536 4263 633 4314 καὶ
659 4261 902 4333 τιμωρίᾳ
934 4258 1073 4330 μόνῃ
1118 4254 1444 4311 κωλύεσθαι·
1492 4248 1603 4308 οἷον
1653 4253 1714 4307 τὸ
1757 4253 2027 4323 φονεύειν,
2060 4255 2121 4307 τὸ

541 4344 833 4415 μοιχεύειν,
866 4342 927 4395 τὸ
945 4340 1218 4403 κλέπτειν,
1255 4339 1315 4391 06
1346 4337 1515 4391 δεῖται
1543 4337 1735 4407 λόγων·
1762 4338 1830 4391 δι’
1856 4338 1994 4410 ὅπερ
2023 4337 2118 4392 καὶ

535 4431 564 4481 ὁ
610 4426 907 4498 νομοθέτης
939 4424 1061 4494 οὐχὶ
1101 4420 1450 4477 διδασκαλίαν
1495 4421 1637 4490 ὑπὲρ
1689 4420 1896 4474 τούτων
1937 4420 2122 4473 συντέ-

539 4513 687 4566 θεικε
718 4508 1090 4581 περιηχοῦσαν
1121 4508 1270 4578 ἡμᾶς
1289 4544 1305 4569 ,
1335 4505 1416 4558 ὅτι
1460 4505 1521 4557 τὸ
1578 4505 1810 4575 πρᾶγμα
1855 4504 2121 4575 πονηρόν·

541 4594 962 4669 προκατειλήφει
991 4590 1102 4663 γὰρ
1134 4590 1282 4661 ἡμᾶς
1331 4588 1408 4659 τῷ
1437 4585 1684 4658 λογισμῷ
1705 4604 1718 4617 ·
1777 4587 1913 4640 ἀλλά
1962 4586 2124 4658 μόνον

541 4678 938 4748 ἀπηγόρευσεν,
974 4675 1036 4729 06
1078 4671 1414 4745 μοιχεύσεις,
1443 4671 1507 4723 06
1541 4669 1840 4737 φονεύσεις.
1880 4669 2124 4724 Ὅτανδέ

544 4761 671 4829 περὶ
702 4760 888 4833 χηρῶν
918 4757 1218 4831 ὑπεροψίας
1254 4758 1348 4811 καὶ
1381 4752 1860 4826 παρακαταθηκῶν
1888 4771 2126 4826 κακουρ-

542 4845 670 4912 γίας
698 4845 830 4914 ἡμῖν
848 4842 1181 4913 διαλέγηται,
1210 4842 1306 4895 καὶ
1338 4840 1630 4911 λογισμοὺς
1665 4837 1897 4910 τίθησιν,
1938 4839 2127 4908 Ἐλέη-

541 4943 661 4982 σον
673 4926 789 4995 τὴν
809 4926 1023 4996 χήραν,
1039 4926 1192 4996 φησι,
1210 4925 1307 4979 καὶ
1333 4923 1440 4978 τόν
1462 4922 1851 4992 προσήλυτον
1866 4935 1881 4953 ·
1898 4917 2126 4992 καὶγὰρ

543 5009 644 5066 καί
673 5010 756 5065 σὺ
783 5007 1173 5080 προσήλυτος
1194 5004 1357 5077 ἦσθα
1375 5007 1446 5061 ἐν
1470 5005 1853 5077 γῇΑίγύπτφ.
1878 5003 1949 5058 Τὸ
1983 5004 2128 5060 σάϐ-

542 5098 725 5151 ϐατον
742 5093 919 5164 ἀργίᾳ
937 5092 1095 5161 τίμα,
1113 5090 1298 5162 φησιν·
1316 5086 1437 5144 εἶτα
1456 5091 1550 5143 καὶ
1571 5089 1828 5159 λογισμὸν
1847 5088 2059 5160 τίθησιν
2073 5089 2123 5142 δ.

612 5178 688 5232 Τὸ
712 5179 894 5232 τοίνυν
932 5174 1273 5246 εἱμαρμένης
1304 5172 1647 5244 ἀπέχεσθαι,
1672 5173 1734 5226 06
1770 5170 1976 5225 τούτων
2009 5170 2126 5225 ἐστὶ

542 5264 657 5319 τῶν
697 5262 971 5333 δεομένων
1014 5257 1314 5330 λογισμοῦ,
1360 5257 1475 5312 ἀλλ’
1521 5257 1744 5311 ἐκείνων
1788 5255 1897 5309 τῶν
1927 5255 2124 5326 δήλων.

545 5349 757 5418 Ὠσπερ
779 5347 888 5417 γάρ
915 5345 1075 5416 δῆλον
1113 5345 1196 5399 ὅτι
1251 5341 1488 5415 πονηρὸν
1535 5340 1598 5394 τὸ
1645 5338 1890 5407 φονεύειν
1946 5339 2127 5394 καὶτὸ

549 5431 821 5504 μοιχεύειν
846 5429 1069 5499 φαῦλον,
1083 5426 1226 5482 061w
1246 5426 1403 5497 δῆλον
1424 5426 1506 5480 ὅτι
1524 5424 1584 5478 τὸ
1606 5424 1898 5495 προσέχειν
1924 5424 2121 5494 εἱμαρ-

548 5515 687 5587 μένῃ
739 5513 976 5585 πονηρὸν
1025 5511 1121 5565 καὶ
1170 5506 1642 5581 ἀπηγορευμένον.
1696 5508 1788 5579 Μὴ
1864 5506 1972 5579 γὰρ
2017 5506 2124 5559 ἀπὸ

612 5612 629 5632 ’
653 5612 733 5661 Sic
754 5625 784 5661 θ
823 5609 1028 5667 Ξαιῖιὶο,
1052 5609 1257 5667 rectius,
1277 5613 1332 5656 ιιι
1373 5605 1512 5654 nobis
1537 5605 1749 5654 videtur.
1778 5602 1949 5653 Monlf.
1972 5604 2122 5665 ὑμῶν.

553 5672 757 5807 ξίῃέτέἱο
781 5731 1151 5807 ϐοιδηιιιιεξιιιε
1162 5742 1313 5807 βιιειιι
1338 5728 1480 5807 iliud,
1507 5726 1751 5776 πολιτείαν
1767 5728 1999 5790 ὁσημέραι
2026 5728 2126 5776 εἶσ-

546 5793 703 5854 ιίγων,
726 5795 857 5854 quod
879 5788 1024 5842 amen
1046 5788 1323 5853 legeﬁalur.
1346 5788 1478 5839 Eun.

619 5854 650 5895 ι
675 5853 824 5917 Illud,
848 5854 952 5909 εἶτα
968 5855 1050 5901 καὶ
1072 5852 1296 5913 λογισμὸν
1311 5850 1485 5910 τίθησι,
1506 5852 1647 5898 deest
1673 5849 1723 5898 in
1746 5849 1876 5900 συιδ.

2214 2925 2323 2980 τῶν
2357 2924 2696 2994 πειθομένων
2735 2924 2985 2997 νομίζετε
3032 2923 3164 2977 αὐτὸ
3206 2920 3344 2977 εἶναι
3373 2922 3487 2976 τῶν
3521 2923 3599 2995 μὴ
3628 2941 3795 2976 κεκιν-

2213 3009 2487 3079 λυμένων’
2530 3009 2652 3061 ἐπεὶ
2689 3008 2783 3062 καὶ
2815 3009 2972 3078 φόνος
3012 3007 3277 3078 τολμᾶται
3301 3046 3316 3070 ,
3354 3007 3449 3059 καὶ
3488 3006 3793 3060 κεκώλυται

2214 3091 2366 3163 παρά
2400 3094 2512 3155 τοῖς
2552 3091 2769 3163 νόμοις,
2803 3093 2898 3145 καὶ
2945 3092 3001 3143 αί
3036 3092 3271 3162 μοιχεῖαι
3317 3092 3414 3143 καὶ
3460 3091 3523 3143 αἱ
3553 3090 3795 3163 ἁρπαγαὶ

2212 3175 2321 3229 τῶν
2348 3174 2813 3247 ἀπηγορευμένων
2842 3174 2969 3238 είσὶ,
2992 3175 3169 3227 καίτοι
3193 3173 3492 3245 δρωμένων
3514 3175 3673 3244 παρά
3700 3175 3795 3227 τῶν

2215 3258 2446 3313 πολλῶν.
2494 3259 2648 3312 ’Eml
2670 3258 2753 3311 ὅτι
2771 3275 2835 3327 γε
2862 3257 2969 3311 τῶν
2991 3257 3387 3327 κεκωλυμένων
3412 3258 3589 3322 ἐστὶν,
3617 3257 3794 3328 ὥσπερ

2213 3346 2243 3396 ό
2267 3343 2448 3412 φόνος.
2475 3340 2627 3412 παρά
2651 3344 2765 3403 τοῖς
2791 3341 2978 3411 νόμοις
3010 3341 3194 3404 αὐτοῖς
3213 3342 3326 3404 τοῖς
3353 3340 3462 3393 τῶν
3513 3340 3792 3411 Ἑλλήνων,

2215 3425 2277 3479 τὸ
2305 3428 2370 3496 τῇ
2406 3425 2619 3493 γενέσει
2654 3423 2974 3488 πείθεσθαι,
3009 3421 3296 3494 παρελθών
3327 3438 3415 3484 τις
3440 3422 3559 3477 τῶν
3587 3439 3795 3493 μοιχευ-

2217 3510 2426 3563 σάντων
2459 3508 2557 3577 τὴν
2584 3506 2677 3561 τοῦ
2721 3507 2892 3571 δεῖνος
2933 3498 3189 3576 γυναῖκα,
3235 3506 3721 3577 κατηγορούμενος
3746 3506 3793 3556 ὲν

2215 3592 2551 3664 δικαστηρίῳ
2594 3590 2819 3660 λεγέτω,
2865 3591 2948 3644 ὅτι
2996 3591 3097 3644 οὐκ
3144 3590 3276 3658 ἐγὼ,
3302 3589 3419 3643 ἀλλ’
3455 3591 3490 3660 ή
3547 3589 3792 3657 γένεσις·

2217 3676 2327 3745 ἐγὼ
2371 3677 2470 3748 μὲν
2515 3675 2624 3746 γὰρ
2681 3677 2977 3746 σωφρονεῖν
3021 3673 3354 3745 ἐϐουλόμην,
3407 3674 3599 3744 ἐκείνη
3641 3673 3698 3725 δέ
3735 3690 3793 3741 με

2217 3754 2329 3813 ὦσε
2359 3761 2454 3814 καὶ
2505 3758 2792 3812 ἐνέϐαλεν
2841 3755 2950 3831 ἄρα
2995 3756 3056 3810 06
3083 3756 3170 3809 διὰ
3209 3754 3369 3809 τοῦτο
3413 3757 3793 3827 χαλεπωτέραν

2217 3843 2378 3896 δώσει
2421 3842 2599 3913 δίκην,
2638 3842 2715 3905 ὡς
2763 3840 3149 3910 καταγέλαστα
3199 3838 3676 3910 ἀπολογούμενοςς
3698 3836 3795 3910 5.91

2221 3925 2549 3997 συγγνώμης
2564 3923 2807 3990 τεύξεταί
2834 3941 3010 3991 τινος;
3041 3922 3327 3992 Οὐδαμῶς.
3364 3923 3477 3976 Καὶ
3509 3924 3619 3993 μὴν
3642 3924 3791 3994 ἐχρῆν

2220 4010 2340 4065 κατ’
2374 4011 2636 4073 ἐκείνους.
2683 4010 2747 4062 ΕΞ
2773 4008 2883 4079 γὰρ
2928 4007 3139 4077 γενέσει
3170 4006 3348 4061 πάντα
3380 4007 3475 4059 καὶ
3523 4007 3587 4060 06
3620 4024 3793 4078 προαι-

2224 4095 2371 4165 ρέσει
2398 4094 2608 4162 γίνεται
2645 4103 2695 4156 ο,
2737 4090 2943 4160 ταύτης
2973 4090 3174 4160 μείζων
3198 4088 3300 4142 ούκ
3338 4088 3488 4142 ἔστιν
3517 4090 3789 4159 ἀπολογία.

2224 4179 2286 4231 El
2324 4178 2423 4248 μὲν
2451 4178 2559 4249 γάρ
2580 4176 2745 4249 κυρία
2768 4176 2864 4230 κα)⁸
2900 4173 3249 4244 δυνατωτέρα,
3271 4172 3387 4224 ἐστὶ
3415 4173 3519 4242 τῆς
3540 4174 3790 4241 γενέσεως

2222 4265 2255 4333 ἡ
2292 4260 2637 4336 προαίρεσις,
2666 4259 2767 4313 οὑκ
2802 4259 2868 4313 ἂν
2893 4257 2979 4328 εἴη
3012 4256 3223 4324 γένεσις
3246 4272 3260 4285 ·
3296 4255 3469 4309 εἰκᾶν
3505 4257 3674 4327 μυρία
3700 4274 3789 4326 μη-

2224 4343 2525 4417 χανήσηταί
2571 4361 2659 4407 τις
2683 4381 2699 4406 ,
2728 4342 2943 4412 ἀνάγκη
2988 4339 3059 4393 τὰ
3090 4338 3442 4409 ἐπιτάγματα
3481 4338 3555 4391 τά
3593 4342 3791 4410 ἐκείνης

2225 4427 2584 4501 πληροῦσθαι,
2612 4425 2788 4498 μάτην
2822 4419 2975 4487 οὗτος
3007 4420 3324 4488 κολάζεται,
3348 4422 3444 4475 καὶ
3466 4422 3528 4474 06
3561 4422 3789 4488 τεύξεται

2226 4510 2555 4582 συγγνώμης
2580 4528 2595 4542 ’
2639 4508 2755 4562 ἀλλ’
2778 4507 2955 4571 οὐδεὶς
2997 4505 3161 4561 αὑτοῦ
3179 4504 3301 4558 οὔτε
3342 4506 3787 4577 ἀπολογουμένου,

2223 4596 2346 4650 οὔτε
2400 4595 2657 4666 τυχόντος
2701 4593 3031 4663 συγγνώμης
3084 4588 3415 4644 ἀκούσεται·
3469 4588 3615 4642 οὓτω
3660 4590 3788 4658 παρὰ

2226 4681 2360 4734 πᾶσι
2391 4679 2452 4732 τὸ
2484 4678 2715 4748 πρᾶγμα
2761 4674 3131 4745 διαϐέϐληται,
3179 4673 3275 4727 καὶ
3314 4671 3487 4743 μῦθος
3531 4669 3670 4726 εἶναι
3716 4676 3788 4726 καὶ

2225 4763 2391 4834 λῆρος
2419 4761 2585 4815 δοκεῖ.
2620 4758 2812 4813 Πολλοί
2833 4776 2891 4812 τε
2937 4757 3045 4811 τῶν
3091 4755 3366 4828 ἀρχόντων
3409 4756 3614 4823 (καίτοι
3656 4773 3716 4823 γε
3750 4758 3785 4806 εἰ

2226 4843 2377 4916 παρά
2410 4841 2699 4914 ἀνθρώπου
2747 4840 2906 4896 πάθοι
2947 4840 3089 4911 βίαν,
3136 4840 3298 4910 ἀρκεῖ
3341 4837 3480 4908 πρὸς
3512 4838 3785 4905 ἀπολογίαν

2226 4928 2357 4981 αὐτὸ
2382 4927 2539 4980 τοῦτο
2567 4924 2984 4996 ἐγκαλουμένῳ,
3021 4921 3223 4994 μᾶλλον
3252 4919 3373 4974 οὐδὲ
3407 4920 3662 4991 ἔγκλημα
3699 4920 3786 4973 λοι·

2227 5011 2328 5065 πδν
2361 5005 2497 5065 εἶναι
2529 5010 2721 5081 δοκεῖ),
2752 5007 2937 5062 πολλοὶ
2964 5006 3095 5076 γοῦν
3123 5005 3233 5059 τῶν
3264 5005 3567 5075 ἀρχόντων,
3597 5006 3690 5057 ἐπὶ
3712 5005 3786 5072 φό-

2228 5112 2340 5159 νοις
2371 5094 2577 5158 ἀδίκοις
2607 5090 3107 5163 κατηγορηθέντες,
3142 5087 3297 5157 δίκην
3339 5088 3569 5153 ἔδοσαν,
3594 5090 3719 5151 τοὺς
3742 5088 3785 5139 δὲ

2227 5177 2456 5249 δημίους
2486 5178 2613 5241 τοὺς
2641 5176 3088 5245 διακονουμένους
3120 5171 3197 5242 τῷ
3229 5172 3395 5243 φόνῳ,
3441 5170 3538 5223 καὶ
3567 5171 3787 5240 αὐτόχει-

2233 5279 2331 5334 ρας
2363 5262 2762 5334 γεγενημένους
2785 5260 2884 5330 τῆς
2917 5257 3150 5329 σφαγῆς,
3176 5255 3297 5309 οὐδὲ
3338 5255 3421 5318 είς
3458 5254 3785 5325 δικαστήριον

2229 5347 2451 5401 ἑλκύσαι
2507 5363 2612 5409 τις,
2668 5345 2782 5398 ἀλλ’
2824 5343 2944 5397 οὺόἐ
2990 5343 3260 5413 ζητῆσαι,
3308 5339 3410 5410 τὴν
3460 5338 3652 5409 ἀρχὴν,
3703 5337 3786 5405 τῆς

2229 5430 2475 5500 ἀνάγκης
2524 5429 2666 5500 ὑπὲρ
2703 5427 2883 5481 αὐτῶν
2923 5423 3386 5495 ἀπολογουμένης,
3432 5423 3528 5480 καὶ
3569 5421 3660 5474 τοῦ
3702 5419 3785 5490 τῆς

2231 5515 2408 5585 ἀρχῆς
2457 5512 2791 5583 ἀξιώματος,
2844 5509 2937 5565 καὶ
2997 5507 3093 5563 τοῦ
3144 5508 3246 5579 τῆς
3300 5505 3578 5576 ὑποταγῆς
3616 5504 3781 5573 φόϐοι.

2234 5594 2371 5651 Εἶτα
2426 5595 2697 5668 ἀνθρώπῳ
2750 5596 2848 5668 μὲν
2895 5594 3040 5649 ἴσασι
3093 5590 3524 5662 συγγινώσκειν,
3579 5589 3665 5642 ὑπ’
3704 5590 3778 5642 ἀν-

2300 5789 2320 5815 ⁶⁵
2344 5784 2681 5836 Colberu'num
2708 5784 2813 5835 cod.
2858 5780 3127 5845 sequimur.
3156 5780 3336 5832 Morel.
3374 5785 3423 5829 el
3448 5773 3596 5828 Savil.
3618 5773 3691 5822 καὶ
3728 5770 3773 5819 ei

2236 5848 2429 5907 δοκήσει
2454 5847 2644 5910 γίνεται.
