3870 6272
47 291 201 343 ’ἵῖἱἺ
1203 291 1292 346 DE
1335 291 1513 346 ΡΑΤο
1554 291 1642 346 ΕΤ
1674 291 1781 346 ΡΒ(

1839 291 2155 348 ἷιῡΕΝΠεὶ.
2197 289 2282 346 ill.

65 417 339 462 vestram
363 413 683 464 metuentes.
717 405 878 462 Nobis
904 406 1044 460 enim
1079 421 1175 476 per
1204 403 1296 460 Dei
1327 406 1550 476 gratiam
1577 406 1698 461 illo-

65 515 226 554 rum
254 500 384 555 scita
413 514 730 554 aranearum
763 500 880 554 telis
930 497 1273 553 imbecilliora
1320 498 1583 562 videnlur,
1614 497 1703 568 qui

68 607 294 646 sumus
320 592 372 645 in
402 588 506 645 fide
529 589 751 655 fundati,
776 589 981 644 etiamsi
1006 589 1197 644 millies
1225 589 1289 642 ad
1312 605 1467 644 aures
1493 598 1705 644 nostras

70 681 417 748 dccnttlenl,
470 689 618 736 tanto
666 681 868 751 majore
911 681 1021 735 risu
1068 697 1098 735 a
1141 680 1294 736 nobis
1340 679 1698 749 excipiuntur,

72 775 256 842 quasi
287 773 462 829 insani
508 782 561 828 et
590 783 771 829 mente
810 773 948 843 capti
984 791 997 827 :
1039 773 1133 828 sed
1161 772 1578 828 imbecillitatem
1609 787 1704 828 ve-

73 874 274 917 stram
309 863 678 919 formidamus.
707 862 889 934 Neque
913 863 1193 919 adversum
1215 879 1402 918 omnes
1433 863 1546 918 haec
1565 861 1705 930 dico,

82 957 204 1012 sed
231 957 490 1013 adversus
511 972 604 1012 eos
635 958 722 1026 qui
757 956 837 1011 his
870 956 1084 1011 obnoxii
1106 965 1247 1010 sunt.
1266 954 1706 1026 Quandoquidem

85 1048 308 1102 l‘nulus
337 1047 428 1118 qui
453 1047 629 1102 omnia
649 1047 882 1112 tenebat,
915 1061 1018 1101 non
1041 1045 1335 1100 doctrinam
1361 1053 1585 1112 tantum,
1615 1045 1709 1100 sed

80 1140 403 1194 verborum
444 1153 650 1210 pugnas
673 1137 930 1193 adversus
971 1148 1256 1193 extraneos
1280 1137 1596 1207 discipulum
1621 1136 1713 1192 Ti-

82 1229 391 1284 motheum
415 1228 637 1294 docens,
668 1243 836 1283 vanos
880 1243 1160 1284 sermones
1202 1227 1564 1284 occludendos
1592 1241 1710 1281 mo-

87 1331 205 1376 net
237 1321 316 1389 (2.
352 1320 484 1374 Tim.
515 1319 570 1374 2.
611 1320 721 1392 lo).
757 1319 928 1375 Breve
969 1328 1051 1375 est
1086 1320 1209 1374 vita:
1248 1329 1445 1375 nostra:
1482 1328 1711 1389 tempus,

87 1413 371 1482 exiguum
398 1411 585 1465 salutis
613 1411 960 1466 curriculum.
991 1411 1046 1467 Si
1067 1426 1194 1482 ergo
1220 1411 1382 1467 breve
1412 1410 1540 1466 illud
1568 1420 1707 1465 tem-

3295 289 3402 345 738

1808 421 1836 460 a
1863 405 2057 460 divinis
2085 402 2374 475 Scripturis
2405 402 2685 458 sanitatem
2717 417 3000 472 compara;
3044 401 3087 456 si
3115 406 3409 458 accesserit

1809 497 1996 567 aliquis
2025 497 2196 551 aliena
2225 495 2443 557 docens,
2476 508 2632 549 aures
2670 494 2890 558 obtura;
2919 493 3096 548 statim
3141 493 3305 558 resili,
3339 510 3406 550 ne

1811 588 2096 643 cuncteris.
2130 587 2186 644 Si
2220 595 2406 642 contra
2435 584 2794 656 bnperatores
2832 585 3114 641 consilium
3159 585 3402 650 iniretur,

1812 696 1918 734 non
1949 678 2316 734 committeres
2340 687 2395 733 ut
2435 678 2487 732 in
2514 676 2779 746 ejusmodi
2815 691 3070 732 consessu
3101 676 3276 732 locum
3307 675 3404 731 ha-

1814 771 1991 836 beres,
2024 771 2218 842 quippe
2259 771 2350 841 qui
2380 771 2462 824 vel
2505 785 2568 826 ex
2599 770 2780 825 auditu
2819 785 3021 836 rerum,
3061 770 3269 825 etiamsi
3301 785 3407 824 non

1814 861 2122 918 assentiaris
2143 903 2159 925 ,
2206 862 2258 916 in
2305 861 2598 932 periculum
2650 861 2870 916 omnino
2904 861 3113 918 venires
3147 879 3160 914 :
3193 861 3408 932 quando

1813 963 1998 1009 contra
2030 954 2196 1009 Deum
2223 952 2418 1023 aliquid
2443 953 2637 1008 dieitur
2661 952 2994 1024 agitaturque
3019 952 3211 1024 dogma
3243 968 3404 1009 accu-

1815 1046 2021 1101 satione
2051 1046 2264 1115 plenum
2292 1044 2548 1100 adversus
2586 1044 2756 1112 illum,
2783 1059 2958 1100 annon
2990 1042 3182 1114 fugies,
3223 1059 3406 1098 annon

1816 1139 2134 1195 maledicam
2163 1139 2394 1211 linguam
2424 1138 2781 1204 aversaberis,
2810 1153 2988 1193 annon
3015 1139 3176 1208 impia
3195 1153 3288 1193 ora
3315 1138 3414 1192 ob-

1819 1230 2057 1286 turabis?
2101 1230 2166 1286 Et
2190 1229 2459 1301 quomodo
2485 1229 2684 1300 poteris
2709 1244 2832 1285 cum
2862 1229 3052 1286 fiducia
3090 1230 3257 1287 Deum
3286 1244 3410 1298 pre-

1817 1321 1949 1386 cari,
1979 1321 2071 1392 qui
2101 1321 2155 1376 in
2203 1337 2324 1378 cum
2355 1313 2672 1392 jactatarum
2714 1321 3100 1377 calumniarum
3143 1320 3412 1391 particeps

1820 1416 2016 1472 fueris?
2041 1414 2136 1480 Ne,
2167 1429 2373 1486 qumso,
2420 1414 2472 1470 id
2520 1415 2751 1471 eveniat.
2806 1414 2933 1470 Haec
2983 1429 3014 1470 a
3062 1429 3149 1470 me
3192 1430 3300 1470 non
3345 1414 3412 1469 ad

94 1520 219 1574 pus
248 1503 404 1558 nobis
430 1503 495 1557 ad
525 1502 842 1557 discendum
888 1503 1034 1557 utilia
1077 1517 1414 1568 concessum,
1447 1503 1501 1557 in
1531 1517 1716 1572 super-

96 1608 407 1660 vacaneas,
441 1593 656 1648 inutiles
702 1601 756 1648 et
800 1594 985 1648 noxias
1019 1593 1323 1665 disciplinas
1362 1593 1715 1662 insumamus,

97 1683 463 1754 quandonam
506 1683 679 1737 aderit
720 1683 862 1738 aliud
903 1693 1113 1754 tempus
1161 1683 1228 1738 ad
1266 1684 1578 1740 discendum
1630 1700 1715 1753 ea,

97 1791 240 1844 quae
286 1773 588 1829 necessaria
635 1783 760 1828 sunt
805 1781 858 1829 et
897 1783 1086 1845 urgent
1141 1774 1418 1829 maxime?
1470 1776 1630 1846 Atqui
1674 1775 1719 1831 si

98 1868 282 1922 etiam
311 1866 678 1937 longissimum
697 1874 861 1933 esset,
889 1874 1054 1920 totum
1080 1876 1221 1921 esset
1246 1866 1460 1922 utilibus
1482 1867 1533 1921 in
1562 1867 1720 1921 rebus

104 1960 500 2015 insumendum
523 1977 536 2014 :
563 1975 684 2015 cum
706 1968 882 2015 autem
915 1959 1076 2014 breve
1113 1959 1184 2014 sit
1211 1969 1264 2014 et
1291 1960 1559 2030 exiguum,
1588 1974 1721 2030 quo-

103 2051 288 2107 modo
314 2067 421 2106 non
449 2060 706 2107 extremae
733 2051 1019 2107 dementia:
1046 2051 1225 2117 fuerit,
1255 2050 1372 2120 ejus
1398 2050 1720 2125 brevitatem

104 2146 172 2200 in
222 2144 536 2216 disciplinas
567 2145 762 2201 animae
811 2157 1010 2200 nostrte
1045 2146 1370 2214 perniciosas
1411 2146 1723 2201 insumere?

109 2237 265 2306 Quid
295 2237 557 2292 medicina
587 2252 723 2308 Opus
759 2249 840 2293 est
871 2237 1003 2292 tibi?
1034 2251 1102 2292 ne
1136 2237 1366 2308 accipias
1395 2239 1626 2308 plagam,
1657 2253 1726 2292 ne

114 2341 343 2400 tempus
366 2329 615 2385 absumas
636 2329 688 2384 in
717 2329 778 2385 iis
806 2327 1076 2395 sanandis,
1109 2344 1240 2399 quas
1271 2329 1338 2383 ab
1352 2329 1471 2385 aliis
1491 2330 1721 2400 accipis:

1819 1514 2114 1576 praesentes
2159 1505 2300 1561 dicta
2355 1514 2527 1571 sunt;
2583 1505 2692 1560 imo
2742 1504 2921 1575 potius
2977 1504 3044 1560 ad
3099 1513 3410 1575 prmsentes.

1822 1595 2045 1653 Etiamsi
2069 1598 2210 1654 enim
2238 1612 2334 1653 vos
2355 1597 2575 1666 innoxii,
2604 1597 2648 1652 si
2674 1611 2808 1667 quos
2836 1597 3090 1652 noveritis
3109 1595 3211 1652 hoc
3227 1596 3415 1652 morbo

1824 1689 2165 1758 laborantes,
2219 1690 2303 1744 bis
2350 1689 2696 1761 pluribusque
2736 1688 2853 1743 aliis
2877 1687 3184 1744 contendite
3211 1688 3410 1752 verbis,

1827 1789 1883 1836 ut
1925 1781 2124 1836 malum
2170 1781 2423 1837 radicitus
2451 1781 2713 1838 evellatis.
2771 1779 2828 1836 Id
2873 1795 3000 1836 vero
3040 1779 3125 1836 ﬁat
3171 1779 3419 1850 precibus

1826 1881 2132 1928 sanctorum
2159 1883 2212 1929 et
2239 1873 2532 1929 amicorum
2562 1871 2657 1928 Dei
2687 1890 2700 1925 :
2735 1887 2840 1926 non
2875 1872 3016 1927 enim
3061 1879 3264 1926 tantum
3311 1885 3411 1925 uo-

1827 1974 1938 2020 stra
1985 1965 2145 2020 verba
2199 1965 2420 2033 valent,
2470 1973 2726 2036 quantum
2797 1964 3009 2025 illorum
3062 1963 3415 2032 precationes.

1830 2055 1984 2111 Faxit
2036 2056 2177 2112 Deus
2221 2065 2276 2110 ut
2326 2070 2425 2112 nos
2477 2069 2684 2122 omnes,
2715 2063 2768 2110 et
2810 2061 3069 2122 quotquot
3108 2051 3175 2108 ad
3219 2051 3409 2108 Eccle-

1829 2151 1924 2207 siae
1986 2148 2370 2220 plenitudinem
2432 2149 2742 2218 pertinent,
2809 2145 2894 2201 his
2943 2145 3150 2201 liberati
3220 2144 3418 2208 malis,

1831 2257 1954 2297 cum
1990 2241 2183 2297 fiducia
2219 2249 2421 2298 stemus
2458 2250 2580 2296 ante
2617 2239 2848 2295 tribunal
2877 2238 3098 2304 Christi,
3123 2239 3205 2294 cui
3233 2238 3420 2308 gloria.

1835 2334 2027 2388 Amen.

993 2567 1153 2649 DE
1209 2567 1510 2651 FATO
1557 2570 1706 2651 ET
1741 2570 2566 2654 PROVIDENTIA.

1533 2727 2035 2808 ww

780 2881 976 2923 ORATIO
1014 2883 1088 2922 Ill.

210 2963 346 3018 Novi
395 2977 482 3016 me
527 2975 697 3030 nuper
736 2959 875 3029 apud
919 2969 1148 3014 vestram
1194 2957 1470 3013 caritatem
1513 2958 1580 3014 de
1622 2958 1731 3014 fato

126 3058 306 3112 verba
337 3054 554 3118 fecisse,
584 3053 824 3122 nihilque
851 3051 1100 3121 prohibet
1128 3052 1414 3121 quominus
1443 3050 1508 3105 de
1533 3049 1722 3106 eodem

125 3155 459 3220 argumento
491 3145 652 3200 etiam
694 3144 852 3198 hodie
878 3157 1182 3198 sermonem
1213 3141 1551 3196 instituamus
1581 3159 1594 3194 :
1625 3156 1730 3194 nou

127 3239 286 3311 quod
315 3237 534 3292 morbus
560 3237 626 3290 sit
659 3236 729 3290 ita
756 3233 964 3289 validus
988 3275 1002 3298 ,
1055 3232 1147 3288 scd
1179 3233 1321 3303 quod
1361 3231 1600 3287 socordia
1631 3247 1734 3286 no-

126 3340 254 3385 stra
293 3329 362 3383 sit
399 3326 758 3391 incredibilis,
804 3341 924 3396 quae
968 3325 1052 3379 vel
1099 3324 1347 3378 minimas
1396 3322 1734 3393 aegritudines

130 3435 464 3495 permagnus
511 3420 688 3475 faciat.
745 3417 1015 3488 Siquidem
1061 3425 1115 3472 et
1157 3431 1300 3472 catco
1335 3415 1386 3469 id
1424 3417 1508 3470 vel
1551 3423 1736 3468 natura

131 3514 494 3582 conspicuum
539 3521 653 3577 est,
707 3509 846 3564 lideli
894 3523 1084 3578 nempe
1128 3522 1301 3576 neque
1348 3507 1527 3560 verbis
1567 3520 1739 3574 neque

132 3605 391 3661 doctrina
442 3617 578 3672 opus
615 3615 735 3656 esse
759 3642 773 3667 ,
814 3609 873 3654 ut
903 3599 1101 3654 malum
1141 3598 1242 3652 hoc
1271 3596 1504 3667 elTugiat.
1537 3595 1738 3662 Quem-

137 3698 437 3752 admodum
486 3693 630 3748 enim
681 3693 763 3761 ei,
809 3691 896 3760 qui
941 3702 1134 3744 terram
1180 3698 1415 3744 nostram
1459 3688 1738 3752 inhabitet,

138 3789 359 3858 legibus
387 3785 582 3840 nostris
610 3793 825 3849 utatur,
873 3782 1089 3852 regibus
1139 3779 1327 3835 iisdem
1374 3787 1585 3849 pareat,
1635 3794 1740 3832 non

141 3894 376 3936 necesse
404 3887 486 3933 est
516 3875 855 3946 persuaderi,
897 3889 964 3928 ne
1004 3874 1285 3927 Persarum
1337 3872 1574 3925 instituta
1603 3869 1742 3939 apud

144 3989 252 4026 nos
281 3970 522 4032 inducat,
566 3967 660 4022 sed
690 3966 857 4021 semel
887 3964 1160 4036 prohiberi
1193 3973 1393 4018 tantum
1424 3981 1436 4014 :
1463 3963 1539 4016 sic
1564 3973 1618 4018 et
1645 3962 1745 4017 hoc

145 4067 276 4120 loco
323 4060 644 4117 faciendum.
693 4059 826 4113 Nam
855 4057 995 4128 quod
1027 4056 1092 4111 ad
1122 4062 1337 4126 peccata
1359 4053 1594 4110 cavenda
1627 4069 1747 4122 per-

149 4157 320 4220 tinet,
372 4153 472 4208 alia
515 4150 728 4222 quidem
777 4159 903 4204 sunt
947 4163 1066 4219 qua:
1110 4161 1358 4203 sermone
1396 4145 1746 4214 doctrinaque

148 4255 339 4318 egent,
371 4246 471 4300 alia
497 4259 626 4298 vero
652 4243 720 4296 ita
747 4241 1022 4295 manifesta
1051 4248 1105 4294 et
1127 4240 1290 4304 clara,
1324 4247 1381 4292 ut
1406 4247 1549 4292 metu
1574 4236 1746 4291 solum

149 4355 221 4395 ac
260 4337 522 4407 supplicio
563 4343 914 4390 coerceantur
945 4352 957 4386 :
989 4332 1139 4401 cujus
1177 4330 1390 4400 generis
1429 4336 1572 4390 sunt,
1601 4327 1748 4382 occi-

152 4433 312 4495 dere,
343 4428 664 4483 adulterium
691 4425 996 4488 admittere,
1026 4422 1210 4483 furari,
1231 4437 1348 4492 qua:
1374 4421 1615 4474 oratione
1644 4434 1750 4472 non

151 4531 340 4594 egent.
386 4518 748 4587 Quamobrem
791 4515 1064 4586 legislator
1092 4529 1200 4570 non
1239 4513 1537 4568 doctrinam
1579 4511 1756 4581 posuit

151 4629 264 4684 qua
294 4626 453 4666 aures
496 4618 694 4665 nostra:
736 4613 1116 4678 personarent,
1161 4614 1216 4660 et
1253 4619 1368 4658 rem
1410 4618 1530 4660 esse
1557 4602 1752 4657 malam

155 4704 490 4762 iudicaretur
522 4721 534 4757 :
566 4699 693 4756 illud
741 4698 883 4754 enim
933 4697 1044 4768 jam
1088 4697 1466 4766 cogitationem
1517 4705 1754 4750 nostram

153 4801 650 4870 praeoccupaverat;
680 4790 773 4846 sed
800 4789 970 4844 solum
993 4786 1278 4859 prohibuit,
1300 4787 1414 4844 Non
1439 4785 1754 4842 adulterium

155 4890 441 4957 admittes,
473 4903 578 4942 non
610 4885 821 4941 occides
848 4882 1024 4955 (Deut.
1058 4882 1112 4937 5.
1142 4882 1230 4936 17.
1263 4881 1376 4952 18).
1417 4879 1515 4937 Ubi
1538 4894 1664 4934 vero
1692 4876 1759 4932 de

158 4984 450 5039 viduarum
493 4983 748 5051 despectu
774 5022 789 5047 ,
821 4980 995 5049 deque
1035 4977 1400 5048 depositorum
1429 4977 1620 5031 violata
1656 4975 1760 5030 fide

161 5092 269 5133 nos
293 5076 602 5147 alloquitur,
632 5082 756 5129 tunc
788 5072 1021 5128 rationes
1040 5069 1241 5141 adjicit.
1276 5069 1540 5135 Miaerare,
1569 5067 1756 5138 inquit,

162 5171 410 5231 viduam,
451 5179 498 5222 et
549 5167 845 5244 advenam:
889 5164 1069 5219 etenim
1101 5175 1149 5217 et
1189 5173 1241 5216 tu
1286 5162 1479 5216 advena
1523 5161 1664 5231 fuisti
1708 5161 1761 5214 in

166 5275 308 5318 terra
346 5259 566 5332 zEgyptt'
597 5258 776 5331 (Deut.
806 5257 892 5312 10.
922 5256 1035 5326 18).
1095 5255 1374 5311 Sabbatum
1412 5255 1581 5324 requie
1627 5254 1755 5320 cole,

164 5353 346 5424 inquit
393 5351 602 5424 (Exod.
648 5350 738 5405 ΞΟ.
788 5349 873 5405 10.
914 5358 964 5404 et
997 5349 1086 5404 5|.
1118 5348 1256 5418 t5):
1303 5345 1495 5403 deinde
1545 5360 1762 5402 causam

168 5447 327 5503 aﬂ'crt
354 5446 394 5499 ¹.

248 5539 438 5594 Fatum
472 5537 676 5592 omnino
701 5534 1065 5588 damnandum.
1093 5563 1163 5574 ——
1191 5533 1381 5588 Fatum
1405 5533 1582 5602 itaque
1606 5547 1762 5586 aver-

169 5613 313 5696 gari,
357 5644 464 5684 non
509 5635 834 5698 przeceptum
862 5634 944 5680 est
969 5622 1110 5694 quod
1139 5623 1416 5678 ratiocinio
1455 5631 1640 5695 egeat,
1670 5621 1764 5679 sed

235 5753 252 5782 ι
290 5744 431 5804 Illud,
457 5742 634 5795 deinde
656 5753 852 5792 causam
875 5733 1033 5803 ame'rt,
1051 5737 1196 5789 deest
1215 5737 1265 5789 in
1286 5736 1418 5789 Coll).

1837 2885 1902 2924 ex
1949 2870 2053 2926 illis
2099 2872 2392 2942 perspicuis
2431 2881 2534 2927 est.
2579 2870 2713 2927 Nam
2757 2871 3206 2942 quemadmodum
3258 2869 3430 2940 palam

1837 2970 1922 3017 est
1947 2961 2148 3017 czedem
2178 2971 2232 3018 et
2258 2963 2577 3018 adulterium
2605 2978 2725 3018 esse
2765 2963 2902 3017 mala
2943 2971 2998 3018 et
3028 2961 3291 3032 prohibita
3314 3001 3329 3026 ,
3360 2960 3430 3012 ita

1841 3054 2182 3125 perspicuum
2210 3063 2292 3108 est
2319 3053 2485 3109 fatum
2514 3055 2672 3109 etiam
2696 3069 2819 3109 esse
2847 3053 3044 3107 malum
3085 3067 3151 3106 ac
3186 3049 3425 3120 prohibi-

1841 3153 1950 3199 tum
1986 3163 1998 3199 :
2031 3160 2202 3216 neque
2230 3145 2372 3200 enim
2401 3159 2469 3200 ex
2512 3159 2578 3200 eo
2619 3145 2761 3212 quod
2800 3143 2960 3214 aliqui
2998 3143 3096 3211 ipsi
3135 3141 3296 3196 fidem
3337 3139 3432 3193 ha-

1841 3237 2036 3303 beant,
2064 3238 2258 3308 putetis
2292 3238 2466 3307 ipsum
2506 3253 2612 3291 non
2639 3251 2762 3292 esse
2791 3251 2905 3291 rem
2934 3234 3174 3289 vetitam.
3217 3232 3430 3288 Etenim

1841 3341 1896 3387 et
1945 3331 2121 3387 caedes
2160 3346 2374 3403 quoque
2413 3337 2652 3402 patratur
2675 3371 2691 3397 ,
2746 3329 2847 3385 etsi
2888 3328 3094 3400 legibus
3132 3325 3430 3398 prohibita;

1841 3423 2102 3480 adulteria
2133 3424 2258 3478 item
2289 3433 2342 3498 et
2367 3424 2568 3494 rupium
2589 3421 2941 3477 admittuntur
2960 3435 2992 3475 a
3017 3419 3220 3485 multis,
3245 3432 3431 3488 quam-

1843 3516 1923 3571 vis
1943 3517 2127 3571 vetita.
2170 3515 2322 3582 Quod
2349 3515 2491 3570 enim
2532 3514 2756 3586 perinde
2782 3523 2944 3584 atque
2970 3512 3145 3568 caedes
3165 3552 3179 3576 ,
3218 3508 3433 3581 genesis

1844 3623 2054 3677 quoque
2082 3607 2288 3677 legibus
2307 3607 2613 3664 Graecorum
2637 3607 2707 3660 sit
2731 3606 2917 3672 vetita,
2939 3604 3062 3658 hinc
3091 3603 3276 3673 liquet,
3294 3601 3436 3671 quod

1845 3699 1888 3752 si
1919 3700 2037 3770 quis
2077 3699 2339 3754 adulterio
2372 3713 2494 3753 cum
2524 3713 2689 3752 uxore
2729 3697 3027 3767 cujuspiam
3059 3694 3296 3748 admisso
3320 3734 3334 3758 ,
3381 3693 3434 3746 in

1847 3791 1964 3846 foro
1988 3790 2226 3860 judiciali
2247 3799 2528 3846 accusatus
2557 3790 2752 3844 dixerit
2784 3807 2796 3843 :
2831 3787 2947 3843 Non
2974 3801 3106 3856 ego,
3131 3784 3232 3840 sed
3261 3799 3432 3854 gene-

1848 3885 1921 3939 sis
1955 3900 2092 3955 :ego
2120 3886 2316 3955 quippe
2350 3892 2712 3952 temperanter
2735 3897 2896 3953 agere
2933 3881 3199 3943 volebam,
3227 3879 3319 3933 sed
3353 3878 3440 3932 illa

1850 3992 1936 4030 me
1979 3976 2184 4046 impulit
2217 3993 2230 4029 :
2261 3991 2437 4029 annon
2483 3974 2605 4030 ideo
2643 3973 2916 4044 graviores
2942 3972 3090 4027 dabit
3129 3985 3352 4043 paruas,
3385 3979 3444 4023 ut
3497 4015 3514 4020 _

1851 4067 1942 4137 qui
1970 4065 2036 4121 ad
2069 4065 2345 4121 ridiculam
2375 4064 2742 4120 defensionem
2771 4063 3099 4133 confugerit?
3139 4077 3208 4115 an
3233 4061 3442 4114 veniam

1855 4160 2157 4229 impetrabit
2175 4159 2198 4211 ?
2216 4154 2552 4227 Neutiquam.
2581 4157 2648 4210 At
2669 4153 2964 4210 secundum
2993 4153 3112 4208 illos
3128 4152 3447 4220 impetrasse

1854 4253 2108 4321 Oportuit.
2161 4251 2219 4306 Si
2261 4250 2402 4306 enim
2432 4249 2656 4320 genesi,
2687 4264 2794 4302 non
2822 4247 3046 4302 arbitrio
3093 4254 3278 4299 nostro
3328 4241 3446 4297 haec

1857 4345 2075 4408 tierent,
2103 4343 2246 4396 nulla
2274 4341 2447 4410 aptior
2471 4339 2714 4396 defensio
2743 4345 2911 4393 esset.
2954 4335 3086 4391 Nam
3119 4335 3162 4390 si
3195 4333 3446 4389 voluntas

1857 4445 2039 4491 nostra
2067 4435 2334 4505 potentior
2351 4434 2418 4487 sit
2441 4432 2645 4503 genesi,
2670 4432 2811 4486 nulla
2835 4431 3044 4502 genesis
3065 4429 3197 4485 erit:
3221 4428 3266 4481 si
3295 4441 3444 4491 vero,

1856 4527 2192 4596 quantumvis
2246 4534 2468 4580 conetur
2517 4524 2814 4595 quispiam,
2865 4536 3089 4577 necesse
3145 4519 3213 4574 sit
3241 4532 3301 4572 ea
3329 4533 3450 4586 quae

1857 4618 2043 4688 genesi
2070 4625 2192 4673 sunt
2215 4617 2474 4688 praefinita
2517 4615 2754 4686 impleri;
2783 4613 2980 4669 frustra
3013 4613 3227 4684 punitur
3248 4610 3361 4674 ille,
3395 4618 3451 4664 et

1862 4713 2015 4767 venia
2042 4712 2090 4767 ci
2121 4721 2384 4782 negatur;
2416 4710 2510 4766 sed
2550 4724 2708 4764 nemo
2743 4708 2892 4762 illum
2935 4720 3108 4777 neque
3136 4720 3196 4760 se
3223 4718 3452 4775 purgan-

1864 4813 1969 4860 tem
1999 4820 2175 4875 neque
2220 4804 2433 4859 veniam
2482 4802 2853 4870 impetrantem
2899 4798 3080 4854 audiet
3121 4817 3136 4854 :
3167 4799 3238 4853 ita
3272 4811 3361 4852 res
3386 4795 3455 4849 ab

1863 4899 2110 4954 omnibus
2153 4897 2373 4965 explosa
2409 4903 2537 4960 est,
2589 4893 2887 4962 fabulzeque
2931 4906 2994 4947 ac
3032 4905 3291 4962 nugarum
3337 4889 3456 4944 loco

1866 4990 2114 5044 habetur.
2152 4986 2298 5042 Multi
2341 5000 2468 5040 vero
2494 4986 2839 5056 magistratus
2871 4984 3112 5055 (tametsi
3141 4983 3210 5036 ab
3239 4979 3456 5034 homine

1865 5081 2114 5152 quopiam
2136 5079 2179 5133 si
2211 5080 2289 5134 vis
2316 5078 2604 5146 inferatur,
2644 5078 2696 5133 id
2735 5093 2829 5133 reo
2860 5075 2926 5131 ad
2955 5075 3316 5130 defensionem
3341 5072 3454 5124 suf-

1869 5175 2030 5238 ﬁciat,
2064 5175 2172 5228 imo
2199 5173 2377 5243 potius
2403 5173 2605 5228 nullum
2629 5186 2750 5227 esse
2764 5170 2965 5225 crimen
2989 5169 3127 5222 ultra
3157 5165 3454 5230 videatur),

1869 5267 2040 5332 multi,
2071 5267 2307 5336 inquam,
2331 5267 2669 5335 magistratus
2692 5264 2759 5318 de
2787 5263 2980 5331 injusta
3018 5256 3165 5313 caade
3201 5255 3456 5318 accusati,

1868 5373 2054 5430 pcenas
2078 5357 2339 5413 dederunt
2369 5375 2381 5410 :
2411 5356 2690 5413 carnifices
2726 5351 3009 5421 vero,\qui
3045 5348 3221 5404 caules
3261 5362 3454 5418 perpeo

1871 5459 2014 5504 trant
2037 5490 2051 5514 ,
2093 5463 2295 5518 suaque
2339 5463 2502 5503 manu
2540 5444 2848 5516 perficiunt,
2885 5443 2952 5496 ad
2980 5440 3210 5496 tribunal
3242 5438 3457 5495 trahere

1872 5545 1954 5600 vel
1992 5542 2428 5614 perquisitionem
2474 5541 2649 5596 facere
2679 5553 2836 5593 nemo
2862 5535 3202 5608 aggrediatur
3225 5576 3238 5598 ,
3271 5543 3456 5604 patro-

1870 5637 2082 5692 cinante
2106 5634 2456 5699 necessitate,
2506 5631 2846 5702 magistratus
2884 5629 3215 5691 auctoritate.
3248 5638 3303 5683 et
3332 5629 3460 5683 sub-

1869 5729 2116 5799 jectionis
2157 5727 2364 5783 timore.
2410 5725 2562 5793 Quod
2596 5723 2641 5779 si
2667 5723 2870 5780 homini
2902 5723 3214 5794 ignoscunt,
3246 5723 3368 5792 quia
3394 5721 3461 5788 ab
3538 5739 3543 5750 ‘
