3870 6272
467 263 573 321 759
1268 272 1324 329 S.
1365 273 1644 331 JOANNIS
1681 273 2159 332 CHRYSOSTOMI
2199 277 2515 336 ARClllEP.
2547 275 3082 337 CONSTANTINOP.
3706 289 3796 342 76a.)
3836 289 3837 310 ³

465 376 685 431 homine
737 380 1034 437 contribule
1086 397 1184 437 suo
1233 395 1448 440 coactus
1493 396 1606 452 est;
1662 401 1841 443 nonne
1885 386 2052 442 multo

463 467 635 536 magis
662 468 863 524 homini
896 486 990 541 per
1017 472 1178 527 fatum
1205 484 1412 543 coacto,
1442 477 1849 532 condonandum
1873 479 2057 533 esset?

462 560 620 630 Atqui
644 560 1020 632 aufugiendum
1049 575 1187 621 erat.
1243 567 1444 622 Verum
1468 569 1611 624 illius
1631 611 1645 635 ,
1673 578 1730 624 ut
1752 571 1918 636 aiunt,
1951 569 2053 625 im-

466 655 669 720 perium
694 654 771 708 sic
795 655 1201 728 inexpugnabile
1216 669 1319 728 est,
1344 670 1402 714 ut
1419 662 1662 732 quamvis
1679 662 1732 716 in
1752 663 2047 728 desertum,

462 746 707 811 quamvis
737 745 788 798 in
813 761 980 814 mare,
999 753 1240 818 quamvis
1256 751 1418 806 alium
1443 754 1494 806 in
1513 753 1686 808 locum
1707 764 1759 808 te
1783 755 2054 823 conferas,

461 836 576 902 ejus
620 837 812 907 placita
843 839 859 870 ¹
889 855 993 895 non
1025 842 1265 913 effugias.
1311 845 1588 911 Quomodo
1628 849 1786 917 igitur
1813 865 1918 904 non
1955 851 2053 905 ab-

461 926 682 981 surdum
707 927 865 984 fuerlt
889 973 906 998 ,
936 949 1057 987 cum
1101 935 1190 1004 qui
1219 950 1249 989 a
1278 935 1519 992 barbaris
1545 953 1732 1008 magna
1753 939 1802 992 vi
1828 940 2052 1009 cogitur,

461 1016 620 1072 facile
663 1021 872 1089 veniam
920 1023 1249 1093 impetrare,
1297 1035 1354 1081 ut
1399 1043 1466 1082 ne
1493 1029 1708 1099 quidem
1752 1039 2052 1096 accusetur,

2167 387 2312 444 dum.
2333 388 2465 445 Cum
2484 391 2622 446 enim
2651 392 2768 462 quis
2795 390 3061 461 didicerit,
3086 392 3379 462 moechum,
3412 395 3786 456 homicidam.

2162 495 2437 535 murorum
2467 480 2802 546 eﬂ'ossorem,
2833 498 2940 536 non
2985 498 3106 539 esse
3147 486 3385 541 criminis
3428 502 3600 541 reum
3626 529 3645 551 ,
3693 506 3794 544 non
3836 539 3837 542 η

2161 571 2370 627 desinet
2397 574 2548 642 quasi
2582 574 2634 627 in
2684 574 2941 644 praecipiti
2986 574 3105 628 loco
3143 585 3335 644 sponte
3378 593 3560 631 ruens
3605 582 3788 648 provi-
3836 633 3837 638 η

2162 662 2356 717 dentice
2395 663 2529 718 alios
2575 664 2987 720 calumniatores
3013 665 3266 734 efﬁcere,
3313 675 3369 722 et
3414 667 3539 737 ipse
3571 685 3795 739 quoque

2161 752 2514 807 calumniator
2532 753 2622 806 Dei
2656 768 2777 809 esse
2813 772 2826 808 :
2857 769 2960 824 quo
2990 755 3139 826 quid,
3169 773 3372 824 qumso,
3402 760 3788 828 perniciosius
3836 739 3837 782 Ῑ

2161 860 2280 900 esse
2309 844 2530 914 potest?
2583 844 2870 916 Fugiamus
2899 846 3076 916 itaque
3096 888 3111 912 ,
3137 848 3314 903 dilecti
3339 889 3354 911 ,
3399 850 3580 905 talem
3619 851 3788 906 idolo-

2163 936 2401 990 latriam:
2429 952 2554 992 vere
2577 949 2722 992 mors
2747 947 2827 992 cst
2849 938 2901 991 in
2919 938 3023 992 olla
3046 938 3118 1008 (4.
3146 939 3271 1010 Reg.
3292 941 3347 994 4.
3371 941 3496 1011 40),
3522 957 3783 997 omnem-

2165 1043 2270 1097 que
2314 1029 2403 1099 qui
2461 1029 2582 1084 inde
2629 1029 2868 1084 hauserit
2915 1031 2996 1085 vel
3053 1031 3312 1086 tantillum
3364 1049 3779 1102 perversoru:n

459 1123 584 1162 eum
613 1125 762 1177 vero,
790 1113 878 1182 qui
903 1118 1224 1192 potentiore,
1255 1130 1312 1172 ut
1339 1119 1518 1186 aiunt,
1553 1121 1877 1177 necessitate
1903 1137 2055 1177 com-

463 1201 682 1270 pellitur
705 1245 721 1270 ,
756 1220 939 1274 poenas
970 1207 1098 1263 dare
1117 1249 1132 1274 ,
1167 1225 1338 1280 neque
1363 1211 1430 1267 ad
1455 1214 1631 1267 causae
1650 1228 1760 1269 suae
1788 1213 2056 1269 defensio-

464 1307 585 1346 nem
614 1294 862 1350 admitti?
889 1296 1057 1352 Nemo
1072 1300 1214 1354 enim
1239 1317 1488 1372 umquam
1522 1304 1684 1358 fatum
1718 1305 2056 1373 pratendens

464 1399 652 1453 pinnas
697 1387 879 1456 effugit
911 1407 925 1443 :
954 1405 1059 1446 non
1102 1392 1154 1446 in
1196 1393 1310 1448 foro
1345 1395 1585 1464 judiciali
1617 1397 1917 1463 maleficus,
1947 1413 2053 1453 non

463 1476 607 1530 domi
635 1476 867 1534 famulus
887 1520 902 1547 ,
936 1497 1040 1536 non
1073 1483 1124 1536 in
1157 1484 1282 1538 ludo
1315 1501 1448 1554 puer
1469 1528 1485 1553 ,
1517 1502 1621 1540 non
1652 1488 1706 1542 in
1735 1489 1939 1544 artibus
1969 1490 2055 1544 di-

465 1569 698 1638 scipulus
723 1612 738 1634 ,
783 1572 828 1626 si
864 1574 1076 1642 quando
1119 1575 1152 1630 ii
1193 1579 1548 1646 peccaverint.
1591 1577 1870 1644 Quomodo
1898 1581 2056 1651 igitur

464 1659 681 1728 quidam
714 1660 877 1716 fatum
908 1672 1120 1720 tuentur
1143 1705 1159 1734 ,
1203 1669 1290 1736 qui
1335 1669 1459 1722 illud
1490 1671 1566 1724 sic
1602 1669 1878 1738 infamant,
1911 1672 2054 1742 ejus-

465 1767 571 1821 que
598 1754 899 1808 necessitati
923 1773 989 1810 ne
1005 1756 1279 1812 minimum
1302 1759 1515 1829 quidem
1533 1762 1700 1816 venite
1722 1763 2054 1817 concedunt?

459 1840 540 1895 ita
581 1859 772 1914 nempe
809 1847 1032 1902 veritate
1057 1857 1111 1902 et
1136 1851 1458 1905 conscientia
1491 1867 1584 1906 sua
1617 1853 1877 1922 permoti,
1908 1853 2055 1908 fabuo

465 1934 571 1989 lam
602 1951 722 1992 esse
745 1947 952 2007 putant.
996 1939 1126 1994 Cum
1173 1951 1350 1996 autem
1384 1942 1436 1996 in
1465 1944 1643 2013 gravia
1683 1953 1897 2013 peccata
1921 1946 2053 2014 lapsi

463 2026 679 2092 fuerint,
709 2029 847 2084 aliud
876 2047 1061 2085 rursus
1090 2033 1450 2102 prmtendunt,
1483 2050 1589 2105 quo
1618 2049 1675 2089 se
1707 2051 1891 2106 pceuas
1917 2037 2052 2091 etfu-

463 2132 589 2186 gcre
633 2134 791 2188 posse
838 2130 1057 2190 putant,
1108 2125 1259 2193 quasi
1308 2140 1436 2180 vero
1479 2141 1586 2180 non
1631 2126 1750 2182 ideo
1783 2127 2054 2197 graviores

463 2210 659 2266 daturi.
689 2212 898 2268 Etenim
928 2231 1032 2268 non
1058 2224 1160 2269 tam
1189 2231 1350 2286 grave
1371 2224 1453 2272 est
1477 2233 1717 2287 peccare,
1750 2235 1907 2288 quam
1937 2228 2056 2287 post

466 2312 744 2370 peccatum
773 2305 1110 2374 impudenter
1150 2322 1310 2378 agere
1332 2350 1346 2374 ,
1395 2318 1449 2363 et
1479 2319 1695 2379 preptcr
1724 2311 1926 2365 scelera
1958 2325 2053 2365 sua

467 2394 634 2448 Deum
660 2409 930 2452 accusare.
958 2399 1068 2453 l-loc
1098 2402 1332 2454 onmium
1361 2411 1696 2470 peccatorum
1721 2405 2052 2461 teterrimum

465 2496 576 2540 est:
603 2486 729 2541 illud
755 2504 882 2544 vero
901 2490 1142 2546 diabolus
1169 2505 1339 2559 curat,
1359 2503 1416 2547 ut
1439 2509 1542 2549 non
1567 2493 1724 2550 modo
1745 2511 1842 2551 nos
1862 2511 2054 2565 segnes

465 2578 530 2630 ad
563 2578 831 2644 virtutem,
881 2590 934 2634 et
964 2597 1159 2650 pronos
1188 2583 1253 2636 ad
1290 2584 1486 2638 malum
1529 2585 1750 2652 reddat,
1795 2596 1850 2640 et
1874 2587 2052 2640 omnia

467 2667 578 2723 Deo
605 2670 895 2726 attribucre
913 2673 1164 2738 suadeat;
1193 2675 1285 2730 sed
1308 2676 1464 2729 etiam
1486 2676 1809 2732 defensionis
1831 2677 2051 2733 obtentu

370 2771 382 2780 ‘
465 2770 518 2814 et
546 2762 774 2816 animam
805 2773 857 2819 et
903 2765 1131 2835 linguam
1160 2775 1395 2822 nostram
1424 2769 1476 2823 in
1507 2769 1892 2841 blaSphemiam
1921 2787 2052 2827 con-

465 2855 640 2926 jiriat,
680 2868 817 2914 utet
849 2861 1010 2915 Deum
1040 2877 1350 2918 accusemus
1373 2904 1388 2931 ,
1441 2875 1494 2920 et
1540 2866 1677 2921 male
1721 2875 1993 2935 gestorum
2024 2885 2052 2922 a

467 2949 620 3004 nobis
643 2949 822 3004 odium
851 2953 1210 3022 deponamus,
1259 2966 1313 3010 et
1339 2957 1389 3010 in
1423 2971 1542 3012 eum
1565 3000 1580 3025 ,
1617 2957 1709 3028 qui
1735 2968 1919 3014 auctor
1949 2976 2053 3013 non

469 3049 574 3106 est,
607 3041 814 3111 culpam
848 3043 1206 3100 traducamus.
1241 3047 1400 3118 Atqui
1431 3048 1473 3102 si
1502 3049 1618 3119 quis
1643 3049 1782 3118 apud
1812 3049 2054 3106 homines
2082 3058 2084 3060 '

465 3131 662 3201 aliquid
705 3133 809 3190 tale
861 3134 1219 3207 designaverit
1246 3181 1260 3206 ,
1309 3140 1391 3194 vel
1437 3140 1488 3194 id
1524 3156 1684 3194 unum
1726 3142 1856 3196 satis
1881 3141 2052 3196 estad

465 3223 581 3291 ejus
609 3225 999 3281 accusationem
1041 3235 1200 3298 atque
1231 3229 1540 3299 perniciem.
1592 3230 1722 3285 Cum
1763 3232 1881 3300 quis
1911 3231 2054 3286 enim

466 3314 692 3368 alterum
721 3317 1089 3384 calumniatur,
1115 3321 1322 3374 etiamsi
1350 3321 1480 3375 nihil
1510 3322 1632 3376 mali
1657 3324 1962 3392 patraverit,
1999 3334 2054 3376 ut

467 3405 707 3458 criminis
753 3407 830 3460 rei
870 3409 1129 3477 supplicio
1173 3411 1442 3479 plectitur.
1505 3411 1636 3465 Vide
1679 3413 1835 3481 igitur
1859 3422 2050 3481 quanta

467 3496 605 3548 mala
637 3495 880 3554 diabolus
922 3514 1014 3568 per
1054 3499 1217 3555 fatum
1262 3502 1520 3558 inducat:
1561 3505 1764 3558 virtutis
1807 3513 2051 3558 contem-

469 3593 659 3654 ptum;
707 3588 940 3644 aninr'm
982 3593 1176 3662 quippe
1203 3595 1420 3649 resolvit
1463 3597 1799 3665 quantumvis
1829 3612 2052 3665 pronum

469 3675 534 3728 ad
583 3677 805 3733 sudores
854 3695 950 3749 pro
993 3683 1080 3736 illa
1127 3685 1530 3755 suscipiendos,
1581 3687 1792 3756 quando
1842 3687 2050 3755 suadet,

469 3767 671 3822 nullum
699 3770 840 3840 quod
880 3773 933 3826 in
973 3789 1071 3829 nos
1097 3775 1293 3830 incidat
1317 3786 1522 3847 gestum
1555 3793 1650 3848 pro
1682 3777 1809 3833 vitio
1848 3777 2053 3834 haben—

533 3947 551 3976 ³
583 3944 736 4009 Colb.,
760 3947 848 4014 ﬁla
868 3950 991 4013 ejus,
1016 3966 1126 4017 quae
1152 3957 1297 4005 etiam
1320 3954 1470 4006 lectio
1491 3958 1730 4022 quadrare
1749 3963 1926 4021 potest.

2161 1117 2486 1190 dogmatum,
2521 1136 2741 1190 prorsus
2772 1121 2906 1176 mori
2934 1137 3154 1177 necesse
3178 1133 3280 1188 est,
3311 1125 3413 1179 nisi
3449 1127 3702 1192 resiliat,
3735 1140 3778 1182 et

2161 1213 2388 1266 sanitate
2435 1227 2563 1280 pura
2593 1211 2816 1266 fruatur.
2869 1211 2945 1267 Nc
2986 1213 3143 1283 igitur
3186 1223 3368 1284 postea
3421 1215 3775 1271 infructuose

2161 1302 2470 1371 ploremus,
2518 1317 2640 1357 cum
2670 1303 2823 1357 nobis
2867 1310 3123 1357 statutum
3167 1305 3504 1374 poenitentia:
3561 1317 3777 1376 tempus

2163 1403 2284 1464 post
2312 1394 2591 1450 decessum
2633 1396 2912 1466 praecisum
2954 1397 3149 1463 fuerit,
3199 1397 3371 1452 donec
3427 1399 3485 1452 in
3543 1403 3776 1455 arbitrio

2161 1494 2345 1539 nostro
2367 1487 2525 1540 situm
2553 1495 2653 1551 est,
2677 1497 2934 1556 quotquot
2961 1487 3061 1542 hoc
3077 1488 3305 1558 correpti
3329 1503 3521 1543 sumus
3553 1492 3773 1550 morbo.

2162 1578 2530 1648 pmnitentiam
2557 1593 2776 1648 agamus
2805 1588 2860 1634 et
2887 1579 3260 1649 resipiscamus
3291 1594 3306 1633 :
3341 1591 3627 1652 quotquot
3652 1599 3773 1638 vero

2159 1669 2273 1723 sani
2301 1685 2504 1734 sumus,
2523 1679 2576 1724 et
2607 1670 3020 1725 incolumitatem
3046 1685 3343 1735 servemus,
3366 1682 3418 1725 et
3443 1672 3551 1727 hoc
3579 1675 3771 1728 morbo

2159 1761 2416 1830 correptis
2457 1776 2670 1815 manum
2713 1761 3062 1832 porrigamns.
3107 1760 3236 1814 Nam
3267 1762 3309 1814 si
3338 1777 3582 1832 corpore
3616 1767 3771 1834 a'gris

2161 1851 2262 1906 hoc
2284 1852 2514 1906 studium
2561 1851 2802 1922 hancque
2843 1867 3025 1906 curam
3075 1851 3421 1918 adhibemus,
3477 1855 3658 1907 animi
3691 1857 3766 1908 in-

2159 1953 2383 2013 gruente
2411 1943 2598 1997 morbo
2622 1984 2636 2008 ,
2674 1942 2803 2011 quid
2839 1958 2944 1997 non
2985 1957 3014 1996 a
3043 1943 3196 1997 nobis
3239 1947 3615 2014 przestandum
3656 1949 3770 2000 est?

2160 2036 2284 2105 quid
2316 2052 2419 2089 non
2466 2035 2846 2091 sustinebimus
2869 2075 2884 2100 ,
2942 2044 2997 2089 ut
3029 2034 3246 2090 fratrem
3269 2079 3284 2102 ,
3325 2037 3396 2091 ad
3441 2040 3766 2094 societatem

2160 2126 2521 2181 membrorqu
2553 2125 2794 2180 eamdem
2823 2135 3128 2195 cooptatum
3155 2167 3170 2191 ,
3220 2143 3618 2197 recuperemus
3640 2173 3657 2195 ,
3683 2131 3763 2198 qui

2159 2216 2223 2271 ad
2243 2217 2626 2287 plenitudinem
2646 2218 2885 2287 corporis
2902 2217 3244 2273 ecclesiastici
3270 2221 3545 2289 pertinet?
3571 2224 3763 2276 Omnia

2157 2308 2318 2378 igitur
2336 2307 2493 2378 hujus
2510 2323 2666 2362 causa
2685 2309 3057 2377 suscipiamus,
3086 2310 3259 2362 omnia
3284 2309 3576 2375 faciamus,
3606 2328 3764 2367 canes

2159 2411 2220 2452 ac
2248 2398 2398 2467 lupos
2425 2398 2728 2468 abigentes:
2755 2414 2925 2467 neque
2954 2408 3184 2452 nostram
3205 2400 3428 2454 salutem
3448 2403 3587 2454 satis
3613 2404 3763 2456 nobis

2157 2503 2277 2544 esse
2297 2499 2558 2558 putemus.
2576 2488 3026 2557 Quemadmodum
3048 2490 3187 2542 enim
3208 2491 3407 2544 dictum
3425 2501 3536 2558 est,
3555 2492 3763 2546 Sicide-

2163 2580 2248 2634 bas
2274 2580 2455 2648 furem,
2485 2579 2717 2632 currebas
2741 2596 2854 2631 cum
2875 2595 2952 2645 eo,
2986 2589 3032 2632 et
3059 2596 3171 2632 cum
3197 2580 3444 2634 adulteris
3471 2583 3758 2651 portionem

2159 2679 2298 2724 tuam
2317 2669 2534 2740 ponebas
2555 2668 2672 2737 (Ps.
2694 2669 2780 2723 49.
2810 2667 2928 2739 l8):
2951 2668 3020 2721 ita
3038 2678 3091 2723 et
3115 2669 3197 2724 hic
3209 2685 3418 2739 quoque
3444 2671 3756 2736 audiamus;

2158 2775 2278 2814 cum
2296 2759 2584 2814 viderimus
2603 2759 2831 2829 aliquem
2853 2774 2918 2813 ex
2940 2759 3187 2812 fratribus
3201 2761 3394 2813 nostris
3406 2760 3756 2815 suffurantem

2159 2851 2338 2905 verbis
2365 2859 2419 2905 et
2444 2850 2676 2904 susurris
2699 2890 2714 2915 ,
2747 2849 2845 2902 ista
2873 2849 3170 2903 audiamus.
3205 2850 3403 2904 Domus
3428 2851 3650 2906 Domini
3677 2863 3753 2906 est

2161 2941 2419 3009 Ecclesia,
2449 2957 2572 2996 vasa
2606 2941 2833 3010 pretiosa
2857 2949 2980 2994 sunt
3007 2940 3210 2995 fideles.
3237 2939 3370 2995 Cum
3398 2957 3530 3011 ergo
3559 2943 3752 2996 videris

2160 3044 2437 3089 externum
2465 3034 2697 3103 aliquem
2723 3033 2959 3091 cxvasis
2980 3032 3248 3102 quidpiam
3279 3033 3518 3104 diripere
3552 3050 3752 3088 conan-

2159 3133 2266 3179 tem
2293 3166 2307 3191 ,
2340 3124 2548 3179 etiamsi
2579 3132 2631 3177 tu
2660 3138 2766 3178 non
2812 3123 2912 3178 hoc
2938 3123 3064 3177 vitio
3092 3133 3277 3193 captus
3303 3124 3377 3177 sis
3402 3165 3418 3191 ,
3447 3134 3640 3192 utpote
3670 3125 3750 3194 qui

2160 3215 2495 3286 pericliteris,
2525 3215 2568 3269 si
2596 3215 2846 3284 negligas,
2873 3229 3045 3283 neque
3066 3214 3226 3268 adeas
3245 3229 3355 3280 eos,
3383 3216 3474 3284 qui
3506 3216 3558 3269 id
3575 3231 3751 3269 emen-

2159 3305 2287 3360 dare
2315 3314 2556 3374 possunt,
2590 3319 2712 3359 reus
2733 3306 2838 3359 eris
2865 3306 3057 3359 anima:
3084 3305 3242 3371 illius,
3271 3306 3357 3374 qui
3387 3321 3513 3360 cum
3555 3307 3750 3361 videris

2160 3397 2328 3451 furem
2355 3397 2717 3460 elfodicntem,
2745 3412 2848 3451 non
2879 3396 3218 3466 impediveris
3244 3397 3354 3451 sive
3390 3413 3488 3467 per
3519 3408 3569 3451 te
3591 3442 3606 3463 ,
3638 3401 3747 3453 sive

2162 3504 2255 3558 per
2280 3488 2459 3541 alium.
2493 3487 2671 3556 Neque
2698 3503 2822 3542 vero
2854 3489 2954 3541 hoc
2984 3487 3122 3553 dico,
3153 3486 3292 3556 quod
3326 3487 3420 3540 tibi
3456 3488 3746 3557 periculum

2161 3580 2472 3650 impendere
2497 3589 2698 3649 putem,
2744 3579 2838 3634 sed
2870 3587 2924 3633 ut
2954 3588 3006 3632 te
3032 3592 3279 3632 securum
3309 3577 3554 3645 reddam,
3589 3589 3743 3648 utque

2160 3674 2212 3728 id
2267 3673 2492 3728 efficiam
2540 3682 2600 3727 ut
2653 3673 2870 3742 perinde
2917 3672 3144 3725 aliorum
3191 3681 3351 3739 atque
3406 3680 3552 3723 tuam
3601 3688 3746 3724 cures

2159 3764 2405 3817 salutem.
2437 3762 2507 3816 Ita
2535 3763 2676 3817 enim
2703 3763 2990 3831 poterimus
3017 3761 3277 3830 promissa
3303 3763 3562 3830 consequi
3591 3763 3742 3825 bona,

2158 3854 2324 3924 gratia
2382 3854 2615 3921 Christi,
2672 3854 2756 3908 cui
2813 3853 2982 3923 gloria
3039 3853 3092 3906 in
3149 3851 3344 3907 saecula
3405 3853 3740 3906 sazculorum.

2163 3950 2354 4000 Amen.

1321 4189 1480 4270 DE
1535 4184 2328 4273 PROVIDENTIA
2383 4187 2531 4267 ET
2574 4181 2903 4274 FATO.

1111 4507 1307 4547 ORATIO
1348 4509 1419 4546 IV.

539 4581 736 4636 Eadem
760 4583 873 4653 ipsa
900 4582 1064 4637 dicere
1099 4584 1225 4637 mihi
1255 4584 1455 4654 quidem
1487 4600 1636 4653 grave
1660 4601 1760 4638 non
1783 4594 1885 4651 est,
1922 4585 2058 4639 vobis

468 4689 584 4727 vero
615 4683 777 4727 tutum
804 4673 1061 4745 (Philipp.
1095 4675 1148 4729 5.
1180 4673 1256 4747 1).
1301 4674 1452 4741 Quod
1479 4675 1523 4729 si
1550 4675 1717 4729 Paulo
1755 4675 2059 4745 frequenter

469 4765 761 4834 discipulos
784 4766 1022 4821 doctrina
1046 4768 1284 4824 imbuere
1311 4782 1442 4838 opus
1458 4768 1588 4832 fuit;
1609 4768 1793 4834 Paulo,
1820 4767 2053 4838 inquam,

470 4857 709 4927 quicum
741 4855 968 4925 Spiritus
1007 4861 1173 4928 gratia
1218 4859 1478 4925 docebat,
1531 4860 1620 4930 qui
1664 4875 1786 4914 cum
1835 4860 2058 4929 imperio

471 4949 716 5004 inimicos
743 4948 991 5018 abigebat
1009 4991 1024 5017 ,
1066 4951 1154 5020 qui
1178 4953 1414 5006 omnium
1442 4952 1786 5023 aegritudines
1811 4952 2054 5019 tollebat,

475 5041 637 5096 Paulo
659 5042 730 5096 ita
757 5040 1040 5108 honorato,
1075 5057 1230 5111 quem
1262 5057 1451 5098 omnes
1476 5042 1762 5099 audiebant
1783 5044 1930 5114 quasi
1957 5060 2056 5097 an-

469 5136 645 5205 gelum
674 5136 740 5189 de
765 5135 897 5190 cmlo
918 5135 1358 5201 descendentem,
1386 5137 1494 5190 imo
1523 5138 1695 5206 potius
1719 5138 1866 5206 quasi
1886 5138 2057 5209 ipsum

470 5227 776 5291 Christum;
807 5227 851 5281 si
879 5226 1055 5297 itaque
1077 5228 1149 5282 illi
1173 5243 1393 5284 necesse
1413 5227 1513 5283 fuit
1532 5230 1840 5299 frequenter
1871 5229 2058 5284 eadem

469 5319 583 5388 ipsa
607 5328 872 5390 repetere,
898 5320 1065 5375 multo
1086 5322 1252 5392 magis
1269 5322 1443 5386 nobis,
1472 5323 1560 5393 qui
1584 5323 1731 5378 nullo
1757 5323 1807 5377 in
1836 5338 2058 5378 numero

469 5428 676 5469 sumus.
704 5414 914 5469 Etenim
944 5415 1102 5469 etiam
1132 5415 1282 5472 vobis
1325 5425 1495 5470 tutum
1537 5425 1619 5471 est
1658 5415 1966 5486 frequenter
1990 5416 2059 5470 de

470 5504 659 5560 iisdem
691 5505 821 5576 ipsis
845 5505 1002 5560 rebus
1038 5506 1223 5562 audire
1245 5549 1260 5572 ,
1297 5522 1396 5562 nec
1425 5507 1584 5561 modo
1613 5508 1679 5562 de
1711 5507 1895 5562 iisdem
1930 5508 2058 5577 ipsis

469 5593 656 5662 rebus,
686 5594 779 5650 sed
809 5594 994 5651 eadem
1022 5597 1132 5666 ipsa
1155 5597 1224 5653 de
1253 5597 1439 5652 iisdem
1472 5597 1598 5666 ipsis
1619 5597 1797 5652 rebus.
1831 5597 1907 5652 Ne
1934 5612 2055 5666 gra-

470 5693 626 5740 vetur
651 5699 777 5755 ergo
805 5685 1080 5756 quisquam
1108 5727 1122 5754 ,
1166 5701 1337 5758 neque
1369 5688 1648 5744 molestum
1682 5687 1780 5743 sibi
1815 5698 1979 5758 putet,
2011 5688 2054 5743 si

2077 4367 2153 4379 ..-

2171 4493 2237 4548 de
2265 4492 2450 4547 eadem
2477 4490 2756 4561 hypothesi
2780 4489 2965 4545 eadem
2993 4490 3104 4559 ipsa
3135 4497 3508 4544 retractemus.
3529 4489 3582 4544 Si
3610 4491 3738 4544 enim

2159 4585 2430 4641 conlidere
2456 4585 2636 4639 liceret
2663 4624 2678 4648 ,
2708 4598 2802 4638 vos
2831 4582 2912 4636 his
2938 4581 3102 4636 semel
3142 4580 3339 4635 auditis
3386 4581 3739 4651 mgritudinem

2163 4677 2324 4730 animi
2349 4675 2686 4746 deposituros
2721 4689 2862 4739 esse,
2914 4688 2980 4727 ne
3014 4673 3092 4726 sic
3117 4671 3333 4741 quidem
3360 4672 3427 4726 ab
3460 4671 3562 4726 hoc
3588 4687 3735 4740 arguo

2161 4778 2342 4824 mento
2371 4768 2730 4823 recedendum
2757 4809 2772 4833 ,
2817 4766 2909 4820 sed
2948 4765 3014 4819 de
3039 4764 3230 4818 eodem
3266 4764 3380 4833 ipso
3419 4764 3729 4833 loquendum

2160 4871 2323 4927 esset,
2357 4869 2414 4916 ut
2442 4861 2592 4914 ﬁrma
2616 4857 2926 4926 stabilisque
2951 4856 3150 4910 sanitas
3179 4863 3355 4918 esset,
3382 4868 3582 4924 vosque
3608 4853 3733 4907 cauti

2161 4954 2350 5009 essetis
2374 4994 2389 5019 ,
2437 4969 2503 5006 ne
2530 4953 2581 5004 in
2609 4951 2723 5004 haec
2751 4965 2913 5019 opera
2944 4949 3272 5002 recideretis.
3326 4945 3585 5012 Quoniam
3623 4960 3737 4998 vero

2161 5046 2297 5116 apud
2332 5045 2601 5098 auditores
2644 5043 2899 5111 reliquias
2943 5040 3118 5094 adhuc
3151 5038 3319 5092 morbi
3351 5053 3472 5091 esse
3506 5038 3732 5107 suspica-

2163 5153 2302 5202 mur,
2335 5135 2636 5190 necessaria
2662 5132 2924 5192 etrationi
2958 5139 3314 5185 consentanea
3347 5127 3504 5180 nobis
3532 5137 3612 5182 est
3640 5126 3734 5181 fre-

2160 5242 2330 5296 quens
2363 5225 2548 5279 iisdem
2588 5225 2653 5278 de
2695 5223 2854 5278 rebus
2893 5221 3215 5276 adhortatio.
3269 5217 3441 5272 lledie
3467 5227 3637 5272 autem
3665 5218 3734 5271 di-

2119 5320 2387 5374 ‘cendum
2437 5329 2517 5373 est
2563 5332 2670 5389 quo
2724 5324 2880 5386 pacto
2930 5315 3042 5368 lucc
3091 5311 3427 5382 eﬂ‘ugiamus.
3475 5310 3733 5377 Quomodo

2163 5414 2321 5485 igitur
2351 5410 2696 5481 clTugiemus?
2745 5409 2926 5463 Primo
2968 5405 3214 5475 precibus
3255 5412 3310 5457 et
3335 5403 3727 5470 colloquiorum

2164 5505 2294 5566 Deo,
2325 5503 2557 5558 secundo
2583 5502 2679 5570 piis
2709 5497 3133 5569 cogitationibus.
3158 5495 3212 5551 Si
3232 5495 3376 5549 enim
3405 5495 3596 5548 videris
3618 5508 3722 5562 qua:

2164 5596 2335 5651 futura
2355 5638 2368 5661 ,
2393 5610 2510 5666 quae
2542 5592 2821 5662 pr;rsentia
2854 5588 3072 5654 fuerint,
3099 5602 3161 5640 ac
3188 5595 3394 5640 rectum
3421 5585 3491 5639 de
3514 5585 3727 5650 utrisque

2162 5687 2424 5742 calculum
2455 5685 2656 5752 tuleris,
2687 5696 2970 5752 numquam
2997 5679 3096 5734 hoc
3122 5679 3316 5734 malum
3345 5679 3572 5734 animam
3599 5683 3723 5727 tuam
