3870 6272
224 268 328 324 761

217 383 476 454 attinget.
525 380 656 436 Cum
696 397 823 452 ergo
867 380 1062 436 videris
1099 382 1399 452 quempiam
1434 392 1626 452 prmter
1649 381 1820 452 digni-

225 487 394 531 tatem
426 477 746 544 locupletem
775 515 788 536 .
832 491 898 528 ne
924 475 1133 529 beatmn
1159 475 1436 544 praedices,
1470 492 1537 530 ne
1567 476 1820 530 aemulan-

216 569 356 624 dum
384 578 539 640 putes
557 607 571 633 ,
615 583 787 638 neque
817 567 906 622 Dei
950 567 1336 636 providentiam
1365 567 1587 622 damnes
1607 609 1621 631 ,
1648 582 1821 635 neque

223 671 387 730 putes
415 670 614 714 temere
636 669 690 714 et
715 673 844 713 casu
894 657 1021 712 ferri
1071 673 1156 713 res
1203 667 1525 727 praesentes,
1568 657 1690 727 quia
1729 658 1820 712 ille

217 753 492 822 quispiam
545 758 742 820 praeter
788 750 1031 803 meritum
1085 748 1322 818 locuples
1367 757 1468 803 est.
1516 747 1820 803 Recordare

221 843 415 897 Lazari
459 852 508 896 et
557 841 737 895 divitis
777 839 927 911 (Luc.
959 838 1047 910 16)
1073 857 1086 892 :
1116 848 1172 892 ut
1217 839 1302 895 hic
1331 838 1544 908 quidem
1574 837 1642 892 ad
1668 853 1818 893 sum-

222 942 372 981 mam
403 941 577 979 rermn
614 934 667 978 et
693 923 995 978 divitiarum
1039 925 1247 992 copiam
1302 922 1647 992 pervenerit,
1698 937 1816 975 cum

219 1027 376 1072 esset
405 1016 636 1071 crudelis
655 1057 668 1080 ,
700 1016 841 1071 ferus
867 1024 921 1070 et
959 1015 1279 1070 inhumanus
1298 1057 1313 1080 ,
1342 1015 1574 1085 ipsisque
1600 1014 1820 1069 canibus

218 1111 499 1165 cll'eratior
539 1128 552 1164 :
591 1109 852 1178 siriuidem
897 1108 971 1162 illi
1016 1123 1302 1179 pauperem
1349 1107 1738 1161 miserabantur
1765 1115 1819 1160 et

219 1203 531 1268 curabant,
580 1215 678 1256 nec
717 1200 952 1270 segniter
998 1199 1177 1254 ulcera
1221 1199 1274 1254 in
1317 1207 1427 1254 toto
1455 1199 1570 1268 ejus
1594 1212 1818 1269 corpore

221 1294 540 1362 lingebant;
600 1293 688 1348 ille
735 1308 864 1347 vero
904 1307 971 1347 ne
1022 1292 1187 1346 micas
1234 1292 1448 1361 quidem
1494 1292 1591 1360 ipsi
1636 1290 1814 1344 dabat.

217 1382 410 1453 Cogita
433 1397 560 1452 ergo
589 1381 858 1452 quomodo
880 1381 965 1436 hic
991 1380 1056 1435 ad
1079 1395 1344 1435 summum
1375 1381 1662 1451 opulentia:
1690 1396 1812 1450 per-

219 1473 470 1538 venerit;
503 1473 590 1528 ille
615 1488 744 1528 vero
772 1487 1006 1543 pauper,
1047 1473 1141 1528 sed
1170 1473 1344 1542 reipsa
1370 1471 1518 1527 dives
1538 1513 1552 1538 ,
1581 1481 1636 1528 et
1668 1473 1816 1526 locu-

221 1566 365 1634 ples,
397 1569 448 1618 in
475 1575 778 1621 extremam
810 1565 1040 1635 inopiam
1073 1564 1369 1630 deciderit,
1415 1565 1486 1618 ita
1527 1575 1586 1620 ut
1632 1579 1817 1620 neces-

217 1657 369 1710 sario
395 1657 514 1710 cibo
539 1655 920 1711 destitueretur
943 1696 958 1720 ,
982 1669 1045 1711 ac
1074 1664 1332 1725 perpetuo
1352 1669 1472 1710 cum
1500 1655 1816 1726 aegritudine

217 1757 280 1803 ct
310 1747 448 1803 fame
475 1749 783 1803 luctaretur.
818 1747 886 1801 Et
915 1747 1000 1802 hic
1029 1746 1245 1817 quidem
1274 1747 1471 1814 minus,
1503 1762 1660 1816 quam
1691 1761 1817 1800 usus

220 1839 380 1904 tulit,
425 1839 689 1904 habebat,
733 1838 823 1894 ille
867 1853 997 1892 vero
1039 1838 1175 1892 ultra
1207 1837 1422 1891 modum
1455 1853 1633 1891 rerum
1664 1838 1815 1906 copia

219 1932 499 1988 afﬂuebat.
534 1935 784 1987 Attamen
815 1947 922 1986 non
950 1930 1174 1986 moleste
1206 1929 1426 1995 ferebat,
1462 1946 1566 1984 non
1595 1930 1813 1998 impiqu

217 2027 449 2080 verbum
476 2025 813 2096 proferebat,
839 2041 942 2080 non
977 2025 1140 2080 Deum
1172 2025 1476 2092 accusabat,
1509 2039 1612 2079 non
1637 2025 1812 2094 provi-

219 2118 460 2173 dentiam
481 2118 883 2182 crimlnabatur,
908 2132 1012 2174 non
1040 2116 1148 2170 fato
1173 2116 1286 2171 [nec
1309 2116 1638 2170 adscribebat
1670 2133 1684 2182 ;
1718 2131 1816 2171 nec

220 2211 456 2279 cuipiam
497 2225 596 2265 nec
638 2210 736 2264 sibi
786 2209 886 2279 ipsi
931 2223 1182 2279 umquam
1221 2207 1399 2262 dixit:
1432 2208 1540 2277 Ego
1562 2209 1654 2277 qui
1685 2207 1814 2261 nihil

215 2303 498 2372 speciatim
531 2303 545 2333 ³
576 2303 701 2356 mali
742 2303 838 2357 feci
865 2343 881 2367 ,
923 2301 1054 2356 tales
1085 2315 1268 2370 partas
1293 2299 1394 2366 do,
1426 2308 1480 2354 et
1507 2309 1806 2354 extremum

215 2395 515 2450 cruciatum
542 2395 782 2450 sustineo
803 2437 817 2460 ,
850 2393 987 2448 fame
1021 2392 1301 2448 tabescens
1321 2435 1334 2458 ,
1371 2392 1684 2462 gravissimo
1713 2392 1813 2447 ab-

216 2494 469 2556 sumptus
497 2487 703 2549 morbo,
735 2485 984 2554 paulatim
1015 2483 1328 2553 absumptus
1357 2493 1411 2538 et
1435 2483 1696 2544 foedatus;
1728 2482 1814 2539 hic

221 2593 356 2632 vero
383 2578 534 2633 dives
560 2589 642 2633 est
669 2578 978 2647 deliciisque
1006 2577 1192 2642 affluit,
1218 2577 1406 2632 alienis
1422 2577 1813 2632 calamitatibus

218 2670 542 2738 opulentus,
583 2669 736 2724 malis
767 2667 1026 2724 insultans
1055 2668 1188 2724 meis
1222 2685 1236 2722 :
1267 2677 1322 2723 et
1361 2669 1504 2725 hunc
1532 2677 1710 2724 tamen
1735 2669 1814 2723 iu-

217 2761 514 2816 humanum
536 2803 551 2826 ,
605 2761 862 2815 immitem
888 2801 904 2826 ,
959 2760 1228 2816 crudelem
1271 2768 1326 2815 et
1362 2775 1580 2815 saxeum
1603 2801 1616 2826 ,
1653 2770 1812 2814 tantze

217 2852 463 2934 pecunia:
493 2851 764 2906 dominum
796 2850 920 2906 fecit
953 2851 1124 2918 Deus;
1181 2866 1267 2907 me
1309 2867 1470 2916 vero,
1503 2851 1593 2922 qui
1616 2868 1681 2906 ne
1707 2852 1811 2906 mi-

215 2947 368 3000 nimo
396 2945 610 3015 quidem
643 2945 807 3000 verbo
844 2946 1015 3015 ipsum
1044 2945 1326 3015 provocavi
1351 2986 1366 3011 ,
1403 2953 1480 3000 tot
1508 2945 1664 3000 malis
1690 2959 1815 2999 cruci

212 3035 348 3090 ciari
379 3035 616 3105 permisit
645 3053 659 3090 :
686 3036 953 3106 quomodo
983 3035 1098 3090 htec
1116 3035 1263 3106 justo
1290 3036 1383 3090 illo
1403 3035 1606 3106 judicio
1631 3077 1645 3095 .
1679 3051 1812 3105 quo-

216 3126 383 3181 modo
414 3128 742 3197 providentia
778 3137 833 3184 et
856 3142 983 3182 cura
1015 3129 1179 3183 nostri
1213 3127 1371 3200 digna
1404 3126 1638 3183 fuerint?
1669 3128 1808 3184 Nihil

218 3217 412 3272 horum
445 3219 532 3273 ille
573 3218 729 3274 dixit.
787 3219 888 3286 Qui
934 3219 1093 3289 igitur
1133 3234 1236 3273 non
1286 3219 1576 3274 absurdum
1625 3218 1804 3287 fuerit,

217 3312 435 3382 quando
462 3313 620 3368 iidem
647 3313 746 3383 ipsi
773 3314 860 3384 qui
884 3313 1023 3367 male
1049 3311 1322 3382 patiuntur
1346 3312 1397 3366 in
1419 3312 1668 3366 omnibus
1701 3313 1810 3367 Deo

217 3407 294 3460 ita
328 3405 668 3471 benedicunt,
699 3415 749 3460 te
778 3403 872 3474 qui
899 3412 1047 3459 extra
1070 3404 1367 3458 certamina
1388 3402 1461 3456 sis
1479 3443 1494 3467 ,
1522 3402 1590 3456 de
1619 3402 1807 3457 iisdem

217 3496 273 3550 in
321 3495 487 3550 Deum
517 3496 890 3565 blaSphemare
927 3495 995 3550 de
1034 3494 1226 3564 quibus
1265 3494 1354 3548 alii
1378 3495 1578 3564 gratias
1603 3493 1808 3564 agunt?

215 3585 320 3652 Qui
349 3587 491 3640 enim
516 3587 654 3640 malo
679 3583 909 3640 afficitur
927 3627 941 3651 ,
975 3585 1182 3639 etiamsi
1209 3583 1424 3654 aliquod
1456 3584 1676 3638 verbum
1705 3584 1808 3638 du-

214 3694 338 3732 rum
369 3678 684 3747 protulerit,
717 3677 964 3746 quamvis
1001 3691 1107 3731 non
1146 3685 1345 3730 tantam
1369 3685 1622 3745 quantam
1649 3675 1806 3741 alius,

212 3771 452 3839 aliquam
497 3777 672 3824 tamen
717 3768 981 3822 minorem
1029 3767 1374 3837 consequitur
1421 3767 1674 3820 veniam:
1720 3766 1808 3835 qui

215 3873 400 3917 autem
432 3871 580 3917 extra
622 3861 950 3916 calamitates
975 3869 1219 3914 versatur
1243 3899 1258 3924 ,
1293 3867 1347 3914 et
1375 3857 1596 3912 aliarum
1628 3873 1806 3912 rerum

213 3967 379 4006 musa
411 3953 639 4006 animam
671 3967 820 4005 suam
850 3949 1020 4021 perdit
1045 3990 1061 4017 ,
1093 3964 1196 4019 qua
1223 3949 1374 4003 venia
1399 3947 1588 4018 dignus
1614 3948 1736 4012 erit,
1759 3945 1807 4000 si

213 4046 286 4100 de
314 4045 420 4099 illis
447 4046 496 4098 in
521 4043 687 4098 Deum
730 4043 1061 4112 hlasphemet
1080 4081 1096 4108 ,
1125 4040 1192 4096 de
1221 4041 1412 4110 quibus
1437 4039 1525 4094 ille
1552 4038 1640 4108 qui
1672 4039 1809 4092 mala

217 4137 452 4205 patitur,
482 4135 679 4204 gratias
715 4133 855 4203 agit,
901 4141 956 4188 et
1001 4133 1148 4186 illum
1186 4130 1404 4194 laudare
1442 4144 1548 4184 non
1576 4127 1810 4183 desinit?

210 4225 351 4282 Cum
375 4225 573 4281 videris
609 4225 811 4294 justum
850 4223 986 4278 mala
1016 4223 1303 4293 patientem
1326 4262 1340 4285 ,
1370 4223 1472 4276 hoc
1499 4219 1807 4289 exemplum

213 4317 400 4372 animo
430 4325 611 4385 repete
642 4335 656 4371 :
689 4330 861 4384 neque
887 4315 1028 4369 enim
1057 4314 1148 4368 illo
1185 4311 1472 4382 juStiorem
1503 4310 1808 4382 quempiam

215 4423 363 4463 nunc
388 4407 566 4462 dicere
593 4407 806 4477 possis;
837 4406 887 4460 id
917 4406 1060 4461 enim
1094 4405 1261 4474 liquet
1283 4413 1392 4458 tum
1424 4417 1490 4458 ex
1531 4401 1806 4472 patientia,

214 4511 330 4555 tum
360 4515 422 4555 ex
446 4500 682 4570 praemiis
709 4517 723 4552 :
757 4513 877 4552 nam
901 4499 1131 4568 primum
1154 4498 1242 4552 ille
1269 4495 1469 4566 requiei
1492 4496 1710 4550 sortitus
1727 4502 1812 4549 est

213 4597 396 4651 locum
416 4638 430 4658 ,
480 4609 601 4650 cum
633 4593 930 4664 patriarcha
955 4591 1223 4646 Abraham
1266 4589 1562 4645 honoratus
1589 4605 1602 4654 ;
1637 4603 1810 4658 neque

214 4686 387 4741 ullum
417 4685 614 4755 majora
645 4699 855 4753 passum
890 4683 1024 4737 mala
1055 4681 1340 4750 protuleris
1365 4722 1380 4745 ,
1410 4695 1581 4750 neque
1613 4681 1682 4734 ita
1711 4678 1806 4732 de-

213 4776 427 4846 spectui
465 4775 726 4830 habitum.
778 4772 914 4841 Quid
942 4773 1084 4827 enim
1127 4771 1318 4826 afferre
1354 4774 1525 4841 possis
1549 4813 1565 4838 ,
1596 4771 1812 4842 quando

216 4885 291 4924 ne
317 4869 386 4923 de
414 4868 565 4922 micis
594 4866 844 4936 quidem,
895 4881 1013 4936 quze.
1061 4864 1130 4921 de
1180 4880 1362 4920 mensa
1407 4864 1702 4929 cadebant,
1753 4880 1812 4920 se

213 4961 438 5030 explere
467 4960 667 5028 potuit?
690 4958 914 5027 Quando
942 4958 1098 5029 igitur
1124 4973 1385 5012 summam
1413 4957 1809 5026 improbitatem

220 5049 422 5106 videris
453 5067 468 5104 :
497 5051 624 5120 quid
667 5051 809 5105 enim
836 5050 1105 5104 crudelius
1125 5051 1259 5115 isto,
1305 5049 1395 5118 qui
1425 5047 1566 5103 hunc
1590 5051 1640 5104 in
1669 5056 1812 5103 tanta

215 5143 524 5200 calamitate
553 5141 910 5212 prmterierit?
941 5141 1022 5196 vel
1044 5141 1171 5212 quid
1191 5141 1498 5196 affluentius
1517 5141 1602 5195 illa
1624 5154 1808 5195 mensa

208 5251 342 5292 esse
371 5244 567 5306 potest,
597 5245 687 5289 aut
715 5235 951 5290 vestibus
978 5249 1214 5290 summas
1247 5233 1467 5287 delicias
1496 5242 1549 5286 et
1577 5231 1814 5286 fortunas

205 5333 630 5388 indicantibus?
684 5345 872 5385 rursus
925 5345 1048 5384 cum
1095 5328 1292 5394 videris
1345 5342 1609 5381 summam
1657 5325 1811 5395 justi-

211 5428 377 5481 tiam:
405 5424 532 5495 quid
560 5425 702 5478 enim
725 5422 1026 5493 religiosius
1049 5421 1224 5475 anima
1248 5419 1370 5474 talia
1401 5418 1641 5488 patienti,
1675 5432 1816 5473 sum-

221 5532 446 5587 masque
501 5516 746 5571 miserias
781 5529 1042 5585 generose
1089 5511 1316 5568 ferenti?
1364 5510 1489 5582 quid
1529 5510 1673 5566 enim
1717 5509 1815 5564 mi-

218 5610 396 5668 serius
425 5608 567 5664 fame
593 5620 647 5664 et
680 5609 870 5665 morbo
901 5616 1008 5665 tam
1039 5605 1363 5664 insanabili?
1391 5619 1572 5676 quam,
1607 5618 1810 5675 quaeso,

287 5745 302 5777 ⁸
340 5740 493 5802 εοιιλ,
517 5741 708 5802 iniuste.

1115 5793 1146 5810 κ

1327 266 1413 322 DE
1453 267 1635 324 FATO
1674 267 1760 323 ET
1803 268 2280 325 l’ROVlDENTlA.
2323 271 2410 326 ιν.

3407 277 3510 331 76?.

1929 383 2138 440 veniam
2180 383 2526 457 impetrabis,
2576 385 2621 439 si
2669 386 2725 440 in
2765 386 2884 442 aliis
2922 386 3230 443 scandalum
3259 391 3516 459 patiaris?

1928 496 2053 534 num
2102 482 2242 536 intra
2293 481 2449 551 hujus
2495 481 2613 536 vita:
2655 480 2913 536 terminos
2962 496 3052 536 res
3098 482 3516 552 circumscriptae

1927 571 2096 626 sunt?

1999 662 2078 717 De
2107 665 2280 736 futuro
2300 662 2891 733 judicio.—Exspecta
2925 662 3105 729 linem,
3137 673 3193 718 et
3213 671 3341 718 tunc
3369 662 3518 718 vide-

1927 756 2009 811 bis
2031 756 2318 826 unicuique
2343 755 2636 810 secundum
2657 756 2776 810 vitae
2804 756 3052 810 meritum
3076 756 3232 810 ll‘iblli
3260 773 3272 809 :
3297 770 3368 810 ne
3391 766 3515 810 ante

1926 849 2163 919 praemia,
2190 864 2258 904 ne
2282 858 2404 903 ante
2433 862 2664 903 coronas
2692 848 3043 918 perturberis.
3077 847 3207 902 Cum
3236 848 3412 916 itaque
3438 849 3513 900 vi-

1923 940 2067 995 deris
2094 941 2279 996 ambos
2306 941 2356 995 in
2379 939 2636 1010 judicium
2667 939 2869 1010 ingredi
2895 982 2908 1004 ,
2941 949 2994 994 et
3022 939 3340 995 sententiam
3365 939 3514 1007 judi-

1923 1031 2001 1086 cis
2018 1032 2217 1098 subire,
2242 1039 2367 1086 tunc
2387 1029 2454 1086 de
2477 1041 2702 1102 utroque
2721 1041 2775 1086 et
2803 1040 2855 1084 tu
2881 1030 3138 1100 judicium
3161 1029 3357 1100 profer.
3376 1029 3514 1097 Quot

1923 1140 2064 1179 nunc
2089 1134 2212 1180 sunt
2235 1165 2250 1189 ,
2279 1125 2366 1194 qui
2397 1125 2494 1180 viis
2525 1123 2876 1178 insidiantur?
2901 1131 3031 1192 quot
3055 1122 3143 1191 qui
3177 1135 3358 1175 muros
3385 1121 3514 1174 effo-

1921 1214 2074 1270 diunt
2097 1257 2111 1281 ,
2142 1225 2270 1286 quot
2296 1215 2666 1270 defunctorum
2697 1230 2848 1270 arcas
2879 1213 3200 1284 ell'ringunt?
3228 1223 3356 1283 quot
3384 1213 3512 1267 toris

1925 1306 2246 1360 insidiantur
2268 1307 2478 1372 alienis,
2508 1315 2632 1376 quot
2659 1305 2948 1360 mortiferis
2969 1306 3188 1358 venenis
3209 1303 3512 1372 complures

1923 1397 2305 1468 perdiderunt?
2335 1398 2592 1468 nuntquid
2618 1399 2669 1451 in
2698 1399 2763 1452 iis
2784 1413 3097 1452 accusamus
3117 1397 3350 1466 judiccm
3370 1397 3392 1449 ?
3416 1395 3513 1450 Illi-

1923 1491 2088 1544 nime.
2119 1490 2173 1545 Si
2203 1490 2348 1544 enim
2378 1490 2501 1544 illos
2530 1490 2582 1544 in
2609 1488 2809 1559 judicio
2834 1490 3152 1543 constitutos
3179 1488 3505 1552 dimitteret,

1919 1591 1976 1636 et
1992 1596 2112 1636 eum
2130 1581 2217 1651 qui
2238 1581 2374 1634 mala
2398 1596 2584 1650 passus
2598 1591 2739 1636 esset
2760 1581 3035 1650 plecteret,
3049 1595 3169 1635 eum
3185 1595 3311 1634 vero
3332 1580 3418 1648 qui
3437 1581 3511 1632 in-

1923 1673 2132 1727 tulissrt
2152 1674 2438 1728 honoraret
2454 1682 2506 1728 et
2523 1681 2833 1727 coronatum
2856 1672 3167 1736 dimitteret,
3185 1686 3372 1726 revera
3393 1671 3511 1725 cul-

1921 1767 2127 1835 pandos
2139 1776 2192 1820 et
2206 1767 2577 1822 criminatione
2593 1765 2880 1820 admodum
2899 1766 3088 1835 dignus
3102 1775 3271 1819 esset:
3291 1779 3410 1818 cum
3425 1780 3511 1816 au-

1922 1865 2030 1911 tem
2053 1857 2284 1912 nondum
2309 1857 2483 1912 traditi
2507 1861 2633 1924 sint,
2659 1873 2758 1912 nec
2774 1857 2958 1927 judicii
2983 1867 3191 1926 tempus
3208 1856 3503 1922 advenerit,

1919 1947 2146 2002 necdum
2177 1949 2264 2003 ille
2295 1949 2528 2003 rationes
2557 1958 2802 2018 expetat,
2835 1958 2890 2002 tu
2920 1947 3260 2018 anticipando
3300 1949 3503 2003 conde-

1919 2041 2106 2094 mnas?
2131 2041 2290 2110 Atqui
2316 2043 2616 2112 oportebat,
2647 2042 2838 2112 inquit,
2864 2042 3023 2095 etiam
3050 2040 3138 2096 hic
3168 2049 3505 2110 peccatorum

1919 2146 2106 2202 pcenas
2134 2133 2282 2188 dare.
2313 2133 2485 2187 Vitam
2529 2143 2670 2187 tuam
2697 2173 2713 2199 ,
2743 2147 2777 2188 o
2807 2132 2968 2186 homo
2991 2175 3005 2199 ,
3039 2131 3342 2202 perpende,
3373 2140 3428 2186 et
3455 2134 3505 2185 in

1917 2225 2296 2280 conscientiam
2321 2225 2598 2296 ingredere
2629 2233 2803 2292 tuam,
2826 2233 2879 2279 et
2904 2224 3224 2279 sententiam
3250 2223 3502 2289 tuutabis,

1916 2331 2023 2370 non
2046 2315 2304 2386 judicium
2333 2316 2460 2372 illud
2485 2315 2746 2381 laudabis,
2779 2314 2872 2369 sed
2899 2315 3108 2384 benigni
3146 2316 3236 2367 Dei
3271 2314 3503 2368 toleran-

1919 2410 2044 2463 tiam
2069 2409 2409 2480 approbabis.
2440 2409 2571 2463 Nam
2600 2410 2645 2464 si
2683 2410 2749 2464 ab
2776 2423 3094 2478 unoquoque
3119 2408 3296 2462 statim
3323 2422 3353 2460 a
3383 2421 3505 2476 pec-

1916 2505 2050 2558 catis
2077 2503 2324 2558 admissis
2353 2517 2508 2572 pmna
2547 2501 2765 2556 daretur
2784 2543 2798 2568 ,
2827 2500 3028 2570 jamdiu
3059 2513 3227 2568 genus
3257 2507 3497 2552 nostrum

1917 2597 1984 2650 de
2001 2595 2176 2650 medio
2197 2595 2465 2650 sublatum
2496 2593 2702 2648 fuisset.
2725 2593 2848 2657 Quis
2865 2592 2994 2646 enim
3017 2590 3313 2661 gloriabitur
3334 2607 3388 2643 se
3408 2606 3504 2658 pu-

1916 2705 2029 2741 rum
2052 2689 2233 2742 habere
2252 2701 2360 2751 cor,
2379 2695 2465 2738 aut
2494 2685 2605 2754 quis
2627 2683 2936 2752 conﬁdenter
2961 2683 3089 2736 dicet
3119 2698 3172 2736 se
3196 2698 3378 2752 purum
3399 2697 3505 2735 esse

1915 2795 1947 2832 a
1970 2779 2185 2850 peccatis
2207 2779 2225 2850 (
2249 2777 2405 2831 Prov.
2432 2776 2525 2832 20.
2553 2777 2660 2847 9)?
2681 2775 2784 2831 Sed
2811 2774 3024 2845 quando
3054 2774 3144 2829 Dei
3169 2774 3502 2828 tolerantiam

1915 2887 2058 2942 :egre
2087 2871 2194 2926 fers
2220 2910 2235 2936 ,
2265 2877 2441 2925 tecum
2485 2878 2733 2924 accurate
2778 2876 2964 2937 reputa
2995 2883 3056 2921 ea
3095 2882 3215 2937 quae
3243 2866 3501 2920 admisisti

1915 2963 2129 3027 delicta,
2156 2970 2208 3018 et
2235 2961 2301 3016 de
2333 2962 2586 3031 patientia
2617 2961 2704 3014 illa
2731 2960 2956 3030 gratiam
2989 2959 3232 3024 habebis,
3266 2959 3502 3012 toleran-

1916 3055 2334 3125 tiamque-illius
2380 3053 2755 3108 admiraberis.
2817 3051 3198 3117 Couturbaris,
3251 3051 3498 3119 angeris,

1913 3147 2094 3203 omnia
2123 3136 2351 3200 tumultu
2376 3145 2574 3215 reples,
2600 3145 2722 3214 quia
2750 3143 2839 3198 ille
2870 3153 3064 3213 praeter
3093 3143 3340 3198 meritum
3367 3143 3503 3197 dite-

1913 3241 2033 3304 scit,
2069 3248 2122 3294 et
2149 3239 2396 3294 clientela
2429 3238 2596 3293 multa
2628 3237 2844 3292 fruitur.
2881 3238 3068 3291 Annon
3097 3235 3250 3290 audis
3278 3236 3499 3305 psalmi-

1912 3344 2050 3387 stam
2089 3332 2386 3397 dicentem,
2421 3329 2504 3386 Ne
2549 3331 2773 3386 timueris
2798 3372 2812 3394 ,
2842 3346 2954 3383 cum
2992 3329 3130 3383 dives
3160 3331 3322 3400 facta:
3351 3327 3502 3398 fuerit

1913 3427 2062 3481 homo
2085 3442 2104 3481 :
2123 3426 2361 3495 quoniam
2388 3441 2500 3478 cum
2527 3425 2790 3489 interierit,
2820 3440 2920 3476 non
2940 3432 3102 3477 sumet
3131 3423 3318 3489 omnia,
3343 3438 3502 3491 neque

1912 3518 2177 3572 descendet
2201 3533 2314 3570 cum
2343 3533 2400 3570 eo
2429 3515 2591 3585 gloria
2621 3517 2730 3587 ejus
2763 3515 2782 3586 (
2809 3513 2951 3568 Psat.
2981 3514 3070 3568 48.
3106 3514 3194 3568 17.
3231 3513 3350 3581 18).
3383 3512 3499 3566 Non

1913 3609 2062 3663 audis
2088 3608 2402 3678 prophetam
2431 3621 2620 3675 magna
2647 3620 2774 3659 voce
2799 3605 3117 3658 clamantem
3143 3620 3156 3657 :
3185 3601 3362 3656 Omnis
3382 3618 3501 3655 caro

1913 3702 2102 3770 frenum
2121 3743 2135 3765 ,
2166 3711 2213 3754 et
2239 3701 2401 3754 omnia
2430 3700 2593 3770 gloria
2622 3699 2729 3768 ejus
2757 3698 2901 3766 quasi
2925 3699 3020 3766 ﬂos
3049 3696 3169 3764 freni
3207 3697 3226 3766 (
3251 3693 3377 3748 Isai.
3407 3695 3496 3748 40.

1912 3794 1946 3849 6
1967 3794 2008 3864 ).
2043 3795 2235 3846 Annon
2263 3792 2414 3844 vides
2438 3805 2556 3843 cum
2588 3787 2967 3858 prophetarum
2999 3785 3230 3840 oraculis
3262 3785 3501 3839 testimo—

1914 3885 2057 3938 nium
2091 3882 2348 3936 fereutem
2390 3895 2567 3934 rerum
2602 3877 2925 3933 veritatem?
2953 3890 3130 3931 annon
3160 3876 3310 3930 vides
3337 3890 3502 3944 expe-

1913 3975 2153 4031 rientiam
2197 3981 2252 4028 et
2289 3973 2489 4026 exitum
2533 3985 2653 4024 cum
2701 3968 2859 4023 dictis
2896 3967 3156 4022 calculum
3203 3965 3455 4021 ferentem
3481 4007 3498 4031 ,

1913 4069 2039 4123 Cum
2065 4043 2340 4130 interierit,
2374 4079 2474 4117 non
2516 4071 2675 4116 sumet
2721 4059 2930 4114 omnia?
2969 4058 3105 4112 Audi
3145 4057 3244 4114 Job
3271 4059 3498 4128 idipsum

1911 4161 2174 4215 dicentem
2201 4198 2216 4223 ,
2254 4155 2438 4208 Nudus
2465 4169 2687 4225 egressus
2711 4168 2825 4205 sum
2867 4153 2930 4204 de
2958 4160 3098 4204 utero
3126 4149 3300 4202 matris
3340 4164 3464 4202 mea:
3482 4190 3497 4212 ,

1913 4259 1960 4305 et
1979 4249 2144 4304 nudus
2171 4255 2390 4302 revertar
2414 4246 2536 4299 illuc
2565 4242 2714 4315 (Job.
2746 4245 2797 4297 1.
2826 4241 2892 4296 21
2921 4240 2940 4313 )
2969 4259 2982 4296 :
3009 4242 3248 4313 quoniam
3277 4256 3389 4293 cum
3416 4239 3500 4292 in-

1912 4343 2116 4405 terierit,
2141 4358 2240 4394 non
2265 4347 2425 4394 sumet
2451 4337 2619 4392 omnia
2645 4334 2816 4408 (Psal.
2849 4334 2938 4390 48.
2964 4331 3087 4404 18
3113 4331 3246 4386 Audi
3278 4330 3498 4386 Paulum

1913 4437 2099 4493 eadem
2127 4435 2239 4505 ipsa
2282 4431 2748 4504 philosophantem
2778 4472 2792 4493 ,
2822 4426 2970 4481 Nihil
2999 4425 3258 4480 intulimus
3287 4423 3337 4476 in
3367 4422 3500 4474 hunc

1914 4530 2159 4585 mundum
2184 4571 2197 4593 ,
2229 4526 2365 4580 haud
2398 4525 2605 4579 dubiant
2650 4522 2783 4594 quod
2828 4537 2918 4575 nec
2947 4523 3148 4591 auferre
3171 4517 3293 4584 quid
3323 4531 3498 4583 possu-

1915 4640 2026 4676 mus
2054 4621 2142 4694 (l.
2171 4619 2305 4674 Tim.
2332 4618 2384 4672 6.
2415 4617 2506 4687 7).
2534 4615 2613 4670 Tu
2646 4629 2774 4668 vero
2800 4613 3010 4666 beatum
3045 4609 3301 4680 praedicas
3330 4605 3504 4660 homi-

1917 4731 2061 4780 nem,
2094 4715 2183 4784 qui
2213 4713 2342 4766 nihil
2371 4709 2580 4764 auferre
2611 4713 2784 4776 potest
2811 4720 2996 4760 eorum
3021 4744 3035 4767 ,
3063 4705 3184 4772 quae
3213 4699 3501 4770 expediunt

1916 4807 1990 4861 illi
2021 4815 2218 4874 prmsto
2253 4815 2372 4856 esse
2403 4801 2454 4853 in
2496 4799 2582 4852 die
2605 4795 2785 4867 judicii
2809 4836 2822 4860 ,
2854 4805 2906 4850 et
2935 4810 3054 4864 qum
3079 4794 3248 4864 major
3272 4792 3506 4846 miserim

1916 4899 2051 4952 ratio
2079 4906 2237 4964 atque
2264 4891 2588 4948 infelicitatis
2611 4933 2625 4953 ,
2660 4889 2746 4944 die
2783 4888 2910 4943 tnihi
2935 4930 2950 4954 ,
2977 4903 3135 4958 quam
3161 4901 3278 4940 cum
3307 4885 3350 4937 is
3373 4925 3386 4943 ,
3413 4879 3507 4951 qui

1917 4989 1968 5043 in
1996 4988 2199 5043 deliciis
2222 4984 2370 5050 vixit,
2402 4984 2524 5037 hinc
2549 4983 2660 5036 abit
2683 4995 2889 5035 summa
2917 4995 3038 5034 cum
3067 4973 3394 5046 ignominia?
3424 4971 3465 5025 Τ
3469 4987 3502 5025 ιι

1915 5096 2044 5136 vero
2071 5081 2114 5133 si
2144 5091 2464 5148 quemquam
2493 5075 2805 5146 Opulentum
2849 5083 2903 5125 et
2929 5077 3262 5137 arrogantem
3300 5065 3350 5117 in
3387 5063 3504 5116 foro

1915 5171 2147 5236 videres,
2183 5169 2234 5223 in
2263 5177 2516 5224 extranea
2542 5167 2758 5236 regione
2789 5163 2956 5217 multo
2985 5160 3188 5213 honore
3217 5157 3502 5219 fruentem,

1917 5263 2162 5336 parasitis
2185 5261 2656 5328 adnlatorihusque
2686 5258 2937 5324 stipatum
2961 5295 2975 5318 ,
3007 5250 3095 5305 ubi
3125 5259 3300 5302 autem
3330 5247 3382 5302 in
3412 5261 3506 5316 pa-

1919 5359 2070 5412 triam
2099 5355 2318 5420 rediret,
2343 5353 2471 5407 nihil
2499 5365 2680 5407 eorum
2710 5348 3016 5409 habentem,
3048 5344 3143 5399 sed
3171 5341 3392 5407 nudum,
3423 5340 3503 5395 in-

1917 5449 2164 5521 glorium,
2192 5445 2454 5500 mendicis
2490 5440 2814 5513 egentiorem
2857 5451 2919 5492 ac
2948 5436 3188 5490 viliorem
3213 5449 3228 5485 :
3253 5448 3321 5485 an
3364 5431 3505 5486 hunc

1919 5540 2261 5597 aemulatione
2307 5537 2523 5606 dignum
2569 5531 2860 5608 censeres?
2909 5542 3085 5582 annon
3142 5524 3315 5595 potius
3359 5524 3508 5578 illum

1921 5635 2175 5689 miserum
2212 5641 2268 5688 et
2304 5629 2566 5684 infelicem
2613 5624 2858 5679 diceres?
2901 5622 3129 5690 Idipsum
3170 5633 3293 5686 erga
3317 5617 3510 5672 divites

1925 5725 2099 5782 facito.
2131 5725 2197 5778 At
2230 5720 2443 5793 quidam
2471 5726 2627 5784 sunt,
2661 5715 2748 5786 qui
2795 5720 3072 5786 postquam
3112 5712 3210 5766 ltus
3239 5709 3308 5767 de
3339 5708 3510 5780 philo.
