3870 6272
415 350 522 406 763

421 464 610 531 sophia
630 478 904 519 sermones
917 465 1260 531 moverimus,
1279 480 1428 518 suum
1449 464 1820 535 hircorumque
1841 462 2006 517 instar

413 554 685 608 abdomini
716 555 907 610 addicti
929 596 945 622 ,
979 555 1240 624 rebusque
1295 555 1645 624 praesentibus
1687 556 2003 622 servientes,

420 645 554 698 nihil
587 655 706 715 post
732 645 1008 701 decessum
1040 661 1319 716 superesse
1362 648 1688 703 arbitrantur
1716 665 1729 702 :
1763 648 1851 703 alii
1879 664 2004 704 vero

419 751 701 804 superesse
725 737 937 807 quidem
965 737 1138 809 aliqua
1166 748 1368 808 putant,
1395 741 1487 795 sed
1517 739 1797 810 prmsentia
1817 741 2006 798 futuris

425 838 772 896 anteponunt.
813 828 1007 883 Contra
1049 844 1144 884 eos
1183 839 1360 885 autem
1384 872 1396 894 ,
1429 832 1518 902 qui
1560 832 1690 886 nihil
1723 847 2006 902 superesse

417 925 622 988 putant,
641 917 732 973 sed
754 920 1065 974 exstinctam
1088 923 1318 975 animam
1338 923 1535 976 nullam
1552 923 1875 978 reddituram
1887 939 2006 980 esse

415 1008 674 1062 rationem
699 1052 712 1071 ,
743 1024 842 1064 nec
886 1025 1096 1080 ptenam
1146 1013 1438 1066 subituram
1481 1028 1600 1068 esse
1639 1014 2002 1078 arbitrantur,

418 1107 598 1168 utpote
618 1109 803 1155 contra
830 1101 1046 1156 insanos
1063 1111 1117 1156 et
1136 1102 1382 1168 furiosos,
1404 1103 1684 1159 ridiculum
1710 1104 1843 1160 forte
1863 1116 2006 1160 esset

415 1189 616 1245 dicere.
648 1190 831 1261 Neque
857 1196 1000 1247 enim
1047 1194 1090 1248 si
1121 1195 1240 1263 quis
1271 1195 1322 1248 in
1367 1196 1454 1250 die
1491 1195 1695 1250 dubitet
1739 1213 1861 1251 uum
1891 1197 2005 1251 dies

419 1281 488 1334 sit
509 1322 522 1344 ,
557 1289 610 1336 et
638 1281 706 1337 de
732 1283 980 1338 omnibus
1005 1301 1123 1353 quae
1155 1286 1207 1338 in
1233 1286 1480 1340 confesso
1509 1297 1635 1341 sunt
1657 1288 2002 1357 qumstionem

420 1383 652 1438 moveat,
683 1389 713 1429 e
739 1390 798 1430 re
829 1375 984 1430 fuerit
1025 1377 1100 1430 illi
1133 1378 1308 1432 verbis
1337 1379 1677 1448 persuadere,
1709 1388 1764 1436 et
1793 1396 1912 1435 eum
1938 1383 2004 1437 ad

419 1465 736 1520 sententiam
765 1465 1051 1521 adducere.
1082 1467 1328 1523 Attamen
1367 1469 1601 1524 caritatis
1629 1481 1818 1525 vestra:
1843 1488 2004 1528 causa

419 1570 539 1608 eum
569 1555 659 1610 illo
683 1571 894 1625 quoque
921 1556 1309 1626 disputabimus
1333 1602 1346 1625 ,
1375 1561 1820 1630 quemadmodum
1851 1565 2005 1619 nobis

421 1647 513 1701 Dei
536 1647 704 1716 gratia
741 1647 966 1702 dederit.
994 1649 1132 1716 Quid
1162 1651 1324 1716 dicis,
1353 1651 1532 1718 homo,
1565 1653 1690 1708 nihil
1721 1664 1840 1724 post
1869 1656 2005 1712 hanc

417 1737 580 1790 vitam
595 1752 713 1792 esse
737 1739 922 1807 putas?
947 1739 997 1794 ld
1017 1742 1154 1794 enim
1179 1757 1398 1797 necesse
1419 1753 1500 1798 est
1518 1743 1719 1811 dicere,
1738 1747 2005 1816 quomodo

421 1843 517 1883 ceu
551 1829 808 1884 malorum
851 1832 1198 1900 quorumdam
1240 1835 1490 1903 gradibus
1514 1876 1529 1902 ,
1562 1852 1682 1892 eum
1708 1838 1798 1906 qui
1838 1837 2002 1894 semel

417 1934 446 1972 a
472 1921 706 1974 veritatis
729 1923 938 1978 tramite
958 1923 1196 1993 deje-ctus
1227 1925 1402 1992 fuerit,
1434 1927 1487 1980 in
1512 1926 1830 1984 deteriorem
1858 1944 2003 1984 sem-

425 2027 522 2080 per
548 2015 864 2068 sententiam
895 2016 1108 2084 projieit
1131 2017 1390 2074 diabolus.
1423 2019 1797 2077 Animadverte
1821 2022 1961 2076 enim
1987 2039 2000 2075 :

424 2106 686 2172 persuasit
717 2109 1139 2177 temperantiam,
1164 2111 1464 2180 aequitatem
1491 2123 1818 2184 creterasque
1841 2116 2007 2170 virtu-

422 2203 502 2249 tes
525 2197 810 2268 negligere,
836 2199 1074 2276 improbe
1098 2201 1275 2256 vivere
1301 2201 1444 2270 fecit,
1466 2218 1527 2258 ac
1555 2204 1623 2259 de
1653 2206 1858 2276 reliquo
1887 2207 2005 2262 illos

419 2301 596 2354 pravae
633 2272 972 2344 conscientiae
1019 2291 1336 2366 assuefecit,
1380 2293 1628 2364 ipsosque
1671 2295 1916 2364 induxit,
1950 2306 2007 2352 ut

421 2392 641 2432 suorum
684 2379 980 2435 facinorum
1008 2397 1221 2450 poenam
1253 2383 1304 2436 in
1336 2383 1468 2438 alios
1501 2385 1789 2442 transferre
1818 2387 2004 2442 stude-

423 2478 563 2535 rent,
593 2484 712 2524 eum
739 2473 1061 2540 Oportuisset
1089 2488 1120 2527 a
1149 2473 1379 2541 nequitia
1410 2475 1683 2531 recedere.
1712 2478 1778 2531 At
1805 2477 1878 2531 illi
1904 2480 2006 2533 hoc
2049 2539 2064 2548 μ

421 2560 639 2615 minime
671 2563 940 2628 fecerunt;
981 2565 1074 2619 sed
1119 2565 1418 2635 improbum
1449 2565 1638 2637 dogma
1665 2609 1680 2633 ,
1711 2569 2006 2625 innumeris

420 2660 634 2706 scatens
665 2653 840 2718 malis,
869 2657 1154 2709 commenti
1196 2665 1353 2722 sunt,
1389 2657 1480 2711 fati
1511 2658 1774 2738 videlicet.
1803 2660 2006 2716 Deinde

421 2741 474 2794 in
522 2741 623 2796 hoc
660 2741 916 2798 confutati
961 2753 1015 2799 et
1057 2744 1208 2800 fateri
1254 2747 1468 2802 tandem
1512 2750 1679 2803 coacti
1724 2754 2005 2820 prmseutia

420 2832 548 2887 nihil
579 2848 719 2901 esse,
752 2833 922 2889 futura
954 2836 1285 2905 subvertuut,
1318 2852 1371 2895 et
1392 2842 1705 2895 sententiam
1731 2843 1795 2897 de
1825 2860 2005 2900 resur-

422 2926 658 2980 rectione
690 2927 898 2981 tollunt.
928 2927 997 2982 Et
1028 2930 1072 2983 si
1104 2929 1222 2984 illos
1252 2931 1302 2984 in
1334 2931 1437 2987 hoc
1461 2934 1618 2987 etiam
1647 2933 2002 3002 confutemus,

421 3018 475 3072 in
511 3019 668 3073 aliam
715 3019 928 3090 impiam
973 3021 1267 3076 doctrinam
1310 3023 1609 3080 decidunt:
1653 3042 1750 3082 nos
1795 3029 2004 3084 interim

418 3111 560 3182 quod
602 3113 654 3167 in
694 3114 935 3168 manibus
970 3125 1055 3171 est
1096 3116 1450 3172 confutemus.
1481 3119 1692 3175 Nihilne
1723 3131 1841 3190 post
1871 3121 2008 3177 hanc

420 3205 578 3258 vitam
610 3206 731 3273 erit,
759 3221 792 3261 ο
818 3206 996 3272 homo,
1032 3218 1087 3264 et
1115 3218 1169 3263 tu
1197 3209 1333 3266 hanc
1354 3212 1672 3267 sententiam
1698 3213 2008 3283 Oppuguas?

419 3295 591 3350 Graeci
621 3297 710 3366 qui
741 3304 816 3352 tot
845 3298 897 3352 in
943 3299 1104 3354 rebus
1141 3301 1434 3356 delirarunt
1460 3343 1475 3368 ,
1509 3303 1668 3373 hujus
1705 3312 1880 3360 tamen
1905 3305 2008 3360 do-

419 3389 608 3456 gmatis
635 3388 841 3442 veritati
867 3405 971 3444 non
1003 3391 1330 3446 restiterunt.
1362 3393 1510 3460 Quod
1532 3395 1576 3448 si
1604 3395 1720 3449 illos
1747 3396 2006 3466 sequaris,

420 3479 654 3548 aliquam
681 3490 828 3533 certe
857 3481 930 3533 illi
959 3481 1118 3535 vitam
1152 3493 1271 3551 post
1300 3483 1437 3538 hanc
1457 3500 1576 3539 esse
1602 3495 2005 3553 concesserunt,

421 3581 476 3626 et
497 3572 730 3626 rationes
754 3572 1076 3638 reddendas,
1101 3585 1154 3628 et
1175 3575 1374 3644 judicia
1401 3579 1538 3646 apud
1565 3579 1785 3645 inferos,
1815 3589 1870 3635 et
1892 3597 2009 3651 sup-

422 3661 599 3730 plicia,
631 3661 882 3730 honores,
907 3664 1138 3721 calculos
1167 3676 1324 3736 atque
1349 3667 1566 3736 judicia.
1600 3670 1652 3724 Si
1683 3669 1897 3726 Judazos
1924 3673 2010 3727 in-

425 3764 663 3823 terroges
686 3767 710 3818 ,‘
730 3763 822 3809 aut
849 3755 1126 3812 hmreticos
1147 3798 1162 3822 ,
1187 3759 1232 3812 si
1271 3760 1510 3828 quemvis
1539 3760 1831 3826 hominem,
1860 3781 2010 3819 reve-

425 3845 626 3898 rebitur
661 3847 750 3900 ille
794 3848 951 3917 hujus
988 3849 1252 3919 dogmatis
1280 3852 1556 3907 veritatem
1590 3871 1603 3907 :
1636 3864 1691 3909 et
1735 3857 1780 3910 si
1811 3857 1862 3910 in
1891 3858 2009 3914 aliis

421 3935 668 3990 differant
688 3937 929 3994 homines
947 3939 1040 4001 illi,
1063 3941 1114 3994 in
1141 3942 1240 3995 hoc
1267 3951 1441 3998 tamen
1464 3959 1652 4000 omnes
1667 3949 2006 4016 conveniunt,

423 4035 476 4079 et
496 4024 699 4091 dicunt,
722 4042 908 4083 eorum
936 4045 1056 4100 qua:
1079 4029 1164 4085 hic
1185 4040 1333 4101 gesta
1361 4043 1487 4087 sunt
1505 4035 1767 4091 rationem
1797 4037 1864 4091 ibi
1888 4039 2011 4092 red-

424 4117 652 4172 dendam
676 4133 816 4175 esse.
848 4121 920 4175 At
946 4131 998 4175 tu
1026 4123 1152 4177 nulli
1183 4124 1372 4178 horum
1397 4124 1770 4196 obtemperare
1792 4129 1889 4194 vis,
1915 4130 2006 4184 sed

423 4208 589 4262 semel
619 4209 788 4264 errori
819 4209 1032 4266 deditus
1064 4212 1401 4281 impudenter
1425 4216 1560 4285 agis.
1589 4215 1771 4287 Itaque
1793 4228 2010 4289 prepter

423 4315 549 4364 eos,
579 4301 670 4370 qui
699 4301 988 4357 etiamnum
1039 4305 1285 4374 sapiunt,
1320 4304 1419 4360 hac
1456 4305 1524 4361 de
1565 4321 1624 4361 re
1653 4322 1830 4362 sermo
1856 4309 2008 4364 insti-

425 4391 651 4446 tuendus
676 4401 777 4447 est.
801 4393 933 4446 Eum
959 4394 1101 4448 enim
1133 4399 1220 4465 qui
1246 4396 1378 4449 nihil
1406 4406 1525 4464 post
1549 4396 1687 4452 hanc
1708 4400 1868 4453 vitam
1889 4414 2009 4455 esse

426 4484 755 4553 profiteatur,
782 4501 955 4556 neque
981 4487 1142 4541 Deum
1167 4488 1328 4542 etiam
1352 4503 1471 4544 esse
1492 4489 1643 4545 fateri
1665 4507 1884 4548 necesse
1904 4503 2004 4549 est.

430 4573 628 4640 V'ideu’,
662 4576 1110 4645 quemadmodum
1136 4577 1244 4632 dixi
1272 4620 1286 4643 ,
1317 4591 1704 4649 consequentes
1733 4585 2010 4652 opiniones

425 4665 690 4733 prioribus
714 4682 928 4737 semper
947 4667 1241 4723 deteriores
1266 4669 1526 4739 gradatim
1553 4671 1620 4725 ab
1646 4672 1748 4727 illis
1768 4674 2008 4729 admitti"

422 4758 480 4810 Si
509 4757 650 4811 enim
683 4768 799 4827 post
826 4761 966 4816 hanc
989 4762 1145 4817 vitam
1175 4762 1304 4816 nihil
1336 4763 1443 4818 illic
1474 4763 1744 4819 residuum
1776 4775 1880 4834 est,
1910 4784 2010 4823 nec

429 4850 570 4903 Deus
591 4849 752 4905 etiam
777 4861 876 4906 est.
899 4852 1033 4907 Nam
1064 4856 1106 4909 si
1137 4855 1278 4910 Deus
1303 4857 1389 4922 sit,
1414 4855 1590 4926 justus
1611 4859 1788 4922 est;_si
1811 4859 2006 4928 justus,

427 4941 714 5010 unicuique
751 4957 849 5011 pro
893 4946 1085 5000 merito
1124 4947 1388 5002 retribuit.
1421 4949 1476 5003 Si
1521 4963 1684 5018 porro
1729 4950 1860 5005 nihil
1892 4960 2012 5019 post

424 5033 565 5086 hanc
591 5034 750 5087 vitam
775 5042 877 5098 est,
906 5035 1118 5090 ubinam
1154 5053 1249 5107 pro
1275 5040 1466 5094 merito
1492 5041 1716 5110 quisque
1744 5043 2008 5111 recipiet?

425 5126 836 5183 Animadvertas
865 5128 1020 5182 velim
1057 5145 1068 5181 :
1099 5130 1251 5184 multi
1283 5143 1475 5200 prmter
1501 5135 1748 5188 meritum
1775 5176 1789 5199 ,
1825 5145 1880 5189 ut
1909 5135 2009 5204 ipsi

418 5218 528 5288 jam
551 5217 778 5276 confessi
807 5231 948 5286 sunt,
972 5220 1125 5276 bonis
1152 5222 1546 5293 honoribusque
1571 5225 1816 5280 fruuntur
1837 5227 1887 5282 in
1911 5226 2009 5281 hac

420 5313 561 5377 vita;
592 5312 682 5367 alii
713 5329 842 5368 vero
866 5354 880 5378 ,
911 5315 997 5383 qui
1027 5315 1076 5368 in
1101 5315 1306 5384 justitia
1334 5325 1560 5385 vivunt,
1593 5321 1917 5375 cruciantur.
1951 5321 2006 5376 Si

423 5421 552 5475 ergo
581 5407 783 5461 nullum
814 5408 882 5461 sit
907 5418 1091 5478 postea
1130 5419 1336 5481 tempus
1356 5451 1371 5476 ,
1406 5410 1585 5481 inique
1612 5416 1813 5482 accepti
1837 5413 2004 5480 justi,

423 5508 619 5564 praeter
645 5498 896 5554 meritum
928 5500 1064 5555 bene
1095 5501 1258 5556 habiti
1295 5503 1477 5573 injusti
1501 5503 1799 5559 discedent.
1831 5504 1886 5560 Si
1916 5521 2010 5559 au-

424 5597 528 5640 lem
559 5604 644 5644 res
683 5589 750 5643 ita
783 5607 840 5646 se
873 5591 1064 5646 habeat
1089 5634 1102 5658 ,
1131 5593 1400 5666 quomodo
1428 5610 1546 5650 esse
1573 5594 1776 5664 justitia
1805 5596 2008 5666 possit?

424 5677 655 5734 Necesse
682 5682 822 5734 enim
852 5690 930 5736 est
957 5724 973 5756 ,
1005 5699 1126 5739 esse
1149 5665 1598 5755 aliquod‘lempus
1626 5697 1744 5756 post
1776 5686 1911 5740 hanc
1931 5686 2018 5740 vi-

426 5776 556 5837 tam,
577 5769 632 5823 in
649 5785 758 5840 quo
781 5771 1006 5842 singulis
1039 5789 1137 5844 pro
1163 5776 1352 5832 merito
1375 5777 1632 5833 tribuatur
1659 5794 1669 5828 :
1699 5778 1750 5833 in
1778 5777 1874 5832 hac
1899 5777 2004 5834 vita

1212 350 1270 408 S.
1309 349 1586 408 JOANNIS
1623 343 2100 407 CIIRYSOSTOMI
2138 344 2455 402 ARClllEP.
2496 341 3024 400 CONSTANTINUP.

3615 347 3732 403 76‘

2119 457 2268 512 enim
2291 455 2391 511 hoc
2417 471 2521 510 non
2549 455 2833 510 invenitur.
2861 454 2953 509 Sin
2980 455 3084 510 tale
3105 463 3312 525 tempus
3337 471 3442 512 non
3468 459 3563 523 sit,
3586 475 3734 528 quo-

2114 548 2275 603 modo
2299 549 2528 618 quisque
2553 562 2648 617 pro
2675 547 2864 601 merito
2887 545 3152 616 recipiet?
3177 547 3221 602 si
3251 564 3376 603 vero
3402 550 3591 605 nullus
3624 567 3728 619 pro

2116 642 2306 695 merito
2326 640 2532 709 recipit,
2557 655 2686 709 ergo
2711 640 2847 694 Deus
2873 636 3166 694 secundum
3190 649 3242 695 te
3261 640 3438 711 justus
3459 658 3574 697 non
3599 657 3722 709 est;

2116 733 2157 787 si
2188 732 2326 786 Deus
2346 731 2522 802 justus
2547 747 2654 785 non
2681 741 2783 796 est,
2809 745 2980 800 neque
3010 731 3151 786 Deus
3179 740 3280 786 est.
3311 732 3416 787 Sed
3448 733 3724 803 blasphe-

2113 824 2219 880 mia
2249 826 2300 877 in
2327 833 2484 892 caput
2506 838 2716 888 eorum,
2743 823 2830 891 qui
2864 837 2960 876 nos
2985 822 3053 876 ad
3082 822 3196 877 haec
3226 822 3452 878 dicenda
3484 839 3719 894 compu.

2114 915 2306 979 lerunt,
2335 922 2724 983 retorqueatur.
2751 911 2938 968 Videte
2962 914 3012 966 in
3035 922 3288 982 quantam
3310 915 3719 986 blasphemiam

2111 1006 2282 1074 oratio
2310 1015 2555 1074 provecta
2598 1006 2686 1058 sit.
2722 1005 2914 1059 Verum
2959 1005 3100 1076 quod
3146 1006 3286 1062 Deus
3324 1009 3428 1075 sit,
3460 1023 3550 1064 res
3585 1011 3723 1078 ipsa:

2112 1097 2384 1152 clamant:
2417 1107 2471 1152 et
2514 1106 2905 1167 consequenter
2946 1099 3033 1152 ille
3075 1098 3251 1166 justus
3289 1110 3412 1155 est:
3441 1101 3490 1156 si
3527 1103 3723 1172 justus

2112 1188 2220 1254 sit,
2254 1188 2536 1257 unicuique
2565 1202 2661 1256 pro
2696 1187 2888 1241 merito
2914 1188 3162 1242 retribuit
3191 1207 3202 1241 :
3227 1190 3271 1243 si
3298 1190 3592 1262 unicuique
3618 1209 3720 1262 pro

2114 1280 2304 1334 merito
2329 1280 2594 1345 retribuit,
2622 1295 2842 1335 necesse
2865 1289 2948 1335 est
2976 1291 3093 1350 post
3120 1281 3234 1336 hzec
3259 1283 3404 1338 aliud
3428 1285 3715 1355 quoddam

2112 1385 2231 1425 esse
2260 1380 2490 1441 tempus,
2518 1386 2624 1442 quo
2645 1373 3009 1442 unusquisque
3038 1389 3132 1442 pro
3159 1375 3348 1429 merito
3371 1376 3635 1446 accipiet,
3663 1389 3716 1434 et

2112 1475 2210 1530 pro
2231 1462 2392 1530 gestis
2418 1462 2530 1516 suis
2553 1462 2636 1516 vel
2666 1477 2849 1531 poenas
2875 1461 3040 1528 dabit,
3066 1464 3149 1518 vel
3178 1466 3455 1534 praemium
3478 1470 3714 1539 accipiet

2113 1550 2276 1624 (Gen.
2307 1554 2359 1607 4.
2394 1553 2485 1624 7).
2519 1553 2695 1608 Sohrii
2734 1553 2901 1609 simus
2925 1596 2940 1620 ,
2971 1553 3152 1609 dilecti
3185 1574 3198 1607 :
3227 1557 3442 1625 quidam
3476 1559 3530 1612 in
3553 1560 3711 1627 igno-

2110 1644 2283 1698 rantia
2321 1643 2411 1698 Dei
2443 1653 2754 1710 versantur,
2794 1659 2891 1698 nos
2920 1659 3050 1699 vero
3082 1645 3246 1700 sobrii
3279 1648 3480 1715 simus,
3514 1651 3708 1721 vigile-

2111 1748 2250 1786 mus.
2294 1733 2552 1800 Peccasti,
2577 1749 2644 1789 ne
2677 1733 2840 1789 addas
2884 1735 3073 1789 iterum
3107 1754 3121 1790 :
3155 1740 3407 1805 peceasti,
3435 1741 3702 1810 quiesce:

2112 1828 2340 1895 peccasti
2367 1869 2382 1893 ,
2416 1843 2484 1882 ne
2513 1837 2798 1883 eonneetas
2838 1829 2919 1883 his
2965 1840 3202 1898 peccata.
3243 1832 3352 1886 Nos
3381 1849 3514 1888 vero
3543 1836 3706 1907 tripla

2113 1929 2164 1974 et
2201 1920 2494 1990 quadrupla
2539 1922 2906 1976 connectimus
2929 1964 2944 1988 ,
2979 1923 3159 1976 talium
3190 1925 3504 1993 opinionum
3537 1943 3708 1984 onere

2111 2013 2380 2068 tuentibus
2411 2014 2608 2068 nostris
2647 2014 2913 2084 imposito.
2948 2014 3185 2070 Peecasti
3211 2059 3225 2082 ,
3255 2032 3490 2086 agnosce
3519 2020 3706 2075 Domi-

2111 2119 2238 2159 num
2280 2105 2678 2161 misericordem
2705 2147 2720 2172 ,
2758 2107 3042 2177 benignum
3068 2148 3082 2171 ,
3126 2109 3320 2162 bonum
3341 2152 3356 2174 ,
3392 2112 3667 2167 medicum
3691 2156 3706 2178 ,

2112 2195 2528 2263 condonantem,
2557 2196 2904 2262 exorabilem,
2934 2197 3268 2266 placabilem.
3294 2200 3488 2254 Annon
3510 2202 3709 2257 audisti

2109 2285 2252 2355 quod
2289 2286 2474 2341 decem
2516 2287 2680 2340 millia
2728 2288 2922 2342 talenta
2969 2287 3181 2357 quidam
3226 2303 3346 2342 cum
3388 2289 3709 2346 devorasset

2118 2375 2337 2444 (Matth.
2373 2377 2458 2432 18.
2495 2377 2622 2449 24),
2653 2387 2705 2432 et
2736 2377 2936 2432 ‘herilia
2982 2379 3161 2434 omnia
3205 2380 3341 2434 bona
3376 2382 3708 2450 perdidisset

2112 2483 2174 2522 ac
2195 2468 2578 2538 dissipavisset,
2603 2485 2722 2523 cum
2747 2479 2962 2539 paratus
2983 2481 3120 2525 esset
3142 2471 3206 2524 ad
3233 2473 3516 2528 mulierem
3543 2474 3710 2530 ﬁlios-

2111 2578 2214 2632 que
2240 2561 2570 2627 vendendos,
2601 2571 2660 2616 ut
2685 2561 2829 2616 flevit
2859 2563 3053 2629 solum,
3087 2571 3144 2616 ut
3172 2563 3336 2633 pedes
3366 2563 3482 2618 heri
3512 2567 3703 2636 attigit,

2112 2654 2348 2709 universi
2376 2653 2514 2708 illius
2542 2653 2704 2707 debiti
2748 2653 3118 2708 remissionem
3148 2654 3348 2709 invenit
3369 2657 3394 2709 ?
3433 2656 3528 2710 Sin
3559 2657 3706 2712 dicas

2112 2747 2257 2800 illum
2291 2755 2471 2815 postea
2502 2737 2792 2800 tortoribus
2819 2743 3071 2798 traditum
3106 2761 3119 2798 :
3153 2755 3350 2800 norunt
3376 2761 3596 2800 causam
3634 2749 3704 2813 ii,

2111 2841 2198 2908 qui
2230 2839 2504 2893 historiam
2545 2839 2722 2894 sciunt
2749 2855 2762 2891 :
2793 2837 2936 2892 aliud
2978 2839 3107 2892 mihi
3139 2854 3324 2894 narras
3354 2839 3707 2898 humanitatis

2111 2941 2504 3000 argumentum.
2528 2931 2659 2985 Nam
2689 2940 2742 2985 et
2768 2939 2891 2986 tunc
2919 2931 3063 2984 illum
3096 2933 3377 2987 miseratus
3399 2933 3626 2997 dimisit,
3652 2945 3705 2989 et

2113 3038 2296 3078 rursus
2316 3024 2476 3077 alium
2505 3024 2790 3078 miseratus
2816 3038 2934 3077 eum
2966 3023 3015 3075 in
3043 3038 3311 3078 carcerem
3336 3024 3706 3095 conjecitzsic~

2112 3127 2172 3174 ut
2230 3115 2352 3170 huic
2393 3124 2516 3170 tunc
2542 3129 2696 3185 opem
2737 3115 2888 3181 tulit,
2920 3115 2989 3168 ita
3021 3129 3162 3168 nunc
3193 3115 3267 3169 illi
3299 3115 3541 3172 subsidio
3569 3116 3701 3184 fuit;

2114 3203 2253 3260 hunc
2284 3206 2352 3260 ita
2384 3207 2621 3276 accepit,
2653 3215 2708 3259 ut
2735 3205 2971 3260 erudiret
3000 3222 3067 3260 ne
3104 3206 3335 3261 crudelis
3356 3217 3412 3262 et
3440 3207 3694 3262 inhuma—

2114 3313 2214 3350 nus
2241 3306 2411 3362 esset;
2446 3297 2594 3351 illum
2625 3312 2750 3351 vero
2769 3337 2784 3360 ,
2823 3305 2882 3350 ut
2911 3313 2940 3350 a
2965 3297 3014 3350 vi
3041 3305 3094 3351 et
3126 3297 3454 3352 immanitate
3483 3299 3703 3353 alterius

2115 3387 2386 3443 liberaret.
2423 3387 2638 3451 Videte,
2669 3388 2846 3442 dilecti
2874 3404 2889 3441 :
2921 3388 3057 3442 bene
3095 3388 3224 3441 mihi
3256 3389 3394 3442 inter
3415 3388 3704 3454 dicendum

2115 3481 2258 3536 venit
2287 3481 2337 3534 in
2370 3489 2601 3535 mentem
2639 3479 2753 3532 hate
2782 3479 3034 3549 cogitatio
3066 3497 3078 3533 :
3111 3479 3378 3548 quomodo
3411 3495 3515 3534 non
3545 3480 3704 3534 modo

2113 3571 2377 3642 cupiditas
2404 3571 2558 3626 alieni
2581 3612 2596 3636 ,
2629 3580 2682 3625 et
2712 3572 2972 3625 bonorum
3000 3571 3232 3640 direptio
3255 3611 3269 3635 ,
3317 3586 3504 3625 verum
3537 3573 3697 3625 etiam

2115 3662 2498 3717 misericordia:
2530 3662 2773 3717 defectus
2797 3703 2812 3728 ,
2858 3662 3154 3732 gehennam
3195 3661 3349 3714 nobis
3389 3662 3577 3730 pariat.
3610 3662 3702 3715 llic

2111 3755 2310 3823 quippe
2331 3794 2345 3817 ,
2391 3767 2495 3807 non
2523 3752 2661 3822 quod
2689 3753 2860 3807 aliena
2889 3751 3084 3819 injuste
3113 3752 3407 3820 rapuisset,
3440 3751 3538 3805 sed
3559 3751 3699 3821 quod

2115 3860 2206 3898 sua
2236 3845 2523 3900 inhumane
2549 3852 2836 3913 repeteret,
2871 3844 3158 3899 tortoribus
3189 3844 3412 3897 traditus
3437 3854 3542 3898 est.
3569 3844 3699 3899 Nam

2115 3935 2338 4002 dicitur,
2373 3935 2521 3990 illmn
2560 3936 2839 4000 debuisse;
2874 3951 3055 3989 verum
3087 3935 3292 3990 etiamsi
3326 3935 3416 3989 ille
3441 3935 3698 4003 deberet,

2118 4037 2168 4082 et
2199 4037 2252 4082 tu
2278 4043 2488 4098 quoque
2511 4027 2650 4081 idem
2682 4027 2850 4096 ipsum
2882 4026 3144 4091 debebas,
3174 4036 3228 4080 et
3261 4025 3450 4080 eadem
3481 4028 3699 4095 mquitas

2117 4124 2168 4176 in
2199 4122 2434 4192 utrisque
2463 4121 2720 4176 servanda
2748 4129 2883 4176 erat.
2913 4119 3036 4174 ldeo
3064 4119 3262 4173 dimisit
3297 4119 3425 4183 tibi,
3458 4131 3518 4172 ut
3551 4134 3697 4174 Suam

2116 4213 2208 4267 tibi
2249 4212 2556 4267 ostenderet
2597 4212 2972 4282 benignitatem
2998 4252 3012 4277 ,
3051 4220 3206 4280 teque
3235 4210 3526 4264 Dominicre
3557 4228 3698 4264 man-

2116 4303 2410 4358 suetudinis
2431 4302 2794 4356 mmulatorem
2819 4301 3086 4356 redderet.
3120 4301 3380 4366 Quoniam
3415 4317 3541 4355 vero
3567 4302 3698 4356 bene

2115 4404 2385 4466 acceptus,
2417 4410 2525 4449 non
2556 4395 2744 4448 melior
2767 4393 2985 4448 effectus
3017 4409 3096 4460 es,
3124 4393 3295 4446 altero
3325 4400 3380 4446 te
3406 4393 3568 4446 modo
3586 4408 3697 4447 cor-

2117 4487 2258 4556 rigit,
2289 4484 2549 4554 supplicio
2580 4484 2784 4539 scilicet
2809 4491 2968 4552 atque
2991 4482 3226 4536 cruciatu
3251 4499 3262 4534 :
3290 4482 3468 4550 itaque
3496 4491 3552 4536 et
3575 4483 3696 4536 illud

2115 4577 2357 4633 beneﬁcii
2388 4575 2628 4645 quaedam
2657 4575 2864 4644 species
2885 4583 2985 4629 est.
3019 4574 3258 4628 Tradidit
3283 4575 3581 4628 tortoribus
3602 4617 3616 4638 ,
3649 4587 3699 4629 ut

2115 4685 2214 4724 ceu
2240 4668 2476 4722 medicus
2501 4667 2736 4736 optimus
2766 4666 3056 4737 nequitiam
3097 4665 3258 4719 animi
3297 4665 3530 4722 tolleret.
3576 4667 3696 4720 Leni

2117 4760 2393 4815 medicina:
2423 4774 2527 4812 non
2571 4772 2850 4822 cesseras,
2891 4757 3030 4812 ferro
3060 4757 3154 4810 tibi
3192 4757 3445 4825 deinceps
3485 4766 3542 4812 et
3586 4757 3699 4826 igue

2117 4869 2251 4923 opus
2286 4862 2385 4907 est.
2419 4851 2574 4906 Novit
2603 4852 2689 4905 ille
2719 4853 2806 4921 qui
2836 4853 3020 4907 decem
3047 4851 3209 4904 millia
3240 4850 3437 4904 talenta
3469 4851 3698 4915 dimisit,

2119 4953 2169 4998 te
2194 4942 2462 4998 crudelem
2506 4951 2560 4996 et
2600 4941 2946 4995 inhumanum
2975 4954 3130 5004 esse;
3164 4939 3258 4993 sed
3285 4941 3616 5008 exspectavit
3650 4952 3700 4992 ut

2116 5053 2181 5090 ex
2211 5051 2388 5090 rerum
2421 5042 2613 5088 eventu
2644 5047 2762 5087 sese
2802 5031 2940 5100 apud
2980 5041 3029 5086 te
3063 5047 3288 5100 purgare
3319 5041 3531 5099 p05sct,
3563 5033 3696 5102 quod

2117 5131 2430 5201 plerumque
2453 5126 2610 5193 facit,
2639 5127 2762 5180 licet
2796 5127 2930 5179 sciat
2952 5139 3009 5178 se
3036 5125 3178 5193 juste
3206 5139 3385 5193 agere.
3416 5123 3700 5193 Postquam

2118 5239 2237 5279 sese
2277 5222 2414 5292 apud
2453 5231 2504 5275 te
2541 5219 2816 5291 purgavit,
2851 5218 2952 5272 hoc
2977 5216 3136 5283 facit,
3185 5216 3327 5287 quod
3357 5225 3410 5270 et
3439 5231 3564 5286 erga
3609 5218 3700 5272 So-

2116 5317 2344 5372 domitas
2385 5315 2653 5370 faciebat:
2687 5329 2793 5367 non
2838 5313 3016 5366 statim
3054 5311 3235 5380 injecit
3279 5312 3489 5381 ignem,
3533 5326 3698 5380 neque

2117 5411 2276 5465 urbes
2303 5409 2420 5462 illas
2446 5407 2672 5462 vastavit
2699 5423 2714 5460 :
2744 5405 2837 5460 sed
2861 5406 3026 5473 quid?
3057 5403 3263 5458 Clamor
3291 5403 3632 5456 Sodomorum
3657 5411 3698 5454 et

2121 5501 2520 5555 Comen/torum
2549 5499 2700 5569 (Gen.
2738 5497 2823 5552 18.
2851 5497 2980 5565 20);
3011 5511 3181 5565 neque
3209 5494 3261 5549 id
3293 5504 3498 5548 tantum
3521 5536 3536 5560 ,
3564 5494 3653 5549 sed
3678 5534 3692 5556 ,

2117 5593 2439 5647 Drstendens
2476 5592 2651 5645 videbo
2704 5589 2808 5662 (Ib.
2838 5606 2887 5644 υς.
2915 5586 3027 5658 2f).
3071 5587 3253 5656 Neque
3301 5586 3389 5640 hic
3427 5587 3688 5647 constitit.

2115 5683 2208 5736 sed
2248 5683 2385 5736 misit
2417 5684 2656 5753 angelos,
2691 5681 2777 5750 qui
2812 5680 2900 5734 tibi
2934 5679 3225 5733 incolarum
3255 5677 3482 5732 civitatis
3509 5677 3685 5744 nequi-

2119 5777 2242 5831 tiam
2288 5775 2629 5832 ostcndereut
2651 5817 2664 5838 ,
2713 5781 2769 5828 ut
2798 5787 2864 5828 ne
2894 5770 3107 5843 quidem
3140 5770 3524 5844 impudentium
3555 5767 3690 5838 quis-
