3870 6272
203 373 320 428 7G3

204 484 392 539 Τοῦτο
441 485 534 537 καὶ
578 484 671 537 ἐπὶ
710 483 817 536 τῶν
863 482 1238 536 πλουτούντων
1289 483 1452 537 ποίει.
1502 484 1643 536 Ἀλλ’
1690 481 1794 536 εἰσί

205 585 382 631 τινες,
414 567 463 619 οῖ
493 567 710 619 ἐπειδὰν
735 565 956 629 τούτους
981 566 1079 636 τῆς
1114 565 1429 636 φιλοσοφίας
1455 568 1580 630 τοὺς
1609 566 1799 632 λόγους

209 652 554 722 κινήσωμεν,
598 649 705 702 ὑῶν
736 650 831 702 καὶ
857 647 1076 720 τράγων
1110 648 1264 719 δίκην
1295 651 1362 720 τῇ
1394 649 1591 719 γαστρὶ
1627 663 1798 718 προσ-

209 734 508 805 ηλωμένοι,
547 732 784 793 καὶτοῖς
825 731 1056 802 παροῦσι
1080 730 1422 795 δουλεύοντες
1456 731 1796 802 πράγμασιν,

211 817 374 870 οὐδὲν
426 811 565 868 εἷναι
620 814 760 884 μετά
801 815 899 885 τὴν
951 813 1198 868 ἐντεῦθεν
1247 814 1556 882 νομίζουσιν
1606 813 1801 882 ἀποδη-

217 901 352 971 μίαν
376 918 388 930 ·
427 900 604 970 ἑτεροι
631 899 687 952 δέ
721 893 860 951 εἶναι
895 899 992 968 μέν
1023 915 1143 950 τινα
1182 897 1482 968 νομίζουσι,
1513 897 1800 968 προτιθέα-

218 1003 273 1038 σι
312 985 368 1037 δὲ
394 983 463 1036 τὰ
493 982 736 1053 παρόντα
757 981 866 1033 τῶν
895 980 1215 1050 μελλόντων.
1245 980 1387 1050 Πρὸς
1419 980 1518 1049 μὲν
1551 980 1642 1032 οὖν
1676 979 1801 1043 τοὺς

221 1067 391 1138 μηδὲν
448 1061 588 1119 εἶναι
622 1063 970 1134 νομίζοντας,
1017 1062 1130 1116 ἀλλ’
1165 1062 1592 1116 ἀποσϐεσθεῖσαν
1622 1073 1648 1101 α
1698 1061 1799 1132 τὴν

214 1149 398 1219 ψυχὴν
442 1148 539 1220 τὴν
577 1148 882 1219 ἡμετέραν,
946 1147 1150 1218 μηδένα
1192 1146 1390 1198 διδόναι
1427 1145 1618 1212 λόγον,
1663 1142 1800 1213 μηδέ

219 1233 453 1294 εὐθύνας
495 1231 719 1300 ὑπέχειν
747 1229 1044 1300 οἰομένους,
1091 1229 1230 1299 τάχα
1259 1229 1352 1281 καὶ
1382 1227 1588 1296 γελοῖον
1619 1227 1796 1278 ἀντει-

219 1320 366 1380 πεῖν,
393 1315 581 1384 ὥσπερ
615 1313 750 1384 πρὸς
771 1314 898 1376 τοὺς
923 1313 1280 1384 μαινομένους
1312 1311 1550 1372 καὶτοὺς
1580 1309 1802 1379 ἐξεστη-

220 1399 406 1462 διότας.
437 1397 571 1449 Οὐδέ
603 1395 711 1467 γὰρ
746 1394 799 1448 εἴ
827 1413 911 1458 τις
938 1397 993 1450 ἐν
1021 1394 1204 1466 ήμέρᾳ
1234 1391 1562 1464 ἀμφιϐάλλοι
1585 1391 1799 1463 ἡμέραν

222 1483 300 1553 μὴ
335 1477 495 1544 εἴναι,
540 1479 786 1549 καὶπερὶ
814 1477 924 1531 τῶν
954 1480 1117 1531 πᾶσιν
1151 1475 1596 1547 ὁμολογουμένων
1630 1475 1802 1543 ἀμφι-

221 1548 473 1635 σϐητοίη,
525 1548 826 1632 καιρὸςίᾶν
863 1559 950 1631 εἴη
992 1560 1134 1630 λόγῳ
1167 1561 1256 1612 τὸν
1289 1557 1531 1610 τοιοῦτον
1571 1548 1811 1620 πείθειν(

216 1647 318 1700 καὶ
350 1647 646 1717 προσάγειν
679 1643 755 1714 τῷ
781 1644 1036 1713 δόγματι·
1096 1641 1233 1711 πλὴν
1263 1640 1400 1694 ἀλλά
1425 1640 1513 1692 διὰ
1544 1640 1642 1710 τὴν
1669 1640 1802 1710 ὑμε-

215 1730 388 1802 τέραν
422 1731 671 1799 ἀγάπην,
711 1728 806 1780 καὶ
835 1726 970 1797 πρὸς
1009 1727 1215 1778 ἐκεῖνον
1246 1723 1625 1793 διαλεξόμεθα,
1657 1722 1800 1793 ἅπερ

216 1816 287 1867 ἂν
319 1813 393 1884 δῷ
425 1816 458 1884 ή
489 1812 587 1865 τοῦ
620 1811 756 1864 Θεοῦ
787 1811 966 1881 χάρις.
1014 1809 1078 1862 Τί
1111 1809 1311 1877 λέγεις,
1345 1808 1618 1879 ἄνθρωπε,
1650 1807 1800 1859 οὐδὲν

216 1895 362 1951 εἶναι
386 1896 624 1967 νομίζεις
655 1893 723 1947 τά
758 1893 897 1964 μετὰ
925 1892 1133 1958 ταῦτα;
1172 1891 1341 1945 Τοῦτο
1375 1892 1484 1962 γὰρ
1506 1893 1800 1959 ἀναγκαῖον

215 1983 426 2044 εἰπεῖν,
474 1978 592 2041 πῶς
619 1977 869 2048 καθάπερ
898 1975 1080 2030 κακῶν
1115 1993 1278 2028 τινων
1305 1973 1534 2046 ὁρμαθῷ
1563 1975 1646 2026 ἀεὶ
1678 1973 1802 2025 δυσ-

220 2063 532 2133 σεϐεστέρῳ
560 2061 822 2130 δόγματι,
867 2059 959 2113 τὸν
991 2059 1138 2125 ἆπαξ
1167 2057 1510 2130 ἐκτραπέντα
1541 2057 1640 2126 τῆς
1673 2057 1798 2126 ἀλη⁵

218 2147 375 2210 θείας
410 2144 776 2216 παραδίδωσιν
817 2145 846 2196 ὁ
890 2141 1155 2204 διάϐολος.
1207 2142 1345 2212 Ὅρα
1392 2140 1533 2212 γάρ’
1589 2139 1802 2192 ἔπεισεν

216 2231 495 2302 ἀμελῆσαι
529 2228 881 2300 σωφροσύνης
901 2267 916 2292 ,
968 2226 1264 2287 ἐπιεικείας
1289 2266 1303 2290 ,
1350 2225 1449 2296 τῆς
1480 2223 1645 2294 ἄλλης
1676 2224 1804 2293 ἀρε-

213 2318 340 2388 τῆς,
375 2315 600 2386 ἐποίησε
636 2314 872 2384 φαύλους
903 2311 1045 2365 κατὰ
1072 2311 1164 2363 τὸν
1194 2310 1325 2380 βίον,
1356 2308 1576 2381 πονηρῷ
1608 2306 1805 2371 συζῶν-

216 2418 320 2464 τας
361 2399 621 2454 συνειδότι
665 2398 884 2461 λοιπὸν,
941 2395 1033 2449 καὶ
1063 2395 1160 2466 τὴν
1201 2394 1433 2464 ἀμοιϐὴν
1486 2393 1592 2446 τῶν
1621 2393 1804 2455 αὐτοῖς

217 2483 628 2555 ἡμαρτημένων
685 2483 894 2553 ἑτέροις
946 2480 1258 2551 μεταθεῖναι
1308 2477 1637 2550 ζητοῦντας,
1685 2477 1802 2530 δέον

221 2553 657 2638 μεταϐάλλεσθαι
681 2567 780 2635 τῆς
807 2566 1025 2628 κακίας.
1053 2563 1223 2617 Τοῦτο
1258 2563 1357 2632 μὲν
1391 2564 1490 2616 οὐκ
1520 2563 1801 2631 ἐποίησαν,

216 2651 534 2705 ἀνέπλασαν
569 2649 627 2703 δὲ
673 2649 852 2719 δόγμα
908 2647 1178 2719 πονηρὸν,
1230 2647 1325 2699 καὶ
1379 2645 1586 2717 μυρίων
1634 2647 1804 2715 γέμον

217 2734 434 2800 κακῶν,
465 2733 526 2785 τὸ
557 2732 657 2802 τῆς
687 2731 1046 2803 εἰμαρμένης.
1084 2725 1217 2782 Εἶτα
1248 2729 1389 2798 ὑπὲρ
1419 2727 1610 2781 τούτου
1643 2729 1804 2781 πάλιν

219 2819 596 2890 ἐλεγχόμενοι,
639 2818 733 2869 καὶ
762 2814 1139 2884 συνομολογεῖν
1179 2812 1611 2883 ἀναγκαζόμενοι
1640 2812 1804 2883 μηδὲν

218 2900 362 2957 εἶναι
407 2900 476 2954 τά
505 2901 781 2972 παρόντα,
827 2899 888 2952 τὸ
920 2897 1111 2968 μέλλον
1136 2897 1500 2964 ἀνατρέπουσι
1525 2934 1539 2957 ,
1593 2897 1685 2949 καὶ
1713 2896 1804 2948 τὸν

221 2985 355 3057 περὶ⁵
389 2984 738 3046 ἀναστάσεως
773 2979 1054 3052 ἀναιροῦσι
1075 2980 1252 3048 λόγον.
1298 2979 1416 3032 Κᾶν
1453 2977 1611 3032 τοῦτο
1643 2979 1803 3048 πάλιν

219 3068 604 3139 διελέγξωμεν,
633 3067 712 3128 εἰς
742 3065 930 3135 ἕτερον
953 3063 1280 3127 ἐκπεσόντες
1307 3062 1484 3133 δόγμα
1508 3061 1802 3115 δυσσεϐοῦ-

222 3172 277 3207 σι
297 3171 312 3184 ·
355 3152 492 3224 πλὴν
522 3151 657 3212 τέως
683 3150 744 3203 τὸ
770 3151 827 3202 ἐν
857 3148 1014 3220 χερσὶ
1042 3145 1421 3217 διελέγξωμεν.
1450 3147 1613 3200 Οὐδέν
1635 3150 1800 3211 ἑστιν,

219 3237 514 3308 ἄνθρωπε,
567 3234 705 3305 μετὰ
734 3233 904 3286 ταῦτα
923 3275 938 3298 ,
975 3233 1071 3287 καὶ
1109 3231 1245 3303 πρὸς
1275 3231 1448 3285 ταῦτα
1488 3232 1706 3285 ῖστασαι
1737 3232 1805 3286 τά

219 3321 502 3391 δόγματα;
543 3316 794 3372 Τοσαῦτα
842 3317 1117 3386 ἐλήρησαν
1152 3314 1444 3382 Ἕλληνες,
1506 3313 1621 3368 ἀλλ’
1655 3315 1805 3384 ὅμως

213 3402 364 3476 ,τνὸς
399 3401 498 3472 τὴν
529 3400 622 3454 τοῦ
652 3399 922 3470 δόγματος
949 3398 1141 3451 τούτου
1171 3399 1268 3452 οὐκ
1303 3397 1638 3465 ἀντέστησαν
1671 3398 1806 3468 ἁλή-

222 3487 376 3540 θειαν
402 3504 415 3517 ·
469 3484 584 3538 ἀλλ’
614 3487 662 3538 εἰ
710 3485 803 3538 καὶ
829 3484 1011 3546 αὐτοῖς
1038 3481 1426 3552 ἀκολουθήσεις
1449 3520 1464 3545 ,
1498 3482 1646 3552 ὅμως
1675 3481 1806 3534 έδωο

219 3570 328 3626 κάν
352 3586 474 3623 τινα
519 3567 658 3640 μετὰ
685 3567 857 3621 ταῦτα
907 3566 1048 3636 βίον,
1098 3566 1192 3620 καὶ
1227 3565 1474 3629 εὐθύνας,
1524 3566 1619 3618 καί
1649 3565 1804 3618 δικα-

222 3655 424 3724 στήρια
446 3653 502 3706 ἐν
531 3651 678 3724 ᾅδου,
702 3651 797 3704 καὶ
824 3649 1092 3712 κολάσεις,
1121 3649 1216 3702 καὶ
1239 3648 1424 3719 τιμὰς,
1449 3649 1544 3702 καὶ
1569 3649 1803 3719 ψήφους,

220 3736 323 3790 καὶ
358 3735 589 3807 κρίσεις.
632 3733 750 3788 Κάν
785 3732 1072 3795 Ἰουδαίους
1109 3733 1413 3803 ἐρωτήσῃς,
1450 3732 1553 3786 κάν
1597 3733 1807 3802 αἱρετι-

219 3817 380 3883 κοὺς,
415 3818 522 3871 κᾶν
573 3817 754 3870 ὅντινα
786 3815 1100 3886 ἄνθρωπον,
1147 3815 1567 3887 αἰσχυνθήσεται
1593 3815 1686 3867 τοῦ
1725 3813 1810 3866 δό-

219 3924 437 3978 γματος
465 3906 565 3977 τὴν
592 3905 870 3975 ἀλήθειαν,
909 3905 1002 3958 καὶ
1028 3905 1077 3956 εἰ
1108 3905 1202 3958 καὶ
1228 3906 1284 3957 ἐν
1312 3903 1490 3966 ἄλλοις
1523 3903 1806 3974 διαφέρον-

218 4010 339 4055 ται,
370 3990 488 4044 ἀλλ’
519 3992 576 4043 ἐν
607 3989 781 4060 τούτῳ
812 3987 1012 4051 πάντες
1037 3988 1385 4058 συμφωνοῦσι
1416 3987 1509 4040 καὶ
1534 3987 1806 4055 λέγουσιν,

220 4075 365 4130 εἰναι
399 4074 510 4129 τῶν
549 4073 784 4127 ἐνταῦθα
817 4072 1202 4141 γεγενημένων
1241 4070 1470 4134 εὐθύνας
1495 4073 1628 4124 ἐκεῖ.
1668 4070 1807 4122 Ἀλλ’

218 4161 404 4214 οὐδενὶ
445 4158 624 4229 βούλει
655 4156 939 4210 πείθεσθαι
978 4155 1215 4221 τούτων,
1271 4154 1385 4209 ἀλλ’
1437 4155 1810 4224 ἀναισχυντεῖς

220 4243 486 4308 καθάπαξ
519 4241 756 4304 ἐκδιδοὺς
796 4241 988 4294 σαυτὸν
1012 4243 1078 4310 τῇ
1114 4239 1309 4310 πλάνῃ.
1339 4237 1546 4291 Οὐκοῦν
1578 4237 1664 4290 διὰ
1684 4239 1811 4300 τοὺς

220 4327 309 4380 ἔτι
343 4327 643 4396 νήφοντας,
691 4325 988 4392 ἀναγκαῖον
1031 4325 1158 4385 τοὺς
1189 4323 1316 4392 περὶ
1359 4319 1563 4374 τούτων
1593 4321 1809 4392 κινῆσαι

218 4411 440 4478 λόγους.
479 4406 570 4478 Τῷ
595 4407 702 4478 γάρ
741 4407 906 4478 μηδὲν
940 4404 1092 4477 [767]
1127 4403 1476 4475 ὁμολογοῦντι
1506 4398 1644 4455 εἰναι
1674 4401 1810 4473 μετά

219 4491 422 4556 ταῦτα,
456 4491 671 4560 ἀνάγκη
705 4489 838 4560 μηδὲ
878 4489 1010 4542 Θεὸν
1048 4483 1188 4540 εἶναι
1216 4486 1566 4558 ὁμολογῆσαι.
1624 4485 1807 4556 Ὁρᾷς,

219 4578 365 4647 ὅπερ
400 4575 576 4638 εἶπον,
620 4575 702 4627 ὅτι
745 4574 833 4627 ἀεὶ
876 4571 983 4626 τῶν
1011 4570 1357 4642 φαυλοτέρων
1404 4573 1521 4624 ἐστί
1565 4571 1702 4642 μετά
1742 4570 1812 4623 τὰ

221 4661 424 4731 πρῶτα
456 4659 701 4729 δόγματα
729 4657 797 4711 τὰ
829 4657 1052 4726 ῦστερα,
1081 4656 1222 4726 ἀπερ
1252 4655 1452 4718 αὐτοὺς
1475 4655 1807 4721 διαδέξεται;

221 4747 292 4798 Εἰ
318 4743 426 4814 γάρ
455 4743 622 4814 μηδέν
643 4745 790 4794 ἐστιν
819 4741 934 4794 ἐκεῖ
963 4739 1100 4810 μετά
1125 4737 1315 4802 ταῦτα,
1343 4739 1462 4792 οὐδὲ
1482 4739 1613 4802 Θεὸς
1640 4739 1808 4794 ἐστιν.

221 4830 294 4882 Εἰ
324 4826 432 4897 γὰρ
465 4827 579 4878 ἐστι
611 4825 764 4888 Θεὸς,
799 4824 1004 4886 δίκαιός
1037 4824 1183 4875 ἐστιν
1210 4838 1222 4852 ⁸
1261 4825 1308 4876 εί
1352 4822 1408 4875 δέ
1437 4822 1640 4886 δίκαιός
1669 4824 1807 4890 ἐστι,

221 4911 290 4964 τὸ
333 4910 455 4963 κατ’
493 4907 648 4973 ἀξίαν
698 4907 960 4977 ἀπονέμει
1006 4907 1254 4976 ἑκάστῳ·
1307 4908 1355 4959 εἰ
1402 4907 1459 4959 δὲ
1500 4907 1650 4959 οὐδέν
1694 4907 1809 4960 ἐστι

225 4991 372 5065 μετά
397 4991 592 5057 ταῦτα,
623 4989 724 5044 ποῦ
757 4991 818 5044 τὸ
847 4992 962 5044 κατ’
991 4990 1146 5054 ἀξίαν
1191 4991 1525 5061 ἀπολήψεται
1548 4991 1807 5059 ἐκαστος;

222 5077 474 5148 Πρόσεχε
509 5077 618 5147 γάρ
637 5091 650 5104 '
690 5075 873 5128 πολλοί
898 5077 1028 5145 παρ’
1059 5075 1234 5140 ἀξίαν,
1275 5075 1349 5138 ὡς
1377 5076 1470 5128 καὶ
1503 5076 1656 5129 αὐτοὶ
1681 5093 1813 5147 προ-

229 5160 487 5222 λαϐόντες
538 5159 928 5231 ὡμολόγησαν,
981 5156 1040 5212 εὖ
1093 5161 1392 5229 πάσχουσιν
1436 5159 1669 5213 ἐνταῦθα
1717 5161 1811 5214 καὶ

226 5243 519 5314 τιμῶνται,
550 5243 725 5314 ἕτεροι
744 5243 800 5297 δὲ
824 5243 1139 5308 κολάζονται
1169 5245 1225 5296 ἐν
1252 5243 1562 5317 δικαιοσύνῃ
1587 5243 1806 5309 ζῶντες.

227 5328 292 5381 Εἰ
324 5327 504 5380 τοίνυν
527 5327 704 5389 οὐδείς
726 5329 840 5379 ἐστι
869 5326 1058 5396 καιρὸς
1082 5325 1219 5396 μετά
1242 5325 1437 5388 ταῦτα,
1483 5326 1812 5381 ἀπελεύσον-

223 5428 318 5464 ται
353 5409 705 5478 ἀδικηθέντες
734 5411 781 5462 οί
814 5409 1036 5472 δίκαιοι,
1058 5411 1152 5476 καὶ
1180 5411 1310 5480 παρ’
1336 5409 1489 5475 ἀξίαν
1517 5405 1577 5464 εὖ
1612 5411 1810 5465 παθόν-

227 5510 318 5556 τες
349 5494 398 5546 οἱ
422 5492 594 5544 ἄδικοι
620 5509 634 5523 ο
676 5493 724 5543 εἰ
757 5491 812 5545 δέ
842 5493 1014 5545 ταῦτα
1051 5492 1123 5563 μὴ
1151 5491 1322 5557 ἔσται,
1353 5492 1470 5556 πῶς
1515 5493 1581 5547 ἂν
1626 5494 1708 5566 εἴη
1749 5495 1809 5548 τὸ

227 5576 469 5640 δίκαιον;
499 5575 734 5645 Ἀνάγκη
760 5576 868 5646 γὰρ
894 5577 926 5646 ἢ
952 5571 1088 5629 εἶναί
1115 5593 1233 5628 τινα
1262 5576 1450 5646 καιρὸν
1476 5576 1614 5645 μετά
1636 5577 1808 5632 ταῦτα

227 5659 323 5714 τὸν
354 5658 416 5712 τὸ
444 5657 562 5710 κατ’
593 5659 748 5724 ἀξίαν
779 5660 1116 5730 ἀπονέμοντα
1143 5660 1356 5730 ἑκάστῳ
1375 5675 1388 5689 ·
1444 5661 1675 5715 ἐνταῦθα
1700 5661 1808 5732 γὰρ

289 5793 314 5820 ⁸
340 5791 477 5842 Cotb.
502 5791 907 5852 ἀποσπασθεῖσαν,
933 5793 1095 5842 minus
1120 5800 1274 5844 recte.

1294 370 1382 426 DE
1423 370 1602 426 ΡΛΤο
1638 370 1721 426 ET
1765 369 2248 429 PROVIDENTIA.
2295 376 2378 431 IV.

1900 486 2033 566 αὐτὸ
2084 488 2180 558 οὐχ
2219 489 2579 559 εὐρίσκομεν³
2631 491 2682 543 εί
2724 508 2785 559 γε
2820 491 2894 564 μή
2953 493 3069 545 ἐστι
3108 493 3332 566 καιρὸς,
3369 497 3484 561 πῶς

1898 565 1959 618 τὸ
1988 569 2108 621 κατ’
2136 570 2291 636 ἀξίαν
2320 572 2566 642 ἀπολάϐῃ
2593 572 2821 637 ἕκαστος
2848 592 2862 639 ;
2898 577 2947 628 εἰ
2978 575 3034 628 δέ
3059 565 3246 648 μηδείς
3272 578 3332 631 τὸ
3367 582 3486 634 κατ’

1898 651 2054 716 ἀξίαν
2083 654 2488 725 ἀπολαμϐάνει,
2530 656 2652 709 οὔτε
2680 657 2811 721 Θεός
2835 661 2950 712 ἐστι
2979 660 3118 713 κατά
3147 660 3206 712 σὲ
3233 660 3441 725 δίκαιος
3467 679 3482 693 ⁸

1900 737 1949 786 εἰ
1975 736 2031 787 δὲ
2064 739 2162 790 οὐκ
2191 738 2306 792 ἔστι
2329 740 2535 803 δίκαιος
2569 743 2596 792 ὁ
2620 741 2770 804 Θεὸς,
2801 743 2922 794 οὐδέ
2944 743 3074 806 Θεὸς
3108 743 3173 796 ἂν
3196 745 3302 814 εἴη.
3343 745 3485 799 Ἀλλ’

1900 821 1933 889 ή
1969 820 2282 892 βλασφημία
2307 825 2384 887 εἰς
2411 824 2508 895 τὴν
2536 825 2773 895 κεφαλὴν
2796 825 2901 877 τῶν
2930 825 3103 879 ταῦτα
3141 829 3289 896 ήμᾶς
3325 830 3486 895 ἀναγ-

1901 902 2172 982 καζόντων
2205 906 2588 977 περιτραπείη.
2608 909 2802 978 Ὁρᾶτε
2828 909 2963 978 πρὸς
2991 909 3121 979 ὅσην
3139 911 3487 982 βλασφημίαν

1899 987 1929 1039 ὀ
1979 987 2136 1056 λόγος
2189 988 2556 1060 ἐξενήνεκται.
2605 991 2764 1043 Ἀλλά
2818 990 2924 1062 μὴν
2974 992 3055 1044 ὅτι
3099 992 3230 1056 Θεός
3270 995 3486 1048 ἐστιτὰ

1901 1071 2199 1140 πράγματα
2234 1072 2362 1142 βοᾷ·
2407 1073 2600 1126 οὐκοῦν
2633 1077 2725 1127 καὶ
2769 1075 2976 1137 δίκαιός
3003 1074 3175 1128 ἐστιν·
3239 1078 3287 1129 εἰ
3319 1077 3376 1129 δέ
3405 1077 3487 1131 δίς

1901 1154 2052 1216 καιός
2083 1155 2220 1218 ἐστι,
2253 1156 2314 1208 τὸ
2343 1157 2464 1210 κατ’
2497 1157 2652 1222 ἀξίαν
2683 1158 2946 1226 ἀπονέμει
2973 1158 3188 1230 ἑκάστῳ
3209 1173 3222 1186 ·
3270 1163 3319 1212 εἰ
3348 1161 3406 1213 δὲ
3426 1160 3490 1214 τὸ

1901 1237 2021 1290 κατ’
2055 1237 2212 1300 ἀξίαν
2240 1238 2500 1310 ἀπονέμει
2534 1240 2770 1310 ἑκάστῳ,
2815 1241 3028 1310 ἀνάγκη
3062 1241 3184 1294 τινά
3217 1237 3357 1295 εἶναι
3389 1261 3486 1314 με-

1901 1318 1968 1372 τὰ
1995 1319 2165 1373 ταῦτα
2191 1321 2403 1391 καιρὸν,
2434 1322 2556 1375 καθ’
2585 1322 2642 1375 ὃν
2672 1323 2734 1374 τὸ
2760 1323 2880 1376 κατ’
2913 1323 3068 1388 ἀξίαν
3099 1323 3326 1388 ἕκαστος
3350 1327 3486 1378 ἀπο-

1901 1402 2151 1473 λήψεται,
2175 1404 2270 1458 καὶ
2300 1404 2460 1457 δώσει
2493 1404 2673 1474 δίκην,
2703 1405 2797 1458 καὶ
2824 1405 3185 1476 τιμηθήσεται
3213 1407 3353 1478 ὑπὲρ
3376 1409 3489 1462 τῶν

1901 1487 2349 1557 κατωρθωμένων
2366 1488 2531 1558 αὐτῷ.
2551 1489 2957 1559 Ἀνανήψωμεν,
2981 1489 3253 1560 ἀγαπητοί
3273 1508 3287 1521 ’
3311 1491 3488 1557 ἀγνω-

1890 1570 2024 1664 ρίαν
2059 1570 2194 1664 Θεοῦ
2228 1571 2369 1635 τινὲς
2414 1572 2663 1641 ἔχουσιν·
2710 1570 3092 1641 ἀνανήψωμεν,
3129 1575 3488 1644 γρηγορήσω·

1905 1653 2022 1722 μεν.
2065 1654 2382 1724 Ἦμαρτες,
2434 1653 2508 1725 μὴ
2533 1655 2776 1726 προσθῇς
2807 1653 2886 1706 ἔτι
2913 1671 2926 1684 ⁸
2960 1655 3206 1725 ἥμαρτες
3227 1697 3240 1719 ,
3279 1655 3486 1726 ήσύχα-

1905 1753 1995 1789 σον
2019 1753 2034 1766 θ
2077 1737 2342 1807 ἥμαρτες,
2375 1737 2449 1808 μὴ
2480 1738 2794 1809 καταδήσῃς
2845 1737 2924 1800 δίς
2959 1738 3252 1808 ἁμαρτίας.
3299 1740 3489 1809 Ἡμεῖς

1901 1816 1958 1870 δὲ
1985 1820 2216 1890 τριπλᾶς
2253 1821 2346 1872 καὶ
2371 1820 2680 1890 τετραπλᾶς
2710 1820 3184 1889 καταδεσμοῦμεν,
3231 1821 3488 1875 τοιούτων

1902 1901 2188 1971 δογμάτων
2212 1903 2407 1974 φόρτον
2430 1905 2510 1966 εἰς
2531 1903 2630 1966 τὰς
2649 1903 2926 1974 ήμετέρας
2951 1903 3130 1972 ψυχάς
3153 1903 3484 1972 εἰσάγοντες.

1906 1983 2210 2058 Ἥμαρτες,
2233 1986 2491 2055 ἐπίγνωθι
2522 1987 2610 2040 τὸν
2637 1988 2935 2058 Δεσπότην,
2966 1987 3058 2040 τὸν
3084 1987 3370 2057 ἐλεήμονα,
3394 1988 3488 2042 τὸν

1905 2067 2304 2138 φιλάνθρωπον,
2333 2069 2425 2122 τὸν
2450 2069 2672 2138 ἀγαθὸν,
2701 2070 2792 2122 τὸν
2818 2069 3019 2142 ἰατρὸν,
3043 2070 3135 2122 τὸν
3167 2086 3489 2140 συγγνωμοο

1905 2153 2072 2216 νικὸν,
2097 2153 2187 2206 τὸν
2209 2153 2636 2224 εὐπαραίτητον,
2653 2153 2744 2206 τὸν
2771 2152 3084 2217 εὐαξίωτον.
3106 2155 3218 2207 Οὐκ
3249 2154 3487 2224 ήκουσας

1903 2234 1985 2287 ὃτι
2015 2235 2182 2305 μυρία
2208 2236 2449 2290 τάλαντά
2478 2253 2558 2299 τις
2591 2235 2998 2306 κατεδηδοκὼς,
3053 2236 3149 2289 καὶ
3170 2236 3269 2306 τήν
3298 2234 3488 2289 οὐσίαν

1905 2321 2086 2374 πᾶσαν
2123 2321 2221 2390 τὴν
2284 2320 2609 2391 δεσποτικὴν
2669 2319 2941 2381 ἀπολέσας
2994 2320 3087 2372 καὶ
3155 2319 3484 2382 διασπάσας,

1903 2402 2120 2474 ἕτοιμος
2147 2402 2221 2456 ὣν
2237 2404 2328 2456 καὶ
2350 2403 2447 2473 τὴν
2475 2405 2704 2470 γυναῖκα
2726 2401 3018 2455 ἀποδόσθαι
3053 2401 3148 2455 καὶ
3171 2401 3242 2454 τὰ
3273 2401 3488 2465 παιδία,

1906 2487 2092 2558 ἐπειδὴ
2134 2487 2293 2557 μόνον
2322 2486 2605 2553 ἔκλαυσεν,
2641 2487 2829 2557 ἐπειδὴ
2867 2487 3027 2557 μόνον
3050 2486 3157 2539 τῶν
3183 2485 3359 2539 ποδῶν
3390 2487 3487 2539 αὐ-

1903 2571 1998 2624 τοῦ
2031 2571 2241 2642 ἥψατο,
2290 2570 2488 2634 παντὸς
2534 2569 2740 2624 ἐκείνου
2790 2569 2884 2623 τοῦ
2933 2570 3295 2640 όφειλήματος
3335 2567 3491 2621 λύσιν

1903 2654 2110 2725 ηὕρατο
2136 2657 2231 2708 καὶ
2247 2653 2470 2723 ἀφεσιν;
2495 2655 2556 2707 Εἰ
2577 2655 2633 2706 δέ
2654 2653 2850 2722 λέγοις,
2870 2654 2951 2705 ὅτι
2976 2653 3113 2723 μετά
3133 2651 3303 2705 ταῦτα
3326 2650 3490 2704 αὐτὸν

1905 2738 2187 2809 παρέδωκε
2208 2740 2317 2800 τοῖς
2341 2737 2709 2807 βασανισταῖς,
2731 2736 2910 2790 ἴσασιν
2938 2738 2984 2788 οἱ
3005 2735 3206 2797 εἰδότες
3227 2733 3323 2804 τὴν
3345 2733 3490 2786 ἰστοο

1909 2822 2056 2894 ρίαν·
2084 2821 2276 2893 ἑτέρας
2307 2839 2396 2892 μοι
2421 2821 2602 2888 λέγεις
2630 2818 3036 2891 φιλανθρωπίας
3064 2817 3338 2870 ὑπόθεσιν.
3377 2816 3487 2869 Καὶ

1905 2907 2014 2975 γάρ
2050 2907 2144 2958 καὶ
2172 2905 2293 2958 τότε
2324 2905 2485 2958 αὐτὸν
2516 2904 2746 2974 ἐλεήσας
2767 2901 2949 2971 ἀφῆκε
2971 2941 2984 2965 ,
3025 2901 3118 2954 καί
3152 2899 3311 2975 πάλιν
3340 2900 3486 2952 ἐκεῖ⁸

1905 2974 1996 3041 νον
2029 2988 2257 3059 ἐλεήσας
2311 2986 2595 3040 ἐνέϐαλεν’
2649 2985 2838 3054 ὥσπερ
2887 2986 3007 3037 τότε
3052 2982 3229 3052 τούτῳ
3277 2974 3486 3052 βοηθῶν

1905 3071 2198 3141 ἐποίησεν,
2242 3070 2384 3122 οὕτω
2416 3070 2510 3122 καὶ
2546 3069 2640 3121 νῦν
2679 3067 2870 3136 ἐκείνῳ
2918 3065 3124 3136 βοηθῶν
3158 3064 3486 3134 ἀνέπραττε,

1904 3152 2090 3207 τοῦτον
2121 3153 2218 3224 μὲν
2247 3154 2336 3206 ἵνα
2362 3150 2628 3222 παιδεύσῃ
2657 3151 2730 3220 μὴ
2770 3143 2910 3202 εἶναι
2944 3147 3116 3217 ὠμὸν,
3150 3147 3285 3218 μηδέ
3312 3147 3486 3200 ἀπάν-

1906 3238 2140 3310 θρωπον,
2168 3239 2370 3290 ἐκεῖνον
2404 3235 2460 3288 δέ
2490 3236 2576 3288 ἴνα
2612 3235 2704 3287 καὶ
2728 3231 3012 3304 ἀπαλλάξῃ
3047 3229 3167 3301 βίας
3195 3230 3290 3282 καὶ
3311 3231 3487 3282 ἀπαν-

1907 3320 2170 3392 θρωπίας.
2189 3321 2404 3390 Ὁρᾶτε,
2436 3315 2926 3387 ἀγαπητοίοκαλῶς
2946 3314 3054 3385 γάρ
3079 3330 3142 3382 με
3171 3310 3372 3382 μεταξύ
3399 3311 3488 3364 λέ-

1905 3423 2069 3476 γοντα
2093 3405 2248 3458 τοῦτο
2277 3402 2491 3474 εἰσῆλθε
2507 3402 2566 3455 τὸ
2591 3402 2791 3471 νόημα,
2811 3399 2927 3462 πῶς
2944 3399 3004 3451 οὐ
3037 3397 3196 3467 μόνον
3224 3395 3285 3448 τὸ
3305 3394 3487 3448 πλεονο

1907 3492 2084 3542 εκτεῖν
2118 3488 2213 3541 καὶ
2249 3487 2536 3559 ἁρπάζειν,
2575 3484 2711 3538 ἀλλά
2746 3484 2839 3538 καὶ
2872 3483 2931 3535 τὸ
2963 3482 3036 3553 μὴ
3066 3481 3233 3534 ἐλεεῖν
3262 3479 3487 3550 γεέννης

1910 3573 2060 3646 [768]
2086 3575 2217 3644 ήμῖν
2245 3571 2500 3643 πρόξενον
2528 3569 2794 3638 γίγνεται.
2845 3560 3013 3630 Οὗτος
3042 3567 3172 3638 γὰρ,
3207 3566 3307 3620 οὐκ
3338 3567 3482 3618 ἐπει-

1905 3657 1969 3727 δὴ
2006 3657 2075 3709 τὰ
2100 3655 2354 3726 ἀλλότρια
2384 3653 2572 3706 ἔλαϐεν
2605 3653 2834 3716 ἀδίκως,
2885 3651 3001 3704 ἀλλ’
3043 3649 3231 3720 ἐπειδὴ
3275 3649 3346 3702 τὰ
3384 3648 3486 3701 αὐ-

1906 3740 1999 3793 τοῦ
2022 3741 2218 3812 ἀπῄτει
2241 3737 2642 3809 ἀπανθρώπως,
2669 3735 2940 3806 παρεδόθη
2967 3737 3079 3796 τοῖς
3105 3734 3485 3803 βασανισταῖς

1909 3825 2003 3877 καὶ
2031 3823 2140 3894 γὰρ
2172 3824 2418 3894 εἴρηται,
2462 3821 2543 3873 ὅτι
2597 3819 2826 3887 ὠφειλεν
2875 3820 3081 3879 ἐκεῖνος
3109 3832 3126 3845 ⁸
3153 3816 3269 3868 ἀλλ’
3313 3817 3362 3868 εἰ
3391 3817 3488 3868 καὶ

1910 3909 2116 3967 ἐκεῖνος
2162 3905 2424 3974 ὠφειλεν,
2468 3902 2700 3971 ὢφειλες
2730 3903 2822 3954 καὶ
2866 3901 2929 3952 σύ
2964 3899 3024 3952 τὸ
3069 3899 3204 3951 αὐτὸ
3239 3897 3484 3968 ὄφλημα..

1911 3991 2004 4043 καὶ
2036 3990 2096 4042 τὸ
2141 3988 2272 4041 αὐτὸ
2314 3987 2518 4040 δίκαιον
2560 3986 2646 4037 ἐπ’
2697 3982 3072 4054 ἀμφοτέρωνὶι
3124 3979 3486 4051 φυλάττεσθαι

1911 4078 2098 4148 ἐχρῆν.
2137 4075 2234 4129 Διά
2279 4074 2438 4128 τοῦτό
2483 4091 2565 4127 σοι
2606 4074 2851 4143 ἀφῆκεν,
2910 4073 2997 4125 ἵνα
3045 4072 3144 4142 τὴν
3189 4069 3352 4125 αὐτοῦ
3404 4086 3484 4123 σοι

1912 4168 2062 4240 δείξῃ
2099 4166 2526 4239 φιλανθρωπίαν,
2557 4166 2644 4218 ἵνα
2670 4165 2913 4235 ζηλωτήν
2943 4181 3003 4216 σε
3035 4163 3134 4234 τῆς
3158 4161 3484 4231 δεσποτικῖκ

1912 4256 2248 4328 ἡμερότητος
2269 4253 2591 4326 ἐργάσηται.
2632 4252 2850 4320 Ἐπειδὴ
2881 4251 2939 4304 δὲ
2965 4250 3154 4303 παθὼν
3171 4246 3230 4303 εὖ
3248 4250 3348 4302 οὐκ
3371 4248 3485 4316 ἐγέ.

1911 4366 2004 4401 νου
2036 4347 2275 4418 βελτίων,
2304 4345 2477 4417 ἑτέρῳ
2503 4362 2561 4398 σε
2593 4343 2896 4416 διορθοῦται
2922 4342 3129 4415 τρόπῳ,
3161 4341 3242 4412 τῷ
3264 4342 3362 4412 τῆς
3393 4358 3487 4394 κο-

1913 4439 2142 4503 λάσεως,
2183 4438 2261 4509 τῷ
2305 4441 2404 4508 τῆς
2436 4437 2736 4507 τιμωρίαςο
2771 4435 2910 4488 ὥστε
2951 4435 3044 4488 καὶ
3077 4433 3233 4487 τοῦτο
3261 4434 3483 4505 εὐεργε-

1915 4530 2034 4594 σίας
2064 4526 2203 4592 εῐδός
2230 4530 2369 4582 ἐστι.
2405 4527 2695 4596 Παρέδωκε
2724 4528 2838 4588 τοῖς
2865 4524 3232 4594 βασανισταῖς,
3268 4523 3355 4577 ἵνα
3383 4540 3486 4576 κα-

1913 4622 2038 4675 κίαν
2098 4620 2253 4693 ἐξέλῃ
2290 4619 2492 4691 ψυχῆς,
2551 4618 2802 4689 καθάπερ
2849 4617 3029 4688 ἰατρὸς
3078 4615 3315 4688 ἀριστος.
3369 4615 3484 4668 Οὐκ

1913 4709 2060 4778 εἴξας
2084 4713 2373 4784 ,φαρμάκῳ
2411 4711 2690 4782 προσηνεῖ,
2733 4708 2949 4779 σιδήρου
2977 4724 3058 4760 σοι
3082 4706 3162 4759 δεῖ
3180 4706 3273 4759 καὶ¹
3315 4705 3484 4776 πυρὸς

1912 4802 2116 4856 λοιπόν.
2145 4803 2298 4876 ᾜδει
2327 4801 2495 4872 μυρία
2526 4798 2761 4852 τάλαντα
2786 4799 2943 4866 ἀφεὶς
2967 4798 3047 4850 ὅτι
3070 4797 3220 4868 ὠμός
3245 4798 3362 4850 ἐστι
3388 4797 3484 4850 καὶ

1913 4895 2296 4966 ἀπάνθρωπος,
2332 4892 2445 4946 ἀλλ’
2477 4892 2727 4962 ἀνέμεινε
2757 4890 2845 4944 διά
2880 4891 2978 4961 τῆς
3004 4889 3112 4943 τῶν
3144 4887 3484 4960 πραγμάτων

1912 4987 2187 5048 ἐκϐάσεως
2207 4982 2644 5054 ἀπολογήσασθαί
2668 4999 2768 5047 σοι,
2794 4981 2825 5034 ὃ
2843 4980 3109 5051 πολλαχοῦ
3138 4981 3300 5042 ποιεῖ,
3331 4977 3483 5040 εἰδὼς

1912 5075 1993 5128 ὃτι
2019 5073 2244 5135 δικαίως
2281 5074 2443 5125 ποιεῖ.
2475 5073 2632 5125 Μετά
2658 5071 2722 5124 τὸ
2747 5069 3190 5142 ἀπολογήσασθαί
3220 5085 3302 5120 σοι
3329 5066 3482 5119 τοῦτο

1911 5168 2082 5219 ποιεῖ’
2109 5157 2219 5217 οἷον
2237 5163 2329 5216 ἐπὶ
2348 5163 2456 5217 τῶν
2470 5163 2722 5234 Σοδόμων
2744 5163 2838 5232 οὐχ
2865 5160 3051 5223 ἁπλῶς
3067 5159 3247 5228 ἀφῆκε
3271 5157 3330 5210 τὸ
3349 5156 3479 5227 πῦρ,

1910 5258 2028 5312 οὐδὲ
2050 5257 2147 5320 τὰς
2165 5255 2346 5319 πόλεις
2370 5256 2582 5319 ἐκείνας
2607 5256 2940 5326 ἀνήρπασεν,
2971 5252 3106 5306 ἀλλά
3129 5250 3180 5302 τί
3201 5265 3214 5313 ;
3238 5249 3478 5317 Κραυγὴ

1910 5349 2191 5418 Σοδόμων
2250 5348 2348 5402 καί
2384 5349 2720 5418 Γομόρῤων,
2769 5347 2861 5400 καὶ
2897 5345 3016 5398 οὐδὲ
3067 5343 3224 5415 μέχρι
3255 5340 3480 5406 τούτου,

1909 5441 2067 5502 ἀλλά,
2116 5441 2390 5503 Καταϐὰς
2427 5439 2667 5508 ὄψομαι.
2710 5437 2819 5490 Καὶ
2873 5435 2991 5488 οὐδὲ
3041 5433 3271 5488 ἐνταῦθα
3311 5432 3480 5505 ἔστη,

1909 5531 2044 5587 ἀλλά
2071 5533 2278 5602 πέμπει
2313 5531 2438 5594 τοὺς
2469 5529 2735 5599 ἀγγέλους
2769 5527 3217 5590 ὑπώεικνύοντάς
3250 5543 3331 5578 σοι
3373 5537 3478 5604 τὴν

1909 5625 2106 5679 κακίαν
2151 5622 2258 5676 τῶν
2308 5620 2655 5675 ἐνοικούντων
2699 5620 2814 5692 τὴν-
2851 5619 3023 5686 πόλιν,
3055 5619 3142 5672 ἵνα
3199 5616 3333 5688 μηδέ
3356 5619 3472 5673 τῶν

1970 5795 1999 5835 δ
2021 5795 2156 5846 Colb.
2182 5796 2253 5844 ἄπ’
2274 5796 2564 5858 ἀμφοτέροις.

3380 384 3483 443 τοι
3583 461 3594 470 1
