3870 6272
411 369 519 428 765

409 483 782 556 ἀναισχύντων
827 485 1016 556 μηδεὶς
1060 484 1156 555 ἔχῃ
1203 485 1543 555 βλασφημεῖν
1587 484 1682 536 τὸν
1725 484 1860 536 Θεὸν
1904 485 1985 538 ὅτι

405 581 533 642 τοὺς
567 576 789 644 ἀξένους
809 621 821 642 ,
856 579 937 629 δτι
969 578 1094 640 τοὺς
1124 576 1555 648 ἀπανθρώπους,
1595 577 1675 629 ὅτι
1720 577 1847 640 τοὺς
1877 594 1987 630 πα·-

410 673 699 742 ρανόμους,
731 671 825 723 καὶ
852 670 920 723 τὰ
967 671 1064 740 τῆς
1090 670 1442 740 δικαιοσύνης
1490 671 1871 739 ἀγνοήσαντας
1904 669 1986 722 δί-

406 778 569 822 καια,
607 762 702 814 καὶ
737 762 862 822 τοὺς
908 761 1119 824 κοινοὺς
1164 761 1263 830 τῆς
1318 759 1533 830 φύσεως
1578 759 1986 832 ἀνατρέψαντας

408 853 643 922 νόμους,
683 850 778 903 καὶ
826 850 953 912 τοὺς
989 850 1158 920 κακίᾳ
1191 848 1656 920 πεπληρωμένους
1689 846 1987 900 ἀπολέσθαι

408 942 534 995 ἔδει.
570 941 632 994 Τί
663 941 776 994 ἴσον
820 938 915 993 τοῦ
957 939 1099 993 ούτω
1130 939 1511 1010 φιλανθρώπου
1548 939 1642 992 καὶ
1685 937 1988 1010 προσηνοῦς

408 1036 542 1088 Θεοῦ
570 1053 584 1100 ;
622 1034 816 1087 Καίτοι
839 1051 902 1102 γε
925 1035 1086 1103 ἡμεῖς
1117 1031 1458 1094 κολάζοντες,
1485 1031 1587 1084 οὐκ
1609 1030 1868 1101 ἀξιοῦμεν
1889 1030 1989 1093 τὰς

407 1126 584 1189 αἰτίας
616 1125 794 1194 λέγειν
826 1124 1085 1183 πολλάκις
1106 1141 1118 1152 ·
1156 1123 1318 1186 αὐτὸς
1342 1123 1398 1176 δὲ
1429 1121 1494 1175 ἂν
1525 1121 1599 1191 μὴ
1633 1121 1899 1194 πρότερόν
1928 1139 1987 1174 σε

407 1217 614 1288 διδάξῃ,
650 1216 712 1271 ἂν
747 1216 820 1286 μὴ
861 1215 1129 1287 πρότερόν
1165 1229 1224 1266 σε
1258 1213 1442 1286 πείσῃ,
1475 1214 1570 1267 καὶ
1587 1213 1687 1284 τὴν
1712 1213 1863 1284 παρά
1890 1212 1985 1266 σοῦ

406 1306 546 1378 λάϐῃ
573 1307 774 1376 ψῆφον,
804 1307 885 1358 ὅτι
912 1306 1135 1368 δικαίως
1165 1305 1361 1372 ἐπάγει
1400 1305 1500 1374 τὴν
1526 1304 1770 1368 κόλασιν,
1811 1304 1872 1356 οὑ
1903 1322 1986 1357 τι-

413 1403 680 1470 μωρεῖται
715 1398 842 1460 τοὺς
863 1397 1033 1450 πάλαι
1066 1397 1340 1460 κολάσεως
1369 1398 1464 1450 καὶ
1482 1398 1753 1468 τιμωρίας
1781 1397 1984 1464 ἀξίους,

409 1492 503 1544 καί
535 1490 764 1553 εὐθύνας
793 1507 874 1543 σοι
910 1487 1176 1558 πολλαχοῦ
1204 1489 1463 1559 παρέχειν
1485 1489 1703 1560 ἕτοιμός
1730 1493 1867 1551 ἐστι,
1892 1491 1987 1543 καὶ

407 1583 653 1652 κρίνεται
698 1582 834 1652 πρός
881 1599 942 1634 σε
991 1582 1088 1635 καὶ
1116 1579 1432 1643 δικάζεσθαι
1473 1581 1574 1634 οὐκ
1607 1581 1774 1635 ὀκνεῖ.
1822 1581 1986 1652 Ὁρᾷς

407 1677 533 1735 τοὺς
565 1673 852 1744 προφήτας
881 1672 1086 1726 τούτων
1120 1671 1608 1743 ὲμπεπλησμένους
1638 1673 1746 1725 τῶν
1778 1671 1980 1740 λόγωνο

408 1764 685 1835 πανταχοῦ
740 1765 1067 1835 δικαστήρια
1113 1763 1248 1816 Θεοῦ
1299 1763 1436 1834 πρὸς
1481 1761 1823 1834 ἀνθρώπους.
1883 1765 1994 1818 Καὶ

408 1856 667 1920 πολλάκις
681 1855 777 1926 μὲν
793 1855 988 1918 αὐτοὺς
1006 1854 1321 1918 δικάζοντας
1333 1855 1458 1917 τοὺς
1474 1854 1801 1923 ἠδικηκότας
1818 1853 1992 1921 καλεῖ,

407 1949 665 2012 πολλάκις
697 1948 755 2002 δὲ
801 1949 899 2020 τὴν
930 1948 1107 2001 κτίσιν
1158 1948 1476 2017 καθημένην
1519 1947 1612 2000 ἐπὶ
1656 1947 1756 2019 τῆς
1790 1947 1992 2018 ψήφου,

406 2041 618 2106 δευινὺς
638 2041 736 2109 τὴν
770 2040 1124 2111 περιφάνειαν
1155 2038 1266 2093 τῶν
1292 2037 1678 2109 δικαιωμάτων
1704 2054 1717 2068 ⁸
1739 2037 1863 2091 οῦτε
1897 2039 1996 2091 αὑ-

405 2133 500 2188 τὸν
539 2133 628 2187 τὸν
654 2133 944 2196 ἀντίδικον,
987 2130 1111 2186 οὔτε
1160 2131 1230 2186 τὰ
1282 2130 1584 2200 ἀναίσθητα
1646 2131 1997 2202 παραιτεῖται

405 2228 486 2289 εἰς
510 2226 688 2297 κρίσιν
715 2225 898 2278 καλεῖν
930 2228 958 2278 ὁ
984 2225 1115 2288 Θεός
1135 2239 1147 2253 ⁸
1173 2225 1308 2295 ὅπερ
1335 2225 1466 2295 ἡμῖν
1491 2219 1622 2287 έθος
1639 2223 1755 2276 ἐστὶ
1786 2225 1982 2290 ποιεῖν,

408 2319 539 2377 ὅταν
581 2317 876 2389 θαρρῶμεν
909 2320 1022 2381 τοῖς
1061 2317 1284 2380 οἰκείοις
1318 2316 1569 2378 δικαίοις.
1633 2315 1976 2383 Ἀκούσατε,

1130 371 1185 426 S.
1224 370 1510 427 JOANNIS
1548 366 1983 426 CIIRYSOSTO!

2086 365 2392 423 ARCIHEP.
2432 361 2982 420 (ΣΟΝΞΤΑΝἨΝΟΡ.

3578 361 3683 416 765

2090 483 2412 554 φάραγγες,
2451 481 2693 549 θεμέλια
2741 476 2846 545 τῆς
2880 477 3016 546 γῆς,
3071 475 3160 529 ὅτι
3195 476 3392 544 κρίσις
3435 474 3521 541 τῷ
3560 479 3685 529 Κν-

2081 575 2196 643 ρίῳ
2218 589 2230 601 ⁵
2256 574 2349 628 καὶ
2375 573 2552 637 πάλιν,
2579 572 2817 632 Ἀκουε,
2838 565 3077 634 οὐρανέ,
3121 567 3220 619 καὶ
3246 564 3545 630 ἐνωτίζου,
3573 566 3680 635 γῆ,

2090 665 2179 718 ὅτι
2207 665 2421 734 Κύριος
2452 662 2740 730 ἐλάλησε.
2775 660 3042 723 Πολλάκις
3082 660 3140 711 δέ
3178 661 3376 722 αὑτοὺς
3407 660 3681 725 ἐκείνους,

2090 761 2247 824 Λαός
2261 777 2404 827 μου,
2434 757 2493 809 τί
2520 753 2779 823 ἐποίησά
2807 769 2924 817 σοι,
2956 753 2994 818 ἢ
3016 753 3072 805 τί
3091 751 3355 820 ήδίκησά
3376 768 3489 818 σε;
3512 752 3626 805 Καὶ
3653 755 3684 805 ὁ

2101 851 2366 922 Ἱερεμίας
2391 891 2406 914 ,
2465 851 2526 904 Τί
2552 849 2812 918 εὕρεσαν
2840 848 2909 901 ἐν
2945 846 3074 916 ἐμοὶ
3116 849 3171 901 οἱ
3208 845 3465 914 πατέρες
3509 844 3682 916 ὑμῶν

2088 942 2527 1012 πλημμέλημα;
2575 941 2649 994 Ού
2681 941 2828 993 ποιεῖ
2873 939 2930 992 δὲ
2976 939 3108 992 αὑτὸ
3154 937 3296 990 κατά
3344 939 3534 1002 πόλεις
3581 941 3682 992 καὶ

2089 1035 2216 1104 ἔθνη
2248 1034 2426 1105 μόνον,
2463 1033 2598 1086 ἀλλά
2626 1017 2724 1087 καὶ
2769 1030 2912 1085 κατά
2937 1031 3033 1084 ένα
3063 1029 3326 1094 πολλάκις
3359 1029 3678 1099 ἄνθρωπον.

2091 1125 2236 1196 Πρὸς
2269 1125 2367 1177 τὸν
2401 1125 2566 1177 Δαυίδ
2597 1124 2838 1195 κρίνεται
2875 1123 2962 1176 διὰ
2999 1123 3093 1176 τοῦ
3133 1125 3437 1195 προφήτου,
3470 1127 3570 1178 καὶ
3601 1125 3683 1196 τῷ

2102 1219 2254 1288 ἰωνᾷ
2275 1216 2702 1288 παραιτουμένῳ
2716 1213 2951 1286 κηρῦξαι
2966 1215 3296 1279 Νινευῒταις,
3319 1215 3680 1284 ἀπολογεῖται

2088 1308 2176 1362 διὰ
2200 1309 2302 1379 τῆς
2333 1308 2664 1378 κολοκύνθης
2684 1326 2697 1339 ·
2728 1311 2797 1361 El
2823 1308 2906 1362 σὺ
2934 1309 3156 1378 ἐφείσω
3180 1308 3334 1376 ὑπὲρ
3361 1307 3478 1374 τῆς
3500 1312 3682 1362 κολοι

2089 1401 2346 1466 κύνθης,
2399 1398 2512 1469 ἐγὼ
2563 1401 2635 1453 οὐ
2683 1400 2966 1469 φείσομαι
3016 1398 3167 1466 ὑπὲρ
3211 1399 3510 1467 Νινευῆς;
3563 1401 3678 1454 Καὶ

2091 1491 2302 1546 πολλῶν
2342 1492 2598 1546 τοιούτων
2644 1493 2895 1564 εὑρήσεις
2943 1491 3220 1563 γεμούσας
3273 1491 3372 1556 τάς
3420 1493 3673 1565 Γραφάς.

2091 1584 2258 1637 Ταῦτ’
2298 1581 2391 1639 οῦν
2425 1585 2650 1649 εἰδότες,
2692 1583 3088 1658 προσκυνῶμεν
3129 1581 3276 1655 [76θῖ
3306 1584 3499 1646 αὑτὸν,
3539 1584 3675 1638 θαυ-

2093 1677 2374 1748 μάζωμεν,
2408 1676 2822 1749 θεραπεύωμεν,
2863 1676 2937 1740 ὡς
2979 1676 3203 1730 δυνατὸν
3237 1678 3400 1747 ἡμῖν·
3443 1677 3674 1748 ὡςλγάρ

2088 1769 2236 1834 ἀξιον
2257 1770 2315 1822 ού
2338 1769 2582 1823 δυνατόν.
2618 1768 3040 1840 Ἐπιμελώμεθα
3060 1769 3159 1838 τῆς
3185 1767 3470 1840 παρούσης
3505 1767 3674 1840 ζωῆς,

2088 1863 2183 1915 καὶ
2227 1861 2586 1932 πειθώμεθα,
2633 1862 2716 1914 ὃτι
2760 1861 2892 1923 Θεὸς
2933 1860 3236 1932 ἐφέστηκε,
3293 1861 3388 1914 καὶ
3442 1861 3677 1933 πρόνοια

2090 1953 2276 2006 πάντα
2301 1953 2562 2024 κυϐερνᾷ,
2591 1953 2683 2006 καὶ
2717 1953 2854 2023 μετά
2883 1952 3058 2005 ταῦτα
3081 1953 3260 2007 πάντα
3288 1953 3436 2006 ἐστιν
3469 1955 3678 2025 άωηο

2097 2044 2378 2114 μήσαντας
2427 2046 2607 2113 τυχεῖν
2659 2043 2770 2097 τῶν
2819 2043 3242 2114 ἐπηγγελμένων
3295 2044 3558 2111 ἀγαθῶνο
3600 2039 3675 2098 ὧν

2089 2135 2302 2203 γένοιτο
2337 2136 2548 2200 πάντας
2587 2139 2734 2208 ἡμᾶς
2784 2139 3082 2207 ἐπιτυχεῖν,
3116 2137 3299 2209 χάριτι
3329 2137 3598 2209 Χριστοῦ,
3633 2133 3676 2209 ᾧ

2092 2228 2126 2296 ὴ
2160 2225 2285 2292 δόξα
2315 2227 2396 2288 εἰς
2423 2227 2549 2290 τοὺς
2576 2227 2779 2290 αἰῶνας
2805 2227 2910 2282 τῶν
2942 2227 3174 2283 αἰώνων.
3227 2229 3424 2286 ’Aufv.

1074 2537 1332 2622 ΠΕΡΙ
1389 2534 2106 2619 ΕΙΜΑΡΜΕΝΗΣ
2161 2536 2355 2618 ΚΑΙ
2410 2537 2995 2622 ΠΡΟΝΟΙΑΣ.

1039 2743 1230 2812 Λόγος
1268 2747 1328 2795 ε’.

476 2838 644 2894 υὺδέν
673 2837 822 2890 ἐστιν
861 2833 1029 2895 ὅντως
1062 2833 1238 2902 δόγμα
1285 2832 1540 2902 πονηρὸν,
1584 2832 1856 2903 ἀγαπητέ,
1891 2833 1984 2885 καί¹

408 2923 698 2995 σηπεδόνος
728 2919 945 2973 ἀνιάτου
977 2916 1166 2987 γέμον,
1203 2915 1277 2978 ὼς
1299 2916 1358 2967 τὸ
1391 2917 1488 2986 τῆς
1521 2917 1860 2987 εἱμαρμένης
1889 2917 1984 2970 καί¹

405 3013 674 3082 γενέσεως
701 3009 896 3079 δόγμα.
920 3005 1076 3060 Μετά
1101 3003 1208 3073 γὰρ
1233 3002 1325 3056 τοῦ
1351 3003 1507 3067 δόξαν
1539 3003 1856 3074 βλάσφημον
1889 3005 1984 3058 καὶ

405 3097 577 3168 ἀσεϐῆ
609 3095 700 3148 καὶ
733 3092 984 3164 ὀλεθρίαν
1018 3091 1282 3144 ἐντιθέναι
1311 3092 1429 3154 ταῖς
1477 3088 1585 3143 τῶν
1616 3089 1983 3159 ἠπατημένων

401 3188 622 3256 ψυχαῖς,
643 3183 738 3236 καὶ
766 3180 971 3234 πείθειν
996 3177 1220 3231 τοιαῦτα
1249 3176 1427 3244 λέγειν
1449 3175 1579 3248 περί
1605 3175 1762 3239 Θεοῦ,
1791 3175 1825 3229 ἃ
1849 3176 1983 3246 μηδὲ

403 3275 534 3346 περὶ
571 3270 839 3341 δαιμόνων
891 3285 973 3330 τις
1007 3267 1172 3328 εἴποι,
1218 3264 1312 3318 καὶ
1353 3263 1444 3317 τὸν
1495 3263 1608 3334 βίον
1644 3266 1837 3334 συγχεί
1890 3267 1978 3318 τὸν

401 3362 694 3434 ἡμέτερον,
732 3359 908 3411 πάντα
943 3353 1172 3424 θορύϐου
1195 3353 1290 3406 καὶ
1319 3351 1519 3422 πολλῆς
1553 3352 1859 3422 ἐμπίπλησι
1885 3353 1985 3422 τῆς

402 3449 680 3520 ταραχῆς·
717 3445 810 3498 καὶ
841 3445 943 3496 ὅσα
981 3441 1117 3512 πρὸς
1158 3439 1510 3492 διδασκαλίαν
1560 3439 1657 3492 καὶ
1698 3438 1984 3510 διόρθωσιν

407 3534 560 3606 παρὰ
601 3531 696 3586 τοῦ
743 3529 878 3584 Θεοῦ
911 3527 1006 3582 καὶ
1037 3529 1135 3596 τῆς
1178 3526 1411 3594 φύσεως,
1448 3525 1541 3579 καί
1572 3524 1661 3577 διά
1690 3526 1983 3596 προφητῶν

403 3618 776 3686 εἰσενήνεκται
816 3613 910 3666 καὶ
952 3609 1041 3664 διά
1073 3609 1242 3677 ἁγίων
1285 3607 1517 3680 ἀνδρῶν,
1560 3607 1855 3679 ἀνατρέπει
1889 3610 1983 3662 καὶ

405 3703 684 3766 καταλύει,
726 3701 816 3754 καὶ
856 3697 1096 3752 δείκνυσι
1142 3695 1393 3766 περιττά.
1430 3695 1542 3747 Καὶ
1586 3697 1734 3747 ποιεῖ
1764 3696 1978 3763 ταύτὸν,

405 3785 515 3843 οἷον
545 3787 609 3841 ἂν
640 3785 692 3838 εί
712 3802 795 3847 τις
828 3783 986 3852 σῶμα
1018 3779 1309 3851 νενοσηκὸς
1333 3779 1427 3833 καὶ
1460 3779 1764 3851 φαρμάκων
1791 3779 1981 3851 δεόμεν-

404 3890 516 3933 νον,
548 3871 831 3941 παρόντων
874 3864 1073 3936 ἰατρῶν
1104 3864 1197 3916 καὶ
1229 3862 1291 3916 τὸ
1318 3862 1609 3934 φάρμακον
1637 3879 1980 3916 κατασκευα-

405 3959 624 4022 ζόντων,
650 3954 824 4007 πείθοι
852 3951 1038 4024 μηδενὶ⁸
1061 3949 1264 4004 τούτων
1292 3948 1613 4020 κεχρῆσθαι,
1645 3949 1777 4020 μηδέ
1804 3950 1980 4004 ἀπαλ-

402 4044 690 4099 λάττεσθαι
720 4041 812 4094 τοῦ
841 4040 1166 4110 νοσήματος,
1207 4036 1326 4091 ἀλλ’
1356 4036 1588 4108 ἀμελείᾳ
1610 4037 1706 4090 καὶ
1737 4036 1983 4109 ῥαθυμίᾳ

404 4128 620 4181 ἐνδόντα
652 4125 720 4179 τά
747 4123 867 4177 καθ’
899 4122 1111 4184 ἑαυτὸν,
1148 4122 1245 4193 τὴν
1276 4120 1651 4190 ἐλεεινοτάτην
1691 4120 1984 4188 ἀναμένειν

401 4210 698 4265 ἀπώλειαν.
727 4208 798 4261 ’Ἡ
821 4205 939 4276 οὐχ).
962 4203 1138 4258 ταῦτά
1160 4221 1325 4276 φησιν
1353 4205 1385 4274 ή
1413 4202 1724 4272 εἱμαρμένη
1750 4203 1985 4273 ;Μηδείς

405 4293 738 4366 παραινείτω
769 4309 822 4344 τι
847 4290 955 4343 τῶν
993 4288 1302 4360 χρησίμων,
1347 4287 1535 4357 μηδεὶς
1571 4285 1816 4339 ἀκουέτω
1845 4303 1985 4357 παρ-

403 4376 682 4438 αινοῦντος
712 4373 934 4444 ἐτέρου·
975 4373 1149 4442 μάτην
1181 4370 1320 4424 εἰσὶν
1347 4372 1396 4423 οἱ
1426 4368 1582 4438 νόμοι
1616 4369 1711 4423 καὶ
1737 4370 1784 4421 οἱ
1830 4367 1985 4422 δικα-

406 4461 551 4520 σταὶ,
591 4458 770 4528 μάτην
799 4453 1116 4523 ἐπιπλήξεις
1147 4455 1241 4506 καί
1275 4451 1568 4512 νουθεσίαι,
1605 4452 1778 4521 μάτην
1813 4467 1984 4520 τιμω-

408 4543 528 4614 ρίας
558 4541 721 4615 φόϐος
742 4579 756 4602 ,
791 4538 966 4610 μάτην
997 4536 1153 4607 τιμαὶ
1187 4536 1282 4588 καί
1319 4533 1462 4603 γέρα
1497 4535 1588 4586 καὶ
1630 4531 1839 4615 ἔπαθλα
1871 4535 1983 4615 τοῖς

406 4613 780 4695 κατορθοῦσιν.
819 4621 954 4677 Ούτε
999 4620 1092 4673 ἐὰν
1128 4617 1456 4689 σπουδάσῃς,
1502 4614 1693 4684 ϐφελός
1736 4632 1824 4680 τι,
1855 4613 1981 4666 οὔτε

406 4708 503 4763 ἐὰν
527 4707 805 4778 ἀμελήσῃς
826 4746 839 4767 ,
877 4704 1072 4775 βλάϐος
1099 4719 1152 4755 τι
1181 4702 1494 4772 γενήσεται.
1531 4699 1686 4767 Μήτε
1715 4697 1805 4749 ἐπὶ
1837 4696 1982 4750 διδα-

407 4794 655 4848 σκαλεῖον
687 4789 900 4842 παιδίον
927 4788 1001 4841 ὢν
1033 4785 1318 4858 βαδιζέτω,
1353 4784 1492 4854 μήτε
1523 4781 1663 4852 ἀνὴρ
1692 4779 1980 4850 γενόμενος

403 4875 650 4931 ἀκουέτω
680 4872 878 4941 νόμων,
915 4871 990 4940 μὴ
1016 4869 1331 4939 προσεχέτω
1362 4865 1696 4936 συμϐουλαῖς
1734 4863 1827 4915 καὶ
1856 4880 1978 4914 νου-

404 4959 613 5020 θεσίαις
657 4954 968 5025 χρησίμοις.
1008 4953 1073 5005 Τί
1110 4953 1396 5022 δυνήσεται
1437 4950 1679 5017 ἐνεγκεῖν
1713 4948 1741 4998 ὁ
1771 4946 1979 5012 κόπος;

405 5044 616 5112 Ὥσπερ
644 5036 1043 5109 ἀνερμάτιστον
1077 5035 1284 5096 πλοῖον,
1311 5035 1406 5088 καὶ
1429 5031 1638 5087 ναυτῶν
1669 5029 1764 5084 καὶ
1785 5029 1982 5112 κυϐερέ

402 5124 579 5197 νητῶν
632 5123 858 5194 ἔρημον,
903 5121 968 5190 τῇ
1019 5116 1112 5171 τοῦ
1153 5117 1424 5187 χειμῶνος
1469 5116 1611 5187 φορᾷ
1653 5111 1979 5197 ἐπιδοὺςτά

404 5194 637 5282 πηδάλια
666 5206 766 5276 τῆς
813 5202 1047 5266 διανοίας
1067 5241 1080 5266 ,
1113 5201 1257 5255 οὑτω
1300 5199 1568 5270 φερέσθω.
1599 5197 1808 5282 Θέλεις,
1854 5194 1976 5282 εἰπέ

405 5277 517 5364 μοι,
553 5286 996 5360 πεισθησώμεθα.
1027 5285 1121 5338 καὶ
1143 5284 1292 5337 οὐδὲν
1319 5282 1683 5353 ἐνεργήσομεν
1704 5279 1811 5364 τῶν
1845 5277 1980 5364 πρὸς

403 5360 678 5445 σωτηρίαν
722 5375 820 5443 τῆς
853 5370 1126 5442 ἡμετέρας
1172 5368 1349 5438 ζωῆςς
1399 5365 1548 5429 Τέως
1590 5364 1700 5435 γὰρ
1737 5360 1981 5445 ἀφείσθω

400 5460 470 5513 τὰ
502 5442 600 5529 τῆς
629 5442 829 5527 ψυχῆς,
855 5455 988 5507 ἀλλὰ
1011 5455 1078 5506 τὰ
1106 5453 1234 5523 περί
1261 5451 1358 5522 τῆς
1391 5447 1672 5521 παρούσης
1697 5445 1841 5529 ζωῆς
1867 5442 1983 5529 -δια-

401 5526 714 5614 λεγώμεθα,
739 5537 1046 5608 Πειθόμεθα
1073 5539 1139 5607 τῇ
1174 5533 1483 5606 εἱμαρμένῃ
1511 5531 1686 5584 ταῦτα
1721 5526 1976 5614 λεγούσῃ,

403 5607 497 5682 καί
543 5607 666 5679 οὔτε
714 5607 932 5685 οἰκέτας
992 5618 1404 5689 ἁμαρτάνοντας
1452 5615 1792 5684 κολάσομεν,
1855 5607 1980 5661 οῦτε

401 5709 710 5775 ἀσελγείαις
746 5704 1174 5775 διεφθαρμένους
1214 5700 1634 5772 ἐπιστρέψομεν,
1679 5694 1805 5749 οῦτε
1852 5693 1976 5775 τοὺς

402 5772 719 5852 ἀδικοῦντας
755 5772 1212 5854 εἰς’δικαστήριον
1244 5783 1462 5852 άξομεν,
1497 5782 1597 5835 οὑκ
1628 5772 1972 5845 ἀκουσόμεθα

407 5875 518 5927 τῶν
541 5874 717 5944 νόμων
739 5888 754 5938 ς
793 5866 1121 5936 Ἐϐουλόμην
1145 5865 1248 5918 κᾶν
1274 5864 1408 5934 πρὸς
1440 5864 1611 5934 βραχὺ
1640 5860 1798 5914 τοῦτο
1823 5857 1973 5924 γενέ-

2093 2743 2250 2805 σθαι,
2277 2745 2335 2797 ἐν
2411 2742 2557 2813 ἔργῳ
2590 2742 2687 2813 τὴν
2720 2745 2969 2815 ὀλεθρίαν
3020 2748 3222 2814 ταύτην
3266 2746 3359 2798 καὶ
3399 2745 3676 2819 ἐπιϐλαϐῆ

2088 2826 2406 2880 διδάσκαλον
2449 2827 2555 2879 τῶν
2603 2829 2790 2881 κακῶν
2836 2823 3100 2900 δυνηθῆτε
3146 2829 3401 2883 συνιδεῖν.
3456 2830 3520 2882 Εἰ
3566 2831 3676 2903 γάρ

2089 2911 2302 2982 ἀνάγκη
2332 2911 2548 2973 πάντως
2577 2910 2646 2963 τά
2674 2913 2985 2982 εἱμαρμένα
3013 2913 3285 2980 γενέσθαι,
3317 2913 3415 2966 καὶ
3439 2915 3675 2969 σπουδα-

2090 2993 2290 3058 ζόντων
2333 2994 2426 3046 καί
2465 2992 2855 3060 καθευδόντων,
2889 2995 3075 3066 μηδεὶς
3115 2997 3359 3067 γεωργὸς
3390 2995 3674 3065 ζευγνύτω

2091 3076 2236 3146 βοῦς,
2273 3077 2407 3148 μηδέ
2439 3077 2665 3148 ἄροτρον
2697 3077 2934 3144 ἐλκέτω,
2979 3080 3119 3150 μήτε
3153 3079 3368 3133 αῦλακα
3401 3082 3669 3150 τεμνέτω,

2092 3161 2224 3232 μηδὲ
2259 3161 2644 3214 καταϐαλλέτω
2677 3162 2987 3232 σπέρματα,
3027 3164 3166 3234 μήτε
3194 3162 3342 3233 ὤραν
3369 3163 3529 3227 ἔτους
3548 3166 3672 3216 ἐπι-

2088 3246 2323 3317 τηρείτω
2373 3245 2703 3316 ἐπιτηδείαν,
2762 3247 2896 3317 μηδέ
2947 3247 3222 3316 ἀνεχέσθω
3269 3247 3506 3317 κρυμοῦ,
3574 3250 3672 3301 καὶ

2086 3329 2365 3400 διηνεκοῦς
2401 3329 2578 3393 ὑετοῦ,
2611 3331 2698 3385 καὶ
2742 3331 3136 3402 ταλαιπωρίας,
3169 3332 3262 3384 καὶ
3293 3331 3510 3402 μόχθων
3537 3333 3673 3402 πρὸς

2086 3413 2593 3485 διαμεμετρημένον
2643 3415 2702 3468 τὸ
2751 3415 2903 3482 έτος,
2961 3415 3034 3486 μὴ
3076 3415 3292 3485 θηγέτω
3342 3416 3662 3487 δρεπάνην,

2092 3497 2223 3568 μηδέ
2253 3497 2448 3566 ἀμάτω
2494 3497 2663 3568 λήϊον,
2709 3497 2782 3569 μὴ
2823 3498 3057 3569 τριϐέτω
3091 3497 3240 3570 [770]
3281 3499 3545 3569 ἀστάχυς,
3598 3500 3671 3570 μὴ

2087 3579 2383 3647 φυτευέτω,
2416 3580 2551 3651 μηδὲ
2579 3580 2931 3651 θεραπευέτω
2963 3581 3124 3650 φυτά,
3152 3583 3333 3636 πᾶσαν
3359 3582 3549 3645 ἁπλῶς
3571 3582 3672 3653 τῆς

2085 3663 2358 3735 γεωργίας
2405 3663 2566 3735 ῥίψας
2609 3665 2709 3736 τὴν
2746 3666 3091 3737 ἐπιμέλειαν,
3131 3667 3270 3720 οῐκοι
3320 3665 3668 3733 καθεζέσθω,

2085 3748 2180 3800 καί
2202 3747 2376 3800 πάντα
2407 3747 2712 3801 καθευδέτω
2744 3748 2834 3802 τὸν
2868 3749 3087 3820 χρόνον·
3121 3749 3339 3813 πάντως
3370 3749 3436 3803 ἂν
3469 3749 3670 3821 εἱμαρ-

2087 3829 2246 3900 μένον
2277 3829 2424 3900 αὑτῷ
2468 3830 2562 3884 καί⁸
2591 3830 2971 3902 κεκλωσμένον
2998 3829 3066 3904 ᾖ,
3114 3834 3396 3904 αὐτόματα
3445 3834 3530 3896 εἰς
3570 3835 3668 3903 τὴν

2082 3913 2258 3966 οἰκίαν
2286 3913 2406 3984 ήξει
2443 3913 2511 3967 τὰ
2541 3914 2746 3981 ἀγαθά·
2781 3914 2874 3967 ἐὰν
2902 3915 2959 3968 δὲ
2998 3919 3078 3980 εἰς
3107 3917 3420 3970 τούναντίον
3457 3919 3671 3989 στρέᾴῃ

2083 3997 2176 4051 τὸν
2201 3997 2469 4070 ἄτρακτον
2494 4000 2526 4069 ἠ
2554 3997 2782 4060 Κλωθὼ,
2802 3998 2904 4053 κᾶν
2931 4000 3190 4072 μυριάκις
3213 4000 3468 4070 πονῆται,
3497 4000 3672 4070 πέρας

2083 4080 2408 4151 οὑδέναὺτῷ
2452 4079 2560 4134 τῶν
2612 4081 2788 4136 πόνων
2837 4081 2988 4136 ἔσται
3045 4084 3139 4136 καὶ
3203 4083 3464 4154 ἱδρώτων.
3513 4085 3670 4147 Τίνος

2083 4161 2177 4219 οῦν
2209 4164 2396 4219 ἕνεκεν
2421 4164 2545 4219 οῦτε
2577 4169 2893 4238 παραινεῖτε
2912 4166 3082 4220 ταῦτα
3104 4169 3296 4233 ποιεῖν,
3326 4167 3379 4219 εἰ
3401 4184 3465 4235 γε
3498 4168 3668 4230 ὄντως

2084 4249 2392 4322 εἱμαρμένῃ
2420 4247 2705 4302 πιστεύετε
2723 4267 2736 4317 ;
2755 4249 2900 4313 τίνος
2923 4249 3110 4303 ’ένεκεν
3138 4252 3198 4303 οὑ
3219 4253 3561 4322 παραινεῖτε,
3597 4253 3666 4304 ἵν’

2083 4333 2252 4396 ὅντως
2276 4333 2424 4403 ἔργῳ
2457 4332 2664 4402 μάθητε
2692 4332 2759 4386 τὰ
2783 4333 2876 4403 τῆς
2905 4334 3248 4405 εἱμαρμένης
3275 4333 3439 4394 καλάς
3476 4334 3664 4387 Βούλει

2088 4433 2178 4486 μοι
2210 4415 2378 4481 δεῖξαι
2416 4415 2468 4468 τί
2499 4417 2667 4480 ὅντως
2693 4417 2979 4488 εἴμαρται;
3011 4418 3325 4472 Κατάλυσον
3365 4419 3662 4489 γεωργίαν,

2083 4499 2238 4554 ἄνελε
2268 4499 2564 4563 ναυτιλίαν,
2600 4499 2798 4553 ἔκϐαλε
2827 4500 3006 4563 πάσας
3031 4500 3224 4570 τέχνας
3256 4500 3540 4570 βιωτικάς,
3571 4503 3665 4555 καί

2086 4586 2224 4657 μήτε
2255 4584 2554 4654 οἰκοδόμος,
2609 4585 2746 4656 μήτε
2797 4584 3174 4655 χαλκοτύπος,
3215 4587 3351 4655 μήτε
3400 4586 3663 4654 ὑφάντης,

2085 4671 2222 4741 μήτε
2259 4668 2417 4732 ἄλλος
2446 4685 2530 4731 τις
2563 4668 2670 4722 τῶν
2709 4670 2789 4731 εἰς
2831 4669 2928 4738 τὴν
2956 4668 3229 4738 ήμετέραν
3262 4670 3664 4723 συντελούντων

2083 4752 2228 4823 ζωὴν
2258 4751 2680 4822 μεταχειριζέτω
2707 4751 2804 4823 τὴν
2830 4750 2994 4805 αὑτοῦ
3025 4750 3241 4823 τέχνην,
3271 4752 3363 4804 καὶ¹
3395 4754 3516 4806 τότε
3542 4753 3662 4822 ὄψει

2082 4834 2284 4900 καλῶς,
2317 4827 2403 4887 οἷα
2437 4835 2538 4902 τῆς
2575 4834 2916 4906 εἱμαρμένης
2939 4833 3006 4886 τὰ
3028 4834 3302 4904 ἐπίχειρα,
3332 4834 3455 4888 τότε
3490 4837 3664 4906 αὐτῆς

2082 4920 2316 4990 αἰσθήσῃ
2358 4919 2568 4982 καλῶς,
2606 4919 2726 4971 τότε
2769 4919 2938 4987 αὐτῆς
2970 4918 3033 4971 τὸ
3073 4918 3477 4989 ἀπερίτρεπτον
3521 4921 3662 4988 ὄψει.

2080 5004 2192 5058 Καὶ
2218 5003 2271 5056 τί
2298 5003 2439 5071 λέγω
2469 5002 2684 5072 τέχνας,
2710 5003 2766 5055 αἳ
2798 5001 2894 5073 τὴν
2920 5001 3064 5071 ζωὴν
3093 5001 3378 5071 συνέχουσι
3409 5003 3510 5074 τὴν
3534 5005 3669 5073 ἠμε-

2079 5087 2279 5159 τέρανς
2316 5088 2600 5139 Ἔστωσαν
2624 5086 2829 5154 τέχναι,
2860 5085 2954 5138 καὶ
2993 5084 3127 5155 μηδέ
3160 5085 3288 5154 μίαν
3324 5085 3660 5158 καταλύσῃς,

2081 5169 2216 5224 ἀλλά
2245 5169 2466 5222 πάντων
2493 5168 2760 5238 μενόντων
2782 5168 2875 5220 ἐπὶ
2890 5168 2987 5236 τῆς
3004 5167 3208 5230 οἰκείας
3234 5167 3462 5232 τάξεως,
3491 5172 3519 5222 ό
3544 5170 3662 5222 καθ’

2082 5254 2313 5308 ἕκαστον
2345 5251 2511 5323 μηδὲν
2548 5250 2863 5322 μεριμνάτω
2893 5249 3002 5303 τῶν
3047 5249 3232 5314 αὑτοῦ,
3273 5252 3407 5323 μηδέ
3444 5270 3662 5322 φροντι-

2077 5336 2218 5400 ζέτω
2269 5336 2378 5389 τῶν
2433 5334 2575 5388 κατά
2623 5334 2722 5404 τὴν
2773 5333 2970 5394 οἰκίαν,
3023 5333 3140 5387 ἀλλ’
3190 5335 3545 5405 ἐπιτρεψάτω
3597 5338 3664 5408 τῇ

2077 5419 2386 5492 εἱμαρμένῃ
2432 5417 2501 5471 τὰ
2536 5415 2678 5471 κατά
2727 5416 2889 5471 αὑτὸν
2935 5418 3289 5488 οἰκονομῆσαι
3333 5420 3534 5480 πάντα,
3570 5422 3664 5472 καὶ

2074 5516 2196 5570 τότε
2225 5514 2430 5568 εἴσεται
2471 5513 2640 5582 αὐτῆς
2672 5514 2770 5584 τὴν
2800 5513 3090 5581 ὠφέλειαν,
3124 5515 3256 5568 ὅταν
3286 5515 3657 5586 στρεϐλούμε-

2078 5615 2167 5662 νος
2211 5598 2306 5651 καὶ
2343 5595 2736 5667 μαστιξόμενος
2780 5597 3078 5666 ἀπαιτῆται
3113 5598 3209 5667 μὲν
3249 5598 3348 5661 τάς
3376 5599 3656 5671 εἰσφοράς,

2083 5682 2159 5753 μὴ
2185 5680 2322 5751 ἔχων
2354 5680 2409 5732 δὲ
2445 5679 2781 5748 καταφεύγει
2810 5680 2908 5750 μέν
2942 5679 3036 5732 ἐπὶ
3077 5679 3174 5749 τὴν
3223 5679 3440 5754 ἐκείνης
3466 5682 3661 5735 ἀπολο-

2082 5765 2225 5834 γίαν,
2257 5762 2514 5834 προσέχει
2556 5763 2612 5816 δὲ
2645 5761 2795 5831 αὑτῷ
2826 5761 3035 5831 μηδείς.
3079 5764 3256 5833 Μέχρι
3295 5763 3428 5817 πότε
3468 5764 3656 5819 παιδία

2083 5846 2246 5918 ἐσμέν
2277 5848 2394 5908 ταῖς
2421 5845 2617 5914 φρεσί,;
2645 5845 2806 5916 μέχρι
2835 5845 2975 5909 τίνος
2998 5845 3059 5898 οὑ
3085 5846 3406 5917 παυσόμεθα
3432 5847 3653 5920 ληροῦν-
