3804 6270
156 339 272 396 765

155 453 308 520 piam
353 459 532 519 posset
580 451 744 506 Deum
813 451 1124 518 criminari,
1171 455 1311 522 quod
1366 455 1747 524 inhosjiitales,

155 541 310 611 quod
339 541 676 608 inhumanos,
710 542 849 611 quod
883 543 1090 612 iniquos
1115 583 1130 606 ,
1161 544 1302 612 quod
1332 546 1596 614 :equitatis
1629 546 1749 615 jura

155 633 476 702 ignorantes
495 673 511 698 ,
563 633 707 701 quod
735 647 827 687 eos
848 673 862 697 ,
904 634 992 702 qui
1023 648 1336 689 communes
1377 644 1578 688 natnrte
1609 637 1750 705 leges

151 733 469 780 everterent
489 766 503 790 ,
536 725 734 779 malitia
761 724 945 794 plenos
972 725 1136 780 deleri
1164 735 1449 795 oporteret.
1477 726 1613 793 Quid
1644 735 1747 780 tam

151 816 392 887 benigno
420 827 473 870 et
503 826 782 871 mansueto
809 816 917 870 Deo
958 831 1052 885 par
1079 816 1272 870 fuerit?
1299 817 1458 886 Atqui
1499 833 1595 870 nos
1624 818 1748 873 dum

148 907 506 976 castigamus,
547 923 616 961 ne
656 921 871 961 causam
903 906 1115 976 quidem
1163 922 1307 977 saepe
1347 909 1626 979 dignamur
1668 910 1749 964 di-

147 1010 280 1050 cere
311 1013 327 1050 :
355 997 446 1050 ille
479 1011 606 1050 vero
637 996 738 1050 nisi
763 997 912 1067 prius
953 1006 1004 1050 te
1037 997 1306 1064 docuerit,
1336 998 1438 1052 nisi
1474 999 1620 1067 prius
1648 1000 1745 1054 tibi

151 1092 522 1158 persuaserit,
556 1089 655 1143 nisi
685 1097 831 1142 tuum
858 1089 1061 1157 ceperit
1094 1088 1396 1159 suﬂ‘ragium
1420 1129 1435 1155 ,
1461 1090 1600 1159 quod
1625 1091 1745 1160 jure

144 1183 478 1252 supplicium
508 1182 730 1250 inﬂigat,
762 1196 866 1235 non
896 1186 1118 1252 castigat
1137 1195 1251 1248 eos,
1281 1182 1369 1252 qui
1391 1181 1595 1252 jamdiu
1625 1198 1745 1252 sup-

145 1277 318 1344 plicio
343 1284 395 1330 et
419 1275 880 1329 animadversione
910 1274 1053 1344 digni
1085 1282 1256 1336 erant,
1292 1282 1449 1343 atque
1481 1275 1739 1328 rationem

143 1381 300 1435 saepe
336 1366 427 1420 tibi
457 1366 680 1422 reddere
707 1375 919 1435 paratus
945 1375 1048 1431 est,
1080 1375 1134 1421 et
1160 1366 1210 1419 in
1233 1367 1487 1435 judicium
1516 1366 1740 1421 descen-

142 1458 283 1514 dere
326 1467 607 1526 tecumque
639 1457 940 1526 disceptare
965 1472 1068 1511 non
1108 1466 1376 1526 gravatur.
1415 1454 1576 1510 Vides
1619 1471 1742 1525 pro-

143 1549 342 1620 phetas
383 1550 465 1602 his
507 1551 843 1604 sermonibus
887 1550 1074 1619 plenos
1113 1564 1130 1602 ι
1175 1548 1366 1618 ubique
1403 1547 1597 1617 judicia
1643 1549 1738 1603 Dei

140 1656 272 1695 cum
306 1640 628 1694 hominibus.
655 1641 734 1694 Ae
763 1640 1077 1708 plerumque
1118 1639 1297 1708 inique
1335 1646 1553 1709 agentes
1595 1637 1738 1706 ipsos

141 1732 200 1785 in
227 1730 438 1800 judices
465 1730 687 1784 advocat
721 1748 737 1785 :
772 1745 915 1800 sarpe
945 1731 1104 1784 etiam
1135 1730 1441 1783 universum
1464 1729 1646 1783 orbem
1669 1728 1734 1783 ad

136 1823 416 1877 calculum
449 1821 728 1876 ferendum
751 1821 940 1875 sedere
962 1821 1132 1890 jubet,
1165 1829 1224 1874 ut
1251 1818 1571 1890 judiciorum
1604 1832 1734 1872 con-

136 1914 485 1983 spicuitatem
507 1913 755 1969 ostendat
782 1930 797 1969 :
825 1928 893 1968 ne
919 1913 1091 1983 ipsum
1112 1911 1324 1982 quidem
1347 1910 1728 1975 adversarium,

136 2020 246 2060 nec
297 2006 458 2060 etiam
508 2005 777 2060 insensilia
807 2004 874 2059 ad
916 2005 1178 2074 judicium
1224 2003 1486 2057 advocare
1524 2009 1734 2056 recusat

137 2097 290 2150 Deus
319 2113 334 2150 :
363 2096 504 2167 quod
537 2097 688 2151 nobis
711 2097 762 2151 in
789 2112 939 2155 more
965 2105 1046 2150 est
1074 2094 1266 2158 facere,
1299 2093 1512 2163 quando
1536 2093 1586 2146 in
1612 2092 1730 2160 jure

133 2196 329 2242 nostro
357 2188 694 2244 confidimus.
724 2189 908 2241 Audite
926 2229 940 2254 ,
969 2188 1146 2266 ualles,
1174 2186 1507 2256 fundamenta
1537 2194 1685 2238 terra
1709 2221 1726 2247 ,

1227 344 1312 398 DE
1352 344 1531 400 FATO
1570 345 1656 400 ET
1697 347 2176 409 PROVIDENTIA.
2215 356 2276 410 γ.

3344 379 3446 436 756

1856 465 2090 531 quoniam
2122 468 2376 536 judicium
2408 470 2625 527 Domino
2672 477 2859 546 (Mich.
2889 482 2941 536 6.
2964 482 3019 554 2)
3052 503 3065 539 :
3095 496 3149 541 et
3176 504 3442 560 rursum,

1855 555 2010 646 eludi,
2039 559 2236 626 cwlum,
2266 570 2313 614 et
2335 565 2538 618 auribus
2567 569 2801 638 percipe,
2832 582 2963 628 terra
2982 617 2996 639 ,
3031 581 3152 646 quia
3180 580 3335 637 Domi
3351 555 3445 640 nus

1855 644 2088 741 lpquttlus
2113 659 2185 702 est
2225 649 2375 720 (Isai.
2419 655 2470 708 1.
2496 655 2577 725 2).
2608 657 2762 728 Saepe
2791 677 2918 718 vero
2947 644 3063 722 illos
3093 669 3235 738 ipsos
3265 689 3390 730 reos
3425 723 3436 741 ,

1855 735 2052 834 reptile
2076 741 2144 834 ini
2163 783 2176 807 ,
2203 745 2323 813 quid
2350 749 2448 818 feci
2478 749 2563 802 tibi
2583 791 2599 816 ,
2629 761 2715 804 aut
2740 755 2791 806 in
2819 771 2917 823 quo
2942 758 3051 812 [tesi
3089 735 3135 814 te
3164 763 3346 834 (Mida.
3382 771 3414 822 6

1853 827 1946 897 3)?
1974 829 2040 883 Et
2067 831 2346 908 Jcretnias,
2380 838 2528 904 Quod
2551 841 2842 898 invenerunt
2881 849 2933 900 in
2969 866 3047 903 me
3073 827 3308 909 delictum
3342 875 3433 926 pa-

1851 925 1949 972 tres
1978 923 2125 975 vestri
2166 923 2377 995 (Jerem.
2401 928 2452 981 2.
2486 930 2586 1001 5)?
2614 931 2795 1002 Neque
2825 935 2926 991 hoc
2957 941 3127 995 solum
3153 944 3204 998 in
3235 923 3428 1001 civi-ta.

1853 1008 1990 1064 tibus
2018 1021 2071 1064 et
2106 1009 2404 1071 nationibus
2432 1020 2588 1087 facit,
2627 1024 2720 1078 sed
2747 1026 2902 1080 etiam
2944 1029 2994 1083 in
3027 1047 3134 1086 uno
3157 1047 3298 1104 saepe
3325 1037 3423 1090 lto-

1848 1098 2008 1152 tnine.
2039 1100 2168 1156 Cum
2194 1105 2389 1161 Davide
2418 1107 2679 1180 disceptat
2704 1128 2797 1181 per
2815 1117 3127 1186 prophetam
3153 1138 3167 1176 :
3195 1098 3249 1178 ei
3271 1123 3422 1181 J0me

1847 1195 2113 1248 recusanti
2129 1194 2388 1254 .Ninivitis
2422 1203 2708 1270 praedicare
2728 1247 2742 1270 ,
2774 1222 2833 1261 se
2862 1209 3000 1264 Deus
3040 1227 3136 1280 per
3169 1218 3420 1272 cucurbi-

1848 1290 1951 1335 tam
1969 1293 2186 1341 excusat
2213 1305 2225 1340 :
2260 1287 2322 1342 Si
2340 1297 2392 1342 tu
2416 1293 2655 1359 parcebas
2679 1311 2830 1367 super
2850 1302 3179 1369 cucurbitam,
3208 1322 3297 1376 ego
3319 1324 3418 1362 non

1844 1390 2049 1441 parcam
2076 1392 2226 1446 super
2256 1379 2472 1434 Niniven
2501 1383 2648 1451 (Jan.
2679 1387 2732 1440 4.
2768 1388 2852 1442 10.
2887 1390 3012 1460 il)?
3035 1393 3099 1447 Et
3128 1396 3415 1454 multorum

1843 1461 2144 1556 hujusmodi
2189 1467 2487 1538 Scripturas
2537 1474 2720 1541 plenas
2767 1478 3020 1534 invenies.
3068 1482 3192 1538 llaec
3238 1487 3414 1556 itaque

1843 1567 1962 1606 cum
1991 1555 2254 1624 sciamus,
2288 1560 2458 1628 ipsum
2486 1563 2786 1630 adoremus,
2813 1569 3153 1639 admiremur,
3182 1555 3417 1634 colamus

1841 1653 2093 1732 quantum
2135 1646 2188 1700 in
2235 1649 2388 1704 nobis
2413 1652 2560 1706 erit:
2593 1655 2749 1725 digne
2792 1659 2930 1713 enim
2969 1677 3074 1715 non
3115 1680 3414 1732 possumus.

1839 1731 2031 1788 Curam
2075 1737 2363 1794 habeamus
2404 1746 2683 1812 prazsentis
2711 1748 2830 1802 vitae
2853 1790 2868 1813 ,
2901 1760 2954 1804 et.
2984 1731 3291 1820 persuasum
3324 1762 3417 1813 ha-

1837 1820 2056 1878 beamus
2096 1826 2260 1882 Deum
2303 1845 2561 1899 prmesse,
2605 1843 2658 1888 et
2699 1839 3077 1904 providentiam
3105 1846 3285 1899 omnia
3309 1864 3413 1918 gu-

1839 1912 2068 1971 bernare
2097 1935 2110 1971 :
2141 1927 2195 1972 et
2223 1931 2342 1988 post
2368 1921 2482 1977 hmo
2507 1926 2683 1979 omnia
2712 1931 2962 2000 consequi
2989 1936 3246 2002 promissa
3274 1912 3412 1994 bona

1837 2007 2130 2098 poterimus
2162 2027 2175 2062 :
2204 2012 2393 2080 quibus
2423 2029 2521 2070 nos
2547 2032 2734 2074 omnes
2764 2022 2916 2089 potiri
2947 2026 3218 2096 contingat
3243 2033 3412 2098 gratia

1834 2095 2049 2166 Christi,
2081 2102 2163 2156 cui
2193 2103 2356 2174 gloria
2388 2105 2440 2161 itt
2467 2111 2660 2164 saecula
2688 2115 3022 2170 satculorum.
3051 2095 3268 2174 Amen.—
3361 2107 3364 2111 '

952 2403 1112 2484 DE
1184 2400 1482 2483 FATO
1547 2398 1694 2480 ET
1759 2393 2580 2486 PROVIDENTIA.

1575 2573 1962 2647 μορε»

798 2740 994 2783 ORATIO
1022 2740 1074 2778 ν.

213 2820 370 2876 Nulla
397 2828 480 2876 est
507 2818 723 2874 omnino
752 2827 856 2872 tam
885 2816 1171 2886 depravata
1197 2810 1462 2876 doctrina,
1496 2809 1724 2873 dilecte,

137 2929 322 2984 neque
364 2921 469 2967 tam
501 2910 780 2966 incurabili
817 2909 963 2965 sanie
995 2909 1144 2978 plena
1165 2947 1181 2972 ,
1211 2920 1366 2977 quam
1399 2913 1480 2958 est
1518 2903 1632 2956 haec
1658 2901 1726 2956 de

137 3006 255 3061 fato
281 3014 332 3060 et
351 3003 418 3059 de
437 3003 639 3074 genesi.
661 3001 792 3055 Nam
817 3011 1165 3070 praeterquam
1193 2995 1333 3067 quod
1362 2994 1722 3063 blasphemam

135 3106 196 3152 et
222 3096 436 3165 impiam
477 3093 772 3149 doctrinam
818 3091 871 3145 in
913 3089 1104 3143 animis
1147 3103 1332 3142 eorum
1379 3083 1722 3171 ittseritgqui

131 3188 507 3260 decipiuntur,
539 3195 594 3240 et
622 3185 687 3239 ad
720 3184 841 3239 talia
873 3182 940 3238 de
972 3182 1078 3236 Deo
1105 3179 1328 3234 dicenda
1359 3177 1576 3242 inducit,
1603 3190 1721 3244 qua:

133 3295 208 3336 ne
253 3279 320 3336 de
361 3278 690 3334 daemonibus
718 3275 931 3346 quidem
973 3270 1234 3343 quispiam
1278 3268 1510 3334 dixerit,
1555 3266 1718 3320 vitam

129 3369 300 3426 etiam
338 3367 614 3424 confundit
651 3375 886 3421 nostram
913 3406 927 3430 ,
974 3361 1152 3418 omnia
1189 3359 1412 3416 tumultu
1453 3355 1720 3425 multaque

133 3458 537 3531 perturbatione
567 3457 771 3526 replet;
798 3470 861 3510 ac
887 3466 1236 3524 quaecumque
1263 3450 1328 3504 ad
1351 3449 1645 3503 doctrinam
1667 3455 1720 3501 et

137 3552 570 3608 emendationem
593 3565 620 3602 a
645 3549 754 3604 Deo
774 3557 828 3602 et
846 3563 874 3601 a
894 3556 1101 3612 natura,
1131 3558 1331 3614 perque
1359 3541 1640 3612 prophetas
1667 3550 1720 3596 et

131 3650 354 3696 sanctos
383 3643 527 3695 viros
552 3639 764 3694 inducta
790 3646 947 3702 sunt,
976 3636 1200 3700 evertit,
1233 3633 1516 3690 labefactat
1543 3642 1596 3686 et
1624 3647 1715 3686 su-

38 3714 41 3717 I
131 3746 468 3804 pervacanea
513 3730 864 3785 demonstrat.
903 3729 980 3782 Ac
1020 3725 1238 3795 perinde
1279 3724 1402 3779 facit
1429 3739 1493 3778 ac
1516 3724 1560 3778 si
1599 3723 1716 3792 quis

133 3837 364 3893 corpore
394 3820 659 3877 infirmum
681 3860 696 3886 ,
740 3834 805 3874 ac
830 3818 1092 3872 medicina
1118 3825 1361 3888 egentem
1385 3857 1400 3881 ,
1437 3813 1716 3884 praesenti-

130 3915 237 3971 bus
267 3929 330 3969 ac
355 3913 587 3969 remedia
615 3911 920 3984 parantibus
947 3909 1190 3976 medicis,
1221 3909 1462 3964 hortetur
1490 3917 1546 3962 ut
1571 3907 1716 3961 nullo

129 4015 320 4061 utatur
344 4020 531 4060 eorum
554 4046 569 4070 ,
599 4018 698 4058 nec
726 4002 980 4056 liberetur
1008 4015 1036 4053 a
1067 3999 1255 4054 morbo
1278 4041 1294 4067 ,
1334 3997 1429 4052 sed
1455 3997 1715 4053 socordiae

130 4095 579 4167 negligentiaeque
601 4109 659 4148 se
679 4092 902 4158 dedens,
933 4091 1288 4146 miserrimam
1309 4098 1582 4159 exspectet
1604 4104 1714 4159 per-

131 4187 350 4242 niciem.
399 4187 590 4240 Annon
642 4185 756 4238 haec
798 4184 963 4237 fatum
1006 4181 1174 4236 dicit?
1218 4179 1386 4234 Nemo
1427 4179 1711 4249 quidquam

130 4279 265 4332 utile
308 4276 612 4347 praecipiat;
660 4288 820 4329 nemo
864 4273 1042 4327 audiat
1089 4273 1251 4326 alium
1297 4269 1710 4326 cohortantem:

129 4368 330 4424 frustm
359 4369 501 4438 leges
527 4377 584 4424 et
607 4367 816 4436 judices
836 4408 850 4431 ,
892 4365 1087 4420 frustra
1124 4364 1280 4418 minae
1310 4373 1364 4416 et
1391 4362 1711 4417 admonitio-

128 4478 232 4518 nes
253 4503 268 4528 ,
301 4462 494 4516 frustra
535 4460 778 4530 supplicii
810 4466 984 4514 metus
1006 4498 1022 4526 ,
1052 4456 1248 4511 frustra
1285 4455 1550 4519 honores,
1579 4469 1718 4523 pra:-

125 4555 238 4610 ntia
261 4597 276 4622 ,
308 4555 496 4625 palma:
534 4554 671 4609 bene
697 4553 991 4621 agentibus.
1026 4549 1082 4605 Si
1112 4566 1292 4605 curam
1321 4547 1515 4602 habeas
1535 4589 1549 4613 ,
1580 4545 1712 4600 nihil

126 4647 260 4702 hinc
291 4645 669 4711 emolumenti;
699 4643 742 4698 si
768 4641 1024 4713 negligas,
1057 4640 1187 4695 nihil
1211 4640 1411 4694 damni.
1439 4637 1516 4692 Ne
1539 4636 1606 4691 ad
1627 4637 1712 4691 lu-

125 4741 262 4796 dum
295 4755 423 4809 puer
451 4749 654 4809 pergat,
688 4753 755 4793 ne
777 4738 858 4792 vir
879 4736 1090 4791 adultus
1115 4736 1258 4805 leges
1284 4734 1483 4799 audiat,
1510 4749 1578 4788 ne
1598 4734 1714 4788 ani-

128 4847 281 4887 mum
315 4831 561 4887 adhibeat
599 4831 833 4885 consiliis
875 4838 929 4883 et
957 4827 1425 4881 admonitionibus.
1454 4825 1590 4892 Quid
1618 4839 1712 4895 po-

127 4923 257 4979 terit
282 4922 473 4977 afferre
504 4921 688 4976 labor?
710 4919 866 4988 Quasi
895 4934 1002 4972 non
1032 4918 1305 4972 saburrata
1337 4919 1504 4982 navis,
1538 4917 1710 4972 nautis

125 5023 183 5069 et
227 5011 668 5083 gubernatoribus
723 5009 1014 5074 deStituta,
1073 5008 1400 5076 tempestatis
1446 5007 1710 5062 violentia:

127 5104 297 5158 misso
326 5102 521 5158 mentis
546 5100 922 5172 gubernaculo,
950 5099 1027 5154 sic
1051 5098 1268 5154 feratur.
1293 5097 1476 5165 Visne,
1505 5113 1706 5168 quaeso,

126 5196 566 5263 obtemperemus
585 5234 600 5258 ,
632 5191 873 5261 nihilque
902 5189 1160 5245 faciamus
1199 5189 1340 5260 quod
1369 5189 1434 5243 ad
1463 5191 1584 5244 vita:
1608 5205 1707 5243 no-

126 5298 256 5342 strae
287 5285 512 5340 salutem
553 5283 852 5355 pertineat?
884 5283 1098 5338 Interim
1138 5284 1610 5352 prtetermittantur
1646 5299 1709 5338 ea

125 5394 249 5448 qua:
276 5376 341 5430 ad
371 5376 601 5429 animam
629 5383 899 5444 spectant,
936 5374 1004 5428 de
1041 5373 1286 5444 praesenti
1329 5374 1435 5427 vita
1473 5373 1707 5428 dissera-

126 5483 269 5524 mus.
303 5467 871 5536 Obtemperabimusne
909 5465 1019 5520 fato
1062 5465 1132 5532 ita
1175 5465 1400 5532 dicenti,
1428 5481 1598 5535 neque
1625 5465 1706 5521 fa-

127 5558 306 5614 mulos
333 5557 704 5626 delinquentes
731 5557 1008 5624 puniemus
1030 5595 1045 5620 ,
1075 5569 1246 5624 neque
1272 5555 1485 5610 lascivia
1521 5570 1706 5611 corru-

127 5661 248 5723 ptos
276 5639 616 5714 reducemus,
642 5663 813 5718 neque
843 5648 1052 5718 iniquos
1075 5647 1141 5702 ad
1164 5646 1420 5717 judicium
1451 5663 1665 5718 agemus
1689 5691 1703 5715 ,

123 5757 303 5816 neque
344 5743 489 5813 leges
532 5741 846 5797 audiemus?
893 5739 1096 5796 Vellem
1143 5739 1387 5810 equidem
1429 5739 1495 5797 ad
1544 5741 1706 5798 breve

1836 2721 2043 2785 tempus
2072 2717 2186 2777 haec
2213 2721 2346 2792 ﬁeri,
2379 2736 2435 2782 ut
2460 2745 2518 2784 re
2543 2740 2595 2786 et
2619 2747 2780 2801 Opere
2811 2739 3156 2805 perniciosam
3189 2742 3324 2800 hanc
3351 2757 3405 2802 et

1831 2808 2107 2910 exitiosam
2135 2815 2392 2872 malorum
2415 2823 2720 2893 magistram
2749 2830 3051 2897 perspicere
3073 2837 3315 2902 possetis.
3346 2839 3407 2894 Si

1831 2911 1972 2950 enim
2008 2917 2228 2959 necesse
2263 2918 2344 2962 est
2382 2915 2600 2967 omnino
2626 2955 2642 2980 ,
2673 2927 2730 2968 ut
2757 2933 2874 2987 qua:
2905 2919 2956 2973 in
2995 2919 3106 2976 fato
3128 2935 3250 2980 sunt
3277 2944 3404 2984 eve-

1829 2989 2005 3056 niant,
2054 3001 2163 3048 tum
2207 2996 2570 3056 laborantibus
2595 3005 2750 3059 nobis
2776 3047 2790 3071 ,
2831 3018 2940 3062 tum
2981 3011 3405 3086 dormientibus,

1828 3081 2000 3134 nullus
2029 3086 2256 3152 agricola
2288 3088 2450 3144 boves
2471 3091 2694 3162 jungat,
2725 3097 2805 3150 vel
2837 3110 3070 3154 aratrum
3099 3105 3303 3174 trahat,
3334 3081 3404 3163 ne

1826 3171 2032 3227 sulcum
2059 3176 2283 3242 scindat,
2319 3195 2492 3249 neque
2520 3185 2720 3238 semina
2743 3187 2924 3255 jaciat,
2955 3206 3020 3244 ne
3043 3195 3165 3247 anui
3195 3171 3404 3266 tempus

1825 3272 2182 3330 opportunum
2207 3268 2492 3336 observet,
2522 3287 2589 3327 ne
2631 3276 2749 3343 gelu
2794 3287 2847 3330 et
2875 3280 3137 3335 assiduam
3170 3285 3399 3352 pluviam

1825 3352 2052 3420 toleret,
2084 3371 2151 3410 ne
2181 3357 2425 3414 miserias
2452 3370 2506 3416 et
2541 3362 2750 3420 labores
2777 3370 3069 3425 secundum
3108 3375 3231 3428 anni
3270 3391 3396 3446 Spa-

1824 3446 1989 3512 tium;
2024 3447 2210 3504 falcem
2243 3466 2310 3506 ne
2336 3461 2510 3520 acuat,
2549 3472 2616 3511 ne
2645 3469 2882 3529 segetem
2903 3461 3160 3533 demetat,
3193 3484 3260 3523 ne
3287 3471 3398 3539 spi-

1823 3552 1914 3592 cas
1941 3548 2104 3606 terat,
2144 3557 2210 3596 ne
2237 3543 2463 3613 plantet,
2492 3563 2558 3602 ne
2581 3549 2786 3618 plantas
2815 3553 2989 3620 colat;
3019 3571 3229 3612 omnem
3261 3561 3401 3630 agri-

1821 3629 2042 3685 culturae
2067 3646 2252 3687 curam
2280 3635 2512 3705 abjiciat,
2534 3639 2675 3694 domi
2697 3642 2900 3711 sedeat,
2936 3661 3252 3718 semperque
3277 3629 3401 3706 (ior-

1821 3722 1972 3788 miat,
2007 3723 2050 3777 si
2079 3725 2255 3780 omnia
2285 3727 2382 3798 ipsi
2407 3744 2437 3784 e
2461 3728 2568 3785 fato
2590 3734 2878 3800 pendeant,
2901 3750 2993 3790 sua
3016 3751 3203 3808 sponte
3223 3747 3400 3800 omnia

1819 3812 1958 3868 bona
1995 3814 2208 3871 domum
2249 3821 2463 3875 venient
2503 3837 2517 3873 :
2551 3823 2600 3877 si
2639 3835 2814 3878 autem
2853 3827 2906 3881 in
2945 3834 3266 3886 contrarium
3313 3833 3398 3889 fu-

1819 3918 1935 3957 sum
1974 3907 2190 3961 verterit
2234 3908 2460 3977 Clotho,
2513 3916 2752 3982 quamvis
2803 3920 3102 3975 sexcenties
3151 3921 3389 3992 laboret,

1819 3998 1996 4052 nullus
2024 3999 2122 4068 ipsi
2169 4001 2287 4056 finis
2329 4003 2566 4059 laborum
2601 4007 2963 4079 sudorumque
3009 4013 3130 4066 erit.
3159 4015 3265 4069 Cur
3293 4017 3396 4071 ita-

1819 4106 1921 4157 que
1949 4106 2052 4145 non
2094 4091 2206 4148 hzec
2240 4095 2546 4164 prmcipitis,
2572 4097 2616 4151 si
2653 4115 2836 4154 revera
2883 4102 2988 4156 fato
3016 4105 3269 4160 creditis?
3298 4125 3396 4162 cur

1818 4199 1923 4238 non
1972 4183 2277 4249 hortamini,
2325 4196 2382 4242 ut
2426 4203 2610 4243 revera
2651 4190 2866 4246 discatis
2899 4210 3020 4264 qua:
3052 4196 3190 4253 bona
3227 4198 3393 4253 fatum

1818 4276 2030 4346 pariat?
2059 4279 2148 4334 Vis
2178 4280 2308 4335 mihi
2337 4282 2620 4338 ostendere
2651 4284 2776 4354 quid
2798 4302 2920 4340 vere
2949 4289 3018 4342 sit
3056 4287 3168 4343 fato
3195 4293 3394 4345 consti-

1819 4373 2026 4427 tutum?
2049 4373 2208 4428 Solve
2228 4374 2631 4443 agriculturam,
2669 4377 2797 4432 tolle
2819 4380 3104 4447 nauticam,
3133 4383 3283 4437 mitte
3309 4399 3394 4436 ar-

1820 4471 1898 4518 tes
1922 4477 2107 4518 omnes
2127 4506 2142 4530 ,
2185 4481 2304 4534 qua:
2343 4465 2407 4520 ad
2439 4467 2599 4521 vitam
2642 4469 2907 4537 pertinent
2929 4510 2942 4530 .
2972 4486 3045 4526 ne
3065 4473 3132 4526 sit
3165 4473 3395 4528 archite-

1816 4565 1951 4620 ctus,
1985 4571 2092 4609 non
2121 4558 2357 4623 a-rarius,
2392 4573 2496 4613 non
2531 4568 2720 4624 textor,
2753 4576 2820 4616 ne
2850 4560 2985 4615 alius
3011 4563 3268 4633 quispiam
3298 4581 3390 4618 ar-

1819 4655 1924 4701 tem
1969 4650 2258 4718 quamlibet
2300 4659 2487 4705 tractet
2525 4650 2590 4704 ad
2636 4652 2792 4705 vitam
2837 4664 3071 4706 nostram
3114 4655 3392 4710 conferen—

1817 4749 1956 4807 tem,
1991 4752 2042 4796 et
2073 4752 2196 4796 tunc
2224 4743 2364 4796 clare
2393 4743 2597 4797 videbis
2621 4783 2636 4808 ,
2664 4743 2837 4812 qualia
2877 4743 2985 4798 sint
3014 4744 3104 4798 fati
3136 4747 3391 4816 pignora,

1817 4841 1940 4887 tunc
1971 4832 2092 4886 illud
2120 4834 2339 4903 pulchre
2369 4835 2583 4898 senties,
2619 4842 2742 4887 tunc
2770 4835 2888 4903 ejus
2912 4833 3388 4892 inmutabilitatem

1817 4923 2120 4992 perspicies.
2153 4923 2254 4978 Sed
2291 4923 2414 4992 quid
2440 4933 2582 4978 artes
2609 4923 2730 4978 dico
2750 4967 2764 4991 ,
2793 4941 2913 4995 qua:
2947 4927 3107 4980 vitam
3155 4941 3393 4983 nostram

1813 5013 2122 5068 continent?
2174 5013 2326 5067 Stent
2369 5023 2551 5080 artes,
2601 5016 2907 5086 nullamque
2963 5018 3247 5088 repudies;
3295 5021 3391 5074 sed

1814 5106 2059 5160 omnibus
2104 5120 2201 5160 suo
2241 5105 2296 5159 in
2340 5105 2526 5160 ordine
2564 5108 2934 5171 manentibus,
2991 5109 3210 5177 quisque
3257 5109 3390 5164 nihil

1813 5211 2031 5251 suorum
2061 5203 2230 5262 curet,
2264 5210 2362 5251 nec
2387 5196 2455 5250 de
2481 5211 2540 5251 re
2570 5197 2858 5252 domestica
2887 5197 2955 5252 sit
2981 5199 3267 5262 sollicitus,
3294 5200 3393 5254 sed‘

1813 5286 1985 5340 omnia
2009 5285 2116 5340 fato
2140 5286 2554 5341 administranda
2581 5288 2892 5352 committat,
2921 5296 2975 5341 et
2994 5287 3130 5343 hanc
3151 5289 3267 5357 ejus
3290 5292 3392 5343 uti-

1813 5377 2016 5431 litatem
2046 5378 2197 5440 sciet,
2232 5376 2444 5447 quando
2471 5387 2640 5431 tortus
2666 5385 2719 5430 et
2757 5377 2933 5446 ﬂagris
2961 5393 3132 5432 caesus
3161 5380 3388 5449 vectigal

1811 5468 2017 5522 solvere
2049 5476 2289 5537 cogetur,
2320 5477 2515 5522 etcum
2546 5474 2793 5534 nequeat,
2821 5467 2885 5521 ad
2915 5465 3003 5520 fati
3024 5467 3390 5523 defensionem

1812 5555 2112 5626 confugiet,
2152 5558 2434 5628 nullusque
2467 5555 2563 5625 ipsi
2594 5555 2855 5609 attendet.
2896 5556 3182 5627 Quousque
3210 5569 3389 5614 mente

1812 5650 1960 5720 pueri
2003 5649 2242 5705 erimus?
2284 5661 2560 5718 quousque
2593 5645 2856 5700 delirandi
2889 5647 3045 5702 finem
3074 5661 3180 5702 non
3219 5647 3383 5704 facie-

1816 5740 1976 5796 mus?
2005 5753 2278 5811 quousque
2317 5754 2423 5796 non
2447 5751 2797 5809 agnoscemus
2825 5752 3162 5795 communem
3201 5737 3384 5794 Domi-
