3870 6272
385 351 488 406 ἨΠ

389 462 552 520 num?
578 460 635 517 Si
658 458 828 515 bonos
850 469 911 510 ac
941 454 1107 510 malos
1134 451 1298 505 fatum
1327 447 1474 514 facit,
1503 460 1598 501 cur
1623 457 1844 514 puerum
1871 439 1967 494 ad-

392 571 600 621 mones,
625 569 720 609 cur
741 546 1012 606 hortaris?
1039 545 1226 601 Omnia
1257 552 1455 598 temere
1481 551 1533 594 et
1563 538 1778 592 frustra.
1807 534 1860 588 Si
1888 533 1974 586 di-

392 650 526 703 vites
552 656 605 701 et
627 655 884 713 pauperes
907 639 1049 701 facit,
1077 652 1144 692 ne
1166 635 1344 690 mittas
1366 633 1431 686 ad
1454 631 1636 685 ludum
1660 622 1998 686 litterarium,

395 756 461 795 ne
502 736 776 808 pecuniam
818 730 1165 800 suppedites,
1218 741 1286 780 ne
1324 723 1594 794 quidpiam
1640 717 1804 772 facias
1839 713 1979 784 quod

395 843 528 900 opes
555 829 670 898 ejus
698 839 895 894 augere
922 821 1082 892 possit
1109 835 1124 884 ;
1155 817 1247 873 sed
1270 831 1356 872 res
1377 815 1490 885 ejus
1516 827 1702 868 omnes
1730 809 1839 864 fato
1863 823 1982 900 per-

396 898 568 978 mitte.
603 919 758 983 Atqui
791 916 843 970 id
873 931 976 969 non
1014 911 1200 967 audes.
1234 908 1398 963 Vides
1427 914 1484 960 ut
1507 906 1632 960 dum
1662 904 1715 958 in
1753 898 1980 955 minori-

398 1017 496 1069 bus
517 1014 631 1082 ejus
657 1009 906 1081 potestati
934 1023 1039 1061 non
1064 1003 1290 1060 confidis
1309 1043 1323 1068 ,
1351 1002 1403 1056 in
1431 999 1720 1069 majoribus
1747 995 1845 1066 ipsi
1867 1009 1985 1049 ere-

397 1107 523 1162 dis?
548 1105 678 1159 Nam
711 1103 754 1156 si
782 1099 1000 1156 omnino
1025 1097 1188 1151 fatum
1211 1104 1313 1160 est,
1348 1093 1593 1163 permitte
1623 1104 1842 1160 puerum
1865 1101 1986 1140 cum

400 1196 655 1266 improbis
681 1191 984 1248 hominibus
1005 1189 1222 1250 versari,
1242 1195 1436 1240 etcum
1467 1181 1770 1252 depravatis
1799 1179 1989 1246 depra-

401 1290 514 1343 vari
551 1305 564 1341 :
596 1286 756 1356 plane
781 1284 828 1338 si
863 1283 914 1336 id
945 1281 1056 1335 fato
1094 1279 1440 1334 constitutum
1472 1277 1559 1338 sit,
1591 1283 1644 1329 et
1671 1273 1762 1328 tibi
1796 1270 1989 1341 prode-

405 1381 494 1434 rit.
529 1377 740 1432 Etenim
767 1387 916 1435 vere,
947 1371 1140 1440 inquit,
1172 1384 1296 1424 vere
1321 1367 1488 1421 fatum
1519 1372 1621 1419 est.
1650 1364 1757 1418 Cur
1783 1376 1910 1430 ergo
1939 1368 1994 1414 et

405 1469 500 1524 tibi
525 1476 578 1522 et
602 1465 755 1520 alteri
787 1464 991 1531 negotia
1041 1459 1297 1515 facessis?
1328 1456 1529 1526 Ecquid
1557 1456 1623 1510 de
1644 1454 1762 1507 filiis
1785 1453 1992 1521 loquor,

412 1558 628 1628 quando
659 1572 726 1611 ne
757 1570 882 1625 erga
909 1568 1093 1608 servos
1117 1551 1330 1621 quidem
1363 1550 1441 1603 sic
1468 1561 1624 1617 agere
1662 1544 1859 1608 audes;
1902 1541 1997 1596 sed

411 1666 465 1709 et
493 1654 730 1718 minaris,
764 1661 816 1706 et
846 1647 1250 1719 perterrefacis,
1280 1647 1591 1714 nullumque
1631 1660 1735 1698 non
1769 1642 1998 1712 lapidem

413 1761 599 1802 moves
627 1752 682 1798 ut
708 1745 776 1796 sit
803 1742 894 1795 tibi
923 1739 1118 1812 probus
1149 1738 1396 1804 famulus,
1430 1751 1602 1806 neque
1625 1737 1803 1803 genesi
1834 1734 2001 1790 conﬁ-

415 1839 533 1894 dis?
561 1837 670 1892 Cur
694 1851 850 1905 ergo,
881 1835 925 1888 si
955 1834 1023 1888 sit
1061 1833 1370 1902 improbus,
1401 1830 1692 1884 verberas?
1723 1845 1827 1883 nou
1857 1829 2000 1882 enim

416 1930 532 1998 ejus
561 1937 837 1997 peccatum
877 1933 996 1987 est,
1027 1922 1121 1978 sed
1153 1922 1396 1991 pellentis
1429 1935 1708 1991 geneseos.
1747 1920 1856 1974 Cur
1881 1934 2002 1974 eum

416 2023 462 2076 si
496 2020 691 2089 probus
716 2019 785 2072 sit
824 2014 1049 2070 laudas?
1076 2015 1275 2068 bonum
1311 2014 1452 2068 enim
1485 2027 1653 2082 opus,
1695 2027 1799 2066 non
1829 2011 2000 2077 illius,

418 2111 514 2166 sed
554 2125 813 2180 geneseos
842 2119 923 2163 est
953 2126 966 2161 :
999 2107 1105 2160 imo
1141 2107 1317 2176 potius
1345 2119 1444 2160 nec
1473 2103 1670 2174 probus
1701 2103 1961 2173 quispiam
1987 2144 2003 2167 ,

421 2219 520 2258 nec
548 2202 818 2270 improbus
849 2200 969 2254 erit.
1002 2199 1100 2264 Qui
1133 2199 1275 2253 enim
1306 2213 1398 2266 per
1439 2211 1496 2251 se
1540 2196 1669 2250 nihil
1711 2195 1898 2248 horum
1927 2192 2003 2246 fa-

421 2295 513 2359 cit,
537 2294 629 2348 sed
651 2290 864 2346 aliunde
891 2289 1208 2344 necessitate
1229 2286 1462 2357 pellitur,
1494 2300 1666 2354 neque
1688 2284 1808 2350 hoc,
1836 2296 2010 2351 neque

425 2386 552 2440 illud
595 2385 716 2439 erit.
759 2384 868 2437 Cur
910 2396 1039 2451 ergo
1075 2381 1220 2434 viros
1265 2377 1580 2433 laudamus?
1609 2391 1707 2430 cur
1737 2377 2006 2442 vituperao

425 2478 586 2534 mus?
615 2493 709 2531 cur
739 2472 1122 2530 exsecramur?
1150 2487 1245 2526 cur
1265 2471 1384 2525 aliis
1411 2469 1550 2524 bene
1576 2467 1894 2538 precamur?
1918 2464 2010 2519 Vi-

427 2569 523 2622 des
551 2568 602 2620 in
629 2574 880 2635 quantam
911 2580 1008 2618 nos
1049 2561 1429 2618 absurditatem
1473 2560 1562 2612 fati
1601 2559 1736 2611 ratio
1763 2555 2012 2610 duxerit?

427 2659 613 2714 Nullus
638 2667 719 2710 cst
742 2666 1063 2724 temperans,
1090 2652 1265 2706 nullus
1287 2652 1665 2720 intemperans,
1689 2646 1863 2700 nullus
1893 2661 2016 2701 ava-

429 2766 520 2804 rus
540 2790 556 2816 ,
582 2749 758 2803 nullus
789 2747 968 2816 justus
996 2762 1009 2798 :
1042 2743 1247 2798 sublata
1275 2750 1359 2796 est
1382 2742 1548 2796 virtus
1570 2751 1623 2796 et
1649 2741 1879 2812 nequitia
1909 2759 1922 2794 :
1954 2755 2017 2796 ac

431 2843 628 2897 frustra
659 2841 710 2894 in
739 2846 1057 2910 praesentem
1089 2836 1250 2889 vitam
1278 2835 1489 2888 deducti
1513 2849 1725 2900 sumus;
1756 2836 1864 2888 imo
1889 2849 2018 2888 vero

434 2949 538 2988 non
567 2933 782 2994 frustra,
811 2930 904 2983 sed
936 2929 988 2982 in
1021 2927 1216 2982 malum
1249 2937 1508 2980 nostrum.
1533 2925 1650 2992 Qui,
1684 2939 1886 2996 quteso,
1910 2939 2018 2978 non

434 3025 722 3080 absurdum
763 3021 923 3076 fuerit
947 3037 974 3074 a
1003 3033 1262 3091 geneseos
1304 3016 1617 3072 necessitate
1649 3017 1698 3070 in
1728 3016 2019 3086 nequitiam

434 3118 635 3189 impelli
662 3135 676 3182 ;
709 3126 868 3186 atque
894 3115 1085 3169 iterum
1115 3111 1302 3167 eadem
1327 3111 1599 3176 violentia,
1626 3121 1895 3165 extremas
1924 3110 2022 3164 im-

433 3208 710 3280 probitatis
738 3222 922 3277 ptenas
950 3204 1099 3269 dare,
1130 3219 1251 3258 cum
1283 3203 1746 3256 commiseratione
1775 3202 1949 3270 potius
1969 3210 2021 3255 et

437 3300 799 3356 misericordia
827 3298 972 3368 digni
995 3312 1257 3360 essemus,
1286 3295 1409 3349 odio
1434 3295 1710 3360 habemur,
1739 3303 1794 3348 et
1822 3293 2024 3362 suppli-

436 3395 520 3447 cio
546 3392 808 3445 affieintur
829 3429 844 3455 ,
871 3389 960 3442 ubi
991 3387 1194 3442 honore
1223 3386 1489 3441 alliciendi
1525 3387 1774 3440 eramus?
1805 3387 1852 3440 Is
1880 3386 2022 3440 enim

438 3485 651 3553 quicum
681 3481 876 3548 injuste
905 3487 959 3532 et
979 3479 1237 3532 violenter
1261 3477 1457 3546 agitur,
1489 3492 1593 3532 non
1625 3477 1905 3547 supplicio,
1930 3475 2024 3530 sed

443 3574 646 3626 honore
668 3578 750 3625 est
774 3567 1083 3623 afficiendus
1115 3585 1129 3622 :
1162 3583 1260 3622 nos
1288 3574 1466 3622 autem
1493 3576 1546 3621 et
1575 3567 1764 3636 injuria
1793 3567 1947 3621 simul
1974 3576 2027 3628 et

439 3662 702 3733 supplicio
743 3661 1044 3731 plectimur.
1101 3659 1237 3727 Quid
1287 3658 1391 3714 hoc
1439 3658 1855 3714 irt’ationabilius
1909 3673 2028 3714 esse

442 3756 610 3826 possit
641 3772 651 3806 :
686 3753 826 3824 quod
869 3768 990 3807 eum
1023 3752 1164 3806 male
1193 3752 1457 3822 patiamur
1485 3793 1498 3816 ,
1534 3751 1694 3821 inque
1737 3751 2026 3822 nequitiam

445 3848 785 3918 impellamur
807 3889 819 3908 ,
852 3846 972 3901 ideo
1003 3860 1191 3916 ptenas
1234 3844 1456 3900 demus?
1487 3845 1816 3900 llomicidam
1864 3844 2028 3899 fatum

447 3941 589 4004 fecit,
641 3947 695 3993 et
741 3951 912 3994 ntorte
958 3938 1177 3992 mulctat
1228 3953 1373 4004 eum,
1427 3938 1518 4008 qui
1559 3937 1659 3992 sibi
1703 3938 2031 4006 obsequutus

445 4043 566 4088 est:
594 4031 720 4102 quid
748 4031 850 4086 hoc
889 4029 1237 4101 perniciosius
1266 4029 1515 4100 dogmate
1554 4045 1802 4100 umquam
1836 4029 2032 4084 fuerit?

445 4122 908 4191 Quemadmodum
957 4122 1000 4177 si
1040 4123 1160 4192 quis
1208 4121 1262 4176 in
1308 4121 1619 4176 barathrum
1666 4122 1935 4191 impulerit
1980 4131 2035 4177 et

450 4215 776 4284 praecipitem
804 4224 978 4268 actum
1023 4213 1488 4284 comprehenderit
1512 4256 1526 4280 ,
1571 4213 1728 4284 hujus
1763 4215 1840 4269 rei
1875 4229 2032 4269 causa

454 4307 778 4376 puniendum
831 4323 846 4358 :
903 4305 988 4358 vel
1032 4304 1479 4374 quemadmodum
1525 4305 1567 4360 si
1622 4306 1740 4375 quis
1791 4305 2033 4360 barbarie

451 4397 677 4467 enipiam
743 4395 975 4450 domina:
1046 4395 1278 4464 aliquem
1349 4395 1692 4450 cruciandum
1757 4405 1810 4450 et
1876 4395 2033 4450 innu-

450 4489 613 4542 meris
666 4484 1004 4540 afficiendum
1070 4484 1224 4538 malis
1292 4485 1608 4552 tradiderit,
1674 4501 1904 4556 eumque
1959 4485 2036 4539 sic

451 4581 700 4636 traditum
723 4622 737 4647 ,
762 4587 978 4648 propter
1005 4578 1277 4632 servitium
1299 4585 1353 4631 et
1389 4578 1747 4647 captivitatem
1775 4577 2038 4648 supplicio

450 4671 705 4726 affecerit.
732 4674 812 4725 An
837 4687 968 4726 vero
993 4670 1076 4725 vel
1106 4671 1388 4724 immanius
1417 4669 1496 4725 vel
1527 4671 1790 4734 miserius,
1821 4686 2002 4741 quaeso
2021 4711 2036 4738 ,

453 4764 556 4818 hoc
584 4778 779 4832 genere
809 4763 1092 4832 quidquam
1123 4777 1242 4817 esse
1269 4761 1478 4832 possit?
1505 4762 1558 4817 Si
1584 4762 1696 4816 inec
1735 4763 1806 4816 ita
1843 4776 1901 4817 se
1939 4761 2040 4816 ha-

451 4855 615 4918 bent,
648 4861 702 4907 et
725 4854 769 4906 si
797 4853 996 4908 inimici
1024 4863 1182 4924 atque
1221 4853 1402 4909 hostes
1428 4853 1538 4908 suis
1566 4852 1804 4908 hostibus
1829 4855 2038 4908 veniam

452 4944 580 5000 dare
610 4951 840 5007 norunt,
872 4944 1084 5012 quando
1126 4944 1277 4998 inviti
1315 4953 1368 5000 et
1394 4944 1638 5000 nolentes
1663 4944 1747 4999 vel
1785 4945 2040 5015 gravissi-

451 5051 596 5092 mum
644 5034 933 5106 quidquam
970 5034 1226 5091 adversus
1254 5035 1372 5092 illos
1401 5038 1691 5105 patrarint;
1720 5037 1886 5093 fatum
1914 5055 2042 5094 vero

446 5129 681 5186 subditis
721 5129 830 5184 suis
873 5127 1078 5198 sibique
1116 5142 1334 5198 prorsus
1360 5127 1807 5198 obsequentibus,
1838 5133 1946 5185 imo
1988 5131 2042 5185 in

454 5222 833 5277 necessitatem
859 5217 1130 5286 adductis,
1154 5220 1362 5274 veniam
1383 5235 1488 5274 non
1516 5223 1787 5290 concedit,
1817 5223 1924 5277 imo
1945 5238 2043 5293 pro

452 5315 554 5380 iis,
596 5329 715 5385 quae
760 5314 904 5384 ipsos
955 5312 1128 5368 facere
1157 5313 1356 5383 coegit,
1393 5327 1578 5383 poenas
1609 5316 1799 5384 repetit
1829 5333 1841 5368 :
1873 5317 2043 5386 qualis

451 5405 737 5470 colluvies,
786 5404 958 5474 qualis
1008 5403 1340 5475 labyrinthus
1360 5445 1376 5471 ,
1407 5405 1578 5474 qualis
1607 5413 1928 5475 tempestas,
1957 5407 2042 5461 die

452 5497 581 5552 tuihi
602 5539 617 5561 ,
651 5505 848 5552 tantam
877 5496 1112 5551 imitetur
1137 5495 1506 5552 confusionem
1531 5499 1554 5550 2’
1580 5498 1693 5553 Non
1735 5500 1864 5554 satis
1913 5500 2043 5554 mihi

452 5587 549 5642 fuit
598 5605 732 5643 unus
777 5588 1071 5658 iniquitatis
1100 5589 1326 5656 modus,
1358 5589 1499 5660 quod
1537 5605 1656 5644 cum
1690 5589 1820 5645 nihil
1851 5606 2042 5660 pecca-

454 5683 653 5744 Verim,
702 5682 756 5736 in
801 5683 1086 5751 nequitiam
1139 5683 1426 5752 conjiciar,
1459 5693 1514 5740 et
1553 5685 1693 5754 quod
1748 5686 1922 5760 alius,
1952 5687 2040 5756 qui

453 5773 579 5826 nihil
613 5775 734 5827 boni
767 5770 917 5833 fecit,
952 5775 1120 5828 bomts
1161 5775 1419 5830 efficiatur
1461 5786 1515 5832 et
1558 5775 1762 5832 honore
1804 5767 2035 5848 fruatur;

1044 341 1102 396 S.
1140 335 1417 396 JOANNIS
1453 327 1928 390 CllRYSOSTOlll
1974 324 2292 382 ARCIIIEP.
2333 325 2866 383 CONSTANTINOP.

3597 328 3712 384 768

2085 456 2188 494 nou
2221 441 2348 494 satis
2379 451 2460 496 cst
2489 439 2605 497 hsce
2630 457 2730 497 una
2759 440 3045 511 injustitia,
3068 441 3210 511 quod
3244 450 3450 498 temere
3482 451 3547 498 et
3582 443 3716 498 sine

2081 546 2238 586 causa
2287 549 2371 587 me
2423 533 2652 599 malum,
2693 533 2946 602 illumque
2995 533 3190 588 bonum
3239 534 3434 590 fecerit
3479 552 3492 587 :
3530 536 3714 590 aliam

2083 638 2293 692 quoque
2315 623 2531 691 adjicit,
2563 639 2735 693 neque
2756 624 2955 692 justam
2987 624 3259 678 hominum
3287 625 3582 694 judicandi
3620 641 3716 680 ra-

2085 715 2284 768 tionem
2324 715 2576 770 imitatur.
2625 719 2696 770 At
2725 715 2968 772 homines
3010 719 3079 771 ita
3113 719 3332 772 humani
3359 719 3717 790 benignique

2087 815 2244 870 sunt,
2277 817 2334 861 ut
2361 808 2717 862 involuntaria
2759 823 2789 860 a
2821 809 3132 863 voluntariis
3155 809 3491 880 distinguant
3525 827 3545 865 :
3591 812 3717 866 lucc

2087 916 2215 954 Vero
2238 917 2413 956 rerum
2435 901 2786 956 humanarum
2816 902 3160 972 gubernatrix
3190 902 3422 973 Erinnys
3440 903 3714 972 quaedam

2091 993 2366 1062 malusque
2395 993 2631 1057 daemon,
2663 993 2741 1048 sic
2769 993 2947 1048 omnia
2969 991 3266 1047 confundit.
3299 993 3356 1047 Si
3380 1008 3518 1063 ergo
3557 993 3716 1047 Deus

2094 1099 2198 1137 non
2230 1091 2344 1148 est,
2374 1085 2463 1152 qui
2501 1083 2586 1139 his
2635 1084 2955 1154 prospiciat,
2983 1085 3229 1154 utrinque
3264 1086 3379 1140 htec
3424 1087 3715 1141 sententia

2093 1172 2352 1228 c0ufutari
2377 1182 2569 1242 potest.
2587 1173 2636 1229 F
2641 1175 2734 1228 icri
2754 1176 2896 1228 enim
2927 1177 3108 1245 nequit
3134 1175 3188 1228 in
3216 1185 3320 1229 tam
3351 1175 3591 1244 pulchro
3617 1192 3712 1231 re-

2096 1281 2212 1320 rum
2244 1265 2430 1320 ordine
2454 1265 2837 1334 providentiam
2870 1281 2973 1320 non
2998 1281 3138 1321 esse.
3164 1266 3315 1334 Quod
3339 1268 3383 1320 si
3417 1267 3572 1321 Deus
3602 1283 3713 1321 non

2097 1356 2198 1420 sit,
2245 1355 2512 1425 quomodo
2567 1355 2683 1410 haac
2732 1369 2979 1412 constare
3031 1357 3290 1426 possint?
3329 1358 3373 1412 si
3414 1359 3483 1412 sit
3517 1359 3710 1422 Deus,

2104 1447 2337 1501 haeccine
2358 1447 2626 1517 despicit?
2655 1449 2708 1504 Si
2731 1449 2871 1504 enim
2904 1452 3018 1519 ipse
3039 1448 3256 1513 fecerit,
3287 1449 3409 1505 vide
3451 1450 3715 1520 impieta-

2105 1548 2207 1593 tem
2231 1549 2284 1594 et
2307 1540 2650 1610 blaSphemite
2679 1542 3096 1611 magnitudinem
3126 1560 3141 1597 :
3167 1543 3211 1596 si
3239 1557 3343 1596 non
3377 1542 3612 1608 fecerit,
3653 1553 3713 1597 et

2105 1631 2216 1685 haec
2243 1630 2453 1700 opificia
2506 1633 2770 1702 negligat,
2819 1647 2925 1686 non
2973 1633 3146 1688 minor
3190 1634 3305 1689 hate
3355 1634 3494 1698 erit,
3538 1649 3708 1704 quam

2103 1721 2270 1791 prior,
2298 1722 2600 1777 criminatio
2619 1725 2659 1779 ⁸.
2693 1723 2853 1780 Vides
2877 1733 2933 1778 ut
2965 1725 3316 1796 undequaque
3342 1726 3599 1781 diabolus
3624 1743 3711 1780 ur-

2104 1824 2324 1883 geatur,
2353 1815 2478 1870 dum
2509 1815 2752 1872 homines
2783 1819 3084 1888 impellitad
3111 1820 3485 1875 insaniendum
3517 1830 3716 1875 contra

2109 1906 2436 1961 Dominum?
2467 1907 2626 1963 Visne
2655 1909 2786 1964 mihi
2825 1911 3145 1980 persuadere
3165 1953 3179 1974 .
3214 1921 3266 1966 te
3303 1911 3414 1966 fato
3445 1912 3714 1979 credens,

2113 2005 2167 2051 et
2194 2005 2382 2067 putare
2411 1998 2540 2054 illud
2569 2014 2687 2055 esse
2716 2017 2842 2056 vere
2871 2001 3061 2072 dogma
3093 2003 3116 2056 ?
3145 2002 3222 2058 Ne
3250 2018 3475 2058 accuses
3514 2004 3717 2058 mulie-

2109 2104 2224 2144 rem
2256 2088 2547 2144 adulteram
2572 2131 2587 2156 ,
2631 2106 2699 2145 ne
2723 2091 2799 2145 ira
2828 2091 3143 2147 effervescas
3165 2135 3180 2159 ,
3213 2109 3283 2148 ne
3324 2093 3609 2149 mmebum
3651 2094 3718 2148 ad

2113 2181 2344 2236 tribunal
2361 2181 2557 2251 judicis
2580 2181 2834 2237 adducas.
2858 2182 2914 2238 Si
2941 2183 3132 2238 videris
3154 2184 3442 2239 suﬂ'ossum
3471 2201 3716 2249 murum,

2115 2289 2182 2329 ne
2207 2274 2630 2342 comprehendas
2657 2291 2780 2331 eum
2801 2319 2816 2343 ,
2849 2277 2939 2346 qui
2969 2277 3220 2344 suffodit,
3268 2295 3444 2349 neque
3496 2295 3720 2350 poenam

2116 2377 2334 2435 expetas
2368 2383 2381 2418 :
2416 2381 2522 2421 non
2551 2366 2692 2422 enim
2721 2378 2912 2438 sponte
2941 2369 3043 2423 hoc
3069 2368 3196 2424 fecit
3214 2410 3228 2434 ,
3257 2370 3719 2440 quemadmodum

2117 2467 2172 2513 tu
2202 2459 2356 2514 dicis.
2381 2459 2488 2515 Res
2515 2467 2631 2515 tuas
2651 2475 2840 2516 omnes
2861 2461 2989 2516 nihil
3014 2477 3139 2516 cura
3167 2479 3181 2516 :
3206 2478 3327 2516 nam
3351 2478 3414 2517 ea
3457 2480 3582 2533 qua:
3613 2463 3722 2518 fato

2117 2552 2404 2606 constituta
2452 2562 2578 2605 sunt
2625 2566 2843 2621 prorsus
2891 2553 3141 2607 evenient
3176 2573 3189 2606 :
3219 2555 3424 2623 projice
3454 2554 3721 2624 quidquid

2121 2643 2283 2698 habes
2311 2645 2424 2697 auri
2448 2643 2650 2714 ;abjice
2676 2659 2858 2698 curam
2885 2644 3098 2708 domus,
3128 2645 3257 2711 fori,
3287 2647 3718 2716 mancipiorum:

2121 2735 2324 2790 incuria
2347 2744 2434 2790 tua
2468 2752 2562 2806 per
2589 2735 2680 2790 fati
2712 2736 2968 2791 incuriam
2998 2735 3130 2790 nihil
3156 2737 3394 2791 lmdetur.
3428 2739 3600 2808 Atqui
3639 2740 3724 2792 ni-

2123 2825 2194 2878 hil
2219 2825 2407 2880 horum
2441 2825 2614 2880 facere
2640 2826 2804 2894 ausis,
2837 2827 3011 2896 reipsa
3043 2841 3353 2895 persuasum
3383 2828 3630 2894 habens,
3677 2839 3726 2882 te

2125 2917 2262 2972 hanc
2306 2916 2604 2972 doctrinam
2644 2918 2964 2987 improbare.
3011 2918 3119 2973 Cur
3164 2934 3291 2990 ergo
3342 2919 3395 2974 in
3443 2921 3727 2990 peccando

2125 3010 2270 3065 illam
2313 3009 2534 3080 objieis,
2588 3025 2747 3081 quam
2799 3011 2996 3081 ubique
3037 3011 3260 3067 damnas
3303 3011 3326 3065 ?
3379 3012 3542 3068 Vides
3617 3029 3722 3068 non

2126 3105 2338 3160 aliunde
2366 3105 2466 3160 hoc
2486 3105 2677 3176 dogma
2708 3104 2921 3171 induci,
2957 3120 3114 3175 quam
3145 3121 3212 3160 ex
3237 3105 3514 3170 socordia,
3543 3117 3602 3160 et
3634 3121 3723 3160 ne-

2126 3198 2376 3271 gligentia
2397 3241 2412 3265 ,
2439 3209 2494 3254 et
2515 3198 2719 3268 ignavia
2750 3195 2816 3252 ad
2839 3197 3047 3252 virtutis
3078 3196 3289 3252 labores
3309 3197 3646 3252 subeundos.
3670 3197 3724 3252 Si

2129 3292 2342 3362 genesis
2369 3300 2485 3356 est,
2528 3289 2786 3360 judicium
2830 3306 2936 3345 nou
2985 3299 3102 3354 est;
3141 3290 3184 3344 si
3207 3290 3418 3361 genesis
3442 3301 3559 3354 est,
3595 3288 3726 3345 ﬁdes

2129 3401 2234 3440 non
2258 3392 2370 3449 est;
2401 3383 2444 3437 si
2470 3383 2682 3454 genesis
2704 3391 2820 3450 est,
2850 3382 2992 3438 Deus
3023 3398 3128 3436 non
3167 3393 3282 3447 est;
3307 3382 3350 3436 si
3376 3385 3593 3452 genesis
3614 3391 3722 3447 est,

2135 3492 2241 3531 non
2292 3477 2494 3540 virtus,
2553 3491 2658 3530 non
2709 3474 3018 3545 improbitas
3069 3483 3197 3539 est,
3247 3473 3294 3528 si
3346 3475 3558 3544 genesis
3610 3486 3722 3539 est,

2133 3571 2310 3623 omnia
2349 3567 2538 3623 frustra
2563 3610 2578 3635 ,
2604 3568 2780 3623 omnia
2825 3576 3024 3621 temere
3045 3575 3099 3621 et
3127 3566 3345 3621 facimus
3373 3575 3426 3622 et
3454 3567 3722 3636 patimur:

2133 3677 2241 3716 non
2261 3671 2342 3716 est
2364 3661 2509 3727 laus,
2533 3675 2636 3715 non
2664 3660 3002 3732 vituperium,
3033 3658 3208 3714 nullus
3239 3658 3426 3728 pudor,
3457 3659 3603 3713 nulla
3628 3675 3722 3714 ve-

2135 3753 2419 3820 recundia,
2465 3768 2572 3807 non
2613 3752 2792 3822 leges,
2841 3768 2945 3806 non
2989 3752 3206 3821 judicia.
3246 3751 3397 3806 Unde
3426 3752 3513 3806 hic
3540 3751 3720 3820 dives,

2137 3845 2342 3915 inquies
2361 3886 2376 3912 ,
2405 3845 2543 3900 unde
2562 3845 2646 3899 hic
2666 3859 2865 3915 pauper
2895 3844 3019 3898 est?
3048 3842 3204 3897 Certe
3227 3844 3270 3896 si
3293 3843 3482 3896 horum
3510 3858 3722 3898 causam

2138 3937 2531 4009 ignorabamus,
2559 3938 2610 3992 in
2641 3936 2934 4008 ignorantia
2954 3937 3371 4006 permanendum
3393 3944 3508 3990 erat
3529 3936 3722 4005 potius,

2137 4048 2298 4102 quam
2324 4031 2465 4086 aliud
2492 4045 2712 4100 pravum
2734 4030 2924 4102 dogma
2974 4045 3393 4085 assumeremus.
3422 4029 3614 4084 Melius
3643 4039 3723 4084 est

2139 4125 2280 4179 enim
2321 4126 2456 4181 bene
2507 4124 2784 4194 ignorare,
2833 4138 2990 4194 quam
3030 4124 3173 4177 male
3208 4123 3347 4176 scire
3378 4139 3390 4174 :
3425 4120 3552 4174 illud
3583 4121 3720 4175 enim

2139 4217 2294 4286 culpa
2319 4217 2541 4272 liberum
2571 4226 2652 4272 est
2671 4257 2686 4284 ,
2729 4217 2829 4272 hoc
2857 4217 3008 4270 venia
3035 4223 3199 4271 caret.
3235 4215 3429 4270 Verum
3463 4230 3603 4269 nunc
3634 4230 3723 4284 per

2143 4307 2235 4362 Dei
2263 4309 2484 4378 gratiam
2531 4309 2732 4379 liquet,
2764 4307 2905 4362 unde
2936 4307 3022 4363 hic
3043 4307 3192 4361 dives
3215 4347 3230 4372 ,
3258 4307 3343 4361 ille
3375 4322 3574 4376 pauper
3613 4306 3678 4360 sit
3705 4325 3718 4360 :

2144 4399 2232 4453 vel
2261 4399 2402 4454 enim
2435 4408 2707 4470 paternam
2756 4401 2977 4454 sortitus
3018 4398 3397 4462 hereditatem,
3436 4399 3519 4453 vel
3569 4412 3722 4468 nego-

2144 4491 2367 4546 tiatione
2409 4501 2463 4546 et
2507 4500 2804 4546 mercatura
2856 4507 3012 4554 usus,
3056 4491 3140 4546 vel
3170 4491 3340 4544 aliena
3374 4491 3611 4556 furatus,
3639 4499 3724 4542 aut

2145 4584 2328 4653 rapina
2367 4583 2598 4650 ditatus,
2628 4584 2710 4638 vel
2755 4583 2911 4637 ducta
2941 4583 3192 4652 epulenta
3232 4597 3430 4648 uxore,
3457 4581 3541 4636 vel
3585 4581 3724 4650 agri-

2144 4675 2378 4744 cultura,
2409 4675 2490 4730 vel
2519 4675 2742 4730 artificio
2760 4717 2774 4740 ,
2800 4674 2881 4730 vel
2903 4674 3007 4728 alio
3037 4672 3197 4728 simili
3225 4682 3409 4727 auctus
3431 4680 3530 4725 est.
3556 4669 3724 4726 Multa:

2146 4768 2381 4824 rationes
2408 4775 2532 4822 sunt
2555 4766 2767 4821 divitias
2787 4765 3156 4835 comparandi,
3189 4764 3304 4818 aliae
3321 4764 3498 4832 justaa,
3525 4763 3725 4832 injuste

2147 4860 2285 4915 alim.
2316 4859 2516 4914 Eadem
2545 4873 2756 4929 quoque
2784 4858 2918 4913 ratio
2959 4866 3041 4912 est
3079 4857 3437 4927 paupertatis:
3479 4871 3598 4911 nam
3651 4858 3723 4912 vel

2148 4950 2451 5016 calumniis,
2483 4949 2566 5005 vel
2589 4950 2814 5004 aliorum
2844 4949 3042 5016 rapinis
3061 4990 3076 5015 ,
3109 4948 3190 5002 vel
3219 4947 3590 5018 abliguritione
3611 4962 3723 5017 pro-

2150 5043 2284 5114 pria,
2309 5041 2394 5098 vel
2422 5041 2626 5112 ignavia
2647 5081 2663 5107 ,
2686 5040 2768 5094 vel
2795 5039 3048 5103 amentia,
3071 5048 3161 5094 aut
3179 5037 3284 5092 alio
3305 5039 3551 5108 quopiam
3576 5039 3720 5092 modo

2151 5137 2353 5209 (multa:
2379 5135 2574 5205 quippe
2595 5143 2718 5188 sunt
2736 5133 2802 5188 ad
2828 5139 3185 5203 paupertatem
3213 5131 3336 5200 viae)
3359 5131 3410 5185 in
3449 5141 3724 5201 egestatem

2152 5221 2448 5276 devenitur.
2471 5221 2549 5290 At
2577 5233 2678 5287 qua
2707 5218 2773 5296 de
2801 5233 2958 5272 causa
2984 5259 2999 5284 ,
3048 5218 3256 5286 inquies
3277 5257 3290 5280 ,
3325 5216 3416 5270 ille
3443 5216 3530 5285 qui
3559 5232 3717 5270 mere-

2153 5312 2312 5368 trices
2358 5312 2482 5379 alit,
2525 5318 2580 5366 et
2625 5310 2883 5382 parasitos
2909 5319 2965 5364 et
2991 5307 3324 5374 adulatores,
3354 5317 3406 5362 et
3433 5309 3523 5378 qui
3552 5308 3722 5363 alienis

2220 5543 2235 5573 ί
2271 5547 2380 5605 Haec
2403 5537 2496 5605 alio
2527 5537 2669 5605 modo
2701 5536 3015 5605 legunturiu
3049 5542 3233 5605 Joanne
3261 5533 3526 5605 qheqoqui
3549 5529 3717 5605 siclae-

2154 5605 2272 5654 bet:
2302 5601 2349 5651 si
2371 5600 2497 5652 enim
2520 5599 2602 5651 ille
2626 5600 2729 5653 haec
2751 5592 2843 5650 ἦοη
2859 5597 2989 5660 fecit.
3023 5596 3131 5660 ride
3155 5608 3249 5654 quo
3271 5592 3530 5660 impietatis
3551 5606 3606 5642 ac
3625 5592 3714 5641 blo-

2154 5664 2385 5728 splzemire
2407 5664 2635 5727 procedat
2655 5663 2829 5728 oratio.
2856 5657 2936 5728 Sin
2950 5659 3136 5722 fecerit,
3161 5665 3207 5709 et
3225 5657 3487 5728 qurefactg
3503 5663 3624 5728 ,ων
3645 5666 3717 5704 ne

2152 5720 2321 5793 g'tigat,
2345 5720 2437 5778 non
2461 5728 2615 5779 minor
2645 5727 2820 5778 iterum
2855 5720 2959 5776 lucc
2985 5729 3074 5786 est,
3097 5734 3242 5785 quam
3265 5720 3400 5784 prter
3442 5720 3531 5783 fuit
3570 5731 3716 5779 reprc-
