3804 6270
99 273 209 332 7G7
326 268 337 281 ⁸

86 426 227 474 τεςὶ
276 408 440 480 μέχρι
486 407 629 473 τίνος
663 411 763 463 οὐκ
797 409 1211 464 ἐπιγνωσόαεθα
1250 409 1342 462 τὸν
1374 407 1552 461 κοινὸν
1585 406 1681 455 Δε-

91 496 332 566 σπότηνς
353 496 412 547 ΕΞ
430 489 663 563 φαύλους
677 488 772 544 καὶ
786 491 1023 561 ἀγαθοὺς
1037 489 1340 563 εἱμαρμένη
1360 495 1523 554 ποιεῖ,
1540 487 1683 550 τίνος

84 584 292 638 ἕνεκεν
325 584 614 654 παραινεῖς
651 580 729 653 τῷ
764 581 936 644 παιδὶ,
981 582 1126 644 τίνος
1158 581 1344 633 ἕνεκεν
1371 579 1680 643 νουθετεῖς;

92 671 294 725 Πάντα
332 673 455 742 εἰκῇ
488 670 584 723 καὶ
628 671 826 741 μάτην.
857 669 921 723 Εἰ
967 667 1257 732 πλουσίους
1300 668 1396 722 καὶ
1440 668 1684 735 πένητας

90 762 269 823 ποιεῖ,
301 757 377 830 μὴ
403 758 627 830 πέμψῃς
659 750 742 822 είς
774 756 1141 821 διδασκαλεῖα,
1183 756 1258 828 μὴ
1292 755 1524 827 πορίσῃς
1549 755 1685 826 χρή⁴

96 863 275 915 ματα,
306 845 380 918 μὴ
415 847 629 919 πράξῃς
661 845 797 916 μηδὲ
826 845 884 898 ἓν
916 845 1026 899 τῶν
1064 845 1376 915 δυναμένων
1406 842 1556 913 αὐτῷ
1585 842 1684 914 τὴν

87 935 297 988 οὐσίαν
317 934 572 1004 αὐξῆσαι,
601 935 701 988 ἀλλ
716 937 728 954 ’
752 935 1044 1006 ἐπίτρεψον
1060 937 1127 1005 τῇ
1147 934 1458 1005 εἱμαρμένῃ
1474 933 1543 987 τά
1563 935 1682 986 κατ’

90 1023 288 1077 αὐτόν.
334 1022 474 1076 Ἀλλ’
503 1023 604 1076 οὐκ
636 1024 825 1094 ἀνέχῃ.
860 1023 1024 1094 Ὁρᾷς
1053 1023 1170 1086 πῶς
1198 1023 1258 1074 έν
1289 1024 1403 1085 τοῖς
1436 1020 1683 1075 ἐλάττοσι

87 1110 401 1165 δωπιπῶν
430 1112 601 1181 αὐτῆς
628 1109 729 1182 τὴν
753 1111 1004 1182 δύναμιν,
1035 1113 1095 1164 ὲν
1123 1112 1238 1173 τοῖς
1273 1109 1517 1180 μείζοσιν
1544 1110 1681 1180 αὐτῇ

94 1198 420 1264 πιστεύεις;
444 1201 509 1253 Εί
536 1200 645 1269 γὰρ
679 1199 851 1262 ὅντως
883 1198 1194 1270 εἱμαρμένη
1223 1199 1394 1261 ἐστὶν,
1433 1199 1569 1267 ἄφες
1592 1198 1684 1251 τὸν

88 1288 270 1341 παῖδα
308 1287 401 1340 καὶ
428 1289 685 1357 πονηροῖς
712 1285 938 1357 ἀνδράσι
968 1285 1319 1354 συγγίνεσθαι
1338 1324 1354 1348 ,
1402 1284 1500 1339 καὶ
1543 1284 1685 1355 μετά

86 1374 519 1448 διεφθαρμένων
545 1373 955 1445 διαφθείρεσθαι
976 1390 992 1406 ·
1016 1374 1239 1437 πάντως
1261 1372 1330 1427 ἂν
1348 1374 1683 1445 εἱμαρμένον

88 1462 253 1534 αὐτῷ
291 1452 386 1517 καὶ
412 1462 797 1532 κεκλωσμένον
829 1456 887 1535 ᾗ,
925 1462 1024 1514 καὶ
1067 1461 1152 1514 σοὶ
1186 1459 1535 1532 χρησιμεύει.
1570 1461 1682 1515 Kal

88 1551 213 1623 γάρ
242 1550 434 1615 δντως,
456 1550 643 1621 φησιν,
667 1548 837 1612 ὅντως
858 1547 995 1602 ἐστί.
1015 1547 1176 1612 Τίνος
1203 1543 1299 1601 οὖν
1326 1548 1516 1602 ἕνεκεν
1537 1551 1685 1620 πράο

90 1654 290 1709 γματα
323 1640 420 1692 καὶ
450 1636 635 1707 σαυτῷ
661 1636 922 1707 παρέχεις
950 1635 1040 1690 καὶ
1079 1636 1280 1708 έτέρῳ;
1315 1636 1425 1691 Kal
1452 1638 1507 1690 τί
1538 1637 1685 1707 λέγω

92 1726 314 1780 παίδων
338 1725 548 1787 ἕνεκεν,
573 1724 707 1777 ὅπου
729 1739 793 1792 γε
822 1723 944 1777 οὐδὲ
962 1722 1055 1776 ἐπὶ
1084 1723 1313 1776 οἰκετῶν
1341 1722 1508 1795 ἀνέξῃ
1526 1724 1686 1779 τοῦτο

92 1815 301 1875 ποιεῖν,
315 1811 449 1865 ἀλλά
467 1812 561 1865 καὶ
577 1810 821 1873 ἀπειλεῖς
836 1810 932 1863 καὶ
951 1809 1158 1878 φοϐεῖς,
1175 1809 1271 1864 καὶ
1284 1810 1461 1863 πάντα
1485 1811 1684 1881 τρόπον

93 1904 298 1967 κινεῖς,
321 1901 467 1962 ὅπως
495 1898 718 1969 γένηταί
747 1914 828 1952 σοι
851 1897 1013 1962 καλὸς
1038 1901 1067 1952 6
1088 1899 1330 1970 οἰκέτης,
1357 1900 1451 1953 καὶ
1464 1899 1526 1952 ού
1553 1900 1685 1972 θαῤ·

96 1991 222 2059 ρεῖς
244 1989 312 2059 τῇ
345 1986 589 2056 γενέσει;
620 1985 778 2050 Τίνος
797 1984 854 2039 δὲ
875 1984 1063 2039 ἕνεκεν
1087 1985 1258 2040 κακὸν
1277 1986 1569 2058 γενόμενον
1594 2005 1686 2041 κο-

92 2074 327 2140 λάζειςς
358 2073 421 2126 ού
456 2074 567 2144 γάρ
612 2071 780 2126 αὐτοῦ
818 2072 880 2126 τὸ
918 2072 1224 2145 ἁμάρτημα
1268 2072 1516 2142 γέγονεν,
1547 2073 1686 2129 ἀλλά

92 2165 204 2233 τῆς
235 2159 483 2230 ὠθούσης
522 2159 810 2230 γενέσεως.
849 2160 1007 2224 Τίνος
1033 2159 1091 2214 δὲ
1125 2160 1309 2215 ἕνεκεν
1334 2161 1498 2216 καλὸν
1530 2163 1685 2231 γενό⁸

97 2266 271 2322 μενον
300 2251 583 2314 ὲπαινεῖς;
618 2249 680 2302 ού
725 2247 836 2318 γὰρ
867 2247 1030 2301 αὑτοῦ
1069 2246 1132 2301 τὸ
1162 2248 1513 2321 κατόρθωμα,
1549 2249 1687 2305 ἀλλά

93 2338 207 2408 τῆς
234 2336 498 2405 γενέσεως
517 2352 530 2365 ·
556 2335 757 2407 μᾶλλον
776 2335 832 2389 δὲ
852 2334 976 2389 οὔτε
1000 2335 1184 2401 καλὸς,
1198 2334 1321 2390 οὔτε
1337 2338 1505 2401 κακὸς
1533 2337 1684 2392 ἔσται

97 2441 210 2486 τις.
273 2424 330 2476 '0
362 2423 472 2494 γὰρ
510 2423 640 2494 παρ’
675 2422 868 2476 ἑαυτοῦ
910 2422 1204 2495 μηδέτερον
1240 2423 1445 2480 τούτων
1490 2426 1682 2492 ποιῶν,

94 2512 225 2567 ἀλλ’
254 2510 521 2582 ἑτέρωθεν
570 2510 671 2581 τὴν
702 2510 950 2581 ἀνάγκην
993 2510 1317 2581 δεχόμενος,
1359 2511 1484 2565 οὔτε
1525 2514 1686 2568 τοῦτο

95 2600 290 2660 ἔσται,
342 2596 466 2651 οῦτε
518 2600 716 2652 ἐκεῖνο.
764 2585 921 2661 Τίνος
977 2594 1071 2651 οὖν
1120 2599 1307 2654 ἕνεκεν
1354 2601 1687 2672 ἐπαινοῦμεν

95 2685 344 2757 ἇνδραςς
379 2684 525 2748 τίνος
559 2685 616 2738 δὲ
649 2684 837 2738 ἕνεκεν
867 2686 1146 2757 ψέγομενς
1174 2687 1318 2751 τίνος
1348 2687 1536 2744 ένεκεν
1590 2692 1688 2744 ὲπ-

98 2775 394 2844 ειρώμεθα,
415 2772 559 2835 τίνος
578 2771 764 2826 ἕνεκεν
781 2772 1152 2844 συνευχόμεθα
1175 2774 1381 2845 ἑτέροις
1396 2792 1411 2841 ;
1428 2779 1590 2850 Ὁρᾷς
1608 2781 1688 2844 είς

97 2864 242 2931 ὅσην
270 2863 417 2932 ἡμᾶς
438 2861 662 2930 ἀλογίαν
680 2863 709 2915 6
728 2861 827 2931 τῆς
852 2861 1198 2933 εἱμαρμένης
1224 2864 1463 2934 ἐξήγαγε
1496 2867 1683 2936 λόγος

98 2950 298 3014 Οὐδείς
324 2951 441 3003 ἐστι
479 2947 732 3020 σώφρων,
769 2948 943 3013 οὐδείς
976 2951 1122 3003 ἐστιν
1154 2952 1470 3019 ἀκόλαστος,
1513 2955 1686 3020 οὐδείς

98 3041 227 3091 ἔστι
265 3036 624 3107 πλεονέκτης,
670 3034 844 3099 οὐδείς
873 3039 989 3090 ὲστι
1022 3036 1261 3102 δίκαιος·
1292 3040 1561 3112 ἀνῄρηται
1590 3044 1687 3096 καὶ

97 3125 278 3198 ἀρετὴ
304 3125 399 3178 καὶ
436 3123 633 3187 κακία,
668 3122 763 3176 καὶ
803 3123 979 3194 μάτην
1018 3122 1168 3197 [771]
1204 3128 1283 3189 είς
1321 3127 1413 3181 τὸν
1442 3129 1686 3200 παρόντα

97 3211 299 3266 τοῦτον
337 3210 452 3282 βίον
501 3207 845 3281 ύπήχθημεν,
878 3210 1080 3281 μᾶλλον
1122 3211 1178 3265 δὲ
1216 3213 1277 3266 ού
1324 3214 1521 3286 μάτην,
1551 3216 1687 3272 ἀλλά

99 3302 204 3355 καὶ
223 3301 317 3353 ἐπὶ
345 3297 521 3370 κακῷ.
546 3300 672 3362 Πῶς
692 3298 800 3369 γὰρ
823 3300 924 3353 οὐκ
948 3299 1147 3353 ἄτοπον
1178 3299 1434 3356 ὠθεῖσθαι
1460 3304 1559 3375 μὲν
1581 3306 1687 3360 ὑπὸ

97 3390 208 3460 τῆς
239 3389 485 3455 ἀνάγκης
508 3387 606 3457 τῆς
644 3387 915 3455 γενέσεως
943 3389 1023 3451 είς
1057 3388 1278 3454 κακίαν,
1310 3391 1471 3446 πάλιν
1493 3391 1551 3446 δὲ
1582 3394 1687 3447 ὑπὸ

96 3478 207 3547 τῆς
237 3475 361 3553 βίας
395 3474 567 3545 αὐτῆς
605 3474 809 3545 ταύτης
851 3475 1005 3546 δίκην
1052 3475 1251 3531 διδόναι
1292 3478 1392 3550 τὴν
1423 3481 1685 3553 ἐσχάτην,

94 3563 224 3617 δέον
272 3548 573 3624 ἐλεεῖσθαι,
621 3560 738 3615 δέον
777 3561 1180 3631 ταλανίζεσθαι,
1227 3565 1323 3623 καὶ
1350 3548 1682 3639 μισούμεθα,

99 3650 204 3703 καὶ
229 3646 590 3719 κολαζόμεθα,
616 3647 733 3701 δέον
761 3648 1057 3719 τιμᾶσθαι;
1089 3650 1193 3703 Τὸν
1213 3651 1565 3725 ἀδικούμενον
1592 3656 1687 3710 καὶ

99 3737 232 3807 βίαν
262 3736 524 3802 παθόντα,
553 3736 674 3807 ούχὶ
707 3735 1052 3802 κολάζεσθαι,
1086 3738 1224 3792 ἀλλά
1246 3742 1509 3812 τιμᾶσθαι
1543 3744 1649 3817 χρή
1669 3760 1683 3775 ·

97 3828 269 3896 ἡμεῖς
290 3825 348 3877 δὲ
372 3825 463 3879 καὶ
491 3823 856 3895 ἀδικούμεθα,
898 3827 992 3880 καὶ
1018 3828 1291 3899 τιμωρίαν
1317 3831 1684 3904 ὑπομένομεν.

98 3914 175 3966 Τί
218 3913 412 3966 τούτου
446 3913 641 3978 γένοιτ’
682 3913 747 3966 ἂν
789 3911 1153 3985 ἀλογώτερον,
1203 3916 1345 3987 ὑπὲρ
1380 3910 1456 3971 ὧν
1499 3919 1687 3984 κακῶς

99 4001 409 4071 πάσχοντες
427 3998 747 4063 ώθισθέντες
769 4000 906 4071 πρὸς
931 4002 1150 4066 κακίαν,
1177 4004 1317 4075 ὑπὲρ
1358 4005 1564 4060 τούτων
1594 4011 1688 4063 καὶ

96 4088 381 4158 τιμωρίαν
419 4088 656 4153 διδόναι;
709 4088 1001 4158 Ἐποίησεν
1050 4090 1379 4162 ἀνδροφόνον
1408 4094 1442 4163 ή
1489 4096 1688 4168 είμαρ-

100 4175 249 4247 μένη
275 4215 289 4240 ,
335 4175 433 4228 καὶ
461 4174 559 4245 τὴν
606 4173 786 4246 ψυχὴν
832 4176 1059 4229 ἀπαιτεῖ
1089 4176 1220 4229 ἀνθ’
1261 4170 1338 4231 ὧν
1373 4179 1687 4251 ὑπήκουσεν

94 4262 245 4332 αὐτῇ
271 4277 286 4292 ·
338 4261 392 4314 τί
438 4262 632 4315 τούτου
672 4261 1079 4335 βλαϐερώτερον
1114 4263 1293 4335 δόγμα
1325 4265 1539 4334 γένοιτο
1581 4270 1683 4334 ἀν;

99 4351 323 4419 Ὠσπερ
363 4347 432 4403 ἂν
476 4347 637 4413 εἴτις
669 4352 750 4413 εἱς
791 4349 853 4402 τὺ
883 4350 1159 4422 βάραθρον
1186 4351 1436 4422 ώθήσας,
1465 4355 1559 4408 καὶ
1583 4373 1685 4411 κα-

91 4435 354 4491 ταλαϐὼν
381 4437 474 4490 τὸν
501 4438 907 4509 κρημνισθέντα
929 4478 946 4504 ,
976 4439 1141 4493 πάλιν
1191 4441 1467 4513 τιμωρίαν
1517 4443 1686 4498 ἀπαι-

93 4526 226 4594 τοίη
271 4525 480 4580 τούτων
518 4526 744 4581 ινεκεν·
798 4526 829 4598 ἢ
879 4527 1072 4600 ὥσπερ
1113 4528 1181 4583 ἂν
1214 4529 1270 4583 εί
1308 4546 1396 4594 τις
1431 4531 1686 4606 βαρϐάρᾳ

90 4613 365 4684 δεσποίνῃ
382 4614 692 4684 ’παραδοὺς
718 4612 1053 4680 αἰκίζεσθαι,
1080 4617 1175 4669 καὶ
1206 4619 1423 4690 μυρίοις
1451 4621 1686 4692 περιϐα-

88 4701 217 4753 λεῖν
261 4702 486 4764 κακοῖς,
518 4701 611 4754 τὸν
640 4701 1084 4773 παραδεδομένον
1132 4704 1272 4777 ὑπὲρ
1312 4707 1412 4777 τῆς
1437 4707 1683 4775 δουλείας

89 4788 199 4842 καὶ
230 4786 331 4857 τῆς
365 4787 741 4858 αἰχμαλωσίας
770 4790 997 4844 ἀπαιτοῖ
1021 4792 1313 4864 τιμωρίαν.
1348 4791 1494 4867 Ἀρά
1517 4814 1570 4849 τι
1599 4797 1685 4866 γέ-

87 4891 249 4930 νοιτο
275 4874 341 4928 ἂν
360 4875 550 4929 τούτου
582 4875 943 4948 ἀλογώτερον,
979 4880 1103 4932 είπέ
1132 4897 1254 4950 μοι,
1289 4881 1322 4952 ἢ
1355 4882 1684 4957 ἀθλιώτερον

84 4960 194 5016 τοῦ
215 4959 412 5029 γένους
427 4960 639 5028 τούτους
653 4964 715 5015 El
731 4962 898 5016 ταῦτα
914 4963 1156 5029 τοιαῦτα,
1170 4968 1260 5020 καὶ
1275 4967 1461 5043 ἐχθροὶ
1477 4972 1574 5040 μὲν
1592 4974 1684 5025 καὶ

85 5049 356 5119 πολέμιοι
394 5052 509 5114 τοῖς
551 5052 732 5106 αὐτῶν
771 5052 1052 5124 πολεμίοις
1086 5056 1231 5109 ῖσασι
1265 5059 1678 5127 συγγινώσκειν,

82 5141 228 5193 ὅταν
255 5138 483 5201 ἄκοντες
510 5139 606 5192 καὶ
627 5139 701 5211 μὴ
721 5139 1037 5211 βουλόμενοι
1065 5143 1346 5215 πράττωσί
1376 5165 1429 5201 τι
1451 5149 1561 5201 τῶν
1586 5168 1679 5220 χα-

83 5225 430 5282 λεπωτάτων
455 5228 661 5293 αὐτοῖς·
689 5232 723 5301 ἡ
738 5231 793 5284 δὲ
820 5233 1128 5306 εἱμαρμένη
1145 5238 1260 5300 τοῖς
1284 5237 1563 5308 ὑπηκόοις,
1588 5242 1682 5294 καὶ

83 5316 278 5371 πάντα
306 5313 664 5385 πειθομένοις,
688 5319 891 5389 μᾶλλον
915 5321 972 5375 δὲ
992 5324 1557 5395 κατηναγκασμένοις,
1580 5329 1681 5383 οὐκ

79 5403 305 5458 ετσεται
341 5402 696 5476 συγγνώμην,
740 5406 854 5459 ἀλλ’
885 5407 1024 5479 ὑπὲρ
1049 5402 1124 5462 ὧν
1171 5411 1371 5475 αὐτοὺς
1400 5415 1678 5485 κατηνάγ-

79 5506 231 5543 κασε
267 5488 498 5560 πρᾶξαι,
518 5492 660 5563 ὑπὲρ
680 5491 789 5546 τῶν
816 5494 999 5548 αὐτῶν
1020 5496 1219 5561 αὐτοὺς
1244 5497 1465 5552 ἀπαιτεῖ
1487 5500 1643 5574 δίκην
1658 5520 1672 5534 ·

78 5578 250 5641 ποῖος
284 5576 542 5649 φορυτὸς,
573 5582 725 5644 ποῖος
760 5580 1108 5654 λαϐύρινθος,
1147 5584 1273 5640 ποία
1305 5585 1440 5656 ζάλη
1469 5588 1676 5661 ταύτην

143 5702 177 5737 ⁸
203 5699 345 5755 Coib.
375 5702 599 5764 βαρϐάρῳ
620 5705 861 5767 δεσποίνῃ.

406 5787 674 5849 Ριτιιοι..
720 5793 834 5851 Gn.
888 5795 953 5855 L.

1186 290 1276 345 DE
1313 282 1495 344 FATO
1537 279 1622 337 ET
1660 277 2141 338 I‘RUVIDENTlA.
2190 281 2254 335 Υ.

3261 282 3366 339 ’168

1786 402 2087 471 μιμήσεται
2123 400 2225 472 τὴν
2263 400 2546 471 σύγχυσιν,
2576 400 2699 454 εἰπέ
2736 419 2859 473 μοις
2884 403 2998 457 Ούκ
3023 396 3235 474 ἢρκεσε
3271 423 3363 475 μοι

1783 488 1985 560 τρόπος
2012 483 2093 553 εἷς
2128 488 2345 552 ἀδικίας
2369 527 2386 553 ,
2421 490 2503 541 ὅτι
2540 489 2705 560 μηδὲν
2744 488 3009 562 ἁμαρτὼν
3056 493 3137 555 εἱς
3168 494 3366 548 κακίαν

1783 576 2155 648 ὲμϐέϐλημαι,
2199 577 2295 631 καὶ⁵
2327 577 2408 631 ὅτι
2436 577 2624 649 ἔτερος
2657 578 2822 650 μηδὲν
2849 579 3206 651 κατορθώσας
3233 582 3365 651 ἀγα-

1784 664 1876 728 θὸς
1924 664 2155 734 γίνεται,
2192 665 2286 719 καὶ
2316 666 2482 737 τιμῆς
2534 666 2833 720 ἀπολαύει·
2882 668 2983 721 ούκ
3026 669 3189 740 ἀρκεῖ
3228 669 3369 741 αῦτη

1786 752 1926 825 μόνη
1957 755 1991 826 ἡ
2024 756 2230 821 ἀδικία,
2256 756 2339 809 ὅτι
2368 755 2554 820 ἀπλῶς
2583 757 2678 811 καὶ
2708 756 2919 825 ἀλόγως
2951 758 3045 811 καὶ
3074 756 3173 828 ἐμὲ
3201 759 3369 812 κακὸν

1782 842 2029 915 ἐποίησε,
2060 845 2155 897 καὶ
2181 847 2388 899 ἐκεῖνον
2421 844 2607 908 καλὸν,
2632 844 2770 900 ἀλλά
2797 847 2892 899 καὶ
2918 846 3112 917 ἑτέραν
3141 847 3370 917 προστί-

1784 931 1965 1004 θησιν,
2003 934 2099 987 καὶ
2148 934 2270 988 οὐδὲ
2311 934 2415 1006 τὴν
2454 934 2564 988 τῶν
2610 933 2917 1007 ἀνθρώπων
2965 934 3369 1005 δικαιοκρισίαν
3453 948 3472 1007 ξ

1786 1024 2037 1092 μιμεῖται
2059 1038 2073 1051 ·
2110 1022 2226 1078 ἀλλ’
2259 1023 2311 1075 οί
2350 1022 2449 1093 μὲν
2480 1021 2783 1092 ἄνθρωποι,
2810 1020 2956 1075 οὕτω
2990 1019 3370 1093 φιλάνθρωποι

1782 1110 1878 1164 καὶ
1904 1111 2105 1182 ἥμεροι
2128 1152 2143 1177 ,
2177 1110 2253 1174 ὡς
2283 1110 2516 1182 διαιρεῖν
2559 1111 2630 1163 τά
2659 1109 2894 1166 ἀκούσια
2919 1109 3028 1163 τῶν
3063 1110 3327 1163 ἑκουσίων
3349 1125 3367 1141 ·

1782 1201 1815 1269 ἡ
1852 1199 1909 1253 δὲ
1938 1200 2007 1254 τά
2035 1198 2354 1272 ἀνθρώπινα
2376 1199 2657 1254 διοικοῦσα
2681 1198 2895 1272 ὲριννύς
2926 1216 3011 1264 τις
3037 1198 3131 1253 καὶ
3159 1198 3371 1270 δαίμων

1784 1287 2022 1359 πονηρὸς
2040 1328 2056 1352 .
2090 1286 2236 1341 οὕτω
2275 1286 2454 1341 πάντα
2487 1289 2702 1357 συγχεῖ.
2738 1288 2803 1341 El
2835 1288 2937 1359 μὲν
2963 1284 3059 1341 οὖν
3106 1286 3207 1341 οὐκ
3252 1286 3371 1340 ἔστι

1783 1376 1916 1439 θεὸς
1936 1378 1966 1429 ό
1998 1374 2173 1428 ταῦτα
2196 1374 2432 1447 ἐφορῶν,
2463 1374 2750 1445 ἐλέγχεται
2787 1375 2885 1444 μὲν
2914 1376 2945 1428 ό
2971 1373 3132 1443 λόγος
3164 1374 3370 1444 ἑτέρω-

1785 1461 1897 1517 θεν.
1930 1462 2006 1515 Οὐ
2032 1463 2141 1533 γὰρ
2160 1461 2387 1516 δυνατὸν
2408 1462 2466 1515 ὲν
2488 1461 2713 1530 εὐταξία
2734 1461 2972 1533 τοσαύτῃ
3001 1461 3258 1531 πρόνοιαν
3294 1461 3370 1530 μὴ

1785 1545 1944 1602 εἶναι.
1979 1548 2126 1620 Πλὴν
2168 1551 2217 1603 εί
2248 1550 2350 1619 μὲν
2406 1548 2507 1602 οὐκ
2534 1547 2652 1602 ἔστι
2679 1548 2835 1612 Θεὸς,
2863 1547 2983 1611 πῶς
3016 1547 3154 1611 ὅλως
3199 1548 3372 1601 ταῦτα

1786 1637 2150 1708 συνέστηκενς
2179 1638 2229 1689 εί
2260 1635 2319 1690 δέ
2349 1637 2488 1700 ἑστι,
2521 1634 2638 1700 πῶς
2668 1635 2845 1690 ταῦτα
2864 1636 3146 1708 περιορᾷς
3178 1634 3245 1689 El
3272 1637 3374 1704 μὲν

1783 1723 1894 1797 γὰρ
1921 1724 2085 1789 αὐτὸς
2112 1723 2390 1794 ἐποίησεν,
2406 1723 2510 1795 δρα
2526 1723 2627 1793 τὴν
2660 1722 2935 1786 ἀσέϐειαν,
2960 1722 3055 1775 καὶ
3078 1721 3181 1791 τῆς
3206 1721 3377 1792 βλασο

1786 1812 1998 1883 φημίας
2064 1813 2165 1877 τὴν
2223 1810 2568 1881 ὑπερϐολήν·
2619 1811 2670 1863 εί
2700 1810 2757 1863 δὲ
2785 1810 2886 1863 οὐκ
2930 1809 3173 1880 εποίησε,
3215 1810 3375 1877 γενό-

1788 1917 1927 1969 μενα
1949 1899 2006 1953 δὲ
2030 1900 2281 1971 περιορᾷ,
2315 1898 2479 1953 πάλιν
2504 1898 2605 1952 οὐκ
2634 1897 2857 1951 έλαττον
2885 1897 2980 1951 τοῦ
3009 1897 3279 1967 προτέρου
3309 1897 3374 1949 τὸ

1786 1989 2057 2059 ἔγκλημα.
2106 1990 2272 2058 Ὀρᾶς
2313 1987 2433 2052 πῶς
2478 1986 2822 2057 πανταχόθεν
2877 1988 3296 2057 στενοχωρεῖται
3344 1988 3373 2037 6

1785 2074 2052 2138 διάϐολος,
2088 2074 2429 2130 συνελαύνων
2458 2074 2586 2138 τοὺς
2618 2073 2941 2147 ἀνθρώπους
2972 2076 3054 2138 είς
3089 2073 3189 2145 τὴν
3233 2074 3375 2128 κατά

1785 2164 1879 2218 τοῦ
1912 2165 2185 2218 Δεσπότού
2219 2164 2418 2235 μανίαν
2443 2181 2467 2230 ;«
2494 2163 2684 2217 Βούλει
2717 2180 2785 2234 με
2816 2166 3026 2227 πεῖσαι,
3054 2163 3139 2216 ὅτι
3176 2165 3373 2233 εἱμαρ-

1789 2253 1927 2325 μένῃ
1949 2252 2131 2324 πείθῃ,
2154 2253 2248 2307 καὶ
2271 2252 2512 2324 νομίζεις
2539 2247 2678 2306 εἶναί
2704 2269 2759 2304 τι
2787 2251 2966 2323 δόγμα
2990 2268 3005 2316 ;
3030 2251 3121 2322 Μὴ
3152 2250 3372 2319 ὲγκάλει

1789 2342 2156 2416 μοιχευομένη
2179 2343 2421 2411 γυναικὶ,
2458 2342 2594 2412 μηδὲ
2623 2340 2870 2413 πλησθῇς
2893 2339 3088 2412 θυμοῦ,
3128 2339 3262 2411 μηδὲ
3292 2341 3374 2402 εἰς

1789 2428 1939 2502 [772]
1963 2430 2243 2501 κριτήριον
2265 2428 2522 2484 δικαστοῦ
2547 2429 2761 2501 ἀγάγῃς
2784 2429 2873 2483 τὸν
2900 2427 3221 2499 μοιχόν.“Αν
3251 2427 3370 2500 ἴδῃς
3456 2500 3463 2505 η

1784 2520 1962 2587 τοῖχον
1995 2518 2428 2589 διορυττόμενον,
2467 2516 2542 2588 μὴ
2575 2514 2812 2588 ἐπιλάϐῃ
2839 2514 2934 2569 τοῦ
2965 2514 3369 2583 διορύττοντος,

1789 2605 1925 2675 μηδὲ
1956 2605 2272 2676 ἀπαιτήσῃς
2294 2603 2448 2675 δίκην
2473 2620 2486 2633 ·
2522 2603 2583 2656 ού
2617 2602 2727 2672 γὰρ
2756 2599 2899 2656 ἑκὼν
2929 2600 3092 2655 τοῦτο
3123 2600 3373 2671 ἐποίησε,

1754 2689 1968 2757 ⁶καθὼς
1994 2694 2059 2747 σὺ
2092 2692 2218 2763 φῄς.
2261 2691 2558 2764 ’Δμέλησον
2580 2690 2691 2745 τῶν
2720 2689 2921 2745 σαυτοῦ
2949 2691 3168 2745 πάντων
3193 2706 3207 2720 ·
3234 2689 3374 2743 πάν-

1785 2798 1895 2845 τως
1933 2779 2042 2853 γὰρ
2072 2780 2195 2852 ἥξει
2238 2798 2320 2835 σοι
2362 2780 2430 2834 τά
2474 2779 2575 2850 τῆς
2618 2777 2958 2850 εἱμαρμένης
2983 2793 2999 2808 ·
3051 2778 3208 2849 ῥῖψον
3250 2776 3375 2830 ὅσον

1786 2867 1931 2939 ἔχεις
1963 2867 2216 2940 χρυσίον·
2249 2867 2528 2939 ἀμέλησον
2568 2865 2782 2927 οἰκιῶν,
2814 2865 3032 2937 ἀγορῶν
3052 2905 3067 2929 ,
3102 2865 3377 2937 ἀνδραπό-

1784 2956 1891 3009 δων
1916 2972 1929 2986 ·
1957 2955 2111 3009 οὐδὲν
2136 2955 2246 3009 ἀπὸ
2274 2955 2377 3024 τῆς
2408 2954 2682 3026 ῥᾳθυμίας
2718 2955 2820 3025 τῆς
2852 2954 2950 3023 σῆς
2987 2955 3021 3023 ἡ
3045 2952 3146 3021 τῆς
3179 2955 3375 3023 εἱμαρ-

1789 3043 1958 3115 μένης
2006 3041 2247 3114 ῥᾳθυμία
2300 3041 2805 3113 παραϐλαϐήσεται.
2867 3040 3006 3093 Ἀλλ’
3061 3041 3162 3094 οὐκ
3208 3040 3375 3113 ἀνέξῃ

1785 3131 1987 3186 τούτων
2029 3131 2216 3197 οὐδὲν,
2250 3130 2327 3193 ὠς
2364 3129 2512 3202 ἔργῳ
2543 3128 2789 3192 πεισθεὶς
2814 3171 2828 3191 ,
2875 3128 2961 3181 ὅτι
3008 3129 3371 3198 κατέγνωκας

1784 3221 1894 3275 τῶν
1927 3220 2213 3291 δογμάτων
2246 3217 2350 3290 τῆς
2382 3218 2744 3290 εἱμαρμένης.
2777 3217 2937 3281 Τίνος
2971 3213 3064 3271 οῦν
3088 3215 3275 3271 ἕνεκεν
3308 3218 3367 3269 ἐν

1787 3312 1906 3372 ταῖς
1929 3307 2228 3379 ἁμαρτίαις
2256 3306 2424 3378 αὐτὴν
2452 3305 2756 3380 προϐάλλῃ,
2783 3305 3063 3376 πανταχοῦ
3086 3320 3366 3374 κατεγνω-

1786 3395 1938 3462 κώς;
1980 3396 2143 3468 Ὁρᾷς
2174 3395 2257 3449 δτι
2288 3393 2591 3466 οὐδαμόθεν
2628 3394 2692 3448 τὸ
2722 3392 2903 3465 δόγμα
2949 3392 3110 3447 τοῦτο
3153 3393 3370 3464 εἰσενή-

1786 3501 1994 3548 νεκται,
2040 3482 2156 3537 ἀλλ’
2199 3481 2310 3536 ἀπὸ
2337 3481 2439 3554 τῆς
2476 3481 2772 3554 ῥᾳθυμίας,
2808 3483 2903 3535 καὶ
2930 3481 3243 3553 ὀλιγωρίας,
3278 3480 3374 3533 καὶ

1784 3570 1880 3626 τοῦ
1913 3570 2050 3643 πρὸς
2101 3572 2301 3635 αὐτοὺς
2333 3571 2462 3634 τοὺς
2496 3569 2637 3641 ὑπὲρ
2665 3570 2764 3641 τῆς
2796 3569 3000 3641 ἀρετῆς
3044 3567 3370 3622 ἐκλελύσθαι

1787 3663 2003 3725 πόνους.
2035 3660 2100 3713 Εί
2121 3648 2333 3730 γένεσίς
2371 3661 2512 3725 ἐστι,
2545 3656 2728 3729 κρίσις
2748 3659 2850 3711 ούκ
2870 3657 3018 3710 ἔστιν
3043 3672 3056 3688 ·
3080 3658 3129 3710 εἱ
3159 3657 3371 3725 γένεσίς

1786 3749 1924 3813 ἐστι,
1957 3747 2139 3811 πίστις
2182 3749 2283 3801 ούκ
2338 3746 2520 3800 ἐστιν·
2567 3747 2618 3799 εί
2661 3744 2877 3815 γένεσίς
2908 3744 3048 3806 ἐστι,
3094 3744 3231 3808 Θεὸς
3271 3744 3373 3797 οὐκ

1786 3833 1967 3887 ἔστιν·
2007 3836 2056 3887 εί
2083 3833 2297 3903 γένεσίς
2327 3835 2496 3898 ἔστιν,
2533 3834 2635 3887 οὐκ
2663 3832 2813 3888 ἐστιν
2859 3832 3069 3905 ἀρετὴ,
3104 3832 3206 3888 οὐκ
3254 3830 3373 3886 ἐστι

1787 3923 1987 3978 κακία·
2023 3925 2074 3978 εί
2102 3923 2316 3992 γένεσίς
2353 3924 2502 3986 ἐστι,
2534 3922 2717 3976 πάντα
2766 3923 2970 3994 μάτην,
3009 3922 3192 3977 πάντα
3246 3924 3370 3995 εἰκῇ

1787 4014 1881 4067 καὶ
1910 4012 2193 4084 ποιοῦμεν,
2220 4012 2316 4066 καὶ
2346 4011 2655 4082 πάσχομεν·
2690 4012 2789 4065 ούκ
2816 4011 2963 4065 ἔστιν
2992 4011 3235 4077 ἔπαινος,
3268 4013 3369 4067 ούκ

1787 4102 1903 4156 ἔστι
1936 4101 2126 4171 ψόγος,
2159 4101 2261 4154 οὐκ
2287 4099 2436 4153 ἔστιν
2455 4098 2642 4163 αἰδὼς,
2674 4101 2775 4154 ούκ
2801 4100 2949 4155 ἐστιν
2979 4101 3235 4172 αἰσχύνη,
3268 4101 3369 4156 οὐκ

1786 4191 1894 4244 εἱσι
1925 4189 2103 4260 νόμοι,
2142 4190 2244 4243 ούκ
2290 4189 2400 4242 εἰσὶ
2430 4188 2784 4261 δικαστήρια.
2838 4189 3010 4244 Πόθεν
3041 4187 3136 4244 οὖν
3168 4194 3197 4245 6
3223 4191 3372 4244 δεῖνα

1788 4278 2030 4339 πλουτεῖ,
2063 4276 2237 4347 φησὶ,
2268 4276 2432 4329 πόθεν
2460 4276 2646 4348 ἕτερος
2678 4278 2939 4345 πένεται;
2975 4276 3226 4332 Μάλιστα
3271 4277 3372 4349 μὲν

1787 4367 1837 4418 εί
1871 4364 1966 4418 καὶ
2004 4365 2132 4427 τοὺς
2165 4363 2359 4431 λόγους
2388 4362 2718 4435 ἀγνοοῦμεν,
2781 4362 2889 4416 ἔδει
2921 4363 3108 4435 μένειν
3146 4364 3240 4435 ἐπὶ
3267 4362 3372 4432 τῆς

1788 4452 2033 4521 ἀγνοίας,
2050 4451 2187 4505 ἀλλὰ
2207 4452 2282 4524 μὴ
2301 4452 2391 4505 ἔτι
2399 4469 2489 4524 ρον
2499 4452 2678 4524 δόγμα
2694 4452 2929 4525 πονηρὸν
2947 4451 3369 4524 ἀναλαμϐάνειν.

1786 4540 2008 4594 Βέλτιον
2040 4540 2151 4611 γάρ
2180 4540 2397 4607 ἀγνοεῖν
2414 4540 2616 4606 καλῶς,
2646 4542 2679 4613 ἢ
2707 4542 2906 4596 ειδέναι
2937 4540 3123 4604 κακῶς
3143 4556 3158 4573 ·
3186 4539 3249 4594 τὸ
3271 4539 3371 4611 μὲν

1785 4628 1898 4700 γὰρ
1923 4629 2024 4681 οὐκ
2045 4626 2159 4698 εχει
2186 4628 2545 4700 κατηγορίαν,
2565 4629 2626 4683 τὸ
2646 4629 2701 4682 δὲ
2723 4629 3096 4701 ἀπεστέρηται
3126 4628 3372 4698 συγγνώ-

1788 4733 1915 4785 μης.
1942 4715 2089 4787 Πλὴν
2108 4715 2245 4770 ἀλλὰ
2264 4717 2360 4771 καὶ
2381 4716 2478 4771 νῦν
2504 4716 2660 4786 δῆλον
2680 4717 2813 4787 ἡμῖν
2827 4716 3017 4785 γέγονε
3040 4716 3129 4773 διὰ
3152 4718 3254 4789 τὴν
3273 4719 3370 4771 τοῦ

1784 4803 1921 4857 Θεοῦ
1944 4805 2124 4874 χάριν,
2147 4804 2312 4857 πόθεν
2332 4804 2360 4855 6
2393 4804 2493 4873 μὲν
2521 4803 2761 4866 πλουτεῖ,
2781 4805 2810 4858 6
2836 4804 2893 4859 δὲ
2923 4805 3174 4873 πένεται;
3199 4807 3232 4877 ἢ
3260 4807 3371 4878 γάρ

1788 4890 2040 4962 πατρῷον
2086 4888 2424 4961 παραλαϐὼν
2456 4890 2675 4963 κλῆρον,
2705 4892 2739 4964 ἦ
2776 4894 3016 4966 ἐμπορίᾳ
3048 4896 3142 4948 καὶ
3187 4913 3368 4965 καπη-

1784 4980 1903 5049 λεία
1932 4980 2302 5052 χρησάμενος,
2336 4980 2369 5052 ἢ
2408 4979 2478 5034 τὰ
2502 4981 2705 5053 ἐτέρων
2748 4985 3007 5056 ἀρπάσας
3044 4985 3139 5040 καὶ
3170 4985 3366 5054 βιασά-

1787 5085 1966 5137 μενοςν
2013 5067 2046 5138 ἢ
2087 5066 2251 5138 γάμῳ
2300 5069 2649 5141 χρησάμενος
2681 5072 2919 5144 εὐπόρῳ.
2955 5073 2989 5143 ἢ
3022 5070 3285 5144 γεωργίᾳ,
3331 5072 3363 5141 ἢ

1782 5153 1967 5227 τέχνῃ,
2012 5154 2044 5221 ἢ
2077 5154 2249 5226 ἑτέρῳ
2290 5156 2397 5209 τινὶ
2424 5157 2670 5229 τοιούτῳ.
2706 5159 2815 5214 Καὶ
2848 5160 3034 5213 πολλοὶ
3070 5158 3166 5213 τοῦ
3201 5160 3367 5215 πλου-

1782 5243 1895 5294 τεῖν
1918 5241 2133 5313 τρόποι,
2167 5244 2217 5296 οί
2248 5244 2347 5316 μὲν
2378 5245 2597 5311 δίκαιοι,
2630 5249 2678 5300 οί
2707 5247 2763 5300 δὲ
2790 5246 2985 5302 ἄδικοι.
3014 5245 3171 5301 Οῦτω
3190 5247 3253 5319 δὴ
3268 5252 3365 5304 καὶ

1780 5325 1876 5380 τοῦ
1905 5328 2200 5384 πένεσθαι·
2226 5330 2259 5404 ἦ
2289 5331 2397 5406 γάρ
2432 5334 2812 5405 ἐπηρεασθείς,
2844 5333 2877 5405 ἢ
2908 5336 3358 5406 ωκοφαντηθεὶς,

1781 5414 1815 5485 ἢ
1846 5414 2295 5490 πλεονεκτηθεὶς,
2334 5419 2367 5491 ἢ
2399 5420 2753 5490 καταφαγὼν,
2791 5422 2825 5493 ἢ
2857 5422 3026 5494 ἀργία
3076 5424 3277 5489 συζῶν,
3327 5427 3360 5497 ἢ

1782 5504 1956 5576 ἀνοία,
1984 5505 2016 5576 ἢ
2049 5507 2220 5579 ἑτέρῳ
2249 5511 2358 5563 τινὶ
2381 5510 2567 5581 τρόπῳ
2590 5528 2604 5541 ·
2630 5511 2815 5565 πολλοὶ
2843 5511 2954 5584 γὰρ
2979 5512 3074 5567 τοῦ
3103 5513 3357 5583 γενέσθαι

1781 5590 1990 5661 πένητα
2014 5593 2223 5665 τρόποι.
2258 5595 2363 5651 Καὶ
2389 5598 2534 5662 τίνος
2558 5598 2763 5664 ἕνεκεν,
2791 5603 2977 5672 φησὶν,
2995 5604 3024 5656 6
3047 5602 3196 5659 δεῖνα
3224 5603 3362 5674 πόρ-

1766 5695 1881 5743 νας
1917 5681 2132 5752 τρέιρων
2172 5686 2266 5739 καὶ
2310 5687 2641 5759 παρασίτους
2675 5690 2767 5744 καὶ
2810 5690 3067 5754 κόλακας.
3121 5694 3225 5746 καὶς
3242 5682 3356 5761 τοῖς

2938 5815 3015 5873 23
