3804 6270
468 282 570 340 769

459 392 762 466 ἀλλοτρίοις
779 393 1102 464 ἐπηρεάζων
1127 393 1435 465 πράγμασι,
1452 393 1651 447 καὶτὸν
1673 394 1839 465 ύγρὸν
1860 394 2046 447 τοῦτον

461 477 558 532 καὶ
582 475 964 546 διαλελυμένον
988 475 1101 545 βίον
1131 472 1263 539 ζῶν,
1294 475 1544 549 καθάπερ
1574 478 1640 529 ἐκ
1666 476 1862 547 πηγῶν
1889 478 2046 547 ἐπιρ-

461 561 654 629 ρέοντα
679 559 790 630 ἔχει
816 558 885 613 τά
912 560 1172 631 χρήματα
1192 576 1206 590 ·
1243 560 1471 632 ’Έτερος
1506 561 1779 634 ἐπιεικείᾳ
1813 561 1909 615 καὶ
1946 578 2048 613 σω-

461 642 705 715 φροσύνῃ
747 644 840 696 καὶ
869 642 1187 716 δικαιοσύνῃ
1220 644 1314 697 καὶ
1347 646 1468 707 ταῖς
1501 645 1689 708 άλλαις
1716 644 1891 708 συζῶν
1917 646 2045 716 ἀρε-ο

458 728 599 790 ταῖς,
629 726 749 779 οὐδὲ
775 725 875 796 τῆς
902 726 1207 796 ἀναγκαίας
1233 728 1459 799 εὐπορεῖ
1489 727 1732 797 τροφῆς;
1766 727 1848 780 ὅτι
1878 729 1907 780 6
1948 727 2047 796 μέν

460 811 578 863 ἐστι
631 807 798 872 καλὸς
840 809 937 862 καὶ
978 809 1071 863 τὸν
1116 810 1378 864 ἐπίπονον
1418 810 1520 877 τῆς
1557 809 1763 880 ἀρετῆς
1808 811 2045 880 αἱρεῖται

459 891 595 963 βίον,
627 893 657 944 6
684 891 740 945 δέ
772 892 941 955 κακὸς
966 893 1058 947 καὶ
1079 893 1179 964 τὴν
1207 892 1566 965 διαρρέουσαν
1601 894 1697 946 καὶ
1724 891 2045 963 διαλελυμέ-

457 992 555 1047 νην
600 973 888 1039 ἀνεδέξατο
920 976 1020 1046 τῆς
1065 976 1266 1038 κακίας
1295 975 1450 1041 ὁδόν;
1483 975 1641 1039 Τίνος
1674 970 1770 1028 οὖν
1800 974 1987 1028 ἐνεκεν
2017 975 2047 1027 6

460 1059 559 1129 μὲν
592 1059 764 1122 κακὸς
797 1057 1021 1112 πλουτεῖ
1041 1097 1057 1124 ,
1088 1059 1311 1113 πένεται
1361 1058 1419 1112 δέ
1448 1061 1477 1113 6
1522 1057 1757 1127 άγαθός;
1791 1058 1912 1112 ’Ίνα
1951 1058 2049 1111 καὶ.

455 1137 609 1206 οὗτος
643 1141 865 1213 μείζονα
894 1141 1039 1215 λάϐῃ
1064 1143 1153 1195 τὸν
1184 1142 1472 1211 στέφανον,
1503 1141 1569 1195 ἀν
1597 1141 1867 1212 ὑπομείνῃ
1889 1181 1904 1204 ,
1951 1141 2047 1193 καὶ

454 1227 555 1298 τὴν
597 1226 898 1298 καρτερίαν
923 1226 1146 1298 ἐνέγκῃ,
1179 1228 1432 1289 κάκεῖνος
1485 1225 1658 1296 μείζω
1684 1226 1785 1296 τὴν
1820 1224 2047 1279 κόλασιν

455 1313 551 1363 καὶ
582 1309 683 1380 τὴν
712 1310 1006 1380 τιμωρίαν,
1033 1308 1099 1362 ἀν
1136 1309 1215 1381 μὴ
1252 1309 1650 1380 μεταϐάληται,
1683 1308 1778 1362 καὶ
1817 1307 2046 1379 γένηται

457 1392 701 1461 βελτίων,
742 1392 840 1445 καὶ
869 1392 962 1445 τὸν
1003 1392 1282 1463 Δεσπότην
1323 1390 1531 1461 ἐπιγνῷ
1580 1391 1675 1449 τὸν
1722 1389 1940 1445 ἑαυτοῦ.
1977 1391 2046 1442 Αἱ

454 1476 566 1547 γάρ
591 1475 804 1537 ἀνέσεις
853 1476 910 1527 αί
940 1474 1093 1545 παρά
1130 1473 1227 1527 τοῦ
1272 1472 1411 1529 Θεοῦ
1445 1473 1740 1544 διδόμεναι,
1783 1473 2046 1543 μένοντας

456 1558 661 1621 κακοὺς
696 1557 898 1629 μᾶλλον
938 1557 1200 1629 βαροῖκιτ
1234 1559 1329 1611 καὶ
1368 1556 1670 1628 ήνάφθονία
1705 1557 1738 1627 ἡ
1783 1557 1916 1626 παρ’
1947 1556 2044 1609 αύ-

454 1641 550 1696 τοῦ
579 1643 692 1704 τοῖς
724 1640 800 1712 μὴ
829 1641 1135 1713 χρωμένοις
1176 1642 1257 1703 είς
1287 1640 1411 1694 δέον
1438 1641 1577 1710 αὐτῇ
1595 1680 1611 1704 ,
1643 1637 1930 1712 προσθήκη
1960 1637 2046 1706 γί-

453 1741 605 1778 νεται
638 1724 998 1795 κατηγορίας.
1029 1722 1217 1787 οὕτως
1249 1718 1342 1777 οὖν
1372 1726 1430 1778 αἱ
1473 1723 1682 1793 θλίψεις
1712 1722 1808 1777 καὶ
1838 1723 1894 1776 αἱ
1925 1739 2046 1774 στε-

452 1808 712 1879 νοχωρίαι
754 1806 1000 1875 ἀγαθῶν,
1041 1806 1328 1879 προσθήκη
1377 1808 1682 1876 στεφάνων,
1728 1807 1832 1863 κᾶν
1860 1821 2042 1876 παρα-

454 1890 684 1946 πέσωσι.
719 1890 877 1944 Ἔστι
921 1890 1122 1962 μετρία
1161 1889 1293 1958 γοῦν
1335 1907 1419 1953 τις
1469 1887 1768 1960 συγγνώμη
1794 1903 1809 1918 ⁸
1841 1888 1903 1940 o6
1932 1887 2041 1959 γὰρ

374 1981 380 1988 ”
446 1974 643 2039 ἁπλῶς
662 1974 734 2031 τὰ
762 1975 1137 2046 ἁμαρτήματα
1168 1974 1437 2046 κρίνεται,
1462 1973 1579 2027 ἀλλ’
1604 1974 1806 2043 ἑτέρως
1837 1973 1865 2024 6
1890 1968 2040 2044 [775]

452 2058 732 2124 πλούσιος,
762 2059 967 2131 ἑτέρως
996 2061 1025 2113 6
1054 2058 1252 2129 πένης·
1288 2058 1318 2110 6
1351 2058 1449 2129 μὲν
1498 2055 1639 2128 μετά
1673 2054 2005 2126 συγγνώμης
2026 2096 2039 2119 ,

452 2133 482 2197 6
518 2143 575 2196 δὲ
602 2144 772 2214 χωρὶς
806 2139 1159 2212 συγγνώμης.
1192 2138 1343 2205 Οἷον,
1378 2140 1520 2194 έστω
1547 2138 1788 2209 κλέπτης
1826 2138 1919 2192 καὶ
1955 2155 2044 2207 φι-

450 2225 675 2297 λότιμος
695 2265 710 2291 ,
741 2224 997 2289 πλούσιος
1028 2225 1124 2278 καὶ
1169 2224 1359 2295 πένης,
1386 2224 1415 2275 6
1439 2223 1539 2296 μὲν
1581 2225 1631 2275 εἰ
1665 2222 1759 2276 καὶ
1805 2220 2041 2293 ψυχρὰν,

445 2310 567 2366 ἀλλ’
599 2310 748 2380 ὅμως
784 2309 897 2379 ἔχει
925 2308 1047 2362 τινὰ
1075 2308 1422 2378 καταφυγὴν,
1452 2307 1554 2378 τὴν
1584 2304 1695 2359 ἀπὸ
1720 2305 1821 2376 τῆς
1852 2305 2044 2369 πενίας

452 2392 722 2464 ἀνάγκην,
757 2394 785 2446 6
810 2390 868 2445 δέ
902 2391 1025 2446 οὐδὲ
1058 2392 1187 2462 μίαν
1231 2390 1590 2457 εὐπρόσωπον
1616 2387 1650 2459 ἦ
1677 2386 1901 2457 εὔλογον
1931 2387 2046 2459 ἔχει

454 2477 775 2546 καταφυγήν
800 2491 811 2505 ·
845 2474 990 2529 ὥστε
1016 2477 1141 2530 ὅσον
1166 2474 1482 2528 ἐλαττοῦται
1510 2474 1539 2526 ὀ
1569 2473 1738 2541 πένης
1780 2472 1924 2526 κατὰ
1949 2473 2042 2526 τὸν

453 2560 698 2631 παρόντα
748 2558 883 2629 βίον,
934 2558 1193 2615 τοσοῦτον
1226 2558 1542 2611 πλεονεκτεῖ
1598 2556 1741 2610 κατά
1770 2555 1863 2608 τὴν
1913 2554 2045 2625 μέλ-

1140 281 1197 336 S.
1239 280 1523 337 JOANNIS
1558 279 2046 361 CHRYSOSTOMI
2087 280 2409 336 ARCIIIEP.
2447 279 3001 359 CONSTAKTINOP.

3518 308 3525 317 α
3630 278 3735 332 Ἱτθ

2148 396 2309 447 λοντα
2336 396 2392 447 ἐν
2425 392 2835 465 κατορθώμασι,
2889 393 2984 445 καὶ
3015 394 3043 445 6
3091 390 3347 454 πλούσιος
3387 391 3449 443 ἐν
3485 392 3736 461 άμιιρυςή⁴

2152 502 2307 556 μασι.
2362 485 2453 556 Μὴ
2500 483 2677 538 τοίνυν
2729 484 2958 555 νομίσῃς
3009 481 3314 536 ἀδικεῖσθαι
3365 481 3461 535 τὸν
3506 481 3731 552 πένητα.

2151 568 2285 639 μηδὲ
2311 567 2474 620 πλέον
2494 566 2639 638 ἔχειν
2665 565 2758 621 τὸν
2790 565 3069 619 πλούσιον.
3096 564 3364 634 Καθάπερ
3388 565 3491 618 καὶ
3517 564 3612 616 ἐπὶ
3628 565 3736 617 τῶν

2148 649 2354 715 κακῶν,
2405 651 2629 720 ὅσοιπερ
2677 649 2744 703 ἂν
2793 648 3028 704 ἐνταῦθα
3066 646 3199 700 δῶσι
3239 646 3419 716 δίκην,
3452 646 3491 718 ἢ
3524 644 3585 698 τὸ
3630 649 3738 701 πᾶν

2146 732 2500 802 ἀπενίψαντο,
2536 732 2569 803 ἢ
2602 732 2865 786 ἐλάττονα
2893 731 3130 785 διδόασιν
3178 732 3295 784 ἐκεῖ
3335 729 3634 802 τιμωρίαν,
3664 731 3739 793 ὡς

2147 816 2381 871 ἐνταῦθα
2431 816 2683 887 μεγάλων
2730 813 3114 868 κακοπαθειῶν
3159 813 3316 884 δίκην
3365 814 3736 875 ὑποστάντες·

2145 896 2290 952 οὕτω
2316 898 2410 952 καὶ
2440 899 2532 951 ἐπὶ
2560 897 2667 951 τῶν
2693 895 2934 965 ἀγαθῶν,
2966 898 3017 949 οί
3047 897 3145 967 μὲν
3171 896 3411 951 ἐνταῦθα
3437 896 3739 951 ἀπολαύον-

2144 999 2238 1046 τες
2270 983 2456 1052 τιμῆς,
2491 982 2586 1034 καὶ
2629 980 2881 1050 μένοντες
2913 978 3163 1051 πονηροὶ.
3210 978 3424 1048 ἐφόδιον
3468 979 3741 1043 κολάσεως

2147 1064 2329 1135 ἔχουσι
2350 1056 2455 1135 τὴν
2479 1066 2667 1135 τιμήν.
2720 1062 2865 1132 ’Ὀρα
2887 1062 2940 1132 γ’
2964 1056 3060 1115 οὖν
3082 1062 3112 1114 6
3141 1060 3275 1124 Θεδς
3307 1063 3429 1126 πῶς
3463 1063 3740 1131 πανταχοῦ

2144 1150 2258 1211 τοῖς
2279 1149 2468 1210 κακοῖς
2487 1147 2589 1210 τὰς
2615 1145 2849 1199 ἐνταῦθα
2872 1144 3119 1209 ὀνειδίζει
3142 1147 3309 1214 τιμάς
3329 1162 3342 1176 ·
3378 1144 3626 1200 Ἕὸωκά
3644 1162 3741 1199 σοι

2146 1230 2345 1287 πάντα
2374 1231 2447 1285 τὰ
2478 1230 2586 1284 τοῦ
2618 1229 2840 1298 Κυρίου
2859 1243 3007 1283 σου·
3041 1230 3136 1282 καὶ
3172 1229 3335 1283 πάλιν
3356 1233 3474 1293 τοῖς
3500 1229 3741 1300 ἱερεῦσιν

2145 1314 2238 1367 ἐπὶ
2261 1312 2361 1367 τοῦ
2398 1313 2520 1381 ,Ἠλὶ
2548 1313 2651 1384 τὴν
2675 1314 2842 1384 τιμήν
2862 1327 2875 1343 ·
2909 1313 3005 1366 καὶ
3034 1312 3296 1383 ἀλλαχοῦ,
3332 1313 3583 1369 Ἔδωκα
3605 1314 3740 1382 ὑμῐῖ

2143 1396 2214 1451 ἐκ
2237 1396 2355 1451 τῶν
2374 1396 2712 1452 νεανίσκων
2729 1396 2900 1465 ὑμῶν
2925 1399 3015 1461 είς
3034 1397 3366 1465 προφήτας,
3397 1397 3500 1450 x43
3533 1396 3740 1450 λεκτῶν

2144 1477 2291 1539 νίῶν
2314 1476 2485 1548 ὑμῶν
2514 1480 2603 1545 εις
2638 1479 2971 1549 ἀτιασμόν·
3014 1479 3110 1537 καὶ
3145 1479 3218 1533 τά
3259 1480 3354 1533 ἐπὶ
3390 1479 3498 1550 τῆς
3527 1477 3737 1553 ἐρήμου

2147 1560 2422 1632 πανταχοῦ
2472 1560 2852 1632 προστίθησιν.
2906 1562 3071 1615 Ὥστε
3114 1562 3240 1614 ὃταν
3275 1562 3393 1633 ίδῃς
3437 1561 3536 1614 τὸν
3584 1565 3737 1615 7.2.06-

2150 1642 2348 1699 τοῦντα
2388 1643 2703 1719 ἀδικοῦντα,
2747 1644 3173 1699 πλεονεκτοῦντα
3193 1684 3211 1709 ,
3249 1644 3581 1716 ἁρπάζοντα
3602 1686 3617 1709 ,
3655 1645 3736 1698 διὰ

2149 1726 2311 1781 τοῦτο
2357 1725 2592 1796 μάλιστα
2636 1726 2801 1780 αὐτὸν
2830 1726 3108 1791 στέναξον,
3142 1727 3331 1799 ἐπειδὴ
3365 1727 3635 1791 πλούσιος
3669 1726 3735 1778 ῶν

2149 1808 2321 1863 ταῦτα
2366 1812 2541 1863 ποιεῖ·
2591 1809 2814 1880 μείζονα
2860 1810 2970 1881 γάρ
3010 1809 3192 1863 δίδωσι
3236 1809 3537 1879 τιμωρίαν.
3576 1810 3736 1862 Ὅταν

2152 1892 2266 1965 ἴδῃς
2316 1891 2527 1963 πένητα
2579 1890 2778 1962 πολλὴν
2819 1890 2915 1945 τοῦ
2966 1892 3176 1947 δικαίου
3228 1892 3565 1962 ποιούμενον
3610 1892 3738 1963 πρό-

2149 1990 2318 2038 νοιαν,
2345 1973 2436 2027 διὰ
2464 1973 2624 2041 τοῦτο
2659 1975 2896 2045 μάλιστα
2937 1976 3099 2030 αὑτὸν
3137 1974 3443 2048 θαύμασον,
3486 1976 3579 2028 ὅτι
3613 1974 3741 2046 μετὰ

2149 2055 2342 2120 πενίας
2379 2056 2622 2119 τοιοῦτός
2648 2058 2817 2111 ἐστιν.
2855 2058 2952 2111 ’Ἂν
2980 2059 3153 2113 ταῦτα
3240 2057 3392 2129 παρά
3419 2057 3511 2110 σοὶ⁵
3535 2057 3741 2128 διηκρι-

2150 2139 2372 2210 ϐωμένα
2395 2180 2410 2203 ,
2451 2139 2710 2194 οὐδέποτε
2755 2140 2850 2194 ἐπὶ
2895 2143 3006 2205 τοῖς
3051 2143 3365 2213 γενομένοις
3419 2143 3743 2214 ταραχθησῃ

2151 2225 2496 2294 πράγμασιν,
2530 2223 2597 2277 ἂν
2623 2223 2764 2295 πρὸς
2794 2224 2864 2277 τὰ
2895 2224 3160 2294 μέλλοντα
3187 2224 3414 2298 βλέπῃς,
3462 2227 3538 2279 ἂν
3583 2225 3743 2296 μηδὲν

2150 2303 2290 2361 εἷναι
2318 2305 2549 2378 νομίσῃς
2572 2305 2644 2360 τὰ
2672 2306 2938 2378 παρόντα,
2966 2307 3033 2361 ἂν
3058 2310 3243 2362 ἐκεῖνα
3272 2310 3513 2380 ἐλπίσῃς
3539 2309 3655 2369 ἀεὶ,
3685 2309 3743 2361 ἂν

2150 2388 2357 2442 τούτων
2387 2388 2585 2443 σαυτὸν
2608 2390 2946 2462 ἀποστήσῃς.
3000 2390 3216 2444 Γένοιτο
3243 2391 3303 2445 δὲ
3342 2393 3578 2446 πάντων
3605 2393 3742 2464 ἡμᾶς

2147 2472 2257 2525 τῶν
2282 2471 2506 2541 ἀγαθῶν
2532 2475 2830 2545 ἐπιτυχεῖν,
2862 2473 3045 2546 χάριτι
3070 2474 3331 2546 Χριστοῦ.
3375 2476 3591 2547 Ἀμήν.

1571 2775 1832 2860 ΠΕΡΙ
1896 2774 2646 2862 ΕΙΜΛΡΜΕΝΗΣ.
2741 2908 2747 2911 _

1698 2920 1775 2973 ’Ἡ
1796 2918 1946 2974 κατά
1979 2921 2466 2991 γαστριμαργίας.

1106 3113 1297 3181 Λόγος
1328 3113 1401 3178 ς’.

506 3205 797 3274 Φάγωμεν
847 3207 946 3264 καί
967 3208 1218 3279 πίωμεν,
1258 3210 1473 3278 αὔριον
1510 3212 1621 3282 γὰρ
1651 3214 2042 3283 ἀποθνήσκο-

444 3313 582 3368 μεν,
610 3297 705 3349 ἐπὶ
730 3293 842 3347 τῶν
873 3292 1170 3364 προφητῶν
1198 3287 1339 3365 ἦσαν
1374 3296 1556 3349 πολλοὶ
1584 3300 1734 3369 παρά
1767 3300 2043 3366 Ἰουδαίοις

450 3380 724 3446 λέγοντες.
769 3375 931 3428 Ἀλλά
957 3373 1018 3427 τὸ
1050 3376 1150 3446 μὲν
1186 3375 1472 3444 Ἰουδαίους
1498 3378 1670 3433 ταῦτα
1703 3376 1902 3449 λέγειν,
1932 3376 2046 3437 Ὧν

448 3467 486 3515 ό
512 3461 648 3524 θεὸς
671 3461 713 3527 ἡ
732 3459 950 3521 κοιλία,
976 3459 1073 3511 καὶ
1094 3460 1133 3527 ἡ
1161 3458 1313 3524 δόξα
1332 3460 1402 3513 ἐν
1431 3460 1507 3530 τῇ
1529 3462 1795 3533 αἰσχύνῃ
1821 3463 2041 3529 αὐτῶν,

452 3543 770 3613 θαυμαστὸν
793 3539 963 3595 οὐδέν·
984 3541 1044 3593 τὸ
1077 3542 1135 3595 δέ
1163 3541 1301 3612 μετά
1331 3542 1430 3613 τὴν
1457 3544 1642 3616 χάριν,
1673 3547 1769 3600 καὶ
1807 3548 1906 3620 τὴν
1934 3548 2044 3603 τῶν

453 3627 738 3699 παρόντων
784 3624 1088 3698 ὑπεροψίαν
1116 3625 1482 3697 πραγμάτων,
1515 3628 1609 3683 καὶ
1645 3628 1743 3701 τὴν
1774 3632 2044 3702 τοσαύτην

448 3710 765 3781 τελειότητα
809 3709 902 3762 καὶ
950 3708 1260 3781 ἀκρίϐειαν,
1294 3704 1435 3763 εἷναί
1465 3728 1619 3776 τινας
1660 3714 1741 3767 ἐτι
1788 3714 1882 3768 καὶ
1923 3715 2041 3780 νῦν,

450 3796 499 3847 εί
530 3794 626 3847 καὶ
658 3791 734 3864 μὴ
781 3794 896 3856 τοῖς
932 3792 1142 3864 ῥήμασι
1190 3792 1472 3858 λέγοντας,
1514 3795 1603 3850 διά
1629 3796 1687 3850 δὲ
1722 3795 1831 3851 τῶν
1864 3797 2045 3869 ἔργων

448 3878 510 3931 τὸ
556 3877 690 3931 αὐτὸ
731 3876 889 3930 τοῦτο
933 3875 1191 3947 βοῶντας,
1244 3877 1419 3949 πόσης
1463 3879 1535 3934 ἂν
1578 3881 1665 3950 είη
1712 3884 2045 3954 κατηγορίας

449 3961 633 4028 ἀξιον;
679 3960 791 4014 Καὶ
830 3959 938 4030 γάρ
968 3961 1129 4024 εἰσιν,
1161 3962 1301 4014 εἰσιν
1331 3961 1523 4027 ὄντως,
1551 3966 1601 4017 οί
1639 3964 1728 4018 διά
1766 3965 1927 4019 τοῦτο
1955 3985 2043 4021 νο-

453 4044 703 4115 μίζοντες
743 4045 824 4107 είς
862 4043 1013 4096 τόνδε
1060 4043 1342 4115 παρῆχθαι
1376 4046 1469 4101 τὸν
1503 4043 1646 4117 βίον,
1701 4048 1788 4103 ἵνα
1835 4053 2046 4122 τρυφή-

448 4145 664 4192 σαντες,
697 4130 791 4182 καὶ
813 4127 912 4198 τὴν
944 4126 1188 4198 γαστέρα
1217 4129 1632 4202 διαρρήξαντες,
1665 4133 1761 4185 καὶ
1793 4133 1857 4186 τὸ
1883 4133 2045 4205 σῶμα

446 4212 765 4278 πιάναντες,
805 4211 978 4276 οὕτως
1018 4211 1318 4281 ἀπέλθωσι,
1349 4214 1745 4287 δαψιλεστέραν
1780 4216 1861 4288 τῷ
1905 4216 2046 4271 σκώ-

446 4295 578 4363 ληκι
607 4295 1123 4367 παρασκευάζοντες
1154 4293 1436 4367 τράπεζαν
1463 4298 1562 4368 τὴν
1587 4299 1648 4363 ἐξ
1671 4300 1889 4354 οἰκείων
1912 4317 2043 4371 σαρ-

448 4379 585 4432 κῶν.
620 4380 734 4431 Καὶ
762 4378 877 4432 είθε
909 4376 1069 4431 τοῦτο
1110 4379 1272 4449 μόνον
1302 4376 1372 4451 ἦν
1400 4381 1463 4434 τὸ
1499 4381 1690 4445 δεινὸν,
1731 4383 1814 4437 ὅτι
1862 4385 2040 4456 μάτην

450 4462 545 4516 καὶ
590 4462 716 4533 είκῇ
752 4461 848 4515 καὶ
889 4462 971 4525 είς
997 4461 1152 4516 οὐδὲν
1180 4461 1300 4515 δέον
1322 4462 1393 4517 τά
1420 4464 1667 4535 παρόντα
1705 4465 1998 4536 ἀνήλισκον
2028 4484 2039 4496 ·

446 4545 628 4599 καίτοι
662 4546 758 4600 κα)⁸
784 4544 946 4599 τοῦτο
987 4545 1158 4617 χωρὶς
1190 4545 1554 4617 ἐγκλημάτων
1586 4547 1687 4601 οὐκ
1718 4536 1888 4611 ἐστίν,
1923 4550 2043 4605 οὐδὲ

451 4630 809 4701 κατηγορίας.
865 4630 1035 4684 Ὅταν
1077 4630 1185 4701 γάρ
1233 4631 1304 4685 τὰ
1356 4631 1496 4700 πρὸς
1543 4632 1753 4704 τροφὴν
1789 4632 2042 4704 σώματος

451 4714 605 4786 παρά
634 4714 727 4768 τοῦ
760 4715 897 4768 Θεοῦ
937 4715 1161 4771 δοθέντα
1204 4716 1336 4787 ἡμῖν
1361 4716 1642 4786 χρήματα,
1683 4717 1778 4770 καὶ
1807 4718 1889 4782 είς
1929 4720 2046 4772 ἐπιο

450 4797 682 4867 κουρίαν
718 4798 828 4850 τῶν
853 4798 1147 4869 δεομένων,
1182 4801 1265 4864 είς
1293 4797 1591 4853 ἀκολασίαν
1624 4799 1720 4853 καὶ
1761 4798 1920 4872 ὓϐριν
1950 4802 2044 4854 καὶ

451 4880 608 4953 [7741
652 4880 752 4953 τὴν
799 4882 1037 4952 ἐσχάτην
1091 4883 1365 4955 ρᾳθυμίαν
1409 4883 1906 4954 καταναλώσωμεν,
1941 4886 2042 4940 ούκ

449 4964 743 5028 ἀνεύθυνος
771 4967 904 5036 ἡμῖν
935 4965 1090 5020 ἔσται
1116 4968 1150 5038 ἡ
1193 4969 1428 5040 κακίστη
1460 4966 1607 5040 αὕτη
1639 4967 1873 5040 δαπάνη,
1904 4969 2043 5023 ἀλλά

449 5048 671 5114 πάντως
699 5047 949 5121 δώσομεν
987 5049 1166 5118 λόγον,
1211 5052 1308 5106 καὶ
1340 5053 1402 5106 τὸ
1440 5053 1570 5120 περὶ
1599 5051 1710 5106 τῶν
1753 5052 1914 5107 πέντε
1942 5071 2040 5107 τα-

447 5133 679 5235 λάντων,
716 5134 815 5235 καὶ
843 5132 1096 5235 δύο,”καὶ
1140 5133 1272 5235 ἑνὸς,
1302 5136 1613 5235 εἰρημένον,
1656 5137 1751 5235 καὶ
1779 5136 1882 5235 ἐπὶ
1901 5154 2041 5208 χρη-

451 5218 660 5289 μάτων.
692 5218 786 5273 καί⁵
811 5216 920 5271 τῶν
949 5216 1127 5273 ἄλλων
1164 5216 1421 5272 ἀπάντων
1451 5219 1600 5273 ἐστὶν
1627 5221 1822 5274 εἰπεῖν.
1858 5220 2041 5293 Ὅπερ

448 5298 542 5356 οὖν
569 5301 776 5371 ἔλεγον,
807 5303 889 5356 ὅτι
926 5301 1161 5374 μάλιστα
1200 5302 1320 5373 μὲν,
1353 5303 1403 5356 εί
1432 5303 1528 5356 καὶ
1562 5305 1684 5375 εἰκῇ
1729 5304 1824 5356 καὶ
1862 5303 2039 5375 μάτην

450 5387 930 5455 παραγεγόναμεν,
984 5386 1105 5439 ούδέ
1154 5386 1328 5448 οὕτως
1377 5384 1671 5449 ἀνεύθυνος
1714 5389 1848 5456 ἡμῖν
1896 5383 1964 5459 ἦν
2005 5389 2039 5458 η

445 5468 671 5538 τοιαύτη
697 5468 928 5537 πρᾶξις·
964 5470 1060 5523 νῦν
1094 5470 1152 5522 δὲ
1182 5470 1353 5542 χωρὶς
1383 5468 1574 5522 τούτου
1605 5469 1699 5520 καὶ
1728 5469 1890 5541 ἑτέρα
1919 5469 2031 5523 κεί-

448 5565 601 5605 σεται
623 5552 768 5623 δίκη.
798 5552 903 5605 Τὸν
930 5554 1040 5623 γάρ
1072 5557 1250 5626 τρυφῇ
1290 5552 1558 5617 συζῶντα.
1599 5551 1695 5603 καὶ
1728 5552 2040 5621 μελετῶντα

452 5634 642 5703 μέθην,
669 5637 764 5687 καὶ
798 5637 1134 5706 παρασίτους
1162 5637 1429 5706 τρέφοντα
1457 5634 1551 5688 καὶ
1580 5634 1839 5698 κόλακας,
1866 5652 2033 5706 κρεω-

451 5715 624 5782 φαγία
663 5733 723 5768 τε
772 5718 865 5769 καὶ
898 5719 1176 5790 οἱνοποσίᾳ
1207 5716 1711 5789 διαρρηγνύμενον,
1766 5717 2027 5782 πολλάκις

2149 3123 2245 3177 καὶ
2303 3122 2502 3177 ἄκοντα
2550 3122 2645 3176 καὶ
2691 3120 2888 3176 ἐκόντα
2946 3119 3163 3189 ἀνάγκη
3209 3118 3567 3189 ἁμαρτάνειν
3592 3159 3611 3184 ,
3660 3122 3743 3175 καὶ

2147 3207 2302 3276 παρὰ
2324 3205 2413 3259 τὸν
2440 3205 2535 3259 τοῦ
2563 3205 2829 3277 παρόντος
2856 3203 3021 3256 τόπου
3056 3200 3246 3272 καιρὸν
3268 3211 3318 3266 ι,
3344 3203 3445 3255 καὶ
3472 3205 3628 3272 μετά
3655 3208 3743 3274 τὴν

2146 3289 2359 3343 ἐκεῖθεν
2387 3288 2754 3360 ἀναχώρησιν.
2787 3286 3056 3357 Καθάπερ
3082 3285 3191 3355 γάρ
3213 3284 3401 3338 πλοῖον
3428 3289 3632 3357 μεῖζον
3655 3290 3743 3355 τῆς

2146 3373 2353 3436 οἰκείας
2380 3373 2724 3445 συμμετρίας
2766 3371 2829 3424 τὸ
2875 3370 3079 3441 πλῆθος
3103 3369 3211 3422 τῶν
3243 3370 3565 3442 ἀγωγίμων
3600 3374 3745 3439 δεξά-

2149 3474 2330 3527 μενον,
2367 3456 2446 3526 τῷ
2483 3456 2706 3527 μεγέθει
2733 3454 2827 3509 τοῦ
2857 3455 3054 3524 φόρτου
3102 3453 3473 3525 βαρυνόμενον
3509 3457 3747 3529 ὑπώρει-

2146 3556 2263 3609 χιον
2307 3538 2541 3607 γίνεται.
2592 3538 2735 3592 οὕτω
2769 3538 2863 3591 καὶ
2901 3539 2935 3608 ὴ
2983 3538 3154 3610 ψυχὴ,
3192 3537 3293 3592 καὶ
3337 3537 3439 3591 τοῦ
3491 3540 3745 3611 σώματος

2147 3622 2304 3693 ήμῶν
2338 3624 2372 3691 ἡ
2420 3622 2603 3694 φύσις,
2637 3622 2862 3677 πλείονα
2900 3625 3002 3695 τῆς
3032 3623 3239 3687 οίκείας
3265 3622 3570 3694 δυνάμεως
3600 3627 3745 3689 δεξαο

2149 3709 2285 3779 μένη
2334 3708 2407 3762 τὰ
2456 3708 2624 3773 σιτία,
2674 3706 3013 3779 ὑπέραντλος
3046 3708 3290 3776 γίνεται.
3326 3711 3428 3762 καὶ
3472 3709 3546 3762 1:6
3588 3709 3748 3781 βάρος

2145 3792 2207 3844 ού
2237 3792 2506 3860 στέγουσα
2531 3790 2639 3844 τῶν
2667 3790 3090 3862 ἐπισληθέντων,
3122 3792 3204 3854 είς
3229 3791 3293 3844 τὸ
3324 3792 3433 3861 τῆς
3462 3794 3747 3853 ἀπωλείας

2145 3875 2599 3940 καταποντίζεται
2642 3874 2899 3943 πέλαγος,
2944 3873 3038 3928 καὶ
3087 3874 3456 3946 κυϐερνήτην,
3496 3879 3601 3931 καὶ

2144 3976 2245 4022 τας
2268 3960 2363 4012 καὶ
2388 3958 2617 4031 πρωρέα
2644 3959 2740 4012 καὶ
2769 3956 3056 4023 ἐπιϐάτας,
3093 3958 3188 4011 καὶ
3216 3958 3383 4012 αὑτὸν
3411 3959 3513 4012 τὸν
3552 3962 3747 4032 φόρτον

2149 4043 2288 4112 μετὰ
2329 4040 2548 4095 πάντων
2589 4040 3017 4113 προσαπολλύει.
3062 4040 3333 4113 Καθάπερ
3358 4038 3458 4096 οὖν
3504 4045 3611 4098 ἐπὶ
3646 4045 3749 4097 τῶν

2144 4124 2290 4180 οὕτω
2317 4125 2678 4196 διακειμένων
2704 4125 2925 4189 πλοίων,
2957 4125 3018 4177 06
3061 4125 3270 4196 γαλήνη
3301 4125 3623 4197 θαλάσσης,
3658 4130 3749 4181 οὐκ

2146 4211 2424 4281 ἐπιστήμη
2455 4207 2816 4281 κυϐερνήτου,
2852 4209 2913 4261 06
2947 4208 3163 4263 ναυτῶν
3205 4209 3435 4280 πλῆθος,
3484 4213 3556 4265 o6
3587 4230 3749 4266 κατα·

2149 4293 2350 4363 σκευῆς
2395 4292 2772 4365 ἐπιτηδειότης
2793 4333 2807 4354 ,
2854 4293 2953 4363 οὐχ
2981 4292 3102 4362 ὥρα
3133 4292 3285 4357 ἔτους
3316 4292 3620 4367 εὔκαιρος,
3656 4297 3748 4350 οὐκ

2146 4375 2275 4429 ἄλλο
2327 4376 2480 4433 οὐδὲν
2527 4377 2628 4446 τὴν
2673 4376 2817 4431 οὓτω
2865 4376 3273 4447 χειμαζομένην
3307 4377 3537 4451 ὀνίνησι
3583 4382 3743 4435 ναῦν·

2144 4457 2286 4512 οὓτω
2320 4458 2385 4528 δὴ
2429 4459 2523 4513 καὶ
2554 4459 2647 4513 ἐπὶ
2674 4459 2784 4513 τῶν
2810 4459 3144 4531 τρυφώντων
3188 4459 3404 4529 γίνεται
3425 4480 3440 4494 ·
3508 4466 3580 4519 οὐ
3605 4471 3748 4532 λαγι-

2146 4540 2299 4611 σμῶν
2330 4539 2557 4612 πλῆθος,
2585 4542 2646 4601 06
2671 4541 2991 4596 διδασκαλία
3025 4543 3120 4596 καλ⁵
3146 4544 3509 4614 παραίνεσις,
3538 4550 3607 4601 οὗ
3635 4566 3747 4601 νουο

2144 4623 2323 4678 θεσίαι
2349 4625 2441 4679 καὶ
2469 4624 2818 4696 συμϐουλίαι,
2848 4627 2951 4680 οὐκ
2982 4627 3110 4681 ἄλλο
3130 4628 3301 4693 ούδέν,
3333 4630 3396 4682 06
3428 4632 3623 4703 φόρος
3652 4633 3750 4686 τῶν

2147 4707 2474 4778 μελλόντων,
2509 4708 2609 4762 οὐκ
2641 4708 2824 4775 αἰδὼς,
2855 4711 2917 4763 06
2954 4712 3260 4783 κατηγορία
3288 4711 3405 4767 τῶν
3430 4718 3747 4788 παρόντων.

2143 4791 2244 4844 οὐκ
2275 4789 2404 4844 άλλο
2451 4791 2603 4845 οὐδὲν
2634 4792 2897 4846 διασῶσαι
2923 4792 3145 4848 δύναται
3179 4794 3278 4866 τὴν
3303 4795 3455 4850 οὕτω
3484 4803 3751 4871 χειμαζο-

2146 4874 2316 4945 μένην
2344 4873 2552 4945 ψυχήν
2586 4874 2704 4929 ἀλλ’
2722 4877 3012 4947 ἐπικρατεῖ
3038 4877 3255 4932 πάντων
3289 4880 3322 4951 ἡ
3351 4881 3643 4953 ἀμετρία,
3668 4884 3750 4937 m1

2142 4955 2346 5010 ἄκοντα
2370 4957 2465 5010 καὶ
2495 4958 2689 5012 ἐκόντα
2717 4957 2906 5012 λοιπὸν
2932 4960 3261 5032 ὑποϐρύχιον
3292 4962 3387 5017 τὸν
3414 4965 3499 5017 τὰ
3528 4968 3749 5022 τοιαῦτα

2144 5038 2405 5122 νοσοῦντα
2454 5041 2839 5112 καταφέρουσα
2864 5082 2880 5104 ,
2927 5045 3022 5097 καὶ
3070 5044 3333 5114 ναυάγιον
3387 5049 3747 5122 ἐργαζομένη

2142 5120 2400 5207 χαλεπόν,
2430 5123 2551 5177 ὅθεν
2581 5123 2702 5177 ούδέ
2730 5125 3046 5207 ἀνενεγκεῖν
3075 5127 3276 5200 ρᾁιον.
3310 5130 3428 5183 Καὶ
3462 5135 3601 5188 οὐδὲ
3624 5120 3752 5207 πρὸς

2141 5203 2209 5258 τὰ
2237 5204 2501 5276 μέλλοντα
2527 5207 2622 5261 καὶ
2651 5208 2749 5270 τὰς
2774 5202 3006 5272 εὐθύνας
3025 5210 3125 5273 τὰς
3148 5212 3282 5275 ἐκεῖ,
3309 5212 3458 5267 ἀλλὰ
3493 5219 3602 5272 καὶ
3625 5202 3751 5288 πρὶς

2141 5288 2241 5359 τὴν
2264 5287 2547 5360 παροῦσαν
2582 5292 2727 5363 ζωὴν
2755 5294 2784 5345 6
2807 5292 3051 5358 τοιοῦτος
3075 5295 3353 5367 ἄχρηστος
3381 5300 3639 5367 γίνεται,
3667 5304 3752 5355 καὶ

2142 5371 2278 5442 πρὸς
2306 5373 2457 5426 οὐδὲν
2486 5375 2806 5445 ἐπιτήδειος,
2832 5377 2969 5432 άλλά
2994 5381 3271 5451 πανταχοῦ
3300 5387 3749 5453 καταγέλαστος.

2140 5454 2197 5508 ἓν
2231 5474 2289 5509 τε
2332 5457 2659 5525 πολιτικοῖς,
2711 5459 2767 5514 ἐν
2809 5479 2870 5515 τε
2902 5463 3193 5527 ἰδιωτικοῖς
3242 5466 3597 5539 πράγμασι·
3654 5471 3751 5524 κάν

2138 5539 2248 5593 δέοι
2296 5558 2347 5595 τι
2394 5542 2704 5612 πραχθῆναι
2751 5544 2862 5597 τῶν
2904 5546 3368 5615 κατεπειγόντων,
3412 5553 3588 5609 οὐδὲν
3622 5570 3747 5624 προ·

2139 5625 2408 5694 νοητικὸν,
2434 5626 2588 5679 οὐδὲν
2614 5628 2957 5698 οἰκονομικὸν
2986 5629 3126 5701 ἔχων
3153 5633 3566 5708 εὑρεθήσεται,
3591 5642 3748 5693 πᾶσιν

2199 5728 2224 5756 ⁸
2248 5727 2383 5781 C011).
2406 5729 2487 5779 καὶ
2518 5730 2646 5792 παρὰ
2667 5732 2748 5779 τὰν
2768 5730 2854 5782 τοῖ·
2876 5724 3024 5783 πότου
3047 5736 3235 5797 καιρόν.
