3870 6272
164 417 285 472 769

171 533 568 581 nocnmentum
597 528 771 591 affert,
794 528 884 599 qui
913 518 1151 598 frigidam
1181 526 1318 581 hanc
1341 535 1393 581 et
1423 528 1654 580 solutam
1681 525 1780 580 du-

169 622 254 676 cit
284 621 449 676 vitam
471 663 487 685 ,
527 620 738 674 divitias
791 619 952 674 habet
990 633 1089 673 ceu
1116 633 1182 672 ex
1209 617 1442 672 fontibus
1466 617 1780 683 affluentes;

171 714 328 766 alius
374 722 552 766 autem
606 713 942 781 arquitatem’,
993 711 1436 779 temperantiam,
1489 698 1780 779 justitiam,

170 812 522 867 ca-terasque
559 803 740 857 colens
764 803 1022 869 virtutes,
1069 818 1136 857 ne
1163 803 1378 872 quidem
1425 805 1781 862 necessarium

169 898 382 951 victum
404 893 602 950 habet?
618 896 759 964 quod
780 895 864 949 hic
880 895 1049 950 bonus
1071 896 1136 949 sit
1157 907 1212 949 et
1237 895 1552 950 laboriosam
1571 895 1727 950 virtu'
1739 897 1782 951 is

169 989 410 1058 elegerit
439 988 577 1041 viam
607 1029 619 1050 ,
652 987 737 1041 hic
763 998 942 1041 autem
978 986 1287 1055 improbus,
1340 1001 1404 1040 ac
1449 986 1780 1041 diffluentem

164 1079 612 1147 dissolutamque
667 1078 916 1148 nequitiae
959 1079 1098 1131 viain
1145 1078 1622 1148 susceperit?Cur
1651 1093 1779 1147 ergo

165 1169 463 1239 improbus
486 1169 576 1223 ille
598 1169 830 1234 ditescit,
855 1167 941 1223 hic
967 1183 1097 1222 vero
1120 1169 1319 1237 probus
1346 1183 1546 1237 pauper
1568 1169 1688 1223 est?
1713 1169 1782 1224 Ut

163 1269 236 1313 et
263 1260 351 1314 hic
378 1259 636 1329 majorem
664 1259 889 1328 accipiat
907 1273 1162 1313 coronam
1188 1301 1204 1326 ,
1232 1260 1277 1314 si
1309 1260 1406 1313 ista
1433 1261 1699 1329 perferat,
1724 1270 1780 1315 et

164 1356 439 1424 patientia
472 1363 683 1415 utatur;
739 1353 829 1408 ille
867 1367 996 1407 vero
1041 1354 1215 1422 majus
1262 1355 1577 1423 supplicium
1619 1363 1779 1424 atque

164 1460 428 1514 Menam,
457 1445 558 1499 nisi
591 1444 752 1497 vitam
777 1444 1097 1510 mutaverit,
1117 1444 1219 1497 nisi
1248 1445 1438 1498 melior
1465 1444 1642 1498 fuerit.
1675 1446 1776 1498 nisi

169 1537 470 1590 Dominum
514 1551 670 1590 suum
711 1535 1003 1605 agnoverit.
1061 1534 1255 1588 Dilatio
1283 1535 1426 1589 enim
1465 1549 1493 1587 a
1526 1536 1635 1588 Deo
1655 1535 1776 1588 data

167 1643 282 1682 eos
303 1630 393 1698 qui
423 1629 474 1681 in
511 1628 742 1697 nequitia
791 1635 1040 1691 manent,
1087 1626 1256 1695 magis
1289 1625 1566 1695 deprimit,
1619 1633 1777 1694 atque

162 1735 359 1775 rerum
403 1720 554 1790 copia
576 1761 589 1782 ,
624 1719 688 1772 iis
714 1719 835 1772 data
861 1759 875 1782 ,
905 1719 993 1787 qui
1027 1717 1112 1770 illa
1147 1726 1202 1769 ut
1233 1731 1326 1785 par
1371 1728 1454 1770 est
1483 1733 1585 1769 non
1616 1727 1774 1770 utun-

160 1820 293 1879 tur,
314 1811 550 1864 accessio
570 1810 739 1878 culpae
769 1808 1018 1862 efficitur.
1052 1807 1140 1862 Sic
1168 1815 1222 1861 et
1247 1822 1499 1861 aerumna:
1525 1815 1579 1861 et
1603 1821 1774 1876 angu-

160 1912 296 1954 stia:
325 1901 610 1970 proborum
643 1910 765 1953 sunt
791 1913 1111 1952 coronarum
1142 1898 1413 1963 accessio,
1445 1897 1652 1951 etiamsi
1684 1897 1773 1950 in-

170 1991 392 2046 terdum
433 1990 700 2045 labantur.
751 1989 1034 2044 Mediocris
1085 1988 1244 2058 igitur
1294 1997 1376 2042 est
1419 1988 1610 2042 venia:
1662 2003 1769 2042 non

158 2083 321 2136 enim
367 2082 682 2150 simpliciter
721 2091 937 2150 peccata
982 2079 1322 2148 judicantur,
1355 2080 1448 2133 sed
1477 2079 1583 2132 alio
1609 2077 1769 2133 modo

156 2175 360 2242 dives,
407 2177 512 2229 alio
558 2190 756 2245 pauper
788 2191 800 2225 :
830 2173 917 2226 hic
945 2188 1066 2227 eum
1092 2176 1276 2238 venia,
1307 2172 1396 2226 ille
1449 2171 1566 2226 sine
1595 2171 1767 2226 venia.

173 2266 426 2334 Exempli
452 2281 633 2330 causa,
654 2267 720 2318 sit
749 2263 832 2318 fur
857 2272 912 2319 et
937 2264 1246 2318 ambitiosus
1265 2305 1278 2327 ,
1311 2272 1426 2317 tum
1451 2263 1600 2316 dives
1619 2303 1634 2327 ,
1660 2273 1767 2316 tum

157 2371 375 2426 pauper
403 2375 415 2409 :
452 2356 539 2410 hic
560 2358 801 2425 quamvis
830 2354 1076 2426 frigidum
1103 2396 1117 2421 ,
1149 2355 1308 2408 habet
1336 2363 1513 2407 tamen
1551 2353 1767 2422 aliquod

159 2447 470 2516 perfugium
499 2447 827 2516 paupertatis
846 2449 1254 2509 necessitatem;
1287 2445 1377 2499 ille
1405 2459 1534 2499 vero
1563 2445 1765 2498 nullum

161 2539 335 2592 habet
357 2538 630 2608 probabile
656 2537 952 2608 perfugium
976 2556 989 2592 :
1021 2539 1198 2606 itaque
1219 2546 1418 2606 quanto
1440 2536 1661 2591 inferior
1682 2545 1767 2591 est

155 2643 374 2697 panper
400 2630 450 2682 in
483 2630 732 2698 praesenti
755 2631 860 2682 vita
881 2669 896 2692 ,
932 2638 1078 2682 tanto
1104 2629 1350 2696 superior
1375 2637 1459 2681 est
1485 2629 1536 2680 in
1585 2625 1760 2680 futura

154 2720 343 2790 quoad
395 2721 534 2775 bona
579 2735 738 2790 opera
765 2762 780 2785 ,
824 2720 974 2774 dives
1003 2733 1131 2773 vero
1156 2726 1412 2787 quantum
1442 2717 1509 2771 ad
1539 2716 1755 2771 delicta.

1295 408 1382 463 DE
1424 408 1602 463 ΡΑΤο
1635 409 1719 464 ET
1759 409 2237 468 PIlOVIDENTIA.
2282 412 2370 468 Vl.

3377 413 3480 469 770

1894 527 1969 582 Ne
1997 527 2171 597 itaque
2202 537 2356 597 putes
2383 526 2464 579 vel
2491 525 2734 593 injuriatn
2759 525 2864 595 pati
2888 540 3174 596 pauperem
3195 567 3212 592 ,
3237 527 3314 582 vel
3342 542 3477 599 prze~

1895 629 2039 674 stare
2065 619 2308 673 divitem.
2337 617 2800 686 Quemadmodum
2850 619 2901 672 in
2958 620 3111 678 malis
3129 659 3146 684 ,
3173 621 3262 691 qui
3294 636 3478 690 pinnas

1893 712 1980 766 hic
2001 712 2338 781 persolvunt,
2358 712 2444 765 vel
2468 720 2634 764 totum
2661 711 2945 766 abluerunt
2963 753 2979 779 ,
3001 712 3083 766 vel
3111 713 3346 768 minores
3372 715 3480 771 illic

1893 818 2077 873 pinnas
2105 804 2326 870 dabunt,
2357 814 2538 874 utpote
2562 805 2652 874 qui
2676 803 2764 856 hic
2788 815 3008 873 magnas
3033 804 3365 860 calamitates
3384 823 3478 860 su-

1890 895 2211 948 stinuerint:
2239 894 2318 963 sic
2341 903 2398 950 et
2439 895 2492 948 in
2521 895 2672 948 bonis
2691 936 2704 959 ,
2733 894 2822 964 qui
2855 894 2940 950 hic
2969 894 3260 950 honoribus
3287 895 3477 951 fruun-

1889 995 1992 1051 tur,
2022 996 2077 1041 et
2104 987 2154 1040 in
2181 988 2412 1055 nequitia
2442 997 2803 1056 perseverant,
2822 985 3079 1042 honorem
3096 1002 3194 1041 ceu
3226 986 3477 1043 viaticum

1886 1077 2084 1132 habent
2108 1078 2175 1132 ad
2203 1079 2544 1148 supplicium.
2571 1077 2702 1131 Vide
2729 1078 2886 1146 igitur
2907 1077 3175 1145 quomodo
3204 1078 3343 1133 Deus
3366 1095 3476 1132 ma—
3516 1065 3521 1070 ’
3559 1134 3566 1142 ,

1885 1169 1951 1224 lis
1980 1170 2112 1225 istos
2135 1170 2368 1225 honores
2392 1169 2681 1239 eXprobret
2713 1186 2726 1222 :
2751 1167 2907 1222 Dedit
2936 1169 3044 1234 tibi,
3068 1169 3259 1238 inquit,
3279 1170 3473 1237 omnia,
3547 1159 3555 1172 ’

1884 1277 1996 1330 qua:
2025 1261 2230 1315 Domini
2272 1263 2346 1315 tui
2378 1261 2454 1332 (2.
2486 1260 2616 1330 Reg.
2649 1261 2734 1316 12.
2755 1261 2845 1328 8):
2873 1269 2927 1315 et
2952 1275 3159 1325 rursus,
3183 1262 3474 1316 sacerdoti-

1884 1353 1983 1406 bus
2009 1363 2250 1421 tempore
2299 1352 2414 1408 Heli
2445 1352 2701 1407 honorem
2730 1354 2810 1422 (l.
2837 1351 2963 1421 Reg.
2987 1352 3040 1405 2.
3074 1351 3169 1420 28)
3199 1368 3212 1404 :
3237 1361 3292 1406 et
3310 1353 3472 1408 alibi:

1883 1443 2017 1498 Dedi
2041 1447 2178 1499 vobis
2206 1462 2269 1499 ea:
2296 1445 2681 1498 adolescentulis
2705 1445 2883 1497 uestris
2905 1444 2958 1496 in
2995 1443 3269 1514 prepltetus
3294 1483 3310 1522 ρ
3332 1454 3381 1498 et
3408 1461 3473 1499 ea:

1882 1536 2005 1605 ﬁliis
2044 1537 2220 1590 vestris
2260 1537 2313 1590 in
2362 1535 2814 1604 sanctiﬁcationem
2843 1533 3018 1605 (Amos
3067 1535 3238 1602 2.11)
3269 1553 3282 1590 :
3313 1543 3367 1588 et
3407 1549 3472 1591 ea

1880 1645 1999 1698 qua:
2031 1629 2080 1682 in
2120 1628 2405 1683 solitudine
2436 1627 2570 1682 facta
2597 1635 2740 1692 sunt,
2772 1626 2965 1696 ubique
2991 1629 3256 1697 proponit.
3291 1628 3472 1698 Itaque

1880 1720 2092 1788 quando
2123 1720 2320 1774 videris
2339 1719 2559 1773 divitem
2592 1717 2907 1787 injuriosum
2931 1759 2945 1781 ,
2977 1718 3318 1772 ambitiosum
3339 1759 3355 1784 ,
3387 1735 3471 1772 ra—

1882 1821 2109 1879 ptorem,
2139 1811 2259 1865 ideo
2283 1811 2431 1864 illum
2462 1809 2692 1862 maxime
2717 1809 2965 1876 deplore,
2999 1809 3118 1878 quia
3150 1808 3302 1863 dives
3347 1824 3467 1864 cum

1878 1902 1965 1965 sit,
1998 1902 2110 1956 ha-e
2135 1901 2293 1955 facit:
2317 1901 2546 1969 majores
2580 1900 2724 1954 enim
2755 1912 2940 1968 poenas
2964 1898 3130 1952 dabit.
3161 1899 3296 1953 Cum
3323 1899 3470 1954 vide-

1880 1992 1952 2045 ris
1995 2005 2288 2061 pauperem
2341 1990 2566 2045 multam
2608 1989 2828 2058 justitiae
2863 2003 3048 2044 curam
3081 1988 3279 2045 habere
3301 2029 3318 2054 ,
3349 1991 3469 2044 ideo

1876 2083 2110 2138 maxime
2148 2083 2298 2136 illum
2347 2081 2645 2146 admirare,
2674 2079 2816 2150 quod
2857 2094 2978 2134 eum
3010 2090 3319 2149 paupertate
3348 2082 3470 2136 talis

1875 2175 1966 2228 sit.
2007 2173 2064 2228 Si
2113 2173 2226 2227 haec
2273 2174 2410 2243 apud
2465 2181 2518 2227 te
2563 2180 2811 2226 accurate
2848 2171 3138 2226 constituta
3179 2186 3463 2240 maneant,

1880 2279 2168 2334 numquam
2211 2263 2282 2318 de
2323 2264 2485 2318 rebus
2513 2278 2633 2333 qua:
2660 2270 2919 2332 geruntur
2947 2263 3248 2318 turbaberis
3270 2305 3284 2327 ,
3325 2265 3370 2318 si
3411 2266 3462 2320 in

1876 2354 2049 2408 futura
2081 2354 2333 2422 reapicias
2392 2353 2436 2408 si
2464 2352 2728 2422 presentia
2760 2353 2891 2406 nihil
2929 2366 3049 2408 esse
3087 2357 3352 2422 putaveris
3372 2395 3386 2418 ,
3418 2357 3462 2408 si

1873 2445 1961 2499 illa
1984 2460 2196 2513 semper
2221 2444 2518 2512 speraveris
2538 2483 2553 2506 ,
2581 2445 2626 2498 si
2653 2445 2720 2497 ab
2753 2445 2836 2499 his
2865 2455 2916 2500 te
2961 2461 3175 2513 semper
3215 2460 3466 2514 segrega-

1873 2535 2033 2588 veris.
2066 2534 2279 2588 Utinam
2325 2547 2426 2588 nos
2452 2533 2590 2588 bona
2617 2534 2798 2588 omnia
2841 2549 3257 2605 consequamur,
3295 2541 3465 2606 gratia

1871 2625 2088 2682 Christi.
2113 2629 2306 2682 Amen.

999 2841 3441 2866 ww

1536 2932 1694 3014 DE
1741 2933 2074 3032 FATO,
2169 2933 2180 2946 ’

1389 3108 1529 3152 θινιζ
1572 3109 1822 3152 CONTRA
1865 3109 2240 3152 INGLUVIEM.

1658 3246 1962 3308 Wi-

801 3395 994 3437 ORATIO
1029 3393 1104 3434 Vl.

229 3457 473 3544 Crepuch
499 3472 1118 3528 malum.—Comedamus
1139 3481 1184 3524 et
1201 3469 1426 3524 bibamus
1447 3485 1466 3523 .'
1492 3483 1604 3523 cras
1622 3469 1756 3523 enim

155 3572 441 3623 moriemur
466 3565 746 3638 (1805.22.
781 3565 902 3637 l3),
935 3565 1311 3634 pr0phetarum
1337 3572 1576 3630 tempore
1605 3560 1756 3614 multi

154 3661 303 3730 apud
327 3660 542 3715 Judmos
569 3660 831 3712 dicebant.
859 3656 963 3711 Sed
1001 3655 1214 3709 Judzeos
1245 3652 1347 3707 huc
1372 3653 1570 3717 dicere,
1615 3651 1756 3717 Quo-

154 3770 276 3806 rum
297 3752 419 3805 deus
447 3761 612 3804 venter
637 3759 728 3812 est,
763 3759 812 3802 e:
833 3747 997 3817 gloria
1027 3748 1078 3799 in
1099 3745 1394 3812 confusione
1413 3759 1584 3796 eorum
1608 3740 1756 3812 (Phi-

155 3843 294 3913 lipp.
325 3843 378 3898 5.
409 3842 474 3896 l9
504 3842 546 3912 ).
581 3840 714 3893 nihil
737 3842 927 3892 mirum
959 3855 975 3892 :
1005 3837 1144 3906 quod
1169 3847 1346 3890 autem
1371 3849 1490 3905 post
1510 3834 1754 3904 gratiam,

157 3945 288 4005 post
310 3934 650 4002 prmsentium
693 3947 870 3985 rerum
900 3930 1232 3998 despectum,
1257 3937 1374 3996 post
1404 3935 1601 3980 tantam
1635 3939 1758 3993 per-

157 4025 449 4080 fectionem
491 4025 929 4093 diligentiamque
978 4031 1301 4090 susceptain,
1332 4019 1546 4089 quidam
1586 4017 1761 4071 adhuc

155 4118 291 4180 sint,
316 4120 402 4186 qui
431 4118 530 4170 etsi
557 4117 670 4169 lure
697 4115 856 4168 verba
885 4114 1099 4183 quidem
1148 4127 1253 4166 non
1283 4114 1572 4180 proferant,
1619 4111 1758 4162 idetn

157 4209 338 4277 ipsum
374 4208 624 4276 Operibus
681 4209 931 4274 clament,
980 4217 1173 4274 quanta
1217 4204 1343 4259 illud
1384 4203 1756 4258 criminatione

153 4303 381 4371 dignum
419 4301 541 4355 est?
589 4303 724 4356 Sunt
769 4301 931 4364 enim,
960 4307 1084 4353 sunt
1113 4313 1316 4361 revera,
1358 4298 1445 4366 qui
1491 4311 1550 4350 se
1578 4303 1762 4364 putent

158 4394 288 4448 ideo
332 4394 382 4447 in
425 4393 564 4447 hanc
609 4393 854 4446 inductos
891 4392 1074 4453 vitam,
1105 4389 1399 4453 ut.dcliciis
1435 4387 1755 4452 difﬂuentes,

158 4497 404 4540 ventrem
446 4486 837 4554 disrumpentes
886 4497 1186 4552 corpusque
1230 4481 1651 4549 impinguantes,
1683 4477 1761 4532 sic

158 4580 390 4639 abeant,
423 4577 592 4632 lautas
647 4576 914 4631 vermibus
956 4574 1288 4645 propriarum
1316 4572 1552 4628 carnium
1577 4570 1760 4639 epulas

158 4678 435 4739 parantes.
467 4673 644 4738 Atque
689 4669 888 4721 utinam
935 4666 984 4720 id
1039 4679 1199 4720 unum
1249 4673 1390 4719 esset
1426 4664 1572 4727 mali,
1617 4662 1759 4733 quod

157 4761 361 4814 frustra
389 4769 445 4813 et
493 4761 762 4812 incassum
804 4757 1086 4827 praesentia
1139 4756 1475 4810 insumerent
1506 4772 1519 4807 :
1547 4755 1760 4809 tametsi

153 4860 215 4907 et
268 4849 370 4906 hoc
399 4865 608 4920 quoque
655 4864 761 4903 non
815 4847 1230 4918 reprehensione
1279 4857 1333 4900 et
1380 4846 1536 4916 culpa
1581 4855 1754 4900 vacet.

157 4942 392 5010 Quando
439 4945 581 4997 enim
614 4939 867 5010 pecunias
892 4956 920 4992 a
953 4939 1062 4994 Deo
1092 4939 1244 4992 nobis
1272 4939 1338 4991 ad
1377 4940 1617 5008 corporis
1659 4940 1757 4992 ali-

161 5044 428 5098 mentum,
456 5042 511 5087 et
536 5033 603 5086 ad
627 5046 914 5102 egenorum
961 5030 1253 5084 subsidium
1302 5029 1471 5093 datas,
1502 5031 1552 5082 in
1602 5030 1758 5083 luxn-

157 5129 321 5190 riam,
395 5121 772 5180 coxitumeliam
828 5132 882 5176 et
916 5132 1208 5177 extremam
1271 5123 1567 5176 socordiam
1609 5126 1755 5177 insu-

157 5219 385 5280 inimus,
418 5215 721 5284 hujusmodi
749 5216 1068 5285 nequissima
1103 5216 1338 5279 impensa
1381 5229 1483 5266 non
1507 5231 1534 5268 a
1559 5217 1758 5286 suppli-

154 5311 245 5366 cio
270 5310 524 5363 immunis
573 5309 694 5372 erit,
736 5307 829 5362 sed
864 5306 1083 5360 omnino
1124 5305 1384 5359 rationem
1427 5305 1757 5364 reddemus:

159 5402 418 5473 quodque
452 5401 520 5455 de
548 5400 783 5469 quinque
803 5397 1032 5463 talentis,
1059 5397 1126 5450 de
1145 5397 1350 5451 duobus
1380 5406 1430 5450 et
1457 5397 1524 5450 de
1548 5414 1652 5451 uno
1671 5399 1756 5451 di-

154 5508 305 5551 ctum
335 5503 418 5548 cst
448 5493 658 5566 (Matth.
683 5493 770 5548 25.
808 5493 918 5562 15),
939 5491 1006 5545 de
1038 5491 1236 5544 divitiis
1255 5491 1426 5560 deque
1446 5493 1565 5544 aliis
1585 5494 1756 5546 omni-

155 5591 259 5645 bus
281 5598 364 5643 est
393 5587 697 5641 dicendum.
723 5586 789 5640 Ut
818 5585 994 5655 itaque
1020 5583 1282 5648 dicebam,
1301 5587 1346 5637 si
1373 5595 1572 5638 temere
1593 5593 1644 5640 et
1677 5587 1757 5638 iu-

160 5696 374 5737 cassum
407 5678 721 5742 vixerimus,
768 5691 872 5731 non
900 5693 928 5730 a
955 5674 1158 5729 ratione
1197 5673 1464 5729 reddenda
1506 5677 1754 5730 immunis

164 5779 274 5831 erit
313 5771 433 5826 talis
459 5769 645 5842 agendi
674 5770 810 5823 ratio
843 5785 854 5819 :
885 5781 1024 5820 nunc
1053 5769 1211 5820 etiam
1258 5776 1448 5836 praeter
1485 5768 1610 5822 illud
1652 5770 1752 5822 alia

159 5879 380 5938 quoque
405 5865 534 5920 ultio
563 5863 752 5917 aderit.
787 5861 914 5915 Nam
943 5862 1031 5931 qui
1056 5863 1105 5914 in
1127 5862 1328 5915 deliciis
1356 5854 1478 5915 vivit
1503 5872 1552 5916 et
1581 5861 1752 5916 ebrie-

1871 3376 1964 3430 tati
1993 3375 2248 3446 indulget,
2276 3377 2363 3445 qui
2397 3380 2653 3446 parasitos
2680 3387 2734 3433 et
2761 3378 3068 3435 adulatores
3087 3381 3201 3449 alit,
3230 3384 3317 3454 qui
3339 3384 3461 3439 cibo

1861 3475 2090 3538 poluque
2111 3468 2476 3537 disrumpitur,
2495 3475 2656 3538 stupe,
2675 3469 2964 3535 velituelit,
2984 3485 3203 3540 peccare
3239 3487 3459 3530 necesse

1860 3568 1962 3624 est,
1991 3569 2044 3614 et
2072 3576 2176 3630 quo
2220 3569 2463 3631 tempore
2511 3562 2563 3614 in
2612 3562 2856 3631 praesenti
2909 3561 3025 3617 loco
3064 3567 3374 3630 versatur‘,
3405 3578 3459 3620 et

1861 3651 2074 3718 quando
2095 3651 2160 3704 ad
2192 3652 2351 3705 alium
2375 3653 2790 3722 transmigravit.
2816 3653 3276 3719 Quemadmodum
3306 3659 3452 3711 enim

1862 3743 2029 3806 navis,
2072 3759 2194 3797 cum
2246 3744 2526 3814 majorem,
2575 3761 2734 3815 quam
2774 3748 2911 3801 ferre
2961 3747 3145 3816 possit,
3199 3751 3454 3804 mercium

1860 3836 2066 3904 copiam
2096 3833 2318 3904 accepit,
2346 3837 2414 3890 ob
2435 3838 2611 3892 oneris
2635 3839 2949 3908 gravitatem
2971 3838 3298 3910 demergitur
3333 3860 3347 3896 :
3376 3843 3454 3896 sic

1860 3938 1914 3982 et
1943 3929 2140 3992 anima,
2175 3939 2227 3982 ct
2252 3931 2493 3998 corporis
2524 3931 2690 3984 nostri
2719 3940 2926 3994 natura,
2960 3933 3112 4000 plura
3133 3948 3292 4002 quam
3312 3932 3455 3990 ferre

1863 4019 2029 4087 possit
2053 4019 2302 4072 alimenta
2331 4020 2614 4089 recipiens,
2659 4020 2993 4090 deprimitur,
3025 4033 3080 4078 et
3127 4038 3264 4078 onus
3319 4025 3453 4094 inje-

1862 4123 2004 4162 caum
2037 4125 2143 4163 non
2170 4109 2367 4176 ferens,
2398 4111 2450 4164 in
2481 4111 2733 4181 perniciei
2764 4112 2981 4182 pelagus
3011 4114 3359 4185 demergitur,
3398 4127 3455 4172 et

1861 4201 2269 4272 gubernatorem
2290 4211 2343 4255 ct
2358 4211 2545 4256 nautas
2573 4211 2628 4256 et
2641 4217 2815 4273 prora:
2837 4203 3116 4259 ductorem
3132 4215 3184 4259 et
3212 4217 3453 4262 vectores

1863 4292 2138 4362 ipsamque
2164 4293 2425 4347 sarcinam
2454 4293 2612 4347 simul
2640 4294 2830 4364 perdit.
2859 4295 3318 4361 Quemadmodum
3357 4297 3456 4367 igi—

1869 4392 1956 4437 tur
1981 4384 2032 4437 in
2089 4383 2643 4454 hujusmodinavibns
2700 4400 2808 4439 non
2867 4387 3220 4455 tranquillitas
3266 4374 3451 4456 maris,

1865 4493 1970 4531 non
1997 4478 2213 4533 scientia
2250 4477 2645 4547 gubernatoris,
2680 4493 2784 4533 non
2831 4489 3109 4533 nautarum
3149 4481 3450 4544 multitudo,

1865 4584 1969 4622 non
1991 4579 2272 4638 apparatus
2298 4569 2668 4636 commoditas,
2695 4585 2804 4624 non
2832 4572 2955 4625 anni
2985 4581 3300 4640 tempestas,
3345 4586 3453 4626 non

1862 4662 2004 4716 aliud
2043 4661 2335 4732 quidpiam,
2369 4663 2447 4718 sic
2471 4663 2721 4732 agitatam
2761 4662 2910 4731 juvat
2950 4664 3126 4717 navim
3159 4680 3174 4720 :
3207 4665 3284 4719 sic
3323 4680 3455 4718 con-

1864 4757 2019 4826 tingit
2040 4757 2317 4812 indelicate
2343 4759 2642 4812 viventibus
2674 4774 2688 4810 :
2715 4773 2820 4811 non
2850 4759 3248 4812 ratiociniornm
3278 4761 3453 4830 copia,

1864 4866 1968 4904 non
2000 4851 2241 4904 doctrina
2270 4859 2324 4904 et
2354 4850 2678 4912 adhortatio,
2704 4864 2807 4903 non
2831 4850 3223 4907 admonitiones
3251 4863 3304 4907 et
3323 4869 3456 4908 con-

1863 4943 2002 5008 silia,
2037 4960 2141 4997 non
2166 4942 2307 4996 aliud
2337 4941 2630 5011 quidpiam,
2655 4956 2760 4994 non
2789 4943 2950 4996 timor
2979 4943 3296 5007 futurorum,
3347 4959 3452 4998 non

1863 5037 2052 5103 pudor,
2084 5050 2186 5087 non
2237 5035 2577 5102 prmsentium
2628 5033 2917 5096 accusatio,
2952 5051 3053 5087 non
3078 5036 3218 5088 aliud
3249 5036 3456 5102 quidvis

1863 5138 2033 5195 potest
2061 5126 2136 5179 sic
2166 5127 2410 5194 agitatam
2450 5126 2681 5179 animam
2722 5141 2974 5188 servare;
3007 5127 3098 5180 sed
3128 5127 3456 5180 immodera-

1862 5221 1934 5273 tio
1959 5219 2135 5272 omnia
2187 5225 2423 5286 superat,
2469 5236 2588 5288 qurc
2628 5219 2727 5272 hac
2768 5218 3079 5287 {egritudine
3124 5216 3452 5272 laborantem

1862 5308 1986 5366 velit
2018 5309 2149 5363 nolit
2178 5309 2428 5378 deprimit
2451 5325 2514 5364 ac
2553 5309 2830 5375 demergit,
2880 5306 3320 5379 naufragiumque
3354 5323 3452 5372 pa-

1861 5411 1962 5463 rat,
2009 5399 2152 5454 unde
2199 5415 2317 5454 sese
2347 5400 2604 5454 reducere
2640 5398 2859 5452 difficile
2889 5407 2987 5452 est.
3045 5398 3225 5466 Neque
3257 5397 3321 5450 ad
3364 5413 3450 5451 res

1861 5493 2061 5547 futuras
2088 5503 2141 5546 et
2166 5493 2230 5545 ad
2263 5493 2497 5547 rationes
2523 5492 2592 5546 ibi
2614 5489 2910 5544 reddendas
2936 5499 3156 5549 tantum,
3176 5489 3270 5544 sed
3292 5474 3472 5542 etiam

1861 5587 1925 5640 ad
1966 5595 2282 5656 praesentem
2313 5587 2477 5639 vitam
2507 5583 2812 5655 hujnsmodi
2839 5584 3000 5640 homo
3028 5583 3233 5637 inutilis
3275 5583 3451 5636 reddi-

1859 5688 1962 5745 tur,
1998 5693 2095 5732 nec
2140 5678 2202 5731 ad
2237 5677 2505 5747 quidpiam
2540 5679 2760 5732 idoneus
2798 5688 2902 5742 est,
2946 5675 3040 5729 sed
3085 5676 3278 5746 ubique
3311 5673 3453 5728 dori-

1859 5769 2063 5824 dendus
2091 5779 2197 5825 tum
2235 5771 2286 5823 in
2340 5770 2609 5834 civilibus,
2663 5781 2772 5823 tum
2825 5770 2876 5824 in
2924 5769 3151 5839 propriis
3201 5768 3443 5838 negotiis.

1922 5884 1936 5913 ι
1972 5881 2124 5941 (ῖοιὶκ,
2143 5889 2187 5932 et
2208 5894 2296 5944 per
2321 5881 2570 5943 potationis
2593 5887 2797 5942 tempus.
