3870 6272
426 370 519 424 ττι

426 490 537 545 Etsi
563 486 757 557 aliquid
781 484 920 556 quod
948 494 1126 552 urgeat
1147 484 1216 535 sit
1246 481 1529 550 agendum,
1552 496 1654 533 non
1678 476 2005 547 providendi,

426 598 534 637 non
557 576 954 635 administrandi
982 575 1281 629 facultatem
1307 574 1502 628 habere
1532 569 1964 642 deprehendetur
1993 586 2006 622 :

427 672 660 727 inimicis
702 669 945 725 Omnibus
986 674 1141 737 captu
1187 663 1380 727 facilis,
1434 663 1620 716 amicis
1662 661 1910 715 omnibus
1959 668 2014 713 et

430 759 738 832 jropinquis
790 758 1009 812 inutilis.
1061 755 1244 825 Neque
1308 755 1477 808 solum
1551 753 1605 806 in
1652 750 1905 821 periculis
1961 760 2013 802 et

429 851 815 907 calamitatibus
881 847 1036 903 facile
1090 846 1342 901 damnum
1405 844 1662 917 accipiet,
1728 855 1898 910 neque
1960 840 2013 893 in

431 944 592 998 rebus
644 942 846 1012 pacatis
914 947 968 995 et
1031 936 1326 1005 tranquillis
1400 943 1605 988 tantum
1666 930 2016 1001 intolerabilis

431 1039 534 1091 crit
563 1054 576 1101 ;
609 1035 701 1090 sed
748 1037 988 1090 etiamm
1032 1046 1192 1085 renus
1244 1029 1470 1098 asperis,
1522 1025 1593 1081 ob
1632 1022 2017 1080 moderationis

432 1130 705 1198 penuriam
727 1170 741 1195 ,
791 1128 857 1181 ad
884 1125 1088 1195 smgula
1116 1139 1235 1193 qua:
1260 1120 1502 1175 accident
1529 1119 1726 1172 inutilis
1749 1116 1868 1171 erit.
1909 1114 2019 1168 lllic

433 1220 601 1283 cuitu,
630 1218 681 1272 in
712 1216 963 1271 :erumnis
992 1213 1140 1275 dico,
1172 1210 1375 1281 ignavia
1396 1251 1411 1276 ,
1442 1208 1807 1271 imbecillitas,
1847 1213 2020 1258 metus

430 1312 660 1380 ingens,
709 1306 916 1361 consilii
962 1303 1178 1374 penuria
1222 1299 1504 1369 occupabit
1549 1298 1735 1363 illum;
1783 1296 1871 1349 hic
1894 1308 2022 1348 vero

435 1401 656 1456 audacia
676 1439 692 1465 ,
721 1397 963 1453 socordia
984 1438 1000 1463 ,
1027 1395 1242 1451 lascivia
1261 1435 1275 1456 ,
1315 1390 1684 1446 immoderatio
1708 1430 1721 1447 .
1753 1389 2018 1457 superbia,

432 1492 741 1562 arrogantia
770 1489 939 1557 magis
968 1502 1124 1556 quam
1170 1484 1444 1551 superiora
1489 1478 1875 1533 intractabilem
1900 1472 2024 1529 facit

431 1583 714 1637 “omnibus.
761 1579 945 1648 Neque
973 1577 1115 1631 enim
1146 1571 1449 1642 hujusmodi
1492 1569 1763 1623 hominum
1803 1580 2024 1635 corpora

449 1683 652 1725 nultum
682 1669 939 1724 deformia
966 1676 1107 1731 smit,
1138 1664 1336 1729 mollia,
1366 1660 1675 1721 diffluentia,
1704 1667 1840 1712 tetro
1865 1655 2029 1709 odore

445 1764 675 1831 undique
704 1760 859 1830 plena
900 1758 1241 1823 cflicluntur;
1286 1753 1377 1807 sed
1407 1753 1564 1807 etiam
1595 1750 1769 1803 anima
1805 1760 2029 1816 corpore

447 1857 603 1922 longe
628 1852 918 1906 deformior
943 1856 1024 1902 est
1043 1890 1056 1912 ,
1093 1846 1415 1914 majoribus,
1444 1858 1600 1912 quam
1634 1839 1760 1894 illud
1783 1882 1796 1904 ,
1830 1837 2029 1891 morbis

426 1942 750 1997 ~exvdelieiis
790 1938 996 1991 affecta.
1047 1932 1502 2003 Quemadmodum
1531 1931 1671 1984 enim
1701 1944 1898 1998 corpus
1924 1942 2029 1981 non

438 2040 782 2088 excrementa
822 2028 980 2083 modo
1026 2025 1282 2081 naturalia
1322 2022 1548 2087 emittit,
1595 2019 1688 2075 sed
1732 2019 1889 2072 etiam
1931 2017 2029 2069 alia

448 2125 593 2178 onmi
616 2130 855 2192 ex'parte
870 2119 1093 2173 uberius
1119 2113 1387 2185 profundit
1413 2130 1426 2166 :
1454 2111 1648 2166 etenim
1670 2109 1830 2172 oculi,
1854 2122 2029 2171 nares,

436 2229 501 2272 et
523 2231 655 2282 ora,
688 2214 814 2270 dum
843 2211 1097 2267 interiora
1128 2209 1227 2264 hac
1252 2206 1571 2263 abundantia
1602 2212 1906 2274 gravantur,
1938 2202 2031 2253 hu-

430 2323 599 2361 ’Ithl‘t'.
644 2304 917 2360 teterrimo
963 2312 1016 2355 ct
1063 2301 1403 2369 corruptione
1450 2297 1777 2365 implentur,
1821 2302 1875 2347 et
1921 2293 2032 2360 ipsa

451 2399 630 2452 carnis
658 2405 844 2450 natura
876 2393 1088 2448 mollior
1116 2392 1301 2445 effecta
1327 2406 1482 2459 quam
1512 2403 1610 2459 pro
1641 2385 1863 2440 naturali
1894 2395 2032 2437 tem-

444 2498 790 2558 peramento,
822 2486 987 2556 quasi
1035 2498 1197 2537 θαλιιο
1242 2494 1293 2535 ct
1340 2482 1541 2549 impttra
1592 2479 1770 2532 illuvie
1817 2476 2030 2538 referta,

449 2578 629 2649 putida
657 2576 816 2631 simul
856 2584 910 2629 et
950 2576 1090 2628 iners
1117 2571 1375 2638 efficitur,
1416 2579 1572 2639 atque
1615 2569 1681 2623 ad
1718 2584 1877 2622 omne
1902 2584 2035 2635 opus

454 2670 652 2723 bonum
702 2669 898 2736 inepta.
946 2664 1079 2719 Nam
1118 2674 1173 2717 et
1216 2664 1326 2732 ipsa
1357 2670 1539 2726 terra,
1583 2675 1703 2713 cum
1751 2658 1839 2712 tali
1882 2657 2034 2726 cepia

445 2756 1006 2829 oppressaproprium
1031 2754 1372 2821 lunatumque
1392 2752 1621 2805 calorem
1645 2748 1857 2810 atnittit,
1884 2763 2032 2801 suam

452 2854 578 2906 item
606 2852 711 2904 vim
743 2848 953 2919 perdit,
984 2861 1047 2901 ac
1091 2860 1262 2915 neque
1303 2843 1368 2898 ad
1412 2843 1713 2904 culturam,
1756 2854 1928 2909 neque
1967 2839 2032 2891 ad

453 2942 781 2997 fertilitatem
815 2953 963 2993 suam
991 2945 1075 2992 est
1105 2936 1315 2991 idonea.
1345 2934 1478 2987 lline
1503 2944 1680 2986 autem
1712 2931 1958 3000 gravibus
1983 2939 2035 2982 et

449 3030 835 3086 insanabilibus
864 3028 1065 3083 morbis
1102 3026 1465 3094 corripiuntur
1493 3024 1565 3089 ii,
1610 3024 1698 3092 qui
1740 3022 1793 3076 in
1832 3020 2034 3075 deliciis

446 3133 708 3193 perpetuo
736 3120 920 3173 vivunt
946 3135 959 3171 :
991 3116 1330 3179 tremoribus,
1360 3114 1640 3180 solutione,
1673 3114 1818 3179 tabe,
1848 3113 2036 3182 capitis

450 3228 689 3278 mucore,
720 3211 915 3283 pedum
946 3224 1303 3279 manuumque
1331 3207 1623 3271 doloribus,
1655 3205 1879 3273 aliisque
1904 3204 2034 3257 mul-

437 3306 548 3368 tis,
595 3318 729 3373 quos
771 3300 963 3356 medici
1012 3308 1348 3364 memorant,
1392 3297 1609 3351 obnoxii
1657 3296 1805 3349 fiunt.
1854 3295 2034 3362 Itaque

436 3394 655 3450 etiamsi
679 3408 787 3453 non
801 3392 1067 3461 gebenua,
1096 3407 1199 3446 non
1228 3404 1404 3458 petua,
1429 3404 1602 3457 neque
1628 3398 1863 3442 extrema
1886 3386 2038 3439 dam-

451 3489 595 3540 natio
624 3502 652 3539 a
686 3486 797 3540 Deo
825 3494 1001 3549 esset,
1044 3498 1216 3552 neque
1243 3483 1309 3537 ab
1339 3481 1642 3536 hominibus
1670 3480 2033 3550 reprehensio,

446 3595 560 3631 non
579 3584 820 3645 sumptus
843 3573 1150 3645 importuni,
1170 3588 1340 3643 neque
1362 3572 1464 3625 alia
1486 3572 1767 3626 innumera
1784 3587 1814 3625 a
1831 3571 2034 3627 deliciis

434 3680 665 3733 exorta,
696 3667 900 3737 hocque
940 3667 1111 3721 solum
1155 3663 1386 3730 adesset,
1431 3678 1608 3717 annon
1648 3662 1776 3718 satis
1803 3674 1943 3717 esset
1967 3664 2033 3717 ad

440 3777 637 3815 omnes
664 3757 1018 3814 avertendos?
1059 3755 1367 3826 llnjusmodi
1397 3770 1625 3825 namque
1661 3770 1860 3810 mensa.-
1886 3771 2032 3810 mor-

447 3853 617 3907 tiferis
649 3851 948 3920 potionibus
974 3849 1141 3903 nihilo
1172 3848 1418 3902 meliores
1443 3858 1602 3913 sunt;
1637 3848 1742 3903 imo
1768 3849 1958 3915 etiam,
1989 3850 2032 3903 si

446 3960 572 3999 vere
618 3942 897 3997 dicendum
950 3941 1056 4007 sit,
1101 3940 1257 4009 longe
1300 3939 1611 3994 deteriores.
1656 3938 1763 3994 llla:
1807 3955 2035 4010 namque

444 4047 742 4094 sementem
770 4034 1053 4090 confestim
1082 4034 1147 4088 de
1174 4032 1350 4088 medio
1381 4034 1600 4100 tollunt,
1630 4044 1684 4089 et
1712 4034 1778 4088 ad
1808 4047 2031 4090 mortem

447 4132 565 4187 sine
592 4130 829 4185 cruciatu
867 4128 1157 4193 deducunt,
1199 4136 1256 4180 ut
1284 4142 1351 4181 ne
1378 4125 1444 4181 de
1476 4126 1582 4181 hac
1607 4127 1822 4197 quidem
1851 4144 1908 4181 re
1933 4128 2031 4181 do-

443 4223 551 4278 leat
602 4224 645 4277 is
690 4222 778 4292 qui
825 4220 1048 4274 moritur
1091 4236 1103 4270 :
1146 4218 1352 4273 delicia:
1394 4233 1518 4272 vero
1560 4219 1720 4272 vitam
1769 4220 2034 4274 sexcentis

449 4314 709 4367 mortibus
735 4311 1034 4381 graviorem
1080 4307 1335 4363 inducunt
1374 4308 1459 4374 iis,
1502 4312 1590 4378 qui
1636 4309 1776 4378 ipsas
1821 4309 2033 4379 plurimi

445 4408 685 4467 faciunt;
716 4404 875 4456 vitam
895 4444 908 4467 ,
938 4402 1170 4469 inquam,
1200 4416 1305 4453 non
1338 4399 1497 4454 modo
1532 4398 1904 4465 miserabilem,
1938 4401 2031 4454 sed

450 4500 611 4552 etiam
641 4508 849 4565 turpem
874 4503 929 4546 et
961 4490 1256 4545 ridiculam.
1290 4490 1392 4543 Alii
1414 4490 1608 4559 quippe
1637 4491 1805 4545 morbi
1830 4492 2033 4560 multos

445 4595 502 4648 in
528 4601 732 4662 partem
762 4586 964 4641 doloris
988 4584 1270 4647 advocant,
1310 4591 1571 4650 quotquot
1607 4591 1783 4636 autem
1807 4599 1869 4637 ex
1895 4584 2030 4638 deli-

443 4685 543 4738 clis
582 4692 635 4735 et
671 4679 927 4734 ebrietate
969 4676 1246 4740 oriuntur,
1275 4681 1619 4742 spectatores,
1651 4689 1718 4726 ne
1744 4674 1955 4743 quidem
1988 4676 2031 4729 si

445 4774 631 4836 velint,
661 4772 842 4825 sinunt
867 4767 1109 4822 misereri
1140 4781 1348 4830 eorum,
1375 4765 1461 4834 qui
1492 4763 1791 4833 hujusmodi
1818 4767 2030 4835 aegritu-

449 4867 573 4918 dine
598 4862 735 4930 capti
767 4871 931 4921 sunt;
978 4857 1071 4911 sed
1113 4855 1418 4925 magnitudo
1460 4855 1584 4908 mali
1627 4855 1693 4908 ad
1736 4855 2033 4910 miscricor-

445 4959 587 5011 diam
621 4952 860 5012 inflectit,
893 4949 1064 5003 m0rbi
1091 4956 1272 5002 autem
1301 4947 1531 5010 occasio,
1565 4948 1606 5001 si
1637 4955 1759 5001 nota
1785 4948 1873 5012 sit,
1903 4949 2034 5002 indi-

444 5046 751 5119 gnationem
781 5049 979 5096 tnovet.
1028 5039 1287 5106 Quoniam
1326 5038 1544 5107 ancipiti
1573 5037 1802 5108 quodam
1841 5039 2032 5095 affectu

446 5152 724 5202 tenemur,
755 5148 855 5189 nec
894 5132 1211 5187 miseramur
1236 5144 1330 5184 eos
1361 5145 1376 5182 :
1421 5128 1473 5184 id
1511 5132 1654 5185 enim
1679 5139 1821 5186 vetat
1861 5134 2033 5188 morbi

445 5244 606 5285 causa
634 5244 648 5293 ;
679 5241 853 5296 neque
882 5222 1159 5277 irascimur
1191 5237 1204 5275 :
1238 5219 1292 5275 id
1321 5220 1463 5275 enim
1492 5236 1598 5275 non
1630 5222 1889 5291 permittit
1917 5240 2032 5277 ma-

446 5319 668 5389 gnitudo
712 5316 877 5380 tuali;
925 5313 1017 5369 scd
1063 5313 1201 5367 inter
1244 5312 1713 5383 reprehensionem
1745 5322 1798 5367 ct
1824 5313 2031 5367 veniam

449 5413 817 5468 consistimus.
868 5408 1049 5477 Neque
1086 5406 1226 5459 enim
1271 5420 1300 5456 a
1343 5413 1529 5459 natura
1556 5406 1859 5461 cruciantur
1900 5406 2035 5461 sicut

447 5508 562 5569 illi,
599 5519 769 5572 neque
810 5502 1082 5555 hominum
1124 5497 1329 5551 insidiis
1370 5506 1720 5566 appetuntur,
1752 5514 1932 5552 verum
1964 5500 2032 5552 illi

449 5599 548 5665 ipsi
579 5608 823 5648 auctores
849 5592 951 5645 sibi
982 5591 1164 5642 harum
1191 5588 1563 5658 argritudinum
1593 5598 1734 5651 sunt,
1768 5598 1821 5643 et
1846 5599 2034 5656 sponte

450 5704 511 5741 se.
552 5689 603 5741 in
650 5686 920 5740 malorum
939 5681 1249 5736 barathrum
1283 5681 1630 5750 praecipitant.
1680 5681 2034 5749 Quemadmo-

457 5781 582 5833 dum
613 5778 769 5845 igitur
797 5790 889 5828 eos
910 5815 924 5839 ,
966 5773 1053 5841 qui
1097 5772 1311 5841 laqueos
1348 5772 1443 5827 sibi
1472 5785 1691 5842 parant,
1725 5786 1779 5829 ct
1820 5790 1912 5829 eos
1940 5777 2026 5844 qui

1160 368 1215 419 S.
1256 363 1529 419 JOANNIS
1566 360 2045 417 (lllllYSOSTOMl
2072 360 2385 416 AllClllEP.
2416 360 2947 417 CONSTAN'I'INOP.

3586 356 3693 410 772

2116 492 2175 531 se
2202 493 2294 546 per
2320 479 2605 547 prmeipitia
2627 479 2934 546 ctmjientnt,
2962 490 3012 531 ct
3038 478 3125 546 qui
3150 491 3245 545 per
3268 478 3477 532 medios
3496 479 3707 549 gladios

2118 570 2217 623 sibi
2248 571 2406 623 vitam
2436 571 2687 638 eripiunt,
2722 572 2800 625 sic
2824 570 2922 624 hos
2948 586 3053 623 non
3086 570 3305 624 multum
3333 572 3663 625 miserantur
3691 591 3705 623 τ

2122 661 2228 715 imo
2249 662 2293 715 si
2316 662 2465 716 venia
2492 660 2664 715 danda
2701 662 2804 725 sit,
2845 662 2951 717 illis
2996 662 3171 731 potius
3208 676 3365 730 quam
3410 661 3529 715 istis
3558 662 3703 715 dabi-

2121 768 2256 817 mus,
2290 755 2498 808 etiamsi
2530 753 2606 807 illi
2636 754 2833 807 nullam
2857 756 3062 809 veniam
3094 767 3417 809 mercantur.
3456 756 3535 808 llli
3563 758 3709 809 enim

2121 846 2203 898 vel
2230 843 2513 899 calumniis
2532 885 2546 908 ,
2578 844 2661 897 vel
2706 845 3044 913 pecuniarum
3073 846 3283 900 inuictis
3303 885 3317 910 ,
3364 854 3457 897 aut
3487 846 3715 913 periculi

2123 934 2463 1004 plagarumve
2494 945 2635 990 metu
2656 976 2671 1002 ,
2700 945 2792 988 aut
2819 935 2919 989 alia
2946 932 3191 1005 quapiam
3221 935 3535 1001 formidine,
3569 947 3630 989 ut
3661 953 3718 989 se

2124 1025 2415 1093 majoribus
2444 1026 2597 1079 tnalis
2626 1026 2894 1093 eximant,
2934 1026 3000 1080 ad
3026 1027 3209 1080 mortis
3241 1027 3491 1079 solatium
3518 1028 3708 1081 conlu-

2124 1120 2308 1188 giunt,
2336 1118 2403 1172 ad
2441 1119 2747 1188 obitumque
2773 1135 2872 1172 ceu
2913 1118 2981 1172 ad
3023 1118 3228 1175 asvlum
3264 1120 3578 1181 decurrunt,
3632 1115 3715 1169 vel

2128 1211 2278 1279 quasi
2321 1210 2387 1264 ad
2435 1210 2771 1279 tranquillum
2814 1218 3023 1279 portum
3067 1213 3344 1279 ingruente
3390 1220 3718 1279 tempestate

2128 1316 2249 1356 sese
2276 1316 2397 1356 cum
2448 1301 2783 1356 festinatione
2827 1302 3089 1372 recipiunt
3124 1321 3137 1357 :
3171 1301 3223 1355 bi
3251 1318 3377 1357 vero
3414 1318 3539 1356 cum
3586 1302 3718 1357 nihil

2131 1392 2233 1446 tale
2256 1393 2590 1462 praetendere
2618 1393 2841 1461 possint,
2870 1393 2992 1447 vita:
3016 1395 3279 1447 sexcentis
3304 1394 3556 1448 violentis
3586 1410 3715 1447 mon

2134 1483 2274 1537 tibus
2298 1485 2528 1554 graviori
2576 1500 2699 1538 sese
2737 1485 3084 1539 tradiderunt.
3127 1486 3243 1540 Jam
3285 1486 3372 1540 hic
3414 1498 3716 1556 opportune

2134 1585 2583 1628 commemoretur
2625 1575 2750 1629 illud
2795 1577 3047 1645 sapientis
3078 1594 3090 1629 :
3130 1576 3253 1641 Quis
3282 1578 3601 1631 miserebitur
3637 1581 3714 1631 in-

2134 1666 2406 1718 cantatoris
2430 1707 2444 1729 ,
2473 1666 2516 1720 si
2545 1683 2576 1718 a
2604 1677 2830 1736 serpente
2856 1668 2873 1698 ¹
2904 1667 3193 1721 mordeatur
3214 1709 3229 1733 ,
3258 1678 3305 1721 et
3333 1670 3564 1722 omnium
3588 1712 3604 1735 ,
3635 1670 3719 1739 qui

2135 1774 2189 1812 se
2214 1758 2333 1826 feris
2371 1758 2634 1812 admovent
2681 1756 2879 1829 (Eccli.
2912 1760 2997 1813 12.
3030 1760 3182 1829 l5)?
3224 1760 3357 1814 Fera
3403 1762 3550 1815 enim
3602 1772 3719 1815 sunt

2138 1849 2342 1903 delicia:
2365 1891 2379 1914 ,
2411 1848 2519 1903 fera
2549 1850 2723 1919 gravis
2753 1859 2807 1903 et
2838 1851 3215 1915 intractabilis;
3262 1867 3437 1921 neque
3479 1853 3719 1921 scorpius

2137 1951 2228 1995 aut
2254 1957 2474 2010 serpens
2497 1942 2788 1997 visceribus
2814 1944 3010 1997 nostris
3036 1945 3244 1996 haerens
3269 1943 3339 1996 ita
3370 1943 3723 2011 undequaque

2138 2031 2398 2098 devastat,
2428 2041 2482 2086 ut
2508 2032 2813 2087 deliciarum
2840 2033 3099 2100 cupiditas
3133 2033 3311 2086 omnia
3342 2034 3538 2086 evertit
3567 2043 3723 2100 atque

2140 2124 2421 2177 consumit.
2452 2124 2600 2178 Fera:
2622 2141 2850 2194 namque
2875 2125 2979 2178 illa:
2998 2126 3208 2193 corpori
3236 2136 3439 2178 tantum
3470 2126 3724 2179 insidian-

2144 2226 2226 2270 tur
2254 2234 2267 2270 :
2302 2217 2415 2269 haec
2443 2226 2622 2271 autem
2651 2216 2737 2269 ubi
2765 2217 2920 2270 sedes
2947 2218 3201 2284 posuerit,
3242 2227 3292 2271 et
3313 2233 3513 2285 corpus
3533 2228 3591 2272 et
3617 2220 3727 2272 aui-

2141 2324 2280 2361 mam
2323 2308 2648 2377 pessutndat.
2694 2307 3048 2374 Quamobrem
3091 2308 3354 2378 fugiamus
3395 2309 3467 2363 ab
3508 2311 3601 2364 illa
3626 2351 3642 2374 ,
3674 2321 3729 2363 nt

2145 2400 2490 2468 prudentibus
2516 2402 2723 2469 loquor.
2768 2400 2825 2455 Si
2850 2400 2974 2471 quid
3002 2401 3090 2455 illa
3130 2401 3322 2455 habeat
3351 2403 3600 2456 utilitatis
3620 2445 3635 2465 ,
3665 2420 3730 2455 ne

2142 2492 2256 2545 Itan:
2291 2492 2428 2547 dicta
2459 2493 2783 2562 perferamus
2806 2536 2820 2560 ,
2869 2512 2934 2547 tte
2973 2494 3439 2564 obtemperentus;
3494 2497 3579 2549 sin
3609 2513 3729 2550 vera

2141 2594 2268 2637 sunt
2315 2598 2433 2652 qua:
2474 2585 2757 2650 dicuntur,
2801 2595 2855 2639 et
2898 2585 3013 2639 lure
3048 2587 3119 2638 sit
3155 2587 3390 2639 otnnitnn
3439 2591 3727 2656 pernicies.

2144 2692 2336 2746 resque
2361 2678 2599 2730 omnium
2644 2677 3013 2731 ridiculissima
3032 2717 3047 2743 ,
3073 2677 3224 2732 vobis
3251 2679 3377 2746 ipsis
3405 2690 3460 2733 et
3488 2684 3733 2747 certioris

2144 2767 2436 2822 valetudini
2466 2770 2763 2837 artiumque
2791 2768 2999 2822 sanitati
3026 2777 3245 2837 pareite.
3282 2772 3399 2822 Non
3425 2779 3552 2823 dico
3583 2784 3639 2823 ut
3666 2772 3730 2822 ad

2144 2860 2312 2914 victus
2355 2860 2692 2929 asperitatem
2725 2870 2776 2915 te
2818 2860 3099 2928 conferas,
3149 2861 3247 2916 nisi
3293 2862 3405 2931 ipse
3453 2861 3728 2916 volueris:

2142 2952 2405 3022 superflua
2460 2969 2796 3017 rcseccmus,
2847 2967 2951 3007 non
3001 2955 3301 3007 necessaria
3353 2953 3730 3021 prmcidamus.

2142 3046 2257 3113 Qua
2281 3046 2429 3100 venia
2454 3045 2599 3115 digni
2629 3047 2847 3109 erimus,
2878 3044 3089 3115 quando
3117 3045 3205 3098 alii
3235 3060 3300 3098 ne
3324 3045 3487 3099 rebus
3512 3045 3729 3114 quidem

2142 3138 2457 3192 necessariis
2482 3136 2744 3202 fruuntur,
2785 3137 2907 3191 licet
2934 3137 2985 3190 in
3012 3152 3195 3189 eorum
3221 3137 3292 3189 sit
3317 3146 3606 3206 poteSIate.
3636 3152 3732 3189 nos

2143 3244 2273 3283 vero
2300 3229 2600 3283 necessaria
2635 3228 2791 3297 longe
2828 3228 3327 3297 prmtergredimur?
3366 3226 3533 3281 Nobis
3561 3227 3732 3281 victus

2144 3320 2402 3374 terminus
2427 3320 2493 3373 sit
2514 3319 2653 3388 quod
2683 3335 2786 3372 non
2814 3319 2990 3383 lzedat,
3014 3319 3152 3387 quod
3175 3318 3370 3372 famem
3392 3319 3511 3372 sine
3530 3319 3733 3372 damno

2145 3411 2450 3482 propulset,
2505 3411 2725 3466 ulterius
2754 3427 2882 3466 vero
2926 3410 3057 3465 nihil
3100 3413 3439 3480 requiramus
3478 3430 3491 3463 :
3539 3412 3653 3466 imo
3688 3412 3730 3463 si

2141 3504 2282 3575 quod
2328 3505 2570 3558 mirabile
2613 3505 2756 3558 dictu
2797 3515 2850 3558 et
2877 3516 3071 3574 praeter
3100 3505 3237 3574 vulgi
3269 3506 3582 3573 Opinionem
3610 3547 3624 3568 ,
3654 3516 3734 3557 est

2144 3607 2321 3651 tamen
2350 3613 2566 3661 verum,
2610 3598 2855 3667 proferre
2895 3598 3047 3652 liceat
3077 3614 3090 3650 :
3120 3598 3164 3651 si
3202 3598 3527 3666 voluptatem
3569 3600 3731 3652 etiam

2140 3706 2462 3761 qua-ramus,
2504 3692 2646 3745 illam
2682 3691 2856 3761 potius
2896 3690 2948 3744 in
2987 3691 3263 3745 moderato
3289 3692 3443 3756 cibo,
3485 3708 3649 3760 quam
3679 3692 3729 3743 in

2142 3783 2346 3839 deliciis
2380 3785 2726 3853 reperiemus.
2758 3784 2895 3839 Audi
2927 3784 3193 3854 quomodo
3223 3784 3337 3838 lucc
3367 3785 3617 3854 voluptas
3645 3785 3730 3838 illa

2143 3879 2313 3948 major
2339 3890 2392 3933 et
2420 3880 2634 3934 uberior
2670 3880 2757 3934 sit.
2802 3881 2893 3934 llla
2930 3890 3075 3935 certe
3114 3881 3299 3949 nequit
3335 3879 3552 3934 demunt
3598 3896 3732 3934 eon-

2141 3970 2353 4034 siatere,
2381 3985 2552 4039 neque
2579 3980 2817 4025 naturam
2846 3970 3085 4024 ciborum
3111 3970 3208 4024 sibi
3233 3970 3479 4024 idoneam
3502 3971 3731 4036 invenit;

2143 4060 2257 4115 lucc
2279 4076 2407 4115 vero
2450 4063 2609 4114 etiam
2635 4078 2701 4115 ex
2738 4062 3020 4116 contrariis
3049 4062 3339 4116 subsistere
3369 4070 3568 4130 potest.
3602 4063 3734 4128 Quis

2144 4154 2244 4205 hoc
2267 4153 2383 4206 ait?
2426 4152 2473 4206 ls
2502 4154 2590 4221 qui
2621 4154 2849 4208 maxime
2875 4152 3112 4207 euntium
3155 4153 3237 4207 his
3273 4152 3569 4207 fruebatur.
3600 4156 3729 4205 Ani-

2142 4260 2252 4307 mae,
2286 4245 2471 4313 inquit,
2495 4244 2757 4314 indigenti,
2785 4261 2895 4313 qua:
2915 4261 3090 4296 arnara
3108 4254 3246 4309 sunt,
3275 4244 3442 4295 dulcia
3465 4242 3696 4295 videntur
3713 4258 3730 4293 :

2139 4336 2307 4388 anima
2333 4336 2515 4388 satiata
2545 4337 2693 4388 etiam
2732 4336 2858 4403 favis
2900 4336 3064 4388 illudit
3093 4336 3108 4403 (
3136 4334 3287 4387 Prov.
3319 4334 3406 4387 27.
3434 4333 3465 4387 7
3492 4336 3529 4401 ).
3571 4333 3730 4386 Vides

2139 4425 2406 4496 quomodo
2452 4426 2595 4480 illam
2645 4426 2859 4494 quidem
2890 4436 2944 4480 et
2986 4444 3050 4480 ex
3095 4426 3274 4495 paucis
3299 4435 3353 4480 et
3379 4442 3445 4478 ex
3476 4427 3730 4479 omnibus

2141 4518 2423 4573 sustentari
2473 4518 2625 4572 facile
2653 4518 2755 4584 sit,
2795 4518 2931 4571 hanc
2955 4534 3080 4572 vero
3108 4518 3366 4572 minime?
3394 4518 3451 4573 Si
3482 4520 3631 4571 enim
3663 4536 3730 4572 ne

2144 4610 2317 4663 favum
2364 4608 2578 4678 quidem
2622 4610 2958 4678 expetimus,
3004 4609 3129 4680 quid
3178 4611 3331 4664 nobis
3381 4619 3559 4678 potest
3611 4626 3733 4665 esse

2141 4701 2334 4770 volupe
2363 4701 2429 4755 de
2458 4701 2694 4755 ca-tero?
2722 4702 2765 4755 si
2793 4701 2934 4771 quod
2963 4702 3198 4755 omnium
3230 4701 3597 4755 dulcissimum
3625 4712 3729 4764 est,

2142 4795 2463 4863 voluptatem
2495 4809 2599 4848 non
2633 4804 2806 4864 potest
2836 4793 3061 4860 afferre,
3100 4794 3225 4864 quid
3268 4793 3466 4865 poterit
3492 4794 3546 4848 in
3578 4796 3729 4848 volu-

2142 4897 2287 4955 ptate
2312 4888 2678 4953 constituere?
2731 4888 2909 4956 Itaque
2953 4888 2996 4941 si
3041 4888 3364 4957 voluptatem
3410 4889 3729 4957 quan-imus,

2142 4980 2228 5033 hic
2255 4980 2420 5048 magis
2446 4980 2588 5034 illam
2621 4981 2971 5034 inveniemus.
2999 4980 3276 5047 Quomodo
3308 4982 3467 5049 igitur
3496 4997 3604 5033 non
3634 4998 3734 5035 ex-

2143 5083 2326 5128 trema:
2350 5073 2630 5128 dementia:
2672 5074 2849 5140 fuerit,
2891 5088 3007 5127 eam
3036 5089 3154 5143 qua:
3192 5073 3520 5141 voluptatem
3573 5074 3734 5126 habet

2141 5174 2196 5219 et
2239 5165 2517 5219 sanitatem
2566 5175 2620 5220 et
2663 5165 2841 5219 omnia
2882 5165 3017 5219 bona
3042 5206 3059 5231 ,
3108 5174 3268 5233 atque
3302 5166 3409 5218 lleo
3451 5178 3731 5234 acceptam

2142 5274 2380 5312 mensam
2411 5256 2628 5328 fugere;
2660 5257 2881 5311 alteram
2912 5272 3042 5311 vero
3073 5272 3279 5326 parare,
3312 5258 3536 5310 infinitis
3568 5258 3736 5310 reter—

2145 5362 2248 5406 tam
2280 5351 2706 5419 calamitatibus,
2751 5350 3044 5415 insuavem,
3091 5351 3401 5413 molestam,
3442 5350 3735 5403 valetudini

2143 5453 2452 5505 nocentem,
2476 5453 2529 5497 et
2548 5485 2562 5509 ,
2587 5443 2727 5512 quod
2751 5443 2988 5497 omnium
3012 5452 3095 5496 est
3120 5443 3491 5512 gravissimum
3514 5483 3529 5504 ,
3565 5442 3734 5493 licunt

2142 5545 2324 5587 contra
2356 5549 2453 5587 nos
2475 5544 2847 5602 provocantem
2869 5535 2891 5587 ?
2915 5534 3045 5587 Nam
3068 5534 3111 5586 si
3141 5532 3303 5586 Vidua
3329 5550 3441 5601 qua:
3463 5534 3513 5584 in
3537 5533 3735 5585 deliciis

2142 5638 2212 5681 cst
2232 5667 2246 5693 ,
2294 5628 2458 5681 vivens
2487 5638 2684 5681 nwrlna
2727 5638 2796 5683 est
2825 5629 2842 5699 (
2868 5629 2913 5683 l.
2940 5628 3071 5683 Tim.
3098 5628 3149 5681 5.
3195 5628 3226 5679 li
3268 5630 3308 5700 ),
3356 5627 3483 5697 quid
3508 5627 3582 5681 de
3607 5628 3736 5681 virsi

2215 5788 2228 5815 ι
2265 5783 2414 5841 (:olb.,
2444 5786 2623 5846 riprra.
