3870 6272
434 328 540 382 ’ἴἹῦ

434 437 561 506 περὶ
589 435 697 490 τῶν
727 434 939 509 ἀνδρῶν
958 453 971 500 ;
989 435 1039 487 εί
1060 436 1119 486 ἐν
1141 438 1205 506 τῇ
1226 436 1438 506 Παλαιᾷ
1461 433 1620 488 τοῦτο
1639 436 2011 507 ἀπηγόρευται

440 520 576 594 μετά
624 519 821 589 πολλῆς
873 518 974 586 τῆς
1020 518 1336 588 ἀκριϐείας,
1389 520 1483 572 καὶ
1528 519 1698 592 πολλῇ
1748 520 2013 590 κέχρηται

433 606 576 659 κατά
598 603 707 656 τῶν
733 599 1061 672 τρυφώντων
1092 603 1377 673 καταφορᾷ
1413 604 1442 655 6
1480 605 1767 674 προφήτης
1786 620 1798 631 ·
1839 603 2012 656 καίτοι

432 706 498 757 γε
534 683 673 748 εἶδος
695 684 906 737 τέθεικε
947 684 1157 754 τρυφῆς
1198 687 1262 737 οὐ
1292 686 1499 757 σφόδρα
1534 685 1863 758 δαπανηρὸν,
1894 685 2013 740 οὐδὲ

432 772 604 834 ὅντως
634 767 832 841 ἀϐρόνο
865 768 929 820 Ol
956 765 1023 819 δὲ
1045 767 1356 833 ἐσθίοντες
1394 771 1594 838 ἐρίφια
1620 770 1689 823 ἐκ
1724 770 2016 838 ποιμνίων

434 854 533 908 καὶ
553 849 855 921 μοσχάρια
890 848 1230 919 γαλαθηνὰ,
1280 854 1335 903 οἱ
1376 852 1657 919 πίνοντες
1683 853 1791 907 τὸν
1821 853 2015 906 διυλι-

434 936 664 1006 σμόνον
707 930 899 993 οἶνον,
929 932 1028 986 καὶ
1065 933 1138 986 τὰ
1182 933 1383 1002 πρῶτα
1404 936 1567 1004 μύρα
1604 936 1924 1006 χριόμενοι,
1962 937 2017 989 οί

433 1017 831 1084 καθεύδοντες
855 1015 955 1069 ἐπὶ
986 1015 1213 1070 κλινῶν
1233 1018 1661 1087 ἐλεφαντίνων,
1701 1020 1799 1073 καὶ
1839 1036 2017 1072 κατα-

434 1100 863 1166 σπαταλῶντες
878 1100 977 1153 ἐπὶ
1005 1099 1136 1166 ταῖς
1156 1101 1493 1170 στρωμναῖς
1515 1102 1716 1157 αὐτῶν
1732 1120 1748 1134 ο
1769 1104 1819 1155 εί
1843 1102 2018 1155 ταῦτα

436 1185 774 1258 κατηγορίας
799 1184 959 1249 ἀξια,
1005 1185 1095 1239 ὅτε
1141 1184 1318 1239 πάντα
1345 1182 1414 1257 ἦν
1449 1185 1598 1258 [777]
1630 1188 1887 1259 σαρκικὰ,
1923 1187 2020 1239 καὶ

435 1270 531 1327 τσῦ
584 1266 816 1341 ούρανοῦ
864 1268 1022 1336 λόγος
1060 1268 1255 1336 οὐδεὶς,
1300 1271 1391 1324 ὅτε
1441 1270 1788 1341 παιδαγωγία
1830 1268 1900 1343 ἦν
1949 1271 2019 1326 τά

449 1351 737 1413 Ίουδαῖκά,
790 1351 845 1403 τί
885 1350 955 1405 ἂν
994 1351 1251 1421 εἴποιμεν
1286 1352 1426 1422 πρὸς
1470 1352 1568 1424 τὴν
1616 1354 1872 1425 βλακείαν
1916 1357 2020 1427 τὴν

436 1435 569 1502 νῦν;
599 1435 660 1488 El
694 1433 805 1504 γάρ
828 1433 1017 1505 ἐρίφια
1066 1436 1162 1489 καὶ
1203 1437 1476 1508 μοσχάρια
1505 1439 1785 1509 γαλαθηνά
1820 1438 2019 1492 ἐσθίειν

437 1520 515 1583 ὡς
551 1519 718 1589 ὑγρόν
747 1534 870 1570 τινα
896 1517 990 1570 καὶ
1026 1519 1283 1589 περιττὸν
1326 1522 1454 1584 τοὺς
1492 1522 1702 1587 ζῶντας
1743 1522 2021 1577 διαϐάλλει

440 1602 577 1673 βίον,
610 1600 665 1654 τί
711 1601 778 1654 ἂν
816 1600 1065 1672 είποιμεν
1095 1603 1224 1673 περὶ
1259 1602 1369 1659 τῶν
1399 1606 1525 1669 τοὺς
1572 1607 1775 1677 μυχοὺς
1800 1609 1901 1675 τῆς
1925 1606 2021 1660 θα-

437 1686 646 1756 λάσσης
673 1683 1093 1754 διερευνὼντων,
1124 1687 1218 1739 καὶ
1245 1686 1345 1750 τὰς
1377 1689 1637 1759 ἐσχατιὰς
1659 1690 1759 1760 τῆς
1779 1691 1904 1761 γῆς,
1926 1691 2023 1745 καὶ

440 1767 818 1829 παντοδαποὺς
853 1766 1082 1838 ὀρνίθων
1134 1770 1228 1824 καὶ
1275 1770 1473 1839 ἰχθύων
1515 1772 1785 1843 θηρευτὰς
1815 1791 2023 1829 παντα-

439 1849 597 1922 χόθεν
630 1847 993 1918 συλλεγόντων
1020 1851 1265 1918 ἐαυτοῖς;
1300 1853 1361 1906 Εἰ
1391 1852 1484 1907 τὸν
1512 1854 1854 1927 διυλισμένον
1880 1851 2021 1911 οἶνον

438 1935 489 1987 οἱ
524 1933 767 1995 πίνοντες
793 1933 852 1984 ἐν
892 1931 1133 2003 μέμψει,
1166 1935 1220 1988 τί
1255 1936 1333 1989 ἂν
1352 1937 1526 2001 εἴποις
1558 1938 1696 2008 πρὸς
1728 1940 1855 2002 τοὺς
1882 1940 2023 1993 ἀπο-

437 2017 639 2089 δημίας
686 2015 1029 2078 διαποντίους
1077 2015 1466 2087 στελλομένους
1518 2020 1658 2091 ὑπὲρ
1708 2020 1852 2074 οίνου
1873 2062 1889 2083 ,
1929 2021 2025 2075 καὶ

439 2102 618 2156 πάντα
646 2099 930 2162 κινοῦντας
950 2139 966 2162 ,
993 2099 1134 2154 ὥστε
1165 2102 1332 2173 μηδὲν
1365 2102 1521 2171 γένος
1548 2104 1818 2161 διαλαθεῖν
1841 2106 2025 2176 ἀμπέ-

438 2186 555 2249 λου,
587 2182 841 2252 καθάπερ
873 2182 1166 2252 μέλλοντας
1194 2184 1427 2249 εὐθύνας
1469 2186 1690 2251 διδόναι,
1722 2188 1755 2259 ἢ
1788 2188 1883 2240 ἐπὶ
1911 2190 2024 2252 τοῖς

441 2268 691 2339 ἐσχάτοις
720 2265 1230 2335 καταγινώσκεσθαι
1251 2310 1265 2331 ,
1297 2271 1347 2322 εί
1379 2270 1455 2342 μὴ
1485 2272 1685 2336 παντὸς
1708 2272 1897 2341 γένους
1924 2275 2027 2344 ἐμ-

442 2349 736 2423 φορηθεϊεν
796 2348 975 2417 οἴνους
1040 2350 1101 2403 El
1176 2350 1465 2419 ἐλέφαντος
1516 2354 1675 2427 κλίνῃ
1728 2354 2028 2427 κεχρῆσθαι

442 2432 778 2504 κατηγορίας
789 2430 956 2497 ἀξιον,
971 2433 1020 2486 οί
1035 2432 1201 2486 πολὺν
1216 2434 1406 2499 αὐταῖς
1426 2437 1840 2507 περιϐάλλοντες
1856 2438 2029 2508 ἀργυ-

446 2533 560 2589 ρον,
607 2516 808 2589 μᾶλλον
852 2516 910 2569 δὲ
947 2514 1009 2581 ἐξ
1052 2517 1293 2589 ἀργύρου
1342 2519 1504 2589 μόνου
1545 2521 1929 2591 χαλκεύοντες,
1967 2521 2026 2573 οὐ

442 2598 630 2662 κλίνας
655 2638 673 2666 ,
713 2598 829 2651 ἀλλ’
866 2599 970 2670 ήδη
1001 2600 1097 2653 καὶ
1143 2600 1461 2665 ὑπόϐαθρα,
1496 2602 1591 2656 καὶ
1628 2603 1863 2674 λέϐητας
1884 2644 1901 2669 ,
1936 2603 2030 2657 καὶ

443 2681 709 2752 κεράμια.
738 2682 832 2736 καὶ
873 2681 1093 2751 ἀμίδας.
1126 2682 1288 2746 ποίας
1327 2683 1393 2738 ἂν
1421 2685 1638 2756 τύχοιεν
1665 2686 2027 2759 συγγνώμης;

444 2767 512 2821 Τί
551 2766 746 2838 μικρὸν
790 2766 824 2837 ἢ
868 2766 1011 2836 μέγα
1042 2768 1218 2821 είπεῖν
1255 2771 1336 2833 εἰς
1383 2770 1483 2834 τὰς
1534 2770 1763 2834 εὐθύνας
1815 2771 2030 2835 ἐκείνας

444 2849 797 2922 δυνήσονται;
833 2848 974 2918 Ἐγὼ
1000 2850 1059 2903 δέ
1109 2850 1320 2915 τούτοις
1368 2855 1703 2926 προστίθημι
1729 2854 1791 2908 τὸ
1813 2855 2030 2909 πάντων

443 2931 849 3004 χαλεπώτατον,
877 2933 959 2989 ὅτι
992 2933 1087 2990 καὶ
1110 2932 1183 3003 ,ἐξ
1206 2934 1501 3007 ἀλλοτρίων
1534 2937 1829 3009 συμφορῶν
1854 2936 2028 2991 ταῦτα

447 3016 807 3071 συνείλεκται.
850 3017 1046 3073 Καίτοι
1074 3034 1140 3086 γε
1168 3018 1198 3071 6
1239 3021 1526 3090 προφήτης
1555 3021 1714 3075 τοῦτο
1748 3021 1811 3074 οὐ
1847 3020 2029 3074 τέθει-

446 3118 561 3161 κεν,
608 3101 746 3155 ἀλλὰ
777 3101 937 3172 μόνον
981 3101 1197 3156 διέϐαλε
1241 3104 1342 3174 τὴν
1367 3106 1599 3176 τρυφήν.
1628 3104 1796 3159 Ὅταν
1833 3105 1893 3157 δὲ
1932 3104 2029 3158 καὶ

444 3184 595 3242 αἰτία
623 3187 799 3257 προσῇ
839 3184 1200 3258 χαλεπωτέρα
1228 3186 1330 3257 τῆς
1369 3188 1602 3259 τρυφῆς,
1632 3188 1716 3253 τίς
1744 3189 2029 3261 ἐξαιρήσε-

443 3285 535 3323 ται
550 3268 675 3332 τοῦς
699 3268 770 3323 τά
790 3268 1016 3324 τοιαῦτα
1032 3268 1321 3333 ποιοῦντας
1342 3271 1440 3342 τῆς
1460 3272 1696 3342 ἐσχάτης
1718 3272 1992 3336 κολάσεως
2010 3288 2025 3339 ;

445 3353 599 3414 ποῖος
631 3349 754 3404 Νῶε
791 3353 1225 3422 παραστήσεται,
1256 3356 1411 3417 ποῖος
1448 3354 1591 3419 Ἰὼϐ,
1624 3358 1776 3419 ποῖος
1794 3355 2026 3425 Δανιήλ;

445 3436 561 3490 Οὐκ
586 3435 733 3488 ἐστιν
761 3435 954 3499 οὐδείς.
988 3437 1125 3489 Ἀλλ’
1162 3437 1255 3489 ἐπὶ
1275 3436 1481 3491 τούτων
1510 3438 1657 3492 ἐστιν
1681 3441 1874 3492 εἰπεῖν’
1909 3441 2032 3494 Ἐκ-

448 3516 814 3583 καυθήσεται
850 3521 883 3572 ὀ
922 3521 1109 3587 θυμός
1149 3536 1270 3590 μου
1311 3521 1453 3574 ὡσεὶ
1498 3523 1748 3588 καπνός.
1796 3523 1870 3576 Ού
1920 3522 2030 3595 γάρ

450 3605 588 3663 ἐστι,
618 3601 921 3672 παρακαλῶ
939 3641 953 3664 ,
986 3602 1160 3673 θυμοῦ
1190 3605 1284 3657 καὶ
1311 3604 1483 3675 ὀργῆς
1509 3604 1677 3669 ὅντως
1709 3605 2030 3679 ἐμπλησθῆ-

449 3699 538 3738 ναι
566 3685 821 3756 ἐσχάτης,
855 3685 951 3739 καὶ
978 3686 1374 3759 διαρραγῆναι.
1396 3688 1525 3742 ὅταν
1552 3688 1738 3760 ἕτερος
1767 3690 1866 3760 μὲν
1893 3690 2028 3762 μηδὲ

448 3767 756 3834 ἀναγκαίας
791 3768 1041 3842 ἀπολαύῃ
1070 3770 1295 3842 τροφῆς,
1328 3772 1391 3825 σὺ
1419 3771 1477 3825 δέ
1508 3773 1760 3826 τοσοῦτον
1782 3773 1905 3842 εικῆ
1936 3775 2031 3827 καὶ⁵

452 3851 631 3921 μάτην
678 3850 950 3924 χαλκεύῃς
982 3851 1222 3923 ἄργυρον
1271 3856 1351 3919 είς
1392 3855 1549 3909 οὐδὲν
1582 3856 1721 3923 δέον,
1755 3856 1872 3910 ἀλλ’
1910 3856 2032 3911 οὐδέ

450 3936 590 4005 πρὸς
617 3935 910 4001 ἐπίδειξιν;
939 3935 1075 3989 οὐδὲ
1104 3934 1214 4008 γὰρ
1249 3937 1386 4008 πρὸς
1413 3939 1546 3992 αὐτὸ
1568 3940 1726 3993 τοῦτο
1758 3941 2032 4011 χρήσιμον

449 4018 601 4071 ἔσται
644 4034 760 4083 σοι,
811 4018 928 4072 ἀλλ’
970 4021 1051 4083 είς
1087 4020 1398 4075 τούναντίον
1432 4024 1921 4094 περιτραπήσεται.
1957 4021 2032 4076 Σὺ

1141 322 1200 379 s.
1240 322 1531 379 JOA‘NNIS
1571 321 2066 380 cunvsosrom
2099 320 2419 379 ABCHIEP.
2459 290 3037 375 consumimur;

3616 314 3741 369 τη

2124 436 2221 505 μὲν
2240 433 2350 505 γὰρ
2377 432 2520 487 ὥστε
2543 431 2811 501 ἐπιφανής
2841 430 2936 483 καὶ
2955 428 3225 499 ἐπίσημος
3256 426 3521 494 γενέσθαι
3551 424 3743 479 τοῦτο

2116 519 2308 582 ποιεῖς,
2353 516 2639 587 συμϐαίνει
2666 515 2725 569 δέ
2755 511 3087 568 τούναντίον.
3131 511 3205 564 Ού
3239 509 3352 581 γάρ
3384 508 3438 563 εἷ
3466 527 3567 573 τις
3602 510 3743 562 ἐπι-

2116 601 2290 671 φανὴς
2312 598 2404 653 καὶ
2429 598 2723 670 ἐπίσημος,
2741 598 2857 651 ἀλλ’
2884 596 2977 650 ἐπὶ
3004 593 3248 665 ὠμότητι
3271 594 3365 646 καὶ
3387 591 3740 663 πλεονεξίᾳ,

2117 683 2209 735 καὶ
2253 683 2367 744 τοῖς
2407 682 2657 751 ἐσχάτοις
2701 683 2891 745 κακοῖς
2929 676 3167 740 ἅπαντές
3220 693 3279 729 σε
3327 673 3737 729 διαϐάλλουσι.

2117 767 2290 830 Πόσος
2321 765 2431 837 γάρ
2466 768 2495 819 6
2520 764 2736 836 φθόνος,
2762 765 2903 834 πόση
2930 764 2964 833 ὴ
2991 760 3281 832 βασκανία,
3307 759 3476 812 πόσον
3507 758 3587 810 τὸ
3636 761 3739 826 9.!-

2119 868 2210 915 σος
2238 850 2389 922 παρά
2408 849 2649 914 πάντων,
2670 850 2809 920 πόση
2832 851 2865 918 ή
2900 844 3204 919 μεταϐολῆς
3236 843 3510 914 ἐπιθυμία
3536 845 3695 895 πᾶσι
3717 843 3735 894 ί

2119 932 2229 998 Τὰς
2272 933 2380 1003 γάρ
2425 935 2506 997 είς
2550 931 2642 985 τὸν
2691 932 2825 986 Θεὸν
2870 927 3218 1001 βλασφημίας
3259 925 3489 996 ἀφίημι,
3549 924 3633 988 ἃς
3682 927 3740 976 οι

2117 1015 2351 1071 τοιοῦτοι
2391 1015 2611 1071 πλοῦτοι
2640 1016 2885 1070 τίκτουσι
2907 1031 2920 1044 ·
2950 1014 3126 1067 καίτοι
3150 1010 3312 1065 τοῦτο
3340 1011 3580 1063 πάντων
3628 1025 3740 1077 χα-

2118 1100 2455 1173 λεπώτερον
2488 1102 2584 1155 καὶ
2618 1101 2681 1154 τὸ
2711 1100 2817 1173 πρὸ
2841 1098 3033 1154 τούτου
3054 1138 3070 1162 ,
3113 1096 3209 1150 καὶ
3232 1097 3371 1167 ὅπερ
3406 1093 3478 1148 ἂν
3505 1094 3697 1164 εἴπῃς
3718 1133 3735 1155 ,

2121 1184 2351 1256 θάτερον
2399 1183 2629 1256 θατέρου
2686 1188 2866 1256 χεῖρον
2918 1182 3195 1252 εὑρήσεις.
3250 1178 3391 1231 Ἀλλ’
3442 1175 3583 1246 οὐχὶ
3630 1178 3740 1245 τὴν

2124 1268 2438 1344 σύμμετρον
2467 1270 2561 1322 καὶ
2593 1268 2821 1340 μετρίαν
2850 1262 3016 1320 οὖσαν
3043 1266 3197 1335 ήμίν,
3224 1262 3291 1335 ήν
3323 1262 3385 1315 οὐ
3410 1261 3740 1332 προφήτης

2124 1353 2383 1416 σκώπτει,
2414 1354 2515 1406 οὐκ
2541 1352 2827 1425 ἄνθρωπος
2862 1351 3161 1422 μέμφεται,
3186 1348 3248 1403 ού
3271 1346 3404 1408 Θεδς
3438 1347 3735 1407 αἰτιᾶται,

2122 1439 2185 1492 ού
2217 1435 2329 1507 πῦρ
2355 1434 2594 1501 κολάζει,
2624 1435 2726 1488 οὐκ
2763 1431 3168 1506 ἀποστρέφεται
3202 1447 3308 1493 τις,
3336 1430 3398 1482 ού
3436 1430 3630 1500 μισεῖ,
3665 1428 3735 1478 ού

2126 1520 2435 1592 βασκαίνει,
2470 1519 2586 1573 ἀλλ’
2618 1518 2944 1588 ἀποδέχεται
2976 1517 3075 1588 μὲν
3102 1516 3257 1579 Θεὸς,
3290 1512 3633 1568 κοινωνοῦσι
3672 1513 3734 1564 δὲ

2124 1604 2348 1675 ἄγγελοι
2365 1643 2382 1669 ,
2417 1602 2702 1656 ἐπαινοῦσι
2730 1602 2789 1657 δὲ
2817 1600 3096 1672 ἄνθρωποι
3116 1639 3132 1664 ,
3165 1600 3260 1654 καὶ
3282 1599 3504 1671 δέχεται
3548 1597 3731 1668 ούρα-

2124 1690 2236 1752 νός,
2274 1681 2444 1741 Αῦται
2481 1687 2539 1740 αἱ
2566 1685 2837 1757 τράπεζαι
2867 1683 3136 1753 ἀγγέλους
3171 1682 3458 1748 ἐδέξαντο·
3486 1679 3731 1742 ταύταις

2122 1772 2150 1824 6
2176 1770 2409 1844 Χριστὸς
2435 1771 2827 1842 παραγίνεται,
2855 1770 2956 1823 οὐκ
2984 1770 3043 1821 ἐν
3068 1767 3325 1830 ἐκείναις.
3353 1765 3633 1821 Τοιαῦται
3668 1765 3733 1816 αἱ

2122 1855 2232 1908 τῶν
2281 1855 2578 1927 προφητῶν
2617 1848 2779 1924 ἦσαν,
2819 1851 3067 1907 τοιαῦται
3109 1853 3167 1905 αί
3212 1850 3323 1903 τῶν
3368 1848 3726 1906 ἀποστόλων.

2123 1938 2369 1993 τοιαῦται
2403 1939 2461 1991 αί
2500 1937 2610 1991 τῶν
2652 1936 2903 1992 δικαίων.
2951 1938 3018 1993 Δί
3061 1935 3119 1990 δέ
3148 1935 3258 1989 τῶν
3292 1934 3587 2005 τυράννων
3630 1931 3731 1983 καὶ

2123 2023 2234 2076 τῶν
2266 2023 2358 2076 ἐπὶ
2386 2022 2490 2092 γῆς
2511 2022 2697 2087 κακῶς
2728 2021 3127 2087 πλουτούντων,
3153 2019 3377 2090 ἔχουσαι
3408 2016 3727 2089 ὀρχηστὰς.

2126 2106 2220 2160 καὶ
2243 2106 2369 2169 τοὺς
2392 2104 2586 2170 ἄλλους
2611 2105 2723 2159 τῶν
2761 2106 2857 2159 ἐπὶ
2896 2103 3044 2174 λύμῃ
3071 2101 3166 2156 τοῦ
3201 2100 3315 2171 βίου
3345 2100 3603 2164 ζώντων,
3631 2100 3731 2152 καί

2124 2188 2363 2259 λῃστῶν,
2382 2187 2537 2260 [778]
2556 2189 2654 2242 καὶ
2678 2188 2912 2257 γοήτων,
2936 2187 3032 2240 καὶ
3056 2182 3461 2256 τυμϐωρύχων,
3485 2182 3727 2235 ἐκεῖναι.

2128 2273 2298 2326 Ὅταν
2343 2272 2600 2343 τοιαύτην
2641 2270 2897 2343 παραθῇς
2937 2269 3221 2341 τράπεζαν
3242 2308 3259 2333 ,
3306 2267 3547 2336 ἄγγελος
3624 2265 3728 2333 μὲν

2128 2356 2406 2427 ἀποπηδᾷ,
2432 2354 2794 2426 παροξύνεται
2819 2354 2877 2409 δὲ
2910 2351 3065 2419 Θεὸς,
3090 2354 3271 2424 χαίρει
3302 2351 3361 2404 δὲ
3392 2354 3423 2404 6
3450 2350 3567 2403 τῶν
3606 2347 3729 2402 δαι-

2132 2440 2309 2511 μόνων
2331 2438 2594 2510 ἀρχηγὸς,
2625 2437 3061 2507 ἀποστρέφονται
3081 2436 3160 2500 δὲ,
3196 2435 3293 2490 καὶ
3334 2433 3588 2506 μισοῦσι,
3628 2432 3726 2484 καὶ

2127 2525 2409 2595 τήκονται,
2435 2523 2536 2593 οὐχ
2554 2523 2607 2576 οί
2633 2522 2821 2594 ἐχθροὶ
2858 2522 3040 2591 μόνον,
3068 2520 3207 2573 ἀλλά
3229 2519 3323 2572 καὶ
3348 2518 3512 2572 αὐτοὶ
3542 2520 3598 2571 oi
3638 2516 3726 2569 δο-

2129 2606 2353 2671 κοῦντες
2386 2607 2532 2678 ἔχειν
2571 2605 2893 2677 ἐπιτηδείως
2933 2605 3235 2676 ἄνθρωποι,
3278 2603 3461 2674 φθόνῳ
3511 2602 3730 2674 μᾶλλον

2129 2690 2465 2761 ἐσθιόμενοι,
2497 2690 2532 2762 ἢ
2562 2690 2671 2747 τῶν
2698 2690 2984 2761 παρόντων
3029 2687 3413 2751 ἀπολαύοντες.
3446 2687 3630 2739 Ὅταν
3668 2686 3729 2739 δὲ

2131 2775 2348 2844 ἐκείνην
2380 2792 2463 2838 τις
2490 2772 2711 2845 παραϐῇ
2739 2816 2753 2832 .
2783 2774 2884 2845 τὴν
2929 2771 3206 2843 σώφρονα,
3244 2771 3338 2827 καὶ
3374 2769 3726 2840 σύμμετρον.

2131 2857 2227 2911 καὶ
2272 2857 2533 2927 οὐδεμίαν
2577 2857 2809 2927 ἔχουσαν
2857 2855 3188 2926 φλεγμονὴν,
3235 2855 3329 2908 καὶ
3379 2853 3577 2924 ήδίστη
3630 2853 3729 2907 καὶ

2134 2940 2412 3012 προσηνὴς
2500 2942 2635 2995 πᾶσι
2655 2943 2771 3005 τοίς
2799 2939 2995 3010 φίλοις,
3022 2939 3121 2992 καὶ
3146 2936 3284 3008 Θεῷ,
3310 2938 3407 2991 καὶ
3430 2935 3722 3005 ἀγγέλοις,

2134 3025 2230 3077 κοιλ⁴
2261 3021 2602 3094 ἀνθρώποις·
2638 3023 3005 3095 παραγίνεται
3045 3017 3140 3075 οὗν
3176 3022 3205 3073 6
3243 3019 3337 3074 τοῦ
3374 3018 3513 3073 Θεοῦ
3540 3020 3721 3072 Μονο-

2133 3107 2320 3178 γενής.
2346 3106 2556 3180 Ὥσπερ
2584 3107 2694 3178 γὰρ
2729 3106 2922 3177 φεύγει
2948 3106 3039 3159 τὸν
3067 3106 3269 3176 τῦφον,
3307 3104 3407 3159 καὶ
3444 3103 3538 3156 τὸν
3584 3103 3727 3173 ὑψη-

2134 3189 2370 3261 λόφρονα
2397 3190 2635 3252 ἅπαντα.
2662 3193 2757 3244 καὶ
2785 3190 2879 3244 τὸν
2911 3189 3139 3262 θόρυϐον
3159 3205 3172 3218 ”
3200 3187 3343 3241 οὕτω
3368 3186 3447 3256 τῷ
3475 3186 3726 3259 ταπεινῴ

2135 3272 2284 3343 φίλος
2319 3274 2456 3339 ἐστὶ,
2475 3273 2569 3327 καὶ
2599 3272 2848 3329 σύνεστιν
2874 3273 2984 3337 ἀεὶ,
3013 3272 3109 3326 καὶ
3137 3271 3313 3325 πάντα
3332 3268 3721 3343 περιφράττει,

2135 3356 2231 3410 καὶ¹
2257 3356 2482 3426 τειχίζει
2513 3356 2870 3427 πανταχόθεν.
2906 3354 3015 3409 Τοῦ
3049 3355 3105 3408 δὲ
3140 3354 3379 3426 Χριστοῦ
3414 3370 3722 3423 παραγινο-

2138 3439 2325 3510 μένου,
2361 3440 2516 3493 οὐδὲν
2544 3440 2734 3511 ἕτερον
2778 3440 3059 3511 ἐπιζητεῖν
3102 3442 3230 3512 χρή.
3267 3437 3432 3492 Ταῦτ’
3453 3433 3550 3492 οὖν
3580 3437 3722 3491 εἰδό-

2133 3539 2226 3588 τες
2245 3564 2261 3588 ,
2290 3524 2605 3596 ἀγαπητοὶ,
2641 3525 2934 3596 φεύγωμεν
2967 3527 3173 3588 ἐκεῖνα,
3201 3522 3490 3594 διώκωμεν
3522 3523 3718 3588 ταῦτα,

2136 3604 2225 3658 ἵνα
2266 3607 2361 3660 καὶ
2400 3606 2511 3661 τῶν
2539 3608 2826 3681 παρόντων
2858 3611 2953 3665 καὶ
2985 3610 3095 3662 τῶν
3134 3608 3438 3678 μελλόντων
3465 3607 3722 3678 τύχωμεν

2136 3689 2377 3757 ἀγαθῶν,
2418 3692 2601 3763 χάριτι
2643 3694 2737 3749 καὶ
2767 3693 3148 3765 φιλανθρωπίᾳ
3179 3690 3273 3746 τοῦ
3317 3692 3527 3763 Κυρίου
3562 3691 3719 3763 ἡμῶν

2149 3773 2325 3843 Ἰησοῦ
2353 3774 2623 3846 Χριστοῦ,
2656 3775 2778 3843 μεθ’
2806 3771 2867 3832 οὗ
2906 3776 2984 3847 τῷ
3019 3776 3193 3846 Πατρὶ
3224 3776 3374 3840 δόξα,
3408 3775 3569 3847 τιμή,
3603 3774 3719 3844 ἅμα

2136 3854 2213 3925 τῷ
2242 3858 2383 3928 ἁγίῳ
2405 3859 2704 3928 Πνεύματι.
2729 3861 2825 3914 νῦν
2859 3864 2953 3918 καὶ
2981 3862 3091 3926 ἀεὶ,
3123 3862 3219 3914 καὶ
3247 3864 3327 3925 εἰς
3360 3862 3491 3925 τοὺς
3517 3860 3716 3924 αἰῶνας

2136 3940 2246 3994 τῶν
2272 3941 2505 3999 αἰώνων.
2554 3944 2746 4016 Ἀμήν.

3268 4443 3705 4455 ———_————_‘

1378 4797 1459 4859 IN
1491 4796 1695 4858 DUAS
1728 4795 1833 4857 DE
1867 4795 2379 4858 PRECATIONE
2409 4794 2808 4856 HOMILIAS

531 5070 704 5126 Hasce
715 5070 851 5125 duas
891 5067 1163 5134 homilias,
1191 5067 1306 5121 sive
1336 5081 1556 5122 sensum
1574 5065 1686 5121 sive
1700 5066 1891 5120 orandi
1909 5063 2172 5119 rationem
2192 5074 2421 5135 spectes,
2438 5063 2827 5136 Chrysostomo
2842 5080 2947 5119 non
2965 5063 3213 5135 indignas
3228 5081 3538 5122 censemus.
3559 5067 3617 5120 Et
3635 5081 3703 5123 la-

458 5205 582 5246 men
620 5186 871 5242 nonnulli
903 5186 1033 5257 περὶ
1062 5184 1411 5256 γνησιότητος
1431 5183 1786 5253 quaestionem
1832 5190 2071 5246 movent,
2106 5182 2255 5237 hisce
2287 5182 2419 5237 moti
2450 5180 2804 5251 coniecturis.
2828 5178 2929 5237 Hic
2968 5182 3072 5250 bis,
3098 5182 3374 5252 inquiunt,
3403 5182 3459 5237 in
3497 5195 3704 5254 utraque

454 5309 663 5370 scilicet
689 5307 957 5371 oratione,
1000 5303 1443 5363 Seonacheribus
1477 5319 1569 5361 rex
1614 5302 1909 5359 Persarum
1952 5310 2193 5366 vocatur,
2245 5315 2409 5371 quam
2464 5299 2812 5355 oseitantlam
2860 5315 2927 5354 an
2965 5298 3362 5370 Chrysostomo
3403 5300 3696 5356 adscribere

454 5426 614 5480 liceat
650 5423 966 5479 dubitamus
997 5441 1009 5478 :
1036 5419 1707 5493 ρετίἀκριϐείαςίίείεειιι
1746 5418 1947 5475 dicitur
1986 5427 2117 5473 tunc
2155 5416 2372 5482 Persas,
2400 5417 2631 5472 Ezerbia
2655 5415 2709 5469 in
2741 5414 3042 5470 Jerusalem
3082 5421 3367 5484 regnante,
3412 5412 3693 5468 admovisse

455 5537 739 5592 timebinas
768 5546 959 5591 contra
989 5550 1175 5591 muros
1203 5534 1377 5598 urbis,
1407 5534 1501 5586 καὶ
1530 5533 1579 5585 οἱ
1614 5533 1714 5603 μὲν
1748 5532 2024 5603 μηχανήμε

2144 5530 2222 5603 τῷ
2251 5532 2423 5601 τείχει
2472 5531 2772 5603 προσῆγον,
2808 5529 2952 5600 quod
2979 5527 3200 5598 perinde
3231 5538 3438 5598 pugnat
3464 5545 3578 5584 cunt
3613 5544 3693 5583 sa-

453 5666 546 5704 era
576 5649 697 5703 libri
734 5646 942 5719 Regum
970 5648 1219 5703 historia.
1265 5646 1344 5699 Ad
1388 5647 1501 5701 ιδωο
1530 5646 1817 5715 objiciunt,
1857 5645 1943 5699 hic
1973 5644 2224 5713 precibus
2256 5652 2519 5713 perpetuo
2561 5644 2865 5699 vacandum
2903 5657 3026 5696 esse
3052 5641 3299 5705 docetur,
3332 5642 3478 5711 quod
3515 5643 3693 5699 Massa-

458 5754 726 5811 liauorum
750 5758 925 5811 errori
958 5756 1101 5812 favet
1128 5777 1140 5814 :
1172 5776 1295 5813 cum
1334 5767 1521 5813 contra
1554 5760 1981 5822 Clu'ysoslomus
2008 5766 2146 5811 vetet
2189 5775 2252 5812 nc
2285 5760 2539 5828 plecamli
2571 5759 2789 5814 obtentu
2832 5776 2861 5813 ει
2892 5756 3101 5814 caeteris
3135 5756 3328 5813 olliciis
3356 5758 3688 5813 abstineatur.
