3870 6272
119 391 236 446 ’173

121 505 419 561 dicemus?
470 504 526 560 Si
577 505 628 558 in
674 501 841 560 veteri
883 505 1229 560 Testamento
1274 502 1324 555 id
1371 513 1557 567 magna
1600 511 1720 549 cum

122 613 260 652 cura
325 595 670 666 prohibetur,
723 609 1021 666 magnaque
1065 601 1251 648 contra
1307 590 1550 644 delicatis
1590 586 1726 642 cibis

125 697 351 742 utentes
393 686 729 741 vehementia
759 687 924 739 utitur
969 685 1263 755 propheta,
1308 681 1518 736 etiamsi
1560 692 1727 748 genus

129 785 305 846 ponat
329 775 638 830 deliciarum
664 790 770 829 non
801 775 1086 831 admodum
1103 780 1472 843 sumptuosum
1493 779 1582 823 aut
1607 763 1727 838 opi-

130 882 326 935 parum
353 885 366 921 :
401 867 502 934 Qui
523 875 693 920 autem
715 867 1014 933 comedunt,
1040 865 1244 934 inquit,
1282 862 1454 917 laedas
1478 877 1540 914 ea:
1557 860 1726 930 gregi-

130 958 262 1020 bus,
295 967 344 1010 et
369 955 550 1009 titulos
578 954 852 1021 lactentes;
889 955 973 1025 qui
1001 954 1172 1007 bibunt
1210 952 1508 1020 defccatum
1535 950 1726 1011 uinum,

131 1057 179 1099 rt
205 1047 392 1115 primis
419 1046 692 1116 unguentis
731 1055 1027 1116 tinguntur;
1073 1045 1160 1114 qui
1195 1043 1452 1098 dormiunt
1491 1042 1546 1094 in
1591 1038 1730 1092 lectis

133 1136 370 1190 eburneis
388 1175 406 1193 .
431 1145 478 1188 et
505 1135 557 1188 in
594 1135 766 1188 stratis
806 1135 912 1189 suis
940 1134 1205 1188 lasciviunt
1241 1133 1426 1205 (Amos
1468 1131 1522 1185 6.
1543 1130 1596 1184 4.
1623 1130 1655 1183 6
1673 1127 1727 1198 );

135 1229 180 1280 si
211 1227 370 1293 haec,
415 1228 667 1295 inquam,
697 1225 1113 1294 reprehensione
1139 1224 1298 1294 digna
1328 1232 1486 1288 sunt,
1519 1221 1730 1291 quando

134 1319 322 1372 omnia
348 1327 505 1373 erant
525 1319 784 1380 carnalia,
815 1325 872 1372 et
891 1317 1008 1371 caeli
1031 1316 1173 1370 nulla
1199 1316 1334 1369 ratio
1354 1323 1490 1380 erat,
1514 1311 1730 1381 quando

137 1409 366 1464 lodaica
394 1410 545 1480 quasi
577 1424 860 1478 puerorum
898 1409 1069 1478 prima
1100 1408 1359 1461 institutio
1385 1415 1574 1460 erant:
1602 1406 1728 1475 quid

137 1501 442 1555 dixerimus
471 1500 538 1554 de
570 1499 819 1569 praesenti
862 1499 1132 1553 mollitie?
1178 1499 1234 1552 Si
1275 1499 1416 1552 enim
1458 1497 1729 1551 hmdorum

138 1601 195 1646 et
223 1593 515 1647 vitulorum
544 1593 851 1647 Iactentium
880 1607 1004 1647 esus
1033 1601 1353 1656 eoutentes,
1383 1605 1444 1645 ac
1469 1594 1513 1644 si
1537 1590 1732 1644 delica-

139 1692 249 1734 tam
293 1691 351 1738 et
389 1682 795 1736 immoderatam
842 1683 1006 1736 vitam
1048 1682 1283 1748 ducant,
1328 1680 1731 1750 reprehensioni

141 1773 394 1842 subjicit,
422 1774 551 1843 quid
581 1773 820 1828 dicemus
849 1774 917 1828 de
945 1774 1008 1826 iis
1028 1813 1044 1839 ,
1089 1774 1179 1842 qui
1209 1788 1452 1828 recessus
1491 1774 1654 1827 maris
1681 1783 1734 1826 et

141 1873 416 1920 extremas
455 1874 718 1919 terrarum
747 1879 870 1920 oras
895 1865 1175 1934 indagant,
1202 1866 1486 1934 aviumque
1510 1875 1733 1920 venato-

143 1972 232 2012 res
264 1956 670 2027 piscatoriasque
703 1957 879 2010 omnis
901 1957 1119 2026 generis
1155 1957 1391 2027 undique
1415 1957 1735 2012 accersunt?

143 2048 197 2102 Si
230 2048 303 2111 ii,
341 2048 431 2118 qui
474 2047 786 2102 defaecatum
815 2048 995 2101 vinum
1024 2047 1250 2113 bibunt,
1283 2048 1569 2116 culpandi,
1610 2047 1735 2117 quid

146 2138 352 2194 dixeris
381 2138 449 2194 de
475 2139 540 2193 iis
559 2179 574 2204 ,
622 2139 712 2208 qui
748 2139 1204 2209 peregrinationes
1233 2140 1613 2193 transmarinas
1641 2153 1736 2208 pro

147 2231 272 2284 vino
297 2230 956 2300 suscipiunt,.omniaque
995 2238 1248 2296 movent,
1289 2239 1348 2284 ut
1385 2230 1586 2284 nullum
1617 2231 1737 2284 vitis

147 2337 318 2391 genus
356 2322 484 2392 ipsis
509 2322 692 2388 lateat,
719 2323 871 2392 quasi
901 2337 1085 2392 pinnae
1110 2322 1306 2389 daturi,
1343 2322 1738 2392 admodumque

149 2413 463 2478 damnandi,
506 2413 550 2468 si
577 2429 682 2468 non
712 2413 888 2468 omnis
923 2415 1134 2483 generis
1164 2416 1289 2468 vino
1314 2416 1738 2485 ingurgitentur?

149 2505 201 2560 Si
223 2505 467 2560 eburneo
489 2505 628 2560 lecto
647 2506 724 2560 uti
750 2506 1168 2575 reprehensione
1187 2506 1426 2577 dignum,
1456 2507 1548 2578 qui
1571 2507 1740 2562 multo

153 2599 321 2652 lectos
346 2606 570 2668 argento
588 2637 605 2664 ,
648 2598 756 2654 imo
794 2614 924 2654 vero
953 2600 1044 2669 qui
1081 2615 1147 2654 ex
1175 2610 1398 2670 argento
1421 2605 1554 2670 puro
1576 2601 1741 2656 ador-

157 2697 301 2752 nant,
328 2703 436 2743 non
463 2687 633 2744 lectos
659 2696 886 2753 tantum,
911 2689 1004 2744 sed
1031 2690 1191 2744 etiam
1217 2691 1575 2761 suppedanea,
1598 2689 1750 2748 lebe-

156 2789 234 2836 tes
257 2823 275 2847 ,
303 2795 433 2835 vasa
473 2791 528 2836 et
569 2781 795 2836 matulas
820 2823 832 2846 ,
857 2795 1037 2851 quam
1069 2783 1275 2836 veniam
1305 2781 1742 2853 consequantur?

153 2872 286 2938 Quid
317 2883 413 2926 aut
439 2887 660 2942 parvum
695 2883 787 2928 aut
826 2888 1074 2943 magnum
1106 2884 1232 2930 tunc
1258 2876 1510 2946 temporis
1539 2875 1606 2931 ad
1643 2877 1742 2932 de-

156 2965 453 3020 fensionem
487 2979 635 3019 suam
685 2964 882 3020 afferre
931 2967 1224 3035 poterunt?
1267 2967 1378 3036 Ego
1415 2983 1544 3024 vero
1581 2970 1742 3024 etiam

157 3057 254 3111 hoc
289 3056 670 3126 gravissimum
697 3057 951 3128 adjungo,
991 3057 1132 3128 quod
1157 3074 1223 3112 ex
1247 3059 1436 3114 alienis
1465 3060 1743 3114 calamita-

159 3146 295 3200 tibus
329 3145 441 3200 lttec
462 3155 872 3216 congregarunt.
899 3147 1174 3216 Siquidem
1195 3147 1311 3203 haec
1340 3150 1595 3219 propheta
1636 3166 1742 3204 non

159 3237 374 3303 posuit,
414 3236 507 3290 sed
535 3235 757 3291 delicias
783 3238 954 3292 solmn
984 3239 1273 3309 redarguit.
1315 3240 1538 3308 Quando
1566 3251 1742 3297 autem

157 3327 306 3396 culpa
348 3326 520 3392 adest,
560 3327 690 3397 ipsis
723 3327 929 3382 deliciis
953 3330 1224 3395 atrocior,
1261 3332 1379 3400 quis
1407 3331 1478 3387 ab
1503 3341 1746 3388 extremo

157 3419 421 3487 supplicio
459 3433 586 3480 eos,
617 3419 707 3487 qui
747 3419 870 3474 talia
909 3429 1158 3489 patrant,
1195 3421 1428 3491 eripiet?
1465 3424 1585 3493 quis
1614 3422 1744 3490 Noe,

156 3510 273 3577 quis
305 3508 431 3574 Job,
470 3510 592 3580 quis
628 3512 808 3567 Daniel
849 3512 1189 3568 intercedat?
1231 3514 1417 3569 Nullus
1438 3516 1613 3583 plane.
1640 3515 1746 3570 Sed

161 3603 208 3655 in
231 3619 330 3657 eos
357 3603 460 3658 dici
493 3613 672 3674 potest
695 3643 713 3670 ,
759 3604 1066 3660 Exardescet
1096 3610 1241 3677 furor
1265 3623 1404 3660 meus
1431 3609 1558 3661 sicut
1581 3612 1749 3677 fumus

160 3692 313 3763 (1ςαὶ.
341 3694 428 3748 65.
452 3695 528 3764 5).
562 3695 777 3762 Annon,
805 3709 1008 3764 qumso,
1032 3696 1155 3766 jure
1189 3699 1310 3768 quis
1348 3698 1424 3752 ira
1463 3696 1750 3768 furoreque

161 3785 495 3852 cxardeseat,
529 3786 636 3840 imo
667 3795 723 3842 et
755 3788 1148 3858 disrumpatur,
1178 3788 1393 3858 quando
1415 3789 1557 3843 alius
1593 3803 1660 3845 ne
1685 3790 1750 3844 iis

161 3878 372 3946 quidem
399 3919 415 3943 ,
445 3894 568 3947 qua:
593 3879 659 3933 ad
689 3877 887 3933 victum
917 3881 1219 3936 necessaria
1247 3890 1404 3946 sunt,
1436 3880 1657 3946 fruitur,
1694 3889 1750 3934 tu

167 3983 286 4022 vero
315 3977 519 4022 tantum
547 3970 748 4039 argenti
778 3968 974 4026 frustra
1022 3980 1075 4026 et
1115 3971 1382 4026 incassum
1406 4010 1421 4036 ,
1468 3986 1531 4026 ac
1577 3987 1646 4027 ne
1683 3972 1750 4026 ad

166 4060 576 4115 ostentationem
623 4061 881 4129 quidem,
930 4061 982 4115 in
1033 4077 1170 4130 opus
1214 4061 1510 4117 admoves?
1565 4061 1750 4132 Neque

166 4150 302 4206 enim
333 4151 416 4205 vel
459 4151 529 4206 ad
571 4149 672 4207 hoc
711 4151 802 4207 tibi
833 4152 961 4208 utile
997 4155 1138 4218 erit;
1182 4153 1291 4208 imo
1329 4154 1383 4207 in
1425 4155 1746 4209 contrariam

1257 385 1346 441 DE
1382 377 1560 435 ΡΒΕο
1573 373 1837 428 ATIONE.
1859 404 1923 412 —-
1943 366 2278 425 .‘llONlTUM.

3235 384 3410 440 ·πι

1831 503 2067 548 vertetur
2107 505 2330 563 partem.
2369 496 2452 550 Tu
2480 494 2621 548 enim
2648 501 2707 548 ut
2730 495 2926 548 clarior
2956 503 3008 549 et
3037 495 3295 554 illustrior
3315 505 3411 566 sis,

1790 652 1797 662 ν
1833 585 1884 638 id
1907 585 2058 653 agis;
2095 584 2190 639 sed
2213 584 2538 638 contrarium
2565 582 2775 638 accidit.
2805 585 2920 639 Non
2945 587 3084 640 enim
3107 591 3414 658 spectabilis

1835 675 2162 744 illustrisquc
2185 689 2264 739 es,
2306 674 2402 728 sed
2429 674 2499 728 ob
2530 675 2918 740 crudelitatem,
2952 678 3065 731 auri
3103 681 3407 748 cupidinem

1835 772 1890 819 et
1935 773 2173 819 extrema
2218 764 2414 833 ﬂagitia
2465 776 2516 818 te
2558 779 2748 820 omnes
2793 766 3164 823 criminantur.
3210 772 3415 840 Quanta

1836 855 1975 910 enim
2019 855 2232 918 invidia,
2257 865 2484 925 quantus
2508 856 2663 922 livor,
2694 866 2950 927 quantum
2979 859 3158 914 odium
3179 903 3194 927 ,
3222 875 3420 934 quanta

1838 945 2148 1000 mutationis
2175 947 2438 1015 cupiditas
2464 946 2604 1016 apud
2631 947 2858 1002 omnes?
2885 949 3251 1018 Blasph'emias
3275 956 3418 1009 enim

1837 1039 1892 1093 in
1942 1039 2106 1093 Deum
2151 1041 2538 1108 praetermitto,
2586 1054 2720 1108 quas
2767 1040 2898 1095 tales
2943 1041 3140 1097 divitiae
3187 1047 3418 1112 pariunt,

1840 1130 2049 1184 tametsi
2075 1138 2132 1183 et
2157 1129 2260 1184 hoc
2285 1129 2442 1200 longe
2469 1131 2844 1200 gravissimum
2875 1143 2988 1198 est,
3026 1145 3082 1188 et
3108 1136 3250 1204 quod
3281 1137 3419 1191 istud

1840 1219 2088 1290 prmeedit
2108 1259 2125 1286 ,
2154 1228 2210 1275 et
2236 1221 2609 1290 quodcumque
2645 1221 2866 1290 dixeris,
2911 1223 3038 1278 illud
3071 1226 3163 1280 illo
3187 1227 3424 1283 deterius

1840 1312 2098 1366 invenies.
2141 1311 2312 1366 Seeus
2351 1321 2700 1381 temperatam
2741 1328 2806 1368 ac
2833 1314 3130 1370 modestam
3158 1332 3424 1383 mensam,

1839 1419 1996 1470 quam
2024 1419 2124 1459 nec
2147 1405 2406 1474 prepheta
2438 1405 2649 1473 irridet,
2680 1421 2780 1461 nec
2802 1406 2964 1462 homo
2989 1409 3286 1480 redarguit,
3323 1427 3424 1468 nec

1843 1495 1983 1549 Deus
2005 1495 2206 1564 culpat,
2241 1510 2347 1548 non
2378 1496 2515 1565 ignis
2541 1498 2710 1566 punit,
2738 1512 2895 1566 quam
2933 1515 3092 1554 nemo
3125 1513 3422 1567 aversatur,

1841 1594 1931 1638 aut
1954 1585 2081 1640 odio
2105 1585 2407 1656 invidiaque
2433 1589 2811 1657 prosequitur;
2843 1589 2937 1644 sed
2971 1593 3229 1661 approbat
3261 1595 3419 1660 Deus,

1841 1677 2160 1746 participant
2191 1678 2401 1747 angeli,
2434 1677 2654 1732 laudant
2690 1679 2952 1744 homines,
2999 1683 3187 1752 recipit
3214 1686 3423 1738 caelum.

1844 1768 1935 1822 lla:
1958 1783 2157 1822 mensa
2180 1769 2339 1824 etiam
2379 1770 2600 1839 angelos
2623 1781 2987 1840 exceperunt,
3017 1773 3120 1840 his,
3153 1790 3257 1829 non
3300 1777 3424 1844 illis,

1841 1859 2088 1914 Christus
2135 1861 2305 1915 adest.
2353 1860 2510 1915 Tales
2551 1870 2708 1916 erant
2767 1862 3145 1933 prophetarum
3206 1882 3425 1931 mensas,

1843 1953 1978 2004 tales
2003 1953 2391 2021 apostolorum,
2425 1953 2558 2007 tales
2591 1953 2878 2022 justorum.
2909 1955 3276 2026 Tyrannorum
3301 1974 3429 2013 vero

1840 2054 1893 2096 et
1935 2058 2142 2108 eorum,
2187 2045 2276 2112 qui
2319 2046 2370 2097 in
2416 2045 2573 2100 terris
2622 2044 2823 2100 nefarie
2853 2045 3266 2115 locupletantur,
3309 2064 3430 2118 quae

1844 2136 2126 2190 saltatores
2156 2135 2354 2191 habent
2397 2137 2636 2207 aliosque
2679 2138 2768 2207 qui
2814 2137 2868 2192 in
2910 2139 3200 2207 perniciem
3245 2141 3427 2194 mundi

1842 2229 2057 2294 vivunt,
2088 2229 2172 2284 ha:
2199 2231 2462 2285 latronum
2485 2271 2500 2294 ,
2529 2229 3005 2301 prastigiatorum,
3047 2241 3102 2286 et
3123 2246 3308 2286 eorum
3339 2234 3428 2303 qui

1843 2322 2087 2391 sepulcra
2116 2321 2374 2378 effodiunt
2397 2339 2599 2378 mensa:
2625 2332 2767 2377 sunt.
2788 2323 3013 2391 Quando
3031 2324 3188 2379 talem
3207 2326 3430 2394 apponis

1845 2428 2086 2469 mensam
2108 2457 2123 2480 ,
2157 2415 2376 2485 angelus
2415 2415 2606 2480 resilit,
2651 2415 2793 2470 Deus
2817 2426 3196 2486 exasperatur,
3225 2415 3430 2471 daamo-

1847 2523 1970 2561 nnm
1999 2509 2249 2578 princeps
2275 2507 2468 2578 gaudet
2492 2524 2505 2572 ;
2536 2516 2855 2563 aversantur
2875 2549 2889 2571 ,
2919 2506 3150 2562 oderunt
3173 2518 3225 2562 et
3249 2517 3433 2562 conta-

1848 2599 2072 2654 beScunt
2099 2614 2202 2653 non
2239 2599 2439 2653 inimici
2477 2606 2702 2663 tantum,
2731 2598 2824 2653 sed
2851 2599 3008 2653 etiam
3039 2599 3097 2662 ii,
3133 2599 3220 2668 qui
3251 2599 3431 2654 mode-

1845 2692 1946 2746 rati
1993 2700 2049 2747 et
2097 2686 2464 2747 honestioSse
2509 2691 2754 2746 homines
2796 2691 3082 2757 videntur,
3131 2700 3187 2745 et
3236 2691 3431 2745 invidia

1847 2784 2023 2852 potius
2053 2783 2414 2849 arrodantur,
2443 2797 2602 2854 quam
2647 2781 2732 2836 his
2769 2781 3127 2851 praesentibus
3160 2781 3432 2837 fruuntur.

1847 2874 2076 2940 Quando
2100 2883 2276 2928 autem
2301 2873 2444 2927 illam
2467 2873 2702 2927 sobriam
2729 2887 2790 2927 ac
2811 2871 3108 2926 modestam
3129 2872 3250 2942 quis
3273 2887 3434 2942 appu-

1849 2967 1960 3031 nit,
1997 2965 2146 3021 nullo
2168 2964 2554 3019 redundantem
2585 2964 2741 3030 luxu,
2767 2975 2822 3020 et
2849 2964 3165 3020 suavissima
3207 2973 3260 3018 et
3285 2971 3432 3034 grata

1848 3055 2037 3112 amicis
2065 3056 2314 3111 omnibus
2337 3055 2518 3122 fuerit,
2552 3063 2608 3111 et
2635 3055 2766 3121 Deo,
2791 3063 2847 3110 et
2870 3056 3097 3125 angelis,
3125 3066 3179 3110 et
3202 3055 3436 3109 homini-

1853 3150 1952 3203 bus
1975 3166 1988 3202 :
2013 3148 2219 3204 accedit
2241 3158 2295 3203 et
2317 3147 2621 3217 unigenitus
2643 3147 2734 3202 Dei
2759 3147 2946 3201 Filius.
2978 3147 3434 3212 Quemadmodum

1848 3239 1993 3294 enim
2044 3237 2240 3293 fastum
2292 3238 2462 3306 fugit,
2509 3246 2668 3307 atque
2714 3251 2906 3292 omnes
2951 3236 3122 3291 altum
3169 3236 3436 3305 sapientes

1850 3345 2172 3401 omnemque
2202 3329 2488 3384 tumultum
2520 3337 2826 3395 aversatur,
2865 3329 2937 3382 ita
2972 3327 3158 3383 humili
3190 3337 3273 3382 est
3297 3328 3435 3382 ami-

1850 3435 1945 3478 cus
1965 3465 1979 3488 ,
2013 3423 2221 3494 ipsique
2248 3436 2462 3493 semper
2484 3423 2670 3488 adest,
2702 3423 2983 3491 ipsumque
3012 3428 3181 3475 totum
3206 3421 3438 3476 circum-

1852 3515 2024 3568 munit
2053 3524 2107 3570 et
2139 3523 2357 3568 tutatur.
2387 3513 2603 3569 Christo
2629 3524 2806 3568 autem
2849 3510 3114 3584 praesente
3140 3512 3269 3567 nihil
3295 3513 3438 3568 aliud

1854 3608 2220 3678 querendum.
2245 3607 2372 3663 [hec
2391 3623 2510 3663 cum
2534 3608 2785 3671 sciamus,
2812 3605 3012 3670 dilecti,
3041 3607 3129 3661 illa
3149 3605 3434 3677 fugiamus,

1854 3701 1970 3757 hmc
1997 3715 2400 3772 persequamur,
2433 3709 2491 3755 ut
2528 3701 2810 3772 praasentia
2841 3707 2894 3752 et
2937 3699 3110 3753 futura
3139 3698 3276 3752 bona
3305 3713 3437 3752 eon-

1856 3804 2146 3860 sequamur
2168 3832 2181 3854 ,
2211 3791 2380 3860 gratia
2421 3799 2477 3846 et
2517 3790 2846 3860 benignitate
2876 3787 3082 3842 Domini
3111 3787 3278 3841 nostri
3307 3787 3436 3842 Iesu

1853 3883 2074 3948 Christi,
2113 3883 2330 3952 quicum
2358 3882 2504 3936 Patri
2532 3881 2720 3950 gloria,
2759 3879 2933 3934 honor
2962 3893 3064 3933 una
3091 3893 3214 3933 eum
3254 3887 3439 3933 sancto

1854 3974 2092 4044 Spiritu,
2132 3987 2275 4028 nunc
2315 3981 2370 4028 et
2413 3986 2662 4044 semper,
2709 3973 2844 4027 etin
2873 3972 3067 4026 εωωιτι
3097 3970 3435 4025 saeculorum.

1855 4068 2044 4122 Amen.

1601 4969 2005 5032 MONITUM.

137 5186 150 5222 ν

140 5243 146 5301 ξ
182 5234 372 5295 Verum
403 5242 492 5296 hic
523 5259 629 5298 non
663 5257 850 5313 preces
879 5252 1160 5313 perpetuo,
1183 5244 1275 5299 sed
1300 5244 1523 5300 assidue
1553 5253 1762 5300 tantum
1801 5253 1855 5300 et
1886 5244 2202 5314 frequenter
2239 5245 2568 5302 omittendas
2606 5263 2734 5302 esse
2767 5248 3010 5303 docetur.
3037 5248 3193 5314 Quod
3217 5259 3271 5304 et
3300 5249 3431 5305 alibi

177 5354 232 5412 S.
264 5359 455 5416 doctor
481 5371 536 5416 et
555 5361 758 5431 quique
780 5359 1103 5417 Christiana:
1135 5361 1257 5417 vita;
1283 5363 1528 5435 magistri
1551 5363 1916 5434 depraedicant
1945 5380 1962 5417 :
1994 5364 2350 5433 quamobrem
2381 5365 2514 5418 nihil
2545 5366 2671 5418 hinc
2691 5365 3021 5433 suspicionis
3053 5368 3202 5422 nasci
3231 5377 3430 5437 potest.

179 5468 372 5527 Verum
408 5471 552 5527 aliud
580 5473 742 5543 olijici
781 5484 958 5544 potest
1011 5476 1155 5546 quod
1187 5477 1464 5546 negotium
1503 5474 1735 5532 facessat
1765 5497 1780 5532 :
1808 5477 2010 5532 librum
2057 5476 2426 5533 Ecclesiastiei
2476 5479 2591 5534 sive
2629 5476 2757 5532 Jesu
2785 5479 2876 5532 filii
2911 5478 3100 5534 Sirach
3141 5461 3424 5539 Salomoni.

174 5579 370 5636 diserte
401 5583 698 5645 adscribit,
724 5586 868 5654 quod
905 5585 1091 5640 nescio
1125 5602 1192 5640 an
1241 5587 1378 5642 alias
1408 5589 1550 5658 apud
1582 5588 2033 5661 Chrysostomum
2071 5592 2330 5662 reperias.
2364 5592 2457 5646 llis
2487 5590 2716 5661 permoti
2764 5593 3070 5651 rationibus
3103 5597 3267 5653 hasce
3293 5598 3430 5654 duas

186 5701 456 5757 orationes
485 5703 626 5758 inter
648 5703 1099 5775 ἀμφιϐαλλὸμενα
1130 5706 1434 5776 posuimus.

248 5835 617 5909 ltttcrpretatio
640 5839 828 5897 Latina
856 5853 936 5898 est
969 5844 1251 5916 Pomponii
1283 5847 1544 5913 Bruttelli,
1578 5850 1666 5904 scd
1711 5852 1895 5907 multis
1929 5853 1978 5908 in
2013 5855 2144 5911 locis
2174 5857 2478 5913 emundata.
