  <div class='ocr_page' id='page_1' title='image "/cluster/home/n/w/nwhite01/storage/ocr_20150623/50/mdp.39015066055818/371.png"; bbox 0 0 3804 6270; ppageno 0'>
   <div class='ocr_carea' id='block_1_1' title="bbox 455 315 556 372">
    <p class='ocr_par' dir='ltr' id='par_1_1' title="bbox 455 315 556 372">
     <span class='ocr_line' id='line_1_1' title="bbox 455 315 556 372; baseline 0.03 -3"><span class='ocrx_word' id='word_1_1' title='bbox 455 315 556 372; x_wconf 78' lang='grc'><strong>775</strong></span> 
     </span>
    </p>
   </div>
   <div class='ocr_carea' id='block_1_2' title="bbox 1303 543 2872 639">
    <p class='ocr_par' dir='ltr' id='par_1_2' title="bbox 1303 543 2872 639">
     <span class='ocr_line' id='line_1_2' title="bbox 1303 543 2872 639; baseline 0.005 -11"><span class='ocrx_word' id='word_1_2' title='bbox 1303 543 1847 629; x_wconf 88' lang='lat' dir='ltr'><strong>EJUSDEM</strong></span> <span class='ocrx_word' id='word_1_3' title='bbox 1899 545 2058 627; x_wconf 89' lang='lat' dir='ltr'><strong>DE</strong></span> <span class='ocrx_word' id='word_1_4' title='bbox 2101 545 2872 639; x_wconf 81' lang='lat' dir='ltr'><strong>PRECATIONE.</strong></span> 
     </span>
    </p>
   </div>
   <div class='ocr_carea' id='block_1_3' title="bbox 1200 316 2077 403">
    <p class='ocr_par' dir='ltr' id='par_1_3' title="bbox 1200 316 2077 380">
     <span class='ocr_line' id='line_1_3' title="bbox 1200 316 2077 380; baseline 0.003 -6"><span class='ocrx_word' id='word_1_5' title='bbox 1200 317 1257 374; x_wconf 85' lang='lat' dir='ltr'><strong>S.</strong></span> <span class='ocrx_word' id='word_1_6' title='bbox 1288 316 1566 375; x_wconf 66' lang='lat' dir='ltr'><strong>JDANNIS</strong></span> <span class='ocrx_word' id='word_1_7' title='bbox 1605 319 2077 380; x_wconf 69' lang='lat' dir='ltr'><strong>CIIRYSOSTOMI</strong></span> 
     </span>
    </p>
   </div>
   <div class='ocr_carea' id='block_1_4' title="bbox 2109 316 3740 403">
    <p class='ocr_par' dir='ltr' id='par_1_4' title="bbox 2119 324 3740 403">
     <span class='ocr_line' id='line_1_4' title="bbox 2119 324 3740 403; baseline 0.014 -24"><span class='ocrx_word' id='word_1_8' title='bbox 2119 324 2438 382; x_wconf 77' lang='lat' dir='ltr'><strong>ARCIIIEP.</strong></span> <span class='ocrx_word' id='word_1_9' title='bbox 2479 327 3013 388; x_wconf 78' lang='lat' dir='ltr'><strong>CONSTANTINOP.</strong></span> <span class='ocrx_word' id='word_1_10' title='bbox 3642 347 3673 399; x_wconf 79' lang='lat'><strong>7</strong></span> <span class='ocrx_word' id='word_1_11' title='bbox 3688 350 3740 403; x_wconf 63' lang='lat' dir='ltr'><strong>ib</strong></span> 
     </span>
    </p>
   </div>
   <div class='ocr_carea' id='block_1_5' title="bbox 3047 474 3742 491">
    <p class='ocr_par' dir='ltr' id='par_1_5' title="bbox 3047 474 3742 491">
     <span class='ocr_line' id='line_1_5' title="bbox 3047 474 3742 491; baseline 0.013 -11"><span class='ocrx_word' id='word_1_12' title='bbox 3047 474 3389 485; x_wconf 40' lang='grc' dir='ltr'><strong>Ἥρα-ο...</strong></span> <span class='ocrx_word' id='word_1_13' title='bbox 3399 477 3742 491; x_wconf 42' lang='grc' dir='ltr'><strong>-ο--ι-ᾕ,</strong></span> 
     </span>
    </p>
   </div>
   <div class='ocr_carea' id='block_1_6' title="bbox 1896 696 2243 742">
    <p class='ocr_par' dir='ltr' id='par_1_6' title="bbox 1896 696 2243 742">
     <span class='ocr_line' id='line_1_6' title="bbox 1896 696 2243 742; baseline 0.012 -4"><span class='ocrx_word' id='word_1_14' title='bbox 1896 696 2243 742; x_wconf 70' lang='grc' dir='ltr'><strong>τττ-στππτ</strong></span> 
     </span>
    </p>
   </div>
   <div class='ocr_carea' id='block_1_7' title="bbox 1054 807 1394 882">
    <p class='ocr_par' dir='ltr' id='par_1_7' title="bbox 1054 807 1394 882">
     <span class='ocr_line' id='line_1_7' title="bbox 1054 807 1394 882; baseline 0.006 -18"><span class='ocrx_word' id='word_1_15' title='bbox 1054 823 1274 866; x_wconf 76' lang='lat' dir='ltr'><strong>cumet</strong></span> <span class='ocrx_word' id='word_1_16' title='bbox 1293 807 1394 882; x_wconf 81' lang='grc' dir='ltr'><strong>(α).</strong></span> 
     </span>
    </p>
   </div>
   <div class='ocr_carea' id='block_1_8' title="bbox 521 899 2028 973">
    <p class='ocr_par' dir='ltr' id='par_1_8' title="bbox 521 899 2028 973">
     <span class='ocr_line' id='line_1_8' title="bbox 521 899 2028 973; baseline -0.004 -17"><span class='ocrx_word' id='word_1_17' title='bbox 521 902 674 971; x_wconf 77' lang='lat' dir='ltr'><strong>Quod</strong></span> <span class='ocrx_word' id='word_1_18' title='bbox 699 901 862 958; x_wconf 79' lang='lat' dir='ltr'><strong>sancti</strong></span> <span class='ocrx_word' id='word_1_19' title='bbox 909 900 1151 971; x_wconf 76' lang='lat' dir='ltr'><strong>precandi</strong></span> <span class='ocrx_word' id='word_1_20' title='bbox 1191 901 1439 970; x_wconf 79' lang='lat' dir='ltr'><strong>formulas</strong></span> <span class='ocrx_word' id='word_1_21' title='bbox 1477 901 1767 973; x_wconf 85' lang='lat' dir='ltr'><strong>scripserint</strong></span> <span class='ocrx_word' id='word_1_22' title='bbox 1808 899 2028 954; x_wconf 75' lang='lat' dir='ltr'><strong>uelatur.</strong></span> 
     </span>
    </p>
   </div>
   <div class='ocr_carea' id='block_1_9' title="bbox 453 988 2028 1049">
    <p class='ocr_par' dir='ltr' id='par_1_9' title="bbox 453 988 2028 1049">
     <span class='ocr_line' id='line_1_9' title="bbox 453 988 2028 1049; baseline -0.004 0"><span class='ocrx_word' id='word_1_23' title='bbox 453 993 772 1049; x_wconf 78' lang='lat' dir='ltr'><strong>Precationis</strong></span> <span class='ocrx_word' id='word_1_24' title='bbox 795 995 869 1048; x_wconf 75' lang='lat' dir='ltr'><strong>uis</strong></span> <span class='ocrx_word' id='word_1_25' title='bbox 893 993 1290 1049; x_wconf 79' lang='lat' dir='ltr'><strong>commendatur.</strong></span> <span class='ocrx_word' id='word_1_26' title='bbox 1319 1024 1393 1037; x_wconf 85' lang='lat'><strong>—-</strong></span> <span class='ocrx_word' id='word_1_27' title='bbox 1446 994 1588 1049; x_wconf 88' lang='lat' dir='ltr'><strong>Duas</strong></span> <span class='ocrx_word' id='word_1_28' title='bbox 1613 993 1682 1047; x_wconf 91' lang='lat' dir='ltr'><strong>ob</strong></span> <span class='ocrx_word' id='word_1_29' title='bbox 1710 1006 1898 1046; x_wconf 85' lang='lat' dir='ltr'><strong>causas</strong></span> <span class='ocrx_word' id='word_1_30' title='bbox 1936 988 2028 1045; x_wconf 91' lang='lat' dir='ltr'><strong>Dei</strong></span> 
     </span>
    </p>
   </div>
   <div class='ocr_carea' id='block_1_10' title="bbox 365 1081 2028 1156">
    <p class='ocr_par' dir='ltr' id='par_1_10' title="bbox 365 1081 2028 1156">
     <span class='ocr_line' id='line_1_10' title="bbox 365 1081 2028 1156; baseline -0.003 -16"><span class='ocrx_word' id='word_1_31' title='bbox 365 1088 367 1090; x_wconf 76' lang='grc'><em>’</em></span> <span class='ocrx_word' id='word_1_32' title='bbox 445 1086 680 1142; x_wconf 87' lang='lat' dir='ltr'><strong>cultores</strong></span> <span class='ocrx_word' id='word_1_33' title='bbox 705 1084 1001 1141; x_wconf 78' lang='lat' dir='ltr'><strong>admirandi</strong></span> <span class='ocrx_word' id='word_1_34' title='bbox 1021 1094 1146 1140; x_wconf 87' lang='lat' dir='ltr'><strong>sunt</strong></span> <span class='ocrx_word' id='word_1_35' title='bbox 1169 1085 1379 1142; x_wconf 88' lang='lat' dir='ltr'><strong>acbeati</strong></span> <span class='ocrx_word' id='word_1_36' title='bbox 1401 1085 1670 1156; x_wconf 91' lang='lat' dir='ltr'><strong>judicandi</strong></span> <span class='ocrx_word' id='word_1_37' title='bbox 1704 1101 1718 1137; x_wconf 88' lang='lat'><strong>:</strong></span> <span class='ocrx_word' id='word_1_38' title='bbox 1749 1092 1860 1137; x_wconf 89' lang='lat' dir='ltr'><strong>tum</strong></span> <span class='ocrx_word' id='word_1_39' title='bbox 1888 1081 2028 1152; x_wconf 91' lang='lat' dir='ltr'><strong>quod</strong></span> 
     </span>
    </p>
   </div>
   <div class='ocr_carea' id='block_1_11' title="bbox 443 1175 2025 1248">
    <p class='ocr_par' dir='ltr' id='par_1_11' title="bbox 443 1175 2025 1248">
     <span class='ocr_line' id='line_1_11' title="bbox 443 1175 2025 1248; baseline -0.004 -14"><span class='ocrx_word' id='word_1_40' title='bbox 443 1194 594 1248; x_wconf 89' lang='lat' dir='ltr'><strong>spem</strong></span> <span class='ocrx_word' id='word_1_41' title='bbox 636 1177 825 1232; x_wconf 88' lang='lat' dir='ltr'><strong>salutis</strong></span> <span class='ocrx_word' id='word_1_42' title='bbox 849 1193 961 1233; x_wconf 76' lang='lat' dir='ltr'><strong>sua:</strong></span> <span class='ocrx_word' id='word_1_43' title='bbox 990 1179 1043 1233; x_wconf 91' lang='lat' dir='ltr'><strong>in</strong></span> <span class='ocrx_word' id='word_1_44' title='bbox 1071 1181 1271 1234; x_wconf 86' lang='lat' dir='ltr'><strong>sanctis</strong></span> <span class='ocrx_word' id='word_1_45' title='bbox 1320 1179 1568 1248; x_wconf 87' lang='lat' dir='ltr'><strong>precibus</strong></span> <span class='ocrx_word' id='word_1_46' title='bbox 1609 1175 2025 1240; x_wconf 87' lang='lat' dir='ltr'><strong>eollocaverint,</strong></span> 
     </span>
    </p>
   </div>
   <div class='ocr_carea' id='block_1_12' title="bbox 445 1268 2026 1342">
    <p class='ocr_par' dir='ltr' id='par_1_12' title="bbox 445 1268 2026 1342">
     <span class='ocr_line' id='line_1_12' title="bbox 445 1268 2026 1342; baseline -0.003 -18"><span class='ocrx_word' id='word_1_47' title='bbox 445 1280 554 1324; x_wconf 89' lang='lat' dir='ltr'><strong>tum</strong></span> <span class='ocrx_word' id='word_1_48' title='bbox 601 1269 763 1339; x_wconf 86' lang='lat' dir='ltr'><strong>quod,</strong></span> <span class='ocrx_word' id='word_1_49' title='bbox 795 1284 916 1325; x_wconf 88' lang='lat' dir='ltr'><strong>eum</strong></span> <span class='ocrx_word' id='word_1_50' title='bbox 940 1269 1169 1342; x_wconf 79' lang='lat' dir='ltr'><strong>hymnos</strong></span> <span class='ocrx_word' id='word_1_51' title='bbox 1194 1279 1248 1325; x_wconf 87' lang='lat' dir='ltr'><strong>et</strong></span> <span class='ocrx_word' id='word_1_52' title='bbox 1275 1269 1524 1338; x_wconf 86' lang='lat' dir='ltr'><strong>precandi</strong></span> <span class='ocrx_word' id='word_1_53' title='bbox 1578 1268 1833 1323; x_wconf 80' lang='lat' dir='ltr'><strong>formulas</strong></span> <span class='ocrx_word' id='word_1_54' title='bbox 1851 1307 1866 1331; x_wconf 93' lang='lat'><strong>,</strong></span> <span class='ocrx_word' id='word_1_55' title='bbox 1893 1281 2026 1335; x_wconf 89' lang='lat' dir='ltr'><strong>quas</strong></span> 
     </span>
    </p>
   </div>
   <div class='ocr_carea' id='block_1_13' title="bbox 447 1357 2025 1426">
    <p class='ocr_par' dir='ltr' id='par_1_13' title="bbox 447 1357 2025 1426">
     <span class='ocr_line' id='line_1_13' title="bbox 447 1357 2025 1426; baseline -0.002 -12"><span class='ocrx_word' id='word_1_56' title='bbox 447 1361 556 1416; x_wconf 89' lang='lat' dir='ltr'><strong>Deo</strong></span> <span class='ocrx_word' id='word_1_57' title='bbox 574 1375 695 1417; x_wconf 91' lang='lat' dir='ltr'><strong>eum</strong></span> <span class='ocrx_word' id='word_1_58' title='bbox 739 1359 916 1415; x_wconf 67' lang='lat' dir='ltr'><strong>laetitia</strong></span> <span class='ocrx_word' id='word_1_59' title='bbox 944 1375 1008 1417; x_wconf 89' lang='lat' dir='ltr'><strong>ac</strong></span> <span class='ocrx_word' id='word_1_60' title='bbox 1027 1361 1219 1416; x_wconf 85' lang='lat' dir='ltr'><strong>timore</strong></span> <span class='ocrx_word' id='word_1_61' title='bbox 1242 1359 1568 1426; x_wconf 73' lang='lat' dir='ltr'><strong>offerebant,</strong></span> <span class='ocrx_word' id='word_1_62' title='bbox 1600 1359 1768 1415; x_wconf 84' lang='lat' dir='ltr'><strong>literis</strong></span> <span class='ocrx_word' id='word_1_63' title='bbox 1799 1357 2025 1413; x_wconf 88' lang='lat' dir='ltr'><strong>manda-</strong></span> 
     </span>
    </p>
   </div>
   <div class='ocr_carea' id='block_1_14' title="bbox 444 1450 2025 1522">
    <p class='ocr_par' dir='ltr' id='par_1_14' title="bbox 444 1450 2025 1522">
     <span class='ocr_line' id='line_1_14' title="bbox 444 1450 2025 1522; baseline -0.002 -16"><span class='ocrx_word' id='word_1_64' title='bbox 444 1461 585 1519; x_wconf 86' lang='lat' dir='ltr'><strong>rent,</strong></span> <span class='ocrx_word' id='word_1_65' title='bbox 630 1450 786 1507; x_wconf 87' lang='lat' dir='ltr'><strong>nobis</strong></span> <span class='ocrx_word' id='word_1_66' title='bbox 809 1467 1022 1522; x_wconf 89' lang='lat' dir='ltr'><strong>quoque</strong></span> <span class='ocrx_word' id='word_1_67' title='bbox 1047 1467 1200 1509; x_wconf 84' lang='lat' dir='ltr'><strong>suum</strong></span> <span class='ocrx_word' id='word_1_68' title='bbox 1229 1453 1538 1507; x_wconf 82' lang='lat' dir='ltr'><strong>thesaurum</strong></span> <span class='ocrx_word' id='word_1_69' title='bbox 1569 1451 1912 1515; x_wconf 88' lang='lat' dir='ltr'><strong>tradiderint,</strong></span> <span class='ocrx_word' id='word_1_70' title='bbox 1968 1458 2025 1504; x_wconf 92' lang='lat' dir='ltr'><strong>ut</strong></span> 
     </span>
    </p>
   </div>
   <div class='ocr_carea' id='block_1_15' title="bbox 441 1542 2019 1614">
    <p class='ocr_par' dir='ltr' id='par_1_15' title="bbox 441 1542 2019 1614">
     <span class='ocr_line' id='line_1_15' title="bbox 441 1542 2019 1614; baseline -0.003 -18"><span class='ocrx_word' id='word_1_71' title='bbox 441 1558 658 1598; x_wconf 91' lang='lat' dir='ltr'><strong>omnem</strong></span> <span class='ocrx_word' id='word_1_72' title='bbox 677 1543 1041 1614; x_wconf 69' lang='lat' dir='ltr'><strong>posteritatem</strong></span> <span class='ocrx_word' id='word_1_73' title='bbox 1067 1554 1288 1614; x_wconf 82' lang='lat' dir='ltr'><strong>possent</strong></span> <span class='ocrx_word' id='word_1_74' title='bbox 1314 1543 1377 1597; x_wconf 90' lang='lat' dir='ltr'><strong>ad</strong></span> <span class='ocrx_word' id='word_1_75' title='bbox 1399 1557 1459 1598; x_wconf 89' lang='lat' dir='ltr'><strong>se</strong></span> <span class='ocrx_word' id='word_1_76' title='bbox 1485 1542 1774 1598; x_wconf 85' lang='lat' dir='ltr'><strong>imitandos</strong></span> <span class='ocrx_word' id='word_1_77' title='bbox 1787 1542 2019 1597; x_wconf 85' lang='lat' dir='ltr'><strong>allicere.</strong></span> 
     </span>
    </p>
   </div>
   <div class='ocr_carea' id='block_1_16' title="bbox 441 1633 2022 1704">
    <p class='ocr_par' dir='ltr' id='par_1_16' title="bbox 441 1633 2022 1704">
     <span class='ocr_line' id='line_1_16' title="bbox 441 1633 2022 1704; baseline -0.002 -14"><span class='ocrx_word' id='word_1_78' title='bbox 441 1636 548 1690; x_wconf 77' lang='lat' dir='ltr'><strong>l&#39;ar</strong></span> <span class='ocrx_word' id='word_1_79' title='bbox 566 1644 650 1691; x_wconf 75' lang='lat' dir='ltr'><strong>est</strong></span> <span class='ocrx_word' id='word_1_80' title='bbox 673 1635 813 1690; x_wconf 91' lang='lat' dir='ltr'><strong>enim</strong></span> <span class='ocrx_word' id='word_1_81' title='bbox 840 1634 1117 1690; x_wconf 88' lang='lat' dir='ltr'><strong>doctorum</strong></span> <span class='ocrx_word' id='word_1_82' title='bbox 1147 1649 1332 1689; x_wconf 86' lang='lat' dir='ltr'><strong>mores</strong></span> <span class='ocrx_word' id='word_1_83' title='bbox 1356 1634 1422 1688; x_wconf 90' lang='lat' dir='ltr'><strong>ad</strong></span> <span class='ocrx_word' id='word_1_84' title='bbox 1452 1649 1547 1690; x_wconf 90' lang='lat' dir='ltr'><strong>eos</strong></span> <span class='ocrx_word' id='word_1_85' title='bbox 1572 1635 1874 1704; x_wconf 88' lang='lat' dir='ltr'><strong>pervenire,</strong></span> <span class='ocrx_word' id='word_1_86' title='bbox 1932 1633 2022 1700; x_wconf 90' lang='lat' dir='ltr'><strong>qui</strong></span> 
     </span>
    </p>
   </div>
   <div class='ocr_carea' id='block_1_17' title="bbox 441 1725 2020 1798">
    <p class='ocr_par' dir='ltr' id='par_1_17' title="bbox 441 1725 2020 1798">
     <span class='ocr_line' id='line_1_17' title="bbox 441 1725 2020 1798; baseline -0.001 -17"><span class='ocrx_word' id='word_1_87' title='bbox 441 1727 572 1793; x_wconf 80' lang='lat' dir='ltr'><strong>ipsis</strong></span> <span class='ocrx_word' id='word_1_88' title='bbox 623 1727 753 1782; x_wconf 90' lang='lat' dir='ltr'><strong>dant</strong></span> <span class='ocrx_word' id='word_1_89' title='bbox 794 1743 1051 1798; x_wconf 86' lang='lat' dir='ltr'><strong>operam:</strong></span> <span class='ocrx_word' id='word_1_90' title='bbox 1080 1726 1317 1798; x_wconf 85' lang='lat' dir='ltr'><strong>itemque</strong></span> <span class='ocrx_word' id='word_1_91' title='bbox 1360 1743 1455 1797; x_wconf 89' lang='lat' dir='ltr'><strong>par</strong></span> <span class='ocrx_word' id='word_1_92' title='bbox 1506 1736 1592 1782; x_wconf 89' lang='lat' dir='ltr'><strong>est</strong></span> <span class='ocrx_word' id='word_1_93' title='bbox 1637 1725 2020 1798; x_wconf 90' lang='lat' dir='ltr'><strong>prophetarum</strong></span> 
     </span>
    </p>
   </div>
   <div class='ocr_carea' id='block_1_18' title="bbox 438 1817 2020 1886">
    <p class='ocr_par' dir='ltr' id='par_1_18' title="bbox 438 1817 2020 1886">
     <span class='ocr_line' id='line_1_18' title="bbox 438 1817 2020 1886; baseline 0 -17"><span class='ocrx_word' id='word_1_94' title='bbox 438 1817 731 1886; x_wconf 79' lang='lat' dir='ltr'><strong>discipulos</strong></span> <span class='ocrx_word' id='word_1_95' title='bbox 762 1817 1058 1871; x_wconf 84' lang='lat' dir='ltr'><strong>imitatores</strong></span> <span class='ocrx_word' id='word_1_96' title='bbox 1087 1832 1273 1872; x_wconf 90' lang='lat' dir='ltr'><strong>eorum</strong></span> <span class='ocrx_word' id='word_1_97' title='bbox 1301 1817 1675 1886; x_wconf 72' lang='lat' dir='ltr'><strong>essejustitite,</strong></span> <span class='ocrx_word' id='word_1_98' title='bbox 1705 1817 1773 1870; x_wconf 90' lang='lat' dir='ltr'><strong>ita</strong></span> <span class='ocrx_word' id='word_1_99' title='bbox 1792 1817 2020 1870; x_wconf 89' lang='lat' dir='ltr'><strong>utvitam</strong></span> 
     </span>
    </p>
   </div>
   <div class='ocr_carea' id='block_1_19' title="bbox 443 1905 2022 1977">
    <p class='ocr_par' dir='ltr' id='par_1_19' title="bbox 443 1905 2022 1977">
     <span class='ocr_line' id='line_1_19' title="bbox 443 1905 2022 1977; baseline 0.001 -20"><span class='ocrx_word' id='word_1_100' title='bbox 443 1917 676 1960; x_wconf 85' lang='lat' dir='ltr'><strong>nostram</strong></span> <span class='ocrx_word' id='word_1_101' title='bbox 712 1908 765 1961; x_wconf 91' lang='lat' dir='ltr'><strong>in</strong></span> <span class='ocrx_word' id='word_1_102' title='bbox 793 1906 1038 1976; x_wconf 86' lang='lat' dir='ltr'><strong>precibus</strong></span> <span class='ocrx_word' id='word_1_103' title='bbox 1077 1907 1276 1976; x_wconf 91' lang='lat' dir='ltr'><strong>Deique</strong></span> <span class='ocrx_word' id='word_1_104' title='bbox 1290 1906 1436 1961; x_wconf 91' lang='lat' dir='ltr'><strong>cultu</strong></span> <span class='ocrx_word' id='word_1_105' title='bbox 1471 1915 1733 1977; x_wconf 89' lang='lat' dir='ltr'><strong>perpetuo</strong></span> <span class='ocrx_word' id='word_1_106' title='bbox 1772 1905 2022 1960; x_wconf 83' lang='lat' dir='ltr'><strong>traduca-</strong></span> 
     </span>
    </p>
   </div>
   <div class='ocr_carea' id='block_1_20' title="bbox 439 1997 2021 2067">
    <p class='ocr_par' dir='ltr' id='par_1_20' title="bbox 439 1997 2021 2067">
     <span class='ocr_line' id='line_1_20' title="bbox 439 1997 2021 2067; baseline 0.001 -18"><span class='ocrx_word' id='word_1_107' title='bbox 439 2014 580 2063; x_wconf 66' lang='lat' dir='ltr'><strong>tuus,</strong></span> <span class='ocrx_word' id='word_1_108' title='bbox 607 2008 766 2067; x_wconf 90' lang='lat' dir='ltr'><strong>atque</strong></span> <span class='ocrx_word' id='word_1_109' title='bbox 792 1998 842 2051; x_wconf 92' lang='lat' dir='ltr'><strong>iu</strong></span> <span class='ocrx_word' id='word_1_110' title='bbox 866 2014 926 2051; x_wconf 84' lang='lat' dir='ltr'><strong>ea</strong></span> <span class='ocrx_word' id='word_1_111' title='bbox 959 2013 1017 2052; x_wconf 90' lang='lat' dir='ltr'><strong>re</strong></span> <span class='ocrx_word' id='word_1_112' title='bbox 1048 1999 1232 2060; x_wconf 85' lang='lat' dir='ltr'><strong>vitam,</strong></span> <span class='ocrx_word' id='word_1_113' title='bbox 1265 1997 1646 2064; x_wconf 89' lang='lat' dir='ltr'><strong>valetudinem,</strong></span> <span class='ocrx_word' id='word_1_114' title='bbox 1667 1997 1902 2062; x_wconf 81' lang='lat' dir='ltr'><strong>divitias,</strong></span> <span class='ocrx_word' id='word_1_115' title='bbox 1927 1997 2021 2051; x_wconf 85' lang='lat' dir='ltr'><strong>ho-</strong></span> 
     </span>
    </p>
   </div>
   <div class='ocr_carea' id='block_1_21' title="bbox 435 2089 2020 2160">
    <p class='ocr_par' dir='ltr' id='par_1_21' title="bbox 435 2089 2020 2160">
     <span class='ocr_line' id='line_1_21' title="bbox 435 2089 2020 2160; baseline -0.001 -16"><span class='ocrx_word' id='word_1_116' title='bbox 435 2105 626 2144; x_wconf 89' lang='lat' dir='ltr'><strong>norum</strong></span> <span class='ocrx_word' id='word_1_117' title='bbox 656 2091 813 2145; x_wconf 89' lang='lat' dir='ltr'><strong>linem</strong></span> <span class='ocrx_word' id='word_1_118' title='bbox 837 2089 1072 2160; x_wconf 88' lang='lat' dir='ltr'><strong>positum</strong></span> <span class='ocrx_word' id='word_1_119' title='bbox 1102 2105 1224 2143; x_wconf 90' lang='lat' dir='ltr'><strong>esse</strong></span> <span class='ocrx_word' id='word_1_120' title='bbox 1249 2103 1586 2155; x_wconf 86' lang='lat' dir='ltr'><strong>censeamus,</strong></span> <span class='ocrx_word' id='word_1_121' title='bbox 1618 2097 1677 2142; x_wconf 90' lang='lat' dir='ltr'><strong>ut</strong></span> <span class='ocrx_word' id='word_1_122' title='bbox 1699 2089 1863 2142; x_wconf 87' lang='lat' dir='ltr'><strong>Deum</strong></span> <span class='ocrx_word' id='word_1_123' title='bbox 1888 2104 2020 2156; x_wconf 87' lang='lat' dir='ltr'><strong>puro</strong></span> 
     </span>
    </p>
   </div>
   <div class='ocr_carea' id='block_1_22' title="bbox 433 2179 2020 2250">
    <p class='ocr_par' dir='ltr' id='par_1_22' title="bbox 433 2179 2020 2250">
     <span class='ocr_line' id='line_1_22' title="bbox 433 2179 2020 2250; baseline 0 -16"><span class='ocrx_word' id='word_1_124' title='bbox 433 2189 490 2236; x_wconf 81' lang='lat' dir='ltr'><strong>et</strong></span> <span class='ocrx_word' id='word_1_125' title='bbox 516 2183 822 2250; x_wconf 90' lang='lat' dir='ltr'><strong>incorrupto</strong></span> <span class='ocrx_word' id='word_1_126' title='bbox 849 2181 1028 2235; x_wconf 91' lang='lat' dir='ltr'><strong>animo</strong></span> <span class='ocrx_word' id='word_1_127' title='bbox 1055 2180 1425 2248; x_wconf 87' lang='lat' dir='ltr'><strong>deprecemur.</strong></span> <span class='ocrx_word' id='word_1_128' title='bbox 1456 2179 1667 2235; x_wconf 81' lang='lat' dir='ltr'><strong>Etenim</strong></span> <span class='ocrx_word' id='word_1_129' title='bbox 1693 2221 1710 2247; x_wconf 92' lang='lat'><strong>,</strong></span> <span class='ocrx_word' id='word_1_130' title='bbox 1738 2188 1797 2233; x_wconf 94' lang='lat' dir='ltr'><strong>ut</strong></span> <span class='ocrx_word' id='word_1_131' title='bbox 1823 2193 2020 2247; x_wconf 87' lang='lat' dir='ltr'><strong>corpus</strong></span> 
     </span>
    </p>
   </div>
   <div class='ocr_carea' id='block_1_23' title="bbox 434 2272 2022 2341">
    <p class='ocr_par' dir='ltr' id='par_1_23' title="bbox 434 2272 2022 2341">
     <span class='ocr_line' id='line_1_23' title="bbox 434 2272 2022 2341; baseline 0.003 -19"><span class='ocrx_word' id='word_1_132' title='bbox 434 2272 565 2326; x_wconf 78' lang='lat' dir='ltr'><strong>solis</strong></span> <span class='ocrx_word' id='word_1_133' title='bbox 591 2273 814 2337; x_wconf 89' lang='lat' dir='ltr'><strong>lumine,</strong></span> <span class='ocrx_word' id='word_1_134' title='bbox 857 2273 935 2326; x_wconf 91' lang='lat' dir='ltr'><strong>sic</strong></span> <span class='ocrx_word' id='word_1_135' title='bbox 955 2273 1171 2326; x_wconf 91' lang='lat' dir='ltr'><strong>animus</strong></span> <span class='ocrx_word' id='word_1_136' title='bbox 1197 2272 1562 2341; x_wconf 89' lang='lat' dir='ltr'><strong>precationum</strong></span> <span class='ocrx_word' id='word_1_137' title='bbox 1596 2272 1762 2326; x_wconf 88' lang='lat' dir='ltr'><strong>radiis</strong></span> <span class='ocrx_word' id='word_1_138' title='bbox 1789 2272 2022 2326; x_wconf 87' lang='lat' dir='ltr'><strong>illustra-</strong></span> 
     </span>
    </p>
   </div>
   <div class='ocr_carea' id='block_1_24' title="bbox 436 2362 2017 2433">
    <p class='ocr_par' dir='ltr' id='par_1_24' title="bbox 436 2362 2017 2433">
     <span class='ocr_line' id='line_1_24' title="bbox 436 2362 2017 2433; baseline 0.001 -18"><span class='ocrx_word' id='word_1_139' title='bbox 436 2371 541 2417; x_wconf 89' lang='lat' dir='ltr'><strong>tur.</strong></span> <span class='ocrx_word' id='word_1_140' title='bbox 575 2363 631 2418; x_wconf 91' lang='lat' dir='ltr'><strong>Si</strong></span> <span class='ocrx_word' id='word_1_141' title='bbox 659 2379 786 2433; x_wconf 84' lang='lat' dir='ltr'><strong>ergo</strong></span> <span class='ocrx_word' id='word_1_142' title='bbox 813 2364 940 2419; x_wconf 64' lang='lat' dir='ltr'><strong>eieci</strong></span> <span class='ocrx_word' id='word_1_143' title='bbox 989 2362 1263 2418; x_wconf 84' lang='lat' dir='ltr'><strong>calamitas</strong></span> <span class='ocrx_word' id='word_1_144' title='bbox 1296 2369 1380 2417; x_wconf 88' lang='lat' dir='ltr'><strong>est</strong></span> <span class='ocrx_word' id='word_1_145' title='bbox 1422 2363 1588 2418; x_wconf 89' lang='lat' dir='ltr'><strong>solem</strong></span> <span class='ocrx_word' id='word_1_146' title='bbox 1631 2363 1870 2432; x_wconf 87' lang='lat' dir='ltr'><strong>aspicere</strong></span> <span class='ocrx_word' id='word_1_147' title='bbox 1913 2378 2017 2417; x_wconf 91' lang='lat' dir='ltr'><strong>non</strong></span> 
     </span>
    </p>
   </div>
   <div class='ocr_carea' id='block_1_25' title="bbox 435 2452 2015 2524">
    <p class='ocr_par' dir='ltr' id='par_1_25' title="bbox 435 2452 2015 2524">
     <span class='ocr_line' id='line_1_25' title="bbox 435 2452 2015 2524; baseline 0 -18"><span class='ocrx_word' id='word_1_148' title='bbox 435 2469 611 2524; x_wconf 83' lang='lat' dir='ltr'><strong>posse,</strong></span> <span class='ocrx_word' id='word_1_149' title='bbox 636 2463 830 2524; x_wconf 89' lang='lat' dir='ltr'><strong>quanta</strong></span> <span class='ocrx_word' id='word_1_150' title='bbox 853 2454 1064 2510; x_wconf 85' lang='lat' dir='ltr'><strong>tandem</strong></span> <span class='ocrx_word' id='word_1_151' title='bbox 1087 2464 1170 2508; x_wconf 90' lang='lat' dir='ltr'><strong>est</strong></span> <span class='ocrx_word' id='word_1_152' title='bbox 1196 2452 1486 2507; x_wconf 88' lang='lat' dir='ltr'><strong>Christiani</strong></span> <span class='ocrx_word' id='word_1_153' title='bbox 1514 2453 1612 2508; x_wconf 86' lang='lat' dir='ltr'><strong>viri</strong></span> <span class='ocrx_word' id='word_1_154' title='bbox 1638 2453 1844 2522; x_wconf 86' lang='lat' dir='ltr'><strong>jactura</strong></span> <span class='ocrx_word' id='word_1_155' title='bbox 1867 2494 1882 2519; x_wconf 92' lang='lat'><strong>,</strong></span> <span class='ocrx_word' id='word_1_156' title='bbox 1910 2468 2015 2506; x_wconf 91' lang='lat' dir='ltr'><strong>non</strong></span> 
     </span>
    </p>
   </div>
   <div class='ocr_carea' id='block_1_26' title="bbox 432 2543 2018 2616">
    <p class='ocr_par' dir='ltr' id='par_1_26' title="bbox 432 2543 2018 2616">
     <span class='ocr_line' id='line_1_26' title="bbox 432 2543 2018 2616; baseline -0.003 -16"><span class='ocrx_word' id='word_1_157' title='bbox 432 2545 650 2601; x_wconf 82' lang='lat' dir='ltr'><strong>assidue</strong></span> <span class='ocrx_word' id='word_1_158' title='bbox 675 2546 842 2600; x_wconf 90' lang='lat' dir='ltr'><strong>Deum</strong></span> <span class='ocrx_word' id='word_1_159' title='bbox 863 2546 1067 2616; x_wconf 88' lang='lat' dir='ltr'><strong>precari</strong></span> <span class='ocrx_word' id='word_1_160' title='bbox 1094 2545 1399 2615; x_wconf 87' lang='lat' dir='ltr'><strong>Christique</strong></span> <span class='ocrx_word' id='word_1_161' title='bbox 1428 2543 1771 2614; x_wconf 88' lang='lat' dir='ltr'><strong>splendorem</strong></span> <span class='ocrx_word' id='word_1_162' title='bbox 1799 2544 1851 2596; x_wconf 91' lang='lat' dir='ltr'><strong>in</strong></span> <span class='ocrx_word' id='word_1_163' title='bbox 1901 2543 2018 2596; x_wconf 87' lang='lat' dir='ltr'><strong>ani-</strong></span> 
     </span>
    </p>
   </div>
   <div class='ocr_carea' id='block_1_27' title="bbox 433 2634 2013 2708">
    <p class='ocr_par' dir='ltr' id='par_1_27' title="bbox 433 2634 2013 2708">
     <span class='ocr_line' id='line_1_27' title="bbox 433 2634 2013 2708; baseline -0.003 -16"><span class='ocrx_word' id='word_1_164' title='bbox 433 2654 577 2692; x_wconf 89' lang='lat' dir='ltr'><strong>mum</strong></span> <span class='ocrx_word' id='word_1_165' title='bbox 611 2638 854 2708; x_wconf 85' lang='lat' dir='ltr'><strong>precibus</strong></span> <span class='ocrx_word' id='word_1_166' title='bbox 889 2637 1124 2693; x_wconf 85' lang='lat' dir='ltr'><strong>inferre?</strong></span> <span class='ocrx_word' id='word_1_167' title='bbox 1151 2636 1268 2692; x_wconf 80' lang='lat' dir='ltr'><strong>Jam</strong></span> <span class='ocrx_word' id='word_1_168' title='bbox 1318 2651 1445 2690; x_wconf 89' lang='lat' dir='ltr'><strong>vero</strong></span> <span class='ocrx_word' id='word_1_169' title='bbox 1492 2635 1584 2690; x_wconf 89' lang='lat' dir='ltr'><strong>Dei</strong></span> <span class='ocrx_word' id='word_1_170' title='bbox 1638 2634 2013 2704; x_wconf 82' lang='lat' dir='ltr'><strong>benignitatem</strong></span> 
     </span>
    </p>
   </div>
   <div class='ocr_carea' id='block_1_28' title="bbox 430 2727 2012 2800">
    <p class='ocr_par' dir='ltr' id='par_1_28' title="bbox 430 2727 2012 2800">
     <span class='ocr_line' id='line_1_28' title="bbox 430 2727 2012 2800; baseline -0.003 -16"><span class='ocrx_word' id='word_1_171' title='bbox 430 2741 593 2800; x_wconf 78' lang='lat' dir='ltr'><strong>atque</strong></span> <span class='ocrx_word' id='word_1_172' title='bbox 637 2730 970 2784; x_wconf 82' lang='lat' dir='ltr'><strong>clementiam</strong></span> <span class='ocrx_word' id='word_1_173' title='bbox 1006 2728 1125 2798; x_wconf 90' lang='lat' dir='ltr'><strong>quis</strong></span> <span class='ocrx_word' id='word_1_174' title='bbox 1152 2743 1255 2782; x_wconf 90' lang='lat' dir='ltr'><strong>non</strong></span> <span class='ocrx_word' id='word_1_175' title='bbox 1297 2727 1612 2792; x_wconf 87' lang='lat' dir='ltr'><strong>admiretur,</strong></span> <span class='ocrx_word' id='word_1_176' title='bbox 1640 2727 1760 2797; x_wconf 90' lang='lat' dir='ltr'><strong>quis</strong></span> <span class='ocrx_word' id='word_1_177' title='bbox 1784 2741 1892 2780; x_wconf 91' lang='lat' dir='ltr'><strong>non</strong></span> <span class='ocrx_word' id='word_1_178' title='bbox 1920 2742 2012 2779; x_wconf 87' lang='lat' dir='ltr'><strong>su-</strong></span> 
     </span>
    </p>
   </div>
   <div class='ocr_carea' id='block_1_29' title="bbox 431 2818 2012 2894">
    <p class='ocr_par' dir='ltr' id='par_1_29' title="bbox 431 2818 2012 2894">
     <span class='ocr_line' id='line_1_29' title="bbox 431 2818 2012 2894; baseline -0.003 -18"><span class='ocrx_word' id='word_1_179' title='bbox 431 2823 622 2894; x_wconf 87' lang='lat' dir='ltr'><strong>spiciat</strong></span> <span class='ocrx_word' id='word_1_180' title='bbox 645 2865 660 2888; x_wconf 93' lang='lat'><strong>,</strong></span> <span class='ocrx_word' id='word_1_181' title='bbox 705 2837 866 2894; x_wconf 89' lang='lat' dir='ltr'><strong>quam</strong></span> <span class='ocrx_word' id='word_1_182' title='bbox 895 2821 1048 2877; x_wconf 84' lang='lat' dir='ltr'><strong>nobis</strong></span> <span class='ocrx_word' id='word_1_183' title='bbox 1071 2822 1325 2885; x_wconf 87' lang='lat' dir='ltr'><strong>ostendit,</strong></span> <span class='ocrx_word' id='word_1_184' title='bbox 1357 2835 1478 2876; x_wconf 89' lang='lat' dir='ltr'><strong>cum</strong></span> <span class='ocrx_word' id='word_1_185' title='bbox 1524 2829 1726 2875; x_wconf 88' lang='lat' dir='ltr'><strong>tantum</strong></span> <span class='ocrx_word' id='word_1_186' title='bbox 1756 2818 2012 2873; x_wconf 89' lang='lat' dir='ltr'><strong>honorem</strong></span> 
     </span>
    </p>
   </div>
   <div class='ocr_carea' id='block_1_30' title="bbox 430 2912 2011 2982">
    <p class='ocr_par' dir='ltr' id='par_1_30' title="bbox 430 2912 2011 2982">
     <span class='ocr_line' id='line_1_30' title="bbox 430 2912 2011 2982; baseline -0.005 -12"><span class='ocrx_word' id='word_1_187' title='bbox 430 2915 737 2970; x_wconf 81' lang='lat' dir='ltr'><strong>hominibus</strong></span> <span class='ocrx_word' id='word_1_188' title='bbox 764 2912 992 2978; x_wconf 89' lang='lat' dir='ltr'><strong>deferat,</strong></span> <span class='ocrx_word' id='word_1_189' title='bbox 1017 2921 1073 2968; x_wconf 93' lang='lat' dir='ltr'><strong>ut</strong></span> <span class='ocrx_word' id='word_1_190' title='bbox 1098 2929 1191 2968; x_wconf 92' lang='lat' dir='ltr'><strong>eos</strong></span> <span class='ocrx_word' id='word_1_191' title='bbox 1220 2913 1526 2982; x_wconf 87' lang='lat' dir='ltr'><strong>precatione</strong></span> <span class='ocrx_word' id='word_1_192' title='bbox 1552 2926 1617 2966; x_wconf 87' lang='lat' dir='ltr'><strong>ac</strong></span> <span class='ocrx_word' id='word_1_193' title='bbox 1643 2925 1738 2966; x_wconf 90' lang='lat' dir='ltr'><strong>sua</strong></span> <span class='ocrx_word' id='word_1_194' title='bbox 1777 2925 2011 2965; x_wconf 86' lang='lat' dir='ltr'><strong>consue-</strong></span> 
     </span>
    </p>
   </div>
   <div class='ocr_carea' id='block_1_31' title="bbox 428 3001 2012 3076">
    <p class='ocr_par' dir='ltr' id='par_1_31' title="bbox 428 3001 2012 3076">
     <span class='ocr_line' id='line_1_31' title="bbox 428 3001 2012 3076; baseline -0.004 -15"><span class='ocrx_word' id='word_1_195' title='bbox 428 3007 612 3062; x_wconf 82' lang='lat' dir='ltr'><strong>tudine</strong></span> <span class='ocrx_word' id='word_1_196' title='bbox 636 3005 923 3076; x_wconf 76' lang='lat' dir='ltr'><strong>dignetur?</strong></span> <span class='ocrx_word' id='word_1_197' title='bbox 953 3005 1156 3060; x_wconf 81' lang='lat' dir='ltr'><strong>Etenim</strong></span> <span class='ocrx_word' id='word_1_198' title='bbox 1187 3018 1307 3059; x_wconf 90' lang='lat' dir='ltr'><strong>cum</strong></span> <span class='ocrx_word' id='word_1_199' title='bbox 1338 3004 1449 3058; x_wconf 91' lang='lat' dir='ltr'><strong>Deo</strong></span> <span class='ocrx_word' id='word_1_200' title='bbox 1464 3019 1524 3058; x_wconf 91' lang='lat' dir='ltr'><strong>re</strong></span> <span class='ocrx_word' id='word_1_201' title='bbox 1541 3018 1665 3058; x_wconf 86' lang='lat' dir='ltr'><strong>vera</strong></span> <span class='ocrx_word' id='word_1_202' title='bbox 1692 3001 2012 3072; x_wconf 80' lang='lat' dir='ltr'><strong>precationis</strong></span> 
     </span>
    </p>
   </div>
   <div class='ocr_carea' id='block_1_32' title="bbox 429 3095 2012 3170">
    <p class='ocr_par' dir='ltr' id='par_1_32' title="bbox 429 3095 2012 3170">
     <span class='ocr_line' id='line_1_32' title="bbox 429 3095 2012 3170; baseline -0.005 -17"><span class='ocrx_word' id='word_1_203' title='bbox 429 3111 670 3170; x_wconf 88' lang='lat' dir='ltr'><strong>tempore</strong></span> <span class='ocrx_word' id='word_1_204' title='bbox 699 3098 1072 3168; x_wconf 88' lang='lat' dir='ltr'><strong>colloquimur,</strong></span> <span class='ocrx_word' id='word_1_205' title='bbox 1122 3111 1224 3168; x_wconf 90' lang='lat' dir='ltr'><strong>qua</strong></span> <span class='ocrx_word' id='word_1_206' title='bbox 1247 3111 1367 3150; x_wconf 84' lang='lat' dir='ltr'><strong>cum</strong></span> <span class='ocrx_word' id='word_1_207' title='bbox 1393 3095 1595 3166; x_wconf 78' lang='lat' dir='ltr'><strong>angelis</strong></span> <span class='ocrx_word' id='word_1_208' title='bbox 1623 3110 1836 3165; x_wconf 92' lang='lat' dir='ltr'><strong>quoque</strong></span> <span class='ocrx_word' id='word_1_209' title='bbox 1883 3109 2012 3147; x_wconf 84' lang='lat' dir='ltr'><strong>con-</strong></span> 
     </span>
    </p>
   </div>
   <div class='ocr_carea' id='block_1_33' title="bbox 421 3186 2008 3264">
    <p class='ocr_par' dir='ltr' id='par_1_33' title="bbox 421 3186 2008 3264">
     <span class='ocr_line' id='line_1_33' title="bbox 421 3186 2008 3264; baseline -0.004 -19"><span class='ocrx_word' id='word_1_210' title='bbox 421 3191 714 3264; x_wconf 85' lang='lat' dir='ltr'><strong>jnugimur,</strong></span> <span class='ocrx_word' id='word_1_211' title='bbox 741 3206 844 3262; x_wconf 90' lang='lat' dir='ltr'><strong>qua</strong></span> <span class='ocrx_word' id='word_1_212' title='bbox 865 3191 1023 3260; x_wconf 84' lang='lat' dir='ltr'><strong>longe</strong></span> <span class='ocrx_word' id='word_1_213' title='bbox 1051 3205 1080 3242; x_wconf 90' lang='lat' dir='ltr'><strong>a</strong></span> <span class='ocrx_word' id='word_1_214' title='bbox 1105 3188 1367 3261; x_wconf 84' lang='lat' dir='ltr'><strong>pecudum</strong></span> <span class='ocrx_word' id='word_1_215' title='bbox 1398 3187 1656 3243; x_wconf 86' lang='lat' dir='ltr'><strong>societate</strong></span> <span class='ocrx_word' id='word_1_216' title='bbox 1687 3186 2008 3242; x_wconf 86' lang='lat' dir='ltr'><strong>recedimus.</strong></span> 
     </span>
    </p>
   </div>
   <div class='ocr_carea' id='block_1_34' title="bbox 425 3279 2010 3353">
    <p class='ocr_par' dir='ltr' id='par_1_34' title="bbox 425 3279 2010 3353">
     <span class='ocr_line' id='line_1_34' title="bbox 425 3279 2010 3353; baseline -0.006 -15"><span class='ocrx_word' id='word_1_217' title='bbox 425 3284 753 3353; x_wconf 80' lang='lat' dir='ltr'><strong>Augelorum</strong></span> <span class='ocrx_word' id='word_1_218' title='bbox 781 3294 864 3338; x_wconf 88' lang='lat' dir='ltr'><strong>est</strong></span> <span class='ocrx_word' id='word_1_219' title='bbox 884 3283 1026 3336; x_wconf 91' lang='lat' dir='ltr'><strong>enim</strong></span> <span class='ocrx_word' id='word_1_220' title='bbox 1056 3280 1312 3350; x_wconf 89' lang='lat' dir='ltr'><strong>precatio,</strong></span> <span class='ocrx_word' id='word_1_221' title='bbox 1340 3295 1461 3348; x_wconf 83' lang='lat' dir='ltr'><strong>quae</strong></span> <span class='ocrx_word' id='word_1_222' title='bbox 1481 3279 1561 3333; x_wconf 87' lang='lat' dir='ltr'><strong>vel</strong></span> <span class='ocrx_word' id='word_1_223' title='bbox 1585 3293 1771 3332; x_wconf 89' lang='lat' dir='ltr'><strong>eorum</strong></span> <span class='ocrx_word' id='word_1_224' title='bbox 1794 3286 2010 3346; x_wconf 88' lang='lat' dir='ltr'><strong>superat</strong></span> 
     </span>
    </p>
   </div>
   <div class='ocr_carea' id='block_1_35' title="bbox 426 3367 2010 3444">
    <p class='ocr_par' dir='ltr' id='par_1_35' title="bbox 426 3367 2010 3444">
     <span class='ocr_line' id='line_1_35' title="bbox 426 3367 2010 3444; baseline -0.006 -14"><span class='ocrx_word' id='word_1_225' title='bbox 426 3375 762 3444; x_wconf 85' lang='lat' dir='ltr'><strong>dignitatem,</strong></span> <span class='ocrx_word' id='word_1_226' title='bbox 807 3371 1092 3440; x_wconf 85' lang='lat' dir='ltr'><strong>siquidem</strong></span> <span class='ocrx_word' id='word_1_227' title='bbox 1143 3385 1264 3425; x_wconf 92' lang='lat' dir='ltr'><strong>cum</strong></span> <span class='ocrx_word' id='word_1_228' title='bbox 1315 3370 1425 3424; x_wconf 89' lang='lat' dir='ltr'><strong>Deo</strong></span> <span class='ocrx_word' id='word_1_229' title='bbox 1471 3368 1616 3438; x_wconf 83' lang='lat' dir='ltr'><strong>loqui</strong></span> <span class='ocrx_word' id='word_1_230' title='bbox 1674 3367 2010 3436; x_wconf 65' lang='lat' dir='ltr'><strong>praestantius</strong></span> 
     </span>
    </p>
   </div>
   <div class='ocr_carea' id='block_1_36' title="bbox 425 3457 2010 3532">
    <p class='ocr_par' dir='ltr' id='par_1_36' title="bbox 425 3457 2010 3532">
     <span class='ocr_line' id='line_1_36' title="bbox 425 3457 2010 3532; baseline -0.005 -16"><span class='ocrx_word' id='word_1_231' title='bbox 425 3463 676 3532; x_wconf 86' lang='lat' dir='ltr'><strong>quiddam</strong></span> <span class='ocrx_word' id='word_1_232' title='bbox 699 3470 802 3517; x_wconf 86' lang='lat' dir='ltr'><strong>est.</strong></span> <span class='ocrx_word' id='word_1_233' title='bbox 831 3462 1007 3528; x_wconf 81' lang='lat' dir='ltr'><strong>Atque</strong></span> <span class='ocrx_word' id='word_1_234' title='bbox 1037 3459 1088 3513; x_wconf 89' lang='lat' dir='ltr'><strong>id</strong></span> <span class='ocrx_word' id='word_1_235' title='bbox 1113 3459 1210 3528; x_wconf 84' lang='lat' dir='ltr'><strong>ipsi</strong></span> <span class='ocrx_word' id='word_1_236' title='bbox 1253 3473 1352 3513; x_wconf 91' lang='lat' dir='ltr'><strong>nos</strong></span> <span class='ocrx_word' id='word_1_237' title='bbox 1380 3458 1612 3523; x_wconf 89' lang='lat' dir='ltr'><strong>docent,</strong></span> <span class='ocrx_word' id='word_1_238' title='bbox 1671 3457 1758 3526; x_wconf 90' lang='lat' dir='ltr'><strong>qui</strong></span> <span class='ocrx_word' id='word_1_239' title='bbox 1818 3471 2010 3524; x_wconf 89' lang='lat' dir='ltr'><strong>magno</strong></span> 
     </span>
    </p>
   </div>
   <div class='ocr_carea' id='block_1_37' title="bbox 425 3545 2006 3623">
    <p class='ocr_par' dir='ltr' id='par_1_37' title="bbox 425 3545 2006 3623">
     <span class='ocr_line' id='line_1_37' title="bbox 425 3545 2006 3623; baseline -0.007 -13"><span class='ocrx_word' id='word_1_240' title='bbox 425 3556 617 3611; x_wconf 89' lang='lat' dir='ltr'><strong>timore</strong></span> <span class='ocrx_word' id='word_1_241' title='bbox 644 3566 832 3623; x_wconf 85' lang='lat' dir='ltr'><strong>preces</strong></span> <span class='ocrx_word' id='word_1_242' title='bbox 853 3549 1104 3612; x_wconf 87' lang='lat' dir='ltr'><strong>oll&#39;erunt,</strong></span> <span class='ocrx_word' id='word_1_243' title='bbox 1133 3563 1337 3619; x_wconf 89' lang='lat' dir='ltr'><strong>nosque</strong></span> <span class='ocrx_word' id='word_1_244' title='bbox 1361 3548 1670 3610; x_wconf 88' lang='lat' dir='ltr'><strong>admonent,</strong></span> <span class='ocrx_word' id='word_1_245' title='bbox 1692 3546 1870 3610; x_wconf 72' lang='lat' dir='ltr'><strong>uoltis,</strong></span> <span class='ocrx_word' id='word_1_246' title='bbox 1915 3545 2006 3615; x_wconf 89' lang='lat' dir='ltr'><strong>qui</strong></span> 
     </span>
    </p>
   </div>
   <div class='ocr_carea' id='block_1_38' title="bbox 423 3638 2004 3706">
    <p class='ocr_par' dir='ltr' id='par_1_38' title="bbox 423 3638 2004 3706">
     <span class='ocr_line' id='line_1_38' title="bbox 423 3638 2004 3706; baseline -0.006 -5"><span class='ocrx_word' id='word_1_247' title='bbox 423 3647 488 3702; x_wconf 89' lang='lat' dir='ltr'><strong>ad</strong></span> <span class='ocrx_word' id='word_1_248' title='bbox 520 3647 681 3700; x_wconf 90' lang='lat' dir='ltr'><strong>Deum</strong></span> <span class='ocrx_word' id='word_1_249' title='bbox 703 3642 1009 3700; x_wconf 89' lang='lat' dir='ltr'><strong>accedimus</strong></span> <span class='ocrx_word' id='word_1_250' title='bbox 1029 3683 1044 3706; x_wconf 95' lang='lat'><strong>,</strong></span> <span class='ocrx_word' id='word_1_251' title='bbox 1099 3642 1343 3696; x_wconf 91' lang='lat' dir='ltr'><strong>timorem</strong></span> <span class='ocrx_word' id='word_1_252' title='bbox 1367 3654 1488 3695; x_wconf 89' lang='lat' dir='ltr'><strong>esse</strong></span> <span class='ocrx_word' id='word_1_253' title='bbox 1507 3638 1662 3692; x_wconf 87' lang='lat' dir='ltr'><strong>simul</strong></span> <span class='ocrx_word' id='word_1_254' title='bbox 1691 3650 1746 3693; x_wconf 91' lang='lat' dir='ltr'><strong>et</strong></span> <span class='ocrx_word' id='word_1_255' title='bbox 1770 3639 2004 3692; x_wconf 61' lang='lat' dir='ltr'><strong>Iustitiam</strong></span> 
     </span>
    </p>
   </div>
   <div class='ocr_carea' id='block_1_39' title="bbox 421 3731 2008 3804">
    <p class='ocr_par' dir='ltr' id='par_1_39' title="bbox 421 3731 2008 3804">
     <span class='ocr_line' id='line_1_39' title="bbox 421 3731 2008 3804; baseline -0.005 -11"><span class='ocrx_word' id='word_1_256' title='bbox 421 3736 810 3794; x_wconf 83' lang='lat' dir='ltr'><strong>adhibendam:</strong></span> <span class='ocrx_word' id='word_1_257' title='bbox 843 3733 1136 3791; x_wconf 90' lang='lat' dir='ltr'><strong>timendum</strong></span> <span class='ocrx_word' id='word_1_258' title='bbox 1157 3733 1396 3804; x_wconf 86' lang='lat' dir='ltr'><strong>quidem,</strong></span> <span class='ocrx_word' id='word_1_259' title='bbox 1421 3731 1752 3797; x_wconf 73' lang='lat' dir='ltr'><strong>verentibus,</strong></span> <span class='ocrx_word' id='word_1_260' title='bbox 1793 3747 1861 3785; x_wconf 87' lang='lat' dir='ltr'><strong>ne</strong></span> <span class='ocrx_word' id='word_1_261' title='bbox 1888 3747 2008 3802; x_wconf 88' lang='lat' dir='ltr'><strong>pre-</strong></span> 
     </span>
    </p>
   </div>
   <div class='ocr_carea' id='block_1_40' title="bbox 419 3825 2004 3898">
    <p class='ocr_par' dir='ltr' id='par_1_40' title="bbox 419 3825 2004 3898">
     <span class='ocr_line' id='line_1_40' title="bbox 419 3825 2004 3898; baseline -0.006 -12"><span class='ocrx_word' id='word_1_262' title='bbox 419 3831 630 3886; x_wconf 87' lang='lat' dir='ltr'><strong>catione</strong></span> <span class='ocrx_word' id='word_1_263' title='bbox 651 3828 849 3898; x_wconf 77' lang='lat' dir='ltr'><strong>indigni</strong></span> <span class='ocrx_word' id='word_1_264' title='bbox 880 3842 1002 3883; x_wconf 90' lang='lat' dir='ltr'><strong>esse</strong></span> <span class='ocrx_word' id='word_1_265' title='bbox 1029 3827 1345 3892; x_wconf 86' lang='lat' dir='ltr'><strong>videamur;</strong></span> <span class='ocrx_word' id='word_1_266' title='bbox 1371 3825 1556 3880; x_wconf 71' lang='lat' dir='ltr'><strong>laetitia</strong></span> <span class='ocrx_word' id='word_1_267' title='bbox 1582 3840 1680 3880; x_wconf 89' lang='lat' dir='ltr'><strong>nos</strong></span> <span class='ocrx_word' id='word_1_268' title='bbox 1720 3832 1896 3878; x_wconf 86' lang='lat' dir='ltr'><strong>tamen</strong></span> <span class='ocrx_word' id='word_1_269' title='bbox 1938 3838 2004 3877; x_wconf 76' lang='lat' dir='ltr'><strong>ex</strong></span> 
     </span>
    </p>
   </div>
   <div class='ocr_carea' id='block_1_41' title="bbox 423 3915 2002 3992">
    <p class='ocr_par' dir='ltr' id='par_1_41' title="bbox 423 3915 2002 3992">
     <span class='ocr_line' id='line_1_41' title="bbox 423 3915 2002 3992; baseline -0.005 -16"><span class='ocrx_word' id='word_1_270' title='bbox 423 3924 641 3978; x_wconf 88' lang='lat' dir='ltr'><strong>honoris</strong></span> <span class='ocrx_word' id='word_1_271' title='bbox 667 3921 1033 3992; x_wconf 75' lang='lat' dir='ltr'><strong>magnitudine</strong></span> <span class='ocrx_word' id='word_1_272' title='bbox 1062 3917 1302 3990; x_wconf 88' lang='lat' dir='ltr'><strong>perfundi</strong></span> <span class='ocrx_word' id='word_1_273' title='bbox 1345 3927 1616 3988; x_wconf 90' lang='lat' dir='ltr'><strong>oportere,</strong></span> <span class='ocrx_word' id='word_1_274' title='bbox 1663 3915 1807 3987; x_wconf 88' lang='lat' dir='ltr'><strong>quod</strong></span> <span class='ocrx_word' id='word_1_275' title='bbox 1856 3923 2002 3969; x_wconf 90' lang='lat' dir='ltr'><strong>tanta</strong></span> 
     </span>
    </p>
   </div>
   <div class='ocr_carea' id='block_1_42' title="bbox 418 4006 2002 4084">
    <p class='ocr_par' dir='ltr' id='par_1_42' title="bbox 418 4006 2002 4084">
     <span class='ocr_line' id='line_1_42' title="bbox 418 4006 2002 4084; baseline -0.006 -15"><span class='ocrx_word' id='word_1_276' title='bbox 418 4030 481 4069; x_wconf 86' lang='lat' dir='ltr'><strong>ac</strong></span> <span class='ocrx_word' id='word_1_277' title='bbox 511 4012 602 4068; x_wconf 90' lang='lat' dir='ltr'><strong>tali</strong></span> <span class='ocrx_word' id='word_1_278' title='bbox 629 4011 955 4084; x_wconf 88' lang='lat' dir='ltr'><strong>providentia</strong></span> <span class='ocrx_word' id='word_1_279' title='bbox 980 4009 1205 4065; x_wconf 89' lang='lat' dir='ltr'><strong>mortale</strong></span> <span class='ocrx_word' id='word_1_280' title='bbox 1231 4023 1397 4080; x_wconf 86' lang='lat' dir='ltr'><strong>genus</strong></span> <span class='ocrx_word' id='word_1_281' title='bbox 1420 4007 1752 4074; x_wconf 90' lang='lat' dir='ltr'><strong>honestetur,</strong></span> <span class='ocrx_word' id='word_1_282' title='bbox 1783 4014 1840 4060; x_wconf 93' lang='lat' dir='ltr'><strong>ut</strong></span> <span class='ocrx_word' id='word_1_283' title='bbox 1865 4006 2002 4060; x_wconf 88' lang='lat' dir='ltr'><strong>assi-</strong></span> 
     </span>
    </p>
   </div>
   <div class='ocr_carea' id='block_1_43' title="bbox 417 4097 2004 4172">
    <p class='ocr_par' dir='ltr' id='par_1_43' title="bbox 417 4097 2004 4172">
     <span class='ocr_line' id='line_1_43' title="bbox 417 4097 2004 4172; baseline -0.005 -12"><span class='ocrx_word' id='word_1_284' title='bbox 417 4105 524 4160; x_wconf 88' lang='lat' dir='ltr'><strong>duo</strong></span> <span class='ocrx_word' id='word_1_285' title='bbox 557 4104 645 4158; x_wconf 91' lang='lat' dir='ltr'><strong>Dei</strong></span> <span class='ocrx_word' id='word_1_286' title='bbox 661 4117 951 4172; x_wconf 87' lang='lat' dir='ltr'><strong>congressu</strong></span> <span class='ocrx_word' id='word_1_287' title='bbox 977 4101 1301 4172; x_wconf 84' lang='lat' dir='ltr'><strong>perfruatur,</strong></span> <span class='ocrx_word' id='word_1_288' title='bbox 1327 4117 1393 4155; x_wconf 78' lang='lat' dir='ltr'><strong>ex</strong></span> <span class='ocrx_word' id='word_1_289' title='bbox 1420 4115 1526 4170; x_wconf 93' lang='lat' dir='ltr'><strong>quo</strong></span> <span class='ocrx_word' id='word_1_290' title='bbox 1542 4109 1595 4154; x_wconf 89' lang='lat' dir='ltr'><strong>et</strong></span> <span class='ocrx_word' id='word_1_291' title='bbox 1621 4115 1651 4154; x_wconf 89' lang='lat' dir='ltr'><strong>a</strong></span> <span class='ocrx_word' id='word_1_292' title='bbox 1681 4097 2004 4152; x_wconf 89' lang='lat' dir='ltr'><strong>mortalitate</strong></span> 
     </span>
    </p>
   </div>
   <div class='ocr_carea' id='block_1_44' title="bbox 421 4191 2002 4264">
    <p class='ocr_par' dir='ltr' id='par_1_44' title="bbox 421 4191 2002 4264">
     <span class='ocr_line' id='line_1_44' title="bbox 421 4191 2002 4264; baseline -0.004 -13"><span class='ocrx_word' id='word_1_293' title='bbox 421 4206 476 4251; x_wconf 90' lang='lat' dir='ltr'><strong>ct</strong></span> <span class='ocrx_word' id='word_1_294' title='bbox 503 4211 533 4251; x_wconf 90' lang='lat' dir='ltr'><strong>a</strong></span> <span class='ocrx_word' id='word_1_295' title='bbox 563 4198 684 4251; x_wconf 73' lang='lat' dir='ltr'><strong>vita:</strong></span> <span class='ocrx_word' id='word_1_296' title='bbox 708 4195 977 4250; x_wconf 86' lang='lat' dir='ltr'><strong>curriculo</strong></span> <span class='ocrx_word' id='word_1_297' title='bbox 1004 4194 1196 4264; x_wconf 77' lang='lat' dir='ltr'><strong>exiguo</strong></span> <span class='ocrx_word' id='word_1_298' title='bbox 1220 4203 1458 4262; x_wconf 87' lang='lat' dir='ltr'><strong>tempore</strong></span> <span class='ocrx_word' id='word_1_299' title='bbox 1477 4191 1881 4260; x_wconf 83' lang='lat' dir='ltr'><strong>circumscripto</strong></span> <span class='ocrx_word' id='word_1_300' title='bbox 1919 4207 2002 4245; x_wconf 86' lang='lat' dir='ltr'><strong>re-</strong></span> 
     </span>
    </p>
   </div>
   <div class='ocr_carea' id='block_1_45' title="bbox 419 4283 1999 4360">
    <p class='ocr_par' dir='ltr' id='par_1_45' title="bbox 419 4283 1999 4360">
     <span class='ocr_line' id='line_1_45' title="bbox 419 4283 1999 4360; baseline -0.005 -15"><span class='ocrx_word' id='word_1_301' title='bbox 419 4290 698 4346; x_wconf 87' lang='lat' dir='ltr'><strong>cedimus:</strong></span> <span class='ocrx_word' id='word_1_302' title='bbox 725 4289 923 4360; x_wconf 87' lang='lat' dir='ltr'><strong>quippe</strong></span> <span class='ocrx_word' id='word_1_303' title='bbox 949 4287 1038 4358; x_wconf 91' lang='lat' dir='ltr'><strong>qui</strong></span> <span class='ocrx_word' id='word_1_304' title='bbox 1070 4287 1278 4341; x_wconf 88' lang='lat' dir='ltr'><strong>tametsi</strong></span> <span class='ocrx_word' id='word_1_305' title='bbox 1308 4295 1493 4339; x_wconf 88' lang='lat' dir='ltr'><strong>natura</strong></span> <span class='ocrx_word' id='word_1_306' title='bbox 1525 4284 1794 4348; x_wconf 90' lang='lat' dir='ltr'><strong>mortales,</strong></span> <span class='ocrx_word' id='word_1_307' title='bbox 1822 4284 1891 4338; x_wconf 91' lang='lat' dir='ltr'><strong>ob</strong></span> <span class='ocrx_word' id='word_1_308' title='bbox 1905 4283 1999 4337; x_wconf 91' lang='lat' dir='ltr'><strong>Dei</strong></span> 
     </span>
    </p>
   </div>
   <div class='ocr_carea' id='block_1_46' title="bbox 420 4374 2000 4444">
    <p class='ocr_par' dir='ltr' id='par_1_46' title="bbox 420 4374 2000 4444">
     <span class='ocr_line' id='line_1_46' title="bbox 420 4374 2000 4444; baseline -0.003 -11"><span class='ocrx_word' id='word_1_309' title='bbox 420 4392 598 4437; x_wconf 90' lang='lat' dir='ltr'><strong>tamen</strong></span> <span class='ocrx_word' id='word_1_310' title='bbox 619 4379 1066 4436; x_wconf 88' lang='lat' dir='ltr'><strong>consuetudinem</strong></span> <span class='ocrx_word' id='word_1_311' title='bbox 1097 4377 1412 4431; x_wconf 86' lang='lat' dir='ltr'><strong>familiarem</strong></span> <span class='ocrx_word' id='word_1_312' title='bbox 1437 4376 1503 4430; x_wconf 91' lang='lat' dir='ltr'><strong>ad</strong></span> <span class='ocrx_word' id='word_1_313' title='bbox 1535 4376 1696 4429; x_wconf 87' lang='lat' dir='ltr'><strong>vitam</strong></span> <span class='ocrx_word' id='word_1_314' title='bbox 1721 4374 2000 4444; x_wconf 87' lang='lat' dir='ltr'><strong>progredi-</strong></span> 
     </span>
    </p>
   </div>
   <div class='ocr_carea' id='block_1_47' title="bbox 420 4467 2002 4538">
    <p class='ocr_par' dir='ltr' id='par_1_47' title="bbox 420 4467 2002 4538">
     <span class='ocr_line' id='line_1_47' title="bbox 420 4467 2002 4538; baseline -0.003 -12"><span class='ocrx_word' id='word_1_315' title='bbox 420 4491 538 4530; x_wconf 90' lang='lat' dir='ltr'><strong>mur</strong></span> <span class='ocrx_word' id='word_1_316' title='bbox 564 4473 944 4529; x_wconf 86' lang='lat' dir='ltr'><strong>iunnortalem.</strong></span> <span class='ocrx_word' id='word_1_317' title='bbox 972 4471 1178 4524; x_wconf 87' lang='lat' dir='ltr'><strong>Etenim</strong></span> <span class='ocrx_word' id='word_1_318' title='bbox 1210 4469 1300 4538; x_wconf 91' lang='lat' dir='ltr'><strong>qui</strong></span> <span class='ocrx_word' id='word_1_319' title='bbox 1349 4484 1469 4523; x_wconf 90' lang='lat' dir='ltr'><strong>cum</strong></span> <span class='ocrx_word' id='word_1_320' title='bbox 1518 4469 1627 4523; x_wconf 90' lang='lat' dir='ltr'><strong>Deo</strong></span> <span class='ocrx_word' id='word_1_321' title='bbox 1667 4467 2002 4523; x_wconf 79' lang='lat' dir='ltr'><strong>familiariter</strong></span> 
     </span>
    </p>
   </div>
   <div class='ocr_carea' id='block_1_48' title="bbox 419 4559 2001 4631">
    <p class='ocr_par' dir='ltr' id='par_1_48' title="bbox 419 4559 2001 4631">
     <span class='ocr_line' id='line_1_48' title="bbox 419 4559 2001 4631; baseline -0.003 -12"><span class='ocrx_word' id='word_1_322' title='bbox 419 4575 680 4631; x_wconf 79' lang='lat' dir='ltr'><strong>versatur,</strong></span> <span class='ocrx_word' id='word_1_323' title='bbox 713 4573 888 4620; x_wconf 88' lang='lat' dir='ltr'><strong>morte</strong></span> <span class='ocrx_word' id='word_1_324' title='bbox 917 4564 1067 4617; x_wconf 90' lang='lat' dir='ltr'><strong>illum</strong></span> <span class='ocrx_word' id='word_1_325' title='bbox 1098 4561 1582 4631; x_wconf 87' lang='lat' dir='ltr'><strong>omniqueinteritu</strong></span> <span class='ocrx_word' id='word_1_326' title='bbox 1607 4559 1866 4629; x_wconf 89' lang='lat' dir='ltr'><strong>potiorem</strong></span> <span class='ocrx_word' id='word_1_327' title='bbox 1881 4574 2001 4615; x_wconf 89' lang='lat' dir='ltr'><strong>esse</strong></span> 
     </span>
    </p>
   </div>
   <div class='ocr_carea' id='block_1_49' title="bbox 419 4650 2001 4726">
    <p class='ocr_par' dir='ltr' id='par_1_49' title="bbox 419 4650 2001 4726">
     <span class='ocr_line' id='line_1_49' title="bbox 419 4650 2001 4726; baseline -0.004 -14"><span class='ocrx_word' id='word_1_328' title='bbox 419 4673 637 4713; x_wconf 86' lang='lat' dir='ltr'><strong>necesse</strong></span> <span class='ocrx_word' id='word_1_329' title='bbox 656 4665 758 4712; x_wconf 88' lang='lat' dir='ltr'><strong>est.</strong></span> <span class='ocrx_word' id='word_1_330' title='bbox 791 4658 984 4726; x_wconf 76' lang='lat' dir='ltr'><strong>Atque,</strong></span> <span class='ocrx_word' id='word_1_331' title='bbox 1009 4663 1064 4708; x_wconf 94' lang='lat' dir='ltr'><strong>ut</strong></span> <span class='ocrx_word' id='word_1_332' title='bbox 1089 4663 1171 4708; x_wconf 91' lang='lat' dir='ltr'><strong>est</strong></span> <span class='ocrx_word' id='word_1_333' title='bbox 1198 4651 1416 4706; x_wconf 89' lang='lat' dir='ltr'><strong>omnino</strong></span> <span class='ocrx_word' id='word_1_334' title='bbox 1445 4664 1686 4713; x_wconf 87' lang='lat' dir='ltr'><strong>necesse,</strong></span> <span class='ocrx_word' id='word_1_335' title='bbox 1735 4651 1822 4720; x_wconf 88' lang='lat' dir='ltr'><strong>qui</strong></span> <span class='ocrx_word' id='word_1_336' title='bbox 1869 4650 2001 4705; x_wconf 80' lang='lat' dir='ltr'><strong>solis</strong></span> 
     </span>
    </p>
   </div>
   <div class='ocr_carea' id='block_1_50' title="bbox 419 4742 2002 4816">
    <p class='ocr_par' dir='ltr' id='par_1_50' title="bbox 419 4742 2002 4816">
     <span class='ocr_line' id='line_1_50' title="bbox 419 4742 2002 4816; baseline -0.006 -13"><span class='ocrx_word' id='word_1_337' title='bbox 419 4747 582 4803; x_wconf 88' lang='lat' dir='ltr'><strong>radiis</strong></span> <span class='ocrx_word' id='word_1_338' title='bbox 611 4747 863 4816; x_wconf 86' lang='lat' dir='ltr'><strong>potiatur,</strong></span> <span class='ocrx_word' id='word_1_339' title='bbox 889 4762 919 4800; x_wconf 89' lang='lat' dir='ltr'><strong>a</strong></span> <span class='ocrx_word' id='word_1_340' title='bbox 941 4746 1174 4801; x_wconf 86' lang='lat' dir='ltr'><strong>tenebris</strong></span> <span class='ocrx_word' id='word_1_341' title='bbox 1197 4744 1378 4814; x_wconf 87' lang='lat' dir='ltr'><strong>procul</strong></span> <span class='ocrx_word' id='word_1_342' title='bbox 1402 4742 1591 4797; x_wconf 89' lang='lat' dir='ltr'><strong>abesse</strong></span> <span class='ocrx_word' id='word_1_343' title='bbox 1616 4758 1629 4794; x_wconf 91' lang='lat'><strong>:</strong></span> <span class='ocrx_word' id='word_1_344' title='bbox 1662 4742 1730 4795; x_wconf 91' lang='lat' dir='ltr'><strong>ita</strong></span> <span class='ocrx_word' id='word_1_345' title='bbox 1753 4742 1842 4796; x_wconf 85' lang='lat' dir='ltr'><strong>Dei</strong></span> <span class='ocrx_word' id='word_1_346' title='bbox 1873 4757 2002 4796; x_wconf 68' lang='lat' dir='ltr'><strong>con-</strong></span> 
     </span>
    </p>
   </div>
   <div class='ocr_carea' id='block_1_51' title="bbox 417 4837 2000 4907">
    <p class='ocr_par' dir='ltr' id='par_1_51' title="bbox 417 4837 2000 4907">
     <span class='ocr_line' id='line_1_51' title="bbox 417 4837 2000 4907; baseline -0.003 -11"><span class='ocrx_word' id='word_1_347' title='bbox 417 4839 704 4896; x_wconf 76' lang='lat' dir='ltr'><strong>suetudine</strong></span> <span class='ocrx_word' id='word_1_348' title='bbox 757 4839 1018 4894; x_wconf 87' lang='lat' dir='ltr'><strong>fruentem</strong></span> <span class='ocrx_word' id='word_1_349' title='bbox 1071 4853 1292 4895; x_wconf 88' lang='lat' dir='ltr'><strong>necesse</strong></span> <span class='ocrx_word' id='word_1_350' title='bbox 1334 4845 1419 4894; x_wconf 90' lang='lat' dir='ltr'><strong>est</strong></span> <span class='ocrx_word' id='word_1_351' title='bbox 1466 4851 1571 4891; x_wconf 90' lang='lat' dir='ltr'><strong>non</strong></span> <span class='ocrx_word' id='word_1_352' title='bbox 1617 4837 1843 4907; x_wconf 83' lang='lat' dir='ltr'><strong>amplius</strong></span> <span class='ocrx_word' id='word_1_353' title='bbox 1880 4853 2000 4891; x_wconf 89' lang='lat' dir='ltr'><strong>esse</strong></span> 
     </span>
    </p>
   </div>
   <div class='ocr_carea' id='block_1_52' title="bbox 418 4926 1996 4997">
    <p class='ocr_par' dir='ltr' id='par_1_52' title="bbox 418 4926 1996 4997">
     <span class='ocr_line' id='line_1_52' title="bbox 418 4926 1996 4997; baseline -0.005 -9"><span class='ocrx_word' id='word_1_354' title='bbox 418 4931 700 4988; x_wconf 75' lang='lat' dir='ltr'><strong>mortalem</strong></span> <span class='ocrx_word' id='word_1_355' title='bbox 730 4947 743 4984; x_wconf 91' lang='lat'><strong>:</strong></span> <span class='ocrx_word' id='word_1_356' title='bbox 773 4945 874 4984; x_wconf 90' lang='lat' dir='ltr'><strong>nos</strong></span> <span class='ocrx_word' id='word_1_357' title='bbox 893 4930 1034 4984; x_wconf 88' lang='lat' dir='ltr'><strong>enim</strong></span> <span class='ocrx_word' id='word_1_358' title='bbox 1060 4929 1127 4982; x_wconf 89' lang='lat' dir='ltr'><strong>ad</strong></span> <span class='ocrx_word' id='word_1_359' title='bbox 1157 4929 1614 4984; x_wconf 88' lang='lat' dir='ltr'><strong>immortalitatem</strong></span> <span class='ocrx_word' id='word_1_360' title='bbox 1645 4927 1755 4997; x_wconf 88' lang='lat' dir='ltr'><strong>ipsa</strong></span> <span class='ocrx_word' id='word_1_361' title='bbox 1779 4926 1996 4981; x_wconf 91' lang='lat' dir='ltr'><strong>honoris</strong></span> 
     </span>
    </p>
   </div>
   <div class='ocr_carea' id='block_1_53' title="bbox 417 5020 1994 5095">
    <p class='ocr_par' dir='ltr' id='par_1_53' title="bbox 417 5020 1994 5095">
     <span class='ocr_line' id='line_1_53' title="bbox 417 5020 1994 5095; baseline -0.003 -17"><span class='ocrx_word' id='word_1_362' title='bbox 417 5021 725 5095; x_wconf 85' lang='lat' dir='ltr'><strong>magnitudo</strong></span> <span class='ocrx_word' id='word_1_363' title='bbox 751 5021 1000 5076; x_wconf 88' lang='lat' dir='ltr'><strong>traducit.</strong></span> <span class='ocrx_word' id='word_1_364' title='bbox 1024 5020 1155 5075; x_wconf 87' lang='lat' dir='ltr'><strong>Nam</strong></span> <span class='ocrx_word' id='word_1_365' title='bbox 1191 5021 1274 5085; x_wconf 91' lang='lat' dir='ltr'><strong>si,</strong></span> <span class='ocrx_word' id='word_1_366' title='bbox 1295 5021 1382 5090; x_wconf 89' lang='lat' dir='ltr'><strong>qui</strong></span> <span class='ocrx_word' id='word_1_367' title='bbox 1411 5036 1589 5092; x_wconf 91' lang='lat' dir='ltr'><strong>regem</strong></span> <span class='ocrx_word' id='word_1_368' title='bbox 1617 5021 1957 5090; x_wconf 88' lang='lat' dir='ltr'><strong>alloquuntur</strong></span> <span class='ocrx_word' id='word_1_369' title='bbox 1979 5061 1994 5089; x_wconf 95' lang='lat'><strong>,</strong></span> 
     </span>
    </p>
   </div>
   <div class='ocr_carea' id='block_1_54' title="bbox 415 5111 1995 5186">
    <p class='ocr_par' dir='ltr' id='par_1_54' title="bbox 415 5111 1995 5186">
     <span class='ocr_line' id='line_1_54' title="bbox 415 5111 1995 5186; baseline -0.003 -15"><span class='ocrx_word' id='word_1_370' title='bbox 415 5127 470 5171; x_wconf 87' lang='lat' dir='ltr'><strong>ct</strong></span> <span class='ocrx_word' id='word_1_371' title='bbox 534 5116 671 5186; x_wconf 92' lang='lat' dir='ltr'><strong>apud</strong></span> <span class='ocrx_word' id='word_1_372' title='bbox 704 5114 850 5169; x_wconf 90' lang='lat' dir='ltr'><strong>illum</strong></span> <span class='ocrx_word' id='word_1_373' title='bbox 888 5113 1061 5169; x_wconf 86' lang='lat' dir='ltr'><strong>locum</strong></span> <span class='ocrx_word' id='word_1_374' title='bbox 1103 5111 1346 5166; x_wconf 89' lang='lat' dir='ltr'><strong>obtinent</strong></span> <span class='ocrx_word' id='word_1_375' title='bbox 1398 5113 1690 5183; x_wconf 88' lang='lat' dir='ltr'><strong>dignitatis,</strong></span> <span class='ocrx_word' id='word_1_376' title='bbox 1731 5114 1846 5169; x_wconf 83' lang='lat' dir='ltr'><strong>ﬁeri</strong></span> <span class='ocrx_word' id='word_1_377' title='bbox 1893 5129 1995 5167; x_wconf 88' lang='lat' dir='ltr'><strong>non</strong></span> 
     </span>
    </p>
   </div>
   <div class='ocr_carea' id='block_1_55' title="bbox 421 5205 1999 5278">
    <p class='ocr_par' dir='ltr' id='par_1_55' title="bbox 421 5205 1999 5278">
     <span class='ocr_line' id='line_1_55' title="bbox 421 5205 1999 5278; baseline 0.002 -20"><span class='ocrx_word' id='word_1_378' title='bbox 421 5216 618 5278; x_wconf 78' lang='lat' dir='ltr'><strong>potest,</strong></span> <span class='ocrx_word' id='word_1_379' title='bbox 645 5218 699 5262; x_wconf 89' lang='lat' dir='ltr'><strong>ut</strong></span> <span class='ocrx_word' id='word_1_380' title='bbox 748 5205 926 5276; x_wconf 82' lang='lat' dir='ltr'><strong>inopia</strong></span> <span class='ocrx_word' id='word_1_381' title='bbox 966 5205 1228 5269; x_wconf 86' lang='lat' dir='ltr'><strong>laborent,</strong></span> <span class='ocrx_word' id='word_1_382' title='bbox 1259 5205 1370 5258; x_wconf 89' lang='lat' dir='ltr'><strong>lieri</strong></span> <span class='ocrx_word' id='word_1_383' title='bbox 1401 5205 1620 5259; x_wconf 88' lang='lat' dir='ltr'><strong>omnino</strong></span> <span class='ocrx_word' id='word_1_384' title='bbox 1656 5207 1813 5275; x_wconf 88' lang='lat' dir='ltr'><strong>longe</strong></span> <span class='ocrx_word' id='word_1_385' title='bbox 1858 5206 1999 5262; x_wconf 82' lang='lat' dir='ltr'><strong>diffi-</strong></span> 
     </span>
    </p>
   </div>
   <div class='ocr_carea' id='block_1_56' title="bbox 412 5294 1999 5370">
    <p class='ocr_par' dir='ltr' id='par_1_56' title="bbox 412 5294 1999 5370">
     <span class='ocr_line' id='line_1_56' title="bbox 412 5294 1999 5370; baseline -0.003 -16"><span class='ocrx_word' id='word_1_386' title='bbox 412 5301 568 5354; x_wconf 86' lang='lat' dir='ltr'><strong>cilius</strong></span> <span class='ocrx_word' id='word_1_387' title='bbox 592 5308 790 5370; x_wconf 78' lang='lat' dir='ltr'><strong>poteSI,</strong></span> <span class='ocrx_word' id='word_1_388' title='bbox 813 5307 869 5351; x_wconf 92' lang='lat' dir='ltr'><strong>ut</strong></span> <span class='ocrx_word' id='word_1_389' title='bbox 895 5295 986 5368; x_wconf 87' lang='lat' dir='ltr'><strong>qui</strong></span> <span class='ocrx_word' id='word_1_390' title='bbox 1014 5294 1282 5365; x_wconf 84' lang='lat' dir='ltr'><strong>supplices</strong></span> <span class='ocrx_word' id='word_1_391' title='bbox 1306 5294 1372 5349; x_wconf 87' lang='lat' dir='ltr'><strong>ad</strong></span> <span class='ocrx_word' id='word_1_392' title='bbox 1398 5295 1560 5349; x_wconf 91' lang='lat' dir='ltr'><strong>Deum</strong></span> <span class='ocrx_word' id='word_1_393' title='bbox 1605 5297 1900 5363; x_wconf 88' lang='lat' dir='ltr'><strong>accedunt,</strong></span> <span class='ocrx_word' id='word_1_394' title='bbox 1945 5307 1999 5352; x_wconf 90' lang='lat' dir='ltr'><strong>et</strong></span> 
     </span>
    </p>
   </div>
   <div class='ocr_carea' id='block_1_57' title="bbox 413 5387 1991 5458">
    <p class='ocr_par' dir='ltr' id='par_1_57' title="bbox 413 5387 1991 5458">
     <span class='ocr_line' id='line_1_57' title="bbox 413 5387 1991 5458; baseline -0.004 -10"><span class='ocrx_word' id='word_1_395' title='bbox 413 5409 535 5448; x_wconf 87' lang='lat' dir='ltr'><strong>cum</strong></span> <span class='ocrx_word' id='word_1_396' title='bbox 563 5408 628 5446; x_wconf 87' lang='lat' dir='ltr'><strong>eo</strong></span> <span class='ocrx_word' id='word_1_397' title='bbox 661 5391 1059 5458; x_wconf 86' lang='lat' dir='ltr'><strong>colloquuntur,</strong></span> <span class='ocrx_word' id='word_1_398' title='bbox 1079 5387 1329 5441; x_wconf 89' lang='lat' dir='ltr'><strong>mortales</strong></span> <span class='ocrx_word' id='word_1_399' title='bbox 1344 5387 1553 5441; x_wconf 83' lang='lat' dir='ltr'><strong>animos</strong></span> <span class='ocrx_word' id='word_1_400' title='bbox 1579 5391 1951 5443; x_wconf 89' lang='lat' dir='ltr'><strong>nanciscautur</strong></span> <span class='ocrx_word' id='word_1_401' title='bbox 1978 5404 1991 5442; x_wconf 92' lang='lat'><strong>:</strong></span> 
     </span>
    </p>
   </div>
   <div class='ocr_carea' id='block_1_58' title="bbox 415 5479 1992 5550">
    <p class='ocr_par' dir='ltr' id='par_1_58' title="bbox 415 5479 1992 5550">
     <span class='ocr_line' id='line_1_58' title="bbox 415 5479 1992 5550; baseline -0.006 -8"><span class='ocrx_word' id='word_1_402' title='bbox 415 5504 560 5542; x_wconf 80' lang='lat' dir='ltr'><strong>mors</strong></span> <span class='ocrx_word' id='word_1_403' title='bbox 591 5485 733 5539; x_wconf 88' lang='lat' dir='ltr'><strong>enim</strong></span> <span class='ocrx_word' id='word_1_404' title='bbox 764 5492 849 5536; x_wconf 88' lang='lat' dir='ltr'><strong>cst</strong></span> <span class='ocrx_word' id='word_1_405' title='bbox 873 5481 1034 5536; x_wconf 90' lang='lat' dir='ltr'><strong>animi</strong></span> <span class='ocrx_word' id='word_1_406' title='bbox 1066 5479 1173 5535; x_wconf 89' lang='lat' dir='ltr'><strong>vita</strong></span> <span class='ocrx_word' id='word_1_407' title='bbox 1199 5495 1227 5532; x_wconf 91' lang='lat' dir='ltr'><strong>a</strong></span> <span class='ocrx_word' id='word_1_408' title='bbox 1252 5479 1450 5549; x_wconf 87' lang='lat' dir='ltr'><strong>pietate</strong></span> <span class='ocrx_word' id='word_1_409' title='bbox 1474 5494 1537 5534; x_wconf 90' lang='lat' dir='ltr'><strong>ac</strong></span> <span class='ocrx_word' id='word_1_410' title='bbox 1566 5480 1768 5550; x_wconf 87' lang='lat' dir='ltr'><strong>legibus</strong></span> <span class='ocrx_word' id='word_1_411' title='bbox 1795 5481 1992 5535; x_wconf 86' lang='lat' dir='ltr'><strong>aliena.</strong></span> 
     </span>
    </p>
   </div>
   <div class='ocr_carea' id='block_1_59' title="bbox 418 5572 1992 5644">
    <p class='ocr_par' dir='ltr' id='par_1_59' title="bbox 418 5572 1992 5644">
     <span class='ocr_line' id='line_1_59' title="bbox 418 5572 1992 5644; baseline -0.003 -14"><span class='ocrx_word' id='word_1_412' title='bbox 418 5576 667 5644; x_wconf 72' lang='lat' dir='ltr'><strong>Ejusdem</strong></span> <span class='ocrx_word' id='word_1_413' title='bbox 691 5575 850 5644; x_wconf 84' lang='lat' dir='ltr'><strong>igitur</strong></span> <span class='ocrx_word' id='word_1_414' title='bbox 867 5572 1031 5626; x_wconf 88' lang='lat' dir='ltr'><strong>animi</strong></span> <span class='ocrx_word' id='word_1_415' title='bbox 1060 5573 1167 5626; x_wconf 87' lang='lat' dir='ltr'><strong>vita</strong></span> <span class='ocrx_word' id='word_1_416' title='bbox 1193 5580 1466 5627; x_wconf 81' lang='lat' dir='ltr'><strong>constatel</strong></span> <span class='ocrx_word' id='word_1_417' title='bbox 1498 5572 1754 5641; x_wconf 88' lang='lat' dir='ltr'><strong>religione</strong></span> <span class='ocrx_word' id='word_1_418' title='bbox 1775 5614 1790 5636; x_wconf 88' lang='lat'><strong>,</strong></span> <span class='ocrx_word' id='word_1_419' title='bbox 1821 5581 1872 5628; x_wconf 90' lang='lat' dir='ltr'><strong>et</strong></span> <span class='ocrx_word' id='word_1_420' title='bbox 1902 5589 1992 5627; x_wconf 87' lang='lat' dir='ltr'><strong>ac-</strong></span> 
     </span>
    </p>
   </div>
   <div class='ocr_carea' id='block_1_60' title="bbox 417 5664 1991 5732">
    <p class='ocr_par' dir='ltr' id='par_1_60' title="bbox 417 5664 1991 5732">
     <span class='ocr_line' id='line_1_60' title="bbox 417 5664 1991 5732; baseline -0.002 -11"><span class='ocrx_word' id='word_1_421' title='bbox 417 5669 652 5721; x_wconf 58' lang='lat' dir='ltr'><strong>tionibus</strong></span> <span class='ocrx_word' id='word_1_422' title='bbox 682 5665 923 5727; x_wconf 76' lang='lat' dir='ltr'><strong>vivendi,</strong></span> <span class='ocrx_word' id='word_1_423' title='bbox 977 5678 1094 5729; x_wconf 60' lang='lat' dir='ltr'><strong>quae</strong></span> <span class='ocrx_word' id='word_1_424' title='bbox 1144 5679 1264 5717; x_wconf 84' lang='lat' dir='ltr'><strong>cum</strong></span> <span class='ocrx_word' id='word_1_425' title='bbox 1309 5664 1565 5732; x_wconf 73' lang='lat' dir='ltr'><strong>religione</strong></span> <span class='ocrx_word' id='word_1_426' title='bbox 1613 5667 1942 5718; x_wconf 74' lang='lat' dir='ltr'><strong>consentiant</strong></span> <span class='ocrx_word' id='word_1_427' title='bbox 1981 5683 1991 5717; x_wconf 90' lang='lat'>:</span> 
     </span>
    </p>
   </div>
   <div class='ocr_carea' id='block_1_61' title="bbox 485 5755 1311 5814">
    <p class='ocr_par' dir='ltr' id='par_1_61' title="bbox 485 5755 1311 5814">
     <span class='ocr_line' id='line_1_61' title="bbox 485 5755 1311 5814; baseline 0.002 -10"><span class='ocrx_word' id='word_1_428' title='bbox 485 5759 559 5814; x_wconf 68' lang='lat' dir='ltr'><strong>te)</strong></span> <span class='ocrx_word' id='word_1_429' title='bbox 590 5757 762 5806; x_wconf 57' lang='lat' dir='ltr'><strong>collata</strong></span> <span class='ocrx_word' id='word_1_430' title='bbox 781 5765 990 5806; x_wconf 63' lang='lat' dir='ltr'><strong>enatus.</strong></span> <span class='ocrx_word' id='word_1_431' title='bbox 1010 5755 1139 5804; x_wconf 75' lang='lat' dir='ltr'><strong>(:olb.</strong></span> <span class='ocrx_word' id='word_1_432' title='bbox 1183 5758 1311 5808; x_wconf 69' lang='lat' dir='ltr'><strong>l030.</strong></span> 
     </span>
    </p>
   </div>
   <div class='ocr_carea' id='block_1_62' title="bbox 2139 806 3735 909">
    <p class='ocr_par' dir='ltr' id='par_1_62' title="bbox 2139 806 3735 909">
     <span class='ocr_line' id='line_1_62' title="bbox 2139 806 3735 909; baseline 0.031 -57"><span class='ocrx_word' id='word_1_433' title='bbox 2139 806 2284 873; x_wconf 89' lang='lat' dir='ltr'><strong>atqui</strong></span> <span class='ocrx_word' id='word_1_434' title='bbox 2333 808 2494 864; x_wconf 85' lang='lat' dir='ltr'><strong>vitam</strong></span> <span class='ocrx_word' id='word_1_435' title='bbox 2532 824 2770 873; x_wconf 88' lang='lat' dir='ltr'><strong>sanctam</strong></span> <span class='ocrx_word' id='word_1_436' title='bbox 2809 836 2872 876; x_wconf 85' lang='lat' dir='ltr'><strong>ac</strong></span> <span class='ocrx_word' id='word_1_437' title='bbox 2908 822 3090 881; x_wconf 87' lang='lat' dir='ltr'><strong>divino</strong></span> <span class='ocrx_word' id='word_1_438' title='bbox 3139 831 3303 887; x_wconf 88' lang='lat' dir='ltr'><strong>cultui</strong></span> <span class='ocrx_word' id='word_1_439' title='bbox 3342 851 3735 909; x_wconf 72' lang='lat' dir='ltr'><strong>congruentem</strong></span> 
     </span>
    </p>
   </div>
   <div class='ocr_carea' id='block_1_63' title="bbox 2139 903 3733 992">
    <p class='ocr_par' dir='ltr' id='par_1_63' title="bbox 2139 903 3733 992">
     <span class='ocr_line' id='line_1_63' title="bbox 2139 903 3733 992; baseline 0.026 -40"><span class='ocrx_word' id='word_1_440' title='bbox 2139 913 2327 966; x_wconf 87' lang='lat' dir='ltr'><strong>preces</strong></span> <span class='ocrx_word' id='word_1_441' title='bbox 2351 903 2596 973; x_wconf 80' lang='lat' dir='ltr'><strong>afferunt,</strong></span> <span class='ocrx_word' id='word_1_442' title='bbox 2625 920 2681 966; x_wconf 90' lang='lat' dir='ltr'><strong>et</strong></span> <span class='ocrx_word' id='word_1_443' title='bbox 2713 913 2764 965; x_wconf 90' lang='lat' dir='ltr'><strong>in</strong></span> <span class='ocrx_word' id='word_1_444' title='bbox 2789 915 2998 972; x_wconf 87' lang='lat' dir='ltr'><strong>animos</strong></span> <span class='ocrx_word' id='word_1_445' title='bbox 3014 931 3226 978; x_wconf 88' lang='lat' dir='ltr'><strong>nostros</strong></span> <span class='ocrx_word' id='word_1_446' title='bbox 3245 903 3537 988; x_wconf 75' lang='lat' dir='ltr'><strong>miriﬁch</strong></span> <span class='ocrx_word' id='word_1_447' title='bbox 3558 951 3733 992; x_wconf 79' lang='lat' dir='ltr'><strong>rcmm</strong></span> 
     </span>
    </p>
   </div>
   <div class='ocr_carea' id='block_1_64' title="bbox 2135 992 3739 1085">
    <p class='ocr_par' dir='ltr' id='par_1_64' title="bbox 2135 992 3739 1085">
     <span class='ocr_line' id='line_1_64' title="bbox 2135 992 3739 1085; baseline 0.026 -44"><span class='ocrx_word' id='word_1_448' title='bbox 2135 992 2374 1085; x_wconf 82' lang='lat' dir='ltr'><strong>omnium</strong></span> <span class='ocrx_word' id='word_1_449' title='bbox 2430 1000 2777 1066; x_wconf 81' lang='lat' dir='ltr'><strong>pretiosarum</strong></span> <span class='ocrx_word' id='word_1_450' title='bbox 2823 1009 3034 1078; x_wconf 83' lang='lat' dir='ltr'><strong>copiam</strong></span> <span class='ocrx_word' id='word_1_451' title='bbox 3083 1019 3404 1074; x_wconf 88' lang='lat' dir='ltr'><strong>recondunt.</strong></span> <span class='ocrx_word' id='word_1_452' title='bbox 3433 1023 3582 1079; x_wconf 79' lang='lat' dir='ltr'><strong>Nam</strong></span> <span class='ocrx_word' id='word_1_453' title='bbox 3635 1032 3739 1085; x_wconf 77' lang='lat' dir='ltr'><strong>sive</strong></span> 
     </span>
    </p>
   </div>
   <div class='ocr_carea' id='block_1_65' title="bbox 2136 1081 3735 1179">
    <p class='ocr_par' dir='ltr' id='par_1_65' title="bbox 2136 1081 3735 1179">
     <span class='ocr_line' id='line_1_65' title="bbox 2136 1081 3735 1179; baseline 0.027 -48"><span class='ocrx_word' id='word_1_454' title='bbox 2136 1081 2396 1152; x_wconf 87' lang='lat' dir='ltr'><strong>quispiam</strong></span> <span class='ocrx_word' id='word_1_455' title='bbox 2425 1090 2776 1158; x_wconf 81' lang='lat' dir='ltr'><strong>virginitatem</strong></span> <span class='ocrx_word' id='word_1_456' title='bbox 2805 1097 3085 1168; x_wconf 88' lang='lat' dir='ltr'><strong>adamarit,</strong></span> <span class='ocrx_word' id='word_1_457' title='bbox 3117 1119 3230 1162; x_wconf 73' lang='lat' dir='ltr'><strong>snve</strong></span> <span class='ocrx_word' id='word_1_458' title='bbox 3259 1113 3582 1179; x_wconf 86' lang='lat' dir='ltr'><strong>nuptiarum</strong></span> <span class='ocrx_word' id='word_1_459' title='bbox 3609 1128 3735 1173; x_wconf 87' lang='lat' dir='ltr'><strong>tem-</strong></span> 
     </span>
    </p>
   </div>
   <div class='ocr_carea' id='block_1_66' title="bbox 2131 1175 3735 1271">
    <p class='ocr_par' dir='ltr' id='par_1_66' title="bbox 2131 1175 3735 1271">
     <span class='ocr_line' id='line_1_66' title="bbox 2131 1175 3735 1271; baseline 0.026 -48"><span class='ocrx_word' id='word_1_460' title='bbox 2131 1175 2428 1240; x_wconf 89' lang='lat' dir='ltr'><strong>perantiam</strong></span> <span class='ocrx_word' id='word_1_461' title='bbox 2449 1180 2586 1234; x_wconf 88' lang='lat' dir='ltr'><strong>colat</strong></span> <span class='ocrx_word' id='word_1_462' title='bbox 2608 1222 2624 1247; x_wconf 95' lang='lat'><strong>,</strong></span> <span class='ocrx_word' id='word_1_463' title='bbox 2651 1185 2763 1239; x_wconf 89' lang='lat' dir='ltr'><strong>sive</strong></span> <span class='ocrx_word' id='word_1_464' title='bbox 2802 1187 3128 1248; x_wconf 86' lang='lat' dir='ltr'><strong>iracundiam</strong></span> <span class='ocrx_word' id='word_1_465' title='bbox 3157 1175 3457 1271; x_wconf 80' lang='lat' dir='ltr'><strong>continere,</strong></span> <span class='ocrx_word' id='word_1_466' title='bbox 3501 1215 3563 1259; x_wconf 91' lang='lat' dir='ltr'><strong>ct</strong></span> <span class='ocrx_word' id='word_1_467' title='bbox 3591 1225 3735 1264; x_wconf 78' lang='lat' dir='ltr'><strong>man-</strong></span> 
     </span>
    </p>
   </div>
   <div class='ocr_carea' id='block_1_67' title="bbox 2131 1273 3730 1364">
    <p class='ocr_par' dir='ltr' id='par_1_67' title="bbox 2131 1273 3730 1364">
     <span class='ocr_line' id='line_1_67' title="bbox 2131 1273 3730 1364; baseline 0.026 -49"><span class='ocrx_word' id='word_1_468' title='bbox 2131 1273 2284 1319; x_wconf 83' lang='lat' dir='ltr'><strong>suete</strong></span> <span class='ocrx_word' id='word_1_469' title='bbox 2308 1282 2486 1338; x_wconf 89' lang='lat' dir='ltr'><strong>agere,</strong></span> <span class='ocrx_word' id='word_1_470' title='bbox 2514 1273 2626 1328; x_wconf 88' lang='lat' dir='ltr'><strong>sive</strong></span> <span class='ocrx_word' id='word_1_471' title='bbox 2648 1273 2842 1334; x_wconf 88' lang='lat' dir='ltr'><strong>invidia</strong></span> <span class='ocrx_word' id='word_1_472' title='bbox 2874 1296 3063 1338; x_wconf 88' lang='lat' dir='ltr'><strong>vacare</strong></span> <span class='ocrx_word' id='word_1_473' title='bbox 3103 1297 3196 1342; x_wconf 90' lang='lat' dir='ltr'><strong>aut</strong></span> <span class='ocrx_word' id='word_1_474' title='bbox 3230 1290 3375 1345; x_wconf 80' lang='lat' dir='ltr'><strong>aliud</strong></span> <span class='ocrx_word' id='word_1_475' title='bbox 3401 1297 3546 1364; x_wconf 86' lang='lat' dir='ltr'><strong>quid</strong></span> <span class='ocrx_word' id='word_1_476' title='bbox 3575 1298 3730 1356; x_wconf 79' lang='lat' dir='ltr'><strong>ofﬁcii</strong></span> 
     </span>
    </p>
   </div>
   <div class='ocr_carea' id='block_1_68' title="bbox 2131 1363 3728 1451">
    <p class='ocr_par' dir='ltr' id='par_1_68' title="bbox 2131 1363 3728 1451">
     <span class='ocr_line' id='line_1_68' title="bbox 2131 1363 3728 1451; baseline 0.023 -43"><span class='ocrx_word' id='word_1_477' title='bbox 2131 1366 2386 1451; x_wconf 45' lang='lat' dir='ltr'><strong>praestare</strong></span> <span class='ocrx_word' id='word_1_478' title='bbox 2414 1363 2632 1431; x_wconf 90' lang='lat' dir='ltr'><strong>nitatur,</strong></span> <span class='ocrx_word' id='word_1_479' title='bbox 2664 1372 2971 1436; x_wconf 86' lang='lat' dir='ltr'><strong>precatione</strong></span> <span class='ocrx_word' id='word_1_480' title='bbox 2994 1375 3148 1441; x_wconf 89' lang='lat' dir='ltr'><strong>duce,</strong></span> <span class='ocrx_word' id='word_1_481' title='bbox 3192 1363 3587 1451; x_wconf 83' lang='lat' dir='ltr'><strong>ethujusmodi</strong></span> <span class='ocrx_word' id='word_1_482' title='bbox 3612 1393 3728 1447; x_wconf 66' lang='lat' dir='ltr'><strong>vit:</strong></span> 
     </span>
    </p>
   </div>
   <div class='ocr_carea' id='block_1_69' title="bbox 2129 1447 3729 1548">
    <p class='ocr_par' dir='ltr' id='par_1_69' title="bbox 2129 1447 3729 1548">
     <span class='ocr_line' id='line_1_69' title="bbox 2129 1447 3729 1548; baseline 0.027 -50"><span class='ocrx_word' id='word_1_483' title='bbox 2129 1447 2269 1502; x_wconf 89' lang='lat' dir='ltr'><strong>viam</strong></span> <span class='ocrx_word' id='word_1_484' title='bbox 2295 1453 2588 1521; x_wconf 90' lang='lat' dir='ltr'><strong>muniente,</strong></span> <span class='ocrx_word' id='word_1_485' title='bbox 2619 1460 2922 1528; x_wconf 80' lang='lat' dir='ltr'><strong>expeditum</strong></span> <span class='ocrx_word' id='word_1_486' title='bbox 2955 1464 3173 1526; x_wconf 81' lang='lat' dir='ltr'><strong>habebit</strong></span> <span class='ocrx_word' id='word_1_487' title='bbox 3192 1481 3247 1528; x_wconf 85' lang='lat' dir='ltr'><strong>et</strong></span> <span class='ocrx_word' id='word_1_488' title='bbox 3267 1447 3486 1533; x_wconf 76' lang='lat' dir='ltr'><strong>facilem</strong></span> <span class='ocrx_word' id='word_1_489' title='bbox 3521 1482 3729 1548; x_wconf 79' lang='lat' dir='ltr'><strong>pietatis</strong></span> 
     </span>
    </p>
   </div>
   <div class='ocr_carea' id='block_1_70' title="bbox 2130 1550 3726 1643">
    <p class='ocr_par' dir='ltr' id='par_1_70' title="bbox 2130 1550 3726 1643">
     <span class='ocr_line' id='line_1_70' title="bbox 2130 1550 3726 1643; baseline 0.024 -51"><span class='ocrx_word' id='word_1_490' title='bbox 2130 1552 2344 1643; x_wconf 56' lang='lat' dir='ltr'><strong>cursum</strong></span> <span class='ocrx_word' id='word_1_491' title='bbox 2368 1561 2381 1596; x_wconf 90' lang='lat'><strong>:</strong></span> <span class='ocrx_word' id='word_1_492' title='bbox 2401 1559 2506 1599; x_wconf 91' lang='lat' dir='ltr'><strong>non</strong></span> <span class='ocrx_word' id='word_1_493' title='bbox 2530 1551 2673 1602; x_wconf 85' lang='lat' dir='ltr'><strong>enim</strong></span> <span class='ocrx_word' id='word_1_494' title='bbox 2691 1550 2805 1606; x_wconf 84' lang='lat' dir='ltr'><strong>ﬁeri</strong></span> <span class='ocrx_word' id='word_1_495' title='bbox 2819 1554 2930 1609; x_wconf 92' lang='lat' dir='ltr'><strong>ullo</strong></span> <span class='ocrx_word' id='word_1_496' title='bbox 2949 1558 3110 1614; x_wconf 91' lang='lat' dir='ltr'><strong>modo</strong></span> <span class='ocrx_word' id='word_1_497' title='bbox 3121 1571 3316 1631; x_wconf 87' lang='lat' dir='ltr'><strong>potest,</strong></span> <span class='ocrx_word' id='word_1_498' title='bbox 3333 1577 3394 1620; x_wconf 92' lang='lat' dir='ltr'><strong>ut</strong></span> <span class='ocrx_word' id='word_1_499' title='bbox 3409 1571 3510 1640; x_wconf 91' lang='lat' dir='ltr'><strong>qui</strong></span> <span class='ocrx_word' id='word_1_500' title='bbox 3529 1582 3726 1643; x_wconf 81' lang='lat' dir='ltr'><strong>tempe-</strong></span> 
     </span>
    </p>
   </div>
   <div class='ocr_carea' id='block_1_71' title="bbox 2127 1631 3728 1726">
    <p class='ocr_par' dir='ltr' id='par_1_71' title="bbox 2127 1631 3728 1726">
     <span class='ocr_line' id='line_1_71' title="bbox 2127 1631 3728 1726; baseline 0.025 -45"><span class='ocrx_word' id='word_1_501' title='bbox 2127 1631 2376 1698; x_wconf 88' lang='lat' dir='ltr'><strong>rantiam,</strong></span> <span class='ocrx_word' id='word_1_502' title='bbox 2385 1635 2661 1704; x_wconf 88' lang='lat' dir='ltr'><strong>justitiam,</strong></span> <span class='ocrx_word' id='word_1_503' title='bbox 2677 1648 3155 1716; x_wconf 88' lang='lat' dir='ltr'><strong>mansuetudinem,</strong></span> <span class='ocrx_word' id='word_1_504' title='bbox 3170 1631 3568 1726; x_wconf 73' lang='lat' dir='ltr'><strong>benignitatem</strong></span> <span class='ocrx_word' id='word_1_505' title='bbox 3581 1680 3614 1717; x_wconf 88' lang='lat' dir='ltr'><strong>a</strong></span> 
     </span>
    </p>
   </div>
   <div class='ocr_carea' id='block_1_72' title="bbox 2130 1729 3726 1819">
    <p class='ocr_par' dir='ltr' id='par_1_72' title="bbox 2130 1729 3726 1819">
     <span class='ocr_line' id='line_1_72' title="bbox 2130 1729 3726 1819; baseline 0.024 -47"><span class='ocrx_word' id='word_1_506' title='bbox 2130 1729 2330 1819; x_wconf 84' lang='lat' dir='ltr'><strong>petunt,</strong></span> <span class='ocrx_word' id='word_1_507' title='bbox 2347 1740 2450 1779; x_wconf 90' lang='lat' dir='ltr'><strong>non</strong></span> <span class='ocrx_word' id='word_1_508' title='bbox 2463 1729 2567 1782; x_wconf 89' lang='lat' dir='ltr'><strong>voti</strong></span> <span class='ocrx_word' id='word_1_509' title='bbox 2578 1743 2852 1800; x_wconf 88' lang='lat' dir='ltr'><strong>compotes</strong></span> <span class='ocrx_word' id='word_1_510' title='bbox 2866 1735 3013 1791; x_wconf 84' lang='lat' dir='ltr'><strong>ﬁant.</strong></span> <span class='ocrx_word' id='word_1_511' title='bbox 3025 1738 3183 1796; x_wconf 84' lang='lat' dir='ltr'><strong>Petite</strong></span> <span class='ocrx_word' id='word_1_512' title='bbox 3192 1747 3560 1819; x_wconf 84' lang='lat' dir='ltr'><strong>enim,iuquit.</strong></span> <span class='ocrx_word' id='word_1_513' title='bbox 3577 1765 3624 1808; x_wconf 84' lang='lat' dir='ltr'><strong>et</strong></span> <span class='ocrx_word' id='word_1_514' title='bbox 3640 1759 3726 1810; x_wconf 70' lang='lat' dir='ltr'><strong>de-</strong></span> 
     </span>
    </p>
   </div>
   <div class='ocr_carea' id='block_1_73' title="bbox 2127 1809 3723 1915">
    <p class='ocr_par' dir='ltr' id='par_1_73' title="bbox 2127 1809 3723 1915">
     <span class='ocr_line' id='line_1_73' title="bbox 2127 1809 3723 1915; baseline 0.025 -53"><span class='ocrx_word' id='word_1_515' title='bbox 2127 1809 2259 1865; x_wconf 80' lang='lat' dir='ltr'><strong>bitur</strong></span> <span class='ocrx_word' id='word_1_516' title='bbox 2269 1813 2405 1915; x_wconf 59' lang='lat' dir='ltr'><strong>trabis</strong></span> <span class='ocrx_word' id='word_1_517' title='bbox 2429 1816 2635 1887; x_wconf 66' lang='lat' dir='ltr'><strong>(Matt/1.</strong></span> <span class='ocrx_word' id='word_1_518' title='bbox 2650 1821 2895 1894; x_wconf 87' lang='lat' dir='ltr'><strong>7.7),ete.</strong></span> <span class='ocrx_word' id='word_1_519' title='bbox 2917 1826 3094 1886; x_wconf 76' lang='lat' dir='ltr'><strong>Omnis</strong></span> <span class='ocrx_word' id='word_1_520' title='bbox 3109 1835 3238 1886; x_wconf 88' lang='lat' dir='ltr'><strong>enim</strong></span> <span class='ocrx_word' id='word_1_521' title='bbox 3251 1809 3342 1908; x_wconf 80' lang='lat' dir='ltr'><strong>qui</strong></span> <span class='ocrx_word' id='word_1_522' title='bbox 3351 1809 3481 1907; x_wconf 70' lang='lat' dir='ltr'><strong>petit</strong></span> <span class='ocrx_word' id='word_1_523' title='bbox 3491 1887 3504 1902; x_wconf 82' lang='lat'><strong>,</strong></span> <span class='ocrx_word' id='word_1_524' title='bbox 3522 1809 3723 1915; x_wconf 60' lang='lat' dir='ltr'><strong>occipit,</strong></span> 
     </span>
    </p>
   </div>
   <div class='ocr_carea' id='block_1_74' title="bbox 2126 1905 3722 2000">
    <p class='ocr_par' dir='ltr' id='par_1_74' title="bbox 2126 1905 3722 2000">
     <span class='ocr_line' id='line_1_74' title="bbox 2126 1905 3722 2000; baseline 0.023 -47"><span class='ocrx_word' id='word_1_525' title='bbox 2126 1912 2172 2000; x_wconf 69' lang='lat' dir='ltr'><strong>et</strong></span> <span class='ocrx_word' id='word_1_526' title='bbox 2199 1905 2287 1971; x_wconf 83' lang='lat' dir='ltr'><strong>qui</strong></span> <span class='ocrx_word' id='word_1_527' title='bbox 2321 1911 2520 1977; x_wconf 70' lang='lat' dir='ltr'><strong>quaerit,</strong></span> <span class='ocrx_word' id='word_1_528' title='bbox 2543 1911 2747 1979; x_wconf 69' lang='lat' dir='ltr'><strong>inmit,</strong></span> <span class='ocrx_word' id='word_1_529' title='bbox 2765 1926 2812 1968; x_wconf 82' lang='lat' dir='ltr'><strong>et</strong></span> <span class='ocrx_word' id='word_1_530' title='bbox 2832 1920 3056 1986; x_wconf 76' lang='lat' dir='ltr'><strong>pulsanti</strong></span> <span class='ocrx_word' id='word_1_531' title='bbox 3072 1905 3322 1992; x_wconf 69' lang='lat' dir='ltr'><strong>aperietur</strong></span> <span class='ocrx_word' id='word_1_532' title='bbox 3369 1930 3497 1984; x_wconf 16' lang='lat' dir='ltr'><strong>Luc.</strong></span> <span class='ocrx_word' id='word_1_533' title='bbox 3517 1939 3541 1992; x_wconf 77' lang='grc' dir='ltr'><strong>Ι</strong></span> <span class='ocrx_word' id='word_1_534' title='bbox 3559 1941 3608 1995; x_wconf 83' lang='grc' dir='ltr'><strong>Ι.</strong></span> <span class='ocrx_word' id='word_1_535' title='bbox 3621 1905 3722 2000; x_wconf 34' lang='lat' dir='ltr'><strong>ludi:</strong></span> 
     </span>
    </p>
   </div>
   <div class='ocr_carea' id='block_1_75' title="bbox 2128 1991 3727 2093">
    <p class='ocr_par' dir='ltr' id='par_1_75' title="bbox 2128 1991 3727 2093">
     <span class='ocr_line' id='line_1_75' title="bbox 2128 1991 3727 2093; baseline 0.023 -48"><span class='ocrx_word' id='word_1_536' title='bbox 2128 1991 2192 2046; x_wconf 85' lang='lat' dir='ltr'><strong>Et</strong></span> <span class='ocrx_word' id='word_1_537' title='bbox 2239 1996 2363 2050; x_wconf 87' lang='lat' dir='ltr'><strong>alibi</strong></span> <span class='ocrx_word' id='word_1_538' title='bbox 2405 2015 2588 2055; x_wconf 90' lang='lat' dir='ltr'><strong>rursus</strong></span> <span class='ocrx_word' id='word_1_539' title='bbox 2617 2017 2630 2056; x_wconf 87' lang='lat'>:</span> <span class='ocrx_word' id='word_1_540' title='bbox 2661 2003 2786 2071; x_wconf 83' lang='lat' dir='ltr'><strong>Quis</strong></span> <span class='ocrx_word' id='word_1_541' title='bbox 2813 2017 2916 2073; x_wconf 88' lang='lat' dir='ltr'><strong>est,</strong></span> <span class='ocrx_word' id='word_1_542' title='bbox 2944 1991 3132 2080; x_wconf 86' lang='lat' dir='ltr'><strong>inquit,</strong></span> <span class='ocrx_word' id='word_1_543' title='bbox 3161 2031 3225 2068; x_wconf 81' lang='lat' dir='ltr'><strong>ea:</strong></span> <span class='ocrx_word' id='word_1_544' title='bbox 3271 1991 3429 2085; x_wconf 73' lang='lat' dir='ltr'><strong>rubis,</strong></span> <span class='ocrx_word' id='word_1_545' title='bbox 3458 2038 3497 2074; x_wconf 76' lang='grc' dir='ltr'><em>α</em></span> <span class='ocrx_word' id='word_1_546' title='bbox 3551 1991 3727 2093; x_wconf 44' lang='lat' dir='ltr'><strong>bilis</strong></span> 
     </span>
    </p>
   </div>
   <div class='ocr_carea' id='block_1_76' title="bbox 2126 2087 3726 2172">
    <p class='ocr_par' dir='ltr' id='par_1_76' title="bbox 2126 2087 3726 2172">
     <span class='ocr_line' id='line_1_76' title="bbox 2126 2087 3726 2172; baseline 0.023 -37"><span class='ocrx_word' id='word_1_547' title='bbox 2126 2087 2320 2154; x_wconf 84' lang='lat' dir='ltr'><strong>petierit</strong></span> <span class='ocrx_word' id='word_1_548' title='bbox 2342 2089 2480 2156; x_wconf 79' lang='lat' dir='ltr'><strong>ﬁlms</strong></span> <span class='ocrx_word' id='word_1_549' title='bbox 2498 2108 2620 2146; x_wconf 84' lang='lat' dir='ltr'><strong>suus</strong></span> <span class='ocrx_word' id='word_1_550' title='bbox 2643 2111 2822 2163; x_wconf 80' lang='lat' dir='ltr'><strong>partem</strong></span> <span class='ocrx_word' id='word_1_551' title='bbox 2844 2139 2860 2164; x_wconf 93' lang='lat'><strong>,</strong></span> <span class='ocrx_word' id='word_1_552' title='bbox 2889 2116 3010 2153; x_wconf 82' lang='lat' dir='ltr'><strong>nunt</strong></span> <span class='ocrx_word' id='word_1_553' title='bbox 3036 2102 3256 2171; x_wconf 86' lang='lat' dir='ltr'><strong>lapidem</strong></span> <span class='ocrx_word' id='word_1_554' title='bbox 3281 2109 3424 2163; x_wconf 83' lang='lat' dir='ltr'><strong>dabit</strong></span> <span class='ocrx_word' id='word_1_555' title='bbox 3452 2115 3507 2166; x_wconf 85' lang='lat' dir='ltr'><strong>ei</strong></span> <span class='ocrx_word' id='word_1_556' title='bbox 3525 2087 3574 2166; x_wconf 34' lang='grc' dir='ltr'><strong>Ρ,</strong></span> <span class='ocrx_word' id='word_1_557' title='bbox 3593 2120 3670 2171; x_wconf 80' lang='lat' dir='ltr'><strong>re!</strong></span> <span class='ocrx_word' id='word_1_558' title='bbox 3689 2123 3726 2172; x_wconf 81' lang='lat' dir='ltr'><strong>si</strong></span> 
     </span>
    </p>
   </div>
   <div class='ocr_carea' id='block_1_77' title="bbox 2126 2177 3722 2274">
    <p class='ocr_par' dir='ltr' id='par_1_77' title="bbox 2126 2177 3722 2274">
     <span class='ocr_line' id='line_1_77' title="bbox 2126 2177 3722 2274; baseline 0.021 -46"><span class='ocrx_word' id='word_1_559' title='bbox 2126 2177 2312 2245; x_wconf 80' lang='lat' dir='ltr'><strong>piscem</strong></span> <span class='ocrx_word' id='word_1_560' title='bbox 2341 2183 2555 2250; x_wconf 81' lang='lat' dir='ltr'><strong>petierit,</strong></span> <span class='ocrx_word' id='word_1_561' title='bbox 2601 2203 2722 2239; x_wconf 82' lang='lat' dir='ltr'><strong>num</strong></span> <span class='ocrx_word' id='word_1_562' title='bbox 2747 2201 3022 2256; x_wconf 80' lang='lat' dir='ltr'><strong>serpentem</strong></span> <span class='ocrx_word' id='word_1_563' title='bbox 3050 2195 3187 2248; x_wconf 76' lang='lat' dir='ltr'><strong>dabit</strong></span> <span class='ocrx_word' id='word_1_564' title='bbox 3217 2199 3298 2252; x_wconf 84' lang='lat' dir='ltr'><strong>ei?</strong></span> <span class='ocrx_word' id='word_1_565' title='bbox 3323 2200 3386 2254; x_wconf 86' lang='lat' dir='ltr'><strong>Si</strong></span> <span class='ocrx_word' id='word_1_566' title='bbox 3427 2204 3600 2274; x_wconf 68' lang='lat' dir='ltr'><strong>igitur</strong></span> <span class='ocrx_word' id='word_1_567' title='bbox 3625 2225 3722 2270; x_wconf 77' lang='lat' dir='ltr'><strong>res.</strong></span> 
     </span>
    </p>
   </div>
   <div class='ocr_carea' id='block_1_78' title="bbox 2124 2270 3723 2368">
    <p class='ocr_par' dir='ltr' id='par_1_78' title="bbox 2124 2270 3723 2368">
     <span class='ocr_line' id='line_1_78' title="bbox 2124 2270 3723 2368; baseline 0.019 -48"><span class='ocrx_word' id='word_1_568' title='bbox 2124 2283 2237 2321; x_wconf 82' lang='lat' dir='ltr'><strong>cum</strong></span> <span class='ocrx_word' id='word_1_569' title='bbox 2257 2270 2380 2324; x_wconf 85' lang='lat' dir='ltr'><strong>mali</strong></span> <span class='ocrx_word' id='word_1_570' title='bbox 2397 2272 2527 2339; x_wconf 89' lang='lat' dir='ltr'><strong>sitis,</strong></span> <span class='ocrx_word' id='word_1_571' title='bbox 2554 2277 2712 2330; x_wconf 78' lang='lat' dir='ltr'><strong>nostis</strong></span> <span class='ocrx_word' id='word_1_572' title='bbox 2727 2277 2855 2332; x_wconf 86' lang='lat' dir='ltr'><strong>bona</strong></span> <span class='ocrx_word' id='word_1_573' title='bbox 2871 2281 2995 2336; x_wconf 87' lang='lat' dir='ltr'><strong>dare</strong></span> <span class='ocrx_word' id='word_1_574' title='bbox 3007 2283 3128 2352; x_wconf 81' lang='lat' dir='ltr'><strong>[iliis</strong></span> <span class='ocrx_word' id='word_1_575' title='bbox 3145 2270 3548 2361; x_wconf 63' lang='lat' dir='ltr'><strong>vestris,quanto</strong></span> <span class='ocrx_word' id='word_1_576' title='bbox 3571 2301 3723 2368; x_wconf 80' lang='lat' dir='ltr'><strong>magis</strong></span> 
     </span>
    </p>
   </div>
   <div class='ocr_carea' id='block_1_79' title="bbox 2127 2358 3722 2453">
    <p class='ocr_par' dir='ltr' id='par_1_79' title="bbox 2127 2358 3722 2453">
     <span class='ocr_line' id='line_1_79' title="bbox 2127 2358 3722 2453; baseline 0.021 -42"><span class='ocrx_word' id='word_1_577' title='bbox 2127 2358 2280 2414; x_wconf 83' lang='lat' dir='ltr'><strong>Pater</strong></span> <span class='ocrx_word' id='word_1_578' title='bbox 2290 2374 2446 2418; x_wconf 77' lang='lat' dir='ltr'><strong>vester</strong></span> <span class='ocrx_word' id='word_1_579' title='bbox 2460 2367 2669 2422; x_wconf 72' lang='lat' dir='ltr'><strong>caelestis</strong></span> <span class='ocrx_word' id='word_1_580' title='bbox 2688 2369 2826 2424; x_wconf 80' lang='lat' dir='ltr'><strong>dabit</strong></span> <span class='ocrx_word' id='word_1_581' title='bbox 2843 2372 3090 2443; x_wconf 69' lang='lat' dir='ltr'><strong>Spiritum</strong></span> <span class='ocrx_word' id='word_1_582' title='bbox 3103 2389 3329 2434; x_wconf 78' lang='lat' dir='ltr'><strong>sanctum</strong></span> <span class='ocrx_word' id='word_1_583' title='bbox 3351 2358 3722 2453; x_wconf 37' lang='lat' dir='ltr'><strong>petentibus}:</strong></span> 
     </span>
    </p>
   </div>
   <div class='ocr_carea' id='block_1_80' title="bbox 2123 2452 3718 2548">
    <p class='ocr_par' dir='ltr' id='par_1_80' title="bbox 2123 2452 3718 2548">
     <span class='ocr_line' id='line_1_80' title="bbox 2123 2452 3718 2548; baseline 0.02 -42"><span class='ocrx_word' id='word_1_584' title='bbox 2123 2452 2281 2523; x_wconf 84' lang='lat' dir='ltr'><strong>(Ibid.</strong></span> <span class='ocrx_word' id='word_1_585' title='bbox 2300 2473 2347 2510; x_wconf 77' lang='grc' dir='ltr'><strong>υ.</strong></span> <span class='ocrx_word' id='word_1_586' title='bbox 2381 2459 2602 2530; x_wconf 72' lang='grc' dir='ltr'><strong>11-15γῖ</strong></span> <span class='ocrx_word' id='word_1_587' title='bbox 2627 2461 2720 2517; x_wconf 81' lang='lat' dir='ltr'><strong>His</strong></span> <span class='ocrx_word' id='word_1_588' title='bbox 2750 2465 2946 2533; x_wconf 88' lang='lat' dir='ltr'><strong>verbis,</strong></span> <span class='ocrx_word' id='word_1_589' title='bbox 2983 2477 3035 2523; x_wconf 86' lang='lat' dir='ltr'><strong>et</strong></span> <span class='ocrx_word' id='word_1_590' title='bbox 3067 2467 3170 2525; x_wconf 82' lang='lat' dir='ltr'><strong>hac</strong></span> <span class='ocrx_word' id='word_1_591' title='bbox 3188 2488 3282 2543; x_wconf 85' lang='lat' dir='ltr'><strong>spe</strong></span> <span class='ocrx_word' id='word_1_592' title='bbox 3314 2452 3602 2547; x_wconf 87' lang='lat' dir='ltr'><strong>proposita</strong></span> <span class='ocrx_word' id='word_1_593' title='bbox 3624 2525 3639 2548; x_wconf 92' lang='lat'><strong>,</strong></span> <span class='ocrx_word' id='word_1_594' title='bbox 3661 2486 3718 2538; x_wconf 87' lang='lat' dir='ltr'><strong>ad</strong></span> 
     </span>
    </p>
   </div>
   <div class='ocr_carea' id='block_1_81' title="bbox 2121 2548 3718 2628">
    <p class='ocr_par' dir='ltr' id='par_1_81' title="bbox 2121 2548 3718 2628">
     <span class='ocr_line' id='line_1_81' title="bbox 2121 2548 3718 2628; baseline 0.019 -32"><span class='ocrx_word' id='word_1_595' title='bbox 2121 2548 2482 2614; x_wconf 87' lang='lat' dir='ltr'><strong>precationem</strong></span> <span class='ocrx_word' id='word_1_596' title='bbox 2503 2567 2601 2608; x_wconf 91' lang='lat' dir='ltr'><strong>nos</strong></span> <span class='ocrx_word' id='word_1_597' title='bbox 2619 2569 2798 2608; x_wconf 87' lang='lat' dir='ltr'><strong>rerum</strong></span> <span class='ocrx_word' id='word_1_598' title='bbox 2820 2558 3054 2613; x_wconf 91' lang='lat' dir='ltr'><strong>omnium</strong></span> <span class='ocrx_word' id='word_1_599' title='bbox 3085 2561 3340 2620; x_wconf 88' lang='lat' dir='ltr'><strong>Dominus</strong></span> <span class='ocrx_word' id='word_1_600' title='bbox 3360 2571 3718 2628; x_wconf 85' lang='lat' dir='ltr'><strong>cohortatur:</strong></span> 
     </span>
    </p>
   </div>
   <div class='ocr_carea' id='block_1_82' title="bbox 2123 2641 3722 2722">
    <p class='ocr_par' dir='ltr' id='par_1_82' title="bbox 2123 2641 3722 2722">
     <span class='ocr_line' id='line_1_82' title="bbox 2123 2641 3722 2722; baseline 0.021 -34"><span class='ocrx_word' id='word_1_601' title='bbox 2123 2652 2219 2689; x_wconf 85' lang='lat' dir='ltr'><strong>nos</strong></span> <span class='ocrx_word' id='word_1_602' title='bbox 2267 2654 2392 2693; x_wconf 81' lang='lat' dir='ltr'><strong>vero</strong></span> <span class='ocrx_word' id='word_1_603' title='bbox 2436 2641 2590 2698; x_wconf 91' lang='lat' dir='ltr'><strong>decet</strong></span> <span class='ocrx_word' id='word_1_604' title='bbox 2631 2644 3057 2719; x_wconf 90' lang='lat' dir='ltr'><strong>obtemperantes</strong></span> <span class='ocrx_word' id='word_1_605' title='bbox 3097 2653 3227 2720; x_wconf 89' lang='lat' dir='ltr'><strong>Deo,</strong></span> <span class='ocrx_word' id='word_1_606' title='bbox 3271 2659 3323 2712; x_wconf 92' lang='lat' dir='ltr'><strong>in</strong></span> <span class='ocrx_word' id='word_1_607' title='bbox 3366 2661 3632 2719; x_wconf 87' lang='lat' dir='ltr'><strong>laudibus</strong></span> <span class='ocrx_word' id='word_1_608' title='bbox 3663 2683 3722 2722; x_wconf 84' lang='lat' dir='ltr'><strong>ae</strong></span> 
     </span>
    </p>
   </div>
   <div class='ocr_carea' id='block_1_83' title="bbox 2122 2730 3718 2822">
    <p class='ocr_par' dir='ltr' id='par_1_83' title="bbox 2122 2730 3718 2822">
     <span class='ocr_line' id='line_1_83' title="bbox 2122 2730 3718 2822; baseline 0.019 -42"><span class='ocrx_word' id='word_1_609' title='bbox 2122 2730 2367 2796; x_wconf 85' lang='lat' dir='ltr'><strong>precibus</strong></span> <span class='ocrx_word' id='word_1_610' title='bbox 2399 2743 2656 2802; x_wconf 85' lang='lat' dir='ltr'><strong>perpetuo</strong></span> <span class='ocrx_word' id='word_1_611' title='bbox 2682 2738 2878 2806; x_wconf 75' lang='lat' dir='ltr'><strong>vivere,</strong></span> <span class='ocrx_word' id='word_1_612' title='bbox 2916 2741 2987 2797; x_wconf 89' lang='lat' dir='ltr'><strong>ita</strong></span> <span class='ocrx_word' id='word_1_613' title='bbox 3019 2751 3075 2797; x_wconf 88' lang='lat' dir='ltr'><strong>ut</strong></span> <span class='ocrx_word' id='word_1_614' title='bbox 3096 2744 3190 2799; x_wconf 87' lang='lat' dir='ltr'><strong>Dei</strong></span> <span class='ocrx_word' id='word_1_615' title='bbox 3214 2749 3379 2804; x_wconf 88' lang='lat' dir='ltr'><strong>cultui</strong></span> <span class='ocrx_word' id='word_1_616' title='bbox 3409 2769 3584 2822; x_wconf 85' lang='lat' dir='ltr'><strong>quam</strong></span> <span class='ocrx_word' id='word_1_617' title='bbox 3615 2760 3718 2810; x_wconf 59' lang='lat' dir='ltr'><strong>auio</strong></span> 
     </span>
    </p>
   </div>
   <div class='ocr_carea' id='block_1_84' title="bbox 2120 2823 3719 2904">
    <p class='ocr_par' dir='ltr' id='par_1_84' title="bbox 2120 2823 3719 2904">
     <span class='ocr_line' id='line_1_84' title="bbox 2120 2823 3719 2904; baseline 0.02 -32"><span class='ocrx_word' id='word_1_618' title='bbox 2120 2823 2220 2873; x_wconf 91' lang='lat' dir='ltr'><strong>mis</strong></span> <span class='ocrx_word' id='word_1_619' title='bbox 2246 2824 2443 2878; x_wconf 88' lang='lat' dir='ltr'><strong>nostris</strong></span> <span class='ocrx_word' id='word_1_620' title='bbox 2465 2828 2665 2882; x_wconf 89' lang='lat' dir='ltr'><strong>arctius</strong></span> <span class='ocrx_word' id='word_1_621' title='bbox 2693 2828 2993 2889; x_wconf 71' lang='lat' dir='ltr'><strong>hau-eamus</strong></span> <span class='ocrx_word' id='word_1_622' title='bbox 3017 2853 3030 2888; x_wconf 89' lang='lat'><strong>:</strong></span> <span class='ocrx_word' id='word_1_623' title='bbox 3063 2837 3135 2893; x_wconf 83' lang='lat' dir='ltr'><strong>ita</strong></span> <span class='ocrx_word' id='word_1_624' title='bbox 3162 2841 3306 2894; x_wconf 91' lang='lat' dir='ltr'><strong>enim</strong></span> <span class='ocrx_word' id='word_1_625' title='bbox 3349 2843 3547 2902; x_wconf 85' lang='lat' dir='ltr'><strong>licebit</strong></span> <span class='ocrx_word' id='word_1_626' title='bbox 3572 2849 3719 2904; x_wconf 87' lang='lat' dir='ltr'><strong>nobis</strong></span> 
     </span>
    </p>
   </div>
   <div class='ocr_carea' id='block_1_85' title="bbox 2119 2914 3718 3010">
    <p class='ocr_par' dir='ltr' id='par_1_85' title="bbox 2119 2914 3718 3010">
     <span class='ocr_line' id='line_1_85' title="bbox 2119 2914 3718 3010; baseline 0.019 -46"><span class='ocrx_word' id='word_1_627' title='bbox 2119 2914 2278 2967; x_wconf 78' lang='lat' dir='ltr'><strong>vitam</strong></span> <span class='ocrx_word' id='word_1_628' title='bbox 2335 2915 2636 2973; x_wconf 88' lang='lat' dir='ltr'><strong>hominibus</strong></span> <span class='ocrx_word' id='word_1_629' title='bbox 2693 2921 2907 2992; x_wconf 87' lang='lat' dir='ltr'><strong>dignam</strong></span> <span class='ocrx_word' id='word_1_630' title='bbox 2962 2941 3142 2996; x_wconf 86' lang='lat' dir='ltr'><strong>agere.</strong></span> <span class='ocrx_word' id='word_1_631' title='bbox 3201 2930 3330 2985; x_wconf 81' lang='lat' dir='ltr'><strong>Nam</strong></span> <span class='ocrx_word' id='word_1_632' title='bbox 3386 2936 3718 3010; x_wconf 81' lang='lat' dir='ltr'><strong>quicumque</strong></span> 
     </span>
    </p>
   </div>
   <div class='ocr_carea' id='block_1_86' title="bbox 2123 3006 3714 3096">
    <p class='ocr_par' dir='ltr' id='par_1_86' title="bbox 2123 3006 3714 3096">
     <span class='ocr_line' id='line_1_86' title="bbox 2123 3006 3714 3096; baseline 0.019 -38"><span class='ocrx_word' id='word_1_633' title='bbox 2123 3006 2284 3062; x_wconf 90' lang='lat' dir='ltr'><strong>Deum</strong></span> <span class='ocrx_word' id='word_1_634' title='bbox 2327 3023 2429 3062; x_wconf 88' lang='lat' dir='ltr'><strong>non</strong></span> <span class='ocrx_word' id='word_1_635' title='bbox 2475 3021 2738 3080; x_wconf 84' lang='lat' dir='ltr'><strong>precatur,</strong></span> <span class='ocrx_word' id='word_1_636' title='bbox 2771 3031 2941 3086; x_wconf 91' lang='lat' dir='ltr'><strong>neque</strong></span> <span class='ocrx_word' id='word_1_637' title='bbox 2983 3019 3166 3076; x_wconf 91' lang='lat' dir='ltr'><strong>divino</strong></span> <span class='ocrx_word' id='word_1_638' title='bbox 3199 3025 3472 3096; x_wconf 87' lang='lat' dir='ltr'><strong>colloquio</strong></span> <span class='ocrx_word' id='word_1_639' title='bbox 3501 3006 3714 3089; x_wconf 83' lang='lat' dir='ltr'><strong>assidue</strong></span> 
     </span>
    </p>
   </div>
   <div class='ocr_carea' id='block_1_87' title="bbox 2117 3096 3709 3187">
    <p class='ocr_par' dir='ltr' id='par_1_87' title="bbox 2117 3096 3709 3187">
     <span class='ocr_line' id='line_1_87' title="bbox 2117 3096 3709 3187; baseline 0.017 -36"><span class='ocrx_word' id='word_1_640' title='bbox 2117 3096 2218 3153; x_wconf 88' lang='lat' dir='ltr'><strong>frui</strong></span> <span class='ocrx_word' id='word_1_641' title='bbox 2256 3102 2434 3170; x_wconf 90' lang='lat' dir='ltr'><strong>cupit,</strong></span> <span class='ocrx_word' id='word_1_642' title='bbox 2480 3115 2722 3161; x_wconf 90' lang='lat' dir='ltr'><strong>mortuus</strong></span> <span class='ocrx_word' id='word_1_643' title='bbox 2766 3117 2850 3162; x_wconf 87' lang='lat' dir='ltr'><strong>est</strong></span> <span class='ocrx_word' id='word_1_644' title='bbox 2887 3121 2943 3165; x_wconf 91' lang='lat' dir='ltr'><strong>et</strong></span> <span class='ocrx_word' id='word_1_645' title='bbox 2987 3113 3162 3168; x_wconf 88' lang='lat' dir='ltr'><strong>anima</strong></span> <span class='ocrx_word' id='word_1_646' title='bbox 3219 3130 3497 3187; x_wconf 87' lang='lat' dir='ltr'><strong>sensuque</strong></span> <span class='ocrx_word' id='word_1_647' title='bbox 3549 3136 3709 3178; x_wconf 80' lang='lat' dir='ltr'><strong>caret.</strong></span> 
     </span>
    </p>
   </div>
   <div class='ocr_carea' id='block_1_88' title="bbox 2117 3189 3711 3278">
    <p class='ocr_par' dir='ltr' id='par_1_88' title="bbox 2117 3189 3711 3278">
     <span class='ocr_line' id='line_1_88' title="bbox 2117 3189 3711 3278; baseline 0.014 -36"><span class='ocrx_word' id='word_1_648' title='bbox 2117 3189 2247 3244; x_wconf 87' lang='lat' dir='ltr'><strong>Illud</strong></span> <span class='ocrx_word' id='word_1_649' title='bbox 2272 3201 2355 3246; x_wconf 90' lang='lat' dir='ltr'><strong>est</strong></span> <span class='ocrx_word' id='word_1_650' title='bbox 2381 3195 2667 3250; x_wconf 81' lang='lat' dir='ltr'><strong>maximum</strong></span> <span class='ocrx_word' id='word_1_651' title='bbox 2697 3199 2935 3254; x_wconf 71' lang='lat' dir='ltr'><strong>stultitim</strong></span> <span class='ocrx_word' id='word_1_652' title='bbox 2957 3216 3022 3257; x_wconf 90' lang='lat' dir='ltr'><strong>ac</strong></span> <span class='ocrx_word' id='word_1_653' title='bbox 3047 3207 3278 3273; x_wconf 85' lang='lat' dir='ltr'><strong>stuporis</strong></span> <span class='ocrx_word' id='word_1_654' title='bbox 3304 3223 3711 3278; x_wconf 79' lang='lat' dir='ltr'><strong>argumentum,</strong></span> 
     </span>
    </p>
   </div>
   <div class='ocr_carea' id='block_1_89' title="bbox 2113 3280 3713 3372">
    <p class='ocr_par' dir='ltr' id='par_1_89' title="bbox 2113 3280 3713 3372">
     <span class='ocr_line' id='line_1_89' title="bbox 2113 3280 3713 3372; baseline 0.016 -39"><span class='ocrx_word' id='word_1_655' title='bbox 2113 3281 2157 3333; x_wconf 87' lang='lat' dir='ltr'><strong>si</strong></span> <span class='ocrx_word' id='word_1_656' title='bbox 2203 3280 2423 3339; x_wconf 81' lang='lat' dir='ltr'><strong>honoris</strong></span> <span class='ocrx_word' id='word_1_657' title='bbox 2465 3283 2623 3355; x_wconf 87' lang='lat' dir='ltr'><strong>hujus</strong></span> <span class='ocrx_word' id='word_1_658' title='bbox 2667 3292 2976 3358; x_wconf 86' lang='lat' dir='ltr'><strong>magnitudo</strong></span> <span class='ocrx_word' id='word_1_659' title='bbox 3021 3296 3323 3364; x_wconf 88' lang='lat' dir='ltr'><strong>ignoratur,</strong></span> <span class='ocrx_word' id='word_1_660' title='bbox 3368 3302 3413 3355; x_wconf 88' lang='lat' dir='ltr'><strong>si</strong></span> <span class='ocrx_word' id='word_1_661' title='bbox 3469 3307 3713 3372; x_wconf 73' lang='lat' dir='ltr'><strong>precatio</strong></span> 
     </span>
    </p>
   </div>
   <div class='ocr_carea' id='block_1_90' title="bbox 2115 3381 3711 3464">
    <p class='ocr_par' dir='ltr' id='par_1_90' title="bbox 2115 3381 3711 3464">
     <span class='ocr_line' id='line_1_90' title="bbox 2115 3381 3711 3464; baseline 0.017 -38"><span class='ocrx_word' id='word_1_662' title='bbox 2115 3389 2219 3428; x_wconf 90' lang='lat' dir='ltr'><strong>non</strong></span> <span class='ocrx_word' id='word_1_663' title='bbox 2261 3387 2490 3444; x_wconf 88' lang='lat' dir='ltr'><strong>amatur,</strong></span> <span class='ocrx_word' id='word_1_664' title='bbox 2532 3381 2577 3433; x_wconf 87' lang='lat' dir='ltr'><strong>si</strong></span> <span class='ocrx_word' id='word_1_665' title='bbox 2625 3396 2728 3436; x_wconf 91' lang='lat' dir='ltr'><strong>non</strong></span> <span class='ocrx_word' id='word_1_666' title='bbox 2771 3385 2966 3440; x_wconf 68' lang='lat' dir='ltr'><strong>animae</strong></span> <span class='ocrx_word' id='word_1_667' title='bbox 2997 3403 3144 3442; x_wconf 87' lang='lat' dir='ltr'><strong>mors</strong></span> <span class='ocrx_word' id='word_1_668' title='bbox 3187 3407 3306 3447; x_wconf 90' lang='lat' dir='ltr'><strong>esse</strong></span> <span class='ocrx_word' id='word_1_669' title='bbox 3344 3395 3711 3464; x_wconf 76' lang='lat' dir='ltr'><strong>existimatur,</strong></span> 
     </span>
    </p>
   </div>
   <div class='ocr_carea' id='block_1_91' title="bbox 2113 3463 3707 3556">
    <p class='ocr_par' dir='ltr' id='par_1_91' title="bbox 2113 3463 3707 3556">
     <span class='ocr_line' id='line_1_91' title="bbox 2113 3463 3707 3556; baseline 0.017 -38"><span class='ocrx_word' id='word_1_670' title='bbox 2113 3463 2279 3520; x_wconf 90' lang='lat' dir='ltr'><strong>Deum</strong></span> <span class='ocrx_word' id='word_1_671' title='bbox 2319 3483 2425 3522; x_wconf 91' lang='lat' dir='ltr'><strong>non</strong></span> <span class='ocrx_word' id='word_1_672' title='bbox 2465 3469 2707 3527; x_wconf 80' lang='lat' dir='ltr'><strong>adorare.</strong></span> <span class='ocrx_word' id='word_1_673' title='bbox 2741 3473 2812 3530; x_wconf 89' lang='lat' dir='ltr'><strong>Ut</strong></span> <span class='ocrx_word' id='word_1_674' title='bbox 2844 3477 2985 3531; x_wconf 90' lang='lat' dir='ltr'><strong>enim</strong></span> <span class='ocrx_word' id='word_1_675' title='bbox 3029 3493 3222 3552; x_wconf 91' lang='lat' dir='ltr'><strong>corpus</strong></span> <span class='ocrx_word' id='word_1_676' title='bbox 3271 3485 3370 3538; x_wconf 89' lang='lat' dir='ltr'><strong>hoc</strong></span> <span class='ocrx_word' id='word_1_677' title='bbox 3416 3463 3707 3556; x_wconf 68' lang='lat' dir='ltr'><strong>ausu-ima,</strong></span> 
     </span>
    </p>
   </div>
   <div class='ocr_carea' id='block_1_92' title="bbox 2110 3561 3708 3637">
    <p class='ocr_par' dir='ltr' id='par_1_92' title="bbox 2110 3561 3708 3637">
     <span class='ocr_line' id='line_1_92' title="bbox 2110 3561 3708 3637; baseline 0.014 -23"><span class='ocrx_word' id='word_1_678' title='bbox 2110 3574 2230 3614; x_wconf 90' lang='lat' dir='ltr'><strong>cum</strong></span> <span class='ocrx_word' id='word_1_679' title='bbox 2276 3561 2488 3618; x_wconf 89' lang='lat' dir='ltr'><strong>animus</strong></span> <span class='ocrx_word' id='word_1_680' title='bbox 2527 3564 2708 3630; x_wconf 90' lang='lat' dir='ltr'><strong>abest,</strong></span> <span class='ocrx_word' id='word_1_681' title='bbox 2755 3577 3020 3624; x_wconf 87' lang='lat' dir='ltr'><strong>mortuum</strong></span> <span class='ocrx_word' id='word_1_682' title='bbox 3060 3582 3143 3628; x_wconf 89' lang='lat' dir='ltr'><strong>est</strong></span> <span class='ocrx_word' id='word_1_683' title='bbox 3193 3591 3257 3630; x_wconf 90' lang='lat' dir='ltr'><strong>ac</strong></span> <span class='ocrx_word' id='word_1_684' title='bbox 3299 3576 3557 3636; x_wconf 64' lang='lat' dir='ltr'><strong>foetidum</strong></span> <span class='ocrx_word' id='word_1_685' title='bbox 3592 3601 3608 3637; x_wconf 92' lang='lat'>:</span> <span class='ocrx_word' id='word_1_686' title='bbox 3648 3586 3708 3636; x_wconf 80' lang='lat' dir='ltr'><strong>ita</strong></span> 
     </span>
    </p>
   </div>
   <div class='ocr_carea' id='block_1_93' title="bbox 2111 3651 3703 3735">
    <p class='ocr_par' dir='ltr' id='par_1_93' title="bbox 2111 3651 3703 3735">
     <span class='ocr_line' id='line_1_93' title="bbox 2111 3651 3703 3735; baseline 0.014 -32"><span class='ocrx_word' id='word_1_687' title='bbox 2111 3651 2211 3704; x_wconf 79' lang='lat' dir='ltr'><strong>nisi</strong></span> <span class='ocrx_word' id='word_1_688' title='bbox 2241 3666 2302 3708; x_wconf 86' lang='lat' dir='ltr'><strong>se</strong></span> <span class='ocrx_word' id='word_1_689' title='bbox 2326 3654 2536 3710; x_wconf 88' lang='lat' dir='ltr'><strong>animus</strong></span> <span class='ocrx_word' id='word_1_690' title='bbox 2579 3656 2644 3712; x_wconf 89' lang='lat' dir='ltr'><strong>ad</strong></span> <span class='ocrx_word' id='word_1_691' title='bbox 2676 3661 3036 3727; x_wconf 70' lang='lat' dir='ltr'><strong>precationem</strong></span> <span class='ocrx_word' id='word_1_692' title='bbox 3068 3667 3280 3732; x_wconf 81' lang='lat' dir='ltr'><strong>excitat,</strong></span> <span class='ocrx_word' id='word_1_693' title='bbox 3323 3681 3583 3726; x_wconf 87' lang='lat' dir='ltr'><strong>mortuus</strong></span> <span class='ocrx_word' id='word_1_694' title='bbox 3612 3684 3703 3735; x_wconf 75' lang='lat' dir='ltr'><strong>est,</strong></span> 
     </span>
    </p>
   </div>
   <div class='ocr_carea' id='block_1_94' title="bbox 2111 3743 3708 3834">
    <p class='ocr_par' dir='ltr' id='par_1_94' title="bbox 2111 3743 3708 3834">
     <span class='ocr_line' id='line_1_94' title="bbox 2111 3743 3708 3834; baseline 0.014 -39"><span class='ocrx_word' id='word_1_695' title='bbox 2111 3743 2293 3809; x_wconf 89' lang='lat' dir='ltr'><strong>miser,</strong></span> <span class='ocrx_word' id='word_1_696' title='bbox 2322 3760 2384 3800; x_wconf 90' lang='lat' dir='ltr'><strong>ac</strong></span> <span class='ocrx_word' id='word_1_697' title='bbox 2423 3745 2661 3803; x_wconf 78' lang='lat' dir='ltr'><strong>ftetidus.</strong></span> <span class='ocrx_word' id='word_1_698' title='bbox 2711 3752 2870 3818; x_wconf 89' lang='lat' dir='ltr'><strong>Atqui</strong></span> <span class='ocrx_word' id='word_1_699' title='bbox 2905 3755 3093 3823; x_wconf 89' lang='lat' dir='ltr'><strong>quavis</strong></span> <span class='ocrx_word' id='word_1_700' title='bbox 3129 3768 3302 3814; x_wconf 89' lang='lat' dir='ltr'><strong>morte</strong></span> <span class='ocrx_word' id='word_1_701' title='bbox 3329 3764 3594 3819; x_wconf 79' lang='lat' dir='ltr'><strong>acerbius</strong></span> <span class='ocrx_word' id='word_1_702' title='bbox 3622 3782 3708 3834; x_wconf 86' lang='lat' dir='ltr'><strong>pu-</strong></span> 
     </span>
    </p>
   </div>
   <div class='ocr_carea' id='block_1_95' title="bbox 2111 3831 3707 3926">
    <p class='ocr_par' dir='ltr' id='par_1_95' title="bbox 2111 3831 3707 3926">
     <span class='ocr_line' id='line_1_95' title="bbox 2111 3831 3707 3926; baseline 0.018 -43"><span class='ocrx_word' id='word_1_703' title='bbox 2111 3831 2326 3886; x_wconf 89' lang='lat' dir='ltr'><strong>tandum</strong></span> <span class='ocrx_word' id='word_1_704' title='bbox 2370 3849 2490 3890; x_wconf 88' lang='lat' dir='ltr'><strong>esse</strong></span> <span class='ocrx_word' id='word_1_705' title='bbox 2536 3840 2839 3906; x_wconf 89' lang='lat' dir='ltr'><strong>precatione</strong></span> <span class='ocrx_word' id='word_1_706' title='bbox 2880 3843 3131 3911; x_wconf 87' lang='lat' dir='ltr'><strong>spoliari,</strong></span> <span class='ocrx_word' id='word_1_707' title='bbox 3164 3862 3389 3918; x_wconf 84' lang='lat' dir='ltr'><strong>magnus</strong></span> <span class='ocrx_word' id='word_1_708' title='bbox 3435 3853 3538 3908; x_wconf 83' lang='lat' dir='ltr'><strong>ille</strong></span> <span class='ocrx_word' id='word_1_709' title='bbox 3590 3831 3707 3926; x_wconf 60' lang='lat' dir='ltr'><strong>pio-</strong></span> 
     </span>
    </p>
   </div>
   <div class='ocr_carea' id='block_1_96' title="bbox 2109 3921 3703 4009">
    <p class='ocr_par' dir='ltr' id='par_1_96' title="bbox 2109 3921 3703 4009">
     <span class='ocr_line' id='line_1_96' title="bbox 2109 3921 3703 4009; baseline 0.018 -36"><span class='ocrx_word' id='word_1_710' title='bbox 2109 3921 2264 3990; x_wconf 89' lang='lat' dir='ltr'><strong>pheta</strong></span> <span class='ocrx_word' id='word_1_711' title='bbox 2295 3939 2393 3978; x_wconf 89' lang='lat' dir='ltr'><strong>nos</strong></span> <span class='ocrx_word' id='word_1_712' title='bbox 2420 3925 2598 3982; x_wconf 86' lang='lat' dir='ltr'><strong>Daniel</strong></span> <span class='ocrx_word' id='word_1_713' title='bbox 2623 3928 2800 3998; x_wconf 86' lang='lat' dir='ltr'><strong>docet,</strong></span> <span class='ocrx_word' id='word_1_714' title='bbox 2821 3933 2909 4001; x_wconf 90' lang='lat' dir='ltr'><strong>qui</strong></span> <span class='ocrx_word' id='word_1_715' title='bbox 2937 3936 3070 3989; x_wconf 86' lang='lat' dir='ltr'><strong>mori</strong></span> <span class='ocrx_word' id='word_1_716' title='bbox 3101 3939 3306 4005; x_wconf 89' lang='lat' dir='ltr'><strong>maluit,</strong></span> <span class='ocrx_word' id='word_1_717' title='bbox 3329 3956 3498 4009; x_wconf 84' lang='lat' dir='ltr'><strong>quam</strong></span> <span class='ocrx_word' id='word_1_718' title='bbox 3535 3921 3703 4001; x_wconf 83' lang='lat' dir='ltr'><strong>tribus</strong></span> 
     </span>
    </p>
   </div>
   <div class='ocr_carea' id='block_1_97' title="bbox 2107 4011 3701 4103">
    <p class='ocr_par' dir='ltr' id='par_1_97' title="bbox 2107 4011 3701 4103">
     <span class='ocr_line' id='line_1_97' title="bbox 2107 4011 3701 4103; baseline 0.017 -39"><span class='ocrx_word' id='word_1_719' title='bbox 2107 4011 2296 4068; x_wconf 90' lang='lat' dir='ltr'><strong>diebus</strong></span> <span class='ocrx_word' id='word_1_720' title='bbox 2318 4029 2346 4067; x_wconf 91' lang='lat' dir='ltr'><strong>a</strong></span> <span class='ocrx_word' id='word_1_721' title='bbox 2389 4017 2638 4085; x_wconf 90' lang='lat' dir='ltr'><strong>precibus</strong></span> <span class='ocrx_word' id='word_1_722' title='bbox 2664 4035 2851 4075; x_wconf 88' lang='lat' dir='ltr'><strong>vacare</strong></span> <span class='ocrx_word' id='word_1_723' title='bbox 2884 4021 3046 4095; x_wconf 87' lang='lat' dir='ltr'><strong>(Dan.</strong></span> <span class='ocrx_word' id='word_1_724' title='bbox 3073 4025 3127 4081; x_wconf 87' lang='lat'><strong>6.</strong></span> <span class='ocrx_word' id='word_1_725' title='bbox 3171 4026 3282 4101; x_wconf 83' lang='grc'><strong>10).</strong></span> <span class='ocrx_word' id='word_1_726' title='bbox 3327 4031 3524 4103; x_wconf 85' lang='lat' dir='ltr'><strong>Neque</strong></span> <span class='ocrx_word' id='word_1_727' title='bbox 3566 4037 3701 4091; x_wconf 83' lang='lat' dir='ltr'><strong>enim</strong></span> 
     </span>
    </p>
   </div>
   <div class='ocr_carea' id='block_1_98' title="bbox 2107 4110 3702 4191">
    <p class='ocr_par' dir='ltr' id='par_1_98' title="bbox 2107 4110 3702 4191">
     <span class='ocr_line' id='line_1_98' title="bbox 2107 4110 3702 4191; baseline 0.015 -33"><span class='ocrx_word' id='word_1_728' title='bbox 2107 4115 2163 4159; x_wconf 90' lang='lat' dir='ltr'><strong>ut</strong></span> <span class='ocrx_word' id='word_1_729' title='bbox 2192 4115 2374 4161; x_wconf 88' lang='lat' dir='ltr'><strong>contra</strong></span> <span class='ocrx_word' id='word_1_730' title='bbox 2407 4110 2653 4179; x_wconf 84' lang='lat' dir='ltr'><strong>pietatem</strong></span> <span class='ocrx_word' id='word_1_731' title='bbox 2699 4113 2892 4184; x_wconf 88' lang='lat' dir='ltr'><strong>aliquid</strong></span> <span class='ocrx_word' id='word_1_732' title='bbox 2938 4116 3153 4184; x_wconf 88' lang='lat' dir='ltr'><strong>faceret,</strong></span> <span class='ocrx_word' id='word_1_733' title='bbox 3185 4126 3442 4191; x_wconf 72' lang='lat' dir='ltr'><strong>prmcepit</strong></span> <span class='ocrx_word' id='word_1_734' title='bbox 3473 4141 3580 4181; x_wconf 80' lang='lat' dir='ltr'><strong>rex</strong></span> <span class='ocrx_word' id='word_1_735' title='bbox 3623 4130 3702 4182; x_wconf 86' lang='lat' dir='ltr'><strong>ille</strong></span> 
     </span>
    </p>
   </div>
   <div class='ocr_carea' id='block_1_99' title="bbox 2108 4198 3702 4276">
    <p class='ocr_par' dir='ltr' id='par_1_99' title="bbox 2108 4198 3702 4276">
     <span class='ocr_line' id='line_1_99' title="bbox 2108 4198 3702 4276; baseline 0.012 -25"><span class='ocrx_word' id='word_1_736' title='bbox 2108 4198 2410 4268; x_wconf 81' lang='lat' dir='ltr'><strong>Persarum,</strong></span> <span class='ocrx_word' id='word_1_737' title='bbox 2453 4203 2543 4257; x_wconf 88' lang='lat' dir='ltr'><strong>sed</strong></span> <span class='ocrx_word' id='word_1_738' title='bbox 2575 4204 2702 4258; x_wconf 91' lang='lat' dir='ltr'><strong>illud</strong></span> <span class='ocrx_word' id='word_1_739' title='bbox 2745 4206 2955 4276; x_wconf 83' lang='lat' dir='ltr'><strong>agebat,</strong></span> <span class='ocrx_word' id='word_1_740' title='bbox 2985 4218 3043 4263; x_wconf 91' lang='lat' dir='ltr'><strong>ut</strong></span> <span class='ocrx_word' id='word_1_741' title='bbox 3063 4211 3219 4265; x_wconf 88' lang='lat' dir='ltr'><strong>trittm</strong></span> <span class='ocrx_word' id='word_1_742' title='bbox 3260 4212 3469 4268; x_wconf 90' lang='lat' dir='ltr'><strong>dierum</strong></span> <span class='ocrx_word' id='word_1_743' title='bbox 3520 4231 3702 4272; x_wconf 50' lang='lat' dir='ltr'><strong>cessa-</strong></span> 
     </span>
    </p>
   </div>
   <div class='ocr_carea' id='block_1_100' title="bbox 2109 4289 3697 4362">
    <p class='ocr_par' dir='ltr' id='par_1_100' title="bbox 2109 4289 3697 4362">
     <span class='ocr_line' id='line_1_100' title="bbox 2109 4289 3697 4362; baseline 0.011 -21"><span class='ocrx_word' id='word_1_744' title='bbox 2109 4289 2307 4344; x_wconf 79' lang='lat' dir='ltr'><strong>tionem</strong></span> <span class='ocrx_word' id='word_1_745' title='bbox 2345 4295 2625 4361; x_wconf 89' lang='lat' dir='ltr'><strong>reperiret.</strong></span> <span class='ocrx_word' id='word_1_746' title='bbox 2657 4294 2788 4350; x_wconf 88' lang='lat' dir='ltr'><strong>Nam</strong></span> <span class='ocrx_word' id='word_1_747' title='bbox 2818 4298 2933 4353; x_wconf 89' lang='lat' dir='ltr'><strong>sine</strong></span> <span class='ocrx_word' id='word_1_748' title='bbox 2956 4299 3136 4356; x_wconf 80' lang='lat' dir='ltr'><strong>divino</strong></span> <span class='ocrx_word' id='word_1_749' title='bbox 3167 4313 3294 4357; x_wconf 89' lang='lat' dir='ltr'><strong>nutu</strong></span> <span class='ocrx_word' id='word_1_750' title='bbox 3339 4305 3554 4362; x_wconf 83' lang='lat' dir='ltr'><strong>bonum</strong></span> <span class='ocrx_word' id='word_1_751' title='bbox 3588 4311 3697 4361; x_wconf 86' lang='lat' dir='ltr'><strong>nul-</strong></span> 
     </span>
    </p>
   </div>
   <div class='ocr_carea' id='block_1_101' title="bbox 2107 4381 3700 4452">
    <p class='ocr_par' dir='ltr' id='par_1_101' title="bbox 2107 4381 3700 4452">
     <span class='ocr_line' id='line_1_101' title="bbox 2107 4381 3700 4452; baseline 0.011 -20"><span class='ocrx_word' id='word_1_752' title='bbox 2107 4381 2212 4434; x_wconf 90' lang='lat' dir='ltr'><strong>lum</strong></span> <span class='ocrx_word' id='word_1_753' title='bbox 2247 4383 2297 4435; x_wconf 90' lang='lat' dir='ltr'><strong>in</strong></span> <span class='ocrx_word' id='word_1_754' title='bbox 2343 4397 2555 4440; x_wconf 61' lang='lat' dir='ltr'><strong>nosnos</strong></span> <span class='ocrx_word' id='word_1_755' title='bbox 2593 4387 2800 4442; x_wconf 89' lang='lat' dir='ltr'><strong>animos</strong></span> <span class='ocrx_word' id='word_1_756' title='bbox 2835 4393 3043 4445; x_wconf 88' lang='lat' dir='ltr'><strong>venerit</strong></span> <span class='ocrx_word' id='word_1_757' title='bbox 3073 4408 3086 4444; x_wconf 92' lang='lat'><strong>:</strong></span> <span class='ocrx_word' id='word_1_758' title='bbox 3128 4401 3286 4448; x_wconf 89' lang='lat' dir='ltr'><strong>nutus</strong></span> <span class='ocrx_word' id='word_1_759' title='bbox 3315 4411 3445 4449; x_wconf 88' lang='lat' dir='ltr'><strong>vero</strong></span> <span class='ocrx_word' id='word_1_760' title='bbox 3486 4398 3700 4452; x_wconf 74' lang='lat' dir='ltr'><strong>divinus</strong></span> 
     </span>
    </p>
   </div>
   <div class='ocr_carea' id='block_1_102' title="bbox 2105 4473 3702 4556">
    <p class='ocr_par' dir='ltr' id='par_1_102' title="bbox 2105 4473 3702 4556">
     <span class='ocr_line' id='line_1_102' title="bbox 2105 4473 3702 4556; baseline 0.011 -30"><span class='ocrx_word' id='word_1_761' title='bbox 2105 4473 2314 4529; x_wconf 81' lang='lat' dir='ltr'><strong>labores</strong></span> <span class='ocrx_word' id='word_1_762' title='bbox 2356 4476 2631 4531; x_wconf 90' lang='lat' dir='ltr'><strong>nobiscum</strong></span> <span class='ocrx_word' id='word_1_763' title='bbox 2674 4480 3010 4550; x_wconf 82' lang='lat' dir='ltr'><strong>aggreditur,</strong></span> <span class='ocrx_word' id='word_1_764' title='bbox 3044 4499 3243 4554; x_wconf 88' lang='lat' dir='ltr'><strong>eosque</strong></span> <span class='ocrx_word' id='word_1_765' title='bbox 3286 4488 3557 4556; x_wconf 63' lang='lat' dir='ltr'><strong>praeclare</strong></span> <span class='ocrx_word' id='word_1_766' title='bbox 3582 4493 3702 4546; x_wconf 81' lang='lat' dir='ltr'><strong>sub-</strong></span> 
     </span>
    </p>
   </div>
   <div class='ocr_carea' id='block_1_103' title="bbox 2106 4563 3700 4646">
    <p class='ocr_par' dir='ltr' id='par_1_103' title="bbox 2106 4563 3700 4646">
     <span class='ocr_line' id='line_1_103' title="bbox 2106 4563 3700 4646; baseline 0.014 -31"><span class='ocrx_word' id='word_1_767' title='bbox 2106 4563 2264 4629; x_wconf 82' lang='lat' dir='ltr'><strong>levat,</strong></span> <span class='ocrx_word' id='word_1_768' title='bbox 2309 4567 2352 4618; x_wconf 90' lang='lat' dir='ltr'><strong>si</strong></span> <span class='ocrx_word' id='word_1_769' title='bbox 2385 4581 2568 4635; x_wconf 89' lang='lat' dir='ltr'><strong>preces</strong></span> <span class='ocrx_word' id='word_1_770' title='bbox 2600 4569 2778 4625; x_wconf 88' lang='lat' dir='ltr'><strong>videat</strong></span> <span class='ocrx_word' id='word_1_771' title='bbox 2805 4587 2835 4626; x_wconf 92' lang='lat' dir='ltr'><strong>a</strong></span> <span class='ocrx_word' id='word_1_772' title='bbox 2863 4573 3017 4628; x_wconf 92' lang='lat' dir='ltr'><strong>nobis</strong></span> <span class='ocrx_word' id='word_1_773' title='bbox 3042 4575 3217 4646; x_wconf 87' lang='lat' dir='ltr'><strong>diligi,</strong></span> <span class='ocrx_word' id='word_1_774' title='bbox 3247 4593 3453 4644; x_wconf 65' lang='lat' dir='ltr'><strong>nosijue</strong></span> <span class='ocrx_word' id='word_1_775' title='bbox 3482 4581 3700 4636; x_wconf 84' lang='lat' dir='ltr'><strong>assidue</strong></span> 
     </span>
    </p>
   </div>
   <div class='ocr_carea' id='block_1_104' title="bbox 2107 4652 3698 4728">
    <p class='ocr_par' dir='ltr' id='par_1_104' title="bbox 2107 4652 3698 4728">
     <span class='ocr_line' id='line_1_104' title="bbox 2107 4652 3698 4728; baseline 0.014 -22"><span class='ocrx_word' id='word_1_776' title='bbox 2107 4652 2271 4708; x_wconf 90' lang='lat' dir='ltr'><strong>Deum</strong></span> <span class='ocrx_word' id='word_1_777' title='bbox 2323 4670 2479 4711; x_wconf 85' lang='lat' dir='ltr'><strong>orare</strong></span> <span class='ocrx_word' id='word_1_778' title='bbox 2523 4672 2588 4711; x_wconf 92' lang='lat' dir='ltr'><strong>ac</strong></span> <span class='ocrx_word' id='word_1_779' title='bbox 2630 4674 2850 4727; x_wconf 87' lang='lat' dir='ltr'><strong>sperare</strong></span> <span class='ocrx_word' id='word_1_780' title='bbox 2891 4673 3080 4718; x_wconf 90' lang='lat' dir='ltr'><strong>cuncta</strong></span> <span class='ocrx_word' id='word_1_781' title='bbox 3135 4667 3260 4722; x_wconf 89' lang='lat' dir='ltr'><strong>inde</strong></span> <span class='ocrx_word' id='word_1_782' title='bbox 3304 4668 3370 4721; x_wconf 90' lang='lat' dir='ltr'><strong>ad</strong></span> <span class='ocrx_word' id='word_1_783' title='bbox 3422 4685 3534 4726; x_wconf 90' lang='lat' dir='ltr'><strong>nos</strong></span> <span class='ocrx_word' id='word_1_784' title='bbox 3570 4672 3698 4728; x_wconf 81' lang='lat' dir='ltr'><strong>bona</strong></span> 
     </span>
    </p>
   </div>
   <div class='ocr_carea' id='block_1_105' title="bbox 2103 4743 3699 4832">
    <p class='ocr_par' dir='ltr' id='par_1_105' title="bbox 2103 4743 3699 4832">
     <span class='ocr_line' id='line_1_105' title="bbox 2103 4743 3699 4832; baseline 0.015 -36"><span class='ocrx_word' id='word_1_785' title='bbox 2103 4743 2438 4801; x_wconf 88' lang='lat' dir='ltr'><strong>descensura.</strong></span> <span class='ocrx_word' id='word_1_786' title='bbox 2495 4747 2719 4816; x_wconf 83' lang='lat' dir='ltr'><strong>Quando</strong></span> <span class='ocrx_word' id='word_1_787' title='bbox 2757 4751 2915 4821; x_wconf 85' lang='lat' dir='ltr'><strong>igitur</strong></span> <span class='ocrx_word' id='word_1_788' title='bbox 2954 4755 3183 4826; x_wconf 88' lang='lat' dir='ltr'><strong>aliquem</strong></span> <span class='ocrx_word' id='word_1_789' title='bbox 3228 4758 3386 4813; x_wconf 84' lang='lat' dir='ltr'><strong>video</strong></span> <span class='ocrx_word' id='word_1_790' title='bbox 3429 4775 3459 4813; x_wconf 88' lang='lat' dir='ltr'><strong>a</strong></span> <span class='ocrx_word' id='word_1_791' title='bbox 3519 4779 3699 4832; x_wconf 80' lang='lat' dir='ltr'><strong>preca-</strong></span> 
     </span>
    </p>
   </div>
   <div class='ocr_carea' id='block_1_106' title="bbox 2106 4836 3695 4915">
    <p class='ocr_par' dir='ltr' id='par_1_106' title="bbox 2106 4836 3695 4915">
     <span class='ocr_line' id='line_1_106' title="bbox 2106 4836 3695 4915; baseline 0.014 -27"><span class='ocrx_word' id='word_1_792' title='bbox 2106 4836 2264 4891; x_wconf 88' lang='lat' dir='ltr'><strong>tionis</strong></span> <span class='ocrx_word' id='word_1_793' title='bbox 2291 4838 2468 4894; x_wconf 88' lang='lat' dir='ltr'><strong>studio</strong></span> <span class='ocrx_word' id='word_1_794' title='bbox 2509 4840 2719 4908; x_wconf 89' lang='lat' dir='ltr'><strong>abesse,</strong></span> <span class='ocrx_word' id='word_1_795' title='bbox 2767 4860 2940 4915; x_wconf 90' lang='lat' dir='ltr'><strong>neque</strong></span> <span class='ocrx_word' id='word_1_796' title='bbox 2985 4847 3126 4902; x_wconf 91' lang='lat' dir='ltr'><strong>illius</strong></span> <span class='ocrx_word' id='word_1_797' title='bbox 3166 4849 3371 4904; x_wconf 84' lang='lat' dir='ltr'><strong>ardenti</strong></span> <span class='ocrx_word' id='word_1_798' title='bbox 3417 4867 3484 4907; x_wconf 88' lang='lat' dir='ltr'><strong>ac</strong></span> <span class='ocrx_word' id='word_1_799' title='bbox 3538 4855 3695 4910; x_wconf 80' lang='lat' dir='ltr'><strong>vehe-</strong></span> 
     </span>
    </p>
   </div>
   <div class='ocr_carea' id='block_1_107' title="bbox 2104 4927 3693 5008">
    <p class='ocr_par' dir='ltr' id='par_1_107' title="bbox 2104 4927 3693 5008">
     <span class='ocr_line' id='line_1_107' title="bbox 2104 4927 3693 5008; baseline 0.01 -27"><span class='ocrx_word' id='word_1_800' title='bbox 2104 4927 2269 4982; x_wconf 90' lang='lat' dir='ltr'><strong>menti</strong></span> <span class='ocrx_word' id='word_1_801' title='bbox 2298 4943 2481 4985; x_wconf 88' lang='lat' dir='ltr'><strong>amore</strong></span> <span class='ocrx_word' id='word_1_802' title='bbox 2527 4933 2714 4998; x_wconf 89' lang='lat' dir='ltr'><strong>teneri,</strong></span> <span class='ocrx_word' id='word_1_803' title='bbox 2755 4934 2865 5004; x_wconf 91' lang='lat' dir='ltr'><strong>jam</strong></span> <span class='ocrx_word' id='word_1_804' title='bbox 2898 4937 3026 4990; x_wconf 92' lang='lat' dir='ltr'><strong>mihi</strong></span> <span class='ocrx_word' id='word_1_805' title='bbox 3057 4939 3386 5008; x_wconf 85' lang='lat' dir='ltr'><strong>exploratqu</strong></span> <span class='ocrx_word' id='word_1_806' title='bbox 3418 4953 3533 5008; x_wconf 86' lang='lat' dir='ltr'><strong>est,</strong></span> <span class='ocrx_word' id='word_1_807' title='bbox 3571 4949 3693 4998; x_wconf 83' lang='lat' dir='ltr'><strong>nilnt</strong></span> 
     </span>
    </p>
   </div>
   <div class='ocr_carea' id='block_1_108' title="bbox 2103 5021 3695 5103">
    <p class='ocr_par' dir='ltr' id='par_1_108' title="bbox 2103 5021 3695 5103">
     <span class='ocr_line' id='line_1_108' title="bbox 2103 5021 3695 5103; baseline 0.01 -29"><span class='ocrx_word' id='word_1_808' title='bbox 2103 5021 2171 5074; x_wconf 89' lang='lat' dir='ltr'><strong>ab</strong></span> <span class='ocrx_word' id='word_1_809' title='bbox 2194 5037 2259 5076; x_wconf 88' lang='lat' dir='ltr'><strong>eo</strong></span> <span class='ocrx_word' id='word_1_810' title='bbox 2286 5024 2643 5093; x_wconf 78' lang='lat' dir='ltr'><strong>magniﬁcum,</strong></span> <span class='ocrx_word' id='word_1_811' title='bbox 2666 5027 2794 5080; x_wconf 90' lang='lat' dir='ltr'><strong>nihil</strong></span> <span class='ocrx_word' id='word_1_812' title='bbox 2821 5030 3133 5098; x_wconf 71' lang='lat' dir='ltr'><strong>prmelarum</strong></span> <span class='ocrx_word' id='word_1_813' title='bbox 3159 5034 3439 5101; x_wconf 88' lang='lat' dir='ltr'><strong>possideri.</strong></span> <span class='ocrx_word' id='word_1_814' title='bbox 3462 5036 3695 5103; x_wconf 84' lang='lat' dir='ltr'><strong>Quando</strong></span> 
     </span>
    </p>
   </div>
   <div class='ocr_carea' id='block_1_109' title="bbox 2105 5116 3697 5186">
    <p class='ocr_par' dir='ltr' id='par_1_109' title="bbox 2105 5116 3697 5186">
     <span class='ocr_line' id='line_1_109' title="bbox 2105 5116 3697 5186; baseline 0.009 -19"><span class='ocrx_word' id='word_1_815' title='bbox 2105 5130 2232 5169; x_wconf 79' lang='lat' dir='ltr'><strong>vero</strong></span> <span class='ocrx_word' id='word_1_816' title='bbox 2283 5116 2512 5186; x_wconf 91' lang='lat' dir='ltr'><strong>aliquem</strong></span> <span class='ocrx_word' id='word_1_817' title='bbox 2559 5133 2725 5174; x_wconf 91' lang='lat' dir='ltr'><strong>cerno</strong></span> <span class='ocrx_word' id='word_1_818' title='bbox 2770 5121 2819 5174; x_wconf 92' lang='lat' dir='ltr'><strong>in</strong></span> <span class='ocrx_word' id='word_1_819' title='bbox 2864 5122 2975 5176; x_wconf 91' lang='lat' dir='ltr'><strong>Deo</strong></span> <span class='ocrx_word' id='word_1_820' title='bbox 3012 5124 3240 5179; x_wconf 90' lang='lat' dir='ltr'><strong>colendo</strong></span> <span class='ocrx_word' id='word_1_821' title='bbox 3287 5128 3404 5182; x_wconf 87' lang='lat' dir='ltr'><strong>sine</strong></span> <span class='ocrx_word' id='word_1_822' title='bbox 3448 5130 3697 5183; x_wconf 63' lang='lat' dir='ltr'><strong>satietate</strong></span> 
     </span>
    </p>
   </div>
   <div class='ocr_carea' id='block_1_110' title="bbox 2105 5209 3694 5289">
    <p class='ocr_par' dir='ltr' id='par_1_110' title="bbox 2105 5209 3694 5289">
     <span class='ocr_line' id='line_1_110' title="bbox 2105 5209 3694 5289; baseline 0.006 -29"><span class='ocrx_word' id='word_1_823' title='bbox 2105 5209 2411 5277; x_wconf 88' lang='lat' dir='ltr'><strong>persistere,</strong></span> <span class='ocrx_word' id='word_1_824' title='bbox 2438 5212 2634 5288; x_wconf 83' lang='lat' dir='ltr'><strong>quique</strong></span> <span class='ocrx_word' id='word_1_825' title='bbox 2659 5227 2766 5267; x_wconf 91' lang='lat' dir='ltr'><strong>non</strong></span> <span class='ocrx_word' id='word_1_826' title='bbox 2794 5215 3001 5284; x_wconf 89' lang='lat' dir='ltr'><strong>precari</strong></span> <span class='ocrx_word' id='word_1_827' title='bbox 3031 5216 3244 5272; x_wconf 88' lang='lat' dir='ltr'><strong>assidue</strong></span> <span class='ocrx_word' id='word_1_828' title='bbox 3274 5219 3324 5272; x_wconf 92' lang='lat' dir='ltr'><strong>in</strong></span> <span class='ocrx_word' id='word_1_829' title='bbox 3354 5223 3573 5289; x_wconf 83' lang='lat' dir='ltr'><strong>magnis</strong></span> <span class='ocrx_word' id='word_1_830' title='bbox 3602 5238 3694 5275; x_wconf 87' lang='lat' dir='ltr'><strong>nu-</strong></span> 
     </span>
    </p>
   </div>
   <div class='ocr_carea' id='block_1_111' title="bbox 2104 5299 3692 5369">
    <p class='ocr_par' dir='ltr' id='par_1_111' title="bbox 2104 5299 3692 5369">
     <span class='ocr_line' id='line_1_111' title="bbox 2104 5299 3692 5369; baseline 0.01 -18"><span class='ocrx_word' id='word_1_831' title='bbox 2104 5306 2278 5354; x_wconf 86' lang='lat' dir='ltr'><strong>meret</strong></span> <span class='ocrx_word' id='word_1_832' title='bbox 2319 5299 2687 5369; x_wconf 88' lang='lat' dir='ltr'><strong>detrimentis,</strong></span> <span class='ocrx_word' id='word_1_833' title='bbox 2720 5305 2960 5360; x_wconf 91' lang='lat' dir='ltr'><strong>omnium</strong></span> <span class='ocrx_word' id='word_1_834' title='bbox 3000 5307 3146 5361; x_wconf 88' lang='lat' dir='ltr'><strong>illum</strong></span> <span class='ocrx_word' id='word_1_835' title='bbox 3187 5310 3445 5364; x_wconf 88' lang='lat' dir='ltr'><strong>virtutum</strong></span> <span class='ocrx_word' id='word_1_836' title='bbox 3492 5313 3692 5367; x_wconf 83' lang='lat' dir='ltr'><strong>acerri-</strong></span> 
     </span>
    </p>
   </div>
   <div class='ocr_carea' id='block_1_112' title="bbox 2104 5391 3693 5471">
    <p class='ocr_par' dir='ltr' id='par_1_112' title="bbox 2104 5391 3693 5471">
     <span class='ocr_line' id='line_1_112' title="bbox 2104 5391 3693 5471; baseline 0.008 -27"><span class='ocrx_word' id='word_1_837' title='bbox 2104 5405 2249 5444; x_wconf 92' lang='lat' dir='ltr'><strong>mum</strong></span> <span class='ocrx_word' id='word_1_838' title='bbox 2281 5391 2562 5455; x_wconf 77' lang='lat' dir='ltr'><strong>cultorem.</strong></span> <span class='ocrx_word' id='word_1_839' title='bbox 2600 5394 2795 5466; x_wconf 89' lang='lat' dir='ltr'><strong>Deique</strong></span> <span class='ocrx_word' id='word_1_840' title='bbox 2826 5398 3080 5468; x_wconf 89' lang='lat' dir='ltr'><strong>templum</strong></span> <span class='ocrx_word' id='word_1_841' title='bbox 3108 5415 3228 5454; x_wconf 88' lang='lat' dir='ltr'><strong>esse</strong></span> <span class='ocrx_word' id='word_1_842' title='bbox 3256 5401 3514 5470; x_wconf 86' lang='lat' dir='ltr'><strong>conjicio.</strong></span> <span class='ocrx_word' id='word_1_843' title='bbox 3548 5402 3693 5471; x_wconf 68' lang='grc' dir='ltr'><strong>ρυιή</strong></span> 
     </span>
    </p>
   </div>
   <div class='ocr_carea' id='block_1_113' title="bbox 2103 5483 3692 5559">
    <p class='ocr_par' dir='ltr' id='par_1_113' title="bbox 2103 5483 3692 5559">
     <span class='ocr_line' id='line_1_113' title="bbox 2103 5483 3692 5559; baseline 0.01 -25"><span class='ocrx_word' id='word_1_844' title='bbox 2103 5483 2162 5534; x_wconf 74' lang='grc' dir='ltr'><strong>δῖ’</strong></span> <span class='ocrx_word' id='word_1_845' title='bbox 2193 5483 2418 5538; x_wconf 88' lang='lat' dir='ltr'><strong>amictus</strong></span> <span class='ocrx_word' id='word_1_846' title='bbox 2463 5484 2716 5554; x_wconf 90' lang='lat' dir='ltr'><strong>hominis,</strong></span> <span class='ocrx_word' id='word_1_847' title='bbox 2752 5488 2944 5558; x_wconf 88' lang='lat' dir='ltr'><strong>pedum</strong></span> <span class='ocrx_word' id='word_1_848' title='bbox 2991 5505 3238 5559; x_wconf 68' lang='lat' dir='ltr'><strong>greSsus,</strong></span> <span class='ocrx_word' id='word_1_849' title='bbox 3270 5502 3326 5548; x_wconf 88' lang='lat' dir='ltr'><strong>et</strong></span> <span class='ocrx_word' id='word_1_850' title='bbox 3365 5496 3513 5550; x_wconf 89' lang='lat' dir='ltr'><strong>risus</strong></span> <span class='ocrx_word' id='word_1_851' title='bbox 3577 5497 3692 5550; x_wconf 72' lang='lat' dir='ltr'><strong>detr</strong></span> 
     </span>
    </p>
   </div>
   <div class='ocr_carea' id='block_1_114' title="bbox 2105 5575 3690 5656">
    <p class='ocr_par' dir='ltr' id='par_1_114' title="bbox 2105 5575 3690 5656">
     <span class='ocr_line' id='line_1_114' title="bbox 2105 5575 3690 5656; baseline 0.008 -28"><span class='ocrx_word' id='word_1_852' title='bbox 2105 5575 2234 5629; x_wconf 90' lang='lat' dir='ltr'><strong>tium</strong></span> <span class='ocrx_word' id='word_1_853' title='bbox 2262 5590 2380 5644; x_wconf 79' lang='lat' dir='ltr'><strong>quze</strong></span> <span class='ocrx_word' id='word_1_854' title='bbox 2423 5575 2475 5629; x_wconf 90' lang='lat' dir='ltr'><strong>in</strong></span> <span class='ocrx_word' id='word_1_855' title='bbox 2516 5592 2581 5631; x_wconf 91' lang='lat' dir='ltr'><strong>eo</strong></span> <span class='ocrx_word' id='word_1_856' title='bbox 2621 5587 2747 5632; x_wconf 88' lang='lat' dir='ltr'><strong>sunt</strong></span> <span class='ocrx_word' id='word_1_857' title='bbox 2793 5581 2980 5649; x_wconf 84' lang='lat' dir='ltr'><strong>retegit</strong></span> <span class='ocrx_word' id='word_1_858' title='bbox 3015 5581 3199 5652; x_wconf 80' lang='lat' dir='ltr'><strong>(Ercli.</strong></span> <span class='ocrx_word' id='word_1_859' title='bbox 3236 5584 3322 5639; x_wconf 81' lang='lat' dir='ltr'><strong>l9.</strong></span> <span class='ocrx_word' id='word_1_860' title='bbox 3353 5585 3471 5656; x_wconf 74' lang='lat'><strong>27).</strong></span> <span class='ocrx_word' id='word_1_861' title='bbox 3505 5603 3690 5642; x_wconf 63' lang='lat' dir='ltr'><strong>set-uno</strong></span> 
     </span>
    </p>
   </div>
   <div class='ocr_carea' id='block_1_115' title="bbox 2103 5663 3688 5744">
    <p class='ocr_par' dir='ltr' id='par_1_115' title="bbox 2103 5663 3688 5744">
     <span class='ocr_line' id='line_1_115' title="bbox 2103 5663 3688 5744; baseline 0.01 -31"><span class='ocrx_word' id='word_1_862' title='bbox 2103 5663 2225 5716; x_wconf 81' lang='lat' dir='ltr'><strong>dum</strong></span> <span class='ocrx_word' id='word_1_863' title='bbox 2273 5667 2566 5735; x_wconf 86' lang='lat' dir='ltr'><strong>sapientem</strong></span> <span class='ocrx_word' id='word_1_864' title='bbox 2609 5667 2985 5734; x_wconf 84' lang='lat' dir='ltr'><strong>Salomonem,</strong></span> <span class='ocrx_word' id='word_1_865' title='bbox 3037 5673 3206 5726; x_wconf 87' lang='lat' dir='ltr'><strong>multo</strong></span> <span class='ocrx_word' id='word_1_866' title='bbox 3247 5679 3421 5744; x_wconf 83' lang='lat' dir='ltr'><strong>magis</strong></span> <span class='ocrx_word' id='word_1_867' title='bbox 3463 5679 3688 5744; x_wconf 58' lang='lat' dir='ltr'><strong>pri-mue</strong></span> 
     </span>
    </p>
   </div>
   <div class='ocr_carea' id='block_1_116' title="bbox 2109 5757 3681 5835">
    <p class='ocr_par' dir='ltr' id='par_1_116' title="bbox 2109 5757 3681 5835">
     <span class='ocr_line' id='line_1_116' title="bbox 2109 5757 3681 5835; baseline 0.01 -28"><span class='ocrx_word' id='word_1_868' title='bbox 2109 5757 2304 5827; x_wconf 68' lang='lat' dir='ltr'><strong>Deique</strong></span> <span class='ocrx_word' id='word_1_869' title='bbox 2332 5758 2504 5815; x_wconf 75' lang='lat' dir='ltr'><strong>cultus</strong></span> <span class='ocrx_word' id='word_1_870' title='bbox 2534 5761 2853 5830; x_wconf 80' lang='lat' dir='ltr'><strong>cstjustitia:</strong></span> <span class='ocrx_word' id='word_1_871' title='bbox 2909 5777 3307 5835; x_wconf 79' lang='lat' dir='ltr'><strong>argumentum,</strong></span> <span class='ocrx_word' id='word_1_872' title='bbox 3343 5788 3464 5822; x_wconf 79' lang='lat' dir='ltr'><strong>cum</strong></span> <span class='ocrx_word' id='word_1_873' title='bbox 3489 5769 3586 5825; x_wconf 82' lang='lat' dir='ltr'><strong>illa</strong></span> <span class='ocrx_word' id='word_1_874' title='bbox 3621 5785 3681 5822; x_wconf 70' lang='lat' dir='ltr'><strong>~e</strong></span> 
     </span>
    </p>
   </div>
  </div>
