  <div class='ocr_page' id='page_1' title='image "/cluster/home/n/w/nwhite01/storage/ocr_20150623/50/mdp.39015066055818/372.png"; bbox 0 0 3870 6272; ppageno 0'>
   <div class='ocr_carea' id='block_1_1' title="bbox 1113 541 1473 553">
    <p class='ocr_par' dir='ltr' id='par_1_1' title="bbox 1113 541 1473 553">
     <span class='ocr_line' id='line_1_1' title="bbox 1113 541 1473 553; baseline 0 -2"><span class='ocrx_word' id='word_1_1' title='bbox 1113 541 1473 553; x_wconf 46' lang='grc' dir='ltr'>-ςυσ--ψ</span> 
     </span>
    </p>
   </div>
   <div class='ocr_carea' id='block_1_2' title="bbox 1400 382 2069 443">
    <p class='ocr_par' dir='ltr' id='par_1_2' title="bbox 1400 382 2069 443">
     <span class='ocr_line' id='line_1_2' title="bbox 1400 382 2069 443; baseline 0.004 -3"><span class='ocrx_word' id='word_1_2' title='bbox 1400 383 1487 440; x_wconf 84' lang='lat' dir='ltr'>DE</span> <span class='ocrx_word' id='word_1_3' title='bbox 1521 382 1961 442; x_wconf 65' lang='lat' dir='ltr'>PBECATIONE</span> <span class='ocrx_word' id='word_1_4' title='bbox 2024 386 2069 443; x_wconf 88' lang='lat' dir='ltr'>l.</span> 
     </span>
    </p>
   </div>
   <div class='ocr_carea' id='block_1_3' title="bbox 898 591 2616 745">
    <p class='ocr_par' dir='ltr' id='par_1_3' title="bbox 898 591 2616 745">
     <span class='ocr_line' id='line_1_3' title="bbox 898 591 2616 745; baseline -0.001 -3"><span class='ocrx_word' id='word_1_5' title='bbox 898 591 1128 744; x_wconf 78' lang='grc' dir='ltr'>Τογ</span> <span class='ocrx_word' id='word_1_6' title='bbox 1179 654 1558 745; x_wconf 79' lang='grc' dir='ltr'>ΑΥΤΟΥ</span> <span class='ocrx_word' id='word_1_7' title='bbox 1607 655 1869 742; x_wconf 84' lang='grc' dir='ltr'>ΠΕΡΙ</span> <span class='ocrx_word' id='word_1_8' title='bbox 1915 609 2616 745; x_wconf 81' lang='grc' dir='ltr'>ΠΡΟΣΕΥΧΗΣ.</span> 
     </span>
    </p>
   </div>
   <div class='ocr_carea' id='block_1_4' title="bbox 168 975 1688 1132">
    <p class='ocr_par' dir='ltr' id='par_1_4' title="bbox 168 975 1688 1132">
     <span class='ocr_line' id='line_1_4' title="bbox 168 975 1688 1132; baseline -0.003 -20"><span class='ocrx_word' id='word_1_9' title='bbox 168 1058 536 1132; x_wconf 80' lang='grc' dir='ltr'>Ἀμφοτέρων</span> <span class='ocrx_word' id='word_1_10' title='bbox 561 1060 726 1114; x_wconf 72' lang='grc' dir='ltr'>ἕνεκα</span> <span class='ocrx_word' id='word_1_11' title='bbox 751 975 1050 1130; x_wconf 37' lang='lat' dir='ltr'>ﬂagri.</span> <span class='ocrx_word' id='word_1_12' title='bbox 1077 1053 1206 1118; x_wconf 74' lang='grc' dir='ltr'>τοὺς</span> <span class='ocrx_word' id='word_1_13' title='bbox 1231 1051 1325 1106; x_wconf 90' lang='grc' dir='ltr'>τοῦ</span> <span class='ocrx_word' id='word_1_14' title='bbox 1357 1051 1494 1106; x_wconf 83' lang='grc' dir='ltr'>Θεοῦ</span> <span class='ocrx_word' id='word_1_15' title='bbox 1522 1053 1688 1125; x_wconf 80' lang='grc' dir='ltr'>θερά-</span> 
     </span>
    </p>
   </div>
   <div class='ocr_carea' id='block_1_5' title="bbox 94 1136 1689 1215">
    <p class='ocr_par' dir='ltr' id='par_1_5' title="bbox 94 1136 1689 1215">
     <span class='ocr_line' id='line_1_5' title="bbox 94 1136 1689 1215; baseline -0.004 -18"><span class='ocrx_word' id='word_1_16' title='bbox 94 1161 303 1207; x_wconf 85' lang='grc' dir='ltr'>ποντας</span> <span class='ocrx_word' id='word_1_17' title='bbox 346 1142 676 1215; x_wconf 78' lang='grc' dir='ltr'>μακαρίζειν</span> <span class='ocrx_word' id='word_1_18' title='bbox 705 1142 792 1196; x_wconf 72' lang='grc' dir='ltr'>καὶ</span> <span class='ocrx_word' id='word_1_19' title='bbox 846 1136 1182 1208; x_wconf 78' lang='grc' dir='ltr'>θαυμάζειν·</span> <span class='ocrx_word' id='word_1_20' title='bbox 1223 1136 1323 1215; x_wconf 84' lang='grc' dir='ltr'>ὅτι</span> <span class='ocrx_word' id='word_1_21' title='bbox 1367 1137 1467 1206; x_wconf 74' lang='grc' dir='ltr'>τὴν</span> <span class='ocrx_word' id='word_1_22' title='bbox 1499 1136 1689 1191; x_wconf 81' lang='grc' dir='ltr'>ἐλπίδα</span> 
     </span>
    </p>
   </div>
   <div class='ocr_carea' id='block_1_6' title="bbox 91 1214 1685 1298">
    <p class='ocr_par' dir='ltr' id='par_1_6' title="bbox 91 1214 1685 1298">
     <span class='ocr_line' id='line_1_6' title="bbox 91 1214 1685 1298; baseline -0.004 -20"><span class='ocrx_word' id='word_1_23' title='bbox 91 1230 193 1298; x_wconf 78' lang='grc' dir='ltr'>τῆς</span> <span class='ocrx_word' id='word_1_24' title='bbox 240 1214 453 1280; x_wconf 75' lang='grc' dir='ltr'>ἑαυτῶν</span> <span class='ocrx_word' id='word_1_25' title='bbox 489 1214 762 1297; x_wconf 76' lang='grc' dir='ltr'>σωτηρίας</span> <span class='ocrx_word' id='word_1_26' title='bbox 804 1224 862 1277; x_wconf 82' lang='grc' dir='ltr'>ὲν</span> <span class='ocrx_word' id='word_1_27' title='bbox 892 1224 1013 1285; x_wconf 89' lang='grc' dir='ltr'>ταῖς</span> <span class='ocrx_word' id='word_1_28' title='bbox 1058 1219 1242 1288; x_wconf 83' lang='grc' dir='ltr'>ἁγίαις</span> <span class='ocrx_word' id='word_1_29' title='bbox 1286 1214 1433 1289; x_wconf 80' lang='grc' dir='ltr'>εἶχον</span> <span class='ocrx_word' id='word_1_30' title='bbox 1476 1220 1685 1290; x_wconf 82' lang='grc' dir='ltr'>εὐχαῖς,</span> 
     </span>
    </p>
   </div>
   <div class='ocr_carea' id='block_1_7' title="bbox 93 1301 1691 1381">
    <p class='ocr_par' dir='ltr' id='par_1_7' title="bbox 93 1301 1691 1381">
     <span class='ocr_line' id='line_1_7' title="bbox 93 1301 1691 1381; baseline -0.005 -17"><span class='ocrx_word' id='word_1_31' title='bbox 93 1311 189 1364; x_wconf 74' lang='grc' dir='ltr'>καὶ</span> <span class='ocrx_word' id='word_1_32' title='bbox 236 1311 323 1363; x_wconf 83' lang='grc' dir='ltr'>ὅτι</span> <span class='ocrx_word' id='word_1_33' title='bbox 350 1312 536 1381; x_wconf 79' lang='grc' dir='ltr'>γραφῇ</span> <span class='ocrx_word' id='word_1_34' title='bbox 567 1309 903 1379; x_wconf 81' lang='grc' dir='ltr'>φυλάξαντες</span> <span class='ocrx_word' id='word_1_35' title='bbox 928 1306 1058 1368; x_wconf 80' lang='grc' dir='ltr'>τοὺς</span> <span class='ocrx_word' id='word_1_36' title='bbox 1087 1302 1294 1373; x_wconf 77' lang='grc' dir='ltr'>ὕμνους</span> <span class='ocrx_word' id='word_1_37' title='bbox 1337 1303 1433 1356; x_wconf 80' lang='grc' dir='ltr'>καὶ</span> <span class='ocrx_word' id='word_1_38' title='bbox 1468 1301 1568 1367; x_wconf 85' lang='grc' dir='ltr'>τάς</span> <span class='ocrx_word' id='word_1_39' title='bbox 1604 1301 1691 1356; x_wconf 85' lang='grc' dir='ltr'>λα-</span> 
     </span>
    </p>
   </div>
   <div class='ocr_carea' id='block_1_8' title="bbox 93 1387 1685 1465">
    <p class='ocr_par' dir='ltr' id='par_1_8' title="bbox 93 1387 1685 1465">
     <span class='ocr_line' id='line_1_8' title="bbox 93 1387 1685 1465; baseline -0.004 -19"><span class='ocrx_word' id='word_1_40' title='bbox 93 1395 286 1465; x_wconf 80' lang='grc' dir='ltr'>τρείας</span> <span class='ocrx_word' id='word_1_41' title='bbox 306 1434 319 1458; x_wconf 95' lang='grc'>,</span> <span class='ocrx_word' id='word_1_42' title='bbox 355 1394 421 1458; x_wconf 83' lang='grc' dir='ltr'>ἀς</span> <span class='ocrx_word' id='word_1_43' title='bbox 454 1393 534 1465; x_wconf 80' lang='grc' dir='ltr'>τῷ</span> <span class='ocrx_word' id='word_1_44' title='bbox 559 1392 677 1463; x_wconf 84' lang='grc' dir='ltr'>Θεῷ</span> <span class='ocrx_word' id='word_1_45' title='bbox 705 1392 804 1446; x_wconf 80' lang='grc' dir='ltr'>σὺν</span> <span class='ocrx_word' id='word_1_46' title='bbox 834 1392 983 1463; x_wconf 81' lang='grc' dir='ltr'>χαρᾷ</span> <span class='ocrx_word' id='word_1_47' title='bbox 1022 1389 1117 1443; x_wconf 74' lang='grc' dir='ltr'>καὶ</span> <span class='ocrx_word' id='word_1_48' title='bbox 1146 1387 1298 1458; x_wconf 84' lang='grc' dir='ltr'>φόϐῳ</span> <span class='ocrx_word' id='word_1_49' title='bbox 1325 1388 1685 1460; x_wconf 82' lang='grc' dir='ltr'>προσέφερον,</span> 
     </span>
    </p>
   </div>
   <div class='ocr_carea' id='block_1_9' title="bbox 94 1469 1688 1548">
    <p class='ocr_par' dir='ltr' id='par_1_9' title="bbox 94 1469 1688 1548">
     <span class='ocr_line' id='line_1_9' title="bbox 94 1469 1688 1548; baseline -0.005 -18"><span class='ocrx_word' id='word_1_50' title='bbox 94 1479 187 1530; x_wconf 80' lang='grc' dir='ltr'>καὶ</span> <span class='ocrx_word' id='word_1_51' title='bbox 222 1478 306 1540; x_wconf 81' lang='grc' dir='ltr'>εἰς</span> <span class='ocrx_word' id='word_1_52' title='bbox 348 1477 496 1548; x_wconf 80' lang='grc' dir='ltr'>ἡμᾶς</span> <span class='ocrx_word' id='word_1_53' title='bbox 536 1476 796 1530; x_wconf 77' lang='grc' dir='ltr'>διέδωκαν</span> <span class='ocrx_word' id='word_1_54' title='bbox 834 1475 924 1528; x_wconf 80' lang='grc' dir='ltr'>τὸν</span> <span class='ocrx_word' id='word_1_55' title='bbox 951 1485 973 1515; x_wconf 74' lang='grc' dir='ltr'><strong><em>ι</em></strong></span> <span class='ocrx_word' id='word_1_56' title='bbox 1026 1471 1234 1526; x_wconf 81' lang='grc' dir='ltr'>ἑαυτῶν</span> <span class='ocrx_word' id='word_1_57' title='bbox 1268 1469 1558 1542; x_wconf 80' lang='grc' dir='ltr'>θησαυρὸν,</span> <span class='ocrx_word' id='word_1_58' title='bbox 1601 1471 1688 1523; x_wconf 84' lang='grc' dir='ltr'>ἵνα</span> 
     </span>
    </p>
   </div>
   <div class='ocr_carea' id='block_1_10' title="bbox 96 1554 1687 1632">
    <p class='ocr_par' dir='ltr' id='par_1_10' title="bbox 96 1554 1687 1632">
     <span class='ocr_line' id='line_1_10' title="bbox 96 1554 1687 1632; baseline -0.003 -20"><span class='ocrx_word' id='word_1_59' title='bbox 96 1560 236 1632; x_wconf 70' lang='grc' dir='ltr'>πρὸς</span> <span class='ocrx_word' id='word_1_60' title='bbox 267 1560 361 1612; x_wconf 78' lang='grc' dir='ltr'>τὸν</span> <span class='ocrx_word' id='word_1_61' title='bbox 396 1561 597 1613; x_wconf 86' lang='grc' dir='ltr'>οἰκεῖον</span> <span class='ocrx_word' id='word_1_62' title='bbox 624 1557 787 1627; x_wconf 80' lang='grc' dir='ltr'>ζῆλον</span> <span class='ocrx_word' id='word_1_63' title='bbox 818 1558 926 1611; x_wconf 82' lang='grc' dir='ltr'>πᾶν</span> <span class='ocrx_word' id='word_1_64' title='bbox 956 1555 1017 1609; x_wconf 84' lang='grc' dir='ltr'>τὸ</span> <span class='ocrx_word' id='word_1_65' title='bbox 1045 1554 1425 1625; x_wconf 83' lang='grc' dir='ltr'>ἐπιγινόμενον</span> <span class='ocrx_word' id='word_1_66' title='bbox 1449 1554 1687 1608; x_wconf 83' lang='grc' dir='ltr'>ἐπισπά-</span> 
     </span>
    </p>
   </div>
   <div class='ocr_carea' id='block_1_11' title="bbox 98 1637 1689 1714">
    <p class='ocr_par' dir='ltr' id='par_1_11' title="bbox 98 1637 1689 1714">
     <span class='ocr_line' id='line_1_11' title="bbox 98 1637 1689 1714; baseline -0.003 -17"><span class='ocrx_word' id='word_1_67' title='bbox 98 1643 297 1698; x_wconf 86' lang='grc' dir='ltr'>σασθαι</span> <span class='ocrx_word' id='word_1_68' title='bbox 326 1643 650 1714; x_wconf 82' lang='grc' dir='ltr'>δυνηθῶσιν.</span> <span class='ocrx_word' id='word_1_69' title='bbox 681 1640 989 1696; x_wconf 89' lang='grc' dir='ltr'>Διαϐαίνειν</span> <span class='ocrx_word' id='word_1_70' title='bbox 1026 1639 1133 1710; x_wconf 82' lang='grc' dir='ltr'>γὰρ</span> <span class='ocrx_word' id='word_1_71' title='bbox 1167 1639 1435 1708; x_wconf 89' lang='grc' dir='ltr'>προσήκει</span> <span class='ocrx_word' id='word_1_72' title='bbox 1457 1638 1547 1691; x_wconf 83' lang='grc' dir='ltr'>τὸν</span> <span class='ocrx_word' id='word_1_73' title='bbox 1577 1637 1689 1692; x_wconf 88' lang='grc' dir='ltr'>τῶν</span> 
     </span>
    </p>
   </div>
   <div class='ocr_carea' id='block_1_12' title="bbox 94 1721 1688 1795">
    <p class='ocr_par' dir='ltr' id='par_1_12' title="bbox 94 1721 1688 1795">
     <span class='ocr_line' id='line_1_12' title="bbox 94 1721 1688 1795; baseline -0.004 -15"><span class='ocrx_word' id='word_1_74' title='bbox 94 1727 435 1781; x_wconf 75' lang='grc' dir='ltr'>διδασκάλων</span> <span class='ocrx_word' id='word_1_75' title='bbox 482 1726 576 1780; x_wconf 79' lang='grc' dir='ltr'>ἐπὶ</span> <span class='ocrx_word' id='word_1_76' title='bbox 619 1726 747 1788; x_wconf 79' lang='grc' dir='ltr'>τοὺς</span> <span class='ocrx_word' id='word_1_77' title='bbox 794 1722 1118 1795; x_wconf 81' lang='grc' dir='ltr'>ὁμιλοῦντας</span> <span class='ocrx_word' id='word_1_78' title='bbox 1158 1723 1378 1793; x_wconf 85' lang='grc' dir='ltr'>τρόπον,</span> <span class='ocrx_word' id='word_1_79' title='bbox 1419 1722 1513 1775; x_wconf 72' lang='grc' dir='ltr'>καὶ</span> <span class='ocrx_word' id='word_1_80' title='bbox 1561 1721 1688 1784; x_wconf 77' lang='grc' dir='ltr'>τοὺς</span> 
     </span>
    </p>
   </div>
   <div class='ocr_carea' id='block_1_13' title="bbox 96 1804 1688 1882">
    <p class='ocr_par' dir='ltr' id='par_1_13' title="bbox 96 1804 1688 1882">
     <span class='ocr_line' id='line_1_13' title="bbox 96 1804 1688 1882; baseline -0.004 -18"><span class='ocrx_word' id='word_1_81' title='bbox 96 1811 203 1864; x_wconf 88' lang='grc' dir='ltr'>τῶν</span> <span class='ocrx_word' id='word_1_82' title='bbox 252 1810 552 1882; x_wconf 75' lang='grc' dir='ltr'>προφητῶν</span> <span class='ocrx_word' id='word_1_83' title='bbox 589 1809 866 1880; x_wconf 79' lang='grc' dir='ltr'>ἀκροατὰς</span> <span class='ocrx_word' id='word_1_84' title='bbox 908 1806 1152 1879; x_wconf 81' lang='grc' dir='ltr'>μιμητὰς</span> <span class='ocrx_word' id='word_1_85' title='bbox 1196 1807 1466 1877; x_wconf 84' lang='grc' dir='ltr'>προσήκει</span> <span class='ocrx_word' id='word_1_86' title='bbox 1500 1804 1688 1873; x_wconf 87' lang='grc' dir='ltr'>φαίνε-</span> 
     </span>
    </p>
   </div>
   <div class='ocr_carea' id='block_1_14' title="bbox 100 1887 1688 1963">
    <p class='ocr_par' dir='ltr' id='par_1_14' title="bbox 100 1887 1688 1963">
     <span class='ocr_line' id='line_1_14' title="bbox 100 1887 1688 1963; baseline -0.004 -17"><span class='ocrx_word' id='word_1_87' title='bbox 100 1892 223 1948; x_wconf 87' lang='grc' dir='ltr'>σθαι</span> <span class='ocrx_word' id='word_1_88' title='bbox 255 1894 361 1963; x_wconf 88' lang='grc' dir='ltr'>τῆς</span> <span class='ocrx_word' id='word_1_89' title='bbox 395 1892 620 1946; x_wconf 79' lang='grc' dir='ltr'>ἐκείνων</span> <span class='ocrx_word' id='word_1_90' title='bbox 654 1890 1032 1959; x_wconf 81' lang='grc' dir='ltr'>δικαιοσύνης,</span> <span class='ocrx_word' id='word_1_91' title='bbox 1073 1890 1163 1943; x_wconf 80' lang='grc' dir='ltr'>ἵνα</span> <span class='ocrx_word' id='word_1_92' title='bbox 1212 1889 1387 1943; x_wconf 85' lang='grc' dir='ltr'>πάντα</span> <span class='ocrx_word' id='word_1_93' title='bbox 1428 1888 1522 1941; x_wconf 84' lang='grc' dir='ltr'>τὸν</span> <span class='ocrx_word' id='word_1_94' title='bbox 1560 1887 1688 1958; x_wconf 81' lang='grc' dir='ltr'>χρό-</span> 
     </span>
    </p>
   </div>
   <div class='ocr_carea' id='block_1_15' title="bbox 97 1969 1688 2048">
    <p class='ocr_par' dir='ltr' id='par_1_15' title="bbox 97 1969 1688 2048">
     <span class='ocr_line' id='line_1_15' title="bbox 97 1969 1688 2048; baseline -0.005 -18"><span class='ocrx_word' id='word_1_95' title='bbox 97 1994 184 2030; x_wconf 90' lang='grc' dir='ltr'>νον</span> <span class='ocrx_word' id='word_1_96' title='bbox 228 1974 385 2048; x_wconf 80' lang='lat'><strong>[779]</strong></span> <span class='ocrx_word' id='word_1_97' title='bbox 415 1979 535 2038; x_wconf 81' lang='grc' dir='ltr'>ταῖς</span> <span class='ocrx_word' id='word_1_98' title='bbox 574 1975 905 2045; x_wconf 84' lang='grc' dir='ltr'>προσευχαῖς</span> <span class='ocrx_word' id='word_1_99' title='bbox 931 1974 1026 2026; x_wconf 76' lang='grc' dir='ltr'>καὶ</span> <span class='ocrx_word' id='word_1_100' title='bbox 1053 1976 1121 2043; x_wconf 80' lang='grc' dir='ltr'>τῇ</span> <span class='ocrx_word' id='word_1_101' title='bbox 1151 1970 1246 2025; x_wconf 85' lang='grc' dir='ltr'>τοῦ</span> <span class='ocrx_word' id='word_1_102' title='bbox 1289 1969 1424 2024; x_wconf 90' lang='grc' dir='ltr'>Θεοῦ</span> <span class='ocrx_word' id='word_1_103' title='bbox 1462 1969 1688 2042; x_wconf 72' lang='grc' dir='ltr'>λατρεία</span> 
     </span>
    </p>
   </div>
   <div class='ocr_carea' id='block_1_16' title="bbox 98 2055 1686 2132">
    <p class='ocr_par' dir='ltr' id='par_1_16' title="bbox 98 2055 1686 2132">
     <span class='ocr_line' id='line_1_16' title="bbox 98 2055 1686 2132; baseline -0.005 -17"><span class='ocrx_word' id='word_1_104' title='bbox 98 2062 189 2115; x_wconf 76' lang='grc' dir='ltr'>καὶ</span> <span class='ocrx_word' id='word_1_105' title='bbox 223 2060 430 2132; x_wconf 78' lang='grc' dir='ltr'>μελέτῃ</span> <span class='ocrx_word' id='word_1_106' title='bbox 461 2058 740 2129; x_wconf 75' lang='grc' dir='ltr'>συξῶμεν,</span> <span class='ocrx_word' id='word_1_107' title='bbox 769 2059 929 2112; x_wconf 87' lang='grc' dir='ltr'>τοῦτο</span> <span class='ocrx_word' id='word_1_108' title='bbox 956 2057 1120 2128; x_wconf 76' lang='grc' dir='ltr'>ζωὴν,</span> <span class='ocrx_word' id='word_1_109' title='bbox 1149 2055 1309 2110; x_wconf 87' lang='grc' dir='ltr'>τοῦτο</span> <span class='ocrx_word' id='word_1_110' title='bbox 1341 2056 1553 2123; x_wconf 86' lang='grc' dir='ltr'>ὑγίειαν</span> <span class='ocrx_word' id='word_1_111' title='bbox 1590 2055 1686 2109; x_wconf 78' lang='grc' dir='ltr'>καὶ</span> 
     </span>
    </p>
   </div>
   <div class='ocr_carea' id='block_1_17' title="bbox 100 2135 1686 2212">
    <p class='ocr_par' dir='ltr' id='par_1_17' title="bbox 100 2135 1686 2212">
     <span class='ocr_line' id='line_1_17' title="bbox 100 2135 1686 2212; baseline -0.004 -15"><span class='ocrx_word' id='word_1_112' title='bbox 100 2144 351 2205; x_wconf 84' lang='grc' dir='ltr'>πλοῦτον,</span> <span class='ocrx_word' id='word_1_113' title='bbox 398 2141 559 2196; x_wconf 86' lang='grc' dir='ltr'>τοῦτο</span> <span class='ocrx_word' id='word_1_114' title='bbox 606 2141 781 2212; x_wconf 83' lang='grc' dir='ltr'>πέρας</span> <span class='ocrx_word' id='word_1_115' title='bbox 812 2139 1036 2209; x_wconf 83' lang='grc' dir='ltr'>ἀγαθῶν</span> <span class='ocrx_word' id='word_1_116' title='bbox 1068 2135 1208 2192; x_wconf 72' lang='grc' dir='ltr'>εἶναι</span> <span class='ocrx_word' id='word_1_117' title='bbox 1239 2139 1586 2209; x_wconf 81' lang='grc' dir='ltr'>νομίζοντες,</span> <span class='ocrx_word' id='word_1_118' title='bbox 1627 2138 1686 2192; x_wconf 82' lang='grc' dir='ltr'>τὸ</span> 
     </span>
    </p>
   </div>
   <div class='ocr_carea' id='block_1_18' title="bbox 100 2223 1686 2299">
    <p class='ocr_par' dir='ltr' id='par_1_18' title="bbox 100 2223 1686 2299">
     <span class='ocr_line' id='line_1_18' title="bbox 100 2223 1686 2299; baseline -0.002 -19"><span class='ocrx_word' id='word_1_119' title='bbox 100 2225 498 2299; x_wconf 69' lang='grc' dir='ltr'>προσεύχεσθαι</span> <span class='ocrx_word' id='word_1_120' title='bbox 529 2225 607 2296; x_wconf 78' lang='grc' dir='ltr'>τῷ</span> <span class='ocrx_word' id='word_1_121' title='bbox 633 2224 752 2295; x_wconf 85' lang='grc' dir='ltr'>Θεῷ</span> <span class='ocrx_word' id='word_1_122' title='bbox 787 2223 924 2296; x_wconf 86' lang='grc' dir='ltr'>μετά</span> <span class='ocrx_word' id='word_1_123' title='bbox 954 2224 1204 2293; x_wconf 83' lang='grc' dir='ltr'>καθαρᾶς</span> <span class='ocrx_word' id='word_1_124' title='bbox 1229 2224 1324 2277; x_wconf 73' lang='grc' dir='ltr'>καὶ</span> <span class='ocrx_word' id='word_1_125' title='bbox 1355 2223 1686 2295; x_wconf 86' lang='grc' dir='ltr'>ἀδιαφθόρου</span> 
     </span>
    </p>
   </div>
   <div class='ocr_carea' id='block_1_19' title="bbox 98 2304 1684 2382">
    <p class='ocr_par' dir='ltr' id='par_1_19' title="bbox 98 2304 1684 2382">
     <span class='ocr_line' id='line_1_19' title="bbox 98 2304 1684 2382; baseline -0.001 -22"><span class='ocrx_word' id='word_1_126' title='bbox 98 2312 297 2382; x_wconf 68' lang='grc' dir='ltr'>ψυχῆς.</span> <span class='ocrx_word' id='word_1_127' title='bbox 332 2311 542 2381; x_wconf 83' lang='grc' dir='ltr'>Ὠσπερ</span> <span class='ocrx_word' id='word_1_128' title='bbox 571 2307 680 2379; x_wconf 84' lang='grc' dir='ltr'>γὰρ</span> <span class='ocrx_word' id='word_1_129' title='bbox 706 2305 785 2377; x_wconf 82' lang='grc' dir='ltr'>τῷ</span> <span class='ocrx_word' id='word_1_130' title='bbox 811 2305 1024 2377; x_wconf 86' lang='grc' dir='ltr'>σώματι</span> <span class='ocrx_word' id='word_1_131' title='bbox 1072 2306 1189 2376; x_wconf 82' lang='grc' dir='ltr'>φῶς</span> <span class='ocrx_word' id='word_1_132' title='bbox 1233 2305 1403 2374; x_wconf 71' lang='grc' dir='ltr'>ἥλιος,</span> <span class='ocrx_word' id='word_1_133' title='bbox 1448 2304 1591 2359; x_wconf 76' lang='grc' dir='ltr'>οὓτω</span> <span class='ocrx_word' id='word_1_134' title='bbox 1617 2308 1684 2375; x_wconf 85' lang='grc' dir='ltr'>τῇ</span> 
     </span>
    </p>
   </div>
   <div class='ocr_carea' id='block_1_20' title="bbox 99 2386 1687 2467">
    <p class='ocr_par' dir='ltr' id='par_1_20' title="bbox 99 2386 1687 2467">
     <span class='ocr_line' id='line_1_20' title="bbox 99 2386 1687 2467; baseline -0.003 -19"><span class='ocrx_word' id='word_1_135' title='bbox 99 2397 239 2467; x_wconf 60' lang='grc' dir='ltr'>φυχῇ</span> <span class='ocrx_word' id='word_1_136' title='bbox 273 2397 308 2467; x_wconf 78' lang='grc' dir='ltr'>ὴ</span> <span class='ocrx_word' id='word_1_137' title='bbox 344 2394 645 2467; x_wconf 76' lang='grc' dir='ltr'>προσευχὴ.</span> <span class='ocrx_word' id='word_1_138' title='bbox 686 2392 751 2445; x_wconf 79' lang='grc' dir='ltr'><strong>Εἰ</strong></span> <span class='ocrx_word' id='word_1_139' title='bbox 782 2386 875 2445; x_wconf 83' lang='grc' dir='ltr'>οὖν</span> <span class='ocrx_word' id='word_1_140' title='bbox 908 2389 1092 2461; x_wconf 77' lang='grc' dir='ltr'>τυφλῷ</span> <span class='ocrx_word' id='word_1_141' title='bbox 1131 2390 1301 2461; x_wconf 80' lang='grc' dir='ltr'>ζημία</span> <span class='ocrx_word' id='word_1_142' title='bbox 1348 2390 1407 2443; x_wconf 76' lang='grc' dir='ltr'>τὸ</span> <span class='ocrx_word' id='word_1_143' title='bbox 1442 2389 1516 2462; x_wconf 81' lang='grc' dir='ltr'>μὴ</span> <span class='ocrx_word' id='word_1_144' title='bbox 1554 2392 1687 2462; x_wconf 80' lang='grc' dir='ltr'>ὁρᾷν</span> 
     </span>
    </p>
   </div>
   <div class='ocr_carea' id='block_1_21' title="bbox 101 2471 1688 2550">
    <p class='ocr_par' dir='ltr' id='par_1_21' title="bbox 101 2471 1688 2550">
     <span class='ocr_line' id='line_1_21' title="bbox 101 2471 1688 2550; baseline -0.004 -18"><span class='ocrx_word' id='word_1_145' title='bbox 101 2480 186 2532; x_wconf 68' lang='grc' dir='ltr'>τὸν</span> <span class='ocrx_word' id='word_1_146' title='bbox 218 2478 406 2550; x_wconf 77' lang='grc' dir='ltr'>ἥλιον,</span> <span class='ocrx_word' id='word_1_147' title='bbox 450 2477 589 2547; x_wconf 86' lang='grc' dir='ltr'>πόση</span> <span class='ocrx_word' id='word_1_148' title='bbox 620 2474 793 2544; x_wconf 81' lang='grc' dir='ltr'>ζημία</span> <span class='ocrx_word' id='word_1_149' title='bbox 825 2471 1140 2545; x_wconf 82' lang='grc' dir='ltr'>Χριστιανῷ</span> <span class='ocrx_word' id='word_1_150' title='bbox 1171 2474 1233 2527; x_wconf 82' lang='grc' dir='ltr'>τὸ</span> <span class='ocrx_word' id='word_1_151' title='bbox 1280 2473 1356 2546; x_wconf 82' lang='grc' dir='ltr'>μὴ</span> <span class='ocrx_word' id='word_1_152' title='bbox 1388 2474 1688 2546; x_wconf 79' lang='grc' dir='ltr'>προσεύχεο</span> 
     </span>
    </p>
   </div>
   <div class='ocr_carea' id='block_1_22' title="bbox 104 2556 1686 2632">
    <p class='ocr_par' dir='ltr' id='par_1_22' title="bbox 104 2556 1686 2632">
     <span class='ocr_line' id='line_1_22' title="bbox 104 2556 1686 2632; baseline -0.003 -17"><span class='ocrx_word' id='word_1_153' title='bbox 104 2562 223 2615; x_wconf 86' lang='grc' dir='ltr'>σθαι</span> <span class='ocrx_word' id='word_1_154' title='bbox 255 2561 501 2632; x_wconf 90' lang='grc' dir='ltr'>συνεχῶς</span> <span class='ocrx_word' id='word_1_155' title='bbox 528 2561 623 2614; x_wconf 73' lang='grc' dir='ltr'>καὶ</span> <span class='ocrx_word' id='word_1_156' title='bbox 653 2558 742 2613; x_wconf 89' lang='grc' dir='ltr'>διά</span> <span class='ocrx_word' id='word_1_157' title='bbox 770 2559 868 2630; x_wconf 89' lang='grc' dir='ltr'>τῆς</span> <span class='ocrx_word' id='word_1_158' title='bbox 902 2557 1067 2628; x_wconf 83' lang='grc' dir='ltr'>εὐχῆς</span> <span class='ocrx_word' id='word_1_159' title='bbox 1090 2557 1151 2611; x_wconf 84' lang='grc' dir='ltr'>τὸ</span> <span class='ocrx_word' id='word_1_160' title='bbox 1174 2556 1270 2610; x_wconf 88' lang='grc' dir='ltr'>τοῦ</span> <span class='ocrx_word' id='word_1_161' title='bbox 1305 2557 1544 2632; x_wconf 77' lang='grc' dir='ltr'>Χριστοῦ</span> <span class='ocrx_word' id='word_1_162' title='bbox 1569 2558 1686 2628; x_wconf 89' lang='grc' dir='ltr'>φῶς</span> 
     </span>
    </p>
   </div>
   <div class='ocr_carea' id='block_1_23' title="bbox 102 2640 1684 2717">
    <p class='ocr_par' dir='ltr' id='par_1_23' title="bbox 102 2640 1684 2717">
     <span class='ocr_line' id='line_1_23' title="bbox 102 2640 1684 2717; baseline -0.003 -20"><span class='ocrx_word' id='word_1_163' title='bbox 102 2648 178 2708; x_wconf 85' lang='grc' dir='ltr'>εἰς</span> <span class='ocrx_word' id='word_1_164' title='bbox 208 2643 310 2717; x_wconf 81' lang='grc' dir='ltr'>τὴν</span> <span class='ocrx_word' id='word_1_165' title='bbox 335 2642 512 2715; x_wconf 79' lang='grc' dir='ltr'>ψυχὴν</span> <span class='ocrx_word' id='word_1_166' title='bbox 532 2642 772 2711; x_wconf 79' lang='grc' dir='ltr'>εἰσάγειν</span> <span class='ocrx_word' id='word_1_167' title='bbox 797 2658 811 2706; x_wconf 93' lang='grc'>;</span> <span class='ocrx_word' id='word_1_168' title='bbox 848 2640 1042 2694; x_wconf 84' lang='grc' dir='ltr'>Καίτοι</span> <span class='ocrx_word' id='word_1_169' title='bbox 1061 2640 1146 2704; x_wconf 88' lang='grc' dir='ltr'>τίς</span> <span class='ocrx_word' id='word_1_170' title='bbox 1166 2640 1266 2694; x_wconf 87' lang='grc' dir='ltr'>οὐκ</span> <span class='ocrx_word' id='word_1_171' title='bbox 1293 2640 1360 2694; x_wconf 83' lang='grc' dir='ltr'>ἂν</span> <span class='ocrx_word' id='word_1_172' title='bbox 1382 2640 1684 2713; x_wconf 73' lang='grc' dir='ltr'>ἐκπλαγείη</span> 
     </span>
    </p>
   </div>
   <div class='ocr_carea' id='block_1_24' title="bbox 103 2723 1687 2798">
    <p class='ocr_par' dir='ltr' id='par_1_24' title="bbox 103 2723 1687 2798">
     <span class='ocr_line' id='line_1_24' title="bbox 103 2723 1687 2798; baseline -0.003 -16"><span class='ocrx_word' id='word_1_173' title='bbox 103 2728 194 2782; x_wconf 76' lang='grc' dir='ltr'>καὶ</span> <span class='ocrx_word' id='word_1_174' title='bbox 237 2728 545 2798; x_wconf 77' lang='grc' dir='ltr'>θαυμάσειε</span> <span class='ocrx_word' id='word_1_175' title='bbox 588 2727 689 2796; x_wconf 82' lang='grc' dir='ltr'>τὴν</span> <span class='ocrx_word' id='word_1_176' title='bbox 726 2723 821 2778; x_wconf 92' lang='grc' dir='ltr'>τοῦ</span> <span class='ocrx_word' id='word_1_177' title='bbox 851 2723 988 2777; x_wconf 89' lang='grc' dir='ltr'>Θεοῦ</span> <span class='ocrx_word' id='word_1_178' title='bbox 1038 2723 1471 2795; x_wconf 81' lang='grc' dir='ltr'>φιλανθρωπίαν,</span> <span class='ocrx_word' id='word_1_179' title='bbox 1507 2724 1572 2796; x_wconf 78' lang='grc' dir='ltr'>ῆν</span> <span class='ocrx_word' id='word_1_180' title='bbox 1605 2727 1687 2790; x_wconf 85' lang='grc' dir='ltr'>εἰς</span> 
     </span>
    </p>
   </div>
   <div class='ocr_carea' id='block_1_25' title="bbox 104 2806 1687 2882">
    <p class='ocr_par' dir='ltr' id='par_1_25' title="bbox 104 2806 1687 2882">
     <span class='ocr_line' id='line_1_25' title="bbox 104 2806 1687 2882; baseline -0.003 -17"><span class='ocrx_word' id='word_1_181' title='bbox 104 2814 245 2882; x_wconf 76' lang='grc' dir='ltr'>ημᾶς</span> <span class='ocrx_word' id='word_1_182' title='bbox 272 2811 665 2875; x_wconf 75' lang='grc' dir='ltr'>ἐπιδείκνυται,</span> <span class='ocrx_word' id='word_1_183' title='bbox 714 2808 979 2879; x_wconf 84' lang='grc' dir='ltr'>τοσαύτην</span> <span class='ocrx_word' id='word_1_184' title='bbox 1007 2806 1172 2879; x_wconf 83' lang='grc' dir='ltr'>τιμὴν</span> <span class='ocrx_word' id='word_1_185' title='bbox 1198 2806 1506 2879; x_wconf 88' lang='grc' dir='ltr'>ἀνθρώποις</span> <span class='ocrx_word' id='word_1_186' title='bbox 1533 2825 1687 2878; x_wconf 90' lang='grc' dir='ltr'>χαρι-</span> 
     </span>
    </p>
   </div>
   <div class='ocr_carea' id='block_1_26' title="bbox 106 2891 1688 2967">
    <p class='ocr_par' dir='ltr' id='par_1_26' title="bbox 106 2891 1688 2967">
     <span class='ocr_line' id='line_1_26' title="bbox 106 2891 1688 2967; baseline -0.002 -18"><span class='ocrx_word' id='word_1_187' title='bbox 106 2894 348 2967; x_wconf 85' lang='grc' dir='ltr'>ζόμενος,</span> <span class='ocrx_word' id='word_1_188' title='bbox 372 2896 448 2959; x_wconf 89' lang='grc' dir='ltr'>ώς</span> <span class='ocrx_word' id='word_1_189' title='bbox 477 2895 573 2949; x_wconf 72' lang='grc' dir='ltr'>καὶ</span> <span class='ocrx_word' id='word_1_190' title='bbox 602 2895 916 2964; x_wconf 85' lang='grc' dir='ltr'>προσευχῆς</span> <span class='ocrx_word' id='word_1_191' title='bbox 962 2891 1193 2956; x_wconf 79' lang='grc' dir='ltr'>ἀξιῶσαι</span> <span class='ocrx_word' id='word_1_192' title='bbox 1222 2891 1317 2945; x_wconf 78' lang='grc' dir='ltr'>καὶ</span> <span class='ocrx_word' id='word_1_193' title='bbox 1344 2892 1560 2962; x_wconf 77' lang='grc' dir='ltr'>ὁμιλίας</span> <span class='ocrx_word' id='word_1_194' title='bbox 1586 2892 1688 2963; x_wconf 87' lang='grc' dir='ltr'>τῆς</span> 
     </span>
    </p>
   </div>
   <div class='ocr_carea' id='block_1_27' title="bbox 106 2973 1687 3050">
    <p class='ocr_par' dir='ltr' id='par_1_27' title="bbox 106 2973 1687 3050">
     <span class='ocr_line' id='line_1_27' title="bbox 106 2973 1687 3050; baseline -0.005 -16"><span class='ocrx_word' id='word_1_195' title='bbox 106 2980 331 3045; x_wconf 63' lang='lat' dir='ltr'>tau-:05;</span> <span class='ocrx_word' id='word_1_196' title='bbox 367 2978 486 3050; x_wconf 86' lang='grc' dir='ltr'>Θεῷ</span> <span class='ocrx_word' id='word_1_197' title='bbox 511 2979 620 3050; x_wconf 75' lang='grc' dir='ltr'>γὰρ</span> <span class='ocrx_word' id='word_1_198' title='bbox 650 2978 726 3041; x_wconf 85' lang='grc' dir='ltr'>ὡς</span> <span class='ocrx_word' id='word_1_199' title='bbox 778 2975 996 3048; x_wconf 86' lang='grc' dir='ltr'>ἀληθῶς</span> <span class='ocrx_word' id='word_1_200' title='bbox 1041 2974 1308 3045; x_wconf 82' lang='grc' dir='ltr'>λαλοῦμεν</span> <span class='ocrx_word' id='word_1_201' title='bbox 1332 2975 1362 3015; x_wconf 65' lang='grc' dir='ltr'>δ</span> <span class='ocrx_word' id='word_1_202' title='bbox 1400 2974 1480 3046; x_wconf 83' lang='grc' dir='ltr'>τῷ</span> <span class='ocrx_word' id='word_1_203' title='bbox 1509 2973 1687 3049; x_wconf 81' lang='grc' dir='ltr'>καιρῷ</span> 
     </span>
    </p>
   </div>
   <div class='ocr_carea' id='block_1_28' title="bbox 105 3056 1688 3135">
    <p class='ocr_par' dir='ltr' id='par_1_28' title="bbox 105 3056 1688 3135">
     <span class='ocr_line' id='line_1_28' title="bbox 105 3056 1688 3135; baseline -0.002 -19"><span class='ocrx_word' id='word_1_204' title='bbox 105 3064 196 3134; x_wconf 83' lang='grc' dir='ltr'>τῆς</span> <span class='ocrx_word' id='word_1_205' title='bbox 234 3062 550 3135; x_wconf 82' lang='grc' dir='ltr'>προσευχῆς</span> <span class='ocrx_word' id='word_1_206' title='bbox 571 3105 586 3127; x_wconf 90' lang='grc'>,</span> <span class='ocrx_word' id='word_1_207' title='bbox 631 3062 700 3114; x_wconf 83' lang='grc' dir='ltr'>δι’</span> <span class='ocrx_word' id='word_1_208' title='bbox 731 3056 799 3133; x_wconf 81' lang='grc' dir='ltr'>ἦς</span> <span class='ocrx_word' id='word_1_209' title='bbox 828 3060 924 3115; x_wconf 76' lang='grc' dir='ltr'>καὶ</span> <span class='ocrx_word' id='word_1_210' title='bbox 969 3062 1084 3123; x_wconf 87' lang='grc' dir='ltr'>τοῖς</span> <span class='ocrx_word' id='word_1_211' title='bbox 1116 3058 1371 3128; x_wconf 84' lang='grc' dir='ltr'>ἀγγέλοις</span> <span class='ocrx_word' id='word_1_212' title='bbox 1417 3059 1688 3113; x_wconf 84' lang='grc' dir='ltr'>συναπτό-</span> 
     </span>
    </p>
   </div>
   <div class='ocr_carea' id='block_1_29' title="bbox 111 3138 1686 3214">
    <p class='ocr_par' dir='ltr' id='par_1_29' title="bbox 111 3138 1686 3214">
     <span class='ocr_line' id='line_1_29' title="bbox 111 3138 1686 3214; baseline -0.003 -17"><span class='ocrx_word' id='word_1_213' title='bbox 111 3144 260 3213; x_wconf 88' lang='grc' dir='ltr'>μεθα,</span> <span class='ocrx_word' id='word_1_214' title='bbox 293 3144 388 3197; x_wconf 75' lang='grc' dir='ltr'>καὶ</span> <span class='ocrx_word' id='word_1_215' title='bbox 415 3144 515 3214; x_wconf 81' lang='grc' dir='ltr'>τὴν</span> <span class='ocrx_word' id='word_1_216' title='bbox 546 3142 684 3214; x_wconf 82' lang='grc' dir='ltr'>πρὸς</span> <span class='ocrx_word' id='word_1_217' title='bbox 713 3144 780 3195; x_wconf 81' lang='grc' dir='ltr'>τὰ</span> <span class='ocrx_word' id='word_1_218' title='bbox 802 3141 973 3209; x_wconf 79' lang='grc' dir='ltr'>ἄλογα</span> <span class='ocrx_word' id='word_1_219' title='bbox 1023 3139 1305 3193; x_wconf 87' lang='grc' dir='ltr'>κοινωνίαν</span> <span class='ocrx_word' id='word_1_220' title='bbox 1331 3138 1465 3192; x_wconf 82' lang='grc' dir='ltr'>πολὺ</span> <span class='ocrx_word' id='word_1_221' title='bbox 1495 3138 1686 3208; x_wconf 80' lang='grc' dir='ltr'>φαινό-</span> 
     </span>
    </p>
   </div>
   <div class='ocr_carea' id='block_1_30' title="bbox 111 3220 1682 3295">
    <p class='ocr_par' dir='ltr' id='par_1_30' title="bbox 111 3220 1682 3295">
     <span class='ocr_line' id='line_1_30' title="bbox 111 3220 1682 3295; baseline -0.003 -18"><span class='ocrx_word' id='word_1_222' title='bbox 111 3226 239 3293; x_wconf 84' lang='grc' dir='ltr'>μεθα</span> <span class='ocrx_word' id='word_1_223' title='bbox 262 3225 671 3295; x_wconf 81' lang='grc' dir='ltr'>διαφεύγοντες.</span> <span class='ocrx_word' id='word_1_224' title='bbox 690 3225 964 3292; x_wconf 82' lang='grc' dir='ltr'>Ἀγγέλων</span> <span class='ocrx_word' id='word_1_225' title='bbox 990 3223 1102 3294; x_wconf 90' lang='grc' dir='ltr'>γάρ</span> <span class='ocrx_word' id='word_1_226' title='bbox 1131 3221 1292 3292; x_wconf 72' lang='grc' dir='ltr'>ἔργον</span> <span class='ocrx_word' id='word_1_227' title='bbox 1320 3223 1354 3293; x_wconf 82' lang='grc' dir='ltr'>ἠ</span> <span class='ocrx_word' id='word_1_228' title='bbox 1381 3220 1682 3293; x_wconf 76' lang='grc' dir='ltr'>προσευχὴ,</span> 
     </span>
    </p>
   </div>
   <div class='ocr_carea' id='block_1_31' title="bbox 108 3304 1685 3381">
    <p class='ocr_par' dir='ltr' id='par_1_31' title="bbox 108 3304 1685 3381">
     <span class='ocr_line' id='line_1_31' title="bbox 108 3304 1685 3381; baseline -0.002 -21"><span class='ocrx_word' id='word_1_229' title='bbox 108 3310 477 3381; x_wconf 80' lang='grc' dir='ltr'>ὑπεραίρουσα</span> <span class='ocrx_word' id='word_1_230' title='bbox 506 3309 602 3362; x_wconf 75' lang='grc' dir='ltr'>καὶ</span> <span class='ocrx_word' id='word_1_231' title='bbox 633 3309 732 3378; x_wconf 85' lang='grc' dir='ltr'>τὴν</span> <span class='ocrx_word' id='word_1_232' title='bbox 769 3307 992 3361; x_wconf 77' lang='grc' dir='ltr'>ἐκείνων</span> <span class='ocrx_word' id='word_1_233' title='bbox 1020 3305 1199 3372; x_wconf 81' lang='grc' dir='ltr'>ἀξίαν,</span> <span class='ocrx_word' id='word_1_234' title='bbox 1247 3304 1409 3377; x_wconf 85' lang='grc' dir='ltr'>εἴπερ</span> <span class='ocrx_word' id='word_1_235' title='bbox 1438 3304 1685 3376; x_wconf 87' lang='grc' dir='ltr'>κρεῖττόν</span> 
     </span>
    </p>
   </div>
   <div class='ocr_carea' id='block_1_32' title="bbox 109 3387 1684 3471">
    <p class='ocr_par' dir='ltr' id='par_1_32' title="bbox 109 3387 1684 3471">
     <span class='ocr_line' id='line_1_32' title="bbox 109 3387 1684 3471; baseline -0.002 -27"><span class='ocrx_word' id='word_1_236' title='bbox 109 3394 216 3445; x_wconf 81' lang='grc' dir='ltr'>ἐστι</span> <span class='ocrx_word' id='word_1_237' title='bbox 238 3394 340 3463; x_wconf 91' lang='grc' dir='ltr'>τῆς</span> <span class='ocrx_word' id='word_1_238' title='bbox 368 3392 618 3471; x_wconf 74' lang='grc' dir='ltr'>ἀγγέλων</span> <span class='ocrx_word' id='word_1_239' title='bbox 643 3391 803 3457; x_wconf 81' lang='grc' dir='ltr'>ἀξίας</span> <span class='ocrx_word' id='word_1_240' title='bbox 829 3391 890 3444; x_wconf 74' lang='grc' dir='ltr'>τὸ</span> <span class='ocrx_word' id='word_1_241' title='bbox 910 3389 1032 3461; x_wconf 86' lang='grc' dir='ltr'>Θεῷ</span> <span class='ocrx_word' id='word_1_242' title='bbox 1062 3388 1429 3458; x_wconf 87' lang='grc' dir='ltr'>διαλέγεσθαι.</span> <span class='ocrx_word' id='word_1_243' title='bbox 1460 3387 1571 3443; x_wconf 85' lang='grc' dir='ltr'>Καὶ</span> <span class='ocrx_word' id='word_1_244' title='bbox 1601 3390 1684 3443; x_wconf 83' lang='grc' dir='ltr'>ὅτι</span> 
     </span>
    </p>
   </div>
   <div class='ocr_carea' id='block_1_33' title="bbox 107 3471 1684 3548">
    <p class='ocr_par' dir='ltr' id='par_1_33' title="bbox 107 3471 1684 3548">
     <span class='ocr_line' id='line_1_33' title="bbox 107 3471 1684 3548; baseline -0.002 -20"><span class='ocrx_word' id='word_1_245' title='bbox 107 3492 167 3544; x_wconf 88' lang='grc' dir='ltr'>γε</span> <span class='ocrx_word' id='word_1_246' title='bbox 200 3488 221 3516; x_wconf 71' lang='grc' dir='ltr'>ε</span> <span class='ocrx_word' id='word_1_247' title='bbox 254 3476 503 3548; x_wconf 87' lang='grc' dir='ltr'>κρεῖττόν</span> <span class='ocrx_word' id='word_1_248' title='bbox 550 3476 734 3539; x_wconf 85' lang='grc' dir='ltr'>ἐστιν,</span> <span class='ocrx_word' id='word_1_249' title='bbox 774 3473 928 3528; x_wconf 71' lang='grc' dir='ltr'>αὐτοὶ</span> <span class='ocrx_word' id='word_1_250' title='bbox 969 3472 1309 3527; x_wconf 82' lang='grc' dir='ltr'>διδάσκουσιν</span> <span class='ocrx_word' id='word_1_251' title='bbox 1352 3472 1530 3544; x_wconf 78' lang='grc' dir='ltr'>ἡμᾶς,</span> <span class='ocrx_word' id='word_1_252' title='bbox 1585 3471 1684 3525; x_wconf 78' lang='grc' dir='ltr'>σὺν</span> 
     </span>
    </p>
   </div>
   <div class='ocr_carea' id='block_1_34' title="bbox 108 3549 1684 3627">
    <p class='ocr_par' dir='ltr' id='par_1_34' title="bbox 108 3549 1684 3627">
     <span class='ocr_line' id='line_1_34' title="bbox 108 3549 1684 3627; baseline -0.006 -17"><span class='ocrx_word' id='word_1_253' title='bbox 108 3555 278 3625; x_wconf 81' lang='grc' dir='ltr'>πολλῷ</span> <span class='ocrx_word' id='word_1_254' title='bbox 313 3556 413 3627; x_wconf 82' lang='grc' dir='ltr'>μὲν</span> <span class='ocrx_word' id='word_1_255' title='bbox 443 3553 593 3624; x_wconf 88' lang='grc' dir='ltr'>φόϐῳ</span> <span class='ocrx_word' id='word_1_256' title='bbox 621 3553 720 3617; x_wconf 84' lang='grc' dir='ltr'>τὰς</span> <span class='ocrx_word' id='word_1_257' title='bbox 757 3552 922 3624; x_wconf 74' lang='grc' dir='ltr'>εὐχὰς</span> <span class='ocrx_word' id='word_1_258' title='bbox 961 3550 1384 3623; x_wconf 82' lang='grc' dir='ltr'>προσφέροντες,</span> <span class='ocrx_word' id='word_1_259' title='bbox 1416 3549 1684 3622; x_wconf 85' lang='grc' dir='ltr'>παρέχον-</span> 
     </span>
    </p>
   </div>
   <div class='ocr_carea' id='block_1_35' title="bbox 107 3630 1685 3709">
    <p class='ocr_par' dir='ltr' id='par_1_35' title="bbox 107 3630 1685 3709">
     <span class='ocr_line' id='line_1_35' title="bbox 107 3630 1685 3709; baseline -0.004 -18"><span class='ocrx_word' id='word_1_260' title='bbox 107 3656 191 3701; x_wconf 88' lang='grc' dir='ltr'>τες</span> <span class='ocrx_word' id='word_1_261' title='bbox 220 3639 274 3692; x_wconf 83' lang='grc' dir='ltr'>δέ</span> <span class='ocrx_word' id='word_1_262' title='bbox 315 3639 450 3709; x_wconf 76' lang='grc' dir='ltr'>ἡμῖν</span> <span class='ocrx_word' id='word_1_263' title='bbox 491 3635 690 3689; x_wconf 89' lang='grc' dir='ltr'>είδέναι</span> <span class='ocrx_word' id='word_1_264' title='bbox 714 3635 809 3688; x_wconf 78' lang='grc' dir='ltr'>καὶ</span> <span class='ocrx_word' id='word_1_265' title='bbox 841 3632 1153 3704; x_wconf 84' lang='grc' dir='ltr'>μανθάνειν,</span> <span class='ocrx_word' id='word_1_266' title='bbox 1188 3633 1269 3687; x_wconf 87' lang='grc' dir='ltr'>ὅτι</span> <span class='ocrx_word' id='word_1_267' title='bbox 1312 3635 1577 3703; x_wconf 85' lang='grc' dir='ltr'>προσήκει</span> <span class='ocrx_word' id='word_1_268' title='bbox 1604 3630 1685 3702; x_wconf 83' lang='grc' dir='ltr'>τῷ</span> 
     </span>
    </p>
   </div>
   <div class='ocr_carea' id='block_1_36' title="bbox 110 3713 1682 3792">
    <p class='ocr_par' dir='ltr' id='par_1_36' title="bbox 110 3713 1682 3792">
     <span class='ocr_line' id='line_1_36' title="bbox 110 3713 1682 3792; baseline -0.004 -19"><span class='ocrx_word' id='word_1_269' title='bbox 110 3719 221 3791; x_wconf 81' lang='grc' dir='ltr'>Θεῷ</span> <span class='ocrx_word' id='word_1_270' title='bbox 266 3719 598 3792; x_wconf 88' lang='grc' dir='ltr'>προσιόντας</span> <span class='ocrx_word' id='word_1_271' title='bbox 629 3718 727 3772; x_wconf 78' lang='grc' dir='ltr'>σὺν</span> <span class='ocrx_word' id='word_1_272' title='bbox 760 3718 904 3788; x_wconf 83' lang='grc' dir='ltr'>χαρᾷ</span> <span class='ocrx_word' id='word_1_273' title='bbox 937 3717 1032 3769; x_wconf 80' lang='grc' dir='ltr'>καὶ</span> <span class='ocrx_word' id='word_1_274' title='bbox 1081 3715 1228 3786; x_wconf 83' lang='grc' dir='ltr'>φόϐῳ</span> <span class='ocrx_word' id='word_1_275' title='bbox 1268 3713 1429 3768; x_wconf 88' lang='grc' dir='ltr'>τοῦτο</span> <span class='ocrx_word' id='word_1_276' title='bbox 1473 3716 1682 3767; x_wconf 85' lang='grc' dir='ltr'>ποιεῖν·</span> 
     </span>
    </p>
   </div>
   <div class='ocr_carea' id='block_1_37' title="bbox 112 3796 1687 3876">
    <p class='ocr_par' dir='ltr' id='par_1_37' title="bbox 112 3796 1687 3876">
     <span class='ocr_line' id='line_1_37' title="bbox 112 3796 1687 3876; baseline -0.004 -18"><span class='ocrx_word' id='word_1_277' title='bbox 112 3803 249 3876; x_wconf 79' lang='grc' dir='ltr'>φόϐῳ</span> <span class='ocrx_word' id='word_1_278' title='bbox 276 3804 401 3875; x_wconf 82' lang='grc' dir='ltr'>μὲν,</span> <span class='ocrx_word' id='word_1_279' title='bbox 425 3801 732 3864; x_wconf 83' lang='grc' dir='ltr'>δεδοικότας</span> <span class='ocrx_word' id='word_1_280' title='bbox 778 3799 852 3871; x_wconf 82' lang='grc' dir='ltr'>μὴ</span> <span class='ocrx_word' id='word_1_281' title='bbox 877 3800 975 3870; x_wconf 88' lang='grc' dir='ltr'>τῆς</span> <span class='ocrx_word' id='word_1_282' title='bbox 1001 3798 1312 3871; x_wconf 84' lang='grc' dir='ltr'>προσευχῆς</span> <span class='ocrx_word' id='word_1_283' title='bbox 1341 3796 1553 3864; x_wconf 85' lang='grc' dir='ltr'>ἀνάξιοι</span> <span class='ocrx_word' id='word_1_284' title='bbox 1583 3811 1687 3864; x_wconf 86' lang='grc' dir='ltr'>φα-</span> 
     </span>
    </p>
   </div>
   <div class='ocr_carea' id='block_1_38' title="bbox 111 3878 1686 3958">
    <p class='ocr_par' dir='ltr' id='par_1_38' title="bbox 111 3878 1686 3958">
     <span class='ocr_line' id='line_1_38' title="bbox 111 3878 1686 3958; baseline -0.004 -18"><span class='ocrx_word' id='word_1_285' title='bbox 111 3886 299 3957; x_wconf 86' lang='grc' dir='ltr'>νῶμεν,</span> <span class='ocrx_word' id='word_1_286' title='bbox 344 3888 520 3958; x_wconf 77' lang='grc' dir='ltr'>χαρᾶς</span> <span class='ocrx_word' id='word_1_287' title='bbox 547 3885 604 3937; x_wconf 86' lang='grc' dir='ltr'>δέ</span> <span class='ocrx_word' id='word_1_288' title='bbox 640 3884 870 3955; x_wconf 83' lang='grc' dir='ltr'>μεστοὺς</span> <span class='ocrx_word' id='word_1_289' title='bbox 893 3882 1213 3954; x_wconf 88' lang='grc' dir='ltr'>γινομένους</span> <span class='ocrx_word' id='word_1_290' title='bbox 1245 3881 1339 3934; x_wconf 72' lang='grc' dir='ltr'>ἐπὶ</span> <span class='ocrx_word' id='word_1_291' title='bbox 1362 3881 1443 3952; x_wconf 81' lang='grc' dir='ltr'>τῷ</span> <span class='ocrx_word' id='word_1_292' title='bbox 1465 3878 1686 3950; x_wconf 85' lang='grc' dir='ltr'>μεγέθει</span> 
     </span>
    </p>
   </div>
   <div class='ocr_carea' id='block_1_39' title="bbox 110 3961 1688 4041">
    <p class='ocr_par' dir='ltr' id='par_1_39' title="bbox 110 3961 1688 4041">
     <span class='ocr_line' id='line_1_39' title="bbox 110 3961 1688 4041; baseline -0.004 -20"><span class='ocrx_word' id='word_1_293' title='bbox 110 3970 200 4040; x_wconf 82' lang='grc' dir='ltr'>τῆς</span> <span class='ocrx_word' id='word_1_294' title='bbox 225 3969 395 4041; x_wconf 87' lang='grc' dir='ltr'>τιμῆς</span> <span class='ocrx_word' id='word_1_295' title='bbox 418 4011 433 4031; x_wconf 87' lang='grc'>,</span> <span class='ocrx_word' id='word_1_296' title='bbox 464 3970 547 4024; x_wconf 81' lang='grc' dir='ltr'>ὅτι</span> <span class='ocrx_word' id='word_1_297' title='bbox 578 3965 852 4038; x_wconf 83' lang='grc' dir='ltr'>τοσαύτης</span> <span class='ocrx_word' id='word_1_298' title='bbox 892 3966 988 4019; x_wconf 79' lang='grc' dir='ltr'>καὶ</span> <span class='ocrx_word' id='word_1_299' title='bbox 1034 3963 1294 4036; x_wconf 87' lang='grc' dir='ltr'>τοιαύτης</span> <span class='ocrx_word' id='word_1_300' title='bbox 1342 3962 1600 4033; x_wconf 87' lang='grc' dir='ltr'>προνοίας</span> <span class='ocrx_word' id='word_1_301' title='bbox 1626 3961 1688 4014; x_wconf 83' lang='grc' dir='ltr'>τὸ</span> 
     </span>
    </p>
   </div>
   <div class='ocr_carea' id='block_1_40' title="bbox 111 4045 1689 4126">
    <p class='ocr_par' dir='ltr' id='par_1_40' title="bbox 111 4045 1689 4126">
     <span class='ocr_line' id='line_1_40' title="bbox 111 4045 1689 4126; baseline -0.008 -17"><span class='ocrx_word' id='word_1_302' title='bbox 111 4051 292 4126; x_wconf 74' lang='grc' dir='ltr'>θνητδν</span> <span class='ocrx_word' id='word_1_303' title='bbox 323 4053 532 4125; x_wconf 72' lang='grc' dir='ltr'>ἠξιώθη</span> <span class='ocrx_word' id='word_1_304' title='bbox 555 4052 730 4117; x_wconf 88' lang='grc' dir='ltr'>γένος,</span> <span class='ocrx_word' id='word_1_305' title='bbox 751 4050 827 4113; x_wconf 87' lang='grc' dir='ltr'>ὼς</span> <span class='ocrx_word' id='word_1_306' title='bbox 850 4047 1124 4126; x_wconf 7' lang='grc' dir='ltr'>καὶγθείας</span> <span class='ocrx_word' id='word_1_307' title='bbox 1152 4046 1447 4101; x_wconf 76' lang='grc' dir='ltr'>ἀπολαύειν</span> <span class='ocrx_word' id='word_1_308' title='bbox 1470 4045 1689 4117; x_wconf 85' lang='grc' dir='ltr'>ὁμιλίας</span> 
     </span>
    </p>
   </div>
   <div class='ocr_carea' id='block_1_41' title="bbox 114 4124 1687 4209">
    <p class='ocr_par' dir='ltr' id='par_1_41' title="bbox 114 4124 1687 4209">
     <span class='ocr_line' id='line_1_41' title="bbox 114 4124 1687 4209; baseline -0.004 -20"><span class='ocrx_word' id='word_1_309' title='bbox 114 4124 363 4209; x_wconf 83' lang='grc' dir='ltr'>συνεχῶς,</span> <span class='ocrx_word' id='word_1_310' title='bbox 393 4137 461 4190; x_wconf 86' lang='grc' dir='ltr'>δι’</span> <span class='ocrx_word' id='word_1_311' title='bbox 497 4130 564 4206; x_wconf 73' lang='grc' dir='ltr'>ἧς</span> <span class='ocrx_word' id='word_1_312' title='bbox 588 4135 684 4187; x_wconf 72' lang='grc' dir='ltr'>καὶ</span> <span class='ocrx_word' id='word_1_313' title='bbox 712 4133 899 4204; x_wconf 58' lang='grc' dir='ltr'>θνητοὶ⁵</span> <span class='ocrx_word' id='word_1_314' title='bbox 922 4124 1062 4185; x_wconf 76' lang='grc' dir='ltr'>εἶναι</span> <span class='ocrx_word' id='word_1_315' title='bbox 1094 4132 1191 4184; x_wconf 73' lang='grc' dir='ltr'>καὶ</span> <span class='ocrx_word' id='word_1_316' title='bbox 1217 4129 1543 4209; x_wconf 88' lang='grc' dir='ltr'>πρόσκαιροι</span> <span class='ocrx_word' id='word_1_317' title='bbox 1568 4129 1687 4209; x_wconf 82' lang='grc' dir='ltr'>δια-</span> 
     </span>
    </p>
   </div>
   <div class='ocr_carea' id='block_1_42' title="bbox 114 4207 1689 4289">
    <p class='ocr_par' dir='ltr' id='par_1_42' title="bbox 114 4207 1689 4289">
     <span class='ocr_line' id='line_1_42' title="bbox 114 4207 1689 4289; baseline -0.004 -20"><span class='ocrx_word' id='word_1_318' title='bbox 114 4207 402 4289; x_wconf 83' lang='grc' dir='ltr'>φεύγομεν,</span> <span class='ocrx_word' id='word_1_319' title='bbox 436 4215 600 4284; x_wconf 88' lang='grc' dir='ltr'>φύσει</span> <span class='ocrx_word' id='word_1_320' title='bbox 628 4214 726 4284; x_wconf 81' lang='grc' dir='ltr'>μὲν</span> <span class='ocrx_word' id='word_1_321' title='bbox 772 4211 924 4275; x_wconf 83' lang='grc' dir='ltr'>ὁντες</span> <span class='ocrx_word' id='word_1_322' title='bbox 965 4210 1173 4280; x_wconf 81' lang='grc' dir='ltr'>θνητοὶ,</span> <span class='ocrx_word' id='word_1_323' title='bbox 1203 4211 1270 4280; x_wconf 83' lang='grc' dir='ltr'>τῇ</span> <span class='ocrx_word' id='word_1_324' title='bbox 1299 4208 1357 4261; x_wconf 82' lang='grc' dir='ltr'>δὲ</span> <span class='ocrx_word' id='word_1_325' title='bbox 1381 4207 1517 4279; x_wconf 80' lang='grc' dir='ltr'>πρὸς</span> <span class='ocrx_word' id='word_1_326' title='bbox 1555 4207 1689 4263; x_wconf 75' lang='grc' dir='ltr'>Θεὸν</span> 
     </span>
    </p>
   </div>
   <div class='ocr_carea' id='block_1_43' title="bbox 114 4291 1687 4372">
    <p class='ocr_par' dir='ltr' id='par_1_43' title="bbox 114 4291 1687 4372">
     <span class='ocr_line' id='line_1_43' title="bbox 114 4291 1687 4372; baseline -0.003 -21"><span class='ocrx_word' id='word_1_327' title='bbox 114 4300 289 4372; x_wconf 76' lang='grc' dir='ltr'>ὁμιλίᾳ</span> <span class='ocrx_word' id='word_1_328' title='bbox 313 4300 451 4371; x_wconf 86' lang='grc' dir='ltr'>πρὸς</span> <span class='ocrx_word' id='word_1_329' title='bbox 484 4298 748 4350; x_wconf 88' lang='grc' dir='ltr'>ἀθάνατον</span> <span class='ocrx_word' id='word_1_330' title='bbox 774 4295 921 4364; x_wconf 75' lang='grc' dir='ltr'>ζωὴν</span> <span class='ocrx_word' id='word_1_331' title='bbox 957 4291 1394 4364; x_wconf 86' lang='grc' dir='ltr'>μεταϐαίνοντες.</span> <span class='ocrx_word' id='word_1_332' title='bbox 1449 4291 1687 4363; x_wconf 82' lang='grc' dir='ltr'>Ἀνάγκη</span> 
     </span>
    </p>
   </div>
   <div class='ocr_carea' id='block_1_44' title="bbox 117 4372 1690 4454">
    <p class='ocr_par' dir='ltr' id='par_1_44' title="bbox 117 4372 1690 4454">
     <span class='ocr_line' id='line_1_44' title="bbox 117 4372 1690 4454; baseline -0.005 -19"><span class='ocrx_word' id='word_1_333' title='bbox 117 4383 215 4454; x_wconf 74' lang='grc' dir='ltr'>γὰρ</span> <span class='ocrx_word' id='word_1_334' title='bbox 236 4384 327 4437; x_wconf 78' lang='grc' dir='ltr'>τὸν</span> <span class='ocrx_word' id='word_1_335' title='bbox 356 4381 649 4454; x_wconf 87' lang='grc' dir='ltr'>ὁμιλοῦντα</span> <span class='ocrx_word' id='word_1_336' title='bbox 696 4377 816 4449; x_wconf 80' lang='grc' dir='ltr'>Θεῷ</span> <span class='ocrx_word' id='word_1_337' title='bbox 856 4377 952 4431; x_wconf 77' lang='grc' dir='ltr'>καὶ</span> <span class='ocrx_word' id='word_1_338' title='bbox 990 4376 1276 4447; x_wconf 87' lang='grc' dir='ltr'>κρείττονα</span> <span class='ocrx_word' id='word_1_339' title='bbox 1305 4372 1558 4442; x_wconf 90' lang='grc' dir='ltr'>γενέσθαι</span> <span class='ocrx_word' id='word_1_340' title='bbox 1601 4373 1690 4427; x_wconf 85' lang='grc' dir='ltr'>θα-</span> 
     </span>
    </p>
   </div>
   <div class='ocr_carea' id='block_1_45' title="bbox 115 4456 1690 4534">
    <p class='ocr_par' dir='ltr' id='par_1_45' title="bbox 115 4456 1690 4534">
     <span class='ocr_line' id='line_1_45' title="bbox 115 4456 1690 4534; baseline -0.003 -20"><span class='ocrx_word' id='word_1_341' title='bbox 115 4466 263 4520; x_wconf 88' lang='grc' dir='ltr'>νάτου</span> <span class='ocrx_word' id='word_1_342' title='bbox 292 4466 387 4519; x_wconf 69' lang='grc' dir='ltr'>καὶ</span> <span class='ocrx_word' id='word_1_343' title='bbox 411 4463 590 4534; x_wconf 74' lang='grc' dir='ltr'>πάσης</span> <span class='ocrx_word' id='word_1_344' title='bbox 615 4460 932 4532; x_wconf 82' lang='grc' dir='ltr'>διαφθορᾶς.</span> <span class='ocrx_word' id='word_1_345' title='bbox 946 4459 1060 4513; x_wconf 74' lang='grc' dir='ltr'>Καὶ</span> <span class='ocrx_word' id='word_1_346' title='bbox 1080 4457 1269 4529; x_wconf 82' lang='grc' dir='ltr'>ὥσπερ</span> <span class='ocrx_word' id='word_1_347' title='bbox 1301 4456 1517 4526; x_wconf 86' lang='grc' dir='ltr'>ἀνάγκη</span> <span class='ocrx_word' id='word_1_348' title='bbox 1539 4457 1690 4510; x_wconf 72' lang='grc' dir='ltr'>πᾶσα</span> 
     </span>
    </p>
   </div>
   <div class='ocr_carea' id='block_1_46' title="bbox 117 4540 1690 4621">
    <p class='ocr_par' dir='ltr' id='par_1_46' title="bbox 117 4540 1690 4621">
     <span class='ocr_line' id='line_1_46' title="bbox 117 4540 1690 4621; baseline -0.005 -19"><span class='ocrx_word' id='word_1_349' title='bbox 117 4548 206 4617; x_wconf 79' lang='grc' dir='ltr'>τῆς</span> <span class='ocrx_word' id='word_1_350' title='bbox 250 4546 485 4621; x_wconf 72' lang='grc' dir='ltr'>ἡλιακῆς</span> <span class='ocrx_word' id='word_1_351' title='bbox 519 4548 739 4609; x_wconf 84' lang='grc' dir='ltr'>ἀκτῖνος</span> <span class='ocrx_word' id='word_1_352' title='bbox 768 4545 860 4597; x_wconf 82' lang='grc' dir='ltr'>τὸν</span> <span class='ocrx_word' id='word_1_353' title='bbox 894 4542 1240 4597; x_wconf 88' lang='grc' dir='ltr'>ἀπολαύοντα</span> <span class='ocrx_word' id='word_1_354' title='bbox 1270 4540 1588 4610; x_wconf 87' lang='grc' dir='ltr'>διαφεύγειν</span> <span class='ocrx_word' id='word_1_355' title='bbox 1626 4540 1690 4594; x_wconf 82' lang='grc' dir='ltr'>τὸ</span> 
     </span>
    </p>
   </div>
   <div class='ocr_carea' id='block_1_47' title="bbox 119 4623 1689 4700">
    <p class='ocr_par' dir='ltr' id='par_1_47' title="bbox 119 4623 1689 4700">
     <span class='ocr_line' id='line_1_47' title="bbox 119 4623 1689 4700; baseline -0.003 -19"><span class='ocrx_word' id='word_1_356' title='bbox 119 4631 319 4697; x_wconf 82' lang='grc' dir='ltr'>σκότος,</span> <span class='ocrx_word' id='word_1_357' title='bbox 350 4631 525 4695; x_wconf 71' lang='grc' dir='ltr'>οὕτως</span> <span class='ocrx_word' id='word_1_358' title='bbox 553 4630 767 4700; x_wconf 82' lang='grc' dir='ltr'>ἀνάγκη</span> <span class='ocrx_word' id='word_1_359' title='bbox 803 4628 952 4681; x_wconf 82' lang='grc' dir='ltr'>πᾶσα</span> <span class='ocrx_word' id='word_1_360' title='bbox 984 4627 1077 4680; x_wconf 83' lang='grc' dir='ltr'>τὸν</span> <span class='ocrx_word' id='word_1_361' title='bbox 1111 4625 1262 4689; x_wconf 84' lang='grc' dir='ltr'>θείας</span> <span class='ocrx_word' id='word_1_362' title='bbox 1291 4623 1510 4693; x_wconf 90' lang='grc' dir='ltr'>ὁμιλίας</span> <span class='ocrx_word' id='word_1_363' title='bbox 1552 4624 1689 4677; x_wconf 89' lang='grc' dir='ltr'>ἀπο-</span> 
     </span>
    </p>
   </div>
   <div class='ocr_carea' id='block_1_48' title="bbox 116 4704 1691 4785">
    <p class='ocr_par' dir='ltr' id='par_1_48' title="bbox 116 4704 1691 4785">
     <span class='ocr_line' id='line_1_48' title="bbox 116 4704 1691 4785; baseline -0.004 -24"><span class='ocrx_word' id='word_1_364' title='bbox 116 4711 338 4767; x_wconf 82' lang='grc' dir='ltr'>λαύοντα</span> <span class='ocrx_word' id='word_1_365' title='bbox 360 4712 556 4785; x_wconf 85' lang='grc' dir='ltr'>μηκέτι</span> <span class='ocrx_word' id='word_1_366' title='bbox 587 4707 726 4764; x_wconf 79' lang='grc' dir='ltr'>εἶναι</span> <span class='ocrx_word' id='word_1_367' title='bbox 752 4708 966 4779; x_wconf 89' lang='grc' dir='ltr'>θνητόν.</span> <span class='ocrx_word' id='word_1_368' title='bbox 998 4706 1141 4760; x_wconf 71' lang='grc' dir='ltr'>Αὐτὸ</span> <span class='ocrx_word' id='word_1_369' title='bbox 1173 4705 1283 4776; x_wconf 86' lang='grc' dir='ltr'>γὰρ</span> <span class='ocrx_word' id='word_1_370' title='bbox 1308 4704 1369 4758; x_wconf 79' lang='grc' dir='ltr'>τὸ</span> <span class='ocrx_word' id='word_1_371' title='bbox 1397 4705 1496 4775; x_wconf 89' lang='grc' dir='ltr'>τῆς</span> <span class='ocrx_word' id='word_1_372' title='bbox 1523 4705 1691 4775; x_wconf 89' lang='grc' dir='ltr'>τιμῆς</span> 
     </span>
    </p>
   </div>
   <div class='ocr_carea' id='block_1_49' title="bbox 120 4786 1689 4863">
    <p class='ocr_par' dir='ltr' id='par_1_49' title="bbox 120 4786 1689 4863">
     <span class='ocr_line' id='line_1_49' title="bbox 120 4786 1689 4863; baseline -0.002 -21"><span class='ocrx_word' id='word_1_373' title='bbox 120 4791 337 4860; x_wconf 76' lang='grc' dir='ltr'>μέγεθος</span> <span class='ocrx_word' id='word_1_374' title='bbox 377 4793 515 4863; x_wconf 81' lang='grc' dir='ltr'>πρὸς</span> <span class='ocrx_word' id='word_1_375' title='bbox 544 4791 841 4846; x_wconf 87' lang='grc' dir='ltr'>ἀθανασίαν</span> <span class='ocrx_word' id='word_1_376' title='bbox 884 4789 1035 4860; x_wconf 79' lang='grc' dir='ltr'>ἡμᾶς</span> <span class='ocrx_word' id='word_1_377' title='bbox 1080 4787 1423 4858; x_wconf 88' lang='grc' dir='ltr'>μεθίστησιν.</span> <span class='ocrx_word' id='word_1_378' title='bbox 1480 4786 1543 4839; x_wconf 85' lang='grc' dir='ltr'>Εἰ</span> <span class='ocrx_word' id='word_1_379' title='bbox 1579 4786 1689 4857; x_wconf 77' lang='grc' dir='ltr'>γὰρ</span> 
     </span>
    </p>
   </div>
   <div class='ocr_carea' id='block_1_50' title="bbox 121 4868 1689 4945">
    <p class='ocr_par' dir='ltr' id='par_1_50' title="bbox 121 4868 1689 4945">
     <span class='ocr_line' id='line_1_50' title="bbox 121 4868 1689 4945; baseline -0.003 -18"><span class='ocrx_word' id='word_1_380' title='bbox 121 4875 234 4939; x_wconf 63' lang='grc' dir='ltr'>τοὺς</span> <span class='ocrx_word' id='word_1_381' title='bbox 267 4875 475 4945; x_wconf 84' lang='grc' dir='ltr'>βασιλεῖ</span> <span class='ocrx_word' id='word_1_382' title='bbox 521 4874 985 4945; x_wconf 78' lang='grc' dir='ltr'>διαλεγομένους,</span> <span class='ocrx_word' id='word_1_383' title='bbox 1022 4870 1117 4924; x_wconf 75' lang='grc' dir='ltr'>καὶ</span> <span class='ocrx_word' id='word_1_384' title='bbox 1164 4869 1262 4940; x_wconf 87' lang='grc' dir='ltr'>τῆς</span> <span class='ocrx_word' id='word_1_385' title='bbox 1304 4871 1434 4940; x_wconf 87' lang='grc' dir='ltr'>παρ’</span> <span class='ocrx_word' id='word_1_386' title='bbox 1481 4868 1689 4922; x_wconf 86' lang='grc' dir='ltr'>ἐκείνου</span> 
     </span>
    </p>
   </div>
   <div class='ocr_carea' id='block_1_51' title="bbox 117 4950 1692 5027">
    <p class='ocr_par' dir='ltr' id='par_1_51' title="bbox 117 4950 1692 5027">
     <span class='ocr_line' id='line_1_51' title="bbox 117 4950 1692 5027; baseline -0.003 -19"><span class='ocrx_word' id='word_1_387' title='bbox 117 4958 274 5027; x_wconf 83' lang='grc' dir='ltr'>τιμῆς</span> <span class='ocrx_word' id='word_1_388' title='bbox 306 4957 701 5021; x_wconf 88' lang='grc' dir='ltr'>ἀπολαύοντας,</span> <span class='ocrx_word' id='word_1_389' title='bbox 735 4955 1016 5027; x_wconf 86' lang='grc' dir='ltr'>ἀμήχανον</span> <span class='ocrx_word' id='word_1_390' title='bbox 1041 4950 1178 5007; x_wconf 81' lang='grc' dir='ltr'>εἶναι</span> <span class='ocrx_word' id='word_1_391' title='bbox 1206 4951 1477 5023; x_wconf 80' lang='grc' dir='ltr'>πένητας,</span> <span class='ocrx_word' id='word_1_392' title='bbox 1511 4950 1692 5022; x_wconf 88' lang='grc' dir='ltr'>πολλῷ</span> 
     </span>
    </p>
   </div>
   <div class='ocr_carea' id='block_1_52' title="bbox 121 5034 1693 5109">
    <p class='ocr_par' dir='ltr' id='par_1_52' title="bbox 121 5034 1693 5109">
     <span class='ocr_line' id='line_1_52' title="bbox 121 5034 1693 5109; baseline -0.003 -17"><span class='ocrx_word' id='word_1_393' title='bbox 121 5041 311 5108; x_wconf 81' lang='grc' dir='ltr'>μᾶλλον</span> <span class='ocrx_word' id='word_1_394' title='bbox 354 5042 614 5096; x_wconf 88' lang='grc' dir='ltr'>ἀδύνατον</span> <span class='ocrx_word' id='word_1_395' title='bbox 651 5041 777 5103; x_wconf 79' lang='grc' dir='ltr'>τοὺς</span> <span class='ocrx_word' id='word_1_396' title='bbox 815 5037 894 5109; x_wconf 77' lang='grc' dir='ltr'>τῷ</span> <span class='ocrx_word' id='word_1_397' title='bbox 937 5034 1058 5107; x_wconf 83' lang='grc' dir='ltr'>Θεῷ</span> <span class='ocrx_word' id='word_1_398' title='bbox 1080 5035 1560 5107; x_wconf 80' lang='grc' dir='ltr'>προσευχομένους</span> <span class='ocrx_word' id='word_1_399' title='bbox 1597 5034 1693 5088; x_wconf 72' lang='grc' dir='ltr'>καὶ</span> 
     </span>
    </p>
   </div>
   <div class='ocr_carea' id='block_1_53' title="bbox 119 5114 1693 5193">
    <p class='ocr_par' dir='ltr' id='par_1_53' title="bbox 119 5114 1693 5193">
     <span class='ocr_line' id='line_1_53' title="bbox 119 5114 1693 5193; baseline 0.006 -22"><span class='ocrx_word' id='word_1_400' title='bbox 119 5122 432 5190; x_wconf 84' lang='grc' dir='ltr'>ὁμιλοῦντας</span> <span class='ocrx_word' id='word_1_401' title='bbox 460 5123 661 5193; x_wconf 85' lang='grc' dir='ltr'>θνητὰς</span> <span class='ocrx_word' id='word_1_402' title='bbox 689 5121 833 5192; x_wconf 75' lang='grc' dir='ltr'>ἔχειν</span> <span class='ocrx_word' id='word_1_403' title='bbox 861 5119 1039 5191; x_wconf 75' lang='grc' dir='ltr'>ψυχάς</span> <span class='ocrx_word' id='word_1_404' title='bbox 1059 5135 1074 5148; x_wconf 81' lang='grc'><em>’</em></span> <span class='ocrx_word' id='word_1_405' title='bbox 1103 5114 1332 5180; x_wconf 68' lang='grc' dir='ltr'>θάνατος</span> <span class='ocrx_word' id='word_1_406' title='bbox 1366 5117 1474 5189; x_wconf 73' lang='grc' dir='ltr'>γὰρ</span> <span class='ocrx_word' id='word_1_407' title='bbox 1515 5116 1693 5187; x_wconf 79' lang='grc' dir='ltr'>ψυχῆς</span> 
     </span>
    </p>
   </div>
   <div class='ocr_carea' id='block_1_54' title="bbox 120 5198 1692 5277">
    <p class='ocr_par' dir='ltr' id='par_1_54' title="bbox 120 5198 1692 5277">
     <span class='ocr_line' id='line_1_54' title="bbox 120 5198 1692 5277; baseline 0.005 -22"><span class='ocrx_word' id='word_1_408' title='bbox 120 5203 334 5262; x_wconf 81' lang='grc' dir='ltr'>ἀσέϐεια</span> <span class='ocrx_word' id='word_1_409' title='bbox 376 5208 472 5262; x_wconf 69' lang='grc' dir='ltr'>καὶ</span> <span class='ocrx_word' id='word_1_410' title='bbox 500 5206 613 5277; x_wconf 86' lang='grc' dir='ltr'>βίος</span> <span class='ocrx_word' id='word_1_411' title='bbox 641 5206 974 5277; x_wconf 79' lang='grc' dir='ltr'>παράνομος.</span> <span class='ocrx_word' id='word_1_412' title='bbox 1013 5200 1223 5256; x_wconf 70' lang='grc' dir='ltr'>Οὐκοῦν</span> <span class='ocrx_word' id='word_1_413' title='bbox 1249 5200 1345 5254; x_wconf 60' lang='grc' dir='ltr'>καὶ</span> <span class='ocrx_word' id='word_1_414' title='bbox 1370 5198 1484 5271; x_wconf 70' lang='grc' dir='ltr'>ζωὴ</span> <span class='ocrx_word' id='word_1_415' title='bbox 1512 5198 1692 5269; x_wconf 77' lang='grc' dir='ltr'>ψυχῆς</span> 
     </span>
    </p>
   </div>
   <div class='ocr_carea' id='block_1_55' title="bbox 122 5281 1695 5360">
    <p class='ocr_par' dir='ltr' id='par_1_55' title="bbox 122 5281 1695 5360">
     <span class='ocr_line' id='line_1_55' title="bbox 122 5281 1695 5360; baseline -0.004 -20"><span class='ocrx_word' id='word_1_416' title='bbox 122 5286 152 5354; x_wconf 79' lang='grc' dir='ltr'><strong>ἡ</strong></span> <span class='ocrx_word' id='word_1_417' title='bbox 178 5289 269 5343; x_wconf 89' lang='grc' dir='ltr'>τοῦ</span> <span class='ocrx_word' id='word_1_418' title='bbox 300 5289 436 5343; x_wconf 87' lang='grc' dir='ltr'>Θεοῦ</span> <span class='ocrx_word' id='word_1_419' title='bbox 469 5289 716 5360; x_wconf 88' lang='grc' dir='ltr'>λατρεία,</span> <span class='ocrx_word' id='word_1_420' title='bbox 756 5288 849 5341; x_wconf 75' lang='grc' dir='ltr'>καὶ</span> <span class='ocrx_word' id='word_1_421' title='bbox 887 5284 1000 5357; x_wconf 88' lang='grc' dir='ltr'>βίος</span> <span class='ocrx_word' id='word_1_422' title='bbox 1030 5286 1059 5337; x_wconf 94' lang='grc' dir='ltr'>ὁ</span> <span class='ocrx_word' id='word_1_423' title='bbox 1086 5283 1262 5356; x_wconf 82' lang='grc' dir='ltr'>ταύτῃ</span> <span class='ocrx_word' id='word_1_424' title='bbox 1292 5281 1549 5354; x_wconf 82' lang='grc' dir='ltr'>πρέπων·</span> <span class='ocrx_word' id='word_1_425' title='bbox 1582 5282 1695 5351; x_wconf 86' lang='grc' dir='ltr'>βίον</span> 
     </span>
    </p>
   </div>
   <div class='ocr_carea' id='block_1_56' title="bbox 121 5366 1696 5443">
    <p class='ocr_par' dir='ltr' id='par_1_56' title="bbox 121 5366 1696 5443">
     <span class='ocr_line' id='line_1_56' title="bbox 121 5366 1696 5443; baseline -0.003 -23"><span class='ocrx_word' id='word_1_426' title='bbox 121 5366 174 5420; x_wconf 77' lang='grc' dir='ltr'>δὲ</span> <span class='ocrx_word' id='word_1_427' title='bbox 204 5370 348 5426; x_wconf 86' lang='grc' dir='ltr'>ὅσιον</span> <span class='ocrx_word' id='word_1_428' title='bbox 375 5373 469 5426; x_wconf 76' lang='grc' dir='ltr'>καὶ</span> <span class='ocrx_word' id='word_1_429' title='bbox 494 5374 561 5443; x_wconf 78' lang='grc' dir='ltr'>τῇ</span> <span class='ocrx_word' id='word_1_430' title='bbox 592 5369 688 5424; x_wconf 90' lang='grc' dir='ltr'>τοῦ</span> <span class='ocrx_word' id='word_1_431' title='bbox 722 5369 858 5423; x_wconf 89' lang='grc' dir='ltr'>Θεοῦ</span> <span class='ocrx_word' id='word_1_432' title='bbox 898 5367 1126 5438; x_wconf 73' lang='grc' dir='ltr'>λατρεία</span> <span class='ocrx_word' id='word_1_433' title='bbox 1154 5366 1432 5435; x_wconf 80' lang='grc' dir='ltr'>πρέποντα</span> <span class='ocrx_word' id='word_1_434' title='bbox 1465 5381 1696 5436; x_wconf 72' lang='grc' dir='ltr'>προσευ·</span> 
     </span>
    </p>
   </div>
   <div class='ocr_carea' id='block_1_57' title="bbox 123 5446 1695 5527">
    <p class='ocr_par' dir='ltr' id='par_1_57' title="bbox 123 5446 1695 5527">
     <span class='ocr_line' id='line_1_57' title="bbox 123 5446 1695 5527; baseline -0.006 -19"><span class='ocrx_word' id='word_1_435' title='bbox 123 5452 186 5523; x_wconf 77' lang='grc' dir='ltr'><strong>χὴ</strong></span> <span class='ocrx_word' id='word_1_436' title='bbox 220 5456 462 5526; x_wconf 82' lang='grc' dir='ltr'>συνάγει,</span> <span class='ocrx_word' id='word_1_437' title='bbox 492 5457 586 5509; x_wconf 75' lang='grc' dir='ltr'>καὶ</span> <span class='ocrx_word' id='word_1_438' title='bbox 632 5451 953 5527; x_wconf 79' lang='grc' dir='ltr'>θησαυρίζει</span> <span class='ocrx_word' id='word_1_439' title='bbox 983 5448 1315 5520; x_wconf 87' lang='grc' dir='ltr'>θαυμαστῶς</span> <span class='ocrx_word' id='word_1_440' title='bbox 1346 5450 1468 5511; x_wconf 83' lang='grc' dir='ltr'>ταῖς</span> <span class='ocrx_word' id='word_1_441' title='bbox 1495 5446 1695 5518; x_wconf 80' lang='grc' dir='ltr'>ἡμετέ-</span> 
     </span>
    </p>
   </div>
   <div class='ocr_carea' id='block_1_58' title="bbox 125 5532 1695 5613">
    <p class='ocr_par' dir='ltr' id='par_1_58' title="bbox 125 5532 1695 5613">
     <span class='ocr_line' id='line_1_58' title="bbox 125 5532 1695 5613; baseline -0.004 -21"><span class='ocrx_word' id='word_1_442' title='bbox 125 5555 236 5607; x_wconf 85' lang='grc' dir='ltr'>ραις</span> <span class='ocrx_word' id='word_1_443' title='bbox 263 5540 483 5613; x_wconf 75' lang='grc' dir='ltr'>ψυχαῖς.</span> <span class='ocrx_word' id='word_1_444' title='bbox 520 5539 645 5594; x_wconf 82' lang='grc' dir='ltr'>Είτε</span> <span class='ocrx_word' id='word_1_445' title='bbox 672 5540 782 5611; x_wconf 89' lang='grc' dir='ltr'>γάρ</span> <span class='ocrx_word' id='word_1_446' title='bbox 816 5534 1115 5608; x_wconf 86' lang='grc' dir='ltr'>παρθενίας</span> <span class='ocrx_word' id='word_1_447' title='bbox 1144 5551 1229 5598; x_wconf 87' lang='grc' dir='ltr'>τις</span> <span class='ocrx_word' id='word_1_448' title='bbox 1290 5532 1550 5605; x_wconf 68' lang='grc' dir='ltr'>ἐραστὴς,</span> <span class='ocrx_word' id='word_1_449' title='bbox 1586 5532 1695 5586; x_wconf 77' lang='grc' dir='ltr'>εἴτε</span> 
     </span>
    </p>
   </div>
   <div class='ocr_carea' id='block_1_59' title="bbox 182 5673 1047 5742">
    <p class='ocr_par' dir='ltr' id='par_1_59' title="bbox 182 5673 1047 5742">
     <span class='ocr_line' id='line_1_59' title="bbox 182 5673 1047 5742; baseline -0.023 0"><span class='ocrx_word' id='word_1_450' title='bbox 182 5674 209 5742; x_wconf 47' lang='grc' dir='ltr'>δ</span> <span class='ocrx_word' id='word_1_451' title='bbox 232 5676 363 5742; x_wconf 54' lang='lat'>‘20“)-</span> <span class='ocrx_word' id='word_1_452' title='bbox 390 5680 455 5734; x_wconf 75' lang='grc' dir='ltr'>εἷς</span> <span class='ocrx_word' id='word_1_453' title='bbox 474 5679 601 5742; x_wconf 68' lang='grc' dir='ltr'>ἡβᾷς</span> <span class='ocrx_word' id='word_1_454' title='bbox 620 5676 932 5740; x_wconf 73' lang='grc' dir='ltr'>παρέπεμψαν</span> <span class='ocrx_word' id='word_1_455' title='bbox 952 5673 1047 5722; x_wconf 86' lang='grc' dir='ltr'>τόν.</span> 
     </span>
    </p>
   </div>
   <div class='ocr_carea' id='block_1_60' title="bbox 182 5733 670 5802">
    <p class='ocr_par' dir='ltr' id='par_1_60' title="bbox 182 5733 670 5802">
     <span class='ocr_line' id='line_1_60' title="bbox 182 5733 670 5802; baseline 0.002 -15"><span class='ocrx_word' id='word_1_456' title='bbox 182 5733 211 5802; x_wconf 68' lang='lat'>13</span> <span class='ocrx_word' id='word_1_457' title='bbox 233 5736 367 5802; x_wconf 64' lang='grc' dir='ltr'>εφη).</span> <span class='ocrx_word' id='word_1_458' title='bbox 396 5733 670 5802; x_wconf 66' lang='grc' dir='ltr'>ὁμιλοῦμεν.</span> 
     </span>
    </p>
   </div>
   <div class='ocr_carea' id='block_1_61' title="bbox 185 5797 1199 5857">
    <p class='ocr_par' dir='ltr' id='par_1_61' title="bbox 185 5797 1199 5857">
     <span class='ocr_line' id='line_1_61' title="bbox 185 5797 1199 5857; baseline -0.004 -13"><span class='ocrx_word' id='word_1_459' title='bbox 185 5798 208 5829; x_wconf 69' lang='grc' dir='ltr'><strong>ε</strong></span> <span class='ocrx_word' id='word_1_460' title='bbox 238 5798 319 5850; x_wconf 78' lang='lat' dir='ltr'>Sic</span> <span class='ocrx_word' id='word_1_461' title='bbox 344 5797 493 5850; x_wconf 46' lang='lat' dir='ltr'>Suv&#39;il.</span> <span class='ocrx_word' id='word_1_462' title='bbox 526 5797 690 5851; x_wconf 65' lang='lat' dir='ltr'>szllf.</span> <span class='ocrx_word' id='word_1_463' title='bbox 740 5799 865 5849; x_wconf 69' lang='grc' dir='ltr'>Ἀλλ’</span> <span class='ocrx_word' id='word_1_464' title='bbox 891 5800 1019 5857; x_wconf 70' lang='grc' dir='ltr'>ἱζιιτος</span> <span class='ocrx_word' id='word_1_465' title='bbox 1042 5797 1110 5842; x_wconf 63' lang='grc' dir='ltr'>ὃτι</span> <span class='ocrx_word' id='word_1_466' title='bbox 1134 5810 1199 5852; x_wconf 76' lang='grc' dir='ltr'>γε.</span> 
     </span>
    </p>
   </div>
   <div class='ocr_carea' id='block_1_62' title="bbox 1793 970 3375 1043">
    <p class='ocr_par' dir='ltr' id='par_1_62' title="bbox 1793 970 3375 1043">
     <span class='ocr_line' id='line_1_62' title="bbox 1793 970 3375 1043; baseline 0.004 -19"><span class='ocrx_word' id='word_1_467' title='bbox 1793 970 1890 1042; x_wconf 81' lang='grc' dir='ltr'>τὴν</span> <span class='ocrx_word' id='word_1_468' title='bbox 1927 972 1984 1023; x_wconf 84' lang='grc' dir='ltr'>ἐν</span> <span class='ocrx_word' id='word_1_469' title='bbox 2015 972 2179 1042; x_wconf 83' lang='grc' dir='ltr'>γάμῳ</span> <span class='ocrx_word' id='word_1_470' title='bbox 2220 972 2578 1042; x_wconf 76' lang='grc' dir='ltr'>σωφροσύνην</span> <span class='ocrx_word' id='word_1_471' title='bbox 2624 973 2790 1043; x_wconf 81' lang='grc' dir='ltr'>τιμᾷν</span> <span class='ocrx_word' id='word_1_472' title='bbox 2833 973 3217 1039; x_wconf 77' lang='grc' dir='ltr'>ἐσπουδακὼς,</span> <span class='ocrx_word' id='word_1_473' title='bbox 3262 976 3375 1032; x_wconf 68' lang='grc' dir='ltr'>εἶτα</span> 
     </span>
    </p>
   </div>
   <div class='ocr_carea' id='block_1_63' title="bbox 1791 1055 3375 1130">
    <p class='ocr_par' dir='ltr' id='par_1_63' title="bbox 1791 1055 3375 1130">
     <span class='ocr_line' id='line_1_63' title="bbox 1791 1055 3375 1130; baseline 0.004 -22"><span class='ocrx_word' id='word_1_474' title='bbox 1791 1058 2014 1126; x_wconf 82' lang='grc' dir='ltr'>κρατεῖν</span> <span class='ocrx_word' id='word_1_475' title='bbox 2056 1056 2224 1127; x_wconf 90' lang='grc' dir='ltr'>ὀργῆς</span> <span class='ocrx_word' id='word_1_476' title='bbox 2272 1056 2366 1109; x_wconf 80' lang='grc' dir='ltr'>καὶ</span> <span class='ocrx_word' id='word_1_477' title='bbox 2402 1056 2710 1126; x_wconf 67' lang='grc' dir='ltr'>«πραότητι</span> <span class='ocrx_word' id='word_1_478' title='bbox 2776 1055 2965 1128; x_wconf 76' lang='grc' dir='ltr'>συζῆν,</span> <span class='ocrx_word' id='word_1_479' title='bbox 3018 1058 3126 1109; x_wconf 82' lang='grc' dir='ltr'>εἴτε</span> <span class='ocrx_word' id='word_1_480' title='bbox 3179 1058 3375 1130; x_wconf 78' lang='grc' dir='ltr'>φθόνου</span> 
     </span>
    </p>
   </div>
   <div class='ocr_carea' id='block_1_64' title="bbox 1791 1133 3372 1207">
    <p class='ocr_par' dir='ltr' id='par_1_64' title="bbox 1791 1133 3372 1207">
     <span class='ocr_line' id='line_1_64' title="bbox 1791 1133 3372 1207; baseline 0.004 -20"><span class='ocrx_word' id='word_1_481' title='bbox 1791 1135 2143 1205; x_wconf 87' lang='grc' dir='ltr'>καθαρεύειν,</span> <span class='ocrx_word' id='word_1_482' title='bbox 2175 1133 2287 1187; x_wconf 69' lang='grc' dir='ltr'>εἴτε</span> <span class='ocrx_word' id='word_1_483' title='bbox 2322 1134 2450 1188; x_wconf 79' lang='grc' dir='ltr'>ἄλλο</span> <span class='ocrx_word' id='word_1_484' title='bbox 2490 1152 2544 1188; x_wconf 88' lang='grc' dir='ltr'>τι</span> <span class='ocrx_word' id='word_1_485' title='bbox 2593 1134 2703 1189; x_wconf 85' lang='grc' dir='ltr'>τῶν</span> <span class='ocrx_word' id='word_1_486' title='bbox 2753 1136 3137 1207; x_wconf 87' lang='grc' dir='ltr'>προσηκόντων</span> <span class='ocrx_word' id='word_1_487' title='bbox 3175 1140 3372 1200; x_wconf 84' lang='grc' dir='ltr'>ποιεῖν,</span> 
     </span>
    </p>
   </div>
   <div class='ocr_carea' id='block_1_65' title="bbox 1790 1217 3380 1293">
    <p class='ocr_par' dir='ltr' id='par_1_65' title="bbox 1790 1217 3380 1293">
     <span class='ocr_line' id='line_1_65' title="bbox 1790 1217 3380 1293; baseline 0.005 -23"><span class='ocrx_word' id='word_1_488' title='bbox 1790 1219 2101 1289; x_wconf 80' lang='grc' dir='ltr'>προσευχῆς</span> <span class='ocrx_word' id='word_1_489' title='bbox 2127 1217 2461 1290; x_wconf 79' lang='grc' dir='ltr'>ἡγουμένης,</span> <span class='ocrx_word' id='word_1_490' title='bbox 2485 1218 3040 1290; x_wconf 75' lang='grc' dir='ltr'>καὶ,προλεαινούσης</span> <span class='ocrx_word' id='word_1_491' title='bbox 3070 1221 3169 1293; x_wconf 76' lang='grc' dir='ltr'>τὴν</span> <span class='ocrx_word' id='word_1_492' title='bbox 3194 1223 3347 1277; x_wconf 89' lang='grc' dir='ltr'>τοιαύ</span> <span class='ocrx_word' id='word_1_493' title='bbox 3363 1253 3380 1266; x_wconf 80' lang='grc' dir='ltr'><strong>ο</strong></span> 
     </span>
    </p>
   </div>
   <div class='ocr_carea' id='block_1_66' title="bbox 1789 1300 3379 1376">
    <p class='ocr_par' dir='ltr' id='par_1_66' title="bbox 1789 1300 3379 1376">
     <span class='ocr_line' id='line_1_66' title="bbox 1789 1300 3379 1376; baseline 0.003 -22"><span class='ocrx_word' id='word_1_494' title='bbox 1789 1318 1887 1372; x_wconf 88' lang='grc' dir='ltr'>την</span> <span class='ocrx_word' id='word_1_495' title='bbox 1910 1300 2028 1353; x_wconf 81' lang='grc' dir='ltr'>ὁδὸν</span> <span class='ocrx_word' id='word_1_496' title='bbox 2054 1300 2146 1354; x_wconf 91' lang='grc' dir='ltr'>τοῦ</span> <span class='ocrx_word' id='word_1_497' title='bbox 2184 1300 2321 1371; x_wconf 86' lang='grc' dir='ltr'>βίου,</span> <span class='ocrx_word' id='word_1_498' title='bbox 2353 1302 2555 1373; x_wconf 87' lang='grc' dir='ltr'>εὐχερῆ</span> <span class='ocrx_word' id='word_1_499' title='bbox 2584 1319 2641 1354; x_wconf 89' lang='grc' dir='ltr'>τε</span> <span class='ocrx_word' id='word_1_500' title='bbox 2673 1303 2767 1355; x_wconf 76' lang='grc' dir='ltr'>καὶ</span> <span class='ocrx_word' id='word_1_501' title='bbox 2799 1303 2984 1374; x_wconf 79' lang='grc' dir='ltr'>ῥᾴδιον</span> <span class='ocrx_word' id='word_1_502' title='bbox 3018 1303 3128 1368; x_wconf 73' lang='grc' dir='ltr'>ἕξει</span> <span class='ocrx_word' id='word_1_503' title='bbox 3154 1306 3245 1360; x_wconf 83' lang='grc' dir='ltr'>τὸν</span> <span class='ocrx_word' id='word_1_504' title='bbox 3274 1307 3379 1376; x_wconf 81' lang='grc' dir='ltr'>τῆς</span> 
     </span>
    </p>
   </div>
   <div class='ocr_carea' id='block_1_67' title="bbox 1789 1382 3378 1455">
    <p class='ocr_par' dir='ltr' id='par_1_67' title="bbox 1789 1382 3378 1455">
     <span class='ocr_line' id='line_1_67' title="bbox 1789 1382 3378 1455; baseline 0.004 -18"><span class='ocrx_word' id='word_1_505' title='bbox 1789 1382 2072 1447; x_wconf 84' lang='grc' dir='ltr'>εὐσεϐείας</span> <span class='ocrx_word' id='word_1_506' title='bbox 2096 1383 2317 1455; x_wconf 89' lang='grc' dir='ltr'>δρόμον.</span> <span class='ocrx_word' id='word_1_507' title='bbox 2352 1384 2427 1436; x_wconf 72' lang='grc' dir='ltr'>Οὐ</span> <span class='ocrx_word' id='word_1_508' title='bbox 2457 1383 2567 1454; x_wconf 89' lang='grc' dir='ltr'>γὰρ</span> <span class='ocrx_word' id='word_1_509' title='bbox 2615 1383 2787 1447; x_wconf 79' lang='grc' dir='ltr'>ἔστιν,</span> <span class='ocrx_word' id='word_1_510' title='bbox 2819 1387 2921 1438; x_wconf 86' lang='grc' dir='ltr'>οὐκ</span> <span class='ocrx_word' id='word_1_511' title='bbox 2966 1385 3081 1439; x_wconf 78' lang='grc' dir='ltr'>ἔστι</span> <span class='ocrx_word' id='word_1_512' title='bbox 3126 1389 3252 1452; x_wconf 74' lang='grc' dir='ltr'>τοὺς</span> <span class='ocrx_word' id='word_1_513' title='bbox 3291 1391 3378 1443; x_wconf 81' lang='grc' dir='ltr'>αἱ·</span> 
     </span>
    </p>
   </div>
   <div class='ocr_carea' id='block_1_68' title="bbox 1788 1466 3380 1539">
    <p class='ocr_par' dir='ltr' id='par_1_68' title="bbox 1788 1466 3380 1539">
     <span class='ocr_line' id='line_1_68' title="bbox 1788 1466 3380 1539; baseline 0.004 -20"><span class='ocrx_word' id='word_1_514' title='bbox 1788 1466 2014 1530; x_wconf 87' lang='grc' dir='ltr'>τοῦντας</span> <span class='ocrx_word' id='word_1_515' title='bbox 2059 1467 2210 1537; x_wconf 76' lang='grc' dir='ltr'>ποιρά</span> <span class='ocrx_word' id='word_1_516' title='bbox 2244 1466 2340 1519; x_wconf 88' lang='grc' dir='ltr'>τοῦ</span> <span class='ocrx_word' id='word_1_517' title='bbox 2392 1467 2530 1520; x_wconf 85' lang='grc' dir='ltr'>Θεοῦ</span> <span class='ocrx_word' id='word_1_518' title='bbox 2586 1468 2980 1539; x_wconf 79' lang='grc' dir='ltr'>σωφροσύνην,</span> <span class='ocrx_word' id='word_1_519' title='bbox 3036 1470 3131 1523; x_wconf 76' lang='grc' dir='ltr'>καὶ</span> <span class='ocrx_word' id='word_1_520' title='bbox 3179 1471 3380 1526; x_wconf 82' lang='grc' dir='ltr'>δικαιο-</span> 
     </span>
    </p>
   </div>
   <div class='ocr_carea' id='block_1_69' title="bbox 1791 1546 3375 1625">
    <p class='ocr_par' dir='ltr' id='par_1_69' title="bbox 1791 1546 3375 1625">
     <span class='ocr_line' id='line_1_69' title="bbox 1791 1546 3375 1625; baseline 0.004 -23"><span class='ocrx_word' id='word_1_521' title='bbox 1791 1549 1992 1617; x_wconf 89' lang='grc' dir='ltr'>σύνην,</span> <span class='ocrx_word' id='word_1_522' title='bbox 2049 1551 2145 1603; x_wconf 74' lang='grc' dir='ltr'>καὶ</span> <span class='ocrx_word' id='word_1_523' title='bbox 2196 1549 2501 1621; x_wconf 89' lang='grc' dir='ltr'>πραότητα,</span> <span class='ocrx_word' id='word_1_524' title='bbox 2542 1550 2638 1603; x_wconf 76' lang='grc' dir='ltr'>καὶ</span> <span class='ocrx_word' id='word_1_525' title='bbox 2686 1546 3069 1622; x_wconf 83' lang='grc' dir='ltr'>χρηστότητα,</span> <span class='ocrx_word' id='word_1_526' title='bbox 3122 1555 3198 1625; x_wconf 84' lang='grc' dir='ltr'>μὴ</span> <span class='ocrx_word' id='word_1_527' title='bbox 3241 1573 3375 1624; x_wconf 80' lang='grc' dir='ltr'>τυγ-</span> 
     </span>
    </p>
   </div>
   <div class='ocr_carea' id='block_1_70' title="bbox 1788 1632 3399 1705">
    <p class='ocr_par' dir='ltr' id='par_1_70' title="bbox 1788 1632 3399 1705">
     <span class='ocr_line' id='line_1_70' title="bbox 1788 1632 3399 1705; baseline 0.002 -19"><span class='ocrx_word' id='word_1_528' title='bbox 1788 1634 1976 1703; x_wconf 80' lang='grc' dir='ltr'>χάνειν</span> <span class='ocrx_word' id='word_1_529' title='bbox 2026 1632 2125 1703; x_wconf 89' lang='grc' dir='ltr'>τῆς</span> <span class='ocrx_word' id='word_1_530' title='bbox 2174 1633 2359 1705; x_wconf 87' lang='grc' dir='ltr'>εὐχῆς.</span> <span class='ocrx_word' id='word_1_531' title='bbox 2400 1633 2629 1688; x_wconf 74' lang='grc' dir='ltr'>Αἰτεῖτε</span> <span class='ocrx_word' id='word_1_532' title='bbox 2674 1634 2803 1705; x_wconf 85' lang='grc' dir='ltr'>γὰρ,</span> <span class='ocrx_word' id='word_1_533' title='bbox 2851 1635 3007 1705; x_wconf 74' lang='grc' dir='ltr'>φησὶ,</span> <span class='ocrx_word' id='word_1_534' title='bbox 3059 1637 3158 1690; x_wconf 74' lang='grc' dir='ltr'>καὶ</span> <span class='ocrx_word' id='word_1_535' title='bbox 3205 1638 3399 1704; x_wconf 72' lang='grc' dir='ltr'>δοί1ή-.</span> 
     </span>
    </p>
   </div>
   <div class='ocr_carea' id='block_1_71' title="bbox 1790 1714 3381 1790">
    <p class='ocr_par' dir='ltr' id='par_1_71' title="bbox 1790 1714 3381 1790">
     <span class='ocr_line' id='line_1_71' title="bbox 1790 1714 3381 1790; baseline 0.004 -21"><span class='ocrx_word' id='word_1_536' title='bbox 1790 1732 1962 1770; x_wconf 84' lang='grc' dir='ltr'>σεται</span> <span class='ocrx_word' id='word_1_537' title='bbox 1986 1715 2160 1785; x_wconf 77' lang='grc' dir='ltr'>ῠμῖνσ</span> <span class='ocrx_word' id='word_1_538' title='bbox 2199 1714 2449 1786; x_wconf 79' lang='grc' dir='ltr'>ζητεῖτε,</span> <span class='ocrx_word' id='word_1_539' title='bbox 2491 1717 2586 1770; x_wconf 71' lang='grc' dir='ltr'>καὶ</span> <span class='ocrx_word' id='word_1_540' title='bbox 2633 1717 2924 1789; x_wconf 81' lang='grc' dir='ltr'>εὑρήσετε·</span> <span class='ocrx_word' id='word_1_541' title='bbox 2987 1719 3242 1790; x_wconf 88' lang='grc' dir='ltr'>κρούετε.</span> <span class='ocrx_word' id='word_1_542' title='bbox 3287 1723 3381 1775; x_wconf 73' lang='grc' dir='ltr'>καὶ</span> 
     </span>
    </p>
   </div>
   <div class='ocr_carea' id='block_1_72' title="bbox 1789 1797 3377 1873">
    <p class='ocr_par' dir='ltr' id='par_1_72' title="bbox 1789 1797 3377 1873">
     <span class='ocr_line' id='line_1_72' title="bbox 1789 1797 3377 1873; baseline 0.006 -22"><span class='ocrx_word' id='word_1_543' title='bbox 1789 1800 2142 1869; x_wconf 81' lang='grc' dir='ltr'>ἀνοιγήσεται</span> <span class='ocrx_word' id='word_1_544' title='bbox 2188 1799 2349 1867; x_wconf 75' lang='grc' dir='ltr'>ύμῖνο</span> <span class='ocrx_word' id='word_1_545' title='bbox 2398 1797 2524 1865; x_wconf 80' lang='grc' dir='ltr'>Πᾶς</span> <span class='ocrx_word' id='word_1_546' title='bbox 2574 1800 2686 1869; x_wconf 76' lang='grc' dir='ltr'>γὰρ</span> <span class='ocrx_word' id='word_1_547' title='bbox 2728 1803 2762 1855; x_wconf 89' lang='grc' dir='ltr'>ό</span> <span class='ocrx_word' id='word_1_548' title='bbox 2816 1800 3000 1855; x_wconf 84' lang='grc' dir='ltr'>αίτῶν</span> <span class='ocrx_word' id='word_1_549' title='bbox 3052 1804 3377 1873; x_wconf 76' lang='grc' dir='ltr'>λαμϐάνει,</span> 
     </span>
    </p>
   </div>
   <div class='ocr_carea' id='block_1_73' title="bbox 1792 1879 3384 1958">
    <p class='ocr_par' dir='ltr' id='par_1_73' title="bbox 1792 1879 3384 1958">
     <span class='ocr_line' id='line_1_73' title="bbox 1792 1879 3384 1958; baseline 0.004 -23"><span class='ocrx_word' id='word_1_550' title='bbox 1792 1882 1894 1935; x_wconf 80' lang='grc' dir='ltr'>καὶ</span> <span class='ocrx_word' id='word_1_551' title='bbox 1933 1885 1966 1936; x_wconf 84' lang='grc' dir='ltr'><em>ὀ</em></span> <span class='ocrx_word' id='word_1_552' title='bbox 2016 1879 2204 1949; x_wconf 78' lang='grc' dir='ltr'>ζητῶν</span> <span class='ocrx_word' id='word_1_553' title='bbox 2248 1883 2537 1950; x_wconf 76' lang='grc' dir='ltr'>εὑρίσκει,</span> <span class='ocrx_word' id='word_1_554' title='bbox 2573 1883 2672 1935; x_wconf 80' lang='grc' dir='ltr'>καὶ</span> <span class='ocrx_word' id='word_1_555' title='bbox 2708 1880 2789 1947; x_wconf 85' lang='grc' dir='ltr'>τῷ</span> <span class='ocrx_word' id='word_1_556' title='bbox 2832 1885 3112 1951; x_wconf 77' lang='grc' dir='ltr'>κρούοντι</span> <span class='ocrx_word' id='word_1_557' title='bbox 3149 1888 3384 1958; x_wconf 77' lang='grc' dir='ltr'>ἀνοιγή-</span> 
     </span>
    </p>
   </div>
   <div class='ocr_carea' id='block_1_74' title="bbox 1786 1962 3381 2040">
    <p class='ocr_par' dir='ltr' id='par_1_74' title="bbox 1786 1962 3381 2040">
     <span class='ocr_line' id='line_1_74' title="bbox 1786 1962 3381 2040; baseline 0.003 -19"><span class='ocrx_word' id='word_1_558' title='bbox 1786 1982 1975 2022; x_wconf 88' lang='grc' dir='ltr'>σεται.</span> <span class='ocrx_word' id='word_1_559' title='bbox 2029 1964 2141 2018; x_wconf 74' lang='grc' dir='ltr'>Καὶ</span> <span class='ocrx_word' id='word_1_560' title='bbox 2186 1962 2420 2035; x_wconf 88' lang='grc' dir='ltr'>ἀλλαχοῦ</span> <span class='ocrx_word' id='word_1_561' title='bbox 2468 1963 2659 2019; x_wconf 81' lang='grc' dir='ltr'>πάλιν·</span> <span class='ocrx_word' id='word_1_562' title='bbox 2720 1965 2817 2031; x_wconf 85' lang='grc' dir='ltr'>Τίς</span> <span class='ocrx_word' id='word_1_563' title='bbox 2863 1967 2994 2021; x_wconf 87' lang='grc' dir='ltr'>ἐστι</span> <span class='ocrx_word' id='word_1_564' title='bbox 3015 2008 3030 2033; x_wconf 92' lang='grc'>,</span> <span class='ocrx_word' id='word_1_565' title='bbox 3068 1972 3254 2040; x_wconf 72' lang='grc' dir='ltr'>φησὶν,</span> <span class='ocrx_word' id='word_1_566' title='bbox 3309 1972 3381 2038; x_wconf 78' lang='grc' dir='ltr'>ἐξ</span> 
     </span>
    </p>
   </div>
   <div class='ocr_carea' id='block_1_75' title="bbox 1786 2047 3379 2127">
    <p class='ocr_par' dir='ltr' id='par_1_75' title="bbox 1786 2047 3379 2127">
     <span class='ocr_line' id='line_1_75' title="bbox 1786 2047 3379 2127; baseline 0.027 -31"><span class='ocrx_word' id='word_1_567' title='bbox 1786 2048 1975 2117; x_wconf 80' lang='grc' dir='ltr'>ὑμῶν,</span> <span class='ocrx_word' id='word_1_568' title='bbox 2024 2047 2097 2102; x_wconf 78' lang='grc' dir='ltr'>ὃν</span> <span class='ocrx_word' id='word_1_569' title='bbox 2136 2047 2247 2101; x_wconf 82' lang='grc' dir='ltr'>ἐὰν</span> <span class='ocrx_word' id='word_1_570' title='bbox 2283 2047 2505 2117; x_wconf 79' lang='grc' dir='ltr'>αἰτήσῃ</span> <span class='ocrx_word' id='word_1_571' title='bbox 2557 2051 2591 2102; x_wconf 81' lang='grc' dir='ltr'>ὁ</span> <span class='ocrx_word' id='word_1_572' title='bbox 2639 2048 2770 2115; x_wconf 82' lang='grc' dir='ltr'>υἱὸς</span> <span class='ocrx_word' id='word_1_573' title='bbox 2808 2052 2996 2106; x_wconf 69' lang='grc' dir='ltr'>αὑτοῦ</span> <span class='ocrx_word' id='word_1_574' title='bbox 3042 2052 3243 2121; x_wconf 46' lang='lat' dir='ltr'>afro”</span> <span class='ocrx_word' id='word_1_575' title='bbox 3290 2059 3379 2127; x_wconf 56' lang='grc' dir='ltr'><em>μὴ</em></span> 
     </span>
    </p>
   </div>
   <div class='ocr_carea' id='block_1_76' title="bbox 1789 2131 3379 2210">
    <p class='ocr_par' dir='ltr' id='par_1_76' title="bbox 1789 2131 3379 2210">
     <span class='ocr_line' id='line_1_76' title="bbox 1789 2131 3379 2210; baseline 0.004 -23"><span class='ocrx_word' id='word_1_576' title='bbox 1789 2134 1965 2187; x_wconf 73' lang='grc' dir='ltr'>λίθον</span> <span class='ocrx_word' id='word_1_577' title='bbox 1976 2131 2257 2186; x_wconf 76' lang='grc' dir='ltr'>ἐπιδώσει</span> <span class='ocrx_word' id='word_1_578' title='bbox 2278 2131 2474 2198; x_wconf 83' lang='grc' dir='ltr'>αὑτῷ;</span> <span class='ocrx_word' id='word_1_579' title='bbox 2498 2131 2535 2200; x_wconf 81' lang='grc' dir='ltr'><em>ἧ</em></span> <span class='ocrx_word' id='word_1_580' title='bbox 2555 2132 2852 2201; x_wconf 81' lang='grc' dir='ltr'>ἑὰνῑχθὺν</span> <span class='ocrx_word' id='word_1_581' title='bbox 2873 2133 3022 2207; x_wconf 77' lang='lat'><strong>[780]</strong></span> <span class='ocrx_word' id='word_1_582' title='bbox 3039 2138 3281 2208; x_wconf 80' lang='grc' dir='ltr'>αἰτήσῃ,</span> <span class='ocrx_word' id='word_1_583' title='bbox 3292 2141 3379 2210; x_wconf 80' lang='grc' dir='ltr'>μὴ</span> 
     </span>
    </p>
   </div>
   <div class='ocr_carea' id='block_1_77' title="bbox 1790 2211 3381 2289">
    <p class='ocr_par' dir='ltr' id='par_1_77' title="bbox 1790 2211 3381 2289">
     <span class='ocr_line' id='line_1_77' title="bbox 1790 2211 3381 2289; baseline -0.003 -19"><span class='ocrx_word' id='word_1_584' title='bbox 1790 2215 1929 2286; x_wconf 67' lang='grc' dir='ltr'>ὄφιν</span> <span class='ocrx_word' id='word_1_585' title='bbox 1954 2214 2234 2269; x_wconf 76' lang='grc' dir='ltr'>ἐπιδώσει</span> <span class='ocrx_word' id='word_1_586' title='bbox 2282 2211 2476 2279; x_wconf 56' lang='lat' dir='ltr'>abab;</span> <span class='ocrx_word' id='word_1_587' title='bbox 2522 2216 2585 2269; x_wconf 79' lang='lat' dir='ltr'>El</span> <span class='ocrx_word' id='word_1_588' title='bbox 2621 2214 2738 2268; x_wconf 85' lang='grc' dir='ltr'>οὗν</span> <span class='ocrx_word' id='word_1_589' title='bbox 2773 2216 2962 2284; x_wconf 80' lang='grc' dir='ltr'>ὑμεῖς,</span> <span class='ocrx_word' id='word_1_590' title='bbox 2993 2224 3247 2289; x_wconf 78' lang='grc' dir='ltr'>πονηροὶ</span> <span class='ocrx_word' id='word_1_591' title='bbox 3278 2224 3381 2278; x_wconf 81' lang='grc' dir='ltr'>όν-</span> 
     </span>
    </p>
   </div>
   <div class='ocr_carea' id='block_1_78' title="bbox 1786 2297 3384 2375">
    <p class='ocr_par' dir='ltr' id='par_1_78' title="bbox 1786 2297 3384 2375">
     <span class='ocr_line' id='line_1_78' title="bbox 1786 2297 3384 2375; baseline 0.003 -21"><span class='ocrx_word' id='word_1_592' title='bbox 1786 2317 1907 2366; x_wconf 85' lang='grc' dir='ltr'>τες,</span> <span class='ocrx_word' id='word_1_593' title='bbox 1943 2299 2144 2354; x_wconf 79' lang='grc' dir='ltr'>οἴδατε</span> <span class='ocrx_word' id='word_1_594' title='bbox 2195 2298 2423 2368; x_wconf 78' lang='grc' dir='ltr'>δόματα</span> <span class='ocrx_word' id='word_1_595' title='bbox 2475 2297 2666 2368; x_wconf 75' lang='grc' dir='ltr'>ἁγιαθά</span> <span class='ocrx_word' id='word_1_596' title='bbox 2723 2299 2951 2355; x_wconf 81' lang='grc' dir='ltr'>διδόναι</span> <span class='ocrx_word' id='word_1_597' title='bbox 2971 2303 3090 2370; x_wconf 82' lang='grc' dir='ltr'>τοῖς</span> <span class='ocrx_word' id='word_1_598' title='bbox 3146 2305 3384 2375; x_wconf 74' lang='grc' dir='ltr'>τέκνοις</span> 
     </span>
    </p>
   </div>
   <div class='ocr_carea' id='block_1_79' title="bbox 1785 2379 3381 2454">
    <p class='ocr_par' dir='ltr' id='par_1_79' title="bbox 1785 2379 3381 2454">
     <span class='ocr_line' id='line_1_79' title="bbox 1785 2379 3381 2454; baseline 0.003 -16"><span class='ocrx_word' id='word_1_599' title='bbox 1785 2381 1974 2451; x_wconf 80' lang='grc' dir='ltr'>ὑμῶν,</span> <span class='ocrx_word' id='word_1_600' title='bbox 2007 2383 2178 2447; x_wconf 80' lang='grc' dir='ltr'>πόσῳ</span> <span class='ocrx_word' id='word_1_601' title='bbox 2189 2379 2431 2450; x_wconf 71' lang='grc' dir='ltr'>μᾶλλον</span> <span class='ocrx_word' id='word_1_602' title='bbox 2446 2384 2479 2435; x_wconf 84' lang='grc' dir='ltr'>ό</span> <span class='ocrx_word' id='word_1_603' title='bbox 2500 2380 2703 2449; x_wconf 78' lang='grc' dir='ltr'>Πατὴρ</span> <span class='ocrx_word' id='word_1_604' title='bbox 2722 2381 2889 2451; x_wconf 77' lang='grc' dir='ltr'>ὑμῶν</span> <span class='ocrx_word' id='word_1_605' title='bbox 2905 2387 2938 2437; x_wconf 82' lang='grc' dir='ltr'>ό</span> <span class='ocrx_word' id='word_1_606' title='bbox 2961 2386 3241 2454; x_wconf 64' lang='grc' dir='ltr'>οὐράνιος</span> <span class='ocrx_word' id='word_1_607' title='bbox 3268 2390 3381 2442; x_wconf 84' lang='grc' dir='ltr'>δώ-</span> 
     </span>
    </p>
   </div>
   <div class='ocr_carea' id='block_1_80' title="bbox 1785 2466 3382 2542">
    <p class='ocr_par' dir='ltr' id='par_1_80' title="bbox 1785 2466 3382 2542">
     <span class='ocr_line' id='line_1_80' title="bbox 1785 2466 3382 2542; baseline 0.005 -21"><span class='ocrx_word' id='word_1_608' title='bbox 1785 2483 1881 2521; x_wconf 86' lang='grc' dir='ltr'>σει</span> <span class='ocrx_word' id='word_1_609' title='bbox 1903 2467 2146 2536; x_wconf 80' lang='grc' dir='ltr'>Πνεῦμα</span> <span class='ocrx_word' id='word_1_610' title='bbox 2197 2466 2368 2535; x_wconf 78' lang='grc' dir='ltr'>ἄτιον</span> <span class='ocrx_word' id='word_1_611' title='bbox 2404 2467 2528 2532; x_wconf 83' lang='grc' dir='ltr'>τοῖς</span> <span class='ocrx_word' id='word_1_612' title='bbox 2554 2466 2829 2523; x_wconf 72' lang='grc' dir='ltr'>αἰτοῦσιν</span> <span class='ocrx_word' id='word_1_613' title='bbox 2843 2471 3070 2538; x_wconf 77' lang='grc' dir='ltr'>αὐτόν;</span> <span class='ocrx_word' id='word_1_614' title='bbox 3109 2472 3382 2542; x_wconf 86' lang='grc' dir='ltr'>Τοιούτοις</span> 
     </span>
    </p>
   </div>
   <div class='ocr_carea' id='block_1_81' title="bbox 1791 2550 3385 2631">
    <p class='ocr_par' dir='ltr' id='par_1_81' title="bbox 1791 2550 3385 2631">
     <span class='ocr_line' id='line_1_81' title="bbox 1791 2550 3385 2631; baseline 0.005 -26"><span class='ocrx_word' id='word_1_615' title='bbox 1791 2551 1889 2624; x_wconf 89' lang='grc' dir='ltr'>μέν</span> <span class='ocrx_word' id='word_1_616' title='bbox 1913 2551 2094 2620; x_wconf 89' lang='grc' dir='ltr'>λόγοις</span> <span class='ocrx_word' id='word_1_617' title='bbox 2114 2551 2209 2604; x_wconf 74' lang='grc' dir='ltr'>καὶ</span> <span class='ocrx_word' id='word_1_618' title='bbox 2234 2550 2512 2616; x_wconf 87' lang='grc' dir='ltr'>τοιαύταις</span> <span class='ocrx_word' id='word_1_619' title='bbox 2523 2552 2736 2606; x_wconf 86' lang='grc' dir='ltr'>ἐλπίσιν</span> <span class='ocrx_word' id='word_1_620' title='bbox 2767 2554 2860 2607; x_wconf 77' lang='grc' dir='ltr'>ἐπὶ</span> <span class='ocrx_word' id='word_1_621' title='bbox 2882 2559 3193 2627; x_wconf 75' lang='grc' dir='ltr'>προσευχὴν</span> <span class='ocrx_word' id='word_1_622' title='bbox 3240 2578 3314 2613; x_wconf 79' lang='grc' dir='ltr'>πα</span> <span class='ocrx_word' id='word_1_623' title='bbox 3325 2579 3385 2631; x_wconf 85' lang='lat'>9-</span> 
     </span>
    </p>
   </div>
   <div class='ocr_carea' id='block_1_82' title="bbox 1786 2633 3383 2714">
    <p class='ocr_par' dir='ltr' id='par_1_82' title="bbox 1786 2633 3383 2714">
     <span class='ocr_line' id='line_1_82' title="bbox 1786 2633 3383 2714; baseline -0.001 -25"><span class='ocrx_word' id='word_1_624' title='bbox 1786 2635 2045 2689; x_wconf 86' lang='grc' dir='ltr'>εκάλεσεν</span> <span class='ocrx_word' id='word_1_625' title='bbox 2101 2635 2250 2704; x_wconf 78' lang='grc' dir='ltr'>ἡμᾶς</span> <span class='ocrx_word' id='word_1_626' title='bbox 2281 2637 2310 2688; x_wconf 94' lang='grc' dir='ltr'>ὁ</span> <span class='ocrx_word' id='word_1_627' title='bbox 2336 2633 2446 2688; x_wconf 90' lang='grc' dir='ltr'>τῶν</span> <span class='ocrx_word' id='word_1_628' title='bbox 2497 2634 2634 2689; x_wconf 83' lang='grc' dir='ltr'>ὅλων</span> <span class='ocrx_word' id='word_1_629' title='bbox 2665 2635 2901 2707; x_wconf 82' lang='grc' dir='ltr'>Κύριος·</span> <span class='ocrx_word' id='word_1_630' title='bbox 2926 2641 3076 2709; x_wconf 77' lang='grc' dir='ltr'>ἡμᾶς</span> <span class='ocrx_word' id='word_1_631' title='bbox 3117 2641 3173 2694; x_wconf 82' lang='grc' dir='ltr'>δὲ</span> <span class='ocrx_word' id='word_1_632' title='bbox 3214 2660 3383 2714; x_wconf 87' lang='grc' dir='ltr'>προσ.</span> 
     </span>
    </p>
   </div>
   <div class='ocr_carea' id='block_1_83' title="bbox 1786 2716 3385 2797">
    <p class='ocr_par' dir='ltr' id='par_1_83' title="bbox 1786 2716 3385 2797">
     <span class='ocr_line' id='line_1_83' title="bbox 1786 2716 3385 2797; baseline 0.005 -27"><span class='ocrx_word' id='word_1_633' title='bbox 1786 2719 1910 2789; x_wconf 85' lang='grc' dir='ltr'>ήκει</span> <span class='ocrx_word' id='word_1_634' title='bbox 1938 2716 2015 2788; x_wconf 84' lang='grc' dir='ltr'>τῷ</span> <span class='ocrx_word' id='word_1_635' title='bbox 2036 2717 2154 2789; x_wconf 87' lang='grc' dir='ltr'>Θεῴ</span> <span class='ocrx_word' id='word_1_636' title='bbox 2181 2717 2534 2788; x_wconf 84' lang='grc' dir='ltr'>πειθομένους</span> <span class='ocrx_word' id='word_1_637' title='bbox 2560 2719 2648 2772; x_wconf 76' lang='grc' dir='ltr'>ἀεὶ</span> <span class='ocrx_word' id='word_1_638' title='bbox 2675 2719 2775 2791; x_wconf 75' lang='grc' dir='ltr'>ζῇν</span> <span class='ocrx_word' id='word_1_639' title='bbox 2805 2721 2864 2772; x_wconf 84' lang='grc' dir='ltr'>ἐν</span> <span class='ocrx_word' id='word_1_640' title='bbox 2882 2719 3069 2792; x_wconf 74' lang='grc' dir='ltr'>ὕμνοις</span> <span class='ocrx_word' id='word_1_641' title='bbox 3103 2725 3197 2777; x_wconf 79' lang='grc' dir='ltr'>καὶ</span> <span class='ocrx_word' id='word_1_642' title='bbox 3217 2744 3385 2797; x_wconf 85' lang='grc' dir='ltr'>προσ-</span> 
     </span>
    </p>
   </div>
   <div class='ocr_carea' id='block_1_84' title="bbox 1785 2800 3382 2880">
    <p class='ocr_par' dir='ltr' id='par_1_84' title="bbox 1785 2800 3382 2880">
     <span class='ocr_line' id='line_1_84' title="bbox 1785 2800 3382 2880; baseline -0.002 -25"><span class='ocrx_word' id='word_1_643' title='bbox 1785 2803 1993 2872; x_wconf 90' lang='grc' dir='ltr'>ευχαῖς,</span> <span class='ocrx_word' id='word_1_644' title='bbox 2041 2800 2434 2872; x_wconf 88' lang='grc' dir='ltr'>ἀκριϐέστερον</span> <span class='ocrx_word' id='word_1_645' title='bbox 2484 2802 2583 2872; x_wconf 89' lang='grc' dir='ltr'>τῆς</span> <span class='ocrx_word' id='word_1_646' title='bbox 2611 2801 2706 2856; x_wconf 85' lang='grc' dir='ltr'>τοῦ</span> <span class='ocrx_word' id='word_1_647' title='bbox 2740 2803 2876 2856; x_wconf 91' lang='grc' dir='ltr'>Θεοῦ</span> <span class='ocrx_word' id='word_1_648' title='bbox 2906 2802 3162 2877; x_wconf 83' lang='grc' dir='ltr'>λατρείας</span> <span class='ocrx_word' id='word_1_649' title='bbox 3186 2811 3382 2880; x_wconf 77' lang='grc' dir='ltr'>ἐχομέ-</span> 
     </span>
    </p>
   </div>
   <div class='ocr_carea' id='block_1_85' title="bbox 1785 2884 3383 2964">
    <p class='ocr_par' dir='ltr' id='par_1_85' title="bbox 1785 2884 3383 2964">
     <span class='ocr_line' id='line_1_85' title="bbox 1785 2884 3383 2964; baseline 0.006 -26"><span class='ocrx_word' id='word_1_650' title='bbox 1785 2884 1987 2955; x_wconf 83' lang='grc' dir='ltr'>νους,ἢ</span> <span class='ocrx_word' id='word_1_651' title='bbox 2021 2888 2118 2954; x_wconf 86' lang='grc' dir='ltr'>τῆς</span> <span class='ocrx_word' id='word_1_652' title='bbox 2152 2884 2360 2937; x_wconf 86' lang='grc' dir='ltr'>ἐαυτῶν</span> <span class='ocrx_word' id='word_1_653' title='bbox 2375 2884 2554 2956; x_wconf 83' lang='grc' dir='ltr'>ψυχῆς</span> <span class='ocrx_word' id='word_1_654' title='bbox 2574 2903 2586 2917; x_wconf 90' lang='grc'><strong>·</strong></span> <span class='ocrx_word' id='word_1_655' title='bbox 2624 2884 2767 2939; x_wconf 73' lang='grc' dir='ltr'>οὕτω</span> <span class='ocrx_word' id='word_1_656' title='bbox 2797 2886 2907 2958; x_wconf 82' lang='grc' dir='ltr'>γὰρ</span> <span class='ocrx_word' id='word_1_657' title='bbox 2938 2889 3071 2960; x_wconf 79' lang='grc' dir='ltr'>ἡμῖν</span> <span class='ocrx_word' id='word_1_658' title='bbox 3119 2891 3383 2964; x_wconf 59' lang='grc' dir='ltr'>ὑπάρξειε</span> 
     </span>
    </p>
   </div>
   <div class='ocr_carea' id='block_1_86' title="bbox 1786 2967 3384 3047">
    <p class='ocr_par' dir='ltr' id='par_1_86' title="bbox 1786 2967 3384 3047">
     <span class='ocr_line' id='line_1_86' title="bbox 1786 2967 3384 3047; baseline 0.006 -27"><span class='ocrx_word' id='word_1_659' title='bbox 1786 2967 1887 3039; x_wconf 82' lang='grc' dir='ltr'>ζῇν</span> <span class='ocrx_word' id='word_1_660' title='bbox 1916 2969 2001 3020; x_wconf 82' lang='grc' dir='ltr'>ἀεὶ</span> <span class='ocrx_word' id='word_1_661' title='bbox 2028 2968 2126 3038; x_wconf 79' lang='grc' dir='ltr'>τὴν</span> <span class='ocrx_word' id='word_1_662' title='bbox 2154 2967 2468 3037; x_wconf 81' lang='grc' dir='ltr'>πρέπουσαν</span> <span class='ocrx_word' id='word_1_663' title='bbox 2500 2967 2809 3039; x_wconf 88' lang='grc' dir='ltr'>ἀνθρώποις</span> <span class='ocrx_word' id='word_1_664' title='bbox 2853 2970 3020 3041; x_wconf 75' lang='grc' dir='ltr'>ζωήν.</span> <span class='ocrx_word' id='word_1_665' title='bbox 3049 2972 3236 3037; x_wconf 84' lang='grc' dir='ltr'>Ὅστις</span> <span class='ocrx_word' id='word_1_666' title='bbox 3273 2975 3384 3047; x_wconf 89' lang='grc' dir='ltr'>γάρ</span> 
     </span>
    </p>
   </div>
   <div class='ocr_carea' id='block_1_87' title="bbox 1784 3049 3384 3122">
    <p class='ocr_par' dir='ltr' id='par_1_87' title="bbox 1784 3049 3384 3122">
     <span class='ocr_line' id='line_1_87' title="bbox 1784 3049 3384 3122; baseline 0.004 -18"><span class='ocrx_word' id='word_1_667' title='bbox 1784 3053 1844 3104; x_wconf 84' lang='grc' dir='ltr'>οὐ</span> <span class='ocrx_word' id='word_1_668' title='bbox 1873 3049 2238 3121; x_wconf 74' lang='grc' dir='ltr'>προσεύχεται</span> <span class='ocrx_word' id='word_1_669' title='bbox 2265 3050 2343 3120; x_wconf 83' lang='grc' dir='ltr'>τῷ</span> <span class='ocrx_word' id='word_1_670' title='bbox 2363 3050 2503 3121; x_wconf 83' lang='grc' dir='ltr'>Θεῷ,</span> <span class='ocrx_word' id='word_1_671' title='bbox 2534 3052 2653 3105; x_wconf 82' lang='grc' dir='ltr'>οὐδὲ</span> <span class='ocrx_word' id='word_1_672' title='bbox 2673 3051 2823 3115; x_wconf 90' lang='grc' dir='ltr'>θείας</span> <span class='ocrx_word' id='word_1_673' title='bbox 2852 3053 3068 3122; x_wconf 77' lang='grc' dir='ltr'>ὁμιλίας</span> <span class='ocrx_word' id='word_1_674' title='bbox 3089 3057 3384 3111; x_wconf 84' lang='grc' dir='ltr'>ἀπολαύειν</span> 
     </span>
    </p>
   </div>
   <div class='ocr_carea' id='block_1_88' title="bbox 1785 3135 3381 3206">
    <p class='ocr_par' dir='ltr' id='par_1_88' title="bbox 1785 3135 3381 3206">
     <span class='ocr_line' id='line_1_88' title="bbox 1785 3135 3381 3206; baseline 0.004 -16"><span class='ocrx_word' id='word_1_675' title='bbox 1785 3136 2047 3206; x_wconf 77' lang='grc' dir='ltr'>ἐπιθυμεῖ</span> <span class='ocrx_word' id='word_1_676' title='bbox 2099 3135 2357 3205; x_wconf 71' lang='grc' dir='ltr'>συνεχῶς.</span> <span class='ocrx_word' id='word_1_677' title='bbox 2387 3135 2579 3206; x_wconf 84' lang='grc' dir='ltr'>νεκρός</span> <span class='ocrx_word' id='word_1_678' title='bbox 2613 3137 2732 3189; x_wconf 87' lang='grc' dir='ltr'>ἐστι</span> <span class='ocrx_word' id='word_1_679' title='bbox 2787 3138 2883 3189; x_wconf 80' lang='grc' dir='ltr'>καὶ</span> <span class='ocrx_word' id='word_1_680' title='bbox 2910 3137 3134 3206; x_wconf 71' lang='grc' dir='ltr'>ἄψυχος,</span> <span class='ocrx_word' id='word_1_681' title='bbox 3181 3143 3275 3194; x_wconf 77' lang='grc' dir='ltr'>καὶ</span> <span class='ocrx_word' id='word_1_682' title='bbox 3318 3144 3381 3196; x_wconf 87' lang='grc' dir='ltr'>οὐ</span> 
     </span>
    </p>
   </div>
   <div class='ocr_carea' id='block_1_89' title="bbox 1789 3216 3385 3294">
    <p class='ocr_par' dir='ltr' id='par_1_89' title="bbox 1789 3216 3385 3294">
     <span class='ocr_line' id='line_1_89' title="bbox 1789 3216 3385 3294; baseline -0.003 -22"><span class='ocrx_word' id='word_1_683' title='bbox 1789 3218 2007 3288; x_wconf 79' lang='grc' dir='ltr'>μετέχει</span> <span class='ocrx_word' id='word_1_684' title='bbox 2036 3216 2132 3270; x_wconf 85' lang='grc' dir='ltr'>τοῦ</span> <span class='ocrx_word' id='word_1_685' title='bbox 2164 3220 2400 3288; x_wconf 82' lang='grc' dir='ltr'>φρονεῖν.</span> <span class='ocrx_word' id='word_1_686' title='bbox 2436 3218 2577 3271; x_wconf 83' lang='grc' dir='ltr'>Αὐτὸ</span> <span class='ocrx_word' id='word_1_687' title='bbox 2599 3216 2707 3289; x_wconf 77' lang='grc' dir='ltr'>γὰρ</span> <span class='ocrx_word' id='word_1_688' title='bbox 2738 3218 2897 3272; x_wconf 92' lang='grc' dir='ltr'>τοῦτο</span> <span class='ocrx_word' id='word_1_689' title='bbox 2934 3221 3187 3289; x_wconf 81' lang='grc' dir='ltr'>μέγιστον</span> <span class='ocrx_word' id='word_1_690' title='bbox 3212 3225 3385 3294; x_wconf 82' lang='grc' dir='ltr'>ἀφρο.</span> 
     </span>
    </p>
   </div>
   <div class='ocr_carea' id='block_1_90' title="bbox 1788 3300 3384 3377">
    <p class='ocr_par' dir='ltr' id='par_1_90' title="bbox 1788 3300 3384 3377">
     <span class='ocr_line' id='line_1_90' title="bbox 1788 3300 3384 3377; baseline 0.004 -23"><span class='ocrx_word' id='word_1_691' title='bbox 1788 3302 1953 3373; x_wconf 88' lang='grc' dir='ltr'>σύνης</span> <span class='ocrx_word' id='word_1_692' title='bbox 2008 3303 2254 3371; x_wconf 87' lang='grc' dir='ltr'>σημεῖον,</span> <span class='ocrx_word' id='word_1_693' title='bbox 2304 3301 2367 3354; x_wconf 85' lang='grc' dir='ltr'>τὸ</span> <span class='ocrx_word' id='word_1_694' title='bbox 2419 3300 2494 3372; x_wconf 83' lang='grc' dir='ltr'>μὴ</span> <span class='ocrx_word' id='word_1_695' title='bbox 2550 3301 2875 3355; x_wconf 76' lang='grc' dir='ltr'>ἐπίστασθαι</span> <span class='ocrx_word' id='word_1_696' title='bbox 2920 3302 2981 3356; x_wconf 77' lang='grc' dir='ltr'>τὸ</span> <span class='ocrx_word' id='word_1_697' title='bbox 3018 3305 3247 3374; x_wconf 85' lang='grc' dir='ltr'>μέγεθος</span> <span class='ocrx_word' id='word_1_698' title='bbox 3284 3308 3384 3377; x_wconf 88' lang='grc' dir='ltr'>τῆς</span> 
     </span>
    </p>
   </div>
   <div class='ocr_carea' id='block_1_91' title="bbox 1785 3384 3383 3459">
    <p class='ocr_par' dir='ltr' id='par_1_91' title="bbox 1785 3384 3383 3459">
     <span class='ocr_line' id='line_1_91' title="bbox 1785 3384 3383 3459; baseline 0.003 -20"><span class='ocrx_word' id='word_1_699' title='bbox 1785 3387 1972 3457; x_wconf 85' lang='grc' dir='ltr'>τιμῆς,</span> <span class='ocrx_word' id='word_1_700' title='bbox 2005 3386 2140 3456; x_wconf 80' lang='grc' dir='ltr'>μηδέ</span> <span class='ocrx_word' id='word_1_701' title='bbox 2160 3386 2289 3457; x_wconf 82' lang='grc' dir='ltr'>ἐρᾷν</span> <span class='ocrx_word' id='word_1_702' title='bbox 2316 3384 2644 3457; x_wconf 86' lang='grc' dir='ltr'>προσευχῆς,</span> <span class='ocrx_word' id='word_1_703' title='bbox 2692 3385 2826 3456; x_wconf 83' lang='grc' dir='ltr'>μηδέ</span> <span class='ocrx_word' id='word_1_704' title='bbox 2868 3385 3098 3440; x_wconf 85' lang='grc' dir='ltr'>θάνατον</span> <span class='ocrx_word' id='word_1_705' title='bbox 3129 3390 3383 3459; x_wconf 76' lang='grc' dir='ltr'>ἡγεῖσθαι</span> 
     </span>
    </p>
   </div>
   <div class='ocr_carea' id='block_1_92' title="bbox 1787 3466 3385 3545">
    <p class='ocr_par' dir='ltr' id='par_1_92' title="bbox 1787 3466 3385 3545">
     <span class='ocr_line' id='line_1_92' title="bbox 1787 3466 3385 3545; baseline 0.004 -23"><span class='ocrx_word' id='word_1_706' title='bbox 1787 3469 1969 3540; x_wconf 74' lang='grc' dir='ltr'>ψυχῆς</span> <span class='ocrx_word' id='word_1_707' title='bbox 2021 3469 2083 3522; x_wconf 84' lang='grc' dir='ltr'>τὸ</span> <span class='ocrx_word' id='word_1_708' title='bbox 2133 3469 2209 3539; x_wconf 83' lang='grc' dir='ltr'>μὴ</span> <span class='ocrx_word' id='word_1_709' title='bbox 2251 3470 2575 3540; x_wconf 87' lang='grc' dir='ltr'>προσκυνεῖν</span> <span class='ocrx_word' id='word_1_710' title='bbox 2619 3466 2695 3539; x_wconf 80' lang='grc' dir='ltr'>τῷ</span> <span class='ocrx_word' id='word_1_711' title='bbox 2745 3466 2885 3539; x_wconf 84' lang='grc' dir='ltr'>Θεῷ.</span> <span class='ocrx_word' id='word_1_712' title='bbox 2918 3469 3130 3543; x_wconf 84' lang='grc' dir='ltr'>Ὥσπερ</span> <span class='ocrx_word' id='word_1_713' title='bbox 3174 3473 3284 3545; x_wconf 77' lang='grc' dir='ltr'>γὰρ</span> <span class='ocrx_word' id='word_1_714' title='bbox 3320 3475 3385 3529; x_wconf 80' lang='grc' dir='ltr'>τὸ</span> 
     </span>
    </p>
   </div>
   <div class='ocr_carea' id='block_1_93' title="bbox 1791 3551 3387 3629">
    <p class='ocr_par' dir='ltr' id='par_1_93' title="bbox 1791 3551 3387 3629">
     <span class='ocr_line' id='line_1_93' title="bbox 1791 3551 3387 3629; baseline -0.004 -22"><span class='ocrx_word' id='word_1_715' title='bbox 1791 3555 1952 3625; x_wconf 91' lang='grc' dir='ltr'>σῶμα</span> <span class='ocrx_word' id='word_1_716' title='bbox 2003 3553 2162 3607; x_wconf 88' lang='grc' dir='ltr'>τοῦτο</span> <span class='ocrx_word' id='word_1_717' title='bbox 2195 3554 2256 3606; x_wconf 87' lang='grc' dir='ltr'>τὸ</span> <span class='ocrx_word' id='word_1_718' title='bbox 2289 3553 2579 3624; x_wconf 79' lang='grc' dir='ltr'>ἡμέτερον.</span> <span class='ocrx_word' id='word_1_719' title='bbox 2613 3551 2793 3623; x_wconf 76' lang='grc' dir='ltr'>ψυχῆς</span> <span class='ocrx_word' id='word_1_720' title='bbox 2829 3551 2905 3624; x_wconf 82' lang='grc' dir='ltr'>μὴ</span> <span class='ocrx_word' id='word_1_721' title='bbox 2957 3556 3261 3629; x_wconf 85' lang='grc' dir='ltr'>παρούσης,</span> <span class='ocrx_word' id='word_1_722' title='bbox 3301 3577 3387 3612; x_wconf 85' lang='grc' dir='ltr'>νε-</span> 
     </span>
    </p>
   </div>
   <div class='ocr_carea' id='block_1_94' title="bbox 1790 3634 3386 3711">
    <p class='ocr_par' dir='ltr' id='par_1_94' title="bbox 1790 3634 3386 3711">
     <span class='ocr_line' id='line_1_94' title="bbox 1790 3634 3386 3711; baseline 0.003 -20"><span class='ocrx_word' id='word_1_723' title='bbox 1790 3638 1923 3710; x_wconf 91' lang='grc' dir='ltr'>κρόν</span> <span class='ocrx_word' id='word_1_724' title='bbox 1976 3638 2095 3690; x_wconf 83' lang='grc' dir='ltr'>ἐστι</span> <span class='ocrx_word' id='word_1_725' title='bbox 2153 3635 2248 3688; x_wconf 67' lang='grc' dir='ltr'>καλ⁵</span> <span class='ocrx_word' id='word_1_726' title='bbox 2306 3634 2569 3699; x_wconf 83' lang='grc' dir='ltr'>δυσῶδες·</span> <span class='ocrx_word' id='word_1_727' title='bbox 2623 3635 2766 3687; x_wconf 77' lang='grc' dir='ltr'>οὕτω</span> <span class='ocrx_word' id='word_1_728' title='bbox 2824 3636 2991 3708; x_wconf 78' lang='grc' dir='ltr'>ψυχὴ,</span> <span class='ocrx_word' id='word_1_729' title='bbox 3042 3638 3117 3711; x_wconf 85' lang='grc' dir='ltr'>μὴ</span> <span class='ocrx_word' id='word_1_730' title='bbox 3161 3641 3386 3696; x_wconf 88' lang='grc' dir='ltr'>κινοῦσα</span> 
     </span>
    </p>
   </div>
   <div class='ocr_carea' id='block_1_95' title="bbox 1790 3718 3387 3792">
    <p class='ocr_par' dir='ltr' id='par_1_95' title="bbox 1790 3718 3387 3792">
     <span class='ocr_line' id='line_1_95' title="bbox 1790 3718 3387 3792; baseline 0.004 -17"><span class='ocrx_word' id='word_1_731' title='bbox 1790 3721 1989 3791; x_wconf 75' lang='grc' dir='ltr'>ἑαυτὴν</span> <span class='ocrx_word' id='word_1_732' title='bbox 2023 3721 2104 3783; x_wconf 82' lang='grc' dir='ltr'>εἰς</span> <span class='ocrx_word' id='word_1_733' title='bbox 2147 3718 2475 3791; x_wconf 83' lang='grc' dir='ltr'>προσευχὴν,</span> <span class='ocrx_word' id='word_1_734' title='bbox 2523 3720 2694 3792; x_wconf 84' lang='grc' dir='ltr'>νεκρά</span> <span class='ocrx_word' id='word_1_735' title='bbox 2743 3720 2880 3789; x_wconf 78' lang='grc' dir='ltr'>ἐστι,</span> <span class='ocrx_word' id='word_1_736' title='bbox 2915 3722 3008 3775; x_wconf 72' lang='grc' dir='ltr'>καὶ</span> <span class='ocrx_word' id='word_1_737' title='bbox 3056 3723 3237 3790; x_wconf 85' lang='grc' dir='ltr'>ἀθλία,</span> <span class='ocrx_word' id='word_1_738' title='bbox 3291 3729 3387 3781; x_wconf 76' lang='grc' dir='ltr'>καὶ</span> 
     </span>
    </p>
   </div>
   <div class='ocr_carea' id='block_1_96' title="bbox 1790 3801 3385 3882">
    <p class='ocr_par' dir='ltr' id='par_1_96' title="bbox 1790 3801 3385 3882">
     <span class='ocr_line' id='line_1_96' title="bbox 1790 3801 3385 3882; baseline 0.003 -24"><span class='ocrx_word' id='word_1_739' title='bbox 1790 3803 2049 3875; x_wconf 86' lang='grc' dir='ltr'>δυσώδης.</span> <span class='ocrx_word' id='word_1_740' title='bbox 2100 3801 2260 3856; x_wconf 85' lang='grc' dir='ltr'>Ἀλλά</span> <span class='ocrx_word' id='word_1_741' title='bbox 2316 3802 2424 3873; x_wconf 82' lang='grc' dir='ltr'>μὴν</span> <span class='ocrx_word' id='word_1_742' title='bbox 2479 3803 2560 3855; x_wconf 85' lang='grc' dir='ltr'>ὄτι</span> <span class='ocrx_word' id='word_1_743' title='bbox 2609 3819 2673 3871; x_wconf 90' lang='grc' dir='ltr'>γε</span> <span class='ocrx_word' id='word_1_744' title='bbox 2706 3801 2936 3857; x_wconf 83' lang='grc' dir='ltr'>θανάτου</span> <span class='ocrx_word' id='word_1_745' title='bbox 2964 3807 3165 3871; x_wconf 81' lang='grc' dir='ltr'>παντὸς</span> <span class='ocrx_word' id='word_1_746' title='bbox 3191 3811 3385 3882; x_wconf 84' lang='grc' dir='ltr'>πικρό-</span> 
     </span>
    </p>
   </div>
   <div class='ocr_carea' id='block_1_97' title="bbox 1788 3885 3387 3962">
    <p class='ocr_par' dir='ltr' id='par_1_97' title="bbox 1788 3885 3387 3962">
     <span class='ocr_line' id='line_1_97' title="bbox 1788 3885 3387 3962; baseline -0.005 -19"><span class='ocrx_word' id='word_1_747' title='bbox 1788 3906 1946 3960; x_wconf 89' lang='grc' dir='ltr'>τερον</span> <span class='ocrx_word' id='word_1_748' title='bbox 1986 3885 2236 3958; x_wconf 82' lang='grc' dir='ltr'>ήγεῖσθαι</span> <span class='ocrx_word' id='word_1_749' title='bbox 2263 3887 2534 3957; x_wconf 80' lang='grc' dir='ltr'>προσήκει</span> <span class='ocrx_word' id='word_1_750' title='bbox 2574 3886 2904 3957; x_wconf 77' lang='grc' dir='ltr'>στερηθῆναι</span> <span class='ocrx_word' id='word_1_751' title='bbox 2944 3892 3272 3962; x_wconf 81' lang='grc' dir='ltr'>προσευχῆς,</span> <span class='ocrx_word' id='word_1_752' title='bbox 3308 3893 3387 3946; x_wconf 83' lang='grc' dir='ltr'>δι.</span> 
     </span>
    </p>
   </div>
   <div class='ocr_carea' id='block_1_98' title="bbox 1790 3968 3382 4047">
    <p class='ocr_par' dir='ltr' id='par_1_98' title="bbox 1790 3968 3382 4047">
     <span class='ocr_line' id='line_1_98' title="bbox 1790 3968 3382 4047; baseline 0.002 -21"><span class='ocrx_word' id='word_1_753' title='bbox 1790 3973 1980 4028; x_wconf 86' lang='grc' dir='ltr'>δάσκει</span> <span class='ocrx_word' id='word_1_754' title='bbox 2031 3968 2213 4033; x_wconf 89' lang='grc' dir='ltr'>καλῶς</span> <span class='ocrx_word' id='word_1_755' title='bbox 2261 3969 2412 4040; x_wconf 78' lang='grc' dir='ltr'>ἡμᾶς</span> <span class='ocrx_word' id='word_1_756' title='bbox 2464 3968 2684 4040; x_wconf 85' lang='grc' dir='ltr'>Δανιὴλ,</span> <span class='ocrx_word' id='word_1_757' title='bbox 2743 3971 2772 4022; x_wconf 90' lang='grc' dir='ltr'>ὁ</span> <span class='ocrx_word' id='word_1_758' title='bbox 2827 3970 3002 4041; x_wconf 89' lang='grc' dir='ltr'>μέγας</span> <span class='ocrx_word' id='word_1_759' title='bbox 3057 3976 3382 4047; x_wconf 82' lang='grc' dir='ltr'>προφήτης,</span> 
     </span>
    </p>
   </div>
   <div class='ocr_carea' id='block_1_99' title="bbox 1796 4051 3386 4129">
    <p class='ocr_par' dir='ltr' id='par_1_99' title="bbox 1796 4051 3386 4129">
     <span class='ocr_line' id='line_1_99' title="bbox 1796 4051 3386 4129; baseline 0.001 -20"><span class='ocrx_word' id='word_1_760' title='bbox 1796 4055 1996 4129; x_wconf 82' lang='grc' dir='ltr'>μᾶλλον</span> <span class='ocrx_word' id='word_1_761' title='bbox 2040 4052 2096 4105; x_wconf 82' lang='grc' dir='ltr'>δὲ</span> <span class='ocrx_word' id='word_1_762' title='bbox 2143 4052 2396 4122; x_wconf 85' lang='grc' dir='ltr'>ἐλόμενος</span> <span class='ocrx_word' id='word_1_763' title='bbox 2439 4051 2751 4113; x_wconf 89' lang='grc' dir='ltr'>ἀποθανεῖν,</span> <span class='ocrx_word' id='word_1_764' title='bbox 2792 4053 2826 4124; x_wconf 81' lang='grc' dir='ltr'><strong>ἢ</strong></span> <span class='ocrx_word' id='word_1_765' title='bbox 2860 4057 3011 4125; x_wconf 88' lang='grc' dir='ltr'>τρεῖς</span> <span class='ocrx_word' id='word_1_766' title='bbox 3040 4056 3248 4126; x_wconf 78' lang='grc' dir='ltr'>ἡμέρας</span> <span class='ocrx_word' id='word_1_767' title='bbox 3288 4061 3386 4127; x_wconf 67' lang='lat'><strong>90&#39;-</strong></span> 
     </span>
    </p>
   </div>
   <div class='ocr_carea' id='block_1_100' title="bbox 1791 4130 3386 4207">
    <p class='ocr_par' dir='ltr' id='par_1_100' title="bbox 1791 4130 3386 4207">
     <span class='ocr_line' id='line_1_100' title="bbox 1791 4130 3386 4207; baseline 0.003 -23"><span class='ocrx_word' id='word_1_768' title='bbox 1791 4152 1889 4198; x_wconf 82' lang='grc' dir='ltr'>νας</span> <span class='ocrx_word' id='word_1_769' title='bbox 1922 4131 2249 4203; x_wconf 88' lang='grc' dir='ltr'>στερηθῆναι</span> <span class='ocrx_word' id='word_1_770' title='bbox 2302 4130 2629 4201; x_wconf 82' lang='grc' dir='ltr'>προσευχῆς.</span> <span class='ocrx_word' id='word_1_771' title='bbox 2667 4131 2742 4183; x_wconf 85' lang='grc' dir='ltr'>Οὐ</span> <span class='ocrx_word' id='word_1_772' title='bbox 2781 4130 2891 4202; x_wconf 77' lang='grc' dir='ltr'>γὰρ</span> <span class='ocrx_word' id='word_1_773' title='bbox 2916 4132 3182 4204; x_wconf 87' lang='grc' dir='ltr'>ἀσεϐῆσαι</span> <span class='ocrx_word' id='word_1_774' title='bbox 3210 4135 3386 4207; x_wconf 85' lang='grc' dir='ltr'>τούτῳ</span> 
     </span>
    </p>
   </div>
   <div class='ocr_carea' id='block_1_101' title="bbox 1793 4212 3387 4292">
    <p class='ocr_par' dir='ltr' id='par_1_101' title="bbox 1793 4212 3387 4292">
     <span class='ocr_line' id='line_1_101' title="bbox 1793 4212 3387 4292; baseline -0.006 -21"><span class='ocrx_word' id='word_1_775' title='bbox 1793 4215 2125 4290; x_wconf 86' lang='grc' dir='ltr'>προσέταξεν</span> <span class='ocrx_word' id='word_1_776' title='bbox 2162 4214 2191 4266; x_wconf 88' lang='grc' dir='ltr'>ὁ</span> <span class='ocrx_word' id='word_1_777' title='bbox 2240 4213 2349 4267; x_wconf 90' lang='grc' dir='ltr'>τῶν</span> <span class='ocrx_word' id='word_1_778' title='bbox 2407 4213 2632 4285; x_wconf 87' lang='grc' dir='ltr'>Περσῶν</span> <span class='ocrx_word' id='word_1_779' title='bbox 2704 4212 2987 4283; x_wconf 83' lang='grc' dir='ltr'>βασιλεὺς,</span> <span class='ocrx_word' id='word_1_780' title='bbox 3047 4217 3183 4274; x_wconf 81' lang='grc' dir='ltr'>ἀλλά</span> <span class='ocrx_word' id='word_1_781' title='bbox 3235 4223 3387 4292; x_wconf 73' lang='grc' dir='ltr'>τρεῖς</span> 
     </span>
    </p>
   </div>
   <div class='ocr_carea' id='block_1_102' title="bbox 1791 4296 3385 4374">
    <p class='ocr_par' dir='ltr' id='par_1_102' title="bbox 1791 4296 3385 4374">
     <span class='ocr_line' id='line_1_102' title="bbox 1791 4296 3385 4374; baseline 0.006 -27"><span class='ocrx_word' id='word_1_782' title='bbox 1791 4300 2008 4372; x_wconf 75' lang='grc' dir='ltr'>ἡμέρας</span> <span class='ocrx_word' id='word_1_783' title='bbox 2071 4300 2231 4369; x_wconf 90' lang='grc' dir='ltr'>μόνον</span> <span class='ocrx_word' id='word_1_784' title='bbox 2286 4296 2658 4367; x_wconf 88' lang='grc' dir='ltr'>σκοπούμενος</span> <span class='ocrx_word' id='word_1_785' title='bbox 2699 4300 2899 4369; x_wconf 84' lang='grc' dir='ltr'>εὑρεῖν.</span> <span class='ocrx_word' id='word_1_786' title='bbox 2923 4301 3087 4353; x_wconf 82' lang='grc' dir='ltr'>Ἀνευ</span> <span class='ocrx_word' id='word_1_787' title='bbox 3143 4302 3251 4374; x_wconf 83' lang='grc' dir='ltr'>γὰρ</span> <span class='ocrx_word' id='word_1_788' title='bbox 3285 4304 3385 4374; x_wconf 89' lang='grc' dir='ltr'>τῆς</span> 
     </span>
    </p>
   </div>
   <div class='ocr_carea' id='block_1_103' title="bbox 1794 4378 3385 4457">
    <p class='ocr_par' dir='ltr' id='par_1_103' title="bbox 1794 4378 3385 4457">
     <span class='ocr_line' id='line_1_103' title="bbox 1794 4378 3385 4457; baseline -0.004 -18"><span class='ocrx_word' id='word_1_789' title='bbox 1794 4384 1946 4446; x_wconf 88' lang='grc' dir='ltr'>θείας</span> <span class='ocrx_word' id='word_1_790' title='bbox 1973 4382 2146 4455; x_wconf 81' lang='grc' dir='ltr'>ῥοπῆς</span> <span class='ocrx_word' id='word_1_791' title='bbox 2168 4381 2267 4434; x_wconf 83' lang='grc' dir='ltr'>οὐκ</span> <span class='ocrx_word' id='word_1_792' title='bbox 2305 4380 2370 4434; x_wconf 78' lang='grc' dir='ltr'>ἄν</span> <span class='ocrx_word' id='word_1_793' title='bbox 2402 4396 2455 4433; x_wconf 85' lang='grc' dir='ltr'>τι</span> <span class='ocrx_word' id='word_1_794' title='bbox 2490 4378 2597 4433; x_wconf 86' lang='grc' dir='ltr'>τῶν</span> <span class='ocrx_word' id='word_1_795' title='bbox 2632 4381 2855 4450; x_wconf 89' lang='grc' dir='ltr'>ἀγαθῶν</span> <span class='ocrx_word' id='word_1_796' title='bbox 2877 4383 2957 4445; x_wconf 87' lang='grc' dir='ltr'>είς</span> <span class='ocrx_word' id='word_1_797' title='bbox 2979 4383 3077 4448; x_wconf 83' lang='grc' dir='ltr'>τὰς</span> <span class='ocrx_word' id='word_1_798' title='bbox 3105 4385 3385 4457; x_wconf 79' lang='grc' dir='ltr'>ἡμετέρας</span> 
     </span>
    </p>
   </div>
   <div class='ocr_carea' id='block_1_104' title="bbox 1795 4462 3384 4537">
    <p class='ocr_par' dir='ltr' id='par_1_104' title="bbox 1795 4462 3384 4537">
     <span class='ocr_line' id='line_1_104' title="bbox 1795 4462 3384 4537; baseline 0.003 -15"><span class='ocrx_word' id='word_1_799' title='bbox 1795 4467 1938 4523; x_wconf 70' lang='grc' dir='ltr'>ἔλθοι</span> <span class='ocrx_word' id='word_1_800' title='bbox 1963 4466 2173 4537; x_wconf 75' lang='grc' dir='ltr'>ψυχάς⁶</span> <span class='ocrx_word' id='word_1_801' title='bbox 2210 4462 2347 4517; x_wconf 86' lang='grc' dir='ltr'>Θεοῦ</span> <span class='ocrx_word' id='word_1_802' title='bbox 2373 4463 2429 4518; x_wconf 80' lang='grc' dir='ltr'>δὲ</span> <span class='ocrx_word' id='word_1_803' title='bbox 2471 4463 2611 4536; x_wconf 78' lang='grc' dir='ltr'>ῥοπὴ</span> <span class='ocrx_word' id='word_1_804' title='bbox 2640 4465 3040 4534; x_wconf 85' lang='grc' dir='ltr'>συνεφάπτεται</span> <span class='ocrx_word' id='word_1_805' title='bbox 3059 4469 3167 4523; x_wconf 90' lang='grc' dir='ltr'>τῶν</span> <span class='ocrx_word' id='word_1_806' title='bbox 3206 4471 3384 4527; x_wconf 90' lang='grc' dir='ltr'>πόνων</span> 
     </span>
    </p>
   </div>
   <div class='ocr_carea' id='block_1_105' title="bbox 1795 4547 3384 4625">
    <p class='ocr_par' dir='ltr' id='par_1_105' title="bbox 1795 4547 3384 4625">
     <span class='ocr_line' id='line_1_105' title="bbox 1795 4547 3384 4625; baseline 0.001 -20"><span class='ocrx_word' id='word_1_807' title='bbox 1795 4554 1947 4623; x_wconf 83' lang='grc' dir='ltr'>ἡμῖν,</span> <span class='ocrx_word' id='word_1_808' title='bbox 1971 4550 2066 4604; x_wconf 74' lang='grc' dir='ltr'>καὶ</span> <span class='ocrx_word' id='word_1_809' title='bbox 2092 4548 2314 4612; x_wconf 89' lang='grc' dir='ltr'>τούτους</span> <span class='ocrx_word' id='word_1_810' title='bbox 2347 4547 2691 4617; x_wconf 79' lang='grc' dir='ltr'>ἐπικουφίζει</span> <span class='ocrx_word' id='word_1_811' title='bbox 2724 4549 2935 4615; x_wconf 89' lang='grc' dir='ltr'>καλῶς,</span> <span class='ocrx_word' id='word_1_812' title='bbox 2974 4552 3041 4605; x_wconf 84' lang='grc' dir='ltr'>ἂν</span> <span class='ocrx_word' id='word_1_813' title='bbox 3081 4552 3166 4624; x_wconf 81' lang='grc' dir='ltr'>ἴδῃ</span> <span class='ocrx_word' id='word_1_814' title='bbox 3216 4571 3384 4625; x_wconf 87' lang='grc' dir='ltr'>προσ-</span> 
     </span>
    </p>
   </div>
   <div class='ocr_carea' id='block_1_106' title="bbox 1796 4630 3383 4706">
    <p class='ocr_par' dir='ltr' id='par_1_106' title="bbox 1796 4630 3383 4706">
     <span class='ocr_line' id='line_1_106' title="bbox 1796 4630 3383 4706; baseline -0.001 -18"><span class='ocrx_word' id='word_1_815' title='bbox 1796 4633 1960 4706; x_wconf 77' lang='grc' dir='ltr'>ευχὴν</span> <span class='ocrx_word' id='word_1_816' title='bbox 1992 4630 2343 4702; x_wconf 85' lang='grc' dir='ltr'>ἀγαπῶντας,</span> <span class='ocrx_word' id='word_1_817' title='bbox 2368 4634 2463 4684; x_wconf 79' lang='grc' dir='ltr'>καὶ</span> <span class='ocrx_word' id='word_1_818' title='bbox 2504 4632 2743 4701; x_wconf 89' lang='grc' dir='ltr'>συνεχῶς</span> <span class='ocrx_word' id='word_1_819' title='bbox 2769 4632 2860 4685; x_wconf 90' lang='grc' dir='ltr'>τοῦ</span> <span class='ocrx_word' id='word_1_820' title='bbox 2895 4633 3028 4687; x_wconf 90' lang='grc' dir='ltr'>Θεοῦ</span> <span class='ocrx_word' id='word_1_821' title='bbox 3075 4634 3383 4706; x_wconf 84' lang='grc' dir='ltr'>δεομένους,</span> 
     </span>
    </p>
   </div>
   <div class='ocr_carea' id='block_1_107' title="bbox 1797 4713 3383 4788">
    <p class='ocr_par' dir='ltr' id='par_1_107' title="bbox 1797 4713 3383 4788">
     <span class='ocr_line' id='line_1_107' title="bbox 1797 4713 3383 4788; baseline 0.001 -17"><span class='ocrx_word' id='word_1_822' title='bbox 1797 4718 1893 4771; x_wconf 72' lang='grc' dir='ltr'>καὶ</span> <span class='ocrx_word' id='word_1_823' title='bbox 1942 4716 2121 4769; x_wconf 86' lang='grc' dir='ltr'>πάντα</span> <span class='ocrx_word' id='word_1_824' title='bbox 2177 4714 2385 4769; x_wconf 84' lang='grc' dir='ltr'>ἐκεῖθεν</span> <span class='ocrx_word' id='word_1_825' title='bbox 2422 4714 2492 4768; x_wconf 89' lang='grc' dir='ltr'>τά</span> <span class='ocrx_word' id='word_1_826' title='bbox 2547 4713 2725 4784; x_wconf 84' lang='grc' dir='ltr'>ἀγαθά</span> <span class='ocrx_word' id='word_1_827' title='bbox 2757 4715 3161 4785; x_wconf 86' lang='grc' dir='ltr'>καταϐήσεσθαι</span> <span class='ocrx_word' id='word_1_828' title='bbox 3210 4735 3383 4788; x_wconf 86' lang='grc' dir='ltr'>προσ-</span> 
     </span>
    </p>
   </div>
   <div class='ocr_carea' id='block_1_108' title="bbox 1794 4791 3386 4871">
    <p class='ocr_par' dir='ltr' id='par_1_108' title="bbox 1794 4791 3386 4871">
     <span class='ocr_line' id='line_1_108' title="bbox 1794 4791 3386 4871; baseline 0.001 -19"><span class='ocrx_word' id='word_1_829' title='bbox 1794 4796 2092 4859; x_wconf 86' lang='grc' dir='ltr'>δοκῶντας.</span> <span class='ocrx_word' id='word_1_830' title='bbox 2129 4797 2297 4849; x_wconf 86' lang='grc' dir='ltr'>Ὅταν</span> <span class='ocrx_word' id='word_1_831' title='bbox 2347 4791 2440 4848; x_wconf 80' lang='grc' dir='ltr'>οὖν</span> <span class='ocrx_word' id='word_1_832' title='bbox 2495 4794 2590 4848; x_wconf 78' lang='grc' dir='ltr'>ἴδω</span> <span class='ocrx_word' id='word_1_833' title='bbox 2627 4795 2748 4849; x_wconf 87' lang='grc' dir='ltr'>τινά</span> <span class='ocrx_word' id='word_1_834' title='bbox 2794 4796 2869 4867; x_wconf 77' lang='grc' dir='ltr'>μὴ</span> <span class='ocrx_word' id='word_1_835' title='bbox 2912 4796 3169 4865; x_wconf 84' lang='grc' dir='ltr'>φιλοῦντα</span> <span class='ocrx_word' id='word_1_836' title='bbox 3216 4816 3386 4871; x_wconf 84' lang='grc' dir='ltr'>προσ-</span> 
     </span>
    </p>
   </div>
   <div class='ocr_carea' id='block_1_109' title="bbox 1796 4876 3385 4951">
    <p class='ocr_par' dir='ltr' id='par_1_109' title="bbox 1796 4876 3385 4951">
     <span class='ocr_line' id='line_1_109' title="bbox 1796 4876 3385 4951; baseline 0.001 -18"><span class='ocrx_word' id='word_1_837' title='bbox 1796 4879 1983 4951; x_wconf 80' lang='grc' dir='ltr'>ευχὴν,</span> <span class='ocrx_word' id='word_1_838' title='bbox 2021 4878 2156 4949; x_wconf 80' lang='grc' dir='ltr'>μηδέ</span> <span class='ocrx_word' id='word_1_839' title='bbox 2186 4877 2385 4947; x_wconf 79' lang='grc' dir='ltr'>θερμὸν</span> <span class='ocrx_word' id='word_1_840' title='bbox 2430 4876 2607 4948; x_wconf 79' lang='grc' dir='ltr'>ἔρωτα</span> <span class='ocrx_word' id='word_1_841' title='bbox 2662 4878 2867 4950; x_wconf 87' lang='grc' dir='ltr'>ταύτης</span> <span class='ocrx_word' id='word_1_842' title='bbox 2903 4878 3094 4950; x_wconf 75' lang='grc' dir='ltr'>ἔχοντα</span> <span class='ocrx_word' id='word_1_843' title='bbox 3124 4883 3213 4935; x_wconf 67' lang='grc' dir='ltr'><strong>καῖ</strong></span> <span class='ocrx_word' id='word_1_844' title='bbox 3253 4900 3385 4951; x_wconf 89' lang='grc' dir='ltr'>σφο-</span> 
     </span>
    </p>
   </div>
   <div class='ocr_carea' id='block_1_110' title="bbox 1797 4952 3386 5035">
    <p class='ocr_par' dir='ltr' id='par_1_110' title="bbox 1797 4952 3386 5035">
     <span class='ocr_line' id='line_1_110' title="bbox 1797 4952 3386 5035; baseline 0.001 -19"><span class='ocrx_word' id='word_1_845' title='bbox 1797 4962 1943 5035; x_wconf 82' lang='grc' dir='ltr'>δρὸν,</span> <span class='ocrx_word' id='word_1_846' title='bbox 2000 4962 2102 5033; x_wconf 68' lang='grc' dir='ltr'>ἤδη</span> <span class='ocrx_word' id='word_1_847' title='bbox 2160 4978 2247 5031; x_wconf 85' lang='grc' dir='ltr'>μοι</span> <span class='ocrx_word' id='word_1_848' title='bbox 2291 4952 2446 5024; x_wconf 75' lang='grc' dir='ltr'>οὗτος</span> <span class='ocrx_word' id='word_1_849' title='bbox 2471 4959 2632 5030; x_wconf 85' lang='grc' dir='ltr'>δῆλός</span> <span class='ocrx_word' id='word_1_850' title='bbox 2666 4962 2812 5014; x_wconf 81' lang='grc' dir='ltr'>ἐστιν</span> <span class='ocrx_word' id='word_1_851' title='bbox 2857 4961 2933 5026; x_wconf 85' lang='grc' dir='ltr'>ὡς</span> <span class='ocrx_word' id='word_1_852' title='bbox 2966 4964 3119 5017; x_wconf 86' lang='grc' dir='ltr'>οὐδὲν</span> <span class='ocrx_word' id='word_1_853' title='bbox 3143 4968 3386 5032; x_wconf 76' lang='grc' dir='ltr'>γενναῖον</span> 
     </span>
    </p>
   </div>
   <div class='ocr_carea' id='block_1_111' title="bbox 1798 5043 3385 5115">
    <p class='ocr_par' dir='ltr' id='par_1_111' title="bbox 1798 5043 3385 5115">
     <span class='ocr_line' id='line_1_111' title="bbox 1798 5043 3385 5115; baseline 0.001 -18"><span class='ocrx_word' id='word_1_854' title='bbox 1798 5046 1857 5098; x_wconf 82' lang='grc' dir='ltr'>ἐν</span> <span class='ocrx_word' id='word_1_855' title='bbox 1905 5047 1972 5115; x_wconf 82' lang='grc' dir='ltr'>τῇ</span> <span class='ocrx_word' id='word_1_856' title='bbox 2024 5043 2169 5115; x_wconf 75' lang='grc' dir='ltr'>ψυχῇ</span> <span class='ocrx_word' id='word_1_857' title='bbox 2229 5043 2515 5114; x_wconf 85' lang='grc' dir='ltr'>κέκτηται.</span> <span class='ocrx_word' id='word_1_858' title='bbox 2555 5044 2724 5097; x_wconf 84' lang='grc' dir='ltr'>Ὅταν</span> <span class='ocrx_word' id='word_1_859' title='bbox 2765 5043 2821 5096; x_wconf 82' lang='grc' dir='ltr'>δὲ</span> <span class='ocrx_word' id='word_1_860' title='bbox 2852 5045 2944 5098; x_wconf 79' lang='grc' dir='ltr'>ἴδω</span> <span class='ocrx_word' id='word_1_861' title='bbox 2979 5050 3099 5099; x_wconf 81' lang='grc' dir='ltr'>τινά</span> <span class='ocrx_word' id='word_1_862' title='bbox 3135 5046 3237 5115; x_wconf 84' lang='grc' dir='ltr'>τῆς</span> <span class='ocrx_word' id='word_1_863' title='bbox 3291 5046 3385 5099; x_wconf 90' lang='grc' dir='ltr'>τοῦ</span> 
     </span>
    </p>
   </div>
   <div class='ocr_carea' id='block_1_112' title="bbox 1797 5127 3386 5199">
    <p class='ocr_par' dir='ltr' id='par_1_112' title="bbox 1797 5127 3386 5199">
     <span class='ocr_line' id='line_1_112' title="bbox 1797 5127 3386 5199; baseline -0.001 -17"><span class='ocrx_word' id='word_1_864' title='bbox 1797 5129 1931 5182; x_wconf 85' lang='grc' dir='ltr'>Θεοῦ</span> <span class='ocrx_word' id='word_1_865' title='bbox 1982 5129 2239 5199; x_wconf 86' lang='grc' dir='ltr'>λατρείας</span> <span class='ocrx_word' id='word_1_866' title='bbox 2259 5127 2571 5198; x_wconf 86' lang='grc' dir='ltr'>ἀκορέστως</span> <span class='ocrx_word' id='word_1_867' title='bbox 2603 5128 2879 5199; x_wconf 85' lang='grc' dir='ltr'>ἐχόμενον,</span> <span class='ocrx_word' id='word_1_868' title='bbox 2911 5129 3007 5181; x_wconf 80' lang='grc' dir='ltr'>καὶ</span> <span class='ocrx_word' id='word_1_869' title='bbox 3033 5128 3093 5181; x_wconf 88' lang='grc' dir='ltr'>τὸ</span> <span class='ocrx_word' id='word_1_870' title='bbox 3120 5129 3193 5198; x_wconf 85' lang='grc' dir='ltr'>μὴ</span> <span class='ocrx_word' id='word_1_871' title='bbox 3227 5145 3386 5197; x_wconf 85' lang='grc' dir='ltr'>προσ-</span> 
     </span>
    </p>
   </div>
   <div class='ocr_carea' id='block_1_113' title="bbox 1799 5209 3387 5281">
    <p class='ocr_par' dir='ltr' id='par_1_113' title="bbox 1799 5209 3387 5281">
     <span class='ocr_line' id='line_1_113' title="bbox 1799 5209 3387 5281; baseline 0 -17"><span class='ocrx_word' id='word_1_872' title='bbox 1799 5210 2053 5281; x_wconf 88' lang='grc' dir='ltr'>εύχεσθαι</span> <span class='ocrx_word' id='word_1_873' title='bbox 2118 5210 2356 5279; x_wconf 84' lang='grc' dir='ltr'>συνεχῶς</span> <span class='ocrx_word' id='word_1_874' title='bbox 2419 5211 2479 5263; x_wconf 87' lang='grc' dir='ltr'>ἐν</span> <span class='ocrx_word' id='word_1_875' title='bbox 2543 5213 2666 5274; x_wconf 87' lang='grc' dir='ltr'>ταῖς</span> <span class='ocrx_word' id='word_1_876' title='bbox 2715 5210 3001 5281; x_wconf 83' lang='grc' dir='ltr'>μεγίσταις</span> <span class='ocrx_word' id='word_1_877' title='bbox 3048 5209 3387 5281; x_wconf 87' lang='grc' dir='ltr'>ἀριθμοῦντα</span> 
     </span>
    </p>
   </div>
   <div class='ocr_carea' id='block_1_114' title="bbox 1802 5293 3387 5367">
    <p class='ocr_par' dir='ltr' id='par_1_114' title="bbox 1802 5293 3387 5367">
     <span class='ocr_line' id='line_1_114' title="bbox 1802 5293 3387 5367; baseline 0.002 -22"><span class='ocrx_word' id='word_1_878' title='bbox 1802 5293 2045 5365; x_wconf 80' lang='grc' dir='ltr'>ζημίαις,</span> <span class='ocrx_word' id='word_1_879' title='bbox 2110 5293 2480 5367; x_wconf 87' lang='grc' dir='ltr'>τεκμαίρομαι</span> <span class='ocrx_word' id='word_1_880' title='bbox 2535 5295 2627 5347; x_wconf 83' lang='grc' dir='ltr'>τὸν</span> <span class='ocrx_word' id='word_1_881' title='bbox 2673 5294 2911 5347; x_wconf 89' lang='grc' dir='ltr'>τοιοῦτον</span> <span class='ocrx_word' id='word_1_882' title='bbox 2959 5295 3141 5365; x_wconf 83' lang='grc' dir='ltr'>πάσης</span> <span class='ocrx_word' id='word_1_883' title='bbox 3185 5294 3387 5366; x_wconf 87' lang='grc' dir='ltr'>ἀρετῆς</span> 
     </span>
    </p>
   </div>
   <div class='ocr_carea' id='block_1_115' title="bbox 1802 5374 3385 5451">
    <p class='ocr_par' dir='ltr' id='par_1_115' title="bbox 1802 5374 3385 5451">
     <span class='ocr_line' id='line_1_115' title="bbox 1802 5374 3385 5451; baseline -0.003 -17"><span class='ocrx_word' id='word_1_884' title='bbox 1802 5379 2047 5451; x_wconf 79' lang='grc' dir='ltr'>ἀσκητὴν</span> <span class='ocrx_word' id='word_1_885' title='bbox 2104 5374 2240 5432; x_wconf 70' lang='grc' dir='ltr'>εἶναι</span> <span class='ocrx_word' id='word_1_886' title='bbox 2298 5379 2532 5448; x_wconf 82' lang='grc' dir='ltr'>βέϐαιον,</span> <span class='ocrx_word' id='word_1_887' title='bbox 2584 5377 2808 5432; x_wconf 75' lang='grc' dir='ltr'>καὶτοῦ</span> <span class='ocrx_word' id='word_1_888' title='bbox 2854 5377 2990 5431; x_wconf 87' lang='grc' dir='ltr'>Θεοῦ</span> <span class='ocrx_word' id='word_1_889' title='bbox 3019 5378 3166 5432; x_wconf 91' lang='grc' dir='ltr'>ναόν.</span> <span class='ocrx_word' id='word_1_890' title='bbox 3189 5379 3253 5432; x_wconf 67' lang='lat' dir='ltr'>Et</span> <span class='ocrx_word' id='word_1_891' title='bbox 3276 5377 3385 5449; x_wconf 84' lang='grc' dir='ltr'>γάρ</span> 
     </span>
    </p>
   </div>
   <div class='ocr_carea' id='block_1_116' title="bbox 1805 5459 3386 5535">
    <p class='ocr_par' dir='ltr' id='par_1_116' title="bbox 1805 5459 3386 5535">
     <span class='ocr_line' id='line_1_116' title="bbox 1805 5459 3386 5535; baseline -0.004 -17"><span class='ocrx_word' id='word_1_892' title='bbox 1805 5463 2092 5533; x_wconf 78' lang='grc' dir='ltr'>στολισμδς</span> <span class='ocrx_word' id='word_1_893' title='bbox 2142 5462 2357 5535; x_wconf 81' lang='grc' dir='ltr'>ἀνδρὸς,</span> <span class='ocrx_word' id='word_1_894' title='bbox 2407 5464 2498 5517; x_wconf 74' lang='grc' dir='ltr'>καὶ</span> <span class='ocrx_word' id='word_1_895' title='bbox 2531 5461 2680 5532; x_wconf 86' lang='grc' dir='ltr'>βῆμα</span> <span class='ocrx_word' id='word_1_896' title='bbox 2710 5462 2889 5526; x_wconf 71' lang='grc' dir='ltr'>ποδὸς,</span> <span class='ocrx_word' id='word_1_897' title='bbox 2925 5462 3019 5514; x_wconf 72' lang='grc' dir='ltr'>καὶ</span> <span class='ocrx_word' id='word_1_898' title='bbox 3045 5460 3220 5530; x_wconf 88' lang='grc' dir='ltr'>γέλως</span> <span class='ocrx_word' id='word_1_899' title='bbox 3240 5459 3386 5514; x_wconf 80' lang='grc' dir='ltr'>ὁδόν·</span> 
     </span>
    </p>
   </div>
   <div class='ocr_carea' id='block_1_117' title="bbox 1803 5543 3388 5618">
    <p class='ocr_par' dir='ltr' id='par_1_117' title="bbox 1803 5543 3388 5618">
     <span class='ocr_line' id='line_1_117' title="bbox 1803 5543 3388 5618; baseline -0.003 -18"><span class='ocrx_word' id='word_1_900' title='bbox 1803 5565 1911 5601; x_wconf 86' lang='grc' dir='ltr'>των</span> <span class='ocrx_word' id='word_1_901' title='bbox 1959 5546 2279 5615; x_wconf 85' lang='grc' dir='ltr'>ἀναγγέλλει</span> <span class='ocrx_word' id='word_1_902' title='bbox 2345 5546 2414 5600; x_wconf 80' lang='grc' dir='ltr'>τά</span> <span class='ocrx_word' id='word_1_903' title='bbox 2469 5546 2599 5618; x_wconf 69' lang='grc' dir='ltr'>περὶ</span> <span class='ocrx_word' id='word_1_904' title='bbox 2647 5544 2841 5607; x_wconf 83' lang='grc' dir='ltr'>αὐτοῦ,</span> <span class='ocrx_word' id='word_1_905' title='bbox 2893 5543 3035 5598; x_wconf 87' lang='grc' dir='ltr'>κατά</span> <span class='ocrx_word' id='word_1_906' title='bbox 3084 5544 3175 5598; x_wconf 83' lang='grc' dir='ltr'>τὸν</span> <span class='ocrx_word' id='word_1_907' title='bbox 3224 5543 3388 5611; x_wconf 76' lang='grc' dir='ltr'>σοφὸν</span> 
     </span>
    </p>
   </div>
   <div class='ocr_carea' id='block_1_118' title="bbox 1805 5627 3386 5701">
    <p class='ocr_par' dir='ltr' id='par_1_118' title="bbox 1805 5627 3386 5701">
     <span class='ocr_line' id='line_1_118' title="bbox 1805 5627 3386 5701; baseline -0.003 -18"><span class='ocrx_word' id='word_1_908' title='bbox 1805 5630 2128 5701; x_wconf 83' lang='grc' dir='ltr'>Σολομῶντα</span> <span class='ocrx_word' id='word_1_909' title='bbox 2149 5671 2164 5693; x_wconf 95' lang='grc'>,</span> <span class='ocrx_word' id='word_1_910' title='bbox 2228 5630 2407 5700; x_wconf 78' lang='grc' dir='ltr'>πολλῷ</span> <span class='ocrx_word' id='word_1_911' title='bbox 2487 5629 2686 5700; x_wconf 84' lang='grc' dir='ltr'>μᾶλλον</span> <span class='ocrx_word' id='word_1_912' title='bbox 2738 5630 2871 5699; x_wconf 77' lang='grc' dir='ltr'>εὐχὴ</span> <span class='ocrx_word' id='word_1_913' title='bbox 2924 5627 3019 5681; x_wconf 73' lang='grc' dir='ltr'>καὶ</span> <span class='ocrx_word' id='word_1_914' title='bbox 3073 5630 3106 5698; x_wconf 77' lang='grc' dir='ltr'>ἡ</span> <span class='ocrx_word' id='word_1_915' title='bbox 3162 5627 3386 5695; x_wconf 82' lang='grc' dir='ltr'>λατρεία</span> 
     </span>
    </p>
   </div>
   <div class='ocr_carea' id='block_1_119' title="bbox 1807 5705 3389 5780">
    <p class='ocr_par' dir='ltr' id='par_1_119' title="bbox 1807 5705 3389 5780">
     <span class='ocr_line' id='line_1_119' title="bbox 1807 5705 3389 5780; baseline -0.004 -16"><span class='ocrx_word' id='word_1_916' title='bbox 1807 5710 1942 5764; x_wconf 72' lang='grc' dir='ltr'>Θεοῦ</span> <span class='ocrx_word' id='word_1_917' title='bbox 2000 5710 2225 5780; x_wconf 64' lang='grc' dir='ltr'>σημεῖόν</span> <span class='ocrx_word' id='word_1_918' title='bbox 2275 5709 2764 5780; x_wconf 65' lang='grc' dir='ltr'>ἐστιδικαιοσὲνης</span> <span class='ocrx_word' id='word_1_919' title='bbox 2806 5708 3042 5777; x_wconf 73' lang='grc' dir='ltr'>ἀπάσης,</span> <span class='ocrx_word' id='word_1_920' title='bbox 3097 5705 3256 5776; x_wconf 76' lang='grc' dir='ltr'>στολή</span> <span class='ocrx_word' id='word_1_921' title='bbox 3307 5719 3389 5766; x_wconf 82' lang='grc' dir='ltr'>τις</span> 
     </span>
    </p>
   </div>
  </div>
