3870 6272
63 364 185 415 ’ῖῗτ

62 483 184 534 stis
223 481 491 550 quaedam
541 483 611 536 sit
650 482 939 551 spiritualis
984 499 1047 540 ac
1083 484 1290 549 divina,
1338 504 1455 556 qua:
1497 501 1704 546 mentes

63 584 328 627 nostras
382 589 575 643 magno
632 575 829 631 decore
877 592 940 631 ac
1000 577 1391 646 pulchritudine
1439 581 1609 636 induit
1653 592 1706 656 et

60 676 364 732 exornat,
411 682 531 731 qua:
574 666 900 737 singulorum
930 669 1137 723 vivendi
1181 657 1442 726 rationem
1488 674 1700 740 dirigit,

61 771 204 824 qum
244 770 368 811 non
413 757 612 825 patitur
639 757 742 812 ulla
786 774 842 813 re
868 759 956 812 vili
987 771 1039 814 et
1069 760 1298 816 absurda
1336 773 1568 819 mentem
1609 781 1702 820 oc-

62 849 281 917 cupari
321 865 340 905 :
371 866 490 918 quae
522 850 827 919 persuadet,
857 861 912 905 ut
944 852 1202 918 Dcumac
1226 854 1556 925 dignitatem,
1585 873 1703 928 qua:

63 944 142 996 ab
205 944 316 997 illo
362 943 418 998 in
469 959 568 998 nos
586 944 880 1010 derivatur,
917 961 1238 1003 vereamur:
1271 966 1389 1015 quae
1415 950 1602 1017 docet,
1647 963 1703 1007 ut

63 1048 290 1088 omnes
347 1033 516 1088 hostis
561 1035 792 1105 improbi
841 1038 1137 1106 prmstigias
1179 1038 1508 1108 depellamus
1539 1057 1553 1094 :
1582 1059 1700 1112 qute

66 1135 282 1195 turpes
317 1137 372 1182 et
399 1127 645 1197 indignas
690 1131 1041 1198 cogitationes
1082 1131 1246 1199 abigit
1273 1149 1284 1184 :
1315 1149 1433 1200 qua:
1463 1135 1514 1188 in
1545 1137 1697 1189 volu—

66 1219 255 1289 ptatis
291 1220 644 1292 deSpicientia
670 1220 906 1274 animum
947 1223 1204 1292 cujusque
1236 1225 1528 1279 constituit.
1574 1226 1700 1288 Haec

65 1310 230 1363 enim
281 1324 400 1363 una
441 1309 688 1378 superbia
727 1309 880 1365 decet
928 1326 1044 1378 eos,
1073 1314 1160 1380 qtti
1188 1311 1452 1367 Christum
1484 1315 1694 1383 colunt,

67 1410 130 1455 ut
165 1400 322 1454 nulli
355 1400 669 1469 turpitttdiui
695 1402 950 1465 serviant,
974 1402 1066 1456 sed
1105 1404 1314 1456 animus
1358 1405 1410 1458 in
1452 1405 1697 1464 libertate

68 1491 422 1561 vivendique
451 1493 656 1544 ratione
677 1491 1014 1562 integerrima
1045 1503 1410 1548 conservetur.

149 1582 496 1638 Precationis
525 1584 808 1638 necessitas.
833 1581 1001 1635 David
1026 1600 1116 1638 rex
1140 1593 1186 1638 et
1202 1590 1447 1656 praplteta
1467 1588 1694 1658 precibus

69 1685 348 1730 armatus.
375 1676 532 1730 —Et
577 1676 692 1728 tieri
734 1674 948 1744 quidem
998 1675 1216 1729 omnino
1259 1692 1365 1732 non
1413 1693 1602 1747 posse,
1634 1687 1692 1736 ut

69 1769 198 1822 sine
254 1767 517 1837 precibus
561 1767 666 1820 vita
714 1782 835 1820 cum
864 1765 1058 1820 virtute
1090 1766 1317 1832 dicatur,
1350 1769 1688 1838 pel'SpiCuilm

71 1874 202 1914 esse
240 1857 504 1912 omnibus
542 1857 809 1911 existimo.
839 1857 1047 1911 Etenim
1092 1858 1358 1926 quomodo
1381 1860 1499 1928 quis
1520 1861 1684 1914 virtu-

73 1958 187 2004 tem
221 1949 413 2014 colat,
445 1948 532 2018 qui
581 1963 682 2002 non
728 1947 964 2013 accedat,
996 1963 1161 2017 seque
1209 1947 1420 2018 abjiciat
1466 1952 1687 2020 supplex

71 2039 308 2093 assidue
335 2040 402 2093 ad
430 2054 575 2104 cum,
601 2039 691 2108 qui
737 2053 854 2092 eam
901 2038 1199 2107 suppeditat
1245 2048 1402 2109 atque
1428 2041 1686 2112 largitur?

70 2146 182 2200 qua
228 2131 447 2184 ratione
472 2130 590 2201 quis
619 2137 1002 2199 temperantem
1034 2136 1090 2183 et
1121 2129 1324 2198 justum
1355 2146 1414 2185 se
1442 2147 1560 2187 esse
1587 2149 1684 2187 cu-

75 2224 209 2292 piat,
246 2220 350 2291 qui
381 2237 486 2276 non
533 2220 740 2290 placide
767 2235 887 2273 cum
919 2219 1008 2272 illo
1034 2228 1305 2286 versetur,
1336 2223 1424 2291 qui
1463 2233 1516 2277 et
1547 2223 1682 2292 lnec,

76 2324 130 2369 ct
157 2314 324 2384 plura
357 2313 443 2368 his
470 2328 502 2367 a
531 2313 684 2367 nobis
709 2311 914 2382 exigit?
937 2312 1072 2367 Volo
1100 2320 1276 2366 autem
1307 2315 1487 2383 paucis
1507 2322 1686 2370 osten-

75 2407 233 2471 dere,
271 2421 415 2468 nos,
467 2404 708 2473 quamvis
752 2402 921 2470 culpis
969 2411 1024 2456 et
1069 2403 1361 2458 sceleribus
1399 2416 1684 2473 coopertos

80 2491 331 2565 precatio
361 2494 743 2564 deprehendat,
771 2492 1116 2552 illico,tamen
1160 2493 1384 2562 expiari.
1408 2494 1525 2548 Jam
1556 2512 1684 2552 vero

77 2587 208 2656 quid
242 2587 556 2656 precatione
579 2584 750 2652 majus
779 2583 860 2637 vel
886 2583 1114 2637 divinius
1154 2583 1252 2647 sit,
1274 2585 1486 2654 quando
1509 2586 1682 2641 medi-

80 2679 260 2732 cinam
283 2676 597 2747 quamdam,
627 2674 976 2743 expultricem
1005 2673 1375 2743 aegritudinum
1407 2691 1526 2730 esse
1551 2693 1681 2735 con-

77 2778 184 2822 stat
206 2769 300 2831 iis,
330 2767 425 2837 qui
455 2765 655 2820 morbis
693 2763 857 2819 animi
904 2763 1309 2818 conﬂictantur?
1333 2764 1526 2824 Notum
1560 2779 1640 2825 est
1662 2813 1676 2837 ,

81 2858 353 2912 Ninivitas
379 2857 579 2928 primos
598 2871 626 2908 a
646 2853 890 2925 plurimis
919 2869 1014 2923 per
1030 2853 1390 2923 precationem
1403 2859 1683 2917 delictis‘ct

80 2949 382 3006 sceleribus
399 2948 649 3004 liberatos
667 2945 811 3015 (Jan.
825 2942 1109 3019 5.)Slatitn
1127 2949 1268 3003 enim
1286 2958 1340 3003 ut
1357 2950 1474 3004 illos
1491 2950 1683 3022 depre-

83 3042 223 3101 catio
249 3044 572 3114 occupavit,
595 3043 816 3113 justitia:
863 3042 1146 3112 participes
1175 3041 1369 3108 effecit,
1396 3053 1450 3097 et
1489 3045 1678 3098 civita-

86 3149 271 3204 tntem,
302 3153 426 3208 quae
451 3152 574 3190 cum
623 3135 1050 3204 intemperantia,
1083 3134 1336 3204 nequitia,
1359 3136 1679 3207 vivendique

85 3230 296 3285 ratione
325 3229 524 3284 nefaria
552 3227 748 3298 degere
770 3227 1400 3290 consueverat,celeriter
1419 3229 1673 3293 correxit,

85 3323 248 3375 veteri
270 3320 659 3376 consuetudine
688 3320 806 3388 plus
834 3318 1037 3382 valens,
1066 3319 1365 3372 crelestibus
1406 3319 1675 3373 civitatem

87 3411 290 3481 legibus
342 3411 596 3480 explens,
632 3409 1069 3479 temperantiam,
1109 3409 1522 3478 benignitatem,
1563 3412 1675 3466 cle-

88 3503 344 3557 mentiam
367 3543 383 3564 ,
418 3503 844 3571 procurationem
893 3516 1183 3569 pauperum
1236 3516 1419 3556 secum
1447 3503 1671 3558 ducens.

85 3593 208 3647 Sine
235 3594 325 3648 his
355 3595 500 3648 enim
539 3593 769 3648 animam
814 3593 1047 3647 incolere
1098 3609 1202 3647 non
1238 3605 1442 3662 potest;
1489 3612 1673 3651 verum

87 3686 135 3736 in
187 3700 581 3754 quamcumque
627 3692 862 3738 mentem
919 3685 1314 3754 commigravit,
1362 3687 1509 3740 omni
1553 3704 1670 3742 eam

88 3779 354 3844 probitate
382 3777 652 3844 cumulat,
674 3776 741 3830 ad
788 3777 1036 3830 virtutem
1080 3775 1350 3843 informat,
1385 3781 1671 3849 nequitiam

90 3868 248 3933 pellit.
277 3868 350 3923 Et
384 3882 516 3922 sane
551 3869 596 3922 si
637 3867 756 3937 quis
797 3876 921 3922 tunc
946 3867 1171 3922 Niniven
1202 3869 1472 3937 ingressus
1502 3883 1666 3935 esset,

88 3958 174 4023 qui
207 3958 360 4012 illam
391 3966 548 4013 antea
576 3958 740 4027 probe
770 3968 970 4023 nosset,
1001 3958 1266 4013 civitatem
1294 3959 1533 4027 profecto
1562 3979 1670 4017 non

87 4052 390 4118 agnovisset
420 4069 435 4104 :
467 4051 536 4106 ita
580 4058 802 4120 repente
831 4067 861 4104 a
887 4050 1146 4120 nequiore
1186 4051 1290 4105 vita
1321 4052 1386 4106 ad
1415 4053 1666 4121 pietatem

89 4141 391 4196 transilivit.
419 4141 490 4197 Ut
528 4142 670 4196 enim
703 4141 952 4196 feminam
993 4141 1206 4210 inopem
1233 4157 1296 4195 ac
1329 4157 1620 4210 pannosam
1649 4185 1666 4210 ,

89 4234 256 4288 aureis
296 4241 483 4303 postea
513 4233 842 4288 vestimentis
871 4242 1180 4288 exornatam
1210 4231 1256 4286 si
1285 4235 1406 4302 quis
1442 4248 1668 4303 aspexe-

90 4327 184 4387 rit,
237 4327 604 4382 mulierculam
655 4343 762 4382 nou
822 4333 1119 4395 agnoscat:
1151 4325 1222 4378 ita
1269 4326 1360 4394 qui
1397 4327 1666 4381 civitatem

91 4416 224 4472 illam
255 4430 414 4474 antea
442 4419 663 4474 vidisset
689 4428 933 4489 egentem
959 4432 1025 4472 ac
1050 4418 1416 4491 spiritualibus
1435 4419 1664 4475 destitu-

90 4517 188 4562 tam
241 4511 544 4578 thesauris,
593 4512 890 4580 ignorasset
937 4511 1156 4564 omnino
1189 4549 1202 4574 ,
1234 4525 1478 4579 quaenam
1519 4522 1666 4566 esset

87 4601 286 4668 civitas,
313 4621 472 4676 quam
500 4607 569 4659 ita
601 4605 834 4674 precatio
858 4614 1185 4660 commutare
1209 4613 1264 4659 et
1305 4605 1446 4660 illius
1485 4621 1664 4661 mores

89 4694 396 4768 vivcndiqtte
469 4699 726 4753 rationem
796 4697 864 4752 ad
919 4699 1169 4752 virtutem
1237 4699 1514 4754 traducere
1571 4716 1666 4769 po-

88 4787 287 4842 tuisset.
341 4790 412 4844 Et
463 4805 590 4844 vero
647 4789 838 4844 mulier
879 4789 1146 4858 qumdam,
1196 4804 1316 4858 qua:
1362 4790 1413 4842 in
1470 4791 1660 4844 intem-

90 4883 316 4940 perantia
344 4890 400 4935 et
439 4881 742 4936 meretricio
769 4890 976 4950 quiestu
1016 4895 1228 4934 omnem
1251 4888 1509 4934 anteacta:
1539 4881 1662 4936 vita:

89 4983 296 5024 cursum
353 4969 684 5037 confecerat,
713 4970 868 5025 simul
904 4978 1061 5039 atque
1105 4984 1165 5023 se
1203 4969 1270 5023 ad
1315 4970 1510 5024 Christi
1569 4987 1662 5040 pe-

88 5057 174 5114 des
221 5063 450 5132 abjecit,
490 5064 716 5118 salutem
761 5071 1082 5131 consequuta
1131 5071 1214 5116 est
1243 5060 1262 5134 (
1292 5060 1416 5114 Luc.
1467 5063 1518 5116 7.
1568 5065 1656 5118 57.

87 5165 180 5220 sqq.
201 5153 241 5223 ).
266 5156 424 5224 Atqui
457 5170 562 5209 non
593 5155 754 5210 modo
775 5155 1058 5209 criminum
1105 5153 1287 5222 culpas
1317 5168 1381 5207 ac
1425 5155 1660 5210 maculas

90 5239 244 5310 delet,
269 5246 363 5301 sed
417 5261 607 5315 magna
653 5246 812 5299 etiam
867 5244 1100 5314 pericula
1151 5244 1378 5312 repellit.
1409 5243 1521 5298 Rex
1571 5245 1658 5300 ille

87 5330 232 5390 simul
257 5352 321 5392 ac
348 5345 497 5392 vates
515 5337 844 5392 admirabilis
873 5335 1034 5390 David
1063 5336 1213 5404 plura
1241 5345 1294 5389 et
1310 5339 1488 5405 gravia
1519 5337 1656 5392 bella

91 5429 380 5487 placatione
401 5429 730 5500 proﬂigavit,
759 5429 842 5482 his
890 5428 1008 5482 telis
1051 5427 1326 5481 dumtaxat
1361 5429 1654 5482 exercitum

91 5519 454 5584 prasinuniens,
479 5528 534 5574 et
559 5517 828 5582 efficiens,
862 5526 917 5570 ut
944 5532 1040 5586 per
1059 5517 1290 5585 quietem
1317 5525 1372 5570 et
1396 5518 1657 5571 securita-

92 5612 188 5660 tein
209 5610 287 5664 sui
313 5611 509 5666 milites
535 5610 756 5665 victoria
789 5611 1103 5679 potirentur.
1137 5607 1268 5662 Nam
1309 5608 1395 5661 alii
1441 5608 1652 5676 quidem

92 5709 230 5766 teges
252 5703 301 5758 in
323 5703 517 5760 ducum
545 5702 868 5773 experientia
886 5709 941 5755 ct
963 5709 1098 5761 arte,
1134 5699 1183 5752 itt
1229 5699 1534 5766 sagittariis,
1565 5719 1653 5768 pc-

92 5785 367 5862 ditibus,et
406 5794 670 5868 equitibus
710 5808 858 5862 spem
889 5792 1070 5845 salutis
1104 5789 1366 5846 habebant
1401 5809 1410 5842 :
1440 5800 1493 5844 at
1535 5808 1648 5845 ma-

1401 372 1487 428 ΒΕ
1529 375 1978 433 PRECATIUNE.
2021 379 2062 434 Ι.

3297 399 3398 452 778

1811 508 1947 562 gnus
2001 494 2168 550 David
2208 496 2407 551 sanctis
2460 499 2707 567 precibus
2756 505 3056 561 exercitum
3102 511 3393 578 muniebat,

1811 599 1918 639 non
1966 584 2180 649 ducum,
2209 588 2597 654 centurionum,
2632 591 3001 660 praefectorum
3031 597 3267 668 equitqu
3297 617 3390 656 su-

1809 675 2025 742 percilia
2070 677 2403 744 intuebatur,
2458 695 2566 733 non
2614 685 2865 750 pecunias
2913 688 3232 759 colligebat,
3291 709 3396 748 non

1807 777 1953 818 arma
1983 769 2361 835 comparabat;
2393 769 2485 824 sed
2531 786 2563 825 e
2601 774 2733 827 caelo
2764 774 2939 828 divina
2989 777 3078 832 illa
3122 797 3393 838 armorum

1803 871 2003 926 genera
2049 861 2294 915 universa
2329 861 2576 917 ducebat.
2606 866 2812 922 Cuncta
2853 870 2994 923 enim
3043 887 3102 926 re
3131 889 3254 928 vera
3285 892 3391 929 ca:-

1805 947 2018 1004 lestium
2061 967 2331 1007 armorum
2382 969 2579 1024 genera
2606 957 2799 1016 divinis
2833 963 3078 1030 precibus
3105 969 3390 1024 continen-

1807 1045 1924 1105 tur;
1956 1055 2076 1109 quaa
2107 1041 2185 1097 vel
2215 1043 2344 1100 sola:
2377 1056 2600 1114 possunt
2633 1063 2726 1102 eos
2754 1054 2908 1114 tueri,
2936 1055 3027 1121 qui
3056 1070 3116 1110 se
3148 1057 3258 1112 Deo
3282 1068 3391 1113 tra-

1804 1128 2074 1210 diderunt.
2103 1131 2235 1189 Nam
2286 1135 2523 1204 peditum
2575 1139 2788 1209 quidem
2836 1144 3000 1198 robur
3041 1157 3200 1218 atque
3244 1153 3387 1220 peri-

1805 1221 1928 1274 tiam
1949 1262 1963 1285 ,
1997 1225 2390 1295 sagittariorum
2419 1231 2826 1299 experientiam,
2857 1234 2909 1288 in
2932 1237 3207 1306 prodendo
3235 1241 3388 1298 hoste

1801 1313 2142 1370 Calliditatem
2170 1334 2312 1388 smpc
2338 1320 2422 1374 vel
2451 1321 2660 1376 hostilis
2685 1326 2922 1393 obtutus,
2953 1337 3108 1398 atque
3135 1333 3386 1389 adversa-

1800 1406 2000 1460 riorum
2027 1409 2238 1464 animus
2267 1411 2304 1476 ⁸,
2335 1412 2546 1482 aliaque
2587 1416 2750 1468 multa
2791 1417 3002 1474 inanem
3043 1423 3302 1491 reddunt;
3329 1435 3388 1481 at

1801 1498 2034 1564 precatio
2059 1499 2218 1554 telum
2247 1511 2329 1555 est
2350 1502 2732 1574 insuperabile,
2756 1515 3033 1580 tutumque
3055 1515 3379 1583 praesidium,

1797 1587 1938 1654 quod
1979 1605 2131 1658 teque
2172 1591 2394 1646 militem
2421 1609 2607 1662 unum,
2635 1611 2698 1649 ac
2735 1598 2900 1652 multa
2931 1601 3092 1655 millia
3121 1606 3381 1676 proﬂigat.

1795 1677 1926 1733 Nam
1954 1690 2007 1734 et
2027 1682 2356 1738 admirabilis
2379 1685 2540 1740 David
2563 1686 2839 1745 Goliadem
2864 1692 3032 1756 illum,
3058 1706 3114 1749 ut
3142 1707 3384 1754 metuen-

1794 1769 1918 1823 dum
1943 1773 2225 1840 quemdam
2255 1775 2554 1832 dzemonem
2585 1779 2898 1849 irruentem,
2928 1801 3034 1838 non
3062 1790 3246 1855 armis,
3277 1807 3382 1846 nou

1791 1862 2002 1932 gladiis,
2031 1862 2124 1918 sed
2151 1868 2452 1933 precatione
2476 1868 2671 1938 dejecit
2700 1871 2775 1945 (l.
2801 1872 2929 1944 Reg.
2965 1878 3075 1945 17).
3110 1877 3184 1933 lta
3215 1881 3380 1936 tclunt

1793 1963 1875 2006 est
1914 1956 2232 2010 acerrimum
2278 1969 2332 2012 et
2372 1959 2584 2030 regibus
2633 1963 2685 2016 in
2731 1967 2928 2033 prteliis
2969 1968 3294 2038 deprecatio,
3327 1983 3381 2030 et

1793 2042 1945 2095 nobis
1971 2043 2035 2096 ad
2063 2045 2364 2101 dil'mUlllﬂll
2390 2050 2642 2118 impetum
2661 2055 3098 2124 propulsandum.
3128 2059 3198 2114 ita
3216 2064 3378 2118 etiam

1793 2148 1885 2186 rex
1935 2134 2187 2192 Ezechias
2226 2138 2394 2192 victor
2447 2156 2477 2194 c
2512 2141 2795 2198 Persarum
2831 2146 2974 2201 bello
3024 2149 3270 2206 discessit
3299 2156 3374 2221 (4.

1791 2223 1920 2294 Reg.
1953 2225 2068 2297 19),
2105 2243 2210 2282 non
2255 2230 2370 2285 acie
2428 2231 2715 2301 instructa,
2769 2237 2865 2291 sed
2909 2254 3012 2294 una
3069 2246 3378 2311 precatione

1789 2312 2021 2368 hostium
2051 2317 2222 2386 copiis
2241 2321 2484 2389 opposita
2511 2338 2526 2374 :
2555 2322 2697 2378 idem
2737 2325 2840 2381 hac
2865 2343 2968 2382 una
2995 2332 3202 2388 ratione
3232 2350 3378 2391 inor-

1791 2412 1896 2460 tem
1925 2408 2164 2476 evitavit,
2196 2411 2361 2465 Deum
2387 2429 2621 2484 congrua
2646 2417 2843 2485 pietate
2872 2412 3176 2490 veneratus;
3214 2439 3376 2496 atque

1788 2498 1860 2552 ita
1893 2515 1994 2553 una
2040 2506 2278 2571 precatio
2324 2522 2506 2577 regem
2561 2513 2683 2567 vitae
2731 2516 2960 2571 restituit
2992 2518 3282 2592 (1δαὶ.57).
3308 2525 3376 2579 Ει

1786 2604 1915 2644 sane
1941 2593 2176 2648 animum
2202 2601 2435 2666 peccatis
2461 2601 2790 2672 inquinatum
2826 2606 2977 2663 facile
3006 2612 3252 2678 precibus
3281 2630 3374 2669 ex-

1788 2682 1941 2750 piari,
1976 2685 2124 2741 testis
2175 2698 2259 2742 est
2303 2691 2900 2767 publicanus,vquicum
2931 2714 2960 2751 a
3005 2700 3114 2755 Deo
3159 2707 3370 2760 veniam

1787 2787 2035 2842 precatus
2080 2789 2242 2842 esset,
2273 2781 2378 2834 voti
2417 2797 2639 2859 compos
2671 2785 2915 2842 discessit
2946 2788 3097 2861 (Luc.
3128 2793 3216 2848 18.
3246 2796 3369 2864 15);

1788 2869 1940 2922 testis
1967 2869 2228 2938 lcprosus,
2252 2874 2340 2942 qui
2370 2875 2529 2930 simul
2575 2885 2736 2948 atque
2774 2894 2833 2934 se
2862 2882 2930 2936 ad
2959 2884 3052 2938 Dei
3084 2885 3246 2954 pedes
3271 2891 3371 2944 ab-

1781 2960 1929 3029 jecit,
1965 2963 2104 3017 illico
2126 2975 2339 3019 curatus
2366 2976 2447 3020 est
2477 2967 2496 3028 (
2523 2969 2719 3026 Matth.
2783 2975 2837 3028 8.
2906 2975 2972 3028 2.
3006 2972 3048 3046 ).
3070 2977 3225 3041 Quod
3263 2981 3308 3032 si
3337 2995 3368 3033 a

1784 3067 2010 3122 corpore
2038 3055 2177 3108 Deus
2204 3057 2387 3112 vitiato
2415 3070 2576 3128 atque
2597 3072 2849 3130 corrupto
2891 3065 3137 3118 morbum
3192 3069 3368 3124 celer-

1784 3145 1919 3199 rime
1939 3145 2180 3214 depulit,
2210 3148 2380 3203 multo
2409 3150 2577 3219 magis
2597 3151 2778 3205 animo
2811 3154 2952 3207 vitiis
2982 3157 3178 3212 infecto
3208 3175 3364 3214 cura-

1785 3237 1984 3289 tionctu
2025 3237 2330 3291 humaniter
2366 3239 2642 3293 adhibebit
2673 3257 2688 3294 :
2723 3257 2844 3295 nam
2886 3258 2992 3312 quo
3033 3251 3369 3316 prtestautior

1780 3338 1861 3382 est
1887 3329 2097 3384 animus
2142 3345 2403 3400 corpore,
2446 3347 2512 3385 eo
2559 3335 2726 3403 magis
2762 3350 2858 3403 par
2886 3347 2968 3390 est
3010 3339 3282 3396 ardentius
3336 3360 3364 3396 a

1785 3420 1892 3475 Deo
1923 3423 1973 3474 iu
2005 3422 2098 3476 illo
2124 3424 2357 3477 studium
2387 3424 2657 3478 collocari.
2692 3426 2757 3480 Et
2783 3441 2915 3483 sane
2941 3442 3189 3485 sexcenta
3215 3435 3364 3503 quis-

1781 3514 1920 3581 piam
1949 3529 2069 3569 cum
2098 3526 2277 3569 vetera
2298 3555 2312 3580 ,
2341 3524 2450 3569 tum
2505 3533 2639 3570 nova
2671 3517 2912 3586 proferre
2961 3524 3131 3591 possit
3180 3539 3367 3580 excin-

1779 3608 1884 3674 pla,
1917 3609 1961 3660 si
2013 3609 2206 3677 quibus
2252 3625 2437 3678 preces
2476 3611 2630 3664 saluti
2675 3612 2904 3676 fuerunt,
2935 3630 3254 3672 enumerare
3283 3635 3366 3673 vo-

1779 3700 1937 3754 luerit
1967 3701 2263 3756 universos.
2288 3704 2356 3756 At
2395 3701 2619 3756 fortasse
2638 3703 2898 3773 quispiam
2935 3719 2968 3759 e
3004 3699 3359 3776 segnioribus,

1775 3801 1831 3846 et
1861 3792 1924 3846 iis
1950 3792 2038 3860 qui
2068 3801 2313 3846 accurate
2338 3807 2402 3847 ac
2425 3793 2663 3847 studiose
2692 3795 2893 3862 precari
2936 3796 3108 3849 nolint
3126 3838 3141 3861 ,
3168 3798 3361 3852 dixerit

1776 3881 1867 3935 illa
1899 3883 2061 3937 verba
2094 3883 2257 3937 Deum
2287 3883 2484 3936 idcirco
2508 3898 2627 3937 esse
2648 3885 3046 3954 proloquutum,
3076 3884 3357 3942 videliCt-t:

1778 3975 1899 4030 Non
1935 3975 2097 4029 omnis
2118 4015 2133 4040 ,
2157 3975 2242 4044 qui
2267 3975 2386 4027 dicit
2414 3975 2572 4043 mihi,
2602 3975 2818 4029 Domine
2836 4018 2851 4044 ,
2879 3975 3125 4043 Domine,
3152 3979 3360 4032 intrabit

1775 4068 1828 4120 in
1856 4084 2062 4138 regnum
2105 4067 2365 4129 rariorum,
2396 4066 2486 4120 sed
2513 4068 2599 4136 qui
2635 4070 2810 4139 fecerit
2849 4067 3153 4122 voluntatem
3184 4068 3359 4124 Patris

1775 4161 1891 4226 mei,
1919 4161 2004 4230 qui
2023 4169 2094 4213 est
2113 4161 2166 4212 in
2195 4161 2331 4212 ca'lis
2356 4158 2566 4231 (Matth.
2589 4161 2640 4212 7.
2668 4159 2760 4231 21)
2794 4179 2808 4212 ;
2835 4175 2935 4229 ego
2959 4176 3088 4214 vero
3113 4161 3160 4215 si
3184 4163 3354 4216 solam

1773 4255 2134 4325 precationem
2159 4253 2223 4305 ad
2253 4265 2490 4306 noswatn
2521 4253 2744 4306 salutem
2771 4253 2902 4307 satis
2929 4268 3050 4307 esse
3074 4263 3316 4322 putarem
3335 4295 3354 4319 ,

1772 4347 1962 4400 merito
1989 4345 2104 4399 hmc
2129 4344 2285 4415 objiei
2315 4345 2548 4399 dicerem
2585 4363 2599 4398 :
2645 4347 2894 4415 quoniam
2931 4361 3060 4401 vero
3089 4346 3353 4400 bonorum
3384 4417 3386 4420 ν

1771 4437 2008 4491 omnium
2039 4446 2198 4506 caput
2223 4436 2582 4505 precationem
2609 4452 2728 4491 esse
2762 4437 3043 4504 conﬁrmo,
3075 4449 3234 4509 atque
3263 4455 3352 4493 ra-

1772 4529 1931 4582 tionis
1962 4528 2187 4583 honeste
2221 4528 2660 4598 laudabiliterquc
2703 4529 2912 4584 vivendi
2951 4527 3351 4585 fundamentum

1767 4630 1926 4689 atque
1970 4619 2238 4686 radicem,
2271 4634 2426 4674 nemo
2464 4620 2530 4673 ad
2568 4621 2961 4674 excusationem
2999 4620 3205 4674 inertiae
3250 4621 3353 4674 illis

1770 4713 1946 4766 verbis
1963 4713 2228 4767 abutatur.
2246 4712 2426 4782 Neque
2455 4714 2594 4766 enim
2627 4727 2782 4766 unam
2808 4712 3207 4780 temperantiam
3234 4715 3350 4768 sine

1768 4806 1888 4859 aliis
1919 4805 2094 4873 bonis,
2127 4822 2231 4860 non
2260 4821 2417 4860 unam
2452 4820 2739 4874 pauperqu
2783 4805 3205 4874 providentiam,
3243 4823 3347 4860 non

1767 4897 2164 4968 benignitatem,
2193 4913 2299 4950 non
2342 4896 2484 4949 aliud
2530 4896 2800 4966 quidpiam
2838 4912 2905 4952 ex
2949 4897 3015 4952 iis
3061 4914 3182 4968 quin
3223 4909 3350 4954 sunt

1765 5007 1886 5046 cum
1923 4994 2200 5045 honestate
2227 4989 2545 5057 conjuncta;
2573 4990 2665 5044 sed
2696 4990 2873 5044 omnia
2921 5004 3026 5044 uno
3054 4991 3349 5061 eodemque

1765 5099 2026 5138 concursu
2055 5083 2340 5153 oportetin
2367 5082 2576 5136 animos
2615 5092 2828 5137 nostros
2857 5081 3078 5137 influere
3108 5098 3122 5134 :
3161 5096 3344 5136 verum

1768 5177 1998 5246 precatio
2017 5186 2283 5244 tamquam
2310 5173 2459 5228 radix
2481 5173 2759 5243 subjicitur
2777 5183 2832 5227 et
2852 5172 3349 5225 fundamentum.Et

1765 5267 2211 5337 quemadmodum
2245 5267 2510 5335 navigium
2546 5281 2608 5318 ac
2631 5265 2823 5318 domus
2857 5262 3198 5316 inferioribus
3228 5279 3347 5331 par-

1765 5362 1903 5415 tibus
1951 5359 2194 5413 firmatur
2231 5369 2285 5413 et
2327 5356 2664 5412 constatzita
2692 5355 2938 5423 precibus
2982 5354 3104 5406 vitte
3148 5363 3345 5407 nostrai

1763 5451 1898 5506 ratio
1927 5450 2250 5515 continetur,
2283 5449 2400 5503 sine
2425 5448 2616 5516 quibus
2639 5445 2768 5497 nihil
2800 5445 2952 5498 nobis
2981 5444 3100 5496 boni
3129 5444 3341 5496 contin-

1760 5551 1870 5613 gat,
1908 5541 2036 5594 nihil
2077 5541 2328 5594 salutare.
2360 5540 2644 5606 PrOpterea
2695 5551 2791 5589 nos
2824 5535 3020 5589 Paulus
3067 5545 3214 5604 urget
3261 5533 3340 5588 bis

1760 5635 1940 5690 verbis
1972 5650 1984 5686 :
2022 5632 2255 5686 Orationi
2285 5632 2482 5696 instate,
2506 5628 2766 5700 vigilantes
2792 5629 2842 5682 in
2871 5645 2949 5694 ea,
2981 5628 3033 5681 in
3059 5628 3336 5699 gratiaru-n

1819 5799 1840 5828 ’ί
1878 5793 2028 5853 (om,
2043 5793 2083 5853 ft
2093 5789 2263 5842 licitas.
