3870 6272
461 376 570 431 779

463 495 662 547 actione
705 489 921 559 (Coless.
975 485 1028 540 ι.
1073 482 1164 550 2);
1195 490 1248 536 et
1289 479 1411 534 alibi
1444 496 1457 532 :
1505 475 1630 531 Sine
1671 470 2042 527 intermissione

462 592 604 635 orate
627 623 639 643 ,
691 578 857 645 inqttit
877 618 889 636 .
921 577 975 628 in
1015 573 1245 628 omnibus
1274 570 1464 641 gratias
1492 568 1656 638 agite,
1694 568 1787 619 hoc
1812 565 1945 618 enim
1971 569 2041 615 est

464 673 693 725 voluntas
739 667 830 719 Dei
860 667 936 731 (l.
973 663 1150 718 Thess.
1173 662 1226 715 5.
1261 659 1450 728 t7.l8)
1475 675 1490 722 ;
1519 667 1574 712 et
1623 656 1751 710 alibi
1808 669 1992 710 rursus
2022 670 2037 708 :

467 759 620 812 Orate
641 756 776 809 omni
807 766 1028 823 tempore
1051 752 1104 804 in
1142 751 1343 821 spiritu,
1367 758 1411 800 et
1442 749 1493 799 in
1527 747 1639 814 ipso
1683 744 1944 816 vigilantes
1985 743 2041 795 in

467 849 604 902 omni
648 846 932 908 instantia,
983 853 1027 897 et
1070 843 1409 896 obsecratione
1439 837 1652 910 (Ephes.
1683 839 1737 893 6.
1788 835 1898 906 18).
1951 836 2041 891 Sic

465 939 705 1008 plurimis
751 935 1057 1002 dixinisque
1095 932 1313 986 vocibus
1352 930 1416 982 ad
1461 942 1643 998 preces
1685 942 1782 982 nos
1829 941 2042 995 semper

464 1031 570 1084 dux
610 1027 974 1097 apostolorum
1021 1027 1350 1079 cohortatur.
1393 1022 1568 1089 Quare
1621 1021 1810 1086 nobis,
1836 1019 1926 1089 qui
1973 1018 2040 1074 ab

461 1122 553 1176 illo
583 1120 927 1182 instituimur,
959 1117 1063 1170 vita
1091 1126 1172 1170 est
1211 1116 1262 1170 in
1293 1114 1537 1184 precibus
1565 1111 1884 1166 traducenda
1903 1151 1920 1176 ,
1949 1110 2044 1164 iis-

457 1228 563 1281 que
621 1225 773 1264 meus
819 1218 1078 1279 perpetuo
1131 1206 1394 1276 irriganda
1427 1223 1440 1257 :
1469 1221 1575 1259 non
1632 1205 1773 1259 enim
1823 1204 2038 1267 minus,

457 1317 618 1370 qttam
662 1302 882 1355 arbores
917 1300 1099 1368 aquis,
1141 1297 1248 1351 illis
1285 1312 1382 1350 nos
1429 1297 1728 1364 indigemus
1783 1295 2037 1348 universi.

459 1395 591 1449 Nam
620 1407 791 1462 neque
821 1370 923 1444 illic
950 1399 1174 1459 possunt
1209 1403 1329 1443 esse
1356 1387 1640 1441 fructuosa:
1660 1427 1674 1447 ,
1706 1386 1803 1438 nisi
1851 1385 2040 1438 Immo-

459 1499 572 1536 rem
597 1482 863 1536 radicibus
884 1480 1134 1543 ebibant;
1165 1494 1337 1547 neque
1367 1493 1462 1530 nos
1490 1477 1900 1546 pretiosissimas
1931 1476 2042 1544 pie-

460 1578 584 1630 tatis
617 1576 794 1642 fruges
828 1573 1066 1636 fundere,
1099 1572 1198 1625 nisi
1229 1570 1474 1641 precibus
1509 1571 1806 1638 irrigemur.
1839 1568 2042 1636 Quams

459 1667 642 1719 nbrcm
685 1673 739 1718 et
797 1679 916 1718 cum
952 1662 1148 1717 lectulo
1175 1663 1462 1731 surgimus,
1490 1668 1824 1713 antevertere
1874 1660 2039 1712 solem

459 1765 671 1824 Oportet
724 1756 816 1809 Dei
843 1755 1022 1817 cultu,
1053 1763 1109 1809 et
1168 1768 1288 1807 cum
1335 1768 1533 1807 mensa:
1578 1749 1961 1817 accumbimus,
1990 1760 2042 1804 et

458 1863 580 1902 cum
607 1848 780 1901 somni
807 1861 964 1900 causa
988 1846 1244 1899 cubamus
1278 1863 1290 1898 :
1323 1847 1429 1897 imo
1473 1860 1599 1898 vero
1641 1845 1861 1913 singulis
1895 1845 2040 1898 boris

464 1939 698 2007 precatio
725 1947 807 1992 est
831 1937 894 1990 ad
921 1937 1083 1990 Deum
1107 1935 1429 1999 adhibenda,
1454 1946 1506 1990 et
1535 1936 1585 1989 in
1627 1951 1686 1989 ea
1716 1935 1819 1989 diei
1845 1948 2041 1989 cursus

457 2028 856 2093 conficiendus;
888 2029 1110 2086 hiberno
1145 2043 1272 2082 vero
1298 2037 1538 2096 tempore
1562 2027 1838 2096 plurimam
1871 2027 2042 2081 noctis

457 2130 659 2190 partem
709 2122 760 2175 in
803 2123 1051 2192 precibus
1099 2121 1464 2184 traducamus,
1497 2132 1549 2174 et
1600 2135 1792 2188 magno
1820 2135 1940 2174 cum
1973 2121 2040 2174 ti-

463 2227 610 2266 more
640 2227 811 2282 genua
843 2213 1139 2276 flectentes,
1171 2212 1460 2281 precatibui
1491 2227 1706 2280 operam
1736 2212 1954 2276 demus,
1979 2227 2041 2265 ac

461 2303 787 2360 beatitudine
816 2320 913 2360 nos
935 2306 1032 2375 ipsi
1063 2305 1252 2373 dignos
1284 2305 1446 2358 Deum
1471 2303 1697 2358 colendo
1727 2304 2036 2358 reddamus.

1171 367 1229 422 S.
1263 361 1538 422 JOANNIS
1575 356 1950 415 CHRYSOST.
1995 353 2314 409 AltCllli'Li’.
2345 349 2878 408 CONSTANTINOP.

3651 353 3762 404 733

2153 469 2263 536 Age
2285 473 2416 521 vero
2450 480 2556 536 quo
2592 464 2752 520 modo
2777 465 2942 520 solem
2991 465 3236 535 aspicies,
3269 483 3374 522 non
3417 467 3590 524 illum
3643 487 3774 528 ante

2149 568 2467 621 veneratus,
2499 557 2587 627 qui
2640 559 2808 612 oculis
2839 559 2941 611 tuis
2988 558 3158 613 lucem
3197 561 3326 614 solis
3366 560 3774 618 dulcissimam

2153 649 2398 720 profert?
2423 664 2650 719 quanam
2681 649 2885 704 ratione
2911 664 3092 704 mensa
3120 651 3318 719 perfrui
3347 652 3625 718 audebis,
3665 671 3772 708 non

2151 750 2275 796 ante
2301 750 2590 796 veneratus
2613 749 2880 793 tantorum
2911 741 3168 794 bonorum
3209 741 3411 796 fontem
3458 752 3521 798 et.
3576 757 3777 800 ancte—

2149 848 2262 886 rem
2286 833 2310 886 ?
2334 848 2437 902 qua
2464 848 2559 901 spe
2585 831 2652 886 ad
2686 841 2922 902 tempora
2971 843 3228 887 nocturna
3261 837 3565 904 pervenies
3594 837 3622 890 2
3651 855 3774 907 qua

2149 926 2243 979 tibi
2272 926 2382 978 visa
2412 923 2703 979 secundum
2747 925 2982 993 quietem
3014 925 3280 994 objectum
3310 928 3374 981 iri
3405 929 3733 997 suspicaris
3756 974 3771 992 ,

2151 1019 2193 1070 si
2227 1018 2385 1071 nullis
2411 1017 2658 1085 precibus
2687 1018 3054 1085 prmmunitus.
3089 1019 3234 1072 nullo
3262 1019 3528 1088 prmsidio
3575 1033 3770 1090 septas
3841 1003 3843 1008 ‘

2149 1107 2314 1176 quieti
2347 1115 2398 1160 te
2422 1107 2633 1160 tradas?
2660 1105 2936 1163 Facillime
2963 1118 3014 1163 te
3041 1109 3423 1178 improbissimi
3458 1111 3763 1167 daemones

2149 1207 2492 1252 contemnent
2517 1210 2570 1252 et
2596 1198 2961 1267 implicabuttt,
2983 1200 3074 1268 qui
3106 1200 3361 1255 oberrant
3385 1202 3654 1266 assidue,
3680 1209 3766 1273 qui

2149 1289 2488 1343 occasionem
2521 1297 2758 1357 captant,
2785 1288 3132 1343 observantes
3155 1331 3169 1353 ,
3197 1299 3255 1344 ut
3281 1291 3326 1345 si
3354 1307 3524 1361 quem
3569 1309 3765 1362 prcca-

2154 1380 2299 1434 tione
2327 1379 2635 1433 deStitutum
2680 1378 3166 1447 deprehenderint,
3204 1381 3318 1434 sine
3366 1398 3526 1437 mora
3589 1390 3764 1439 corri-

2148 1472 2316 1540 piant.
2357 1470 2554 1537 Quare,
2585 1470 2844 1539 siquidcm
2871 1479 3051 1539 septos
3080 1487 3176 1526 nos
3203 1475 3451 1540 precibus
3487 1477 3760 1540 viderint,

2149 1562 2401 1614 continuo
2443 1573 2718 1629 tamquam
2759 1559 2904 1615 fures
2949 1576 3012 1615 ac
3054 1563 3262 1616 scelesti
3320 1563 3584 1619 resiliunt
3610 1609 3627 1631 ,
3671 1571 3758 1634 qui

2148 1655 2380 1724 gladium
2424 1654 2608 1707 militis
2651 1655 2809 1724 capiti
2854 1669 3144 1722 appensum
3198 1667 3450 1710 cernunt.
3489 1659 3661 1724 Quod
3717 1663 3758 1713 si

2149 1748 2431 1817 contigerit
2462 1756 2515 1800 ιιι
2545 1747 2736 1814 aliquis
2771 1747 2897 1800 sita
2933 1748 3178 1815 precibus
3223 1749 3421 1814 nudus,
3459 1750 3504 1803 is
3553 1768 3589 1803 ει
3643 1753 3756 1804 da:-

2151 1840 2396 1893 monibns
2432 1839 2710 1908 abripitur,
2742 1848 2794 1892 et
2835 1839 2884 1891 in
2938 1839 3165 1905 scelera,
3193 1842 3374 1903 exitia,
3405 1844 3757 1899 calamitates

2154 1931 2468 2000 impellitur.
2498 1930 2620 1983 ":l‘c
2651 1929 2810 1998 igitur
2830 1940 3131 1984 metuentes
3160 1933 3407 2001 precibus
3450 1945 3628 2004 atque
3655 1936 3757 2006 hy-

2149 2028 2289 2080 tnnis
2321 2037 2420 2077 nos
2444 2023 2590 2090 ipsos
2617 2031 2858 2096 tueantur
2883 2031 2936 2074 et
2967 2023 3267 2080 muniamus
3293 2039 3532 2095 oportet,
3575 2039 3637 2082 ut
3662 2044 3753 2083 sua

2151 2133 2248 2173 nos
2281 2119 2421 2173 Deus
2451 2119 2814 2174 misericordia
2835 2161 2849 2183 ,
2879 2127 2934 2173 et
2980 2120 3230 2173 cailornm
3281 2135 3449 2189 regno
3492 2119 3757 2190 dignetur

2150 2225 2248 2280 per
2299 2211 2636 2282 Unigenitum
2682 2226 2856 2278 suum,
2900 2210 2984 2264 cui
3036 2210 3202 2280 gloria
3250 2219 3304 2265 et
3351 2212 3650 2280 imperium
3706 2214 3754 2265 iu

2149 2305 2343 2359 Saecula
2373 2305 2709 2360 smculorum.
2738 2307 2932 2359 Amen.

3301 2449 3750 2474 ﬁ

1605 2547 1765 2628 DE
1818 2543 2572 2628 PRECATIONE.

1097 2829 1286 2870 οιιΑτιο
1313 2830 1368 2868 ΙΙ.

540 2907 638 2970 Qui
665 2915 792 2971 orat,
821 2923 934 2960 cum
967 2905 1074 2960 Dco
1101 2907 1421 2978 colloquitur.
1440 2937 1511 2947 —
1533 2907 1894 2963 Precationem
1926 2922 2047 2962 esse

471 2999 703 3052 nuntium
730 2999 986 3051 bonorum
1014 3007 1172 3068 caput
1195 3011 1248 3052 et
1277 2998 1493 3060 fontem,
1519 3013 1583 3052 ac
1613 2997 1799 3052 salutis
1820 2997 2045 3066 vitaeque

475 3099 683 3144 adernte
708 3087 1123 3141 conciliatrieem
1166 3088 1372 3158 ignorat
1407 3104 1596 3152 nemo;
1627 3088 1695 3142 de
1723 3103 1785 3142 ea
1827 3097 2040 3151 tamen,

469 3195 586 3248 qua:
627 3187 805 3233 nostra
837 3178 971 3233 feret
997 3179 1218 3232 facultas
1237 3220 1250 3243 ,
1276 3179 1498 3233 dicenda
1529 3187 1672 3243 sunt,
1708 3189 1761 3233 ut
1789 3190 1842 3234 et
1872 3179 1931 3243 ii,
1959 3177 2047 3246 qui

469 3273 520 3322 in
550 3269 794 3337 precibus
813 3277 867 3323 et
891 3269 940 3322 in
975 3269 1064 3323 Dei
1091 3270 1234 3322 cultu
1257 3269 1418 3322 vitam
1439 3268 1721 3338 diligenter
1741 3283 1896 3338 agere
1921 3284 2050 3322 con-

473 3371 779 3424 sueverunt,
801 3361 1148 3415 Studiosiores
1165 3360 1474 3424 reddantur,
1507 3371 1560 3415 et
1589 3360 1678 3430 qui
1708 3363 1866 3414 vitam
1907 3361 2051 3430 abjc-

465 3453 631 3503 ctiore
643 3451 819 3503 animo
836 3466 863 3501 a
883 3451 1233 3521 precibusque
1254 3461 1461 3506 remoto
1479 3453 2060 3519 traduxerunt,praater-

470 3543 524 3594 tti
551 3542 802 3611 temporis
825 3542 1086 3612 iacturam
1110 3553 1418 3612 agnoscant,
1445 3545 1776 3612 salutemque
1797 3559 1945 3598 suam
1963 3559 2052 3598 re-

470 3634 614 3702 liquo
648 3634 768 3687 vita:
805 3643 1044 3700 tempore
1069 3634 1286 3688 minime
1311 3634 1576 3689 desertam
1613 3649 1732 3689 esse
1765 3635 2048 3703 patiamur.

471 3725 736 3794 Principio
765 3724 924 3794 igitur
950 3725 1074 3779 illud
1102 3725 1156 3780 in
1185 3726 1371 3795 primis
1401 3724 1468 3780 de
1497 3727 1802 3795 precatione
1829 3725 1932 3781 dici
1963 3741 2054 3796 p0-

471 3826 591 3882 test,
620 3831 762 3878 eum,
789 3817 876 3885 qui
918 3826 1178 3885 precatur,
1209 3832 1328 3870 cum
1370 3817 1480 3871 Deo
1508 3817 1756 3887 colloqui.
1788 3817 2081 3886 Quantum-

473 3922 599 3960 vero
639 3909 740 3971 sit,
791 3907 1063 3962 hominem
1111 3910 1162 3962 in
1190 3907 1427 3963 divinum
1472 3910 1789 3977 colloquium
1835 3909 2050 3974 venire,

477 4011 634 4050 nemo
683 4006 764 4050 est
811 3998 901 4066 qui
945 3999 1177 4063 nesciat;
1235 3999 1310 4052 rei
1359 4014 1488 4053 vero
1532 3998 1840 4069 dignitatem
1897 4014 2054 4053 nemo

472 4089 647 4142 verbis
686 4098 1020 4159 assequatttr.
1063 4092 1271 4145 Etenim
1319 4091 1622 4160 ltujusmodi
1677 4092 1848 4146 honor
1893 4093 2086 4146 etiam.

472 4181 778 4249 angelorum
812 4181 1214 4250 amplitudinem
1245 4181 1400 4238 facile
1426 4193 1639 4251 superat
1670 4201 1682 4236 :
1713 4183 1762 4236 id
1793 4183 1932 4252 quod
1977 4182 2051 4237 illi

471 4286 592 4326 cum
623 4272 788 4342 probe
829 4273 1147 4340 intelligant,
1185 4290 1377 4329 omnes
1422 4274 1532 4330 fere
1555 4276 1693 4345 apud
1731 4276 2051 4346 prophetas,

472 4378 591 4416 cum
619 4363 803 4417 laudes
828 4373 882 4417 et
910 4365 1110 4416 cultum
1147 4364 1372 4418 Domino
1397 4365 1652 4431 afferunt,
1699 4382 1907 4420 summo
1931 4382 2052 4421 cer-

474 4437 672 4506 nuntur
699 4457 892 4507 timore
911 4460 1166 4523 correpti,
1191 4454 1315 4508 dum
1347 4472 1439 4509 ora
1471 4455 1741 4525 pedesque
1763 4473 1870 4526 prae
1896 4472 2056 4512 vene-

477 4545 681 4597 ratione
708 4554 908 4612 tcgunt,
927 4544 1052 4598 dum
1081 4546 1256 4599 volatu
1281 4556 1531 4615 motuque
1554 4547 1768 4601 assiduo
1789 4563 2055 4603 summum

477 4646 676 4690 metum
723 4653 832 4706 pra:
862 4653 922 4692 sc
971 4640 1187 4692 ferunt:
1217 4639 1505 4708 quinetiam
1547 4657 1676 4707 nos,
1730 4652 1786 4696 ut
1829 4645 2053 4712 opinor,

478 4735 715 4790 tnonenl,
747 4736 802 4780 ut
841 4729 1089 4797 precandi
1120 4741 1357 4798 tempore
1400 4729 1642 4785 humana:
1685 4742 1885 4786 natura:
1915 4735 2054 4788 obli-

478 4818 763 4892 viscamur,
786 4829 945 4888 atque
965 4822 1309 4877 veneratione
1333 4837 1398 4877 ac
1425 4822 1614 4877 timore
1643 4825 1892 4892 perculsi,
1926 4825 2056 4880 nihil

478 4919 604 4964 ante
627 4909 808 4963 oculos
835 4911 1063 4979 positum
1099 4914 1437 4982 aspiciamus,
1469 4915 1561 4970 sed
1597 4919 1646 4970 in
1693 4917 1866 4970 tnedio
1897 4933 2059 4987 ange-

481 4999 654 5052 lorum
685 4998 850 5052 cboro
876 5015 973 5052 nos
1006 5015 1145 5066 esse,
1174 5012 1227 5056 et
1264 5005 1508 5058 eumdem
1541 5021 1697 5074 quem
1741 5007 1813 5060 illi
1858 5009 2056 5062 cultum

482 5088 594 5143 Deo
613 5103 709 5142 nos
728 5089 1034 5159 persolvere
1053 5091 1390 5147 arbitremur.
1417 5095 1623 5149 Etenim
1643 5107 1833 5152 ett-tera
1856 5101 2056 5166 omnia,

481 5183 690 5238 illorum
721 5184 934 5254 inquam
965 5194 1020 5238 et
1041 5196 1240 5252 nostra,
1274 5197 1325 5240 et
1355 5198 1561 5252 natura,
1592 5201 1643 5243 et
1666 5192 1871 5246 vivendi
1901 5195 2054 5259 ratio,

481 5285 538 5331 et
580 5275 870 5346 sapientia,
925 5286 982 5332 et
1025 5277 1409 5347 intelligentia,
1465 5290 1519 5335 et
1565 5283 1820 5352 quidquid
1864 5285 2060 5339 dixerit

481 5369 766 5438 qniSpiatn,
809 5369 969 5439 longo
1011 5370 1291 5427 intervallo
1335 5373 1473 5428 inter
1515 5389 1573 5428 se
1611 5376 1844 5440 distant;
1875 5393 2060 5448 preca-

482 5460 646 5514 tionis
680 5470 854 5514 autetn
895 5460 1128 5516 officium
1168 5471 1252 5517 est
1293 5463 1596 5528 hominibus
1628 5482 1913 5522 commune
1937 5485 2058 5524 cutn

484 5551 706 5618 angelis,
735 5565 908 5618 neque
936 5561 1021 5605 est
1066 5552 1262 5622 aliquid
1283 5594 1296 5616 ,
1325 5555 1465 5622 quod
1502 5557 1568 5608 sit
1605 5556 1976 5612 intermedium
2008 5560 2060 5615 in

487 5639 574 5701 iis,
606 5657 720 5706 qua:
766 5641 831 5694 ad
875 5644 1191 5710 precandum
1237 5647 1519 5712 pertinent.
1559 5648 1665 5702 llac
1705 5652 2002 5720 segregaris
2031 5668 2060 5706 a

487 5729 799 5797 peetulibus,
828 5731 936 5786 haec
967 5742 1016 5788 te
1040 5734 1239 5803 angelis
1262 5735 1451 5803 jungit,
1486 5738 1580 5789 hac
1613 5739 1758 5795 brevi
1788 5757 1913 5795 sane
1947 5743 2060 5796 illo-

2155 2830 2272 2868 rum
2295 2817 2599 2884 reipublicae
2617 2860 2633 2885 ,
2664 2819 2874 2874 illorum
2901 2821 3022 2877 vitae
3047 2824 3365 2897 vivendique
3391 2832 3593 2887 rationi
3617 2877 3630 2898 ,
3661 2838 3746 2890 di-

2153 2906 2360 2974 gnitati,
2383 2907 2667 2976 nobilitati,
2689 2911 2982 2980 sapientia},
3013 2915 3374 2987 intelligentiae
3407 2923 3740 2995 adjungetur

2153 2998 2244 3066 qtti
2264 3013 2476 3054 omnem
2503 3001 2603 3055 sibi
2627 3003 2787 3058 vitam
2813 3004 2866 3058 in
2887 3008 3134 3075 precibus
3160 3025 3223 3064 ac
3247 3013 3337 3066 Dei
3360 3017 3504 3069 cultu
3530 3033 3743 3087 ponen-

2153 3089 2277 3144 dum
2343 3093 2566 3163 putabit.
2594 3094 2729 3162 Quid
2779 3097 2921 3152 enim
2961 3102 3194 3156 sanctius
3244 3104 3307 3159 iis
3357 3106 3446 3172 sit,
3506 3111 3602 3174 qui
3651 3112 3744 3166 Dei

2154 3185 2538 3240 consuetudine
2581 3185 2959 3256 perfruuntur?
3016 3193 3145 3263 quid
3183 3195 3409 3263 justius,
3469 3204 3740 3269 ornatius,

2155 3274 2480 3345 Sapientius?
2528 3277 2659 3333 Nam
2705 3280 2748 3334 si
2791 3280 2862 3346 ii,
2927 3284 3014 3352 qui
3058 3287 3385 3356 sapientibus
3433 3290 3743 3349 hominibus

2155 3363 2489 3422 familiariter
2531 3379 2750 3426 utuntur
2773 3413 2788 3437 ,
2829 3389 2895 3428 ex
2924 3377 3134 3432 assidua
3172 3383 3563 3440 consuetudine
3624 3387 3740 3440 illo-

2157 3471 2273 3510 rum
2315 3461 2608 3527 prudentiaa
2639 3465 2918 3534 participes
2960 3469 3205 3525 celeriter
3230 3473 3389 3539 fiunt,
3421 3477 3550 3545 quid
3584 3479 3651 3533 de
3679 3482 3742 3535 iis

2156 3546 2438 3603 dicendum
2489 3563 2613 3617 est,
2660 3556 2748 3624 qui
2793 3572 2912 3610 cum
2943 3558 3050 3614 Deo
3089 3561 3202 3630 ipso
3240 3564 3643 3634 colloquuntur,
3688 3584 3741 3626 et

2159 3639 2328 3710 ipsum
2371 3647 2690 3712 precantur?
2733 3660 2927 3718 quanta
2975 3654 3255 3722 sapientia,
3283 3670 3478 3725 quanta
3509 3662 3737 3731 virtute,

2161 3733 2460 3801 prodeuntia,
2494 3739 2774 3805 probitate,
2803 3743 3168 3800 moderatione
3197 3749 3367 3817 replet
3395 3751 3540 3820 ipsos
3568 3757 3738 3810 oratio

2157 3833 2211 3878 et
2235 3825 2572 3882 obsecratio?
2601 3829 2780 3902 Itaque
2802 3850 2905 3889 non
2947 3850 3074 3891 sane
3115 3838 3159 3891 is
3187 3839 3418 3908 aberret,
3443 3844 3530 3913 qui
3563 3850 3738 3902 omnis

2159 3916 2706 3991 virtutis'jnstitia‘que
2727 3934 2946 3980 matrem
2969 3942 3088 3982 esse
3106 3934 3462 3998 precationem
3485 3935 3734 4001 affirmet,

2159 4021 2331 4075 neque
2375 4025 2533 4078 posse
2560 4027 2746 4068 eorum
2795 4015 2991 4086 aliquid
3013 4060 3028 4084 ,
3055 4034 3173 4089 qua:
3198 4021 3266 4076 ad
3318 4024 3568 4092 pietatem
3613 4044 3739 4083 con-

2158 4097 2378 4159 ducunt,
2407 4105 2712 4170 precatione
2745 4115 2800 4159 et
2843 4107 3213 4166 obsecratione
3256 4114 3454 4169 nudum
3503 4119 3734 4173 animum

2159 4200 2476 4258 penetrare;
2526 4209 2708 4248 verum
2751 4204 2808 4249 ut
2845 4198 2973 4253 urbs
3017 4201 3282 4257 mmnibus
3324 4205 3542 4262 minime
3589 4223 3732 4278 septa

2161 4280 2311 4335 facile
2339 4281 2390 4336 in
2421 4284 2649 4337 hostium
2677 4296 2990 4354 potestatem
3033 4294 3268 4358 venerit,
3297 4295 3436 4364 quod
3482 4299 3549 4350 ita
3581 4315 3732 4356 nemo

2160 4371 2280 4425 illos
2322 4376 2629 4442 propulsare
2673 4378 2837 4445 possit
2879 4380 3000 4434 :sic
3031 4385 3332 4451 precatione
3369 4388 3602 4442 animum
3629 4407 3729 4446 non

2159 4465 2542 4519 communitum
2575 4465 2725 4523 facile
2750 4469 2992 4525 diabolus
3021 4473 3073 4526 in
3105 4489 3255 4528 suam
3283 4477 3470 4547 redigit
3500 4491 3728 4547 potesta-

2162 4561 2292 4617 tem,
2327 4553 2585 4624 facileque
2615 4561 2942 4616 contaminat
2967 4565 3205 4620 omnium
3236 4569 3559 4636 turpitudine
3588 4572 3730 4640 ﬂagi-

2163 4645 2374 4698 tiorum.
2406 4646 2640 4702 Primum
2664 4653 2805 4704 enim
2845 4669 2966 4706 cum
2994 4655 3224 4710 animam
3264 4660 3509 4726 precibus
3545 4665 3729 4720 viderit

2161 4737 2589 4809 eireumseplam,
2633 4744 2832 4797 veritus
2878 4744 3042 4799 robur
3079 4761 3142 4800 ac
3173 4749 3312 4812 vim,
3344 4765 3500 4818 quam
3546 4769 3728 4823 preces

2165 4827 2240 4880 illi
2292 4831 2664 4899 suppeditant,
2705 4850 2823 4902 qua:
2852 4837 3085 4890 animum
3136 4841 3301 4909 magis
3343 4841 3522 4907 alunt,
3573 4861 3724 4914 quam

2161 4921 2312 4976 cibus
2342 4937 2588 4991 corpora,
2619 4927 2837 4995 propius
2863 4942 2966 4981 non
2997 4929 3154 4983 audet
3184 4933 3440 4986 accedere
3471 4950 3485 4985 :
3510 4934 3721 5001 deinde,

2162 5013 2250 5080 qui
2283 5014 2426 5067 omni
2449 5016 2607 5069 animi
2630 5031 2756 5070 cura
2785 5033 2971 5085 preces
3003 5021 3290 5087 adhibent,
3323 5041 3426 5078 non
3465 5029 3725 5097 patiuntur

2162 5106 2358 5174 aliquid
2401 5111 2705 5175 precatione
2752 5111 3022 5181 indignum
3077 5115 3128 5167 in
3180 5129 3239 5170 se
3283 5116 3591 5186 admittere,
3634 5124 3721 5177 scd

2163 5194 2328 5249 Deum
2362 5199 2536 5262 veriti,
2577 5200 2790 5266 quicum
2834 5202 2995 5256 modo
3040 5203 3330 5275 colloqnuti
3367 5220 3510 5272 sunt,
3546 5225 3723 5267 clunes

2163 5296 2384 5354 repente
2409 5289 2633 5358 improbi
2655 5290 2821 5346 hostis
2835 5302 3056 5348 conatus
3075 5297 3343 5364 repellunt
3371 5316 3384 5352 :
3414 5315 3721 5358 cumsecum

2165 5379 2265 5449 ipsi
2293 5380 2546 5447 cogitent,
2596 5383 2777 5452 quanti
2822 5385 3039 5439 sceleris
3077 5388 3146 5440 sit
3179 5403 3326 5453 eutn,
3365 5394 3452 5459 qui
3495 5409 3650 5462 nuper
3671 5407 3721 5450 et

2167 5469 2257 5523 Dei
2287 5471 2552 5541 colloquio
2584 5471 2876 5533 fruebatur.
2911 5485 2966 5529 et
3006 5493 3101 5544 pro
3133 5482 3483 5548 temperantia
3517 5493 3568 5537 et
3605 5501 3719 5539 sau-

2163 5565 2344 5616 cntate
2367 5565 2694 5634 impetranda
2721 5567 2865 5620 illum
2893 5568 3226 5631 obsecrabat,
3258 5571 3323 5625 ad
3355 5573 3612 5629 diabolum
3641 5593 3719 5632 re-

2167 5664 2324 5722 pente
2355 5656 2684 5727 transfugere
2705 5699 2719 5724 ,
2761 5670 2816 5713 et
2841 5659 3121 5714 obscrrnas
3151 5664 3452 5731 voluptates
3483 5667 3529 5720 in
3555 5681 3720 5722 annuo

2168 5749 2422 5816 τριήρει-ρ,
2458 5748 2614 5819 inque
2655 5760 2908 5820 mentem,
2943 5767 3097 5821 quun
3143 5753 3276 5808 Deus
3310 5770 3476 5824 nuper
3523 5760 3710 5824 invisit,
