3870 6272
57 346 147 399 781
1274 332 1357 388 DE
1396 329 1840 388 PRECATIONE.
1880 333 1945 387 ll.

57 455 268 508 aditum
315 449 527 506 diabolo
560 445 893 518 patefacere.
939 446 1315 513 dtemonesque
1364 443 1648 497 admittere

59 547 110 599 in
139 546 408 608 animum,
449 558 607 613 quem
636 539 866 609 Spiritus
899 539 1069 593 sancti
1108 539 1280 610 gratia
1330 537 1655 606 benignitate

61 651 278 691 summa
308 651 370 688 ac
408 632 742 703 providentia
786 631 1142 685 decoraverit.
1182 628 1235 682 ld
1280 643 1406 681 vero
1443 643 1545 697 qua
1570 642 1654 680 ra-

62 736 212 780 tione
245 726 356 789 fiat,
391 724 591 792 accipe.
623 722 762 776 Fieri
793 722 942 776 nullo
971 721 1130 774 modo
1169 728 1374 788 potest,
1412 727 1468 773 ut
1495 718 1655 773 homo

63 820 180 873 sine
201 816 372 872 divini
399 816 629 884 Spiritus
649 829 750 883 ope
774 814 1007 868 divinam
1031 813 1163 868 ferat
1183 812 1651 875 consuetudinem;

64 926 253 965 verum
278 918 495 978 Oportet
522 909 623 962 hac
648 916 934 977 praesente,
962 916 1013 962 et
1043 917 1257 960 sanctos
1281 915 1507 960 conatus
1527 922 1654 974 pro-

65 1009 349 1068 sequente,
401 1016 517 1055 rem
562 999 801 1069 aggredi,
845 1013 1017 1068 genua
1063 997 1311 1063 flectere,
1348 997 1652 1062 obsecrare,

63 1093 298 1163 precari.
322 1091 456 1146 Cum
500 1091 644 1145 enim
687 1102 777 1144 res
822 1090 1081 1144 humanas
1126 1089 1282 1159 longe
1326 1097 1542 1158 superet
1569 1087 1655 1141 di-

67 1186 224 1238 vinus
251 1197 608 1251 congressus,
639 1180 970 1250 ingrediente
999 1180 1054 1234 in
1085 1195 1184 1234 nos
1210 1180 1441 1250 Spiritus
1483 1177 1653 1233 sancti

66 1275 260 1343 gratia,
291 1273 676 1328 confirmentur
695 1313 710 1337 ,
739 1272 1173 1337 corroboremur,
1205 1270 1425 1324 honoris
1452 1269 1656 1338 magni-

69 1367 312 1420 tudinem
336 1365 644 1429 doceamur,
671 1375 890 1418 neeesse
915 1372 1019 1418 est.
1049 1363 1230 1432 Itaque
1265 1377 1388 1416 cum
1413 1360 1506 1416 tibi
1535 1375 1658 1415 esse

69 1471 186 1510 cum
230 1456 347 1510 Deo
384 1470 692 1509 sermonem
742 1454 1100 1518 intellexeris,
1155 1461 1312 1522 teque
1350 1459 1655 1521 precantem

73 1549 242 1603 sancti
275 1547 510 1616 Spiritus
540 1561 696 1616 opem
721 1547 990 1615 excipere,
1023 1559 1213 1599 omnes
1239 1546 1416 1598 aditus
1444 1543 1657 1597 diabolo

73 1643 122 1694 in
153 1642 394 1694 animum
420 1639 530 1708 jam
557 1655 585 1691 a
619 1639 822 1708 Spiritu
877 1638 1262 1693 sanctificatum
1308 1637 1654 1691 intereludes.

76 1730 138 1785 Ut
165 1732 311 1785 enim
343 1730 434 1798 qui
463 1738 589 1783 sunt
620 1744 742 1783 cum
776 1743 905 1797 rege
939 1727 1230 1797 colloquuti
1251 1768 1267 1792 ,
1296 1736 1352 1780 et
1383 1727 1526 1781 illius
1552 1726 1656 1779 hu-

76 1823 371 1886 manitatis,
415 1820 715 1886 facilitatis,
756 1820 976 1874 honoris
1013 1819 1240 1874 fructum
1283 1827 1574 1889 ceperunt,
1624 1833 1656 1872 a

75 1913 440 1968 mendicorum
479 1912 918 1981 abjectorumque
944 1904 1218 1965 hominum
1246 1924 1537 1979 congressu
1562 1910 1657 1964 ab-

74 2006 293 2061 horrent
327 2023 341 2058 :
373 2006 444 2059 ita
472 2006 560 2073 qui
603 2005 772 2058 Deum
808 2003 1113 2072 alloquutus
1145 2011 1500 2071 precatusque
1539 2011 1654 2068 est,

75 2098 259 2152 adduci
295 2115 402 2152 non
431 2097 583 2152 facile
624 2097 838 2167 poterit,
868 2105 926 2150 ut
951 2096 1250 2164 improbum
1275 2095 1573 2152 daemonem
1602 2102 1657 2148 et

78 2191 292 2258 impium
343 2191 396 2242 in
443 2205 592 2242 suam
639 2188 864 2256 recipiat
917 2186 1390 2242 necessitudinem.
1440 2185 1656 2240 Etenim

77 2284 163 2351 qui
188 2299 246 2336 se
281 2281 644 2349 voluptatibus
669 2281 962 2349 mancipat,
1005 2279 1050 2332 is
1085 2293 1271 2332 revera
1321 2277 1656 2330 daemonibus

84 2373 415 2427 familiariter
438 2374 622 2437 utitur,
651 2386 946 2439 eorumque
972 2369 1232 2423 insaniam
1260 2368 1542 2423 mmulatur
1560 2407 1576 2432 ,
1599 2379 1657 2421 ut

80 2477 254 2517 contra
281 2466 350 2528 is,
374 2463 464 2533 qui
488 2462 895 2532 temperantiam
917 2470 972 2515 et
993 2460 1254 2529 justitiam
1278 2461 1428 2522 colit,
1450 2459 1656 2528 angelis
1691 2496 1693 2499 ι

81 2554 351 2608 familiaris
372 2555 620 2616 efficitur,
642 2562 696 2606 et
721 2567 908 2607 eorum
925 2551 1326 2620 amplitudinem
1351 2551 1649 2604 :emulatur.

81 2648 222 2713 Quod
251 2647 297 2702 si
323 2647 446 2716 quis
470 2646 636 2700 animi
667 2658 860 2700 nervos
892 2658 1076 2710 preces
1105 2642 1484 2712 appellaverit,
1527 2641 1655 2694 mihi

86 2740 311 2806 profecto
356 2754 482 2794 vere
534 2739 714 2793 dicere
759 2736 1019 2790 videatur.
1067 2735 1277 2789 Etenim
1327 2743 1386 2788 ut
1420 2749 1652 2803 corpus,

82 2833 292 2896 opinor,
348 2845 630 2886 nervorum
680 2829 944 2883 beneficio
987 2836 1227 2894 constat,
1277 2829 1464 2894 currit,
1512 2837 1651 2892 stat,

82 2925 220 2984 vivit.
251 2933 699 2993 compactumque
725 2930 844 2988 est,
877 2923 1048 2992 iisque
1079 2921 1286 2986 incisis,
1321 2935 1509 2974 omnes
1531 2937 1653 2974 cor-

86 3015 216 3079 poris
267 3014 478 3068 numeri
530 3013 896 3068 dissolvuntur
925 3031 938 3067 :
969 3013 1046 3066 sic
1083 3012 1246 3066 animi
1297 3027 1392 3081 per
1445 3025 1655 3066 sanctas

86 3121 259 3172 preces
285 3117 344 3161 et
370 3107 823 3174 conglutinantur,
847 3116 899 3159 et
928 3113 1194 3168 constant,
1218 3119 1540 3174 cursumque
1563 3107 1656 3160 ha—

84 3197 203 3251 bent
232 3199 444 3267 pietatis
472 3197 682 3252 facilem
710 3213 774 3252 ac
793 3195 1112 3251 secundum.
1138 3195 1294 3262 Quod
1323 3198 1368 3251 si
1397 3206 1448 3250 te
1479 3198 1652 3265 ipsum

88 3289 382 3353 precatione
426 3287 762 3356 spoliaveris,
792 3286 1015 3354 perinde
1055 3285 1267 3351 feceris,
1296 3301 1358 3339 ac
1386 3286 1430 3340 si
1456 3288 1654 3356 piscem

85 3394 142 3430 ex
177 3381 327 3446 aquis
353 3379 686 3432 extraxeris:
722 3386 778 3431 ut
813 3378 954 3432 enim
1001 3377 1088 3431 hic
1135 3392 1270 3446 aqua
1302 3378 1456 3442 vivit,
1483 3379 1562 3431 sic
1601 3393 1654 3431 tu

89 3470 488 3533 precationibus.
517 3469 617 3523 Per
644 3468 739 3522 has
766 3477 1032 3536 tamquam
1061 3482 1155 3535 per
1180 3483 1372 3537 aquam
1403 3470 1615 3523 evolare
1636 3511 1652 3534 ,

88 3559 231 3612 orbes
256 3561 500 3613 caelestes
541 3572 792 3627 superare
813 3597 829 3620 ,
863 3557 928 3610 ad
963 3557 1127 3611 Deum
1155 3557 1370 3626 prepius
1414 3559 1536 3612 licet
1562 3573 1654 3612 ac-

87 3649 282 3704 cedere.
310 3649 382 3704 Ut
425 3650 584 3718 igitur
609 3658 807 3703 sanctas
837 3648 1157 3717 precationis
1203 3648 1367 3702 robur
1404 3649 1654 3702 ostenda-

91 3749 191 3802 tur,
239 3743 320 3796 vel
363 3757 482 3810 quae
520 3740 750 3794 diximus
791 3739 919 3794 satis
959 3749 1125 3794 sunt:
1167 3741 1442 3808 praestabit
1478 3749 1657 3794 tamen

92 3831 324 3898 fortasse,
349 3842 407 3887 ut
431 3833 497 3887 ad
527 3842 708 3888 sancta
732 3832 1002 3885 volumina
1029 3831 1348 3886 accedentes
1367 3847 1434 3886 ex
1460 3831 1656 3886 Christi

91 3927 252 3980 verbis
279 3926 494 3980 divitias
533 3938 917 3994 agnoscamus,
947 3938 1078 3992 quas
1122 3937 1308 3992 preces
1348 3933 1658 3991 comparant

91 4015 166 4079 iis,
194 4021 278 4088 qui
326 4034 542 4072 omnem
587 4025 796 4071 aetatem
849 4016 902 4069 in
943 4014 1073 4083 ipsis
1113 4030 1312 4083 ponere
1349 4015 1532 4068 velint.
1565 4015 1658 4067 Di-

93 4108 214 4161 cebat
237 4119 439 4174 autem,
466 4108 669 4177 inquit,
707 4118 752 4160 et
785 4106 1080 4174 parabolam
1104 4105 1172 4158 ad
1196 4106 1341 4168 illos,
1374 4115 1426 4158 ut
1462 4123 1659 4175 semper

93 4201 384 4265 precandum
419 4215 527 4254 esse
576 4200 957 4252 demonstraret.
999 4195 1170 4248 Judea:
1210 4195 1417 4264 quidam
1463 4205 1566 4249 erat
1605 4199 1658 4250 in

94 4291 296 4356 quadam
333 4291 562 4357 ciuitate,
587 4290 688 4359 qui
719 4288 882 4342 Deum
922 4304 1024 4341 non
1051 4287 1284 4353 timebat,
1332 4297 1378 4340 et
1408 4288 1659 4341 hominem

95 4395 184 4434 non
220 4382 551 4438 reverebatur.
590 4379 758 4432 Vidua
785 4388 952 4433 autent
984 4379 1215 4447 quaedam
1242 4387 1350 4431 erat
1375 4377 1428 4429 in
1463 4379 1660 4432 civitate

94 4471 193 4538 illa,
220 4486 264 4529 et
289 4473 514 4530 veniebat
551 4473 618 4526 ad
643 4487 755 4526 eum
782 4471 954 4524 dicens
979 4486 998 4523 :
1041 4467 1250 4522 Vindice
1279 4484 1357 4521 me
1394 4469 1457 4522 de
1481 4468 1660 4522 aduer-

94 4568 216 4620 sario
253 4585 399 4632 nico;
427 4577 472 4620 et
501 4565 697 4619 nolebat
749 4579 838 4633 per
887 4561 1098 4616 multum
1123 4571 1340 4630 tempus.
1386 4559 1512 4615 Post
1553 4561 1660 4615 hac

94 4669 246 4713 autent
269 4651 395 4716 dixit
423 4660 558 4713 intra
595 4674 647 4712 se
675 4673 694 4711 .'
727 4655 836 4709 Etsi
862 4653 1027 4708 Deum
1057 4669 1157 4707 non
1187 4654 1362 4720 timeo,
1387 4671 1478 4708 nec
1497 4654 1661 4707 homi-

96 4769 197 4805 nem
232 4770 492 4818 revereor;
521 4764 684 4806 tmnen
707 4751 826 4820 quia
854 4750 1065 4802 molesta
1091 4756 1162 4802 est
1187 4747 1312 4801 mihi
1339 4748 1445 4802 liter.
1471 4749 1620 4804 uidua
1639 4790 1656 4816 ,

95 4845 340 4900 vindicabo
358 4845 524 4910 illam,
543 4861 604 4897 ne
620 4845 672 4896 in
689 4842 953 4896 novissimo
970 4839 1189 4903 ueniens,
1204 4841 1436 4910 suggillet
1454 4859 1552 4896 me.
1575 4843 1658 4896 Ait

93 4949 246 4992 autem
261 4940 529 5002 Dominus,
547 4937 750 5000 Audite,
763 4935 885 5002 quid
897 4935 1062 5004 judea:
1074 4934 1350 5003 iniquitatis
1365 4934 1506 4999 dicit,
1523 4933 1662 4989 Deus

95 5040 243 5084 autem
263 5049 361 5086 non
379 5033 530 5105 faciet
551 5031 822 5085 vindictam
831 5028 1102 5082 electorum
1114 5044 1319 5082 suorum
1334 5029 1662 5082 clamantium

95 5123 155 5172 ad
177 5140 226 5176 se
247 5125 328 5179 die
371 5142 432 5178 ac
457 5133 628 5185 nocte,
658 5133 704 5175 et
750 5122 1044 5191 patientiam
1073 5119 1270 5174 habebit
1291 5120 1346 5174 in
1369 5120 1470 5174 illis
1487 5121 1513 5174 .9
1535 5121 1662 5174 Dico

95 5217 236 5281 vobis,
254 5219 370 5288 quia
390 5219 489 5272 cito
506 5216 652 5285 faciet
668 5215 941 5268 vindictam
958 5214 1162 5267 illorum
1180 5212 1332 5282 (Luc.
1347 5213 1435 5267 18.
1456 5213 1501 5266 Ι.
1513 5215 1666 5284 sqq.).

96 5305 192 5363 Νος
212 5329 360 5380 vero,
395 5314 606 5377 fratres,
637 5311 868 5365 abditam
896 5307 1211 5377 sapientiam
1243 5306 1294 5359 in
1324 5307 1662 5359 sermonibus

99 5400 311 5467 Spiritus
339 5404 677 5460 addiscamus
694 5445 709 5467 ,
737 5411 792 5456 et
817 5415 917 5472 pro
947 5399 1198 5454 facultate
1223 5409 1404 5451 nostra
1435 5397 1662 5451 investi-

99 5506 286 5559 gemus,
317 5513 424 5551 non
465 5505 720 5567 quantum
748 5493 801 5545 in
837 5493 950 5561 ipsa
977 5491 1078 5554 sit,
1106 5489 1200 5544 sed
1225 5499 1480 5558 quantum
1512 5488 1664 5542 nobis

100 5589 293 5654 assequi
323 5589 500 5643 liceat.
545 5591 720 5655 Atque
747 5580 820 5638 illi
848 5582 1060 5653 quidem
1080 5623 1094 5645 ,
1124 5581 1212 5651 qui
1254 5581 1308 5634 in
1337 5580 1473 5634 mari
1503 5581 1662 5633 vitam

102 5671 299 5744 degunt,
326 5679 376 5732 in
405 5679 576 5747 ipsum
593 5673 916 5746 profundum
939 5686 998 5726 se
1013 5671 1402 5740 demergentes,
1424 5684 1664 5739 gemmas

103 5765 311 5824 afferunt
347 5771 413 5824 ad
451 5783 566 5834 eos,
611 5767 701 5837 qui
742 5774 869 5820 sunt
905 5764 957 5818 in
991 5763 1148 5819 terris
1179 5780 1192 5816 :
1223 5777 1320 5817 nos
1366 5777 1493 5817 vero
1523 5760 1662 5816 divi-

3245 343 3346 399 782

1763 459 1950 498 narum
1991 443 2261 502 literarum
2301 449 2519 520 pelagus
2565 440 2949 520 perlustremus
2985 462 3038 507 et
3067 452 3129 506 ad
3173 455 3341 524 ipsmu

1762 537 2080 606 profundunt
2123 541 2416 610 spiritualis
2453 544 2764 612 sapientim,
2800 557 3054 616 quantum
3089 549 3140 602 in
3185 549 3341 604 nobis

1760 638 1864 694 est,
1894 631 2278 697 decurramus,
2310 642 2364 687 ut
2420 634 2572 689 vobis
2614 635 2922 691 thesaurum
2965 641 3345 707 prtestantissi~

1763 735 1906 774 mllm
1934 722 2239 788 aderamus,
2271 726 2360 794 qui
2391 726 2600 780 animos
2628 736 2785 782 ornet
2812 730 3004 784 melius
3024 773 3039 796 ,
3065 745 3226 800 quam
3253 747 3347 786 ca-

1764 812 1869 879 pita
1897 827 2079 881 regum
2108 814 2526 881 prmclarissimis
2567 818 2795 887 gemmis
2819 819 3083 875 distinctae
3111 835 3345 876 coronat.

1763 901 2001 972 Namque
2036 903 2226 958 harum
2269 909 2571 974 praestantia
2619 909 2778 977 hujus
2817 911 2940 964 vitae
2983 914 3214 967 termino
3243 915 3348 967 cir-

1761 995 2177 1050 cumscribitur:
2217 999 2307 1066 qui
2336 1013 2463 1052 vero
2493 1001 2830 1055 sermonibus
2870 1001 3100 1070 Spiritus
3124 1016 3348 1058 coronat

1762 1085 2020 1147 animum.
2051 1086 2098 1140 is
2126 1099 2180 1141 et
2212 1087 2322 1156 jam
2366 1103 2590 1144 securus
2630 1090 2777 1156 vivit,
2807 1099 2862 1145 et
2903 1093 3010 1146 vita
3050 1092 3262 1148 functus
3289 1093 3350 1147 fi-

1763 1174 1912 1230 denti
1935 1178 2116 1232 animo
2144 1178 2210 1232 ad
2235 1179 2434 1234 Christi
2465 1181 2696 1236 tribunal
2724 1183 2952 1246 accedit,
2986 1184 3213 1239 refertus
3240 1187 3348 1240 vir-

1765 1269 1986 1334 tutibus,
2039 1281 2092 1325 et
2137 1272 2204 1326 ab
2246 1275 2390 1328 omni
2421 1273 2538 1330 labe
2580 1275 2972 1345 integerrimus.
3009 1277 3147 1347 Ergo
3185 1293 3344 1347 quem

1765 1363 1978 1416 tandem
2010 1364 2322 1418 thesaurum
2350 1381 2380 1419 e
2410 1381 2684 1422 sacrorum
2716 1371 3044 1424 voluminum
3082 1372 3347 1440 profundo

1764 1454 1914 1508 vobis
1944 1454 2239 1522 efferimus,
2273 1473 2379 1511 non
2411 1460 2581 1528 ipsum
2615 1462 2890 1530 sapientia:
2916 1463 3238 1533 profundum
3267 1478 3346 1520 at-

1765 1546 2048 1616 tingeutes,
2080 1549 2174 1605 sed
2203 1565 2268 1604 eo
2291 1550 2515 1620 delapsi,
2545 1569 2652 1622 quo
2680 1554 2844 1608 licet?
2874 1555 2956 1610 Ad
2987 1558 3346 1625 precationem

1763 1637 2012 1693 Christus
2055 1641 2301 1697 homines
2341 1659 2461 1697 cum
2496 1646 2652 1700 vellet
2694 1647 2930 1714 allicere,
2959 1658 3014 1703 et
3060 1647 3176 1720 ejus
3203 1667 3350 1706 com-

1763 1729 1922 1785 moda
1957 1731 2164 1787 nostris.
2196 1733 2465 1788 mentibus
2505 1749 2842 1806 proponere,
2866 1739 3101 1808 iudicem
3147 1740 3348 1797 inducit

1762 1821 2046 1890 quemdam
2074 1823 2374 1893 improbum
2395 1867 2411 1891 ,
2441 1841 2663 1894 saevum,
2715 1829 2804 1898 qui
2835 1830 3093 1898 pudorem
3133 1847 3346 1889 omnem

1763 1911 1831 1964 ab
1851 1914 2021 1968 oculis
2036 1913 2344 1984 abiecisset,
2370 1917 2462 1970 Dei
2486 1917 2730 1972 timorem
2753 1920 3043 1989 expulisset
3059 1937 3123 1976 ex
3145 1925 3346 1978 animo.

1763 2004 1923 2073 Atqui
1971 2007 2100 2060 satis
2146 2005 2247 2060 fuit
2285 2007 2411 2076 justi
2461 2017 2514 2062 et
2563 2009 2843 2064 clementis
2885 2013 3181 2082 cujuspiam
3230 2029 3347 2084 per-

1763 2110 1948 2149 sonam
1993 2097 2263 2164 inducere,
2299 2109 2357 2153 ttt
2393 2100 2508 2168 ejus
2535 2101 2760 2168 justitia,
2801 2101 2846 2155 si
2873 2117 2992 2157 cum
3031 2104 3211 2160 divina
3241 2107 3348 2159 cle-

1763 2188 1959 2241 ruentia
1985 2189 2340 2252 conferretur,
2370 2192 2472 2245 vim
2519 2194 2846 2260 precationis
2892 2196 3220 2252 ostenderet.
3255 2195 3346 2252 Et-

1762 2277 1905 2332 enim
1931 2279 1978 2332 si
2010 2280 2088 2332 vir
2117 2281 2287 2335 bonus
2317 2292 2371 2336 et
2399 2282 2542 2337 mitis
2569 2297 2662 2337 eos
2679 2283 2982 2340 humaniter
3010 2289 3225 2358 excipit,
3255 2290 3345 2359 qui

1762 2368 1827 2420 ad
1859 2382 1918 2423 se
1943 2370 2212 2439 supplices
2240 2373 2480 2436 veniunt,
2513 2385 2714 2441 quanto
2741 2377 2910 2446 magis
2930 2379 3164 2448 excipiet
3187 2380 3345 2444 Deus,

1761 2459 1914 2527 cujus
1943 2458 2287 2529 benignitatis
2317 2463 2627 2534 magnitudo
2657 2479 2764 2519 non
2803 2467 2960 2520 modo
2988 2478 3221 2523 mentem
3253 2484 3347 2523 no.

1764 2561 1931 2606 stram
1954 2591 1971 2618 ,
2016 2554 2111 2608 sed
2152 2555 2298 2623 ipsos
2339 2556 2560 2625 angelos
2585 2555 2748 2626 fugit?
2776 2558 2921 2613 Satis
2950 2559 3110 2628 igitur
3131 2559 3263 2626 fuit,
3292 2568 3349 2614 ut

1765 2644 1926 2699 rnodo
1942 2645 2206 2710 dicebam,
2225 2645 2355 2715 justi
2371 2646 2564 2716 judicis
2584 2662 2867 2716 personam
2893 2663 3217 2718 proponere;
3238 2651 3347 2720 jam

1763 2753 1892 2791 vero
1934 2738 2168 2808 iudicem
2219 2739 2520 2804 crudelem,
2569 2741 2812 2808 impiutn,
2869 2741 3218 2796 inhumanum
3269 2745 3349 2795 in-

1763 2827 1928 2894 ducit,
1961 2831 2014 2883 in
2039 2830 2173 2884 alios
2199 2832 2414 2900 quidem
2444 2833 2728 2898 immitem,
2756 2832 2809 2886 in
2835 2833 3182 2890 obsecrantes
3203 2844 3348 2890 certe

1765 2918 2052 2987 benignum
2085 2935 2150 2975 ac
2177 2921 2386 2975 facilem
2416 2939 2430 2975 :
2462 2931 2518 2974 ut
2543 2922 2810 2992 intelligas
2831 2924 3077 2979 oratione
3103 2933 3343 2978 naturam

1769 3010 1852 3062 vel
1889 3009 2185 3078 improbam
2215 3011 2283 3064 ad
2313 3011 2587 3066 lenitatem
2636 3014 3084 3083 clementiamque
3121 3015 3344 3070 traduci.

1763 3101 2030 3168 Quorsum
2058 3103 2220 3170 igitur
2243 3102 2487 3156 Christus
2514 3103 2564 3157 id
2597 3104 2758 3157 fecit?
2779 3104 2848 3159 Ut
2878 3121 3038 3160 nemo
3065 3117 3207 3161 esset
3233 3123 3347 3162 om-

1763 3192 1933 3256 nium,
1962 3193 2052 3262 qui
2082 3193 2186 3244 vim
2231 3194 2553 3261 precationis
2581 3193 2873 3261 ignoraret.
2905 3196 3040 3250 Cum
3067 3207 3345 3266 propterea

1764 3283 1818 3335 in
1837 3291 2126 3351 conspectu
2149 3282 2345 3352 judicis
2371 3281 2700 3338 acerbissimi
2722 3285 2931 3338 viduam
2958 3287 3343 3349 constituiSset.

1764 3373 2045 3442 ipsumque
2067 3384 2261 3442 praeter
2281 3374 2397 3443 ejus
2419 3382 2664 3428 naturam
2691 3375 2978 3430 humanum
3001 3377 3344 3439 ostendisset.

1763 3480 1795 3518 a
1822 3466 2049 3520 scelesto
2063 3465 2247 3534 judice
2274 3467 2338 3518 ad
2371 3466 2578 3521 Patrem
2612 3481 2766 3520 suum
2789 3469 3088 3523 orationem
3122 3471 3348 3525 traducit

1764 3558 2044 3625 Optimum,
2068 3566 2430 3622 mansuetum,
2461 3558 2666 3618 mitem,
2699 3557 3009 3623 humanum,
3033 3560 3236 3614 scelera
3261 3575 3345 3614 su-

1766 3658 2066 3717 perantem,
2084 3649 2246 3702 multa
2269 3657 2486 3717 peccata
2505 3649 2920 3713 condonantem,
2941 3650 3279 3718 quotidianus
3293 3652 3344 3704 in

1762 3753 1822 3794 se
1833 3739 2202 3803 contumelias,
2219 3738 2519 3792 daemonum
2543 3737 2850 3801 honores,in
2869 3738 3056 3791 Filium
3070 3739 3345 3794 maledicta

1764 3840 1818 3885 et
1870 3837 2122 3884 sexcenta
2178 3827 2377 3882 nefaria
2424 3829 2658 3881 facinora
2714 3829 3115 3896 perferentem:
3151 3831 3348 3899 quique

1763 3937 1884 3976 eum
1913 3921 2070 3974 tantis
2099 3919 2438 3974 contumeliis
2474 3928 2754 3986 appetatur
2783 3959 2798 3980 ,
2826 3918 2890 3972 iis
2923 3920 3251 3988 perferendis
3275 3923 3345 3975 ita

1765 4027 1824 4067 se
1860 4012 2178 4065 clementem
2209 4024 2272 4063 ae
2299 4020 2632 4062 mansuetum
2659 4009 2860 4077 pratbet
2890 4027 2902 4061 :
2937 4011 2982 4063 is
3008 4025 3158 4079 vero,
3179 4013 3224 4066 si
3250 4028 3348 4066 nos

1765 4103 1944 4158 debito
1974 4103 2162 4157 timore
2185 4100 2252 4154 ad
2281 4115 2338 4155 se
2367 4100 2684 4154 accedentes
2712 4099 2933 4164 viderit,
2967 4117 3144 4156 nonne
3169 4102 3348 4156 subita

1767 4194 2130 4249 misericordia
2156 4192 2434 4260 capietur?
2465 4191 2668 4254 Audite,
2701 4191 2904 4260 inquit,
2931 4192 3054 4262 quid
3070 4194 3346 4263 jndexini-

1766 4287 1969 4356 quitatis
2007 4281 2310 4336 dical:Etsi
2356 4280 2522 4334 Deum
2577 4298 2676 4334 non
2725 4283 2907 4345 timeo,
2955 4299 3045 4336 nec
3099 4283 3346 4337 hominem

1767 4391 1994 4431 revereor
2011 4417 2026 4441 ,
2055 4385 2218 4429 tamen
2244 4376 2361 4445 quia
2394 4374 2602 4428 molesta
2631 4383 2703 4428 est
2730 4375 2849 4427 mihi
2881 4375 2989 4429 Itth
3021 4377 3168 4430 vidua
3193 4420 3208 4444 ,
3235 4379 3346 4430 oin-

1767 4471 1944 4524 dicabo
1987 4486 2116 4523 eam.
2165 4469 2301 4534 Quid
2347 4467 2519 4522 dicis?
2543 4467 2683 4537 quod
2724 4483 2828 4521 non
2860 4470 3028 4538 potuit
3067 4470 3228 4524 timor
3251 4513 3264 4535 ,
3295 4472 3346 4524 id

1767 4560 2068 4616 obsecratio
2103 4559 2307 4628 potuit?
2351 4557 2466 4613 Non
2519 4560 2677 4612 minae
2707 4601 2722 4625 ,
2756 4575 2859 4613 non
2904 4561 3149 4629 supplicii
3177 4572 3352 4618 metus

1769 4652 2043 4706 hominem
2076 4650 2144 4705 ad
2187 4651 2490 4720 aequitatem
2519 4649 2769 4704 deduxit:
2801 4660 2855 4704 at
2882 4651 3036 4706 vidua
3060 4695 3074 4717 ,
3105 4653 3193 4707 ubi
3221 4669 3347 4724 sup-

1770 4743 1891 4812 plex
1918 4742 2178 4806 accessit,
2221 4741 2492 4796 hominem
2519 4757 2583 4796 ex
2613 4743 2806 4810 agresti
2833 4749 2888 4796 et
2917 4743 3136 4797 immani
3168 4747 3349 4800 mitem

1767 4837 1999 4892 reddidit
2033 4851 2095 4891 ac
2121 4846 2477 4891 mansuetum.
2513 4835 2650 4903 Quid
2679 4837 2840 4906 igitur
2865 4836 2932 4892 de
2959 4838 3069 4892 Deo
3093 4840 3147 4894 in
3176 4839 3348 4896 homi-

1769 4946 1892 4984 nem
1944 4928 2326 4996 beniguiSsimu
2363 4929 2687 4982 censendum
2711 4939 2792 4982 est
2824 4967 2839 4991 ,
2871 4943 2993 4983 cum
3021 4931 3174 4985 vidua
3204 4948 3263 4987 se
3285 4934 3350 4987 ad

1771 5021 1933 5092 pedes
1953 5021 2229 5088 abjiciens,
2258 5018 2427 5073 ferum
2451 5021 2719 5075 hominem
2750 5020 2961 5077 lenierit
2986 5037 3050 5076 ac
3075 5025 3354 5094 mitigarit?

1769 5123 2025 5184 quantum
2043 5112 2329 5176 bonitatis,
2359 5122 2612 5181 quantum
2654 5113 2995 5184 benignitatis
3021 5125 3179 5184 atque
3198 5131 3350 5170 amo-

1773 5209 1846 5262 ris
1876 5209 1927 5261 in
1966 5220 2064 5259 nos
2096 5205 2376 5274 patefaciet
2407 5205 2552 5259 Deus
2575 5246 2590 5270 ,
2621 5206 2711 5274 qui
2751 5208 2921 5261 solum
2950 5208 3064 5262 vult
3097 5219 3352 5278 perpetuo

1772 5296 2050 5361 misereri,
2080 5297 2266 5364 punire
2304 5296 2755 5364 numquam?qu
2795 5306 2850 5352 et
2897 5297 3149 5368 supplicia
3200 5297 3353 5352 nobis

1771 5393 1841 5444 ob
1873 5388 2120 5444 eximiam
2168 5386 2552 5441 humanitatem
2590 5389 2946 5444 comminatur
2981 5432 2997 5457 ,
3038 5401 3090 5445 et
3135 5407 3354 5461 magnos

1775 5485 1933 5539 habet
1972 5492 2185 5552 paratos
2232 5482 2460 5535 honores
2507 5519 2522 5544 ,
2575 5488 2630 5533 ut
2687 5495 2809 5534 cum
2843 5483 3043 5549 timor,
3073 5495 3182 5538 tum
3231 5500 3353 5554 spes

1774 5575 1996 5630 honoris
2040 5583 2182 5629 recta
2229 5587 2327 5626 nos
2367 5571 2655 5626 deduceret
2686 5610 2700 5632 ,
2746 5579 2802 5625 et
2847 5583 2970 5639 spes
3020 5572 3230 5642 quidem
3285 5574 3352 5626 ad
3392 5566 3399 5573 ’

1773 5671 2022 5722 virtutem
2045 5668 2338 5728 excitaret,
2386 5674 2558 5718 metus
2602 5675 2728 5718 vero
2780 5678 2808 5716 a
2850 5664 2992 5718 vitiis
3021 5665 3351 5720 deterreret!

1777 5758 1891 5814 Non
1922 5773 2057 5830 queo
2105 5757 2172 5813 ab
2197 5755 2486 5826 iniquitatis
2509 5754 2686 5825 judice
2706 5768 2928 5810 avocare
2946 5765 3200 5822 mentem,
3226 5755 3358 5810 dum
