3870 6272
1232 252 1286 305 S.
1329 252 1607 306 JO.\.\'.'\'IS
1649 248 2021 305 CilliYSOST.
2063 244 2384 302 ARCillEl‘.
2426 236 2950 298 CUNSTANTINOP.
3653 220 3721 275 ἴθι

2172 372 2279 426 que
2321 372 2497 410 rerum
2542 353 2777 407 omnium
2824 352 2930 404 vim
2977 348 3213 419 prcCatio
3271 360 3387 400 una
3430 344 3722 412 suppeditat:
3776 344 3777 381 ἲ

2174 447 2365 501 merito
2402 444 2617 515 quidem
2652 462 2664 497 :
2708 457 2869 512 quam
2912 441 3054 494 enim
3086 439 3192 491 vim
3224 438 3283 491 in
3334 435 3616 489 arboribus
3655 434 3723 487 lu-
3776 454 3777 525 ἦ

2175 537 2305 591 bent
2331 551 2482 605 aquae
2516 576 2531 600 ,
2558 532 2805 587 eamdem
2838 531 2894 585 in
2932 529 3033 583 hac
3053 529 3159 582 vita
3186 536 3509 581 sanctorum
3541 524 3726 578 virorum

2178 627 2531 697 precationes.
2562 623 2735 679 Noctu
2763 637 2885 677 cum
2917 620 3000 675 his
3020 620 3253 673 animum
3286 614 3725 682 Paulusirrigarct,

2179 717 2519 771 dillicultates
2548 714 2701 768 facile
2728 710 3017 781 superabat
3048 750 3063 774 ,
3106 718 3159 762 et
3182 705 3360 777 plagis
3392 704 3606 758 dorsum
3635 714 3730 757 lam-

2183 824 2342 880 quam
2369 818 2541 862 statua
2582 806 2872 875 pra-bebat.
2916 801 2988 857 Ita
3034 802 3086 855 in
3122 796 3445 854 Macedonia
3486 794 3727 849 custodiam

2185 900 2485 965 concussit;
2526 898 2597 952 ita
2639 897 2848 950 vincula
2881 892 3125 963 precibus
3153 887 3431 958 confregit
3477 897 3531 940 ut
3566 886 3729 950 leo;iu

2186 991 2419 1047 carceris
2446 987 2723 1043 custodem
2755 986 2823 1039 ab
2848 998 3039 1038 errore
3064 980 3353 1043 liberavit;
3380 979 3453 1032 ita
3487 976 3730 1031 daemonum

2191 1082 2526 1158 tyrannidem
2557 1078 2753 1134 delevit
2776 1086 2935 1146 atque
2955 1072 3234 1144 dissolvit(
3260 1072 3383 1124 Act.
3403 1069 3472 1123 16
3499 1068 3539 1140 ).
3569 1070 3624 1121 lit
3644 1083 3732 1121 sane

2197 1186 2321 1231 nota
2342 1184 2466 1229 sunt
2483 1189 2567 1235 ea,
2585 1186 2703 1241 qua!
2721 1169 2786 1224 ad
2805 1183 2991 1222 omnes
3006 1166 3247 1221 homines
3263 1164 3483 1226 scribit,
3505 1160 3579 1212 Ad
3595 1164 3733 1212 oratio-

2194 1284 2308 1321 nem
2349 1263 2620 1319 incumbite
2646 1302 2662 1327 ,
2704 1260 2967 1330 vigilantes
3016 1258 3069 1311 in
3116 1271 3176 1308 ea
3204 1295 3219 1319 ,
3270 1253 3330 1307 in
3378 1251 3645 1321 gratiarum
3678 1266 3732 1301 ac-

2195 1362 2372 1422 tione;
2421 1355 2573 1410 simul
2620 1358 2773 1407 etiam
2821 1368 2914 1421 pro
2973 1366 3051 1403 me
3101 1357 3242 1401 orate
3265 1389 3281 1412 ,
3343 1354 3403 1399 ut
3458 1344 3577 1396 mihi
3621 1359 3734 1396 sema

2196 1450 2341 1501 detur
2366 1449 2420 1499 in
2446 1447 2702 1513 apertione
2729 1444 2829 1495 oris
2844 1442 2941 1494 mei
2955 1456 3069 1494 cum
3090 1430 3733 1507 ﬁducia,utloquarEvaage

482 267 587 320 785

480 384 534 432 in
565 374 708 431 illius
734 370 1156 433 mansuetudine,
1180 384 1297 435 qua:
1322 378 1511 436 pra-ter
1535 374 1776 419 naturam
1805 370 1943 427 erat,
1976 361 2056 414 in-

480 465 849 534 esplicabilem
895 464 987 517 Dei
1031 461 1410 515 humanitatem
1457 474 1581 527 erga
1636 457 1880 510 homines
1906 469 2059 508 amo-

482 572 703 627 remque
737 554 1085 624 contemplor.
1134 551 1267 608 Nam
1307 550 1351 606 si
1383 550 1427 605 is
1457 592 1471 613 ,
1504 548 1594 612 qui
1635 547 1769 602 nihil
1811 559 2062 614 umquam

489 649 611 705 boni
653 657 904 718 pnestare
947 644 1222 708 voluerat,
1263 643 1573 697 immutatus
1611 647 1864 707 repente,
1898 635 2063 698 illius,

488 755 607 808 qua:
642 736 891 807 rogabat,
938 732 1298 789 misericordia
1342 739 1642 786 commotus
1666 737 1782 790 est,
1809 733 2067 797 quantum

492 828 758 886 fclicitatis
797 844 827 881 e
864 827 997 883 czelo
1036 826 1091 881 in
1130 840 1228 879 nos
1268 824 1512 894 precibus
1553 819 1906 876 redundabit?
1930 817 2069 873 San-

492 930 695 975 ctarum
732 919 893 988 igitur
924 917 1286 987 precationum
1316 915 1481 971 robur
1507 929 1570 968 ac
1591 914 1697 967 vim
1718 912 1890 982 quivis
1915 909 2073 965 facile

494 1019 697 1077 cernet,
728 1010 817 1080 qui
848 1020 1042 1079 quanta
1067 1009 1327 1062 bonorum
1353 1006 1507 1075 copia
1528 1005 1716 1060 diebus
1743 1011 1903 1073 atque
1929 1002 2074 1056 horis

496 1103 720 1172 singulis
755 1102 996 1155 fruantur
1040 1101 1072 1154 ii
1104 1139 1121 1165 ,
1169 1099 1258 1170 qui
1288 1114 1345 1153 se
1373 1112 1707 1168 quocumque
1745 1106 1983 1162 tempore
2008 1092 2076 1147 ad

502 1193 594 1249 Dei
620 1192 786 1262 pedes
804 1193 1080 1259 abjiciunt,
1109 1190 1543 1245 consideraverit.
1576 1188 1707 1256 Quis
1731 1188 1873 1241 enim
1902 1186 2076 1239 lucem

500 1284 650 1347 solis,
682 1283 817 1335 luna:
843 1323 857 1343 ,
894 1292 1053 1351 atque
1093 1280 1365 1337 stellarum
1399 1321 1415 1344 ,
1444 1279 1562 1333 caeli
1594 1276 2030 1346 temperationem
2061 1315 2078 1340 ,

502 1374 644 1427 varia
670 1373 909 1428 ciborum
931 1386 1125 1441 genera
1149 1413 1163 1433 ,
1193 1370 1434 1434 divitias,
1466 1370 1647 1430 vitam,
1680 1365 2079 1421 innumerabilia

507 1468 642 1522 bona
670 1465 916 1521 omnibus
937 1464 1260 1529 hominibus,
1283 1474 1337 1518 et
1366 1464 1545 1532 probis
1563 1470 1619 1515 et
1643 1459 1897 1528 improbis
1924 1474 1955 1511 a
1980 1456 2087 1511 Deo

512 1573 665 1628 :rque
686 1556 800 1610 dari
821 1566 875 1612 et
900 1555 1161 1624 impertiri
1193 1570 1298 1608 non
1328 1553 1505 1617 videt,
1537 1553 1695 1620 idque
1737 1560 1951 1619 propter
1971 1549 2087 1601 exi-

514 1650 675 1704 miam
695 1664 843 1704 suam
872 1648 921 1701 in
951 1663 1049 1703 nos
1072 1646 1484 1717 benignitatem?
1509 1645 1660 1713 Quod
1687 1644 1731 1697 si
1759 1657 1853 1697 eos
1879 1642 1969 1711 qui
1993 1642 2089 1695 mi-

517 1741 660 1794 nime
688 1748 877 1808 rogant
901 1748 991 1792 aut
1018 1746 1222 1807 petunt,
1255 1738 1323 1791 ita
1350 1736 1632 1790 miseratur
1652 1735 1704 1789 in
1733 1735 1848 1788 dies
1873 1750 1935 1789 ac
1964 1737 2088 1787 reti-

514 1830 587 1883 cit
610 1870 626 1894 ,
667 1829 877 1898 quantis
904 1828 1057 1883 bouis
1083 1842 1176 1882 eos
1198 1828 1297 1881 frni
1324 1842 1419 1897 par
1438 1838 1517 1880 est
1541 1867 1557 1891 ,
1584 1827 1671 1895 qui
1698 1825 1748 1879 in
1775 1823 2021 1895 precibus
2042 1832 2097 1877 et

517 1922 976 1977 obsecrationibus
1004 1931 1212 1975 nitatem
1240 1929 1402 1989 agunt
1426 1920 1449 1973 ?
1490 1919 1604 1973 Jam
1630 1934 1758 1973 vero
1786 1927 1841 1973 et
1867 1926 2097 1987 quantus

518 2014 780 2084 iustorum
831 2014 1061 2067 virormn
1110 2014 1177 2066 sit
1223 2027 1475 2067 nmncrus
1502 2052 1517 2074 ,
1562 2012 1753 2081 quibus
1798 2010 1945 2064 licuit
1998 2010 2100 2079 piis

526 2105 771 2175 precibus
791 2113 994 2169 gentes,
1022 2104 1203 2168 urbes,
1235 2113 1493 2157 terrarum
1525 2103 1707 2157 orbem
1733 2116 2051 2155 conservare
2080 2142 2096 2166 ,

523 2195 675 2251 vobis
721 2196 933 2250 tandem
979 2195 1297 2265 aperiamus.
1331 2195 1395 2249 Et
1431 2194 1643 2263 quidem
1690 2194 1756 2247 de
1801 2191 2104 2263 precatione

524 2306 645 2344 cum
667 2292 857 2359 agitur,
880 2288 946 2343 de
973 2289 1135 2343 Paulo
1151 2288 1375 2357 primum
1402 2286 1662 2357 agendum
1690 2296 1800 2351 est;
1824 2286 1892 2339 de
1916 2285 2102 2349 Paulo,

529 2380 741 2449 inquam
775 2422 791 2443 ,
825 2381 911 2433 illo
940 2422 954 2438 .
984 2380 1072 2449 qui
1105 2380 1154 2433 in
1189 2380 1297 2432 Deo
1327 2378 1552 2433 colendo
1577 2392 1639 2432 ac
1668 2375 1933 2446 precando
1954 2391 2105 2429 num-

532 2487 688 2539 quam
720 2469 1136 2539 defatigabatnr;
1179 2469 1445 2523 communi
1476 2478 1624 2537 patre
1649 2477 1703 2522 et
1731 2467 1966 2536 principe
1990 2481 2108 2519 ser-

532 2577 717 2613 vorum
761 2558 980 2613 Christi.
1036 2558 1125 2614 Ille
1180 2560 1335 2628 igitur
1381 2560 1611 2613 universi
1660 2568 1921 2613 terrarum
1967 2558 2113 2612 orbis

533 2659 714 2705 custos
751 2650 978 2705 assiduis
1026 2651 1266 2719 precibus
1309 2665 1495 2705 omnes
1530 2659 1716 2719 gentes
1755 2658 1952 2703 tutatus
1989 2660 2112 2714 est,

540 2741 691 2796 nobis
720 2757 931 2811 semper
967 2742 1181 2795 dicens:
1213 2739 1490 2811 Propterea
1517 2742 1664 2811 ﬂecto
1703 2757 1868 2811 genua
1904 2757 2016 2794 mea
2046 2740 2115 2793 ad

542 2832 747 2885 Patrem
768 2831 972 2886 Domini
1015 2833 1173 2886 nostri
1194 2831 1317 2886 Jesu
1355 2831 1571 2897 Christi,
1600 2831 1734 2886 unde
1752 2831 1915 2886 omnis
1941 2840 2112 2899 pater-

538 2925 671 2978 nitas
713 2924 764 2977 in
805 2924 928 2977 mlo
963 2934 1007 2976 et
1047 2924 1097 2976 in
1141 2934 1273 2976 terra
1314 2925 1648 2987 nominatur;
1684 2933 1738 2976 ut
1774 2924 1854 2976 det
1883 2923 2017 2976 vobis
2038 2938 2121 2976 se-

541 3014 763 3068 cundum
789 3013 990 3067 divitias
1017 3015 1195 3085 gratia:
1230 3030 1337 3067 sua:
1368 3055 1382 3076 ,
1424 3023 1477 3067 ut
1518 3015 1696 3068 uirtute
1726 3012 2118 3066 corroboremini

542 3122 630 3175 per
655 3105 901 3175 Spiritum
925 3109 1035 3175 ejus
1063 3107 1113 3159 in
1135 3106 1358 3159 interiori
1393 3107 1593 3159 homine
1624 3146 1641 3171 ,
1686 3116 1737 3158 ut
1767 3104 1994 3160 Christtts
2030 3121 2122 3172 per

543 3196 696 3263 ﬁdem
729 3196 781 3250 in
820 3197 1054 3250 cordibus
1081 3197 1253 3250 vestris
1272 3197 1513 3250 inhabitet
1540 3195 1756 3270 (Ephes.
1786 3196 1837 3251 5.
1869 3198 1937 3251 i4
1956 3225 1985 3237 σ-
2009 3196 2122 3264 Π).

550 3285 708 3341 Vides
736 3286 910 3356 igitur,
935 3298 1185 3356 quantum
1208 3289 1398 3342 virium
1426 3288 1617 3343 habeat
1641 3298 1801 3357 atque
1827 3302 2117 3342 nervorum

544 3378 795 3445 precatio
832 3388 884 3431 et
914 3379 1250 3433 obsecratio?
1279 3379 1498 3448 Templa
1540 3379 1739 3434 Christi
1778 3379 2020 3433 homines
2047 3378 2128 3433 ef-

554 3467 694 3521 ficit:
718 3479 877 3539 atque
901 3479 958 3522 ut
981 3485 1113 3522 auro
1136 3478 1188 3523 et
1211 3470 1469 3537 lapidibus
1486 3470 1956 3537 praestantissimis,
1986 3485 2128 3523 mar-

554 3558 894 3627 moribusque
919 3558 1110 3613 domus
1139 3561 1295 3629 regiae
1321 3569 1586 3625 constant,
1615 3562 1691 3615 sic
1718 3561 1911 3630 templa
1934 3560 2129 3614 Christi

556 3652 963 3719 precationibus.
997 3650 1062 3707 Ut
1091 3654 1313 3719 habitet,
1348 3653 1536 3723 inquit,
1564 3653 1792 3708 Christus
1818 3654 1869 3707 in
1899 3653 2130 3708 cordibus

554 3744 744 3796 vestris.
772 3744 900 3808 Qum
932 3745 1101 3813 major
1120 3746 1435 3815 precationis
1453 3747 1568 3801 laus
1593 3761 1711 3800 esse
1739 3745 1906 3814 possit
1929 3788 1944 3811 ,
1974 3760 2130 3814 quam

555 3834 695 3902 quod
745 3833 942 3889 Christi
991 3837 1187 3906 templa
1217 3852 1282 3892 ex
1319 3853 1381 3892 ca
1410 3834 1523 3891 ﬁeri
1550 3836 1799 3891 soleant?
1826 3838 1992 3902 Quem
2027 3850 2130 3887 non

558 3926 773 3995 capiunt
797 3928 1036 3985 cmicstes
1062 3928 1215 3983 orbes
1245 3969 1261 3996 ,
1291 3929 1334 3983 is
1366 3930 1416 3983 in
1443 3930 1677 3983 animum
1703 3970 1717 3993 ,
1745 3930 1833 3998 qui
1867 3930 1917 3981 in
1946 3941 2132 3995 prera-

561 4021 705 4074 tione
733 4020 890 4074 vitam
915 4020 1102 4086 ducat,
1148 4022 1458 4090 ingreditur.
1487 4021 1678 4076 Ctetum
1705 4032 1777 4075 est
1803 4020 1926 4073 mihi
1952 4018 2091 4071 sedes
2114 4058 2131 4083 ,

564 4111 749 4180 inquit,
781 4122 914 4165 terra
949 4128 1061 4166 vero
1100 4112 1371 4168 scabellum
1421 4113 1605 4183 pedum
1643 4128 1885 4166 meorum.
1922 4109 2136 4175 Qualem

561 4200 763 4252 dominii
792 4201 1105 4269 ardiﬁcabitis
1136 4204 1259 4255 mihi
1283 4244 1297 4266 ,
1328 4205 1398 4256 ait
1432 4204 1684 4257 Dominus
1711 4244 1727 4267 ,
1759 4202 1836 4255 vel
1859 4202 1970 4265 quis
1997 4202 2136 4254 locus

562 4291 1045 4343 commemorationis
1086 4296 1241 4357 meae(
1268 4291 1399 4344 Isai.
1439 4291 1528 4347 66.
1568 4293 1591 4345 1
1628 4292 1689 4357 )?
1719 4291 1877 4360 Atqui
1920 4290 2136 4344 domum

564 4377 758 4431 Paulus
791 4395 885 4447 per
924 4390 1136 4434 sanctas
1167 4396 1353 4451 preces
1376 4382 1601 4436 :rdilicat
1632 4384 1671 4435 ³.
1706 4381 1911 4443 Flecte,
1939 4382 2137 4450 inquit,

565 4485 730 4538 genua
765 4486 876 4523 mea
918 4471 987 4523 ad
1025 4470 1231 4525 Patrem
1259 4471 1465 4525 Domini
1489 4473 1648 4526 nostri
1679 4472 1805 4526 Jesu
1834 4473 2055 4541 Christi,
2089 4484 2142 4527 ut

568 4558 797 4616 Christus
824 4579 913 4633 per
938 4564 1090 4632 ﬁdem
1129 4564 1182 4617 in
1225 4566 1461 4619 cordibus
1481 4568 1656 4622 vestris
1681 4568 1942 4622 inhabitet.
1974 4572 2145 4638 Atque

571 4650 695 4704 hinc
727 4652 885 4707 etiam
929 4664 1230 4710 sanctarum
1263 4658 1619 4725 precationqu
1648 4658 1753 4711 vim
1790 4660 2015 4728 quisque
2056 4672 2148 4714 co-

570 4743 810 4804 gnoverit
830 4763 843 4799 :
864 4763 983 4800 nam
1010 4763 1129 4802 cum
1155 4749 1293 4803 idem
1319 4749 1515 4803 Paulus
1537 4765 1749 4803 onmem
1780 4760 2037 4805 terrarum
2060 4767 2149 4805 or-

574 4833 693 4887 bent
719 4878 734 4901 ,
758 4839 908 4905 quasi
952 4840 1181 4894 volucris
1209 4842 1383 4908 aliqua
1415 4882 1429 4903 ,
1469 4842 1801 4910 pervolaret,
1854 4842 1904 4895 in
1932 4857 2148 4897 carcere

573 4943 875 4988 versaretur
905 4974 921 4999 ,
955 4931 1154 5001 ﬂagella
1187 4933 1484 5003 perferret,
1527 4943 1743 4988 catenas
1775 4945 2007 5005 gestaret
2034 4977 2047 5000 ,
2098 4937 2148 4989 in

573 5026 812 5082 cmdibus
837 5042 899 5081 ac
938 5026 1190 5096 periculis
1219 5028 1457 5093 viveret,
1507 5027 1777 5082 daemones
1812 5026 2104 5095 expelli-ret
2134 5067 2148 5087 ,

578 5118 823 5173 homines
872 5133 902 5171 a
956 5119 1179 5172 mortuis
1220 5120 1511 5183 excitaret,
1554 5118 1770 5172 morbos
1807 5128 2051 5171 curaret:
2085 5115 2152 5170 ad

580 5212 852 5265 hominum
886 5221 1061 5265 tamen
1090 5210 1313 5266 salutem
1343 5210 1527 5264 harum
1551 5225 1727 5265 rerum
1745 5209 1883 5263 nulla
1912 5208 2153 5263 confide-

584 5302 690 5369 bat,
724 5302 815 5356 sed
847 5305 1091 5371 precibus
1119 5313 1287 5357 terras
1315 5300 1711 5358 communiebat
1736 5342 1751 5363 ,
1782 5309 1837 5354 et
1865 5309 1981 5369 post
2010 5299 2153 5353 edita

584 5394 860 5461 miracula,
887 5398 1154 5464 vitamque
1177 5395 1399 5449 mortuis
1429 5394 1746 5456 restitutam,
1769 5392 1835 5447 ad
1866 5407 2048 5459 preces
2079 5406 2156 5444 rc-

584 5485 848 5551 eurrebat,
871 5501 976 5540 nou
996 5500 1152 5540 secus
1178 5493 1336 5553 atque
1356 5483 1549 5538 athleta
1579 5482 1644 5537 ad
1670 5483 1983 5552 palaestram,
2008 5491 2157 5549 parta

587 5580 826 5632 victoria.
859 5577 1066 5632 Etenim
1090 5578 1209 5631 vita;
1239 5578 1462 5630 mortuis
1490 5574 1831 5630 restituenda:
1861 5614 1876 5635 ,
1906 5574 2155 5628 aliarum-

652 5672 665 5696 ³
702 5669 775 5716 sic
796 5667 975 5729 legitur
994 5668 1271 5725 inSavil.,tn
1297 5666 1429 5729 edito
1451 5674 1612 5715 autem
1635 5667 1705 5715 sic
1722 5679 1734 5715 ;
1753 5663 1945 5724 (malent
1963 5666 2158 5713 domum

590 5731 764 5779 Potitus
788 5726 958 5777 sciatis
980 5730 1199 5789 precibus
1217 5726 1429 5778 tediﬂcat
1454 5729 1479 5777 ."

2201 1540 2255 1593 lii
2276 1540 2564 1610 mysterium
2580 1536 2711 1606 (Col.
2730 1534 2841 1589 4.2.
2858 1534 2936 1604 '5).
2951 1532 3088 1600 Quid
3105 1530 3206 1585 ais?
3227 1539 3439 1583 tantam
3467 1526 3609 1579 nobis
3622 1524 3734 1577 auda-

2200 1632 2337 1685 ciam
2361 1645 2545 1700 preces
2573 1628 2829 1691 trihtmnt,
2854 1634 2915 1679 ut
2943 1626 3052 1678 Deo
3065 1638 3159 1693 pro
3180 1620 3352 1675 Paulo
3378 1617 3655 1687 supplicare
3674 1630 3732 1667 au~

2203 1721 2455 1777 deamus?
2481 1720 2598 1789 quis
2629 1717 2778 1772 miles
2798 1731 2975 1784 regem
3000 1728 3097 1784 pro
3116 1726 3329 1767 summo
3345 1709 3485 1764 duce
3504 1704 3735 1760 audeatob-

2205 1813 2537 1869 secrare‘lAt
2571 1809 2747 1863 nullus
2771 1808 2923 1862 miles
2948 1805 3057 1875 regi
3087 1805 3157 1859 ita
3187 1816 3350 1857 carus
3378 1809 3433 1856 et
3457 1798 3637 1853 amicus
3656 1796 3731 1857 fuit,

2209 1916 2267 1959 ut
2295 1904 2487 1959 Paulus
2521 1904 2661 1966 Deo;
2696 1900 2788 1955 sed
2821 1908 2994 1954 tamen
3017 1911 3201 1966 preces
3228 1904 3442 1949 tantum
3477 1890 3615 1945 nobis
3648 1888 3735 1941 πῆς-

2210 2006 2333 2052 runt
2353 1996 2623 2065 dignitatis
2652 2000 2711 2046 ut
2739 1990 2974 2044 divinum
3014 1987 3266 2042 auxilium
3298 1983 3472 2039 Paulo
3516 1979 3734 2049 implorare

2213 2107 2320 2145 non
2348 2089 2670 2143 dubitemus.
2701 2085 2775 2139 lta
2803 2084 2991 2138 Petrus
3020 2080 3109 2134 ille
3147 2092 3419 2139 summus,
3448 2074 3572 2129 cado
3610 2070 3735 2138 Splen-

2213 2183 2421 2244 didior,
2453 2192 2723 2234 carcerem
2767 2174 2950 2243 cffugit
2986 2172 3055 2226 ob
3094 2185 3243 2225 suam
3286 2167 3502 2238 quidem
3552 2163 3734 2217 Virtutem

2214 2274 2637 2345 probitatemque
2655 2268 3063 2338 potissimum,et
3081 2264 3151 2317 ob
3169 2274 3511 2316 communem
3531 2256 3735 2310 hominum

2218 2366 2440 2419 salutem
2457 2378 2471 2427 ;
2494 2360 2686 2415 deinde
2703 2375 2828 2413 vero
2848 2357 3098 2411 Ecclesiaa
3113 2353 3425 2423 deprecatio
3439 2348 3653 2404 celeriter
3666 2359 3736 2395 rar-

2220 2474 2358 2512 ceris
2395 2457 2534 2509 fores
2569 2453 2794 2524 aperuit.
2833 2450 2951 2504 Non
2984 2448 3124 2503 enim
3162 2456 3367 2500 temere
3399 2440 3596 2509 scripsit
3619 2437 3735 2491 Lacu

2224 2554 2357 2620 (Act.
2374 2547 2459 2602 12.
2476 2547 2555 2615 5),
2572 2560 2756 2614 preces
2771 2557 2866 2611 pro
2879 2542 3034 2595 Petro
3046 2538 3289 2593 assiduas
3305 2537 3374 2590 ab
3391 2530 3609 2590 Ecclesia
3625 2530 3733 2583 fusas:

2224 2640 2316 2697 sed
2340 2649 2442 2693 uta
2462 2638 2613 2691 nobis
2631 2634 3033 2703 intelligeretur,
3049 2638 3301 2698 quantam
3324 2628 3430 2681 vim
3453 2624 3647 2678 habeant
3662 2632 3735 2687 pre

2225 2731 2463 2787 cationes
2485 2728 2537 2782 in
2553 2727 2703 2790 caelo,
2732 2734 2790 2779 ut
2812 2740 2840 2777 a
2862 2722 3108 2793 periculis
3129 2722 3347 2775 Petrum
3376 2727 3430 2773 et
3455 2715 3642 2771 Paulum
3667 2709 3735 2763 eri-

2231 2822 2395 2893 piant,
2424 2818 2678 2874 Ecclesia:
2697 2810 3000 2877 columnas,
3030 2811 3397 2882 apostolorum
3446 2804 3681 2877 principes,
3702 2800 3732 2849 in

2228 2917 2362 2972 catlo
2396 2910 2794 2973 celeberrimos,
2825 2918 3082 2961 terrarum
3113 2904 3257 2958 orbis
3285 2901 3499 2964 maznia,
3525 2903 3734 2951 commune

2233 3007 2393 3061 totius
2460 3013 2614 3057 terra:
2672 2998 2939 3066 marisque
2993 2993 3468 3064 prOpttgnaculum.
3525 2988 3617 3053 Age
3650 2993 3731 3032 vero

2234 3097 2481 3154 lsraelem
2510 3093 2683 3148 Moses
2708 3091 2759 3143 in
2791 3088 2945 3143 bellis
2970 3102 3073 3155 qua
3100 3086 3311 3138 ratione
3342 3076 3732 3137 servavit?nonne

2234 3202 2381 3242 arma
2423 3182 2670 3254 quidem,
2708 3188 2763 3235 et
2803 3176 3095 3232 exercitum
3138 3174 3400 3243 discipulo
3438 3165 3637 3224 tradidit,
3660 3162 3731 3225 ipse

2234 3297 2363 3336 vero
2404 3279 2638 3335 hostium
2674 3270 2996 3330 multitudini
3042 3268 3378 3339 precationes
3418 3254 3733 3347 opposuinnus

2238 3383 2297 3428 ut
2323 3373 2559 3435 doceret,
2591 3366 2756 3421 multo
2796 3363 3048 3433 majorem
3078 3360 3130 3413 in
3161 3357 3409 3427 precibus
3446 3354 3664 3421 justorum

2239 3481 2444 3529 rorum,
2489 3476 2648 3532 quam
2676 3460 2727 3513 in
2754 3456 2936 3517 armis,
2977 3453 3236 3522 equitatu,
3267 3448 3476 3517 Opibus,
3501 3437 3638 3508 copiis
3666 3437 3731 3532 tim

2241 3557 2435 3610 inesse.
2463 3552 2747 3620 Propterea
2789 3547 3067 3600 universus
3111 3542 3269 3597 etiam
3316 3522 3730 3593 cxcrcitus,multa-

2242 3663 2345 3716 que
2370 3645 2641 3699 hominum
2672 3640 2835 3694 millia
2865 3639 2919 3690 in
2948 3632 3222 3704 propheta:
3256 3627 3499 3701 precibus
3539 3624 3730 3716 spcmfa'

2243 3711 2365 3793 linis
2393 3734 2672 3791 habebant.
2699 3730 2852 3791 Nam,
2887 3735 3136 3797 precante
3151 3721 3315 3784 Mose,
3345 3716 3503 3775 Judaei
3536 3711 3731 3763 victumm

2244 3828 2582 3900 reportabant
2614 3822 2808 3895 (Exod.
2838 3821 2923 3875 17.
2950 3818 3036 3873 10.
3063 3817 3175 3887 il);
3198 3831 3228 3868 a
3250 3812 3488 3884 precibus
3501 3802 3730 3900 desinente.

2244 3898 2397 3978 erant
2428 3918 2667 3974 hostibus
2689 3914 2988 3969 inferiores.
3019 3908 3128 3964 Nos
3154 3921 3365 3974 quoque
3394 3902 3436 3956 si
3465 3898 3730 3983 versemur":

2247 4017 2512 4088 precibus,
2545 4011 2696 4065 facile
2721 4005 2991 4061 diabolum
3038 3998 3433 4069 superabimus;
3460 4000 3508 4045 at
3532 3986 3568 4040 si
3589 3989 3731 4088 segtl‘lt'l'

2248 4071 2332 4164 i'es
2363 4107 2548 4169 simus,
2581 4103 2633 4156 in
2660 4115 2757 4154 nos
2786 4098 2990 4152 hostem
3027 4092 3326 4161 improbum
3370 4087 3649 4141 exercemus.
3670 4071 3732 4120 Αι-

2247 4200 2335 4269 qui
2364 4197 2536 4251 Moses
2560 4191 2811 4263 popUlllm
2839 4200 3049 4258 ψιοίιυθ
3089 4183 3247 4252 impia
3287 4170 3730 4269 perpetrantetllnillia

2253 4261 2576 4360 precatione
2594 4281 2845 4344 servavit,
2891 4276 3233 4342 divinumque
3274 4270 3559 4337 adSpectum
3576 4262 3618 4308 et
3635 4261 3731 4360 titul:-

2252 4340 2519 4437 inerabilia
2546 4377 2687 4431 bona
2732 4387 2824 4441 per
2864 4382 3047 4438 preces
3086 4373 3286 4420 tantum
3328 4356 3636 4421 consequutus
3667 4340 3730 4441 ei:

2254 4475 2378 4530 [huc
2402 4472 2541 4525 enim
2567 4469 2639 4522 illi
2662 4467 2820 4519 vitam
2847 4474 3058 4531 quoque
3085 4453 3386 4511 conciliavit
3406 4444 3646 4503 incolarum
3661 4422 3732 4531 fit“

2256 4563 2597 4637 persimilem.
2625 4555 2870 4612 Precatio
2897 4551 3030 4621 ignis
3056 4548 3161 4600 vim
3188 4541 3467 4613 superavit,
3489 4514 3730 4637 leones

2254 4620 2386 4715 iuuit
2413 4673 2427 4720 ;
2458 4666 2682 4724 quorutn
2713 4648 2936 4702 alterum
2965 4638 3189 4703 Danicli,
3226 4639 3446 4691 alterum
3467 4620 3731 4724 tribustptigll”:§

2887 4746 2930 4791 et
2955 4752 2999 4788 ε.
3026 4731 3102 4805 3).
3136 4698 3213 4785 E'x
3256 4728 3337 4782 bis
3381 4698 3731 4818 igiturnufuﬂ:

2260 4798 2677 4905 tror,oom\nibus
2710 4839 2886 4901 ,patet,
2940 4837 3302 4895 quoscumque
3343 4820 3421 4872 illa

2258 4884 2559 5003 exce'perit,
2609 4943 2703 4983 eos
2751 4923 2906 4979 facile
2960 4914 3386 4988 impendentibus

2261 4977 2495 5081 libet-lari.
2538 4977 2777 5076 i’recatto
2818 5011 3004 5067 salutis
3047 5016 3130 5064 est
3170 5004 3395 5065 occasio,
3423 4977 3731 5081 inmortali”?

2259 5119 2450 5174 animae
2477 5108 2824 5170 conciliatrix,
2852 5102 3102 5159 Ecclesia:
3137 5110 3318 5152 murus
3341 5081 3637 5179 ﬁrmissimus.

2263 5205 2612 5279 pugnaculum
2661 5201 3063 5256 inconcussum;
3107 5187 3295 5243 terrori
3342 5184 3538 5271 damnum

2265 5252 2417 5352 itobis
2443 5292 2618 5349 saluti.
2651 5289 2777 5344 Hmc
2802 5293 3041 5340 sanctum
3069 5277 3379 5349 prophetam
3405 5260 3556 5340 genuit
3578 5252 3642 5305 59'

2264 5393 2366 5446 lem
2398 5389 2473 5459 (1.
2502 5386 2629 5454 Reg.
2662 5385 2715 5452 1)
2745 5398 2758 5433 :
2791 5393 2913 5432 nam
2945 5390 3064 5429 cum
3102 5371 3168 5426 ad
3191 5368 3423 5424 sobolem
3454 5354 3730 5464 natura:m

2265 5434 2366 5446 ιν---
2425 5434 2629 5454 ----ν;ι-
2666 5434 2714 5452 -ι
3634 5446 3641 5454 .
3724 5434 3726 5438 τ

2264 5434 2655 5541 advei-saretnr,
2688 5470 2918 5542 precatio
2944 5475 3127 5521 exorta
3158 5474 3359 5514 natura:
3401 5434 3726 5552 \‘itiuttl.."’l|::1‘:

2264 5514 2655 5541 umquam...”
2689 5514 2915 5542 ,ηπ-.-η
2948 5514 3125 5521 mw-
3563 5531 3571 5541 θ

2264 5572 2514 5627 correxit.
2554 5567 2696 5620 Talis
2725 5579 2791 5618 ex
2837 5558 3139 5629 precatione
3185 5555 3385 5607 fructus
3429 5514 3727 5646 exstitit.‘|3;k"i:

2267 5663 2570 5736 dePTCCaliO
2610 5656 2917 5730 ρτορὶιοωιη
2969 5646 3276 5721 procreavit.
3319 5644 3483 5710 itaque
3514 5615 3705 5681 cclt'll'l“

3646 5250 3731 5294 mte-
3768 5230 3773 5239 ’

3655 5322 3729 5383 iatri
3754 5324 3767 5340 '
