3870 6272
128 354 225 411 783

129 474 249 529 στὸν
277 467 645 536 ι’πιδείξασθαι
673 467 975 540 βουληθεὶς,
1002 468 1155 538 ἄφνω
1186 467 1572 538 μεταθέμενος,
1594 466 1694 539 τὴν

125 554 378 627 δεομένην
400 550 622 622 ἡλέησε,
657 551 831 624 πόσην
857 554 991 624 ἡμῖν
1016 548 1078 616 ἐξ
1107 548 1337 621 οὐρανοῦ
1372 550 1697 622 κηδεμονίαν

125 644 177 696 οἱ
211 637 510 710 προσευχαὶ
543 635 867 707 κομίσουσι;
902 637 1060 709 Γνοίη
1097 637 1142 691 δ’
1182 638 1248 695 ἀν
1288 655 1373 702 τις
1411 635 1509 707 τὴν
1543 633 1696 703 ίσχὺν

126 721 225 786 καὶ,
252 723 350 785 τὴν
379 718 608 789 δύναμιν
636 717 745 771 τῶν
778 718 949 787 ἁγίων
981 721 1320 793 προσευχῶν,
1354 716 1571 772 σκοπῶν
1600 715 1695 770 καὶ

129 803 343 873 θεωρῶν
364 802 504 855 ὅσων
533 800 754 869 ἀγαθῶν
785 800 906 855 καθ’
935 802 1171 874 ἑκάστην
1194 803 1408 875 ἡμέραν
1430 799 1524 853 καὶ
1546 798 1695 871 ὥραν

127 885 482 956 ἀπολαύουσιν
514 886 563 937 οἱ
592 884 823 937 πάντοτε
851 883 931 954 τῷ
960 884 1078 955 Θεῷ
1112 886 1565 958 προσπίπτοντες.
1598 881 1694 946 Τίς

126 972 228 1045 γάρ
260 970 360 1023 οὐκ
386 963 559 1032 οἶδεν,
596 967 678 1021 ὅτι
718 967 815 1021 καὶ
859 968 951 1021 τοῦ
997 969 1148 1039 ἡλίου
1199 970 1260 1023 τὸ
1292 969 1426 1040 φῶς,
1463 969 1558 1022 καί
1586 967 1696 1020 τῶν

126 1054 386 1125 ἀστέρων,
430 1051 526 1104 καὶ
569 1051 670 1123 τῆς
704 1051 954 1123 σελήνης,
995 1053 1091 1105 καὶ
1143 1053 1321 1123 ἀέρων
1375 1053 1692 1124 εὐκρασίαν,

126 1137 217 1189 καὶ
238 1136 442 1206 τροφὰς
468 1134 748 1198 παντοίας,
779 1134 874 1189 καὶ
900 1134 1146 1202 πλοῦτον,
1179 1139 1274 1191 καὶ
1299 1137 1433 1207 βίον,
1465 1138 1559 1190 καὶ
1592 1153 1696 1207 μυ-

130 1221 214 1293 ρία
235 1218 415 1288 ἀγαθὰ
442 1220 608 1273 πᾶσιν
633 1217 942 1288 ἀνθρώποις
965 1219 1165 1289 ὁμοίως
1186 1222 1214 1273 6
1239 1220 1370 1283 Θεὸς
1391 1218 1693 1292 χαρίζεται,

125 1302 214 1355 καὶ
243 1301 470 1365 δικαίοις
503 1301 598 1355 καὶ
623 1300 866 1366 ἀσεϐέσι,
887 1301 978 1354 διὰ
1008 1302 1106 1373 τὴν
1137 1301 1337 1372 πολλὴν
1371 1302 1537 1356 αὐτοῦ
1572 1302 1696 1372 φιλ-

126 1385 457 1456 ανθρωπίαν,
565 1385 832 1455 κέχρηται
892 1385 1031 1456 πρὸς
1065 1387 1246 1457 ἡμᾶς;
1283 1387 1346 1439 Εἰ
1374 1385 1431 1439 δὲ
1463 1387 1589 1449 τοὺς
1621 1385 1696 1457 μὴ

126 1467 424 1537 δεομένους,
460 1468 594 1538 μηδὲ
625 1467 932 1532 αἰτοῦντας,
962 1467 1134 1531 οὕτως
1161 1467 1303 1521 ἐλεεῖ
1334 1468 1456 1521 καθ’
1485 1469 1698 1540 ἡμέραν

127 1550 217 1602 καὶ
271 1550 571 1614 ἀναπαύει,
612 1549 792 1603 πόσων
834 1551 980 1613 εἰκὸς
1026 1550 1246 1618 ἀγαθῶν
1298 1551 1700 1604 ἀπολαύσεσθαι

128 1634 247 1695 τοὺς
273 1634 332 1686 ὲν
362 1633 551 1702 εὐχαῖς
591 1634 687 1687 καὶ
726 1634 941 1704 δεήσεσι
975 1633 1155 1687 πάντα
1186 1633 1277 1687 τὸν
1311 1633 1423 1705 βίον
1471 1633 1697 1704 ὲσχολα-

129 1716 317 1781 κότας;
356 1716 493 1788 Φέρε
526 1716 590 1789 δὴ
635 1719 729 1771 καὶ
766 1718 910 1781 ὅσοις
940 1717 1048 1771 τῶν
1094 1717 1320 1771 δικαίων
1366 1716 1573 1788 ὑπῆρξε
1611 1715 1701 1770 διά

129 1801 442 1870 προσευχῶν
483 1799 655 1854 σῶσαι
696 1801 791 1854 καὶ
821 1795 975 1871 ἔθνη,
1001 1802 1096 1854 καὶ
1129 1801 1332 1867 πόλεῐς,
1361 1803 1457 1855 καὶ
1487 1802 1585 1872 τὴν
1619 1802 1696 1853 οἱ·

128 1882 395 1953 κουμένήν
419 1882 658 1948 ἃπασαν,
684 1884 927 1953 εἴπωμεν
953 1886 1089 1954 πρὸς
1111 1885 1275 1955 ὑμᾶς.
1312 1885 1399 1937 Ἐν
1423 1885 1481 1937 δὲ
1512 1886 1699 1956 μνήμῃ

128 1966 435 2035 προσευχῆς
472 1965 685 2029 Παῦλος
729 1966 944 2037 πρῶτος
972 1967 1122 2031 ἄξιος
1167 1969 1407 2040 μνήμης,
1436 1966 1648 2030 Παῦλος
1673 1969 1701 2020 ὁ

127 2047 223 2116 τῆς
260 2049 357 2102 τοῦ
396 2047 529 2102 Θεοῦ
556 2050 813 2120 λατρείας
845 2051 1141 2121 ἀκόρεστος
1161 2092 1176 2117 ,
1219 2053 1247 2103 6
1293 2051 1469 2114 κοινὸς
1500 2051 1698 2122 πατὴρ,

129 2130 216 2182 καὶ
240 2129 504 2199 πρόγονος
532 2132 639 2184 τῶν
672 2131 872 2186 δούλων
899 2133 997 2187 τοῦ
1028 2133 1287 2205 Χριστοῦ.
1334 2135 1568 2196 Ἐκεῖνος
1592 2135 1703 2186 τοί-

129 2228 217 2265 νυν
246 2215 275 2266 ό
306 2211 482 2281 φύλαξ
500 2214 598 2284 τῆς
631 2209 975 2285 οἰκουμέύης,
1009 2215 1098 2269 διά
1125 2217 1452 2287 προσευχῆς,
1488 2218 1580 2270 καὶ
1606 2217 1702 2286 τῆς

130 2294 382 2364 συνεχοῦς
405 2295 638 2366 δεήσεως
671 2298 849 2350 πάντα
874 2297 941 2351 τὰ
968 2298 1094 2369 ἔθνη
1126 2299 1372 2363 διέσωσε,
1399 2299 1572 2366 λέγων
1615 2299 1702 2352 ἀεὶ

129 2375 259 2445 πρὸς
286 2378 459 2447 ἡμᾶς’
499 2380 719 2433 Τούτου
748 2379 927 2448 χάριν
953 2379 1197 2449 κάμπτω
1230 2381 1301 2435 τὰ
1334 2379 1557 2451 γόνατά
1582 2397 1701 2449 μου

129 2458 272 2527 πρὸς
304 2461 415 2514 τὸν
446 2463 678 2531 Πατέρα
703 2463 811 2517 τοῦ
848 2464 1070 2531 Κυρίου
1111 2464 1282 2533 ἡμῶν
1327 2466 1522 2533 Ἰησοῦ
1571 2466 1702 2532 Χρι-

130 2541 294 2605 στοῦ,
325 2542 396 2606 ἐξ
425 2540 496 2598 οὗ
533 2543 704 2599 πᾶσα
734 2546 949 2613 πατριὰ
973 2546 1044 2599 ἐν
1070 2546 1303 2614 οὐρανῷ
1336 2548 1433 2601 καὶ
1458 2547 1558 2600 ἐπὶ
1591 2545 1705 2617 γῆς

131 2623 467 2695 ὀνομάζεται
483 2644 496 2657 ·
533 2628 633 2681 ἵνα
653 2626 773 2696 δῴη
813 2628 958 2697 ὑμῖν
981 2630 1131 2682 κατὰ
1159 2629 1268 2683 τὸν
1298 2631 1569 2685 πλοῦτον
1596 2627 1706 2696 τῆς

129 2706 368 2775 χάριτος
407 2709 628 2775 αὑτοῦ,
673 2710 923 2780 δυνάμει
969 2711 1401 2782 κραταιωθῆναι
1446 2712 1547 2767 διὰ
1597 2712 1704 2767 τοῦ

128 2793 470 2862 Πνεύματος
502 2794 709 2858 αὐτοῦ,
737 2796 824 2860 είς
861 2795 970 2849 τὸν
995 2797 1115 2849 ἔσω
1146 2795 1478 2865 ἄνθρωπον,
1510 2814 1705 2852 κατοι-

128 2874 309 2944 κῆσαι
336 2879 444 2931 τὸν
474 2878 732 2947 Χριστὸν
759 2877 855 2931 διὰ
890 2880 1149 2946 πίστεως
1176 2880 1246 2933 ἐν
1275 2881 1405 2947 ταῖς
1434 2881 1705 2950 καρδίαις

130 2958 308 3027 ὑμῶν.
370 2961 558 3033 Ὁρᾷς,
612 2962 735 3015 ὅσον
799 2964 973 3034 ἰσχύει
1026 2964 1302 3036 προσευχὴ
1356 2966 1451 3018 καὶ
1490 2965 1702 3035 δέησις;

129 3040 305 3108 Ναούς
359 3044 600 3115 Χριστοῦ
652 3047 779 3110 τοὺς
835 3046 1160 3119 ἀνθρώπους
1214 3048 1507 3119 ἐργάζεται
1531 3066 1544 3080 ·
1612 3050 1706 3102 καὶ

129 3122 313 3197 ὥσπερ
349 3128 574 3199 χρυσὸς,
604 3129 699 3182 καὶ
724 3129 860 3183 λίθοι
894 3131 1270 3202 πολυτίμητοι,
1313 3132 1407 3184 καὶ
1439 3132 1704 3202 μάρμαρα

131 3209 337 3263 ποιοῦσι
368 3213 496 3274 τοὺς
534 3211 718 3276 οἴκους
747 3213 857 3267 τῶν
904 3214 1200 3284 βασιλέων⁹
1244 3213 1388 3268 οὕτω
1427 3217 1704 3286 προσευχὴ

129 3295 284 3357 ναοὺς
308 3294 405 3347 τοῦ
440 3296 700 3367 Χριστοῦ.
730 3297 1114 3367 Κατοικῆσαι,
1140 3299 1291 3369 φησὶ,
1318 3300 1424 3352 τὸν
1446 3298 1705 3366 Χριστόν

129 3375 195 3428 ἐν
218 3377 349 3444 ταῖς
377 3378 650 3446 καρδίαις
676 3379 861 3449 ὑμῶν.
889 3381 955 3434 Τί
1000 3381 1185 3453 μεῖζον
1208 3382 1274 3435 ἂν
1302 3381 1510 3450 γένοιτο
1538 3399 1706 3453 προσ-

131 3461 289 3533 ευχῆς
334 3462 650 3533 ἐγκώμιον,
695 3464 727 3534 ἢ
779 3464 860 3517 ὅτι
895 3464 1059 3528 ναούς
1103 3466 1481 3536 ἀπεργάζεται
1532 3465 1703 3531 Θεοῦ;

137 3544 227 3596 Ὃν
248 3545 308 3597 οὐ
336 3545 610 3624 χωροῦσιν
637 3546 878 3616 οὐρανοὶ,
907 3542 1061 3611 οὗτος
1090 3548 1170 3611 είς
1199 3547 1375 3620 ψυχὴν
1401 3548 1706 3619 εἰσέρχεται

132 3627 308 3688 ζῶσαν
330 3631 390 3682 ὲν
416 3632 764 3701 προσευχαῖς.
798 3630 851 3682 Ὁ
873 3631 1129 3700 οὐρανός
1134 3649 1237 3700 μοι
1261 3633 1491 3700 θρόνος,
1520 3633 1704 3703 φησὶν,

130 3710 167 3775 ἡ
200 3711 266 3764 δὲ
300 3711 380 3780 γῆ
414 3713 749 3767 ὑποπόδιον
776 3711 896 3766 τῶν
934 3714 1137 3767 ποδῶν
1163 3734 1302 3784 μου.
1330 3715 1509 3769 Ποῖον
1540 3712 1710 3769 οἷκον

132 3793 560 3862 οἰκοδομήσετέ
580 3813 682 3865 μοι
700 3812 719 3859 ;
740 3794 887 3864 λέγει
922 3796 1124 3868 Κύριος
1145 3815 1159 3827 ·
1196 3797 1234 3866 ἢ
1270 3799 1361 3864 τίς
1389 3799 1572 3864 τόπος
1602 3796 1710 3865 τῆς

133 3876 563 3943 καταπαύσεώς
590 3894 745 3947 μους
804 3878 942 3931 Ἀλλ’
981 3879 1129 3950 ὅμως
1172 3876 1317 3932 οἷκον
1342 3883 1370 3933 6
1400 3880 1608 3944 Παῦλος
1633 3883 1709 3934 οἰ-

137 3958 355 4029 κοδομεῖ
372 3958 459 4013 διὰ
476 3960 583 4012 τῶν
606 3960 774 4028 ἁγίων
801 3961 973 4030 εὐχῶν
987 3968 1036 4015 ⁸.
1051 3960 1100 4014 Κ
1105 3960 1333 4029 άμπτω,
1350 3963 1502 4033 φησὶ,
1517 3966 1590 4016 τὰ
1614 3964 1710 4033 γό-

133 4040 282 4094 νατά
321 4060 444 4112 μου
497 4042 648 4111 πρὸς
686 4044 794 4097 τὸν
835 4043 1069 4110 Πατέρα
1114 4044 1222 4097 τοῦ
1270 4045 1489 4112 Κυρίου
1540 4044 1711 4114 ἡμῶν

144 4122 337 4191 Ἰησοῦ
359 4124 640 4193 Χριστοῦ,
664 4127 764 4179 ἵνα
785 4127 1114 4195 κατοικήσῃ
1146 4130 1178 4179 ό
1206 4128 1457 4195 Χριστὸς
1481 4127 1578 4181 διὰ
1600 4128 1710 4197 τῆς

132 4207 389 4273 πίστεως
413 4208 483 4261 ἐν
512 4206 643 4274 ταῖς
672 4208 943 4276 καρδίαις
961 4208 1148 4277 ὑμῶν.
1188 4211 1295 4262 Καὶ
1328 4211 1434 4281 μὴν
1460 4211 1710 4264 κάκεῖθεν

135 4286 231 4341 ῐδοι
267 4308 355 4355 τις
386 4291 452 4344 ἂν
481 4291 580 4361 τὴν
613 4289 841 4361 δύναμιν
872 4291 981 4344 τῶν
1009 4292 1180 4359 ἀγίων
1209 4290 1403 4362 εὐχῶν,
1440 4292 1589 4364 [7881
1626 4294 1707 4350 ὅτι

132 4378 344 4443 Παῦλος
377 4381 407 4432 6
438 4379 528 4433 διὰ
556 4381 737 4451 πάσης
767 4380 867 4450 τῆς
899 4382 1226 4451 οἰκουμένης
1254 4381 1443 4454 ῶσπερ
1471 4383 1708 4436 ὑπόπτε-

131 4476 221 4532 ρος
251 4464 498 4533 τρέχων,
530 4463 623 4515 καὶ
666 4462 1036 4534 δεσμωτήριον
1065 4464 1259 4528 οίκῶν,
1296 4465 1389 4517 καὶ
1440 4466 1710 4535 μάστιγας

130 4545 439 4617 ὑπομένων,
470 4546 563 4600 καὶ
591 4547 770 4617 φορῶν
796 4546 1005 4610 ἅλυσιν,
1041 4548 1135 4600 καὶ
1169 4548 1277 4614 ζῶν
1301 4551 1359 4603 ἐν
1387 4552 1579 4620 αἵματι
1614 4553 1710 4604 καὶ

129 4629 421 4696 κινδύνοις,
445 4629 542 4683 καὶ⁸
573 4629 830 4700 δαίμονας
865 4629 1133 4696 ἐλαύνων,
1179 4635 1274 4686 καὶ
1305 4636 1532 4704 νεκροὺς
1564 4635 1709 4702 ὲγείο

131 4727 239 4781 ρων
263 4752 278 4776 ,
310 4713 405 4766 καὶ
439 4712 625 4767 παύων
652 4715 1078 4785 ἀρρωστήματα,
1110 4714 1283 4767 οὐδενὶ
1306 4717 1510 4770 τούτων
1543 4718 1708 4789 ἐθάρ-

129 4798 298 4867 ρησεν
325 4799 407 4860 εἰς
438 4797 710 4867 σωτηρίαν
739 4796 846 4849 τῶν
874 4797 1200 4868 ἀνθρώπων,
1232 4799 1366 4852 ἀλλά
1390 4805 1505 4865 ταῖς
1540 4820 1710 4873 προσ-

126 4882 319 4949 ευχαῖς
349 4879 582 4949 ἐτείχισε
615 4879 713 4950 τὴν
742 4880 844 4949 γῆν
878 4881 929 4945 ι),
974 4876 1070 4933 καὶ
1100 4881 1239 4950 μετὰ
1261 4882 1331 4934 τὰ
1370 4887 1571 4954 σημεῖα
1615 4887 1709 4939 καὶ

123 4965 223 5031 τὴν
248 4964 363 5017 τῶν
393 4963 603 5035 νεκρῶν
632 4964 947 5028 ἀνάστασιν,
981 4966 1072 5018 ἐπὶ
1094 4964 1190 5029 τὰς
1220 4968 1526 5037 προσευχάς
1558 4969 1709 5041 ἔτρε-

124 5064 247 5117 χεν,
304 5047 497 5118 ῶσπερ
533 5065 619 5113 τις
656 5048 895 5119 ἀθλητὴς
931 5050 1024 5102 ἐπὶ
1068 5049 1405 5120 παλαίστραν
1444 5053 1552 5106 ἀπὸ
1589 5071 1708 5107 στε-

126 5130 322 5196 φάνου.
351 5130 465 5182 Καὶ
487 5129 594 5201 γὰρ
625 5132 719 5184 καὶ
744 5132 844 5202 τῆς
872 5134 1220 5196 ἀναστάσεως
1241 5133 1348 5185 τῶν
1375 5135 1583 5206 νεκρῶν
1613 5139 1708 5191 κα)⁵

123 5211 232 5266 τῶν
265 5212 447 5267 ἄλλων
478 5214 736 5268 ἁπάντων
784 5217 814 5285 ἡ
856 5214 1142 5285 προσευχὴ
1188 5216 1424 5287 χορηγός
1449 5235 1460 5247 ·
1489 5220 1584 5272 καὶ
1628 5222 1707 5274 εί-

124 5297 305 5361 κότως
350 5308 373 5335 ο
400 5315 413 5328 ’
451 5297 519 5367 ἢν
580 5298 691 5370 γὰρ
733 5298 967 5352 ἐπὶτῶν
1011 5299 1246 5370 δένδρων
1287 5301 1441 5370 ἰσχὺν
1478 5303 1593 5374 ἔχει
1636 5307 1706 5360 τὰ

126 5380 321 5442 ὕδατα,
356 5381 563 5451 ταύτην
591 5383 684 5434 ἐπὶ
702 5382 796 5435 τοῦ
822 5383 938 5453 βίου
964 5383 1071 5436 τῶν
1103 5384 1272 5452 ἁγίων
1300 5387 1354 5438 αί
1381 5390 1702 5459 προσευχαί.

136 5464 231 5519 Ἐν
286 5466 358 5536 τῇ
412 5463 568 5518 νυκτί
615 5465 788 5538 ταύτῃ
842 5467 1017 5538 ἄρδων
1051 5466 1148 5538 τὴν
1178 5468 1354 5540 ψυχὴν
1394 5475 1421 5522 6
1471 5471 1702 5541 Παῦλος,

186 5600 213 5629 ³
236 5601 326 5650 Sic
339 5614 440 5666 pos
458 5613 488 5649 θ
507 5602 707 5662 Savilio,
733 5614 819 5666 pro
839 5613 902 5652 eo
922 5603 1052 5663 quod
1090 5603 1366 5664 legebatur,
1391 5605 1525 5653 ποῖον
1546 5607 1702 5657 οἶκ....

129 5663 281 5725 σῦχῶν
297 5676 311 5721 ;
330 5663 471 5725 Enrr.
736 5663 748 5666 Ἰ
954 5665 960 5674 “

186 5724 215 5764 ὓ
234 5724 378 5775 Colb.
404 5726 573 5787 ψυχήν.
796 5786 799 5787 ν
1088 5780 1091 5783 .

190 5789 214 5816 ’³
242 5787 364 5835 Haec
415 5786 578 5843 verba,
600 5789 680 5833 καὶ
706 5786 916 5840 εἰκότως.
941 5798 968 5833 e
992 5787 1172 5836 Savih‘o
1197 5795 1413 5850 ιιορρριο.
1444 5789 1578 5840 Eon.

435 5882 704 5945 PATROL.
740 5887 856 5948 Gn.
901 5888 963 5947 L.

1391 357 1479 413 DE
1514 354 1950 414 PRECATIONE
1987 354 2049 409 ιι.

3266 354 3372 412 γει

1800 465 1980 520 πάντα
2010 463 2279 535 ὑπέμενεν
2306 465 2546 539 εὐχερῶς
2571 466 2638 522 τά
2661 464 2828 529 δεινά,
2853 465 3107 538 παρέχων
3136 465 3203 520 τὰ
3230 469 3377 522 νῶτα

1797 549 1920 611 ταῖς
1966 545 2201 617 πληγαῖς
2235 547 2423 621 ὥσπερ
2458 550 2697 622 ἀνδριάς.
2741 548 2930 613 Οὐτως
2962 552 3020 604 ὲν
3067 551 3373 623 Μακεδονίᾳ

1796 629 1856 683 τὸ
1892 630 2264 703 δεσμωτήριον
2300 631 2538 686 ἔσεισεν·
2568 632 2713 687 οὐτω
2756 633 2824 686 τὰ
2870 633 3047 704 δεσμά
3094 633 3378 706 διέρρηξεν

1797 717 1987 788 ὥσπερ
2031 717 2167 772 λέων
2203 722 2323 784 ταῖς
2354 723 2682 792 προσευχαῖς
2706 736 2720 749 ·
2752 720 2895 774 οὕτω
2918 721 3009 775 τὸν
3036 721 3131 775 τοῦ
3165 723 3380 793 δεσμων-

1795 799 1987 871 τηρίου
2035 800 2251 870 φύλακα
2302 806 2407 875 τῆς·
2442 804 2651 875 πλάνης
2699 804 3044 876 ὲξήρπασεν’
3085 806 3229 859 οὕτω
3280 806 3381 875 τὴν

1795 883 2086 959 τυραννίδα
2117 885 2225 939 τῶν
2257 886 2528 956 δαιμόνων
2561 888 2841 942 κατέλυσε,
2873 887 2986 941 Καὶ
3022 888 3128 960 μὴν
3155 890 3382 942 κάκεῖνά

1795 981 1861 1034 γε
1881 966 2059 1036 ίσμεν,
2077 967 2113 1021 ἀ
2130 968 2333 1039 γράφει
2355 970 2490 1040 πρὸς
2513 970 2718 1033 πάντας
2735 969 3074 1042 ἀνθρώπους·
3102 971 3181 1039 Τῇ
3196 986 3383 1037 προσ-

1796 1047 1950 1118 ευχῇ
2007 1051 2530 1119 προσκαρτερεῖτε,
2592 1052 3026 1122 γρηγοροῦντες
3082 1054 3152 1106 ἐν
3193 1052 3376 1121 αὐτῇ,

1795 1131 1866 1185 ἐν
1890 1133 2258 1205 εὐχαριστίᾳ,
2283 1135 2758 1203 προσευχόμενοι
2784 1134 2905 1204 ἅμα
2930 1134 3027 1189 καὶ
3055 1135 3189 1203 περὶ
3209 1136 3377 1203 ἐμοῦ,

1796 1214 1898 1268 ἵνα
1922 1233 2027 1284 μοι
2061 1216 2210 1286 δοθῇ
2235 1218 2420 1287 λόγος
2445 1218 2514 1271 ἐν
2541 1217 2769 1282 ἀνοίξει
2797 1217 2904 1271 τοῦ
2944 1219 3242 1286 στόματός
3257 1235 3378 1286 μου

1797 1297 1867 1351 ἐν
1891 1301 2214 1368 παρρησίᾳ,
2250 1299 2518 1369 λαλῆσαι
2542 1300 2608 1354 τὸ
2623 1300 2961 1370 μυστήριον
2983 1299 3086 1356 τοῦ
3124 1303 3382 1370 Εὺαγγε-

1798 1381 1958 1436 λίου.
1990 1382 2054 1433 Τί
2082 1382 2290 1451 λέγεις;
2323 1383 2593 1454 τοσαύτην
2625 1384 2756 1453 ἡμῖν
2791 1383 3104 1453 παρρησίαν
3127 1383 3181 1435 αἱ
3212 1400 3380 1453 προσ-

1800 1464 1956 1533 ευχαὶ
1989 1463 2258 1533 διδόασιν,
2288 1466 2364 1529 ὠς
2412 1467 2552 1537 ὑπὲρ
2609 1465 2823 1518 Παύλου
2869 1465 3075 1535 τολμᾷν
3122 1465 3212 1517 τὸν
3246 1465 3378 1517 θεὸν

1801 1548 2097 1614 ίκετεύειν;
2131 1549 2214 1613 τίς
2251 1549 2427 1621 τολμᾷ
2465 1547 2803 1620 στρατιώτης
2836 1548 2976 1618 ὑπὲρ
3007 1548 3101 1613 τοῦ
3144 1548 3379 1618 μεγάλου

1804 1632 2112 1705 στρατηγοῦ
2148 1633 2240 1686 τὸν
2286 1632 2508 1703 βασιλέα
2553 1632 2927 1704 παρακαλεῖν;
2964 1631 3154 1685 Καίτοι
3188 1649 3252 1699 γε
3292 1633 3381 1682 οὐ-

1800 1715 1910 1778 δεὶς
1935 1715 2077 1769 οὕτω
2101 1717 2406 1788 στρατηγὸς
2435 1716 2512 1787 τῷ
2538 1716 2745 1786 βασιλεῖ
2774 1717 2946 1786 φίλος,
2976 1716 3051 1778 ὡς
3075 1715 3283 1777 Παῦλος
3304 1715 3382 1784 τῷ

1801 1796 1948 1865 Θεῷ·
1981 1799 2096 1851 ἀλλ’
2121 1801 2269 1870 ὅμως
2300 1802 2378 1863 εἰς
2406 1799 2674 1871 τοσαύτην
2698 1799 2923 1868 ἄγουσιν
2949 1800 3096 1870 ἡμᾶς
3126 1800 3182 1851 αἱ
3210 1816 3381 1870 προσ-

1802 1881 1960 1948 ευχαὶ
1998 1880 2179 1950 τιμὴν,
2208 1882 2283 1943 ὼς
2327 1883 2465 1951 ὑπὲρ
2505 1882 2715 1939 Παύλου
2754 1882 2959 1953 τολμᾷν
2986 1882 3079 1935 τὸν
3105 1882 3236 1934 Θεὸν
3272 1884 3382 1934 ἰκε-

1801 1962 1997 2016 τεύειν.
2044 1963 2199 2017 Οὖτω
2242 1965 2336 2018 καὶ
2382 1966 2588 2038 Πέτρος
2618 1968 2646 2018 6
2692 1967 2883 2036 μέγας,
2927 1966 2956 2017 6
3001 1964 3095 2017 τοῦ
3148 1964 3379 2035 οὐρανοῦ

1802 2044 2198 2117 λαμπρότερος,
2226 2046 2290 2098 τὸ
2328 2047 2699 2120 δεσμωτήριον
2728 2049 2972 2118 διέφυγε,
3016 2048 3248 2117 μάλιστα
3285 2047 3382 2116 μὲν

1801 2126 1889 2180 διά
1926 2127 2022 2198 τὴν
2053 2130 2260 2183 οἰκείαν
2290 2131 2511 2202 ἀρετὴν,
2551 2131 2647 2184 καὶ
2672 2131 2772 2201 τὴν
2804 2131 2991 2201 κοινὴν
3032 2129 3140 2183 τῶν
3173 2128 3383 2198 ἀνθρώ-

1803 2229 1919 2265 πων
1962 2214 2254 2280 σωτηρίαν,
2290 2214 2482 2268 έπειτα
2529 2215 2713 2285 μέντοι
2760 2215 2855 2268 καὶ
2896 2217 2929 2286 ἡ
2968 2213 3242 2284 προσευχὴ
3276 2213 3383 2283 ,τῆς

1814 2293 2143 2364 Ἐκκλησίας
2175 2296 2569 2368 κεκλεισμένας
2609 2296 2703 2350 τοῦ
2734 2297 3115 2369 δεσμωτηρίου
3147 2296 3247 2358 τὰς
3291 2295 3385 2347 θύ-

1804 2392 1905 2446 ρας
1949 2379 2155 2449 ταχέως
2187 2381 2440 2451 ἀνέῳξεν.
2483 2382 2557 2435 Οὐ
2605 2381 2713 2454 γὰρ
2759 2382 2882 2451 εἰκῆ
2922 2380 3302 2454 προσέγραψεν
3355 2381 3384 2430 ό

1802 2462 2037 2524 Λουκᾶς,
2068 2464 2148 2515 ὅτι
2176 2463 2463 2536 Προσευχὴ
2495 2465 2552 2518 δὲ
2585 2460 2655 2535 ἦν
2690 2466 2916 2535 ὲκτενὴς
2954 2465 3085 2536 ὅλης
3115 2466 3215 2534 τῆς
3257 2464 3382 2517 Ἐκ-

1802 2542 2029 2614 κλησίας
2059 2544 2198 2616 ὑπὲρ
2226 2547 2321 2599 τοῦ
2356 2548 2585 2618 Πέτρου,
2626 2546 2739 2599 ἀλλ’
2777 2547 2863 2599 ἵνα
2909 2547 3170 2617 μάθωμεν
3200 2548 3381 2616 ἡμεῖς,

1801 2625 1934 2695 ὅσην
1975 2627 2130 2696 ἰσχὺν
2165 2629 2222 2679 ὲν
2254 2629 2503 2701 οὐρανοῖς
2549 2631 2604 2683 αἰ
2631 2630 2930 2702 προσευχαὶ
2961 2630 3277 2698 κέκτηνται,
3309 2628 3386 2690 ὡς

1803 2709 2013 2762 Παῦλον
2039 2710 2133 2763 καὶ
2166 2711 2370 2782 Πέτρον
2397 2711 2657 2766 κινδύνων
2686 2714 3072 2777 ἀπαλλάττειν,
3103 2714 3228 2776 τούς
3260 2712 3385 2764 στύ-

1801 2790 1926 2855 λους
1958 2792 2057 2863 τῆς
2100 2793 2457 2864 Ἐκκλησίας,
2489 2796 2614 2858 τοὺς
2645 2795 2978 2866 κορυφαίους
3008 2794 3115 2848 τῶν
3146 2794 3383 2848 ἀποστὸ-

1800 2874 1927 2938 λων,
1958 2878 2085 2940 τούς
2119 2878 2478 2949 περιϐοήτους
2518 2882 2575 2934 ἐν
2614 2880 2849 2952 οὐρανῷ,
2882 2879 2941 2933 τὸ
2973 2882 3151 2949 τεῖχος
3181 2879 3279 2947 τῆς
3308 2879 3387 2930 οἱ·

1803 2959 2096 3029 κουμένης,
2123 2960 2182 3013 τὸ
2209 2961 2386 3013 κοινὸν
2417 2961 2786 3033 φυλακτήριον
2822 2962 3003 3030 πάσης
3032 2964 3133 3031 γῆς
3167 2963 3261 3015 καὶ
3289 2960 3385 3013 θα-

1801 3039 2021 3110 λάττης.
2054 3042 2189 3093 Εἰπέ
2226 3059 2338 3113 μοι,
2369 3044 2486 3107 πῶς
2525 3047 2553 3097 6
2587 3044 2787 3114 Μωσῆς
2825 3044 2919 3098 τὸν
2962 3043 3176 3114 Ἰσραὴλ
3202 3046 3259 3095 ὲν
3289 3061 3386 3096 πο-

1802 3120 1987 3191 λέμοις
2023 3122 2314 3190 διέσωσεν;
2350 3127 2410 3177 οὐ
2447 3126 2515 3179 τά
2549 3127 2644 3196 μὲν
2669 3126 2812 3180 ὅπλα
2844 3126 2936 3178 καὶ
2985 3125 3084 3194 τὴν
3126 3125 3384 3196 στρατιὰν

1802 3204 1880 3274 τῷ
1906 3205 2122 3277 μαθητῇ
2150 3209 2489 3278 παρέδωκεν,
2522 3210 2684 3272 αὐτὸς
2706 3209 2761 3261 δὲ
2780 3208 2879 3271 τάς
2900 3207 3065 3278 εὐχάς
3090 3207 3384 3277 ἀντέστησε

1804 3287 1883 3359 τῷ
1919 3289 2112 3360 πλήθει
2142 3291 2250 3344 τῶν
2280 3291 2622 3358 ἀντιπάλων;
2662 3290 2928 3345 διδάσκων
2966 3293 3134 3362 ἡμᾶς,
3159 3291 3249 3344 ὅτι
3288 3292 3386 3343 καὶ

1806 3371 2006 3435 ὃπλων,
2032 3373 2126 3427 καὶ
2150 3374 2352 3441 ἵππων,
2384 3375 2478 3428 καί
2508 3375 2806 3446 χρημάτων
2827 3418 2842 3442 ,
2878 3375 2973 3427 καὶ
3009 3373 3386 3445 στρατοπέδων

1807 3457 1986 3527 πολλῷ
2015 3456 2238 3527 μείζονα
2262 3458 2489 3530 δύναμιν
2516 3462 2729 3529 ἔχουσιν
2755 3461 2812 3513 αἰ
2842 3460 3143 3530 προσευχαὶ
3172 3458 3278 3511 τῶν
3307 3459 3387 3512 δια

1806 3538 1994 3594 καίων.
2026 3540 2125 3594 Διά
2155 3542 2312 3595 τοῦτο
2347 3544 2438 3595 καὶ
2469 3545 2575 3606 πᾶς
2600 3545 2628 3596 6
2656 3544 2904 3614 στρατὸς,
2944 3543 3039 3595 καὶ
3066 3541 3255 3594 πολλαὶ
3288 3559 3389 3612 μυ-

1811 3622 2010 3691 ριάδες,
2043 3626 2102 3675 ἐν
2129 3627 2194 3694 τῇ
2220 3629 2495 3696 προσευχῇ
2521 3625 2614 3677 τοῦ
2645 3628 2924 3697 προφήτου
2947 3626 3047 3694 τὴν
3072 3624 3263 3677 ἐλπίδα
3290 3625 3387 3693 τῆς

1810 3706 2083 3776 σωτηρίας
2130 3703 2307 3777 είχον·
2343 3710 2780 3779 προσευχομένου
2824 3710 2923 3778 μὲν
2962 3710 3071 3778 γάρ
3118 3707 3211 3759 τοῦ
3255 3709 3386 3760 Μω-

1810 3790 1966 3851 σέως,
2000 3790 2266 3860 ἐκράτουν
2308 3792 2587 3855 Ἰουδαῖοι,
2617 3791 2967 3861 πεπαυμένου
3008 3790 3063 3843 δὲ
3088 3791 3185 3859 τῆς
3214 3807 3384 3861 προσ-

1809 3872 1995 3940 ευχῆς,
2039 3871 2257 3925 ἔλαττον
2295 3870 2438 3944 εἶχον
2474 3874 2582 3927 τῶν
2626 3874 2955 3927 ἀντιπάλων.
2997 3872 3153 3926 Οῦτω
3185 3874 3248 3944 δὴ
3295 3874 3388 3927 καὶ

1809 3955 1972 4024 ἡμεῖς
2003 3957 2423 4027 προσευχόμενοι
2463 3957 2581 4026 μὲν,
2612 3958 2810 4030 ῥαδίως
2847 3956 2939 4011 τοῦ
2976 3956 3220 4009 διαϐόλου
3253 3974 3389 4027 κρα-

1810 4040 2068 4109 τήσομεν,
2091 4040 2458 4110 ῥᾳθυμοῦντες
2481 4040 2555 4105 δὲ,
2581 4041 2701 4093 καθ’
2727 4041 2932 4094 ἑαυτῶν
2953 4040 3229 4111 ἀσκοῦμεν
3245 4040 3270 4080 ἀ
3295 4041 3387 4094 τόν

1812 4122 2073 4193 Πονηρόν.
2116 4124 2223 4175 Καὶ
2262 4124 2369 4193 μὴν
2417 4124 2511 4175 καὶ
2552 4123 2642 4175 τὸν
2683 4123 2813 4177 λαὸν
2866 4124 3247 4193 ἀσεϐήσαντα,
3300 4123 3387 4177 διὰ

1814 4216 2124 4285 προσευχῆς
2174 4215 2340 4286 μόνης
2385 4214 2609 4267 διέσωσε
2657 4216 2883 4284 Μωσῆς,
2929 4216 3022 4268 καὶ
3069 4215 3179 4267 τῶν
3224 4214 3387 4268 θείων

1812 4299 1987 4367 ὄψεων
2022 4299 2113 4351 καὶ
2149 4297 2358 4369 μυρίων
2386 4296 2605 4365 ἀγαθῶν
2631 4297 2717 4350 διὰ
2756 4297 2958 4366 ταύτης
2995 4298 3156 4368 ἔτυχε
3195 4298 3384 4368 μόνης.

1813 4381 1962 4451 Λῦτη
2014 4382 2123 4452 γὰρ
2175 4380 2324 4452 [789]
2374 4380 2523 4448 αὐτῷ
2568 4383 2662 4433 καὶ
2707 4381 2798 4432 τὸν
2840 4380 2952 4451 βίον
3006 4381 3387 4452 παραπλήσιον

1812 4466 2035 4534 ἐποίησε
2084 4468 2196 4526 τοῖς
2223 4465 2428 4517 οἰκοῦσι
2467 4464 2557 4516 τὸν
2590 4464 2837 4535 οὐρανόν.
2889 4464 3172 4535 Προσευχὴ
3215 4466 3387 4534 πυρὸς

1810 4547 2039 4618 δύναμιν
2086 4546 2300 4616 ἤλεγξε,
2340 4548 2433 4600 καὶ
2479 4547 2698 4610 λέοντας
2740 4547 3025 4617 ἡμέρωσε·
3058 4546 3120 4599 τὸ
3161 4547 3260 4616 μὲν
3294 4549 3387 4599 ἐπὶ

1809 4629 1903 4682 τοῦ
1926 4629 2143 4701 Δανιὴλ,
2166 4631 2226 4682 τὸ
2250 4629 2306 4681 δὲ
2334 4632 2426 4682 ἐπὶ
2452 4629 2560 4684 τῶν
2588 4628 2752 4701 τριῶν
2775 4628 3125 4701 ἐργασαμένη
3156 4629 3380 4683 παίδων.

1811 4715 1888 4764 Δι’
1921 4707 2014 4777 ὧν,
2050 4710 2223 4783 οἶμαι,
2256 4714 2349 4765 καὶ
2377 4711 2533 4783 δῆλον
2563 4713 2858 4784 πεποίηκεν
2890 4712 3112 4777 ἅπασιν,
3140 4714 3221 4765 ὅτι
3250 4713 3387 4765 πάν-

1800 4812 1930 4863 τας,
1957 4800 2112 4860 ὅσους
2137 4795 2202 4850 ἂν
2241 4796 2380 4867 λάϐῃ
2421 4797 2853 4864 κινδυνεύοντας,
2909 4797 3109 4869 ῥᾳδίως
3141 4796 3380 4868 ἐξαρπάι-

1809 4879 1894 4945 ζει
1930 4880 2040 4933 τῶν
2094 4878 2491 4949 ἐπηρτημένων
2532 4878 2740 4933 δεινῶν.
2792 4879 3078 4952 Προσευχὴ
3113 4880 3382 4951 σωτηρίαι,

1808 4966 2028 5036 ἀφορμὴ
2048 5005 2063 5027 ,
2096 4963 2394 5025 ἀθανασίας
2433 4961 2693 5035 πρόξενος
2724 4962 2903 5034 ψυχῆς
2924 4976 2971 5031 ε,
3004 4966 3105 5037 τῆς
3158 4964 3388 5033 Ἐκκλη-

1810 5048 1930 5110 σίας
1954 5049 2133 5116 τεῖχος
2159 5044 2418 5116 ἀῤῥαγὲς,
2444 5044 2811 5116 φυλακτήριον
2850 5047 3121 5110 ἄσειστον,
3157 5047 3387 5116 φοϐερὸν

1810 5129 1910 5200 μὲν
1935 5132 2047 5192 τοῖς
2083 5128 2325 5200 δαίμοσι,
2362 5130 2628 5200 σωτήριον
2671 5129 2728 5183 δὲ
2769 5132 2880 5193 τοῖς
2913 5130 3196 5182 εὐσεὸἐσιν
3230 5131 3383 5199 ἡμῖν.

1808 5211 1959 5282 Αὕτη
1992 5211 2083 5264 τὸν
2127 5212 2280 5280 ἆγιον
2320 5215 2604 5283 προφήτην
2637 5212 2730 5265 τὸν
2771 5211 3023 5283 Σαμουὴλ
3058 5211 3346 5283 ὲγέννησεν
3368 5231 3381 5242 ο

1808 5294 1997 5364 ἐπειδὴ
2033 5293 2141 5364 γάρ
2190 5297 2223 5365 ἡ
2264 5294 2425 5363 φύσις
2462 5294 2776 5365 ἠναντιοῦτο
2822 5297 2887 5365 τῇ
2935 5296 3101 5366 μητρὶ
3140 5296 3273 5367 πρὸς
3301 5313 3386 5363 γο-

1807 5380 1923 5445 νάς,
1954 5381 1988 5449 ἡ
2021 5378 2297 5450 προσευχὴ
2318 5382 2551 5447 φανεῖσα
2568 5378 2775 5450 ταχέως
2799 5377 3161 5448 ὲπανώρθωσε
3191 5379 3252 5431 τὸ
3281 5381 3383 5450 τῆς

1808 5462 2024 5533 φύσεως
2060 5462 2369 5532 ἐλάττωμα,
2404 5462 2660 5526 Τοιοῦτος
2703 5461 2805 5531 τῆς
2839 5463 3146 5533 προσευχῆς
3178 5463 3208 5514 6
3253 5480 3384 5534 καρ-

1808 5546 1929 5613 πὸς,
1967 5547 2203 5600 τοιοῦτον
2245 5547 2601 5618 ἐφύτευσενὴ
2638 5546 2913 5618 προσευχὴ
2955 5547 3254 5616 προφήτην.
3302 5547 3382 5602 Δι’

1869 5674 1897 5713 ἃ
1915 5673 2051 5723 Colb.
2072 5674 2176 5722 καθ’
2201 5675 2389 5737 ἑαυτῶν
2403 5674 2704 5737 διεγείρομεν.

1875 5739 1897 5765 θ
1923 5737 2094 5797 Ψυχῆς
2113 5738 2256 5785 deest
2280 5734 2329 5783 in
2358 5734 2493 5784 ColbL
2525 5734 2577 5784 εἰ
2600 5734 2648 5784 ιιι
2673 5738 2824 5787 εει-Η.
