3870 6272
31 529 110 584 33

31 644 137 697 elo
173 639 403 696 Samuel
425 639 595 699 factus
617 652 721 710 est,
747 657 870 698 cum
897 645 1208 714 angelorum
1228 655 1471 701 naturam
1497 646 1622 701 imi-

45 737 181 791 ndo
205 750 378 806 supra
400 737 662 792 humanas
677 739 818 793 vires
832 739 1179 809 expresserit.
1196 739 1441 810 Oportuit
1455 739 1620 809 enim,

31 828 236 896 pinor,
273 838 332 881 ut
357 827 422 892 is,
447 837 716 899 tamquam
742 830 886 899 spica
912 830 1154 900 quaedam
1182 832 1503 902 precationis
1530 847 1626 886 ex-

36 925 268 984 steret,
296 919 510 973 caneris
533 926 728 973 Virtute
773 935 1087 989 morumque
1133 920 1436 991 integritate
1482 935 1626 990 prae-

32 1010 285 1074 ,antior;
331 1024 504 1080 eoque
547 1012 748 1066 sanctis
791 1011 1117 1077 hominibus,
1148 1014 1237 1084 qui
1279 1013 1426 1068 illum
1469 1023 1627 1070 aetate

31 1111 444 1169 raeoosserant,
475 1104 727 1174 superior
763 1113 926 1172 esset,
957 1121 1063 1176 quo
1089 1106 1259 1176 magis
1281 1105 1332 1161 in
1359 1104 1628 1177 segetibus

31 1193 275 1248 uaedam
306 1193 589 1250 uberrimae
613 1195 774 1265 spica:
803 1204 962 1266 atque
985 1197 1260 1252 altissima:
1286 1197 1462 1254 solent
1489 1197 1630 1252 inter

32 1295 254 1339 meras
283 1287 539 1341 eminere.
571 1286 683 1342 Hac
711 1288 876 1343 David
925 1297 1002 1344 tot
1045 1304 1108 1344 ac
1141 1299 1282 1344 tanta
1326 1290 1464 1346 bella
1504 1304 1630 1360 pro-

32 1376 287 1440 ulsavit,
315 1390 421 1430 non
448 1391 718 1432 armorum
745 1381 1001 1450 strepitu,
1035 1396 1139 1436 non
1178 1381 1450 1436 hastarum
1495 1396 1626 1438 con-

34 1470 193 1532 ictu,
227 1483 340 1523 non
385 1469 570 1525 stricto
608 1469 806 1541 gladio,
852 1473 945 1528 sed
984 1476 1350 1544 precationum
1379 1474 1631 1543 praesidio

31 1561 438 1617 ommunitus:
472 1561 571 1616 hac
616 1563 872 1620 Ezechias
916 1565 1195 1620 Persarum
1232 1565 1630 1621 multitudinem

31 1652 279 1706 eleriter
323 1661 485 1706 vertit
518 1653 571 1706 in
593 1651 769 1724 fugam
791 1655 869 1724 (4.
897 1653 1025 1722 Reg.
1055 1653 1165 1728 18).
1196 1656 1262 1710 Et
1289 1655 1362 1710 illi
1409 1656 1623 1725 quidem

32 1741 81 1793 id
118 1740 424 1795 evertenda
470 1743 666 1798 muenia
692 1743 965 1798 machinas
993 1743 1338 1812 adhibebant,
1367 1745 1482 1816 ipse
1508 1761 1634 1801 vero

31 1834 290 1890 irecibus
345 1836 544 1889 moenia
585 1836 856 1891 muniebat
902 1854 916 1891 :
964 1837 1142 1908 itaque
1189 1839 1508 1892 exstinctum
1549 1847 1632 1893 est

31 1924 237 1980 Icllum
290 1925 617 1994 precatione,
641 1942 746 1981 non
787 1927 972 1993 armis,
1017 1942 1123 1982 non
1173 1929 1313 1982 tuba:
1361 1928 1631 1998 clangore,

32 2018 283 2072 :xercitu
329 2019 763 2088 conquiescente,
794 2029 930 2074 terra
977 2019 1234 2092 sanguine
1261 2035 1365 2074 non
1395 2035 1632 2090 aspersa,

32 2110 286 2164 nostibus
314 2125 415 2164 una
443 2110 743 2178 precatione
761 2113 1078 2179 perterritis.
1116 2113 1358 2167 Precatio
1373 2112 1636 2167 Ninivitas

31 2201 196 2256 :tiam
242 2201 616 2265 conservavit,
644 2216 675 2255 e
703 2202 835 2257 caelo
881 2204 1198 2257 concitatam
1249 2205 1378 2256 iram
1417 2215 1636 2273 repente

31 2291 268 2354 sedavit,
309 2291 650 2359 depravatam
679 2293 889 2348 vivendi
934 2295 1194 2350 rationem
1235 2295 1410 2349 subito
1458 2310 1636 2350 corrc-

31 2384 134 2437 ttit.
191 2381 426 2437 Tantum
475 2384 618 2439 enim
664 2385 897 2453 precatio
945 2386 1108 2452 valet,
1151 2394 1347 2438 utrum
1391 2385 1633 2454 turpissi-

57 2531 2696 2567 Μ

889 531 956 591 ΙΝ
991 531 1366 593 ORACULUM
1404 535 1786 621 ZACIIARIA).
1815 541 2202 613 REDDITUM,
2240 545 2391 606 ETC.

3216 557 3318 609 τ”ϐ

1733 668 1874 708 mam
1919 662 1975 710 et
2013 655 2460 726 improbissituam
2507 660 2669 717 vitam
2707 660 2962 721 Ninivitm
3003 665 3320 736 duxissent,

1733 758 1797 800 ea
1836 753 2016 802 tamen
2061 750 2115 804 in
2149 749 2417 807 civitatem
2465 753 2704 825 ingressa
2733 762 2911 811 omnia
2933 761 3313 815 commutarit:

1737 838 2142 906 temperantiam
2167 879 2184 908 ,
2221 841 2478 910 justitiam
2500 884 2518 911 ,
2563 844 2892 913 amicitiam,
2939 848 3280 903 concordiam
3303 891 3320 914 ,

1734 945 2028 1001 pauperum
2074 933 2481 1002 providentiam,
2527 938 2812 1008 omniaque
2856 939 2995 995 bona
3038 940 3196 995 simul
3237 957 3322 994 at-

1738 1021 1936 1076 tulerit.
1964 1021 2098 1078 Nam
2127 1025 2572 1094 quemadmodum
2608 1029 2791 1098 regina
2829 1029 3089 1099 quzepiam
3137 1030 3322 1086 urbem

1737 1112 1973 1182 ingressa
1997 1154 2014 1181 ,
2069 1129 2258 1172 omnes
2297 1116 2350 1171 in
2393 1133 2510 1172 eam
2549 1118 2748 1173 divitia:
2787 1118 3058 1175 conﬂuant
3104 1135 3327 1176 necesse

1738 1212 1822 1259 est
1863 1221 1876 1260 :
1921 1204 2002 1260 sic
2045 1205 2136 1261 ubi
2179 1209 2415 1277 precatio
2455 1209 2507 1263 in
2555 1211 2791 1264 animum
2850 1211 3017 1265 semel
3078 1211 3322 1273 intrarit,

1739 1295 1963 1352 virtutes
2007 1312 2126 1352 eam
2165 1312 2355 1354 omnes
2395 1301 2741 1354 comitantur.
2789 1299 2944 1367 Quod
2983 1300 3126 1355 enim
3163 1300 3324 1355 estin

1739 1383 1931 1442 domus
1955 1387 2178 1444 aedificio
2212 1388 2632 1455 fundamentum,
2659 1390 2709 1445 id
2731 1399 2814 1444 est
2839 1392 2889 1444 in
2913 1391 3094 1445 animo
3136 1405 3325 1458 preca-

1742 1477 1834 1532 tio.
1869 1477 2048 1548 ltaque
2075 1493 2173 1534 nos
2197 1493 2385 1534 omnes
2413 1479 2512 1534 hac
2552 1481 2802 1549 primum,
2830 1489 3096 1552 tamquam
3124 1479 3241 1537 basi
3267 1495 3330 1534 ac

1743 1569 2103 1635 fundamento,
2133 1573 2184 1626 in
2211 1573 2390 1628 animo
2414 1573 2691 1640 collocata,
2713 1585 2933 1630 strenue
2959 1583 3173 1644 oportet
3195 1573 3331 1628 aedi-

1744 1665 1924 1730 ficare,
1945 1667 2368 1734 temperantiam,
2388 1665 2870 1730 mansuetudinem,
2889 1665 3170 1736 justitiam,
3196 1679 3327 1734 pau-

1743 1769 1928 1822 perum
1979 1755 2387 1825 providentiam,
2418 1755 2721 1827 Christique
2755 1755 2901 1828 leges
2932 1755 3206 1809 universas
3233 1756 3333 1808 im-

1745 1861 1943 1916 ponere
1970 1847 2050 1918 (a)
2077 1847 2159 1920 [ut
2186 1855 2259 1914 et,
2299 1849 2450 1917 juxta
2472 1862 2564 1902 eas
2589 1847 2828 1901 moribus
2873 1847 3148 1910 institutis,
3192 1845 3332 1899 bona

1744 1937 1976 1993 caelestia
2023 1939 2379 2005 obtineamus,
2430 1939 2595 2008 gratia
2640 1947 2694 1993 et
2738 1937 3101 1994 misericordia
3126 1936 3334 1991 Domini

1745 2030 1915 2084 nostri
1957 2029 2082 2085 Jesu
2121 2029 2383 2102 Christi],
2429 2045 2525 2101 per
2571 2046 2727 2099 quem
2767 2041 2823 2085 et
2881 2045 3004 2085 cum
3045 2044 3150 2099 quo
3191 2028 3332 2083 Patri

1745 2134 1865 2173 cum
1905 2129 2089 2175 sancto
2135 2121 2334 2190 Spiritu
2379 2121 2544 2191 gloria
2571 2130 2627 2177 et
2653 2121 2956 2192 imperium,
3005 2135 3099 2191 per
3141 2119 3332 2174 s:ecula

1747 2213 2085 2268 sazculorum.
2115 2215 2305 2267 Amen.

1816 2391 1889 2455 (a)
1923 2400 2037 2452 Quae
2059 2393 2248 2441 uncinis
2267 2389 2557 2441 clauduntur
2579 2401 2608 2438 e
2625 2387 2797 2438 Savilio
2811 2390 3038 2439 restituta
3055 2394 3185 2438 sunt.

2967 2539 3297 2552 —.——-——.-

2699 2556 3120 2562 —————————————-—v
3147 2557 3192 2562 ο-Δ
3215 2557 3246 2564 —
3265 2554 3297 2564 -η

1271 2630 2077 2878 SPUaIA.

757 2957 832 3017 lN
884 2958 1296 3018 HOMlLlAM
1321 2958 1417 3017 DE
1445 2910 1822 3018 ORACULO
1851 2960 2277 3020 ZACHARL’E
2311 2961 2689 3024 BEDDITO.

65 3056 445 3129 an_voluc_rem
486 3058 716 3129 huvuana
739 3058 913 3129 forma
942 3058 1370 3127 pneditamHta
1408 3069 1589 3128 postea
1615 3128 1618 3129 ν
1644 3061 1888 3127 loquutus
1925 3070 2002 3112 est
2046 3059 2246 3115 Homil.
2277 3062 2342 3116 de
2394 3061 2689 3116 Publicano
2715 3072 2764 3116 et
2815 3061 3110 3123 Pharisazo,
3139 3061 3325 3129 Θηρίον

66 3125 562 3208 ἀνθρωπρμορφον.
593 3127 744 3208 Quod
771 3125 1108 3208 autem—dixit
1135 3125 1440 3208 paulo-ante
1473 3125 2091 3208 sterilem-peperisse,_ut
2119 3132 2377 3208 peperisse
2395 3134 2535 3208 virgo
2569 3133 2839 3208 credatur,
2872 3135 2948 3208 sic
2970 3147 3174 3208 quoque
3194 3125 3325 3208 Cre-

69 3195 573 3268 gorius_Nyssentts
597 3198 862 3264 eleganter
888 3199 1102 3268 scripsit
1135 3195 1371 3251 Homilia
1399 3200 1455 3250 in
1497 3199 1633 3250 diem
1661 3195 1861 3268 Christi
1888 3195 2138 3263 natalem,
2182 3195 2289 3254 etc.
2321 3195 2492 3266 Quod
2519 3212 2698 3254 autem
2753 3201 2828 3254 ait
2855 3201 2920 3256 de
2973 3195 3325 3254 resarciendo

70 3265 200 3319 loco
227 3266 332 3340 _i|lo_
351 3265 650 3340 ὰςροϐἀῖην
687 3267 892 3340 δρομξᾳ.
918 3265 1406 3340 ἀνθρωπόμορφᾳῖ),
1440 3284 1500 3340 οδ
1527 3283 1634 3340 uno
1668 3269 1669 3273 “

1761 3269 1834 3335 gio
1857 3268 2053 3340 Codice
2088 3265 2466 3330 continuatur,
2489 3271 2583 3338 qui
2606 3271 2766 3323 habet
2792 3271 3094 3340 dspo6dc-qv
3120 3269 3327 3340 δρομέα

70 3335 282 3410 πτηνὸγ
310 3335 797 3410 ἁνβρωπόμορφογ.
834 3335 1097 3410 Hontilias
1137 3335 1299 3406 perro
1323 3338 1441 3410 illas
1473 3337 1662 3390 Latina

1761 3354 1864 3406 jute
1897 3337 2082 3410 Graece
2122 3355 2227 3392 non
2272 3335 2519 3402 exstant,
2547 3356 2776 3410 quaeque
2802 3335 3176 3410 Chrysostomi
3222 3335 3325 3392 no-

72 3420 202 3478 men
235 3405 346 3459 sive
381 3407 504 3475 jure
541 3407 656 3459 sive
699 3407 896 3475 injuria
924 3405 1338 3473 circumferunt,
1383 3407 1436 3460 in
1476 3405 1830 3476 sequentibus
1867 3409 2029 3462 tomis
2058 3423 2158 3463 suo
2196 3418 2460 3478 quantum
2489 3405 2579 3463 fas
2615 3405 2720 3463 erit
2766 3409 2882 3465 loco
2905 3405 3142 3464 edendas
3171 3423 3324 3462 cura-

177 3491 283 3526 HIS.

177 3491 190 3523 l
219 3491 231 3524 ι
271 3514 283 3526 .

73 3476 536 3611 lml‘titzrprelatio
572 3542 762 3598 Latina
803 3556 884 3599 est
915 3544 1206 3600 Frontonis
1231 3545 1434 3599 Ducaei.

460 3805 522 3846 IN
567 3805 907 3846 ORACULL‘M
955 3803 1286 3847 ZACHABIJS
1333 3803 1688 3856 REDDITUM,
1735 3803 1815 3844 ΕΤ
1859 3803 1919 3844 IN
1966 3801 2451 3845 CONCEPTIONEM
2501 3798 2803 3840 ELISABET
2848 3779 2959 3858 (η).

143 3908 281 3960 Nihil
315 3907 604 3962 Dominicis
631 3908 833 3977 legibus
872 3921 978 3960 non
1009 3906 1303 3974 subjectum
1326 3915 1408 3960 est
1436 3923 1450 3960 :
1475 3907 1652 3959 omnia

66 3978 332 4048 siquidem
401 3977 588 4032 divino
673 3988 939 4047 pra-cepto
1014 3977 1210 4030 cedunt
1265 3985 1320 4030 et
1401 3978 1657 4048 serviunt.

72 4047 392 4117 Pratceptum
427 4049 607 4112 enim,
667 4049 854 4115 inquit,
903 4048 1085 4118 posuit,
1144 4057 1190 4100 et
1240 4063 1342 4118 non
1392 4047 1664 4118 praeteribit

73 4118 252 4190 (Psal.
287 4119 404 4171 H8.
440 4118 496 4190 6)
530 4136 542 4171 :
575 4118 662 4187 qui
695 4120 834 4172 enim
871 4117 1131 4190 principio
1171 4117 1448 4170 constituit
1481 4117 1660 4190 omnia

74 4187 266 4253 verbo,
293 4196 465 4255 potest
478 4187 541 4242 et
571 4204 758 4242 rursus
796 4203 955 4256 opera
985 4187 1342 4256 figmentaque
1371 4201 1466 4240 sua
1497 4187 1664 4240 verbo

78 4267 456 4315 transmittare.
505 4260 647 4312 Dixit
673 4260 800 4313 olim
827 4267 885 4312 ut
927 4259 1082 4326 aquis
1111 4258 1321 4326 penitus
1346 4271 1536 4311 carens
1565 4271 1666 4326 pe-

81 4343 165 4384 tra
211 4329 402 4397 irrigua
447 4330 632 4394 fieret;
663 4329 751 4382 illa
797 4343 926 4382 vero
969 4329 1146 4381 subito
1173 4326 1362 4381 fluvios
1403 4341 1662 4396 aquarum

80 4408 285 4454 eructat
315 4398 505 4469 (Exod.
541 4400 654 4464 17).
689 4398 944 4453 Percussit
972 4398 1115 4452 enim
1152 4407 1476 4469 parauit“;
1501 4399 1668 4469 fluxa-

82 4479 204 4524 runt
229 4466 383 4538 aquae,
425 4479 472 4521 et
497 4469 714 4538 ﬂumina
742 4469 1112 4522 inundaverant
1140 4466 1310 4535 (Psal.
1337 4467 1426 4521 77.
1453 4466 1584 4538 21ης
1609 4474 1666 4519 et

85 4549 238 4608 petra
266 4537 380 4609 qua:
408 4537 556 4608 priUs
595 4539 742 4595 arida
776 4548 892 4594 erat
923 4548 978 4593 et
1005 4553 1201 4608 expers
1225 4553 1504 4609 aquarum,
1548 4537 1668 4609 fons

84 4606 361 4680 ﬂuminum
408 4606 466 4662 et
499 4625 757 4680 aquarum
785 4618 955 4664 mater
981 4617 1063 4680 est
1083 4606 1238 4680 facta
1266 4608 1416 4678 (lsai.
1449 4609 1538 4662 55.
1571 4606 1623 4680 7)
1651 4623 1665 4662 :

87 4679 224 4736 nihil
251 4679 439 4748 quippe
469 4679 834 4745 infecundum,
879 4694 1000 4734 cum
1043 4679 1416 4734 fecunditatem
1445 4679 1671 4748 imperat

91 4750 288 4806 Dcus‘.
319 4750 414 4816 Qui
445 4759 554 4803 tum
603 4751 760 4818 igitur
789 4749 1124 4805 infecundam
1155 4757 1361 4819 petram
1407 4749 1672 4804 convertit

91 4825 148 4876 in
179 4831 434 4888 stagnum,
481 4836 621 4874 nunc
647 4835 858 4890 quoque
903 4820 1142 4874 sterilem
1190 4819 1512 4890 Elisabetam
1557 4833 1672 4887 pro-

91 4887 400 4946 creatricem
427 4887 715 4944 liberorum
745 4887 970 4945 matrem
999 4890 1112 4943 ﬁeri
1139 4890 1318 4957 jussit,
1348 4898 1402 4944 et
1428 4887 1674 4944 infecun-

91 4963 218 5017 dam
246 4960 468 5014 reddidit
500 4959 802 5026 fecundam,
826 4970 880 5016 et
905 4969 1180 5015 senectute
1201 4958 1496 5014 confectam
1521 4959 1672 5029 quasi

94 5045 288 5088 recens
313 5039 526 5098 nuptam
559 5031 811 5097 puellam.
860 5033 976 5098 Quo
1007 5039 1247 5100 tempore
1272 5029 1341 5100 ad
1369 5031 1673 5100 sepulcrum

99 5101 400 5169 urgebatur,
438 5115 504 5154 eo
530 5109 774 5170 tempore
806 5102 871 5154 ad
909 5099 1222 5170 pariendum
1251 5099 1674 5168 diSpOnebatur:

97 5187 207 5242 quo
234 5179 463 5242 tempore
499 5180 776 5242 senectute
817 5186 1010 5241 corpus
1044 5180 1514 5242 cmarcucratteo
1540 5179 1679 5224 tem-

103 5240 232 5313 pore
269 5240 397 5313 Deus
412 5248 629 5313 uterum
655 5241 772 5308 ejus
799 5240 1076 5313 renovavit
1100 5242 1214 5313 :‘ita
1243 5241 1382 5313 quod
1410 5240 1498 5294 illa
1533 5250 1674 5313 tem-

105 5309 248 5382 poris
277 5310 457 5382 injuria
487 5311 761 5374 amiserat,
809 5311 1070 5382 beneficio
1099 5309 1402 5364 Conditoris
1433 5311 1635 5382 recepit
1663 5325 1679 5374 ;

105 5380 316 5450 etquod
354 5382 602 5450 juventus
643 5381 968 5450 perdiderat.
1002 5397 1030 5434 a
1080 5391 1356 5435 senectute
1400 5380 1683 5450 repeteba-

108 5449 234 5506 tur’:
265 5449 467 5519 quando
487 5451 646 5504 morti
672 5451 781 5520 jam
808 5454 982 5506 vicina
1009 5462 1144 5514 erat,
1163 5459 1303 5506 tunc
1333 5449 1482 5519 pueri
1512 5461 1682 5504 mater

108 5521 496 5590 appellabatur;
525 5529 581 5576 et
609 5533 728 5588 qua:
753 5527 887 5577 avia:
931 5533 1140 5591 tempus
1165 5536 1506 5592 supergressa
1539 5529 1678 5585 erat,

114 5592 181 5646 ad
213 5600 492 5645 maternam
535 5592 948 5647 sollicitudinem
979 5590 1225 5647 devoluta
1264 5590 1386 5646 est:
1420 5590 1675 5645 infantem

113 5662 318 5734 inguinis
343 5662 748 5734 gestabat,qu:e
777 5664 1015 5734 scipione
1051 5677 1162 5733 prae
1209 5663 1370 5716 nimia
1401 5668 1686 5718 senectute

115 5732 181 5786 ad
213 5734 462 5788 incessum
503 5732 821 5804 indigebat:
852 5732 1263 5806 primogenitum
1303 5748 1438 5788 anus
1482 5748 1680 5804 pueru-

181 5890 197 5922 ¹
230 5897 291 5939 tta
313 5895 419 5952 Reg.
447 5887 510 5939 At
534 5888 676 5960 Edit.,
708 5886 834 5960 nihil
851 5888 978 5960 enim
997 5887 1166 5942 inutile
1188 5896 1271 5941 aut
1299 5890 1610 5956 infecundum
1633 5887 1685 5940 in

120 5953 184 6003 eis
203 5963 301 6013 ante
321 5950 466 6013 abeo
484 5950 710 6002 ordinata
727 5958 854 6005 sunt.
882 5953 1041 6001 minus
1061 5961 1219 6002 recte.

182 6011 247 6074 (a)
278 6011 442 6062 collata
464 6025 575 6062 cum
597 6013 738 6062 codd.
760 6021 908 6089 ἕψεις.
936 6013 1057 6064 1852
1079 6021 1130 6064 et
1151 6015 1287 6064 35155.

1763 3906 1871 3960 lum
1904 3905 2166 3960 tractabat
2203 3923 2216 3959 :
2247 3905 2550 3973 sterilisque
2580 3913 2772 3972 praeter
2810 3902 3116 3971 opinionem
3152 3915 3214 3955 ac
3246 3904 3347 3954 mi-

1767 3977 2007 4031 rabiliter
2046 3976 2247 4045 genuit.
2279 3987 2338 4029 ttt
2385 3985 2582 4045 pratter
2620 3980 2863 4027 naturam
2893 3973 3171 4045 peperisse
3201 3973 3352 4041 virgo

1767 4042 2364 4113 credaturCUtrumque
2388 4042 2589 4098 novum
2617 4053 2700 4097 est
2737 4052 2793 4097 et
2837 4042 3115 4113 mirabile:
3152 4045 3350 4096 sterilis

1765 4118 1906 4172 enim
1938 4127 1993 4171 et
2013 4117 2163 4185 virgo
2186 4111 2561 4185 inexspectata:
2586 4123 2710 4167 sunt
2736 4121 2954 4167 matres.
2980 4111 3352 4185 Hujusauteui

1767 4197 1952 4256 partus
1981 4181 2243 4240 mirabilis
2274 4181 2550 4240 zacharize
2577 4185 2920 4256 senimissus
2953 4181 3231 4256 _est_in_dex
3264 4198 3349 4256 ar-

1765 4251 2056 4326 changelus
2089 4256 2306 4311 Gabriel
2330 4264 2602 4326 :ietstans
2629 4254 2894 4326 aidextris
2920 4251 3102 4326 altaris
3131 4253 3352 4314 incensi,

1766 4323 2012 4397 apparuit
2059 4327 2131 4381 illi
2163 4343 2177 4379 :
2212 4325 2278 4380 Et
2322 4325 2620 4389 Zacharias,
2670 4325 2863 4397 inquit,
2898 4323 3124 4397 turbatus
3147 4325 3356 4397 estati-

1766 4393 1924 4462 deits;
1965 4409 2011 4452 et
2057 4400 2204 4451 timor
2247 4397 2393 4450 irruit
2438 4411 2588 4463 super
2631 4410 2748 4447 eunt
2794 4393 2946 4461 (Luc.
3006 4395 3054 4447 l.
3103 4395 3190 4447 11.
3241 4393 3351 4462 12).

1767 4469 1911 4523 Vidit
1937 4483 2166 4538 namque
2187 4467 2335 4538 quod
2360 4480 2644 4538 numquam
2664 4463 2901 4538 viderat,
2929 4465 3104 4538 ignem
3136 4465 3354 4538 loquen-

1766 4548 1896 4603 tem,
1924 4535 2296 4608 incorporeum
2327 4535 2595 4608 hominem
2618 4577 2632 4601 ,
2663 4535 3053 4608 intractabilem
3085 4536 3316 4608 speciem
3341 4576 3355 4596 ,

1767 4605 2126 4679 Spectaculuin
2147 4608 2276 4662 nulli
2302 4605 2703 4671 conferendum,
2725 4605 2894 4679 visum
2917 4606 3356 4679 incomparabile,

1769 4675 1864 4749 per
1892 4696 2069 4735 aerem
2113 4680 2450 4749 incedentem
2485 4691 2779 4749 cursorem,
2811 4675 3080 4749 volucrem
3131 4677 3360 4729 humana

1767 4745 2041 4820 praeditam
2083 4751 2282 4811 forma:
2321 4759 2376 4804 et
2407 4746 2662 4820 Turbatus
2689 4747 2976 4820 estvidens.
3017 4745 3156 4820 Cum
3182 4757 3361 4820 autem

1770 4816 1889 4876 eum
1934 4823 2195 4876 turbatum
2220 4821 2425 4875 videret
2453 4819 2693 4887 angelus,
2713 4817 2962 4885 jucundis
2991 4816 3266 4883 promissis
3297 4818 3364 4868 ti-

1771 4907 1972 4946 morem
1999 4893 2142 4962 fugat
2173 4908 2186 4944 :
2219 4891 2301 4946 Ne
2327 4891 2522 4954 timeas,
2551 4887 2826 4962 lac/inriti,
2859 4888 3099 4962 quoniam
3119 4887 3359 4962 exuat-lita

1771 4972 1843 5014 est
1867 4959 2153 5031 deprecatio
2185 4972 2270 5014 tua
2297 4971 2382 5015 :et
2426 4977 2558 5014 uxor
2599 4969 2686 5031 tua
2729 4959 2954 5012 Elisabet
2983 4959 3143 5031 pariet
3185 4959 3274 5031 tibi
3299 4959 3361 5022 ﬁ-

1773 5033 1916 5096 lium,
1933 5028 1995 5086 'et
2023 5033 2220 5086 vocabis
2249 5047 2429 5084 nomen
2468 5031 2582 5102 ejus
2601 5028 2856 5084 Joannem
2878 5047 2898 5084 .'
2923 5037 2970 5102 et
3000 5030 3095 5081 erit
3121 5029 3360 5102 gaudium

1773 5103 1861 5155 tibi
1889 5113 1933 5156 et
1957 5102 2230 5157 exsultatio
2257 5113 2342 5155 :et
2369 5097 2515 5154 multi
2540 5102 2593 5154 in
2623 5102 2883 5154 nativitate
2916 5101 3026 5168 ejus
3053 5097 3365 5168 gaudebunt.

1777 5173 2066 5236 Netimeas,
2111 5172 2360 5227 Zacltaria
2383 5171 2528 5243 (Luc.
2551 5172 2720 5243 1.15.
2741 5172 2828 5242 ll)
2857 5186 2997 5225 :non
3029 5179 3086 5222 ιιι
3115 5169 3361 5243 timorem

1777 5245 2028 5298 incutiam
2051 5245 2192 5304 veni,
2216 5244 2307 5298 sed
2326 5237 2502 5312 gaudii
2528 5241 2622 5312 tibi
2652 5237 2924 5312 nuntiator
2955 5239 3182 5312 accessi.
3203 5237 3364 5306 Cujus

1777 5315 1990 5368 tandem
2018 5315 2234 5383 gaudii?
2266 5307 2410 5383 υἱον
2439 5322 2525 5366 tua
2549 5309 2774 5383 Elisabet
2802 5313 2963 5382 pariet
2993 5307 3365 5383 tibiiﬁliutn,ret

1775 5385 1978 5458 vocabis
2007 5377 2198 5458 nomen
2217 5388 2324 5458 ejus
2349 5382 2603 5458 Joannem
2628 5397 2648 5458 ς
2678 5382 2762 5434 hic
2792 5377 3060 5458 tamquam
3089 5379 3273 5435 lucifer
3301 5377 3368 5458 il-

1778 5455 2016 5510 lucescet
2043 5451 2262 5519 mundo',
2292 5464 2346 5510 et
2385 5453 2695 5523 ignorantia:
2722 5453 2970 5508 tenebras
3005 5462 3227 5508 evocato
3255 5451 3367 5502 sole

1775 5526 1993 5595 justitize
2037 5527 2314 5596 dissipabit
2347 5544 2359 5579 :
2389 5525 2488 5592 Qui
2513 5524 2654 5578 enim
2699 5532 2809 5596 post
2848 5540 2928 5577 nte
2955 5524 3121 5596 venit,
3148 5532 3262 5574 ante
3291 5537 3369 5573 me

1780 5594 1942 5665 factus
1981 5607 2088 5664 est;
2119 5594 2266 5668 cujus
2294 5614 2384 5667 ego
2428 5611 2526 5668 non
2569 5609 2696 5668 sunt
2730 5594 2910 5668 dignus
2948 5601 3004 5668 ut
3042 5594 3234 5648 soleam
3261 5596 3368 5668 ejus

1776 5652 2046 5737 corrigiam
2069 5652 2407 5723 'calc'eantevnti
2450 5666 2636 5737 (litare.
2676 5663 2726 5718 1.
2757 5652 2831 5736 Ἰ).
2865 5663 2929 5737 ξι
2971 5652 3364 5737 ipseprtrceiit-t

1781 5740 1834 5792 in
1877 5734 2058 5806 spiritu
2081 5749 2128 5794 et
2166 5741 2348 5794 virtute
2387 5734 2520 5793 Elia:
2554 5735 2702 5805 (Luc.
2740 5734 2796 5792 εξ
2832 5735 2942 5805 2?).
2973 5734 3203 5806 Spiritus
3245 5735 3369 5806 lilia:

1783 5803 2038 5864 habitavit
2067 5813 2225 5864 etiam
2253 5821 2307 5865 et
2328 5812 2380 5864 in
2410 5803 2651 5865 Joanne:
2682 5803 3113 5878 spiritus'quippe
3136 5805 3368 5878 prophe-

1785 5889 1954 5951 tarum
2004 5883 2276 5951 prephetis
2326 5880 2555 5951 subjecti
2595 5875 2757 5942 sunt;
2813 5887 2974 5949 atque
3020 5876 3081 5951 i_n_
3121 5875 3370 5951 omnibus

1783 5950 1951 6022 ferme
1976 5944 2236 6008 Joannem
2256 5953 2396 6007 'Elim
2421 5944 2648 6005 similem
2672 5944 2989 6022 invenimus.
3027 5946 3118 6022 ille
3145 5944 3365 6022 degebat

1785 6021 1836 6074 in
1883 6023 2172 6089 montibus,
2210 6025 2293 6080 hic
2341 6025 2394 6078 in
2423 6023 2635 6078 deserto
2663 6021 2970 6076 versabatur
2998 6036 3012 6075 :
3039 6018 3188 6073 illum
3221 6018 3364 6070 corvi
