3870 6272
104 391 208 446 789

102 503 225 556 [iliis
256 500 413 556 Israel
438 500 680 567 diceret,
707 498 772 554 In
799 517 964 554 mense
989 501 1228 567 septimo,
1258 500 1312 556 in
1327 500 1520 554 decima
1541 517 1683 555 uten-

100 574 205 635 sis,
242 573 506 625 Itumiliate
530 572 727 624 animus
757 582 945 625 vestras
986 570 1165 641 (Leuit.
1198 572 1283 625 I6.
1311 571 1404 639 29)
1441 588 1454 624 :
1486 570 1588 625 hoc
1618 571 1686 626 de

98 642 436 710 Scetmpegia
459 641 657 712 dicium
688 649 770 695 est
802 658 816 695 :
847 652 955 694 tutu
987 641 1126 695 enim
1157 641 1207 694 in
1250 641 1572 712 Scenopcgia
1602 656 1688 696 se-

100 714 203 765 n.el
235 714 286 765 in
319 726 460 763 anno
487 711 633 765 solus
660 713 893 780 pontifex
918 751 933 773 ,
979 720 1040 765 ut
1085 712 1357 767 incensum
1410 711 1680 779 adoleret,

100 784 150 836 in
194 789 378 836 sancta
427 788 733 836 sanctorum
779 782 1027 835 intrabat.
1059 780 1116 835 In
1158 783 1255 836 hac
1279 796 1405 851 ergo
1429 783 1684 841 solemni-

102 862 208 906 tate
237 852 589 921 Scenopegiaa
616 850 905 906 Zacharias
930 852 1197 921 ingressus
1223 853 1372 906 estin
1401 852 1587 907 ordine
1609 854 1685 907 vi-

99 924 176 975 cis
205 936 349 984 suae,
399 930 455 992 ut
491 924 764 976 incensum
822 933 1043 990 poneret
1090 938 1105 976 :
1149 923 1395 992 fiditque
1440 924 1683 992 angelum

102 1002 331 1046 stantem
361 1008 391 1045 a
415 991 618 1045 dextris
646 992 827 1046 altaris
870 992 1105 1057 incensi;
1137 990 1204 1045 Et
1250 990 1529 1046 lac/tarias
1572 1004 1683 1046 tur-

101 1063 246 1114 batus
276 1071 347 1115 est
376 1062 547 1115 videns
580 1078 597 1114 :
625 1071 672 1131 et
701 1063 850 1115 timor
877 1063 1023 1114 irruit
1058 1079 1207 1131 super
1240 1079 1373 1119 eum.
1409 1063 1489 1115 Ait
1516 1073 1684 1118 autem

101 1132 167 1184 ad
192 1149 306 1184 cum
334 1132 541 1202 angelus
561 1147 582 1186 :
613 1130 696 1187 Ne
712 1133 886 1186 timeas
904 1172 918 1196 ,
941 1130 1199 1203 Zacltaria
1213 1149 1233 1203 ,‘7
1257 1133 1495 1203 quoniam
1524 1149 1678 1186 exau-

101 1203 206 1254 dita
234 1212 311 1255 est
350 1200 633 1272 deprecatio
657 1211 744 1256 tua
771 1220 786 1256 :
813 1213 858 1256 et
883 1218 1011 1256 uxor
1026 1212 1124 1272 jua
1153 1200 1376 1256 Elisabet
1399 1204 1558 1272 pariet
1596 1204 1682 1257 tibi

102 1273 301 1340 ﬁlium,
344 1281 389 1325 et
415 1270 613 1329 uocabis
642 1289 823 1326 nomen
859 1273 967 1343 ejus
995 1270 1261 1326 Joannem
1291 1288 1309 1325 :
1352 1270 1409 1326 et
1441 1274 1533 1333 erit
1558 1290 1683 1342 gau-

101 1344 242 1394 dium
268 1343 360 1395 tibi
379 1352 424 1395 et
450 1342 738 1404 exsultatio,
767 1353 813 1396 et
835 1342 979 1395 multi
1004 1343 1053 1413 in
1081 1343 1336 1397 nativitate
1361 1344 1468 1412 ejus
1493 1344 1683 1413 gaude-

104 1415 223 1464 bunt
258 1428 277 1463 :
307 1413 399 1465 erit
418 1413 552 1466 enim
574 1429 786 1482 magnus
805 1429 975 1466 coram
1002 1412 1221 1466 Domino
1237 1428 1258 1473 ;
1280 1422 1325 1466 et
1356 1412 1525 1466 vinum
1549 1427 1593 1466 et
1615 1416 1685 1468 si-

98 1498 265 1535 ceram
295 1482 548 1564 nouitibet
571 1524 585 1547 ,
608 1483 879 1564 el‘SPiritu
908 1493 1081 1564 sancto
1106 1483 1375 1564 replebitur
1403 1482 1570 1564 adhuc
1621 1501 1683 1564 ca:

101 1564 240 1622 utero
268 1553 447 1606 matris
478 1568 601 1606 suae.
638 1551 706 1605 Et
728 1556 838 1622 ipse
876 1554 1121 1621 prtecedet
1150 1551 1203 1605 in
1223 1554 1404 1621 spiritu
1431 1562 1477 1606 et
1505 1555 1684 1608 virtute

102 1621 262 1686 Elite,
289 1632 346 1693 ut
366 1632 617 1676 conuertat
641 1621 799 1676 corda
823 1632 1022 1693 patrum
1050 1622 1292 1693 ini/ilics,
1325 1633 1369 1676 et
1396 1624 1682 1679 incredulos

101 1694 164 1744 ad
204 1692 528 1764 prudentiam
556 1691 1060 1764 justorumgparare
1097 1691 1316 1746 Domino
1344 1693 1541 1764 plebem
1565 1712 1679 1763 pcr-

102 1766 282 1831 [ectam
316 1760 467 1833 (Luc.
502 1760 788 1831 ἵζω-17).
825 1760 1010 1833 Vidisti
1063 1760 1377 1831 promissum
1406 1760 1678 1833 nuodvir-

101 1841 266 1904 intem
301 1831 660 1900 propheticam
687 1831 931 1904 excedit?
955 1833 1078 1887 llme
1109 1833 1378 1904 prnpltetirt
1411 1832 1680 1887 Zachariae

100 1902 332 1971 linguam
359 1904 523 1956 vinxit
561 1912 614 1957 et
640 1902 836 1957 solvit:
870 1902 1234 1973 vinxiteniut,
1280 1920 1400 1959 eum
1447 1907 1680 1958 creditus

100 1987 203 2026 non
249 1980 397 2026 esset
428 1981 639 2044 partus;
687 1974 848 2044 solvit
876 1982 1050 2044 autem
1100 1973 1276 2044 illam,
1327 1990 1444 2027 cum
1502 1989 1681 2044 partus

99 2042 475 2107 evenissetso
522 2059 632 2098 rem
677 2043 1083 2098 admirabilem!
1139 2043 1371 2098 Joannes
1412 2060 1476 2099 ex
1504 2042 1680 2099 'utero

99 2113 460 2179 eviungelista,
504 2128 569 2168 ex
616 2125 801 2168 ventre
847 2114 1218 2168 miraculorum
1262 2115 1449 2178 editor,
1485 2114 1679 2169 deserti

98 2184 368 2248 alumnus,
387 2193 441 2236 et
462 2184 772 2255 angelorum
790 2184 1184 2255 contubernalis
1207 2201 1222 2247 ;
1246 2185 1333 2255 qui
1363 2196 1480 2253 post
1510 2185 1678 2255 legem

100 2268 234 2306 unus
262 2263 349 2307 est
368 2269 433 2308 ex
469 2254 737 2321 prophetis
761 2295 776 2319 ,
800 2254 1064 2308 secundus
1092 2254 1275 2322 Elius,
1297 2264 1350 2309 et
1375 2254 1680 2309 verissimus

100 2338 272 2391 pneco
297 2339 312 2388 ;
343 2325 432 2395 qui
462 2325 691 2390 Spiritus
718 2324 1097 2395 zelorcrrnrem
1131 2324 1286 2394 longe
1309 2325 1512 2393 abigit,
1547 2341 1680 2395 pra:-

100 2409 284 2466 cursor
312 2391 373 2446 eti
393 2393 624 2466 Baptista
659 2412 672 2446 :
700 2394 788 2463 qui
827 2391 1361 2466 dicit,APtenitentiam
1385 2391 1518 2466 agite
1540 2391 1560 2447 Ξ
1585 2412 1679 2466 ap-

134 2464 453 2532 ropittquavit
480 2465 610 2517 enim
652 2480 858 2530 regnum
906 2464 1143 2517 cwlorum
1199 2464 1432 2534 (ΜαιιΙι.⁷
1456 2466 1508 2521 1.
1542 2467 1595 2523 3.
1618 2464 1674 2534 );

142 2534 371 2587 achartaa
402 2534 569 2597 filius,
597 2542 650 2587 et
700 2534 894 2589 sterilis
937 2549 1190 2603 germen,
1222 2549 1285 2589 ac
1331 2538 1509 2605 p0pult
1554 2534 1678 2604 pre-

101 2617 215 2656 cum
257 2618 395 2672 Opus
424 2604 711 2670 pet-fectum
746 2622 759 2657 :
790 2607 1051 2674 genuinus
1080 2604 1401 2674 pteuitentize
1440 2606 1676 2674 promulo

101 2682 269 2745 gator,
300 2689 364 2745 ac
398 2674 632 2729 ﬁdelium
662 2675 1034 2743 ptenitentium
1050 2676 1478 2730 etconftteutium
1497 2685 1677 2745 patro-

101 2758 223 2816 nus;
258 2744 393 2813 legis
420 2744 718 2816 plenitudo,
743 2754 796 2799 et
820 2747 1001 2816 gratiae
1022 2746 1124 2800 dux
1143 2760 1206 2800 ac
1231 2744 1505 2815 princeps,
1524 2756 1679 2816 atque

102 2812 402 2871 Iudaeorum
421 2812 717 2882 impietatis
756 2812 1129 2883 reprehensor,
1161 2812 1450 2870 ete'lestittm
1495 2812 1680 2872 decie-

104 2890 268 2936 tvrum
297 2889 553 2946 sancitor,
582 2896 637 2940 et
665 2884 981 2941 delictorum
1030 2887 1207 2956 populi
1253 2886 1414 2956 judex
1442 2887 1676 2941 ineurru-

102 2963 249 3028 plus;
296 2956 387 3024 qui
416 2971 480 3009 ex
510 2955 675 3028 sterili
705 2956 948 3028 et_elicta
996 2965 1188 3028 praeter
1211 2955 1360 3025 spem
1403 2966 1555 3026 partu
1599 2967 1680 3013 est

102 3024 302 3097 editus,
333 3033 385 3077 et
414 3027 597 3094 gratia:
625 3025 887 3097 beneﬁcio
910 3024 1104 3095 Christi
1148 3024 1346 3097 ipsius,
1379 3024 1467 3097 qui
1488 3043 1675 3097 aquam

100 3094 277 3167 eduxit
296 3110 333 3167 _e
362 3106 531 3167 petra,
559 3110 770 3164 sponsa:
791 3094 1078 3160 deductor;
1103 3097 1194 3167 qui
1222 3094 1465 3151 Iordanis
1482 3094 1677 3153 fluenta

100 3166 240 3238 quasi
287 3165 406 3218 I'ren
428 3186 443 3216 ι
472 3166 667 3238 injecto
695 3167 866 3235 regit,
899 3177 952 3223 et
987 3165 1314 3238 purgationis
1343 3176 1675 3235 peccatorum

102 3235 424 3298 moderator,
476 3235 1029 3308 incomprehensibilis
1066 3235 1313 3308 mysterii
1340 3240 1591 3305 prmseius
1615 3254 1678 3293 ac

102 3308 486 3378 praenuntius,
509 3316 563 3360 et
588 3307 845 3378 adventus
871 3309 1015 3378 ejus,
1038 3307 1312 3377 quivideri
1343 3323 1448 3361 non
1481 3320 1674 3377 potest,

100 3380 358 3442 propheta
387 3393 399 3427 :
439 3376 524 3430 hic
550 3386 630 3430 cst
656 3376 1022 3432 Joannes'ille
1050 3376 1441 3448 quiZacharite
1484 3376 1541 3431 in
1581 3376 1674 3432 ex;

102 3454 262 3499 trema
294 3455 570 3518 senectute
598 3448 914 3518 constituto,
950 3459 1106 3518 prout
1133 3447 1304 3504 fuerat
1331 3451 1671 3516 promissum,

100 3526 176 3568 est
195 3528 372 3570 natus.
402 3514 446 3571 Ο
474 3517 781 3589 miraculum
804 3519 817 3573 l
849 3514 973 3574 ecce
993 3520 1133 3573 enim
1156 3514 1407 3589 operibus
1430 3518 1558 3587 ipsis
1583 3535 1679 3587 ap-

101 3600 323 3659 paruere
353 3587 723 3659 _comprobata
785 3604 903 3658 quae
944 3587 1343 3659 gestibus—suis
1404 3589 1676 3645 exsultans

100 3653 325 3711 Joannes
352 3657 403 3711 in
436 3653 586 3713 utero
609 3653 979 3713 subindicavit'.
1005 3659 1145 3713 Vidit
1167 3659 1393 3715 mundus
1419 3659 1670 3725 lanitium,

101 3742 248 3793 quam
283 3727 339 3780 in
374 3727 549 3801 _vulva
596 3744 893 3801 prgucursor
921 3729 1143 3798 pedibus
1184 3731 1463 3801 expressit.
1505 3730 1673 3796 Quem

100 3810 220 3868 vero
247 3813 348 3851 nos
374 3797 632 3868 honorem
651 3799 798 3865 justo
828 3800 900 3854 illi
922 3797 1281 3868 iro-pendemus
1302 3841 1315 3863 ,
1350 3801 1674 3855 admirandis

101 3865 211 3943 ejus
253 3879 399 3943 recte
443 3867 595 3923 lactis
638 3869 873 3943 undique
919 3865 1290 3943 cir’cumseSsi?
1339 3871 1677 3943 Evangelizat

100 3936 235 3992 enim
259 3938 388 3993 dum
415 3947 566 3993 utero
602 3936 876 4010 gestattir;
907 3939 1018 3995 edit
1056 3943 1307 3995 miracula
1345 3942 1469 3995 dum
1492 3936 1671 3997 itasci-

102 4013 215 4072 tur;
248 4023 564 4078 progressus
590 4011 714 4065 facit
741 4012 866 4082 dum
898 4013 950 4065 in
972 4011 1196 4066 desertis
1218 4012 1462 4082 religiose
1491 4014 1675 4068 vivens

101 4090 407 4150 exercetur;
441 4093 723 4148 provectus
769 4080 968 4150 Spiritu
1009 4084 1276 4146 nutritur;
1306 4080 1511 4137 medius
1538 4083 1675 4137 inter

101 4145 260 4222 legent
306 4157 373 4222 et_
417 4145 643 4222 gratiam
691 4145 1008 4218 intercedit;
1063 4145 1378 4222 baptismum
1422 4153 1675 4222 praedicat

101 4219 460 4293 ptenitentite;
492 4220 769 4293 Dominum
798 4219 1166 4278 advenientem
1195 4219 1461 4293 baptizaf;
1494 4223 1670 4277 Trini-

101 4291 216 4362 tatis
265 4289 491 4362 gloriam
539 4291 682 4346 videt
736 4292 1045 4362 baptizans,
1098 4301 1153 4348 et
1200 4289 1382 4361 gratiae
1437 4294 1674 4362 perhibet

101 4360 458 4436 testimonium
502 4363 552 4416 in
602 4360 859 4436 veritate;
912 4364 1146 4436 clamans
1194 4364 1353 4436 illum
1391 4360 1674 4436 a'proplte-

104 4431 167 4481 tis
197 4431 607 4503 praenuntiatum
636 4432 865 4499 iudicat,
896 4445 950 4488 et
974 4435 1251 4489 Dominum
1283 4431 1459 4503 seipso
1486 4431 1672 4488 fortio-

99 4513 204 4574 r_em
226 4516 289 4554 ac
316 4500 631 4574 validiorem
648 4503 964 4574 conﬁtetur;
995 4506 1094 4559 viae
1125 4503 1311 4559 ducem
1339 4500 1405 4558 iis
1437 4507 1525 4574 qui
1550 4519 1671 4559 cre-

97 4568 223 4643 dunt
259 4586 321 4643 se
350 4571 582 4639 prazbet,
611 4580 666 4627 ut
702 4573 768 4627 ad
795 4588 916 4628 eum
952 4568 1306 4643 perveniant,
1338 4568 1469 4629 dum"
1494 4577 1672 4629 turbas

98 4640 237 4693 utilia
258 4641 462 4715 docet;
496 4643 803 4715 publicanos
830 4640 991 4715 etiam
1026 4646 1115 4715 qui
1164 4647 1494 4715 baptizantur
1520 4660 1670 4700 com-

97 4711 380 4785 monefacit
399 4729 412 4776 ;
431 4713 780 4785 reprehendit
804 4723 859 4769 et
878 4711 1055 4785 legem
1070 4711 1357 4771 violatitem
1379 4715 1667 4783 Ilerodem,

96 4794 154 4831 ac
177 4780 391 4855 demum
423 4780 580 4855 ﬁpem
608 4785 829 4839 sortitur
855 4780 961 4855 quo
986 4786 1053 4841 ad
1092 4786 1466 4841 beatitudinem
1502 4780 1671 4855 ipsam

99 4851 421 4925 provehitur.
455 4851 1053 4925 Quibusitaque'illum
1102 4857 1437 4912 sermonibus
1479 4851 1672 4912 effere-

96 4923 365 4994 tnus?_qua
383 4923 558 4994 lingua
580 4925 646 4979 ad
668 4923 789 4980 haec
798 4927 973 4988 omnia
990 4927 1408 4983 commendanda
1430 4930 1672 4983 utemur?

93 4991 439 5068 quid_h_or_um
464 4991 990 5068 'prgelermitlemns?
1032 5008 1121 5052 aut
1158 4998 1283 5068 quid
1307 4998 1518 5052 tandem
1552 5014 1674 5067 pro-

95 5060 229 5138 loqui
252 5063 323 5117 de
344 5063 458 5118 istis
482 5060 820 5138 valebimus?
869 5067 1111 5138 Magnum
1164 5060 1306 5124 enim
1332 5060 1565 5122 laudum'
1590 5080 1672 5124 est

93 5134 565 5209 pelagushmagna
610 5146 753 5191 recte
777 5134 1051 5193 factorum‘
1069 5139 1184 5209 ejus
1212 5138 1536 5209 amplitudo;
1590 5142 1669 5192 vel

91 5203 231 5279 spius
261 5204 378 5273 ipse
406 5203 584 5279 rerum
614 5217 836 5262 conatus
865 5203 1167 5265 laudatores
1196 5203 1370 5263 reddit
1392 5209 1666 5279 attonitos.

98 5270 552 5355 V'erum'prodeal
570 5293 712 5333 nunc
738 5292 948 5349 quoque
969 5279 1253 5334 Zacharias
1275 5278 1401 5349 justi
1432 5290 1600 5355 pater,
1627 5281 1670 5333 is

90 5345 171 5418 qni
199 5354 255 5398 et
272 5345 493 5418 silentio
519 5345 800 5403 damnatus
820 5345 902 5404 est
918 5392 934 5417 ,
952 5359 1007 5405 et
1033 5365 1215 5406 vocem
1240 5345 1626 5405 rursus-emisit
1653 5368 1667 5404 :

91 5413 171 5489 itte
195 5415 352 5471 nobis
376 5432 464 5471 res
492 5431 616 5473 suas
644 5413 980 5487 apertissime
1026 5420 1354 5486 declarabit,
1399 5420 1668 5489 quomodo

88 5480 334 5561 loquutus
385 5495 500 5561 est_
531 5503 651 5543 cum
677 5480 878 5559 'lingua
926 5501 1072 5561 esset
1115 5480 1351 5557 vincta,'
1399 5480 1668 5561 quomodo

89 5551 320 5637 loaniies
357 5558 614 5637 nascitur:
645 5568 697 5614 et
727 5551 987 5615 sententia
1015 5553 1083 5616 a‘b
1106 5551 1316 5633 angelo.
1349 5551 1548 5637 prolata
1569 5576 1663 5637 _t_'e_-

89 5627 364 5699 scinditur;
381 5628 650 5698 quomodo
676 5644 831 5699 poena
859 5627 1257 5698 removeturfet
1285 5627 1488 5688 curatio
1515 5633 1666 5689 adhi-

88 5691 518 5778 lteturéiitenim
574 5691 898 5778 evangelista
944 5691 1217 5778 Zachariie
1256 5712 1430 5778 atque
1469 5705 1663 5778 uxoris

88 5766 197 5844 eius
224 5766 507 5844 Elisabeta:
532 5766 964 5844 compendiosum
1002 5766 1431 5844 prtedtcationem
1468 5773 1519 5828 in
1547 5789 1662 5828 me-

90 5836 226 5892 dium
272 5836 532 5911 alfercns,
562 5836 788 5913 primum
834 5836 1017 5900 eoruni
1060 5845 1271 5902 nomina
1314 5852 1369 5901 et
1414 5836 1654 5901 naturam

754 387 819 442 IN
858 388 1138 444 LAUDEM
1175 387 1662 445 CONCEP'I'IONIS
1699 391 1755 446 S.
1798 390 2075 448 .IOANNIS
2117 389 2493 456 BAI‘TISTAZ,
2540 389 2688 444 ETC.

3264 394 3389 448 790’

1798 519 1860 559 ac
1893 503 2198 571 dignitatem
2229 503 2487 570 significat
2518 521 2531 555 :
2573 503 2765 558 deinde
2803 518 2930 573 vero
2958 507 3371 561 conversationis

1795 573 2307 644 commendationem
2335 588 2398 628 ac
2422 573 2639 641 justitire
2686 583 2939 644 tropaeum
2969 576 3251 644 proponit,
3293 578 3369 631 si-

1795 644 2006 713 mulque
2034 642 2227 698 silentii
2272 644 2663 697 damnationem
2713 642 3159 713 ittilimt,’utque
3210 642 3370 701 fuerit

1792 712 1984 784 lingua:
2015 729 2139 786 usus
2174 715 2447 786 restitutus
2475 712 2733 786 declarat.
2763 716 2832 767 At
2856 712 3227 786 exindevcrha
3259 715 3368 786 ipsa

1791 782 2089 853 evangelica
2129 782 2284 855 velim
2314 785 2549 855 audias;
2587 784 2649 837 lt't
2674 800 2792 837 -non
2826 792 2944 855 crat
2986 784 3088 838 illis
3115 782 3369 855 ﬁliusieo

1790 855 1925 923 quod
1977 865 2102 919 esset
2147 853 2372 908 Elisabct
2396 854 2599 913 sterilis.
2631 864 2676 908 ct
2729 854 2873 908 ambo
2915 855 3269 921 processissent
3315 856 3367 907 in

1791 924 1962 978 diebus
1987 926 2090 979 suis
2127 924 2276 994 (Luc.
2302 926 2353 979 I.
2386 926 2469 994 .7).
2521 924 2638 979 Jnm
2682 939 2808 979 vero
2835 939 2938 978 non
2970 924 3178 978 illorum
3210 925 3368 979 modo

1790 997 2121 1050 sterilitatem
2169 995 2455 1049 liberorum
2500 996 2727 1057 intueor,
2770 995 2862 1048 sed
2911 1004 2965 1049 et
3014 995 3225 1061 antiqua
3276 995 3362 1048 illa

1789 1068 1989 1135 species
2035 1066 2301 1135 justorum
2349 1065 2526 1119 animo
2567 1080 2685 1120 meo
2720 1064 3051 1128 obversatur,
3096 1065 3360 1119 Abraham

1789 1134 2001 1205 inquam
2036 1146 2091 1191 et
2116 1136 2302 1201 Sane;
2332 1135 2597 1204 simulque
2623 1135 2913 1205 parientem
2945 1135 3164 1189 alteram
3208 1138 3363 1188 steri—

1789 1204 1985 1259 litatem
2037 1207 2397 1263 animadverto
2416 1245 2431 1273 ,
2459 1214 2511 1261 et
2537 1204 2720 1277 gratiae
2754 1221 2854 1274 ope
2881 1220 3188 1277 concessam
3231 1205 3361 1277 libo-

1790 1291 1968 1329 rorum
2019 1277 2429 1338 fecunditatem,
2472 1275 2765 1329 ac'ttaturae
2798 1276 3101 1328 inusitatum
3132 1275 3183 1327 in
3233 1276 3363 1327 lilio-

1789 1361 1902 1404 rmn
1934 1347 2298 1413 procreatione
2342 1347 2648 1413 mysterium
2677 1363 2688 1396 :
2724 1346 2841 1399 talis
2889 1347 3028 1399 enim
3059 1354 3111 1399 et
3143 1347 3363 1412 promis-

1788 1415 1953 1470 sionis
1998 1417 2153 1483 hujus
2173 1424 2255 1470 est
2297 1415 2505 1471 modus.
2550 1415 2798 1483 Apparuit
2836 1426 3007 1485 autent
3042 1416 3121 1485 illi
3158 1418 3363 1485 angelus

1788 1485 1994 1539 Domini
2024 1498 2160 1540 stans
2203 1486 2442 1540 adcxtris
2480 1487 2658 1539 altaris
2710 1486 2915 1539 incr'nsi.
2968 1484 3032 1537 Et
3080 1483 3357 1538 Zacharias

1789 1559 2015 1610 turbatus
2052 1566 2121 1609 est
2148 1557 2318 1610 ridens
2348 1572 2365 1608 :
2390 1568 2433 1608 et
2465 1559 2612 1608 timor
2630 1557 2780 1607 irruit
2815 1571 2964 1624 super
2988 1571 3120 1607 eum.
3161 1555 3243 1606 Ait
3271 1574 3359 1607 an-

1789 1636 1885 1695 tem
1913 1629 1979 1678 ad
2012 1627 2155 1680 illuni
2184 1627 2428 1696 angelus,
2471 1624 2552 1678 Ne
2586 1625 3089 1685 tiuteaslaclmria;
3129 1627 3365 1694 quoniam

1785 1697 2028 1749 exaudita
2056 1705 2127 1750 est
2153 1697 2439 1766 deprecatio
2468 1705 2575 1761 tua,
2605 1705 2649 1748 et
2689 1711 2815 1766 uxor
2849 1704 2936 1748 tua
2963 1695 3179 1766 Elisabrt
3206 1699 3364 1762 pariet

1787 1768 1873 1844 lilii
1897 1767 2148 1844 ﬁliunt,_ct
2170 1763 2366 1820 vocabis
2391 1782 2567 1844 nomen
2590 1766 2697 1844 ejus
2722 1764 2975 1844 Joannem
3004 1763 3051 1844 (Ι
3061 1765 3163 1818 bid.
3196 1780 3241 1816 υ.
3274 1767 3366 1819 ll-

1788 1838 1898 1904 15).
1929 1837 2186 1891 Prmclara
2228 1851 2357 1890 sane
2398 1835 2765 1903 promissionis
2796 1835 3061 1904 possessio
3112 1845 3192 1888 est
3246 1851 3360 1887 ma-

1785 1903 1947 1975 guum
1976 1907 2198 1960 visionis
2240 1905 2436 1960 donum
2458 1947 2473 1970 ,
2519 1920 2642 1958 vere
2678 1904 3025 1959 Abrahamtea
3076 1903 3319 1975 gloriatio
3348 1923 3362 1957 :

1788 1974 1845 2033 ut
1897 1976 2040 2033 enim
2072 1976 2147 2030 illi
2185 1975 2331 2032 Sara:
2374 1975 2684 2044 conceptio,
2730 1975 2807 2028 sic
2849 1983 2903 2028 et
2943 1974 3027 2027 isd
3081 1974 3364 2028 Elisabetm

1782 2047 2069 2115 graviditas
2114 2045 2461 2114 praenuntiata
2491 2043 2593 2099 est.
2640 2043 2837 2115 Verum
2887 2043 3103 2115 atqualis
3144 2044 3361 2114 quidem

1783 2113 1987 2186 estipsa
2006 2113 2299 2186 prmdictio,
2323 2123 2378 2170 at
2394 2129 2497 2186 non
2520 2116 2643 2170 item
2672 2113 2904 2186 conditio
2925 2113 3102 2186 rerum
3123 2113 3371 2186 aequalis.

1782 2184 1913 2241 Nam
1944 2184 2065 2242 cum
2095 2185 2402 2241 Abrahamo
2427 2185 2558 2239 nihil
2588 2200 2654 2241 ex
2683 2184 3083 2240 denuntiatione
3112 2185 3235 2238 mali
3263 2185 3356 2239 οι)-

1782 2258 2022 2322 venerit,
2063 2256 2349 2312 Zacharias
2377 2265 2559 2311 contra
2601 2264 2778 2309 mutus
2804 2263 2924 2325 post
2972 2253 3181 2309 felicem
3216 2255 3365 2325 illum

1784 2328 2024 2383 nuntium
2054 2328 2337 2392 invenitur,
2363 2333 2546 2395 utpote
2565 2326 2652 2395 qui
2684 2326 2786 2380 fide
2808 2324 2969 2395 digno
2990 2325 3181 2394 angelo
3204 2324 3361 2379 fidem

1786 2412 1888 2450 non
1925 2397 2186 2462 habuerit,
2216 2406 2270 2451 et
2295 2395 2664 2451 taciturnitatis
2692 2395 2848 2450 fuerit
2872 2410 3024 2465 paena
3055 2395 3358 2465 mulctatus,

1782 2466 1926 2520 Dixit
1954 2470 2131 2532 cnim,
2155 2467 2356 2535 inquit,
2390 2465 2669 2521 Zacharias
2703 2466 2771 2518 ad
2795 2464 3061 2536 angelum,
3098 2464 3245 2520 Unde
3270 2466 3363 2518 hoc

1781 2538 1972 2591 sciam?
1995 2554 2085 2607 ego
2109 2538 2241 2607 enim
2274 2553 2385 2591 sum
2410 2552 2561 2591 senex
2579 2578 2593 2601 ,
2622 2544 2694 2607 et
2718 2552 2845 2590 uxor
2875 2552 2986 2590 mea
3027 2536 3275 2607 processit,
3309 2537 3363 2587 in

1785 2608 1960 2680 diebus
1980 2605 2084 2680 suis
2108 2606 2156 2680 (Ι
2165 2607 2266 2661 bid.
2303 2623 2349 2660 υ.
2381 2608 2505 2680 18)ἒ
2519 2605 2784 2680 ριιὶάμὴοο
2806 2646 2821 2673 ,
2849 2605 3064 2680 quaeso,
3094 2614 3188 2680 est
3206 2646 3220 2667 ,
3263 2606 3367 2660 Do-

1787 2678 1963 2731 tnine?
1990 2676 2128 2731 dum'
2148 2693 2246 2747 ego
2273 2676 2459 2745 preces
2478 2677 2589 2732 Deo
2605 2676 2772 2730 oilero
2791 2718 2805 2741 ,
2836 2676 2960 2731 dum
2985 2678 3191 2747 veniam
3218 2687 3360 2746 pcto,

1785 2759 1838 2800 ut
1862 2749 1953 2801 toti
1978 2749 2172 2816 populo
2188 2746 2269 2801 ’sit
2299 2749 2484 2802 volens
2509 2761 2572 2802 ac
2601 2747 2892 2816 propitius,
2947 2756 3003 2800 tu
3047 2746 3176 2800 mihi
3244 2747 3362 2801 feli-

1782 2834 1897 2872 cem
1942 2818 2081 2874 hunc
2108 2818 2347 2872 nuntium
2373 2818 2561 2884 aIfers,
2595 2818 2707 2872 [ore
2739 2826 2793 2871 ut
2823 2817 2952 2871 mihi
2986 2818 3124 2871 filius
3170 2832 3359 2871 nasca—

1784 2888 1903 2942 tur't
1934 2889 2097 2957 Atqui
2126 2891 2227 2942 hoc
2255 2889 2363 2942 fieri
2396 2887 2541 2943 nullo
2573 2887 2730 2942 modo
2776 2896 2967 2956 potest.
3001 2888 3130 2941 Nam
3161 2897 3216 2943 et
3245 2903 3361 2941 mea

1782 2957 1897 3019 hate
1924 2967 2170 3013 senectus
2206 2959 2410 3011 infirma
2436 2966 2551 3026 est,
2581 2967 2633 3013 et
2662 2958 2940 3012 imbecillis
2978 2968 3164 3011 natura
3189 2973 3204 3022 ;
3236 2973 3362 3012 con-

1776 3029 1869 3098 jux
1898 3039 2072 3084 autem
2105 3044 2219 3083 mea
2251 3028 2527 3082 infecunda
2560 3027 2800 3098 qua-dam
2827 3036 2908 3098 est
2934 3040 3159 3081 cautes:
3195 3044 3360 3096 ecqua

1783 3099 1991 3153 tandem
2060 3100 2264 3153 ratione
2318 3099 2369 3152 id
2442 3097 2814 3165 fierique-at?
2866 3097 3239 3151 Verumtamen
3278 3100 3352 3149 si-

1780 3170 2026 3237 quidem,
2060 3178 2117 3222 ut
2140 3170 2305 3231 dicis,
2335 3169 2473 3221 (ilius
2520 3167 2646 3220 tttilti
2693 3175 2957 3231 nascetur,
3004 3184 3121 3232 qttze
3150 3168 3359 3221 tandem

1780 3255 1844 3293 ex
1876 3240 1967 3294 illo
1993 3239 2344 3293 commoditas
2370 3237 2563 3307 popqu
2599 3237 3005 3306 importabitur?
3032 3237 3164 3290 Tum
3193 3254 3357 3306 ange-

1782 3310 1892 3367 lus:
1932 3309 2170 3378 Magnam
2214 3324 2341 3364 vero
2389 3309 2479 3362 ille
2520 3308 2714 3377 popqu
2759 3308 3069 3375 cunctisque
3115 3309 3362 3377 gentibus

1780 3380 2002 3435 salutem
2030 3379 2215 3434 :tll‘erct
2247 3398 2259 3434 :
2305 3393 2491 3434 omnes
2515 3378 2746 3433 enimah
2774 3394 2956 3432 errore
2989 3379 3098 3446 ipse
3138 3393 3357 3432 revoca-

1781 3448 1857 3503 bit
1876 3492 1889 3511 .
1918 3452 2209 3519 salutisque
2232 3454 2369 3504 viam
2415 3449 2726 3503 monstrabit
2747 3490 2761 3509 ,
2788 3456 2946 3517 atque
2975 3448 3233 3502 tnediator
3268 3449 3359 3502 Dei

1782 3532 1835 3590 ei
1862 3518 2135 3576 hominum
2167 3522 2288 3584 lict;
2317 3520 2514 3575 etenim
2538 3519 2807 3590 Prarccdrt
2824 3518 2873 3571 in
2899 3520 3078 3590 spiritu
3101 3535 3161 3590 ac
3183 3520 3360 3572 virtute

1783 3589 1980 3655 Heliaz,
2007 3600 2054 3645 et
2090 3591 2337 3661 propheta
2362 3588 2934 3661 fAltissimipocabitur'
2971 3589 3130 3661 (Ibid.
3155 3607 3225 3661 _u.
3272 3590 3358 3643 I7.

1778 3672 1825 3732 el
1851 3663 1961 3732 76).
2016 3659 2432 3732 Iste_pr:ecedet
2461 3670 2583 3715 ante
2630 3659 2819 3714 faciem
2870 3660 3101 3732 Domini,
3135 3659 3317 3732 dicens
3341 3701 3358 3723 ,

1778 3728 2096 3801 Eccc'agnus
2118 3728 2214 3785 Dei
2234 3773 2249 3793 ,
2275 3732 2363 3799 qui
2391 3731 2521 3785 tollit
2544 3741 2749 3800 peccata
2779 3729 2954 3801 mundi
2974 3729 3150 3801 (Joau.
3179 3731 3228 3783 I.
3246 3728 3356 3797 :29).

1846 3800 1900 3854 2.
1935 3798 2218 3855 Zacharias
2240 3798 2416 3855 autem
2447 3798 2628 3855 contra
2655 3799 2986 3868 resiioudetts
3011 3800 3075 3853 ad
3107 3801 3357 3870 angelum

1777 3871 1907 3926 dixit.
1943 3891 1956 3926 :
1992 3871 2139 3926 Unde
2163 3871 2257 3923 ltoc
2280 3870 2479 3924 sciam?
2504 3870 2636 3925 Tum
2662 3884 2787 3923 vero
2812 3870 3030 3938 angelus
3063 3888 3075 3923 :
3108 3870 3359 3938 Quando—

1776 3942 1993 4011 quidem
2045 3952 2225 4010 partus
2267 3941 2474 4011 signum
2526 3950 2581 3995 et
2617 3940 2868 3994 iudicium
2898 3941 3129 4009 qtueris,
3186 3957 3360 4010 neque

1778 4009 1910 4067 meis
1934 4009 2109 4067 verbis
2132 4011 2291 4067 ﬁdem
2321 4009 2575 4078 adhibes,
2603 4012 2784 4080 accipe
2831 4011 3020 4080 pignus
3062 4009 3310 4066 securum
3340 4029 3353 4064 :

1780 4082 2028 4154 Egogsum
2056 4081 2294 4146 Gabriel,
2321 4080 2573 4154 quiadsto
2602 4079 2942 4154 ante’Dcum’J
2963 4090 3007 4135 et
3034 4082 3215 4154 missus
3239 4098 3354 4135 sum

1776 4150 1913 4222 loqui
1940 4152 2009 4206 ad
2049 4163 2097 4208 te
2119 4194 2134 4218 ,
2160 4160 2207 4208 et
2245 4150 2353 4207 lucc
2380 4151 2468 4205 tibi
2494 4150 2854 4222 euangelizare.
2885 4150 3016 4222 Ecce
3034 4153 3133 4206 eris
3161 4161 3353 4217 tacens,

1777 4234 1823 4277 et
1853 4240 1952 4278 non
1978 4224 2163 4295 poteris
2182 4221 2318 4295 loqui
2332 4222 2570 4295 usquein
2599 4221 2729 4275 diem
2750 4237 2851 4293 quo
2871 4221 2976 4295 lucc
2996 4223 3124 4295 ﬁant
3146 4237 3164 4275 .'
3185 4239 3277 4292 pro
3297 4239 3356 4295 eo

1774 4295 1908 4364 quod
1947 4291 2048 4349 non
2084 4291 2341 4364 credidisti
2377 4291 2552 4364 verbis
2576 4297 2732 4364 meis,
2760 4291 2874 4362 qua:
2915 4291 3251 4364 implebantur
3300 4294 3356 4346 in

1775 4361 1996 4436 tempore
2016 4381 2110 4419 suo
2143 4363 2293 4436 (Luc.
2324 4365 2378 4436 I.
2414 4363 2500 4419 19.
2527 4361 3137 4436 20).__Sitte_remissione
3181 4371 3237 4417 et
3270 4365 3355 4436 irit-

1773 4432 1893 4504 gida
1921 4445 2002 4489 est
2028 4435 2109 4498 ei,
2150 4432 2237 4505 qui
2267 4432 2768 4505 deliquerat,'illata
2803 4432 2928 4505 haec
2962 4433 3157 4505 mulcta
3201 4433 3357 4499 ,siue

1774 4502 2029 4561 dilatione
2070 4502 2331 4561 acerbitas
2357 4502 2457 4559 ista
2495 4504 2757 4573 supplicii.
2802 4502 2917 4559 Non
2961 4504 3104 4559 enim
3133 4505 3352 4563 omnino

1775 4578 2055 4645 oportebat
2078 4576 2268 4645 angelo
2312 4575 2467 4629 ﬁdem
2496 4590 2599 4629 non
2628 4574 2846 4641 haberi,
2870 4589 2975 4629 non
3018 4574 3187 4628 altare
3210 4588 3354 4645 cou-

1778 4643 2066 4717 témptibile
2108 4643 2226 4703 duci
2253 4688 2267 4713 ,
2297 4662 2395 4701 nec
2439 4657 2645 4717 tempus
2693 4645 2893 4717 incensi
2932 4653 3138 4717 tempus
3173 4643 3355 4717 dece-

1775 4714 1971 4787 ptioitis
2000 4719 2244 4773 arbitrari
2277 4734 2289 4770 :
2327 4732 2447 4771 nam
2479 4716 2748 4787 incensum
2779 4714 3009 4787 :tdolenti
3035 4715 3255 4784 angelus
3278 4716 3354 4769 illi

1775 4785 2038 4857 apparuit.
2080 4789 2195 4842 Non
2217 4787 2526 4843 recordatus
2551 4796 2632 4840 est
2661 4785 2894 4857 historia:
2925 4786 3151 4840 Abrahae
3180 4803 3194 4839 :
3229 4802 3351 4839 naut

1776 4856 1885 4911 tum
1915 4874 2126 4929 quoque
2170 4858 2366 4929 sterilis
2393 4865 2448 4912 et
2483 4864 2731 4929 senectus
2777 4856 2972 4911 liberos
3017 4857 3351 4929 procreavit;

1774 4926 2026 4996 omnique
2040 4926 2119 4983 'ex
2141 4936 2290 4998 parte
2317 4928 2399 4981 his
2420 4944 2537 4995 qua:
2560 4926 2697 4981 dicta
2710 4938 2905 4998 erant,
2929 4927 3208 4985 conciliata
3235 4937 3352 4982 erat

1776 4999 1941 5064 fides,
1972 5014 2092 5053 cum
2120 4996 2239 5052 talis
2282 4998 2555 5068 cujusdam
2589 4996 2750 5067 prolis
2794 4998 3152 5066 generationis
3186 4999 3352 5051 mira-

1772 5071 1946 5140 culum
1978 5069 2356 5140 praecessisset.
2385 5068 2738 5135 Quamobrem
2774 5069 3004 5140 angelus
3047 5068 3113 5121 ad
3142 5068 3310 5140 illum
3333 5110 3347 5132 ,

1776 5137 1913 5204 Erit,
1939 5137 2131 5209 inquit,
2156 5149 2344 5203 tacens,
2373 5149 2532 5193 etnon
2554 5140 2737 5207 poteris
2763 5138 2926 5208 loqui,
2954 5154 3121 5209 usque
3134 5138 3186 5191 in
3218 5139 3350 5207 diem

1772 5225 1869 5276 quo
1909 5208 2023 5263 lucc
2044 5210 2170 5278 ﬁant
2194 5224 2213 5264 :
2241 5227 2329 5279 pro
2356 5225 2413 5263 eo
2443 5209 2577 5279 quod
2601 5226 2701 5262 non
2734 5209 2991 5262 credidisti
3018 5208 3176 5261 verbis
3203 5209 3374 5271 ’κρίθη

1772 5280 2156 5349 Osupplicium
2204 5281 2517 5349 benignum,
2563 5279 2703 5349 quod
2742 5279 3129 5333 correcxionem
3176 5279 3371 5346 potius

1771 5353 2057 5422 operatur!
2089 5351 2260 5422 Ipsam
2290 5352 2429 5405 enim
2450 5364 2645 5422 vocem
2667 5389 2681 5413 ,
2712 5365 2831 5418 qua:
2867 5349 3196 5418 deliquerat,
3228 5362 3343 5401 mo-

1771 5417 2091 5476 deratiOrem
2112 5417 2345 5491 'angelus
2372 5419 2565 5475 reddit.
2599 5417 2845 5489 Egressus
2874 5417 3016 5491 enim
3069 5435 3166 5472 non
3206 5429 3347 5491 pote-

1770 5501 1849 5549 rat
1871 5491 2009 5561 loqui
2046 5493 2114 5546 ad
2140 5488 2287 5558 illos,
2315 5500 2361 5546 et
2388 5488 2722 5561 cognouerunt
2746 5490 2881 5558 quod
2909 5490 3146 5544 uisionem
3189 5488 3347 5561 vidis-

1770 5571 1840 5617 set
1868 5558 2173 5633 in'templo:
2200 5571 2247 5617 ct
2272 5562 2380 5633 ipse
2417 5558 2525 5613 erat
2559 5560 2775 5633 innuens
2813 5561 2944 5623 illis,
2993 5569 3038 5614 et
3068 5558 3342 5633 permansit

1768 5645 1935 5687 mutus
1978 5627 2080 5702 (16.
2109 5649 2159 5688 υ.
2201 5627 2314 5703 9η.
2362 5632 2523 5686 Recte
2570 5627 2851 5703 siquidem
2884 5639 2937 5684 et
2968 5627 3343 5703 permansisse

1768 5699 2362 5774 scripsit'evangelis'm;
2402 5699 2728 5774 εξδιιβοιεξνίι
2768 5700 2909 5774 enim
2937 5701 3205 5754 silentium
3245 5716 3338 5752 vo-

1767 5766 2065 5849 cem'partu
2107 5766 2399 5849 edendam,
2431 5766 2724 5849 Zacharias.
2766 5766 3064 5849 Joannem,
3118 5786 3338 5840 primum

1769 5837 1957 5902 senuit.
1986 5847 2028 5902 0
2057 5860 2166 5901 rem
2196 5837 2588 5900 admirandam!
2617 5837 2836 5894 verbum
2865 5837 3142 5905 adventat,
3166 5852 3216 5896 et
3245 5856 3343 5895 vox
