3804 6270
106 385 197 441 793

102 513 393 555 sermonem
432 499 667 569 contnlii
691 514 935 569 serpens.
968 500 1262 567 Inmensa,
1293 502 1501 567 inquit,
1532 511 1672 557 sexto

103 571 273 641 missus
296 579 371 641 est
392 569 603 641 angelus
628 560 887 641 Gabriel'a
908 572 1014 625 Deo
1038 564 1107 624 ad
1128 560 1673 641 virginem-desiimu-

102 653 196 693 tant
215 639 319 710 viro
352 637 520 710 (iLu'c.
546 641 595 693 ι.
622 640 694 695 26
717 642 755 708 ).
788 638 979 695 Missus
1009 648 1092 694 est
1132 637 1381 706 Gabriel,
1423 637 1493 695 ut'
1515 643 1675 697 totius

102 709 274 764 mundi
318 709 543 764 salutem
583 710 872 776 indicaret;
916 712 1111 765 missus
1168 720 1253 765 est
1297 711 1533 776 Gabriel,
1582 714 1672 778 qui

100 780 302 834 Adamn
325 780 773 845 subscriptionem
804 781 1163 836 revocationis
1195 779 1434 845 ferebat;
1481 782 1675 837 missus

99 860 168 902 cst
196 849 409 905 Gabriel
436 849 503 904 ad
526 849 820 921 Virginem,
847 862 904 905 ut
928 851 1204 921 muliebris
1224 867 1383 906 sexus
1403 850 1672 907 infamiam

100 922 145 973 in
165 922 415 991 honorem
436 919 835 987 transniutaret;
852 922 1045 975 missus
1057 930 1140 976 est
1154 919 1389 986 Gabriel,
1405 930 1460 976 ut
1475 936 1673 991 sponso

98 1005 224 1060 pltro
249 990 469 1059 dignum
496 991 786 1046 thalamum
828 1002 1182 1060 praepararet,
1213 994 1408 1047 missus
1452 990 1535 1048 est
1569 992 1673 1048 Gav

100 1059 245 1123 llf'lt‘l,
258 1070 315 1130 ut
330 1060 566 1115 Creatori
580 1059 874 1116 creaturam
887 1061 1255 1130 desponsaret;
1270 1064 1464 1117 missus
1478 1072 1558 1118 est
1571 1064 1678 1117 Ga-

101 1129 309 1202 brieiad
337 1131 627 1202 animatum
656 1132 800 1202 regis
827 1132 1137 1200 angelorum
1164 1133 1444 1201 palatium;
1478 1134 1674 1189 missus

98 1197 409 1275 estGabtjel
433 1201 499 1257 ad
519 1197 809 1272 Virginem,
829 1197 1203 1275 desponsatatii
1226 1202 1437 1272 quidem
1448 1202 1670 1275 Joseph,

98 1270 189 1342 sed
202 1270 295 1325 Dei
312 1269 447 1326 Filio
461 1269 806 1337 reservatam;
826 1269 1018 1327 missus
1034 1282 1113 1326 est
1130 1269 1473 1342 incorporeus
1488 1269 1673 1329 servus

99 1339 161 1394 ad
204 1342 574 1414 intemeratum
613 1342 922 1414 Virginem;
948 1343 1166 1414 missus
1218 1339 1302 1414 est
1350 1345 1604 1399 immunis
1640 1360 1672 1398 a

99 1419 314 1484 peccato
340 1412 407 1466 ad
431 1428 548 1484 eam
578 1429 697 1484 qua:
720 1412 1080 1484 corruptionis
1105 1413 1279 1468 omnis
1308 1427 1499 1482 expers
1517 1426 1630 1469 erat
1654 1431 1670 1480 ;

98 1480 256 1553 missa
301 1492 385 1537 est
430 1480 646 1538 lucerna
696 1492 753 1538 ut
810 1480 976 1539 solem
1026 1483 1247 1553 justitise
1300 1480 1673 1550 denuntiaret;

99 1551 254 1632 missa
281 1562 364 1607 est
400 1567 615 1636 aurora.
641 1564 911 1636 tamquam
943 1551 1242 1636 praacursor
1279 1553 1412 1609 lucis
1433 1553 1670 1636 diurna};

101 1621 291 1694 missus
328 1632 409 1677 est
452 1622 671 1679 Gabriel
698 1621 791 1693 qui
829 1621 1316 1694 signiﬁcareteum,
1358 1625 1446 1694 qui
1489 1636 1573 1679 εει
1619 1626 1672 1679 in

99 1692 214 1764 sinu
238 1694 429 1755 Patris,
454 1695 591 1747 ulnis
618 1692 829 1764 quoque
859 1692 1114 1764 maternis
1129 1694 1324 1764 gestari
1343 1711 1358 1759 ;
1376 1692 1573 1750 inissns
1593 1706 1676 1751 est

99 1762 311 1818 Gabriel
339 1764 425 1832 qui
458 1762 880 1828 indicaret,‘eum
907 1763 1068 1833 quiin
1091 1762 1285 1819 throno
1304 1765 1474 1829 sedet,
1508 1766 1672 1821 etiam

99 1833 148 1885 in
174 1834 424 1901 spelunca
469 1834 679 1903 jacere;
710 1836 903 1889 missus
930 1845 1013 1890 est
1047 1835 1231 1899 miles,
1276 1835 1364 1902 qui
1408 1844 1672 1890 secretum

100 1906 238 1971 regis
266 1905 600 1972 propalaret;
631 1913 896 1960 secretum
929 1903 1071 1974 quod
1114 1905 1218 1959 fide
1260 1904 1526 1971 innotuit,
1566 1922 1672 1959 non

99 1974 408 2028 curiositate
439 1974 852 2042 pervestigatum
874 1986 990 2041 est;
1019 1984 1284 2030 secretum
1309 1975 1669 2040 adorandum,

99 2059 203 2096 non
226 2053 427 2098 statera
444 2045 783 2114 pendendum
806 2063 818 2109 ;
842 2055 1108 2099 secretum
1136 2045 1278 2114 quod
1301 2045 1563 2114 theologia
1592 2062 1677 2099 re-

98 2113 324 2177 velatur,
347 2113 452 2168 non
478 2116 856 2185 investigatur:
879 2125 1143 2170 secretum
1158 2113 1301 2185 quod
1328 2113 1670 2179 confitemur,

98 2198 201 2237 non
234 2185 508 2238 metimur.
558 2184 623 2238 In
650 2202 818 2238 mense
842 2196 981 2239 sexto
1025 2184 1208 2239 missus
1246 2196 1318 2240 est
1359 2184 1563 2239 Gabriel
1607 2188 1675 2240 ad

96 2255 357 2324 virginem.
403 2255 574 2321 Quem
617 2255 830 2309 tandem
866 2263 1072 2309 sextum
1119 2271 1356 2310 mensem
1404 2256 1675 2310 dicit?Ex

96 2340 201 2392 quo
216 2325 429 2380 scilicet
454 2324 664 2380 felicem
689 2326 854 2379 ’illum
900 2327 1144 2380 nuntium
1184 2327 1420 2381 Elisabet
1446 2328 1671 2394 accepit,

96 2410 157 2465 ex
190 2410 300 2464 quo
353 2394 612 2450 Joannem
650 2396 912 2465 concepit.
960 2394 1110 2451 Unde
1147 2396 1197 2450 id
1242 2411 1403 2465 porro
1432 2400 1677 2451 constat?

99 2462 480 2534 lutei-pretetur
494 2467 612 2536 ipse
624 2462 992 2536 archangelus,
1006 2465 1095 2536 qui
1119 2467 1198 2520 his
1215 2462 1388 2521 verbis
1410 2467 1674 2535 Virginem

97 2536 458 2605 compellavit.
482 2535 632 2601 Ecce,
655 2534 846 2605 inquit,
876 2534 1100 2589 Elisabet
1125 2547 1337 2607 cognata
1364 2546 1471 2600 tua,
1503 2534 1548 2590 et
1565 2538 1678 2605 ipsa

93 2607 322 2678 concepit
335 2607 526 2678 ﬁliuni,
555 2616 602 2661 et
613 2607 707 2678 ⁸Ιιὶε
720 2609 915 2678 mensis
933 2614 1100 2660 sextus
1124 2617 1195 2678 est
1222 2608 1318 2669 illi,
1342 2623 1453 2678 quin
1472 2618 1677 2678 vocatur

95 2673 277 2730 sterilis
299 2673 461 2744 (Ibid.
486 2694 534 2730 υ.
565 2676 678 2747 36).
707 2677 882 2730 Mense
910 2685 1069 2730 sexto.
1119 2677 1311 2732 Sextus
1353 2673 1556 2732 ineusis
1593 2690 1677 2733 εει

94 2747 467 2816 conceptionis
508 2747 769 2801 Joannis:
800 2747 1033 2814 oportuit
1072 2747 1212 2802 enim
1256 2758 1314 2802 ut
1353 2748 1678 2817 print-ederet

93 2817 275 2885 miles,
305 2818 542 2885 oportuit
568 2826 626 2872 ut
663 2825 1022 2871 anteverteret
1052 2818 1304 2886 satelles,
1346 2819 1579 2886 oportuit
1621 2830 1677 2873 ut

92 2886 232 2956 viam
291 2896 624 2956 praspararet
677 2886 938 2942 Dominici
998 2885 1259 2942 adventus
1312 2888 1673 2943 denuntiatur.

94 2955 447 3029 Mense’sexto
484 2959 666 3012 missus
704 2966 778 3012 est
827 2957 1036 3029 angelus
1068 2956 1287 3029 ‘Gabriel
1330 2958 1397 3012 ad
1437 2960 1677 3029 virginem

92 3027 454 3100 desponsatam
478 3031 586 3100 piro
616 3029 774 3099 (Ibid.
802 3044 850 3081 υ.
872 3026 964 3100 ‘26.
994 3026 1123 3100 27);
1155 3026 1550 3098 deSponsatam,
1571 3046 1675 3084 non

90 3098 396 3163 copulatam
416 3116 430 3162 ;
458 3098 830 3169 desponsatam
842 3098 1076 3169 quidem,
1092 3113 1270 3155 verum
1289 3112 1673 3154 conservatam.

89 3169 198 3222 tlur
212 3184 347 3224 vero
372 3167 788 3238 desponsatam?
809 3167 888 3224 Ne
912 3167 1051 3224 forte
1079 3169 1234 3223 citius
1268 3170 1500 3224 disCeret
1539 3172 1676 3224 latro

91 3241 432 3308 mysterium.
480 3240 712 3296 Noverat
747 3239 945 3310 quippe
972 3239 1143 3294 malus
1172 3241 1260 3294 ille
1290 3255 1384 3310 per
1420 3241 1673 3310 virginem

92 3317 378 3381 venturum
408 3325 585 3380 regem
616 3332 629 3366 :
659 3326 782 3367 nam
808 3319 862 3373 et
901 3310 1019 3381 ipse
1045 3310 1191 3381 Isaiae
1214 3326 1374 3381 voces
1395 3312 1635 3366 audierat
1660 3330 1672 3364 :

90 3378 225 3453 Ecce
245 3382 388 3453 virgo
407 3378 672 3453 concipiet,
700 3391 749 3437 et
773 3378 937 3453 periei
963 3379 1125 3453 ﬁliuni
1159 3380 1176 3452 (
1203 3380 1330 3435 lsai.
1360 3382 1412 3435 7.
1444 3382 1512 3436 14
1536 3384 1589 3453 )Α;
1621 3391 1677 3437 ει

86 3451 301 3520 singula
330 3450 561 3507 fortasse
584 3450 926 3519 observabat,
947 3466 1065 3521 quae
1090 3450 1390 3521 de'virgine
1424 3451 1675 3520 praedicta

86 3530 271 3587 erant,
297 3531 356 3576 ut
384 3536 506 3578 cum
527 3523 809 3593 adimpleri
832 3522 1145 3593 mysterium
1191 3521 1561 3593 intellexisset,
1590 3522 1677 3593 in-

86 3599 332 3646 strueret
376 3591 790 3648 accusationem.
852 3591 1139 3663 Propterea
1182 3591 1551 3663 Dominus'per
1577 3592 1674 3649 deo

84 3671 407 3730 sponsatam
438 3665 619 3721 venit:
651 3678 768 3734 qua:
788 3662 931 3720 enim
958 3662 1279 3734 desponsata
1299 3671 1403 3734 est,
1425 3662 1676 3734 deinceps

82 3733 443 3804 oppignerata
465 3744 568 3790 est.
592 3731 768 3789 Mense
788 3744 929 3789 sexto
950 3733 1129 3788 missus
1151 3745 1222 3788 est
1249 3733 1456 3804 angelus
1477 3731 1680 3804 Gabriel

84 3804 156 3877 ad
180 3802 437 3877 oirginem
459 3805 811 3877 desponsatam
834 3804 1090 3877 εὔνοιαιιῇ
1102 3820 1285 3877 nomen
1304 3802 1497 3877 Joseplt
1514 3802 1673 3877 ,(Lac.

88 3876 141 3927 l.
173 3873 279 3946 26.
304 3874 421 3945 27).
452 3875 591 3930 Audi
618 3875 771 3946 Αυῑά
816 3875 885 3946 de
933 3875 1050 3929 viro
1068 3873 1201 3946 hoc,
1253 3873 1438 3944 deque
1475 3873 1680 3946 virgine

81 3944 371 4015 propheta_
384 3944 532 3999 dicat
564 3966 577 4002 :
608 3944 821 3999 Dabitur
863 3944 988 3999 liber
1022 3945 1311 4015 obsignatas
1348 3948 1454 3998 viro
1503 3944 1680 4001 scienti

81 4013 268 4069 literas
294 4018 314 4085 (
345 4013 474 4069 Isai.
502 4016 594 4071 29.
619 4018 678 4071 ll
713 4016 755 4087 ).
786 4016 916 4084 Quis
942 4018 1043 4070 iste
1068 4013 1201 4087 liber
1237 4015 1547 4087 obsignatas
1578 4016 1678 4071 nisi

79 4086 322 4157 omnino
350 4088 685 4142 immaculata
714 4085 906 4157 virgo?
941 4102 971 4142 a
1012 4086 1205 4157 quibus
1239 4085 1492 4157 dabitur?
1516 4085 1562 4140 Α
1582 4101 1674 4157 sa-

77 4155 408 4210 cerdotibus
437 4159 657 4213 scilicet.
683 4154 904 4211 (iniriam
939 4154 1106 4211 vero?
1145 4156 1344 4226 Joseph
1387 4154 1554 4211 fabro.
1581 4156 1679 4213 llic

78 4236 166 4298 est
196 4226 297 4280 ille
327 4227 545 4297 Josepli,
579 4230 666 4298 qui
704 4227 942 4283 honestis
981 4236 1106 4281 ante
1132 4229 1327 4296 nuptiis
1362 4227 1679 4296 conjunctus

76 4295 291 4361 fuerat,
319 4295 620 4368 libero-que
668 4308 999 4367 susceperat,
1047 4295 1267 4353 uxorem
1313 4299 1594 4364 amiserat,
1624 4300 1705 4354 ει’

78 4383 149 4439 ex
180 4368 285 4439 illo
304 4378 555 4439 tempore
583 4385 703 4424 cum
735 4384 924 4439 magna
954 4370 1216 4425 castitatis
1266 4369 1420 4423 laude
1450 4371 1675 4436 vixerat,

76 4438 133 4491 in
162 4437 462 4507 disciplina
494 4448 550 4494 et
575 4437 913 4509 correptione
962 4439 1169 4495 Domini
1211 4438 1411 4494 liberos
1446 4440 1679 4494 educans

71 4518 130 4561 et
154 4510 465 4581 instituens
496 4509 590 4581 (a).
620 4509 847 4580 Ideoque
899 4526 1126 4581 pergens
1173 4511 1446 4581 apestolus
1486 4510 1679 4581 Paulus

72 4590 132 4633 ut
151 4579 521 4650 Evangelium
538 4579 867 4649 praedicaret,
895 4593 947 4636 et
969 4579 1088 4637 cum
1121 4597 1281 4635 unum
1303 4597 1365 4634 ex
1394 4579 1477 4633 his
1498 4579 1679 4634 liberis

70 4650 430 4718 offendisset,
459 4651 672 4721 scripsit
716 4652 899 4707 dicens
930 4665 943 4701 :
973 4652 1144 4706 Alium
1186 4668 1300 4705 vero
1336 4655 1680 4721 apostolorum

67 4722 186 4792 vidi
214 4722 497 4786 neminem,
529 4719 625 4775 nisi
665 4721 914 4776 Iacobum
957 4726 1163 4792 fratrem
1204 4721 1414 4776 Domini
1440 4726 1456 4788 (
1480 4719 1596 4776 Gal.
1623 4722 1674 4774 1.

69 4790 198 4861 19),
238 4805 355 4844 ηοη
383 4800 438 4846 ιιι
464 4806 529 4846 ex
558 4792 761 4861 virgine
786 4790 972 4859 Maria,
1000 4793 1094 4849 sed
1116 4808 1182 4848 ex
1202 4792 1398 4861 Joseph
1421 4794 1678 4861 genitum.

67 4866 221 4916 Cum
262 4862 426 4933 igitur
466 4862 773 4919 sacerdotes
799 4876 920 4917 cum
966 4862 1236 4933 Josepbo,
1283 4873 1342 4916 ut
1377 4876 1499 4933 cum
1530 4872 1681 4916 casto

65 4935 226 4998 viro,
265 4931 487 4985 Mariam
510 4933 935 5002 conjunxissent,
958 4949 1074 4989 eam
1098 4931 1178 4988 illi
1202 4932 1677 4997 commendarunt,

65 5009 478 5072 exspectantes
505 5018 787 5126 quousque
816 5005 1123 5073 nuptiarum
1140 5014 1347 5072 tempus
1366 5002 1680 5073 adveniret;

67 5079 264 5126 insam
299 5082 477 5126 autem
509 5074 522 5126 i
548 5073 596 5126 le
620 5074 885 5126 acciniens
912 5075 1160 5126 intactam
1189 5073 1680 5126 viminemconser-

67 5079 264 5144 ipsam
299 5082 477 5128 autem
509 5073 596 5144 ille
620 5074 885 5143 accipiens
912 5075 1160 5130 intactam
1189 5073 1445 5143 virginem
1461 5088 1680 5128 conser-

65 5141 321 5215 taturus
347 5152 479 5215 erat.
510 5141 566 5215 ld
594 5141 749 5215 quod
768 5144 933 5201 multo
960 5154 1085 5199 ante
1113 5141 1367 5215 propheta
1399 5144 1643 5213 prmdixit
1667 5159 1680 5215 ξ

67 5213 320 5269 Dabitur
350 5214 475 5285 liber
499 5213 787 5285 obsignatas
814 5215 919 5269 viro
946 5216 1121 5270 scienti
1140 5213 1330 5279 literas,
1357 5214 1457 5269 hoc
1470 5224 1572 5276 est,
1595 5214 1684 5283 qui

55 5285 185 5355 jam
217 5283 434 5353 nuptiis
448 5283 725 5353 copulatus
747 5287 837 5351 sit,
868 5296 922 5341 et
936 5285 1097 5347 dicet.
1113 5285 1228 5340 Non
1253 5298 1470 5355 possum
1487 5285 1682 5355 legere.

60 5354 277 5421 Quare
300 5369 429 5410 vero
457 5371 563 5411 non
594 5364 768 5426 poles,
795 5355 1036 5424 Ioseph?
1064 5356 1177 5411 Non
1210 5354 1424 5423 pessum
1445 5395 1461 5419 ,
1490 5354 1683 5426 inquit,

64 5428 282 5497 legere
313 5442 327 5479 :
359 5424 667 5496 obsignatas
708 5431 850 5483 enim
894 5435 975 5483 est
1012 5427 1167 5482 liber.
1198 5426 1294 5482 Gui
1339 5424 1687 5497 reservatur?

60 5494 351 5553 (nimium
390 5494 571 5568 rerum
607 5497 783 5568 Opilici
817 5496 1173 5553 habitaculum
1211 5505 1534 5568 reservatur.
1574 5494 1688 5568 _Scd_

63 5571 137 5624 ad
177 5581 316 5623 rem
337 5564 826 5624 redeamusﬁSexto
860 5585 1028 5623 mense
1062 5569 1242 5633 missus
1278 5575 1351 5622 est
1378 5564 1584 5621 Gabriel
1620 5565 1690 5618 ad

63 5640 349 5711 virginem
374 5654 394 5692 :
416 5636 560 5692 haud
607 5638 823 5701 dubium
837 5640 996 5711 quin
1024 5638 1105 5696 his
1134 5636 1367 5711 acceptis
1403 5635 1684 5711 mandatis.

59 5706 331 5776 Ad'esto,
380 5712 572 5780 inquit,
619 5725 653 5766 ο
698 5706 924 5781 angele,
973 5706 1325 5765 formidabilis
1378 5706 1691 5763 administer

133 5806 229 5866 (α)
272 5810 431 5873 Putat,
449 5810 503 5853 ut
526 5803 679 5864 vides,
698 5804 777 5857 hic
795 5804 1099 5857 eousionator
1134 5801 1395 5866 Josephum
1417 5800 1600 5854 liberos
1622 5813 1691 5853 ex

56 5868 171 5923 alia
186 5868 487 5928 suscepisse
510 5879 683 5918 uxore.

1193 384 1261 443 IN
1293 387 1894 447 ANNUNTIATIONEM
1936 390 1994 444 Β.
2041 388 2356 447 VlllGlNlS.

3247 398 3352 452 791v

1783 504 2191 576 estogmysterii;
2218 511 2429 576 secreto
2448 502 2708 560 miraculo
2730 502 2990 562 famulare
3009 548 3025 571 ,
3052 514 3110 563 ιιι
3133 507 3202 566 ad
3239 523 3355 576 pcr-

1782 573 2186 642 vesligationem
2231 575 2443 641 Adami,
2479 576 2568 645 qui
2619 576 2909 643 aberravit,
2953 573 3294 645 descendam,
3323 596 3354 638 a

1780 646 1916 719 meis
1940 644 2231 719 compellor
2253 644 2700 719 miseratibuibus.
2730 646 3008 703 Peccatum
3038 650 3181 705 enim
3209 667 3352 719 cuiu,

1780 712 1872 786 qni
1896 712 1981 786 ,ad
2020 712 2302 783 imaginem
2350 729 2522 770 meam
2579 715 2887 772 edormatus
2925 729 3059 786 erat,
3090 712 3356 777 exoletum

1780 782 2032 857 reddidit,
2081 782 2726 857 mearumquegmanuum
2778 782 3051 856 opificium
3091 791 3356 857 putridum

1780 852 1862 927 cili
1882 854 1979 916 cit,‘
1998 852 2356 909 inobscuravii
2370 852 2829 927 pulchritudinem
2860 873 3017 927 quam
3043 852 3352 927 etl'ormavi;

1780 922 1937 994 lupus
1961 938 2135 978 meum
2165 936 2327 993 pecus
2352 922 2657 994 depascitur
2677 969 2693 993 ,
2724 922 2992 982 deseriqu
3021 939 3105 984 est
3126 922 3356 984 domicil

1781 993 1908 1066 lium
1933 994 2178 1066 paradisi.
2208 993 2437 1066 Lignum
2463 997 2583 1050 vitae
2621 1012 2651 1051 a
2691 996 2869 1066 gladio
2907 1000 3154 1052 flammeo
3175 1010 3357 1054 custo-

1778 1063 1948 1127 ditur,
1988 1073 2044 1120 et
2086 1064 2236 1121 locus
2260 1063 2570 1122 deliciarum
2604 1063 2847 1122 occlusus
2876 1077 2976 1122 est.
3022 1069 3233 1122 Miseret
3272 1086 3357 1127 me

1779 1131 2054 1207 iuius,gqui
2074 1145 2426 1207 oppugnatur,
2462 1147 2517 1191 et
2546 1137 2751 1191 hostem
2772 1138 3223 1207 comprehendere
3246 1152 3353 1194 sta-

1781 1204 1876 1257 tui.
1905 1204 1994 1260 Sic
2017 1204 2194 1260 tamen
2224 1207 2274 1261 id
2310 1206 2522 1272 faciam,
2552 1216 2609 1261 ut
2630 1222 2815 1261 omnes
2840 1204 3091 1263 caelorum
3134 1210 3355 1264 virtutes

1780 1273 1973 1347 lateat;
1999 1276 2090 1330 tibi
2114 1277 2202 1347 uni
2234 1277 2337 1332 hoc
2370 1277 2533 1332 credo
2560 1287 2823 1333 secretum
2859 1296 2873 1331 :
2905 1277 3239 1347 proficiscere
3285 1280 3350 1334 ad

1777 1344 2061 1417 virginem,
2089 1346 2181 1417 abi
2220 1347 2287 1401 ad
2331 1347 2615 1402 animatum
2658 1344 2945 1409 civitatem,
2978 1348 3047 1403 de
3090 1364 3191 1417 qua
3217 1350 3351 1404 dixit

1778 1414 2083 1486 propheta:
2118 1414 2351 1471 Gloriosa
2377 1418 2509 1471 dicta
2534 1426 2649 1471 sunt
2677 1418 2740 1473 de
2767 1427 2836 1483 te,
2861 1418 3035 1472 civitas
3055 1414 3149 1472 Dei
3177 1417 3350 1486 (Ριυιι.

1778 1484 1972 1556 86.3).
2000 1485 2100 1539 Abi
2126 1486 2194 1541 ad
2230 1487 2533 1556 paradisum
2580 1501 2757 1542 meum
2797 1488 3005 1545 ratione
3054 1484 3353 1556 praeditum,

1777 1554 1864 1609 abi
1886 1554 1951 1610 ad
1993 1564 2199 1625 portam
2226 1554 2576 1622 orientalem;
2603 1556 2687 1611 abi
2717 1557 2781 1611 ad
2797 1554 3164 1613 habitaculum
3183 1554 3355 1614 Verbo

1778 1639 1902 1696 meo
1942 1625 2193 1696 dignum;
2217 1626 2300 1681 abi
2333 1626 2398 1681 ad
2433 1627 2661 1680 alterum
2707 1627 2758 1680 in
2817 1629 2972 1683 terris
3022 1627 3229 1692 caelum,
3271 1628 3357 1683 abi

1778 1694 1846 1766 ad
1891 1694 2101 1766 nubem,
2136 1696 2347 1759 levem,
2402 1697 2613 1766 meique
2673 1696 2933 1752 adventus
2990 1697 3214 1752 imbrem
3281 1699 3355 1752 illi

1778 1765 2044 1837 significa.
2079 1765 2246 1837 Perge
2281 1767 2346 1821 ad
2391 1765 2748 1821 sanctuarium
2792 1768 2921 1821 mihi
2964 1778 3352 1837 pmparatum;

1782 1850 1942 1906 perge
1970 1835 2049 1907 ad
2096 1835 2471 1891 incarnationis
2520 1851 2654 1891 mea:
2695 1835 3020 1907 thalamum;
3072 1835 3232 1907 perge
3285 1839 3352 1892 ad

1779 1906 2017 1975 nuptiale
2051 1907 2353 1961 cubiculum
2382 1922 2516 1961 mem
2539 1906 2830 1961 secundum
2872 1906 3087 1961 carnem
3111 1906 3357 1962 nativita-

1783 1977 1849 2029 tis
1899 1993 1912 2028 :
1972 1976 2190 2039 loquere
2231 1977 2298 2030 ad
2345 1991 2503 2031 aures
2564 1977 2835 2030 rationalis
2882 1992 3057 2037 arcae,
3117 1992 3353 2046 pra-para

1779 2045 1907 2099 mihi
1957 2046 2166 2100 auditus
2215 2046 2550 2117 ingressum;
2581 2046 2675 2117 sed
2717 2061 2933 2117 caveae
2975 2047 3193 2117 virginis
3232 2045 3356 2100 ani-

1781 2130 1923 2169 mum
1987 2115 2291 2184 perculeris
2333 2127 2425 2171 aut
2477 2115 2869 2186 perturbaveris
2914 2134 2930 2170 :
2988 2116 3227 2171 modeste
3279 2118 3351 2170 illi

1781 2186 2083 2256 sanctuario
2137 2194 2189 2241 te
2257 2187 2421 2252 siste,
2479 2185 2724 2256 ’primam
2785 2185 2861 2239 illi
2912 2200 3125 2256 vocem,
3160 2187 3356 2256 laetitia:

1782 2254 1974 2327 funde;
2027 2266 2080 2309 ιιι
2127 2257 2290 2310 dicito
2335 2254 2511 2310 Mariae
2540 2275 2549 2306 :
2578 2257 2680 2309 Ave
2717 2255 2879 2327 gratia
2919 2257 3067 2326 plena
3107 2254 3272 2327 (Luc.
3300 2261 3351 2312 l.

1779 2324 1872 2397 28)
1893 2367 1907 2389 ,
1938 2334 1996 2397 ut
2040 2341 2138 2397 ego
2165 2327 2421 2397 miserear
2446 2326 2592 2391 Eva},
2623 2324 2878 2381 aerumnis
2902 2324 2966 2380 ac
2989 2324 3142 2380 malis
3167 2341 3355 2397 cumu-

1782 2395 1920 2449 lata}.
1955 2395 2092 2451 Haec
2108 2412 2229 2451 cum
2257 2396 2543 2451 audivisset
2573 2397 2810 2463 angelus,
2861 2397 2958 2460 sic,
2991 2407 3047 2450 ut
3090 2396 3356 2466 conjicere

1782 2475 1883 2531 est,
1905 2467 2042 2536 apud
2072 2482 2130 2521 se
2159 2466 2568 2521 ratiocinabatur
2592 2484 2604 2519 :
2631 2466 2756 2520 Mira
2781 2481 2909 2520 sane
2934 2482 3018 2536 res
3046 2467 3140 2520 ista
3165 2508 3178 2529 ,
3236 2483 3353 2519 ver—

1781 2536 1906 2607 bum
1932 2537 2030 2607 hoc
2058 2547 2290 2591 mentem
2316 2538 2548 2607 cujusvis
2577 2537 2785 2607 excedit
2808 2553 2821 2589 :
2851 2536 2939 2605 qui
2967 2535 3252 2591 Cberubim
3271 2546 3354 2589 est

1783 2606 1911 2675 ipsis
1938 2606 2306 2674 formidabilis,
2330 2606 2485 2677 quem
2514 2606 2792 2676 Seraphim
2820 2607 3059 2660 eontueri
3102 2622 3204 2677 non
3235 2620 3355 2673 pos-

1782 2685 1926 2742 sunt,
1944 2690 2101 2747 quem
2125 2691 2313 2732 omnes
2337 2676 2589 2748 angelica:
2638 2678 2865 2748 virtutes
2878 2747 2885 2748 ί
2902 2676 3355 2748 comprehendere

1782 2745 2087 2817 nequeunt,
2136 2748 2346 2818 qualem
2391 2745 2737 2817 congressum
2785 2746 3105 2816 pollicetur?
3144 2745 3353 2818 Puellae

1781 2816 1892 2872 sua:
1918 2819 2082 2887 ipsius
2111 2816 2349 2888 persona:
2377 2816 2709 2888 przesentiam
2755 2818 3047 2882 denuntiat,
3076 2816 3157 2888 vel
3182 2817 3354 2888 potius

1781 2888 2077 2958 ingressum
2101 2887 2444 2957 peranditmn
2494 2888 2568 2942 illi
2613 2888 2913 2958 promittit:
2942 2897 2996 2943 et
3038 2887 3128 2956 qui
3183 2887 3350 2939 Evam

1780 2957 2177 3031 condemnavit,
2207 2959 2273 3031 ad
2302 2960 2418 3028 ejus
2463 2957 2637 3013 filiam.
2673 2958 3130 3031 cohonestandum
3183 2972 3349 3025 usque

1781 3029 1916 3082 adeo
1942 3029 2214 3082 incitatur.
2243 3030 2510 3098 Prii-para,
2540 3028 2732 3098 inquit,
2779 3028 2905 3080 mihi
2933 3028 3226 3098 ingressum
3259 3042 3353 3078 an.

1781 3098 1950 3164 ditus;
1981 3099 2077 3155 sed
2130 3096 2383 3167 numquid
2413 3110 2598 3153 venter
2616 3096 3212 3166 incomprehensibilem
3259 3112 3353 3164 po-

1782 3168 2389 3237 testcomprebendere?
2438 3169 2571 3223 Vere
2619 3168 2950 3221 tremendum
3005 3167 3105 3219 hoc
3158 3180 3352 3236 mySIe-

1780 3238 1940 3305 rium.
1967 3239 2088 3293 llaic
2112 3254 2231 3292 cum
2259 3237 2396 3307 apud
2427 3253 2486 3292 se
2512 3238 2770 3308 cogitaret
2796 3237 3015 3306 angelus
3038 3278 3052 3300 ,
3090 3237 3351 3308 Dominus

1780 3309 1847 3365 ad
1878 3311 2047 3377 ipsum
2068 3311 2140 3363 ait
2164 3326 2178 3363 ε
2207 3303 2343 3376 Quid
2370 3303 2613 3379 percelléi
2628 3307 2674 3361 is
2702 3322 2766 3362 ac
2809 3303 3152 3379 pertiti-buris,
3184 3320 3217 3360 ο
3244 3303 3350 3361 Ga-

1780 3375 1948 3435 briel?
1978 3393 2152 3434 nonne
2182 3375 2319 3433 haud
2346 3375 2419 3433 ila
2440 3377 2694 3449 pridema
2716 3375 3233 3449 meradlachariam
3258 3392 3348 3428 sa-

1780 3451 2054 3505 cerdotem
2078 3449 2272 3507 missus
2297 3450 2398 3506 es?
2424 3447 2601 3504 nonne
2628 3447 2704 3502 illi
2735 3448 2940 3502 felicem
2966 3447 3204 3503 nuntium
3256 3461 3349 3502 na-

1782 3520 1999 3576 tivitatis
2026 3518 2246 3576 Joannis
2265 3520 2520 3576 attulisti?
2550 3534 2728 3574 nonne
2751 3517 3013 3573 sacerdoti
3056 3516 3212 3572 fidem
3258 3516 3351 3572 ba-

1783 3591 1909 3646 bere
1934 3591 2201 3647 recusanti
2216 3590 2411 3647 silentii
2438 3604 2647 3660 pcenam
2670 3587 2950 3643 indixisti?
2975 3602 3153 3643 nonne
3169 3602 3350 3660 senem

1781 3663 1928 3732 vocis
1957 3663 2250 3732 privatione
2291 3659 2592 3732 damnasti?
2640 3675 2820 3714 nonne
2850 3668 2916 3732 tu,
2952 3659 3305 3732 pronuntiasti
3335 3696 3352 3724 ,

1782 3731 1895 3803 Ego
1923 3729 2049 3788 γει-ιι
2078 3731 2430 3803 confirmavi?
2472 3744 2651 3786 nonne
2698 3729 3157 3803 annuntiationem
3208 3739 3350 3782 tuam

1782 3799 1917 3873 opus
1937 3803 2107 3873 ipsum
2133 3802 2385 3856 continuo
2406 3807 2790 3873 consequimini
2814 3799 2948 3873 est?
3000 3812 3208 3873 nom_ie_
3227 3813 3356 3873 con-

1782 3867 1925 3943 cepit
1943 3867 2181 3943 sterilis?
2209 3885 2386 3943 nonne
2411 3867 2599 3943 uterus
2617 3869 2891 3926 obedivit?
2914 3883 3091 3924 nonne
3122 3867 3347 3923 infirmi-

1785 3941 1866 3997 tas
1895 3942 2188 3999 sterilitatis
2237 3941 2537 3996 abscessit?
2580 3955 2760 3997 nonne
2797 3947 3001 3995 natura:
3040 3949 3220 3999 torpor
3258 3954 3353 3994 au-

1784 4013 1947 4085 fugit?
1972 4027 2151 4068 nonne
2167 4011 2434 4085 segetibus
2453 4027 2514 4085 ea
2538 4026 2682 4085 nunc
2701 4010 2955 4085 abundat,
2979 4025 3098 4085 qua:
3118 4002 3356 4085 frugibus

1783 4080 1994 4155 penitus
2033 4091 2191 4138 antea
2234 4080 2503 4155 carebati
2530 4080 2697 4155 Noui
2712 4081 3047 4155 impossibile
3082 4080 3225 4155 apud
3268 4097 3356 4155 me

1783 4149 2091 4209 Creatorem
2114 4163 2195 4208 est
2215 4167 2374 4207 omne
2392 4152 2613 4207 verbum
2643 4150 2751 4220 (ΙΙ).
2793 4149 2844 4207 ὗ.
2900 4150 3034 4221 57)?
3077 4149 3357 4217 Quomodo

1784 4240 1912 4295 ergo
1935 4234 1987 4280 te
2012 4223 2270 4278 dubitatio
2292 4221 2524 4295 invasit?
2550 4222 2686 4295 Quid
2733 4238 2860 4292 ergo
2906 4235 3089 4275 rursus
3135 4222 3356 4289 angelus

1783 4292 2029 4350 ad'haec?
2057 4295 2299 4359 Domine,
2326 4293 2520 4363 inquit,
2567 4292 2806 4347 defectus
2859 4301 3073 4363 natura;
3110 4305 3301 4363 sanare
3332 4331 3348 4356 ,

1784 4368 2097 4449 morborum
2169 4361 2536 4449 tempestatem
2584 4363 2842 4449 sudare,

1784 4430 2145 4491 membroru‘m
2162 4437 2229 4489 ad
2247 4430 2457 4489 vitalem
2477 4448 2728 4489 revocare
2746 4435 3012 4495 virtutem,
3031 4434 3136 4485 vim
3162 4430 3359 4485 liberos

1785 4507 2035 4590 pariendi
2052 4506 2316 4590 imperare
2368 4512 2591 4590 natura},
2621 4504 2952 4590 sterilitatem
2994 4501 3365 4590 Διιι-,ιιιειιιιιιζὶει

1781 4571 1891 4649 iam
1918 4571 2145 4649 exoletis
2166 4576 2376 4642 tollere,
2403 4575 2657 4645 stipulam
2677 4584 2951 4628 senectute
2980 4571 3359 4649 conlecta-irriti

1785 4640 2011 4703 iormam
2036 4640 2439 4703 herbescentem
2465 4640 2863 4709 transmutare,
2924 4643 3167 4696 tellurem
3218 4640 3358 4695 infe—

1785 4720 2012 4774 condam
2044 4719 2221 4772 statim
2245 4716 2470 4772 reddere
2519 4714 2907 4784 manipulorum
2952 4713 3206 4784 feracem,
3228 4725 3365 4780 npus

1785 4800 1870 4844 est
1920 4803 1952 4843 a
1995 4800 2083 4842 tua
2116 4785 2468 4858 potentiaide
2511 4780 2681 4840 more'
2707 4782 3017 4858 perfectum.
3067 4780 3241 4837 Testis
3283 4790 3367 4838 est

1787 4859 1968 4925 Sarra,
1997 4869 2053 4916 et
2079 4853 2200 4927 post
2226 4873 2343 4911 eam
2364 4857 2623 4927 Rebecca,
2646 4864 2702 4909 et
2729 4853 3083 4908 rursusAnna
3102 4866 3232 4927 quae
3250 4868 3366 4927 uin.

1789 4931 1927 4985 lesto
1954 4922 2250 4985 Stcri'litatis
2279 4927 2467 4981 morbo
2494 4924 2823 4986 laborarunt,
2858 4932 2914 4978 et
2942 4938 2969 4974 a
2999 4936 3050 4975 te
3078 4923 3272 4975 suntin
3298 4922 3363 4973 Ii.

1788 5001 2049 5056 bertatem
2077 4994 2374 5051 vindicatae.
2424 4994 2690 5065 Virginem
2718 5009 2845 5049 vero
2885 4994 3033 5048 nullo
3079 4992 3173 5065 viri
3215 5008 3363 5047 usam

1789 5085 2076 5140 congressu
2099 5067 2409 5140 peperisse__,
2454 5063 2659 5136 legibus
2688 5076 2904 5140 naturae
2939 5063 3225 5140 sublimius
3261 5070 3366 5115 est.

1788 5143 1860 5197 At
1884 5131 2043 5194 Etiam
2075 5131 2220 5192 ιῖιιιῖιι
2252 5131 2444 5207 puella:
2468 5131 2751 5191 adventum
2780 5135 3068 5205 polliceris.
3102 5131 3229 5186 ϐεεῑί
3256 5142 3365 5186 ter-

1794 5226 1973 5279 ra-que
1996 5218 2048 5263 te
2069 5208 2201 5264 fines
2229 5208 2617 5279 non_capiunt:
2645 5221 2752 5279 quo
2777 5216 2928 5279 pacto
2949 5211 3162 5279 crgo__te
3189 5214 3372 5279 uterus

1791 5272 1964 5350 capiet
1988 5279 2256 5349 virgineus
2275 5279 2299 5333 ?
2315 5272 2462 5350 Tum
2490 5277 2558 5333 ad
2582 5272 2704 5350 eum
2738 5272 2992 5350 Dominus
3019 5272 3043 5350 ΞΔ
3067 5272 3369 5350 Qﬂuomodo,

1793 5344 1985 5421 inquit,
2016 5344 2101 5404 me
2126 5350 2273 5421 cepii
2295 5348 2565 5421 Abraham
2599 5347 2996 5421 tabernaculmn
3021 5345 3046 5421 ’ζ
3092 5344 3189 5421 ςιιί
3218 5358 3372 5421 ange-

1793 5413 1882 5478 lus
1896 5413 2212 5489 respondit}
2243 5419 2450 5489 Quippe
2475 5415 2618 5489 quod
2646 5416 3073 5489 pelagushabuit
3101 5413 3373 5484 hospitali-

1797 5493 1939 5547 tatis.
1978 5484 2176 5546 Deinde
2204 5484 2512 5552 cohsidcra,
2532 5484 2786 5554 Domine,
2809 5484 2914 5541 illic
2944 5487 3088 5540 visits
3135 5500 3195 5539 es
3219 5499 3249 5536 a
3280 5499 3371 5551 pa-

1798 5562 2029 5618 triarcha
2050 5563 2102 5616 in
2126 5561 2466 5617 tabernaculo
2485 5558 2635 5628 juxta
2661 5557 2798 5628 viam
2823 5557 3017 5627 posito,
3036 5567 3088 5628 et
3112 5565 3374 5628 periratus-

1798 5633 1886 5691 isti
1917 5634 2027 5704 qui
2049 5633 2227 5704 omnia
2245 5622 2504 5704 comples:
2530 5627 2811 5697 Quomodo
2823 5622 3019 5704 ξιιιιιειιι
3032 5700 3036 5704 Δ
3053 5622 3197 5704 [εἰει⁵
3210 5622 3375 5704 hilaria

1799 5691 1973 5775 ignem
1999 5701 2323 5775 divinitatis?
2366 5691 2617 5757 Threciis
2668 5709 2789 5775 tutis
2832 5695 3132 5775 incendam-
3172 5691 3381 5775 [uligine

1800 5762 2172 5851 ciollustriitus,
2195 5786 2247 5851 et
2268 5771 2493 5851 feri-etc
2518 5769 2708 5851 poterit
2735 5766 2964 5851 ﬂammis
2985 5767 3149 5851 illaisa
3176 5762 3377 5851 Virgo}

1805 5849 1941 5905 Sane
1972 5833 2244 5915 quidemsi
2265 5844 2401 5900 lzcsit
2426 5833 2564 5912 ignis
2586 5838 2775 5897 rubum
2822 5840 2877 5897 in
2919 5837 3169 5906 deserto,
3219 5833 3376 5892 Ιειαει
