3804 6270
425 377 522 434 795
1929 376 2002 431 SP

2112 376 2198 430 ΙᾹ.

422 495 641 548 omnino
657 503 711 548 et
733 495 948 551 Mariam
974 493 1239 564 adventus?
1254 508 1404 548 meus
1421 493 1612 564 (Exod.
1642 495 1695 548 5.
1715 494 1853 564 init.)
1874 511 1886 546 :
1911 494 1992 546 sin

424 575 602 618 autem
626 565 760 631 ignis
792 565 896 630 ille,
921 564 1009 632 qui
1035 563 1198 616 divini
1229 563 1396 632 ipsius
1424 563 1560 632 ignis
1589 578 1620 617 e
1640 565 1769 617 caelo
1796 563 1995 618 adven-

429 643 539 686 tum
560 633 939 703 adumbrabat,
967 634 1154 687 rubum
1183 634 1394 702 quidem
1414 633 1636 703 rigabat,
1657 635 1872 688 minimc
1897 649 1994 687 au-

429 714 534 756 tem
559 701 888 766 incendebat,
915 703 1040 771 quid
1063 701 1336 757 existimas
1354 703 1422 758 de
1446 701 1667 758 veritate
1687 704 1992 767 dicendum,

430 788 548 839 qua:
571 787 676 843 non
707 773 764 843 i_n
806 771 1014 825 ﬂamma
1041 774 1196 842 ignis,
1243 773 1335 827 sed
1367 775 1417 827 in
1445 776 1622 843 specie
1665 775 1854 842 pluviae
1901 775 1998 829 de-

431 841 678 915 scendit?
704 841 990 915 Tum_vero
1017 841 1198 915 postea
1217 859 1327 897 rem
1353 841 1884 915 imperatam’peregit
1904 861 1998 899 au-

429 912 610 983 gelus,
643 919 696 964 et
719 911 784 983 ad
817 910 1082 980 Virginem
1113 913 1382 983 ingressus
1411 910 1527 967 eam
1557 915 1638 968 his
1665 910 1837 968 verbis
1853 931 1997 969 com-

427 980 650 1101 pellavit
678 996 692 1032 :
723 982 824 1061 .Ave
851 983 1016 1062 gratia
1047 980 1493 1063 plena,‘Dominus
1534 995 1692 1038 tecum
1740 987 1754 1051 (
1784 985 1909 1038 Luc.
1942 988 1995 1040 1.

467 1050 546 1101 8i.
577 1049 691 1101 Non
723 1066 825 1101 tam
852 1052 1079 1101 amultus
1099 1053 1342 1101 diabolus
1384 1064 1566 1101 contra
1616 1064 1666 1101 te
1693 1072 1705 1101 :
1736 1071 1856 1101 nam
1909 1057 1993 1101 nhi

467 1050 546 1118 8).
577 1049 691 1103 Non
716 1050 825 1119 jam
852 1049 1079 1118 amplius
1099 1053 1342 1107 diabolus
1384 1064 1566 1108 contra
1616 1064 1666 1110 te
1693 1072 1705 1106 :
1736 1049 1857 1108 nam
1909 1057 1995 1110 ubi

431 1121 657 1186 primum
688 1121 854 1175 hostis
882 1123 1071 1175 vulnus
1093 1122 1300 1187 inﬂixit,
1331 1123 1398 1177 ibi
1423 1124 1862 1180 medicamentum
1884 1142 1997 1180 mc-

430 1189 580 1262 dicus
607 1192 825 1262 apponit
853 1207 866 1242 :
897 1191 1035 1246 unde
1063 1192 1267 1246 initium
1294 1210 1538 1262 egressus
1567 1210 1714 1248 mors
1765 1196 1946 1249 habuit
1975 1237 1989 1257 ,

430 1258 554 1314 inde
601 1261 708 1312 vita
775 1261 1069 1330 ingressum
1121 1258 1352 1331 paravit:
1389 1263 1490 1317 Per
1534 1265 1807 1318 mulierem
1859 1269 1994 1319 mala

431 1331 696 1405 oriuntur,
726 1345 855 1405 __per
881 1333 1152 1405 mulierem
1195 1333 1328 1387 bona
1368 1336 1679 1388 scaturiunt.
1709 1335 1809 1388 Ave
1835 1339 1998 1405 gratia

433 1400 583 1522 plena
608 1415 626 1451 :
655 1399 760 1452 noli
791 1401 1103 1456 erubescere
1131 1413 1394 1470 tamquam
1417 1405 1768 1459 damnationis
1794 1399 1948 1460 causa
1978 1422 1990 1458 :

462 1468 596 1522 later
627 1471 767 1522 enim
799 1471 913 1522 eius
939 1473 1026 1522 aui
1055 1471 1346 1522 damnavit-
1374 1490 1466 1522 ner
1485 1476 1705 1522 gratiam
1733 1477 1987 1522 ι-ριὶιιριοίκ-

462 1468 596 1522 later
627 1471 767 1524 enim
799 1471 913 1539 ejus
939 1473 1026 1540 qui
1055 1468 1346 1539 damnavit,
1373 1490 1466 1542 per
1484 1476 1707 1544 gratiam
1733 1477 1987 1532 redderis.

3597 387 3698 442 796

2107 487 2210 541 Ave
2231 490 2391 564 gratia
2417 491 2604 558 plena:
2639 491 2782 564 salve
2806 505 2924 564 quae
2954 491 3152 564 mundo
3202 493 3254 546 in
3305 493 3573 549 viduitate
3621 496 3697 564 ja-

2103 561 2242 632 centi
2271 574 2522 632 sponsum
2551 562 2690 630 paris
2717 561 3012 628 impolluta.
3044 562 3147 616 Ave
3165 565 3332 632 gratia
3360 564 3546 630 plena,
3578 561 3700 632 qua:

2104 627 2154 680 in
2174 638 2331 700 utero
2360 627 3274 700 matris'mortem’submergis{ave
3303 627 3572 700 templum
3601 627 3695 686 ’ῡεὶ

2101 697 2428 771 animatum;
2453 714 2548 753 ave
2569 701 2704 771 crelo
2731 715 2794 754 ac
2820 709 2976 754 terrae
3003 697 3098 771 par
3124 697 3500 755 habitacultitn
3529 719 3546 762 ;
3607 719 3701 756 ave

2103 767 2970 841 spatiosumincomprehensibilis
3003 767 3218 824 natura!
3262 774 3694 841 receptaculum.

2101 839 2228 902 Quze
2255 852 2373 908 cum
2402 839 2473 891 ita
2495 840 2621 903 sint,
2649 841 3025 907 aegrotantibus
3051 841 3288 894 medicus
3321 839 3419 908 per
3445 859 3574 893 eam
3613 845 3699 894 δύο
3723 875 3736 890 .

2101 909 2265 971 venit,
2317 907 2369 961 in
2401 909 2634 962 tenebris
2662 909 2973 964 sedentibus
3010 910 3231 978 justitiae
3276 907 3355 963 sol
3403 915 3696 978 apparuit,

2105 985 2418 1048 tempestate
2442 979 2657 1046 jactatis
2698 981 2930 1032 anchora
2981 989 3266 1047 portusque
3323 983 3696 1048 tranquillus,

2101 1048 2268 1119 servis
2297 1047 2610 1119 implacabili
2639 1048 2761 1103 odio
2781 1048 3058 1116 disiunctis
3078 1050 3283 1119 legatus
3311 1059 3396 1102 est
3427 1047 3598 1102 natus
3650 1061 3697 1102 et

2103 1115 2248 1188 pacis
2274 1117 2563 1188 vinculum,
2593 1121 2816 1186 captivis
2838 1115 3388 1188 redemptor'appulit,
3432 1120 3588 1172 bello
3616 1135 3697 1172 vc-

2105 1186 2238 1258 itatis
2269 1187 2477 1258 i_irmum
2502 1188 2784 1243 ineﬂ'abilis
2812 1189 2987 1258 gaudii
3024 1186 3089 1258 fet
3118 1189 3362 1242 caritatis
3393 1189 3693 1241 umbracu-

2103 1254 2230 1327 Ittm.
2263 1255 2383 1324 Ipse
2407 1258 2536 1309 enim
2565 1267 2635 1310 est
2665 1275 2766 1327 pax
2791 1254 2960 1311 nostra
2987 1257 3200 1326 (Ephes.
3247 1258 3302 1310 2.
3355 1261 3478 1322 14),
3518 1268 3576 1310 ut
3631 1263 3695 1309 ait

2101 1323 2783 1397 divinuS'Apostolus:qua
2813 1323 3011 1381 utinam
3061 1323 3321 1381 aeternum
3377 1329 3484 1381 l'rui
3533 1330 3696 1396 possi-

2103 1409 2241 1467 mus,
2273 1395 2593 1467 benignitate
2651 1395 2814 1466 ipsius
2852 1399 3044 1452 Christi
3102 1399 3300 1467 Deique
3347 1395 3572 1462 nostri,
3618 1400 3696 1450 cui

2101 1465 2264 1532 gloria
2312 1465 2363 1518 in
2415 1467 2607 1520 saecula
2639 1465 2976 1522 sicculorutu.
3016 1471 3205 1520 Amen.

501 1671 3608 1696 Mm

449 1678 718 1700 π

1871 1912 2248 1974 MONITUM

505 2069 624 2125 Non
647 2072 785 2126 lectu
821 2072 1037 2142 indigna
1071 2083 1155 2128 est
1179 2074 1291 2129 haec
1319 2072 1565 2138 humilia,
1608 2074 1732 2128 licet
1761 2076 1828 2129 ab
1856 2076 2079 2143 Savilio,
2119 2076 2393 2131 Frontone
2427 2075 2644 2144 Duczeo,
2678 2077 3047 2142 Tilli-tnontio,
3081 2080 3279 2149 quibus
3309 2095 3413 2136 nos
3441 2081 3682 2152 adstipu-

438 2185 634 2247 lamnr,
659 2185 1047 2256 Chrysostomo
1077 2187 1433 2257 abjudicanda
1461 2198 1764 2242 censeatur.
1795 2190 1977 2261 Stylus
2018 2208 2122 2245 non
2153 2191 2518 2245 inventionem
2543 2191 2760 2261 quidem
2803 2192 2949 2246 illam
2992 2192 3372 2262 Cbrysostomi
3408 2195 3678 2264 praeferet,

438 2317 544 2354 non
583 2301 932 2370 proﬂuentem
957 2302 1147 2356 orandi
1173 2303 1414 2366 modum,
1441 2317 1549 2357 non
1585 2302 1999 2358 similitudinum
2035 2305 2413 2374 frequentiam,
2442 2321 2548 2359 non
2577 2307 2892 2375 popularem
2925 2307 3226 2360 doctrinam
3267 2325 3279 2360 :
3319 2307 3461 2361 nihil
3501 2318 3676 2361 tamen

438 2417 527 2470 hic
564 2416 789 2469 habetur
815 2430 844 2468 a
871 2416 1050 2485 sagaci
1078 2416 1343 2485 scriptore
1373 2417 1636 2472 alienum.
1685 2417 1834 2471 Licet
1863 2427 2045 2472 autem
2105 2417 2390 2486 inscriptio
2412 2433 2631 2473 censum
2673 2427 2728 2473 et
2756 2419 3176 2488 descriptionem
3212 2419 3465 2490 Deiparae.
3492 2423 3676 2492 praefe-

1544 2756 2007 2826 HOMILIA
2059 2753 2170 2826 IN
2217 2756 2553 2839 ILLUD,

580 2895 754 2938 exu'r
795 2898 1077 2942 EDICTUM
1122 2901 1159 2943 Α
1204 2901 1454 2944 casam:
1498 2902 1780 2944 AUGUSTO
1819 2886 2014 2963 (Luc.
2042 2885 2158 2946 2.1
2201 2887 2218 2963 )
2253 2907 2268 2958 ;
2316 2904 2395 2945 ET
2439 2904 2502 2944 IN
2546 2903 3050 2947 DESCRIPTIONEM
3094 2905 3388 2946 DEIPAIUE
3439 2889 3553 2966 (α).

1844 3016 2263 3059 -ο-θ-Ηθο-εσ-ο-ο-

507 3106 558 3160 1.
598 3104 728 3160 Cum
768 3105 1061 3158 communis
1081 3105 1313 3158 omnium
1342 3114 1578 3159 nostrum
1613 3105 1867 3160 Servator
1905 3119 2002 3157 na-

435 3177 662 3231 sciturus
691 3187 790 3239 est,
824 3175 1168 3231 dilectissimi.
1201 3191 1230 3228 a
1261 3175 1468 3230 Ctesare
1493 3176 1729 3244 Augusto
1755 3177 1805 3229 in
1833 3184 1999 3229 totum

431 3248 614 3300 urbem
660 3256 917 3298 terrarum
960 3246 1255 3300 universale
1279 3247 1387 3299 exit
1414 3245 1664 3300 edictum.
1699 3245 1829 3300 Nam
1873 3261 2006 3315 quo-

435 3317 576 3370 niam
606 3316 915 3369 universalis
939 3316 1106 3384 gratia
1136 3316 1372 3384 quaedam
1402 3316 1494 3369 toti
1525 3315 1724 3370 mundo
1752 3315 2001 3369 aﬂ'ulsura

434 3395 572 3449 erat,
616 3401 676 3438 ea
704 3401 822 3453 qtae
849 3396 969 3437 sunt
994 3386 1294 3454 reipublicae
1321 3401 1438 3440 cum
1467 3385 1721 3454 religione
1746 3387 2004 3454 quodam-

437 3455 596 3510 modo
623 3462 1024 3515 connectuntur.
1048 3466 1100 3508 et
1129 3455 1182 3507 in
1209 3456 1510 3508 universum
1541 3455 1722 3509 orbem
1755 3457 1811 3507 lit
1841 3470 2002 3509 unum

435 3525 709 3579 decretum
741 3523 1023 3578 Servatore
1046 3533 1314 3594 nascente.
1350 3525 1488 3577 Exiit
1515 3525 1675 3594 igitur
1716 3523 1943 3578 edictum
1974 3539 2004 3578 a

437 3595 648 3648 Caesare
679 3595 936 3662 Augusto,
961 3602 1016 3645 ut
1043 3592 1435 3648 describeretur
1460 3592 1738 3648 universus
1767 3595 1930 3657 orbis,
1953 3595 2005 3649 in

436 3664 874 3734 przrparationem
924 3663 1223 3734 concordiae
1275 3673 1668 3734 concentusque
1693 3663 1962 3733 religionis
1985 3707 2001 3732 ,

436 3734 771 3804 utEvangelii
800 3733 1155 3802 prredicationi
1188 3734 1266 3787 via
1294 3733 1639 3799 sterneretur,
1680 3744 1734 3789 ut
1763 3734 1862 3789 iter
1902 3735 2002 3789 do-

438 3814 625 3859 ctrmte
651 3813 1054 3874 praepararetur.
1084 3804 1235 3858 Prius
1263 3805 1474 3874 quidem
1514 3805 1662 3860 multi
1687 3815 1836 3860 erant
1857 3808 2005 3874 prin-

437 3877 640 3943 cipatus
659 3916 674 3940 ,
705 3874 916 3942 quando
943 3873 1168 3928 C:esaris
1213 3873 1315 3929 non
1346 3886 1462 3930 erat
1489 3875 1719 3930 edictum
1751 3873 2006 3944 praeconii

442 3945 678 4014 ejusdem
711 3945 1055 4009 universalis;
1089 3953 1368 4015 postquam
1399 3955 1573 4000 autem
1592 3962 1686 4015 per
1703 3947 2004 4001 universum

435 4025 695 4069 terrarum
720 4016 900 4086 orbem
929 4016 1432 4086 communiquodam
1456 4017 1720 4086 prteconio
1741 4017 2006 4086 religionis

442 4086 574 4140 ﬁdes
594 4085 927 4155 propaganda
959 4085 1074 4151 iuit,
1106 4085 1524 4140 tum’universus
1568 4087 1712 4140 orbis
1760 4085 1859 4141 sub
1902 4102 2004 4141 una

440 4167 640 4210 tessera
669 4157 943 4224 copulatur
967 4173 981 4209 :
1016 4171 1186 4224 neque
1208 4166 1404 4211 tantum
1427 4157 1572 4211 orbis
1602 4167 1886 4222 terrarum,
1911 4156 2004 4211 sed

437 4235 494 4280 et
521 4226 819 4297 czelestibus
844 4237 1054 4297 terrena
1079 4226 1393 4296 junguntur,
1425 4237 1478 4281 et
1508 4242 1698 4297 magno
1729 4225 2003 4282 hominum

441 4296 722 4376 commodo
744 4295 910 4376 pietas
935 4295 1112 4376 ac_Dei
1141 4295 1313 4376 cultus
1344 4295 1656 4376 publicator,
1709 4306 1767 4376 ut
1809 4299 2006 4352 nemini

441 4366 622 4420 divina
647 4366 844 4438 veritas
867 4366 1183 4438 occultetur.
1217 4366 1446 4437 Imperat
1469 4367 1648 4422 Caesar
1699 4369 1965 4438 Augustus
1988 4409 2003 4433 ,

444 4447 500 4506 et
526 4446 674 4506 paret
699 4435 920 4506 Ioseph,
969 4450 1030 4490 ac
1068 4435 1325 4506 virginem
1367 4453 1544 4492 secum
1587 4435 1824 4491 assumit.
1872 4437 2006 4492 Cum

438 4505 678 4562 Graecum
707 4520 772 4560 ac
801 4506 1048 4574 gentilcm
1071 4505 1318 4575 aliquem,
1375 4507 1460 4560 vel
1501 4508 1668 4576 ipsum
1712 4509 1868 4562 etiam
1915 4508 2008 4562 Ju-

437 4577 612 4631 d:eum
668 4577 1111 4646 interrogaveris,
1145 4578 1486 4646 quamobrem
1526 4579 1761 4646 Augusto
1803 4585 2005 4631 tantum

442 4646 658 4718 honoris
688 4647 954 4716 obtigerit;
989 4657 1042 4700 ut
1069 4647 1235 4701 multo
1264 4656 1500 4716 tempore
1539 4648 1775 4716 regnarit
1804 4647 2008 4718 (annos

439 4717 693 4788 enimsex
719 4725 773 4788 et
795 4719 1172 4788 quinquaginta
1202 4732 1518 4786 mensesque
1563 4726 1787 4786 quatuor
1817 4717 2008 4787 impe-

439 4785 598 4856 ravit)
618 4827 653 4856 ,7
686 4787 817 4840 nihil
838 4789 908 4842 illi
926 4785 1136 4856 quidem
1167 4785 1523 4856 respondent;
1572 4785 1670 4856 ipsi
1699 4802 1827 4840 vero
1865 4785 2007 4843 sorte

437 4855 613 4924 aliqua
641 4855 1002 4926 longissimum
1029 4855 1283 4926 temporis
1313 4858 1536 4927 spatium
1563 4857 1844 4913 obvenisse
1868 4859 2008 4912 arbi-

438 4933 668 4998 trantur,
699 4941 866 4998 neque
894 4943 1071 4998 rerum
1097 4943 1284 4982 causas
1314 4929 1641 4998 intelligunt,
1691 4943 1881 4998 neque,
1914 4929 2007 4982 Dei

437 4996 622 5062 gratize
665 4995 905 5050 credunt.
963 4997 1089 5062 Ejus
1132 4998 1272 5051 enim
1319 4995 1673 5053 tetate'natus
1721 4995 1803 5053 est
1853 4997 2008 5052 Jesus

435 5065 698 5121 Christus.
727 5066 784 5121 Si
812 5066 968 5136 igitur
1010 5067 1362 5121 Romanorum
1416 5069 1702 5136 imperator
1744 5069 2008 5137 Augustus

435 5148 488 5191 ct
516 5137 737 5205 primus,
792 5151 859 5191 eo
888 5137 1182 5207 imperante
1219 5137 1426 5201 solum,
1475 5139 1718 5193 Salvator
1765 5139 2008 5193 Christus

435 5207 630 5278 merito
675 5208 726 5262 in
783 5207 894 5277 ipsa
960 5207 1336 5262 constitutione
1391 5209 1596 5278 imperii
1647 5209 2006 5263 Romanorum

435 5275 890 5346 dispensationem
932 5278 984 5332 in
1011 5293 1170 5333 carne
1213 5275 1479 5348 suscepit;
1513 5279 1641 5333 Erat
1665 5281 1858 5348 quippe
1911 5281 2009 5332 im-

437 5348 695 5420 mittenda
743 5350 888 5419 virga
938 5349 1149 5420 ferrea,"
1185 5348 1253 5403 de
1301 5364 1403 5420 qua
1447 5349 1578 5404 dixit
1621 5349 1802 5407 David.
1849 5348 2008 5418 Reges

434 5436 519 5474 eos
547 5419 600 5472 in
627 5419 766 5490 virga
793 5422 976 5490 ferrea,
1005 5430 1080 5484 et,
1113 5419 1372 5473 Postula'a
1400 5436 1479 5474 me
1499 5462 1513 5485 ,
1535 5433 1582 5473 et
1607 5420 1736 5473 dabo
1765 5419 1851 5472 tibi
1882 5436 2008 5489 gen-

439 5500 512 5543 tes
559 5489 882 5542 hereditate»:
939 5501 1076 5543 tuam
1100 5533 1112 5549 .
1164 5500 1210 5543 et
1259 5491 1613 5557 possessionem
1657 5501 1794 5542 tuam
1837 5491 2008 5542 termi-

436 5576 531 5630 nos
578 5569 724 5614 terra:
765 5559 934 5630 (Psal.
975 5560 1031 5612 2.
1080 5560 1134 5614 9.
1189 5560 1463 5630 8):quasi
1511 5560 1656 5630 solus
1707 5575 1828 5614 cum
1875 5559 2010 5612 Filio

439 5629 595 5684 Pater
666 5629 1053 5699 collaqueretur
1123 5644 1186 5683 ac
1231 5629 1466 5695 diceret,
1548 5629 1786 5698 Regnum
1863 5639 2007 5683 tuum

439 5700 706 5768 aspernati
745 5708 867 5752 sunt
904 5699 1069 5753 Judiei
1098 5739 1113 5763 ,
1169 5709 1421 5768 tuumque
1471 5700 1751 5767 imperium
1805 5703 2010 5767 probris

440 5765 763 5829 affecerunt;
809 5765 1631 5840 contemptibilisnatioesthzitc,
1679 5765 1829 5842 pauci
1862 5779 2007 5838 sunt,

511 5851 586 5915 (ο)
617 5855 789 5907 collata
809 5869 917 5906 cum
939 5859 1049 5906 Cod.
1069 5862 1182 5919 Reg.
1203 5858 1263 5908 25
1273 5859 1343 5909 ιδ.

2110 3107 2197 3174 qui
2225 3107 2454 3178 aversati
2479 3115 2635 3160 sunt:
2666 3105 2879 3160 Postulo
2922 3123 2955 3160 a
2992 3124 3089 3173 me,
3139 3115 3185 3160 et
3229 3107 3360 3160 dabo
3413 3111 3504 3161 tibi
3529 3120 3682 3178 genta

2110 3177 2440 3230 hereditatem
2470 3185 2624 3237 tuam,
2655 3186 2701 3230 et
2714 3179 3075 3246 possessionem
3093 3187 3230 3230 tuam
3245 3179 3490 3232 terminos
3504 3177 3645 3232 terra:
3667 3197 3684 3232 :

2111 3261 2216 3300 non
2243 3247 2488 3313 angulum
2519 3247 2829 3311 Palmstinae,
2879 3262 3050 3318 neque
3097 3249 3473 3318 circumcisam
3519 3252 3684 3302 natio-

2110 3332 2254 3379 nem,
2281 3331 2468 3370 vanam
2495 3325 2546 3369 et
2579 3319 2752 3370 anima
2779 3317 2994 3370 vecordi
3012 3317 3017 3318 “
3036 3317 3310 3385 prteditam
3335 3359 3350 3379 ,
3402 3319 3503 3372 sed
3551 3319 3684 3372 Dabo

2111 3387 2200 3438 tibi
2218 3398 2384 3457 gentes
2410 3386 2735 3457 hereditatem
2763 3397 2919 3450 tuam,
2944 3398 2989 3440 et
3015 3389 3380 3457 possessionem
3409 3399 3556 3442 tuam
3593 3400 3687 3442 ter-

2110 3456 2274 3528 minos
2335 3468 2499 3528 terrm.
2543 3456 2763 3528 “Reges
2808 3456 3022 3512 autem'
3063 3471 3158 3511 eos
3181 3498 3213 3528 ,ί
3259 3459 3687 3528 quandoquidem

2113 3526 2399 3597 Evangelio
2422 3526 2641 3582 obedire
2681 3527 2984 3593 noluerunt,
3040 3526 3480 3597 quandoquidem
3502 3526 3517 3528 “
3539 3533 3685 3582 mira-

2110 3597 2243 3650 culis
2269 3597 2487 3652 credere
2513 3597 2814 3665 noluerunt,
2845 3613 2996 3667 reges
3023 3612 3115 3651 eos
3137 3612 3240 3651 non
3267 3613 3530 3652 sermone
3555 3642 3572 3663 ,
3600 3600 3689 3652 sed

2115 3682 2276 3734 opere
2295 3677 2350 3722 et
2392 3668 2536 3736 virga
2583 3668 2772 3732 ferrea,
2825 3667 3047 3738 imperio
3098 3667 3378 3738 Romano;
3415 3680 3689 3738 propterea

2111 3739 2270 3807 virga:
2297 3739 2519 3809 imperio
2543 3747 2672 3809 sunt
2708 3738 2948 3807 subjecti.
2997 3737 3128 3791 Nam
3182 3753 3304 3793 cum
3353 3737 3687 3809 Je’rosolyma

2110 3810 2343 3862 venisset
2363 3807 2538 3872 Jesus,
2587 3817 2641 3861 et
2663 3808 2713 3861 in
2748 3809 2944 3876 templo
2971 3817 3260 3863 mercatum
3281 3823 3347 3861 ac
3375 3807 3690 3878 negotiatio-

2111 3893 2233 3931 nem
2268 3879 2404 3946 turpi
2435 3878 2586 3932 lucro
2612 3878 2999 3932 redundantem
3029 3879 3400 3946 conspexisset
3425 3919 3443 3944 ,
3501 3880 3691 3932 vende.

2110 3947 2238 4002 bant
2262 3949 2454 4018 quippe
2483 3950 2644 4011 intus,
2671 3957 2724 4002 et
2744 3949 3012 4014 emebant,
3041 3959 3095 4002 et
3116 3948 3402 4002 occasione
3431 3964 3499 4002 ac
3524 3953 3691 4017 specie

2111 4019 2492 4072 sacriﬁciorum
2525 4021 2658 4071 intra
2686 4018 2860 4071 l'attum
2891 4020 3058 4086 ipsum
3088 4028 3442 4072 mercaturam
3473 4034 3692 4073 exerce-

2112 4088 2240 4142 bant
2269 4107 2282 4141 :
2315 4105 2433 4142 cum
2467 4105 2592 4158 ergo
2633 4091 2832 4156 virgam
2859 4099 2911 4142 et
2940 4088 3300 4158 ﬂagelluurde
3334 4090 3590 4141 funiculis
3619 4090 3688 4142 fe-

2111 4159 2292 4221 cisset,
2326 4161 2480 4226 ejccit
2506 4155 2596 4212 eos
2625 4159 2691 4212 dc
2709 4155 2924 4228 templo,
2945 4155 3126 4212 dicens
3150 4199 3166 4223 ,
3202 4155 3379 4228 Nolite
3407 4163 3583 4226 facere
3607 4161 3690 4211 do-

2110 4244 2248 4299 mum
2279 4229 2446 4282 Patris
2473 4231 2566 4282 mei
2593 4229 2797 4281 domum
2822 4227 3189 4299 negotiationis
3243 4227 3450 4298 (Joan.
3482 4230 3537 4282 2.
3569 4229 3633 4281 16
3653 4230 3686 4293 ).

2111 4297 2262 4363 Quod
2318 4301 2360 4352 si
2435 4301 2631 4367 virgam
2693 4299 2833 4351 illam
2905 4297 3263 4357 tolerassent,
3330 4313 3441 4351 non
3518 4301 3688 4366 utique

2111 4384 2205 4423 eos
2251 4371 2300 4423 in
2332 4370 2475 4438 virga
2525 4369 2695 4422 ferrea
2745 4369 2968 4422 rexisset
3007 4387 3019 4420 :
3073 4367 3284 4436 quando
3332 4378 3520 4422 autem
3557 4371 3689 4421 salu-

2113 4448 2280 4495 tarem
2306 4440 2504 4507 virgam
2552 4440 2900 4508 ignotniniose
2927 4439 3258 4507 rejecerunt,
3313 4453 3423 4492 non
3484 4439 3688 4507 ﬂagello

2112 4511 2332 4579 subjecti
2358 4520 2498 4573 sunt,
2534 4525 2703 4577 neque
2731 4509 3004 4572 sermoni,
3036 4509 3125 4576 qui
3181 4508 3403 4579 minime
3452 4508 3689 4579 stupidas

2112 4578 2324 4649 acrique
2354 4580 2603 4648 prmditos
2630 4593 2788 4649 sensu
2825 4580 3081 4647 castigat;
3114 4578 3205 4632 sed
3237 4579 3400 4648 virgte
3454 4578 3644 4632 ferrem
3672 4594 3686 4649 ἓ

2111 4665 2172 4703 ac
2203 4647 2569 4718 siepeiunnero
2598 4648 2739 4701 illam
2795 4649 3111 4702 submovere
3165 4647 3341 4701 conati
3382 4658 3550 4711 sunt,
3603 4647 3687 4701 sed

2111 4718 2514 4788 comprehendit
2543 4733 2634 4772 eos
2662 4719 2808 4786 virga
2832 4718 3002 4771 ferrea
3028 4759 3042 4782 ,
3076 4733 3213 4788 qua:
3236 4731 3340 4770 non
3373 4718 3687 4786 simpliciter

2112 4787 2356 4858 percutit,
2413 4788 2507 4842 sed
2555 4803 2584 4842 e
2625 4790 2801 4842 medio
2851 4789 3004 4842 tollit.
3057 4787 3172 4854 Quo
3216 4788 3395 4856 itaque
3454 4797 3688 4856 tempore

2110 4863 2253 4928 virga
2276 4860 2442 4913 ferrea
2461 4859 2667 4928 initium
2685 4859 2827 4926 cepit
2869 4858 3176 4927 imperantis
3203 4858 3443 4928 Augusti,
3482 4867 3639 4928 tetate
3658 4898 3672 4921 ,

2113 4925 2237 4984 tunc
2266 4930 2512 4983 nimirum
2553 4937 2607 4982 et
2631 4925 2871 4981 Christus
2900 4925 2982 4982 est
3011 4941 3181 4980 natus.
3215 4927 3546 4994 Principium
3592 4927 3689 4980 Ro-

2111 5015 2391 5055 manorum
2411 4999 2726 5068 principium
2752 4997 3141 5066 praedicationis
3163 5039 3178 5060 ,
3209 5006 3462 5066 quartum
3492 5007 3687 5065 tempo-

2110 5086 2227 5125 rum
2250 5085 2493 5140 regnum.
2523 5069 2647 5140 Hiec
2697 5070 2836 5140 enim
2864 5068 3000 5140 apud
3025 5068 3310 5140 prophetas
3365 5069 3598 5138 mystice
3641 5069 3684 5140 i_n

2112 5137 2343 5195 futurum
2369 5139 2638 5194 recondita
2664 5137 2846 5191 videre
2866 5138 2986 5192 licet
3009 5153 3023 5189 :
3047 5137 3178 5191 nihil
3203 5139 3401 5206 quippe
3431 5137 3544 5190 non
3564 5138 3681 5190 scri~

2113 5219 2259 5282 ptum
2288 5207 2850 5282 rcperitu_r__nequc_in
2875 5208 3040 5271 Novo,
3073 5222 3243 5275 neque
3288 5207 3341 5282 in
3378 5206 3575 5282 Veteri
3596 5206 3685 5258 Te-

2112 5276 2404 5344 statuente;
2435 5280 2526 5334 sed
2558 5277 2722 5332 Vetus
2751 5277 2954 5331 Novum
2978 5277 3366 5345 praeoccupavit
3386 5319 3400 5339 ,
3431 5287 3492 5330 et
3536 5276 3685 5327 Vetus

2114 5355 2515 5420 interpretatum
2544 5356 2626 5420 est
2652 5347 2877 5401 Novum.
2907 5351 3144 5420 Ac_s:epe
3187 5347 3296 5400 dixi
3348 5348 3461 5400 duo
3508 5347 3683 5400 Testa-

2113 5418 2290 5477 menta
2317 5437 2436 5474 esse
2463 5430 2516 5474 et
2536 5419 2667 5472 duas
2709 5423 2928 5471 attettlas
2974 5418 3210 5486 duasque
3252 5431 3472 5470 sorores
3497 5459 3512 5481 ,
3575 5432 3683 5483 qum

2115 5494 2394 5548 Dominum
2416 5506 2578 5544 unum
2595 5489 2879 5543 satellitum
2894 5487 2945 5541 in
2962 5485 3165 5540 morem
3189 5488 3406 5554 Stipant.
3435 5485 3684 5540 Dominus

2114 5563 2250 5631 apud
2278 5562 2562 5631 prophetas
2581 5559 2941 5623 annuntiatur,
2972 5557 3219 5631 Christus
3245 5559 3294 5631 in
3318 5557 3469 5631 i‘iovo
3502 5557 3683 5622 pra-di-

2114 5627 2304 5690 catur':
2337 5627 2439 5686 non
2459 5645 2594 5684 nova
2621 5637 2743 5682 sunt
2769 5643 2927 5691 nova,
2950 5639 3128 5681 vetera
3159 5627 3422 5693 siquidem
3459 5642 3679 5694 pneces-

2115 5713 2301 5757 serunt
2316 5720 2330 5756 :
2348 5717 2451 5756 non
2471 5701 2728 5754 exstincta
2749 5708 2870 5752 sunt
2896 5708 3097 5762 vetera,
3112 5697 3308 5767 quippe
3327 5712 3448 5765 qute
3473 5699 3525 5749 in
3549 5696 3680 5749 Novo

2117 5775 2455 5828 Testamento
2478 5779 2603 5825 sunt
2627 5770 2885 5839 exposita.
2919 5769 3206 5839 Enimvero
3232 5768 3502 5839 Danielem
3549 5767 3677 5820 illum

2113 5847 2506 5915 intueri'potes,
2523 5837 2774 5913 juvenem
2804 5838 3016 5912 quidem
3044 5844 3224 5909 aetate,
3257 5837 3544 5910 prophetia
3565 5851 3677 5892 rem
