3870 6272
420 340 523 397 7S9

419 451 512 523 9);
541 450 761 523 antiquo
793 449 1244 523 scilicetrdie‘rum.
1273 448 1414 523 Libri
1441 448 1603 523 operti
1635 457 1751 503 sunt
1777 462 1796 501 :
1820 455 1865 501 et
1892 462 2003 523 ecce

419 515 476 578 iri
498 515 707 578 autem
728 522 844 576 celi
868 522 1010 591 quasi
1038 515 1174 591 ﬁlius
1200 520 1416 591 heminis
1432 515 1675 591 veniens;
1692 528 1742 591 _et
1762 532 1919 591 iisque
1935 515 2005 591 ad

420 595 683 662 antiquum
707 586 903 645 dierum
947 586 1364 662 pereenit_(Dan.
1390 590 1444 662 Ἰ.
1484 590 1570 645 10.
1604 587 1730 662 154).
1774 588 1841 642 Ει
1877 586 2004 656 quid

419 659 617 718 deinde
642 662 835 717 factum
865 661 986 714 est?
1009 659 1125 715 Non
1151 660 1261 731 jam
1292 659 1510 731 bestia},
1541 674 1645 713 non
1672 659 1781 727 jam
1818 672 2002 731 mare,

422 734 662 802 nonjam
699 731 986 786 bestiarum
1014 728 1218 802 terror;
1253 730 1348 785 sed
1380 730 1727 802 principatum
1766 728 2000 802 accepit,

421 813 476 859 et
509 798 877 857 dominabatur
905 802 1018 870 ipse
1049 818 1063 856 :
1094 799 1323 871 Regnum
1363 798 1471 871 ejus
1501 798 1712 871 regnum
1746 800 2007 869 sempiter-

421 889 544 951 nam
562 913 578 934 ,
609 872 744 941 quod
768 888 868 951 nou
894 880 1137 951 evertetur
1153 870 1179 935 ;'
1201 879 1247 925 et
1273 870 1539 951 imperi-um
1564 870 1675 939 ejus
1709 871 1763 924 in
1791 884 2003 951 genera-

421 944 603 998 tionem
621 938 1008 1024 penei-alienum
1037 940 1143 1012 (Ib.
1177 957 1223 994 υ.
1266 938 1395 1024 ευ.-
1423 938 1770 1024 “uenisque,
1801 938 1971 1024 inquit
1980 976 2003 1024 _,

421 1010 687 1068 sermonis
731 1012 989 1082 terminus
1020 1010 1433 1082 zacdprOplteta
1473 1010 1685 1082 quidem
1712 1010 1799 1063 .ita
1843 1022 2004 1082 regna

421 1093 646 1151 quatuor
674 1081 814 1137 videt
840 1080 998 1150 (Ibid.
1028 1097 1076 1135 υ.
1111 1080 1197 1152 15,
1228 1085 1398 1152 sqq.)r;
1430 1079 1507 1152 sic
1535 1081 1677 1152 enim
1704 1096 1826 1135 eum
1849 1079 2007 1133 dece-

423 1153 530 1218 bat,
561 1153 682 1222 quia
712 1168 741 1205 a
770 1152 930 1206 rebus
959 1150 1633 1222 sazcularibusabstinebat
1661 1168 1673 1201 :
1707 1167 1796 1222 rex
1828 1158 2006 1203 autem

418 1220 588 1293 prout
613 1222 712 1293 ipsi
741 1222 1112 1293 conveniebat,
1143 1221 1215 1276 ita
1243 1220 1387 1276 videt
1415 1230 1682 1293 tamquam
1711 1220 1763 1293 in
1794 1236 1923 1274 auro
1952 1227 2006 1293 et

421 1289 648 1364 argento
668 1301 722 1347 et
748 1307 855 1347 aere
874 1302 934 1364 et
958 1291 1099 1346 ferro
1124 1306 1286 1364 regna
1311 1289 1555 1364 quatuor;
1582 1291 1635 1364 Si
1664 1291 1803 1364 enim
1831 1305 1924 1364 rex
1952 1289 2006 1342 in

421 1361 710 1419 bestiarum
741 1363 920 1429 specie
954 1377 1113 1430 regna
1140 1361 1390 1424 vidisset,
1421 1363 1577 1432 eique
1603 1361 1800 1432 deinde
1838 1361 2006 1432 intcg-

423 1442 664 1502 pretatus
694 1427 876 1487 Daniel
903 1427 1065 1493 esset,
1092 1432 1393 1502 absurdum,
1413 1427 1598 1487 fuisset
1625 1432 1674 1486 ei
1700 1427 2008 1502 dicere,_Tu

421 1499 482 1558 es
529 1504 695 1573 prima
739 1503 906 1557 δεξιὴ
939 1520 954 1556 :
984 1502 1192 1571 probris
1229 1500 1488 1571 siquidem
1524 1516 1647 1556 eum
1676 1515 1832 1571 quem
1870 1499 2007 1553 allo-

422 1576 710 1643 qnebatnr,
743 1573 1010 1627 incessere
1046 1573 1191 1643 visus
1217 1581 1357 1643 esset
1384 1589 1397 1625 :
1429 1586 1614 1628 verum
1654 1574 1890 1643 intuetur
1916 1583 2009 1643 rex

423 1640 691 1713 tamquam
723 1658 813 1697 rex
835 1684 850 1706 ,
878 1652 931 1696 et
954 1641 1125 1713 cernit
1153 1641 1410 1711 propheta
1437 1651 1703 1713 tamquam
1735 1642 1787 1694 in
1808 1640 1916 1713 alia
1945 1640 2008 1713 [_i-

420 1710 567 1781 gnra
583 1714 793 1767 similia.
827 1713 951 1767 Haec
974 1727 1003 1765 a
1033 1712 1187 1767 nobis
1216 1710 1428 1767 narrata
1457 1710 1614 1778 sunt,
1643 1710 2007 1775 dilectissimi,

424 1799 531 1837 non
558 1783 673 1837 sine
701 1797 891 1847 causa,
921 1798 1092 1852 neque
1121 1791 1323 1837 temere
1347 1791 1582 1836 veterem
1615 1783 1888 1852 historiam
1921 1795 2010 1852 re-

425 1854 688 1907 texnimus
715 1869 728 1917 ;
762 1851 854 1906 sed
894 1861 954 1906 ut
979 1848 1074 1906 vos
1102 1852 1356 1907 certiores
1381 1853 1735 1907 redderemini
1755 1892 1772 1916 ,
1802 1850 1967 1921 gloria
1992 1889 2008 1914 ,

425 1923 629 1978 honore
657 1938 719 1977 ac
749 1922 901 1976 laude
924 1922 1246 1977 cumulatum
1276 1932 1331 1977 et
1359 1922 1673 1977 illustratum
1706 1921 1865 1977 fuisse
1898 1922 2010 1973 Au-

423 1992 562 2062 gusti
590 1993 887 2063 imperium,
918 2007 981 2047 ac
1010 1994 1175 2046 multo
1207 2004 1445 2060 tempore
1467 1993 1708 2058 durasse,
1735 1999 2012 2063 propterea

424 2061 567 2132 quod
597 2061 987 2130 eo'impcrante
1017 2075 1170 2116 natus
1198 2073 1280 2118 est
1316 2063 1595 2128 Christus;
1630 2072 1880 2131 tantoque
1917 2061 2012 2114 bo-

428 2131 560 2188 nore
587 2133 870 2187 decoratus
895 2141 978 2188 est
1005 2133 1085 2186 vir
1118 2133 1205 2188 ille
1228 2174 1241 2197 ,
1276 2141 1335 2188 ut
1371 2142 1426 2188 et
1466 2149 1661 2189 nomen
1690 2133 1804 2200 ejus
1832 2131 2014 2186 titulus

426 2203 581 2258 fieret
605 2204 894 2274 dignitatis.
926 2204 1133 2258 Etenim
1162 2214 1341 2272 operte
1383 2204 1606 2270 pretium
1634 2214 1715 2257 est
1747 2202 2010 2270 intelliga-

428 2275 496 2327 tis
538 2290 659 2328 eum
703 2289 873 2329 annos
915 2287 1012 2328 sex
1053 2283 1107 2327 et
1144 2275 1522 2344 quinquaginta
1567 2289 1818 2343 regnasse
1849 2286 2012 2344 {cum

423 2359 555 2397 vero
592 2345 727 2416 duos
758 2354 811 2398 et
845 2342 1196 2416 quadraginta
1227 2342 1401 2416 annos
1410 2342 1800 2416 complerisset
1819 2384 1835 2409 ,
1863 2342 2014 2416 Chrif

425 2422 543 2468 stus
566 2414 798 2468 nascitur
824 2432 837 2468 :
867 2416 1042 2484 itaque
1060 2411 1237 2483 spatio
1259 2411 1563 2484 quindecim
1582 2430 1843 2468 annorum
1866 2411 2016 2484 regni

426 2484 545 2551 ejus
571 2483 814 2538 Christus
839 2482 1112 2538 educatur;
1146 2482 1414 2539 Successit
1442 2495 1618 2539 autem
1655 2487 1893 2550 Augusto
1920 2482 2014 2537 Ti-

428 2555 647 2621 berius,
688 2564 738 2608 et
780 2556 831 2608 in
869 2554 1077 2609 decimo
1119 2565 1306 2610 octavo
1348 2570 1489 2609 anno
1528 2558 1675 2625 regni
1714 2554 1916 2625 Tiberii,
1947 2551 2016 2606 ad

427 2638 641 2695 crucem
671 2625 851 2689 venit,
882 2633 937 2679 et
971 2625 1195 2693 patitur,
1234 2635 1288 2680 et
1331 2624 1605 2695 resurgit,
1638 2636 1690 2678 et
1737 2625 1788 2678 in
1828 2624 2016 2695 caelum

428 2694 670 2766 ascendit
697 2711 711 2747 :
741 2698 817 2749 sic
843 2708 900 2748 ut
933 2692 1040 2766 sint
1066 2696 1288 2766 Augusti
1314 2692 1528 2766 quidetit
1556 2695 1890 2766 quindecim,
1923 2692 2016 2747 Ti-

429 2763 562 2817 berii
592 2775 768 2818 autem
793 2764 1117 2831 octodecim;
1146 2764 1302 2820 Jesus
1328 2763 1455 2820 vero
1480 2763 1695 2822 Tiberio
1723 2765 2018 2834 imperante

430 2849 552 2905 cum
584 2849 857 2905 annorum
900 2836 1109 2905 triginta
1148 2844 1320 2902 esset,
1360 2850 1510 2890 suam
1551 2836 1689 2905 apud
1729 2835 2018 2904 discipulos

427 2903 759 2958 divinitatem
805 2903 1124 2967 declaravit,
1169 2920 1233 2960 ac
1277 2921 1371 2975 per
1414 2915 1525 2960 tres
1562 2903 1813 2974 deinceps
1848 2903 2018 2961 annos

431 2975 735 3044 praedicavit
763 2991 779 3027 :
810 2975 1007 3046 ubique
1042 2976 1302 3046 siquidem
1329 2976 1647 3031 venerabilis
1671 2976 1903 3033 Trinitas
1928 2990 2018 3030 oc.

430 3046 597 3099 currit
628 3061 643 3098 :
671 3045 1017 3115 quamobrem
1043 3045 1163 3100 cum
1193 3061 1363 3101 annos
1393 3056 1501 3101 tres
1539 3047 1899 3115 praedicasset,
1928 3046 2021 3101 de-

429 3116 571 3169 cimo
598 3126 787 3170 octavo
826 3115 1022 3170 Tiberii
1062 3130 1203 3171 anno
1241 3117 1306 3171 ad
1340 3117 1654 3172 Passionem
1685 3118 1864 3185 venit,
1896 3132 2020 3172 cum

429 3185 880 3257 dispensationcm
911 3187 960 3239 in
991 3201 1153 3242 carne
1181 3187 1507 3257 perfecisset.

500 3255 554 3311 5.
584 3255 777 3310 Accidit
805 3257 960 3326 igitur
982 3257 1035 3310 in
1061 3258 1163 3311 illis
1182 3255 1385 3321 ’dicbus,
1418 3258 1557 3312 utad
1586 3258 1867 3313 lectionem
1895 3257 2020 3312 red-

428 3340 642 3399 eamus,
667 3328 786 3379 exiit
813 3327 1036 3399 edictum
1052 3343 1083 3399 ᾳ
1107 3326 1305 3399 Ctesare
1329 3329 1554 3399 Augusto
1578 3369 1593 3395 ,
1644 3339 1699 3382 ut
1722 3328 2024 3399 describere-

433 3406 515 3449 tur
558 3397 815 3468 universus
850 3398 992 3468 orbis
1018 3396 1178 3468 (Luc.
1215 3397 1269 3451 2.
1309 3396 1557 3468 “(Haec
1582 3399 1868 3468 descriptio
1905 3398 2022 3467 ipsa

432 3481 610 3520 rerum
637 3478 716 3520 est
743 3466 1056 3536 declaratio,
1084 3470 1251 3536 prima
1278 3466 1365 3523 est
1381 3469 1618 3523 veritatis
1643 3466 2018 3533 manifestatio,

433 3545 493 3589 ut
526 3550 592 3589 ne
621 3534 1108 3606 genushumanum
1136 3552 1324 3606 vagum
1352 3547 1495 3592 erret
1522 3557 1535 3592 :
1566 3539 1681 3593 hmc
1716 3547 1798 3591 est
1825 3538 2024 3593 descri-

434 3608 545 3675 ptio
573 3604 760 3674 prima.
791 3604 927 3678 Num
960 3606 1056 3675 ipsi
1090 3605 1189 3660 hoc
1209 3604 1546 3678 reticuerunt
1578 3610 1894 3678 prOphetze?
1919 3609 2026 3663 Re-

434 3689 713 3729 cnrramus
755 3676 820 3729 ad
871 3675 1270 3731 Testamentum
1304 3676 1506 3744 Vetus,
1552 3675 1607 3734 et
1651 3675 1738 3734 res
1777 3678 2023 3736 Judaicas

435 3746 692 3818 adversus
742 3745 1047 3818 indecorum
1108 3746 1528 3818 incredulitatem
1586 3748 2022 3818 pervestigemus.

435 3816 648 3890 Testem
693 3816 821 3890 mihi
867 3816 1086 3890 advoco
1111 3817 1281 3890 virum
1324 3818 1428 3873 fide
1466 3816 1681 3890 dignum
1730 3816 1979 3874 Davidem
2005 3859 2022 3887 ,

433 3886 635 3941 Iuda-is
658 3886 871 3955 quidem
900 3888 983 3941 vel
1010 3887 1120 3941 sola
1148 3887 1262 3956 ejus
1289 3886 1557 3945 mentione
1586 3891 1722 3945 facta
1748 3886 2026 3945 venerabi-

435 3956 563 4030 lem,
588 3956 842 4030 Ecclesia:
866 3972 994 4011 vero
1020 3956 1128 4030 (ide
1149 3958 1387 4028 dignum.
1413 3960 1546 4028 Quid
1573 3976 1700 4029 ergo
1732 3961 1899 4030 inquit
1927 3961 2029 4014 Da-

437 4026 563 4101 vid?
595 4025 840 4101 Dominus
865 4027 1092 4101 uarraliii
1111 4025 1453 4101 inscriptum.
1477 4025 1779 4101 populorum
1805 4025 1854 4085 et
1883 4031 2026 4099 prin-

434 4098 605 4171 ciqu
629 4095 1115 4171 horumiPsaluSG.
1140 4095 1369 4171 6).“lliec
1394 4095 1518 4154 sunt
1541 4095 1701 4154 verba
1727 4095 2024 4171 prophetae,

438 4166 554 4241 haec
565 4167 1131 4241 Evangelii_sunt_fac_ta
1153 4166 1321 4224 {Haec
1344 4171 1613 4241 descriptio
1635 4166 2029 4241 pririzafAscen;

437 4237 513 4289 dit
549 4235 790 4308 autemet
811 4235 1041 4308 iloseplt,
1076 4239 1274 4307 inquit,
1301 4256 1333 4293 a
1360 4235 1574 4295 Galilaza
1600 4235 1665 4295 ea:
1687 4243 1884 4295 civitate
1910 4239 2029 4294 Na-

434 4308 699 4384 garetirin
744 4305 998 4384 luderent
1030 4308 1084 4361 in
1130 4305 1378 4384 ciuitatem
1425 4310 1596 4364 David
1615 4328 1783 4384 ,dqute
1823 4322 2031 4384 vocatur

436 4375 747 4452 Redite/tem,
777 4394 841 4452 eo
854 4378 998 4452 quod
1024 4389 1147 4452 casei
1175 4379 1239 4452 de
1265 4380 1413 4452 domo
1440 4391 1485 4435 et
1514 4375 1709 4452 familia
1738 4379 1905 4435 David
1933 4398 1951 4434 :
1975 4391 2030 4436 ut

438 4446 802 4521 describeretttr
825 4448 929 4521 iilic
942 4464 1065 4521 _cwit
1091 4447 1260 4502 Maria
1285 4446 1587 4521 desponsata
1605 4451 1702 4505 sibi
1717 4469 1875 4507 more
1895 4468 2028 4521 pra:-

438 4470 802 4501 uescrweremr
825 4470 929 4501 um:
949 4470 1065 4500 cum
1091 4470 1260 4502 maria
1285 4470 1587 4521 aesponsata
1605 4470 1697 4505 81m
1717 4470 1875 4507 uxore
1933 4470 2028 4507 ra:-

436 4527 622 4586 gnante
647 4516 814 4592 (_Luc.
842 4517 897 4592 εἴ
935 4516 1074 4592 2.-4.
1105 4529 1150 4572 et
1175 4521 1207 4573 7
1226 4521 1264 4589 ).
1295 4520 1426 4575 Nam
1458 4522 1511 4574 in
1540 4522 1667 4576 solis
1692 4470 2030 4592 sponsoribus

437 4589 716 4659 conceptio
745 4588 943 4641 evenit.
978 4587 1197 4645 Factum
1225 4587 1298 4643 est
1325 4600 1493 4644 autem
1521 4608 1635 4644 cum
1663 4587 1822 4646 essent
1855 4593 1951 4659 ibi,
1983 4604 2031 4648 et

436 4657 767 4733 impletisunl
797 4659 924 4724 dies,
956 4668 1325 4733 ut_pareret,et
1354 4663 1543 4733 peperit
1570 4663 1733 4729 lilium
1757 4680 1901 4717 suum
1924 4657 2030 4733 pri-

438 4728 774 4804 mogenitum,
804 4738 850 4782 et
878 4729 1061 4804 pannis
1084 4730 1318 4804 involvit,
1351 4728 1396 4785 et
1414 4728 1591 4804 posuit
1616 4735 1808 4804 euntiin
1841 4728 2029 4804 praise—

478 4797 526 4871 io
547 4800 841 4871 ,__g_ui_a_non
870 4797 1082 4871 eratsic
1121 4798 1261 4855 locus
1296 4803 1350 4871 in
1389 4797 1659 4857 diversorio
1689 4803 1707 4871 (
1726 4797 1860 4858 Ibid".
1892 4820 1940 4858 υ.
1973 4805 2024 4860 6.

439 4815 526 4921 ξω
547 4838 563 4863 ,
595 4815 712 4865 quia
741 4815 841 4851 non
870 4815 977 4853 erat
1011 4816 1082 4853 eis
1121 4815 1261 4855 torus
1296 4817 1350 4854 m
1389 4815 1659 4857 diversorio
1689 4815 1860 4871 (Ibid.
1892 4820 1940 4858 υ.
1973 4815 2024 4860 6.

472 4866 516 4948 ).
549 4867 689 4948 Niitil
720 4868 818 4922 hac
847 4884 904 4922 re
934 4870 1110 4948 uilius,
1142 4871 1274 4948 nihil
1302 4870 1497 4927 Christi
1534 4875 1807 4930 nativitate
1837 4889 2034 4948 paupe-

437 4936 568 4992 rius.
607 4936 763 5015 iesns
794 4939 1108 5015 mendicum
1123 4941 1315 5015 agebat
1350 4953 1564 5015 propter
1605 4960 1735 5010 nos,
1765 4936 1853 5015 qui
1881 4936 2032 5001 dives

438 5017 587 5081 erat;
615 5009 956 5081 iniprresepio
980 5009 1140 5063 Maria
1164 5009 1699 5078 posuit'Salvatorem
1724 5009 1739 5081 ς
1766 5009 1897 5069 nihil
1918 5025 2033 5071 erat

437 5079 577 5156 quod
607 5079 1057 5156 substerneretur,
1091 5080 1223 5156 nihil
1249 5095 1650 5156 quo__tegcretur
1673 5103 1687 5140 :
1713 5079 1832 5151 nam
1860 5102 2032 5156 neque

437 5150 697 5225 chsequio
719 5149 1023 5225 huiusmodi
1048 5149 1571 5225 cul_tu_ve’indigebat,
1598 5171 1770 5225 neque
1789 5149 2031 5212 smcul'ari

430 5220 541 5285 isto
566 5231 821 5290 apparatu
850 5220 920 5275 illi
948 5235 1085 5291 opus
1121 5221 1219 5276 fuit
1247 5238 1262 5277 :
1292 5220 1736 5293 quemadmodum
1767 5242 1941 5297 neque
1965 5243 2031 5282 ex

493 5317 613 5325 __—.

1901 333 2168 393 SPURIA.

3598 342 3703 398 800

2106 454 2312 523 natura!
2335 445 2544 523 iegibus
2568 455 2652 523 esi
2677 457 2986 519 conceptus.
3014 447 3324 523 Sufﬁciehat
3360 450 3699 523 enim‘virgi-

2109 516 2193 594 riis
2221 516 2571 594 ministerium
2595 518 2754 594 {ipse
2780 516 2908 574 vero
2931 522 3486 594 cuncta_disponebat.
3512 516 3699 594 Itaq'ne

2110 584 2289 659 Posuit
2317 603 2461 659 etim,
2490 584 2687 659 inquit,
2720 590 2773 642 in
2811 592 3074 659 priesepio.
3110 590 3178 644 Et
3214 584 3443 658 pastores
3470 584 3694 647 erant-in

2108 655 2310 725 regione
2325 655 2821 731 eademeacubantcs'
2836 655 3051 731 (Lucl2.
3067 661 3146 731 7).
3178 655 3459 716 Matthazus
3483 664 3697 731 quidem

2110 740 2294 800 magos
2338 727 2881 800 advenissenarrat',
2926 727 3311 786 Lucas'autem
3359 727 3610 800 pastores
3645 735 3693 786 in

2108 794 2293 871 cedem
2333 794 2495 871 fuisse
2536 798 2754 871 regione
2786 817 2799 852 :
2833 800 2941 855 illic
2976 802 3144 871 magi,
3183 801 3269 855 hic
3298 794 3568 871 pastores.
3602 804 3698 856 Ve-

2108 866 2537 941 niiqueangelus
2573 866 2641 941 ad
2676 883 2771 924 eos
2807 885 2993 937 magna
3035 866 3401 941 proclamans,
3448 870 3695 941 uagitum

2108 936 2245 1009 uobis
2281 938 2429 991 hodie
2463 936 2706 1009 gaudium
2744 936 3062 1009 evangelise,
3089 942 3207 1008 quia
3234 951 3381 994 natus
3404 951 3480 996 est
3507 936 3698 995 nitiade

2111 981 2706 1081 sitiqib'r"i?i”ci5t}£z?£'
2725 981 3390 1081 ῡὶιὲἓῖῖὶῐῖὁῙκῗίὸῗῖἲ
3404 981 3480 1079 ῖέ
3502 981 3701 1066 SHT;

2109 1078 2506 1151 angeloverba
2556 1080 2820 1151 faciente,
2865 1078 3033 1149 aperti
3085 1090 3210 1135 sunt
3251 1078 3413 1143 caeli:
3454 1098 3698 1151 unusque

2111 1147 2703 1221 a_pparuii__canentium
2753 1147 2980 1221 hymnos
3031 1161 3357 1215 concentus,
3400 1167 3470 1208 ac
3510 1147 3700 1207 dicen-

2113 1217 2288 1292 tium:
2323 1216 2498 1292 Giona
2524 1219 2579 1292 in
2606 1216 2869 1292 altissimis
2889 1218 3016 1292 Deo,
3048 1231 3093 1274 et
3116 1222 3169 1274 in
3201 1231 3333 1275 terra
3365 1239 3490 1292 pax,
3521 1223 3580 1275 in
3609 1223 3700 1276 Ito-

2111 1286 2327 1362 minibus
2364 1287 2729 1362 bciteplacitum
2757 1289 2928 1362 (ibid.
2959 1286 3011 1343 ti.
3045 1292 3169 1360 14).
3206 1286 3394 1345 Omnia
3435 1292 3698 1362 siquidem

2111 1357 2665 1427 coniungenda'stmt,
2699 1357 2888 1415 caelum
2923 1369 2976 1414 et
3009 1357 3147 1415 terra
3183 1357 3552 1417 connectenda
3580 1374 3701 1416 sunt

2113 1426 2165 1479 in
2188 1426 2404 1502 unum,
2433 1440 2516 1502 _ut_
2543 1437 2753 1502 terrena
2796 1430 2925 1502 fiant
2965 1430 3228 1502 caelestia,
3269 1440 3326 1485 ut
3361 1432 3454 1485 fiat
3496 1448 3602 1502 pax
3640 1433 3699 1486 iis

2113 1496 2203 1572 qui
2243 1497 2397 1567 longe
2433 1497 2704 1572 habitant,
2733 1508 2787 1572 et
2825 1501 2889 1555 iis
2928 1500 3017 1569 qui
3056 1516 3239 1571 prepe.
3283 1496 3536 1557 Pastores
3575 1517 3699 1572 ergo

2114 1566 2605 1642 felicem’nuntium
2649 1570 2909 1636 audiunt;
2947 1566 3115 1641 quam
3155 1566 3224 1627 ob
3261 1586 3478 1627 causam
3516 1566 3699 1642 peste-

2113 1637 2407 1711 res?_Quia
2456 1639 2702 1711 nimirum
2751 1637 3016 1711 tamquam
3057 1656 3186 1697 oves
3222 1637 3696 1707 abcrraveramus,

2114 1707 2314 1761 mundo
2345 1718 2524 1777 pastor
2548 1709 2762 1765 advenit
2786 1707 2946 1767 Jesits
2967 1711 3233 1780 Christus,
3264 1713 3512 1768 Salvator
3550 1714 3692 1767 orbis

2114 1784 2486 1853 terrarum,_et
2515 1790 2754 1853 pastores
2773 1781 2863 1853 _ob
2912 1790 3176 1853 pastorem
3213 1784 3654 1853 evangelizantur
3683 1800 3696 1834 :

2117 1857 2173 1901 ct
2200 1846 2378 1901 Gloria
2405 1850 2457 1901 in
2481 1846 2738 1904 altissimis
2763 1850 2866 1905 Deo
2894 1846 2926 1905 ε’
2939 1846 3174 1907 futurum
3198 1853 3341 1908 enim
3352 1846 3490 1908 'erat
3519 1863 3581 1907 ut
3609 1854 3700 1906 ho-

2119 1917 2288 1993 mines
2316 1920 2694 1993 glorificarent,
2741 1930 2794 1975 ct
2822 1925 3021 1993 gratias
3044 1932 3267 1991 agerent
3292 1925 3365 1988 ei,
3396 1924 3490 1993 qui
3519 1939 3701 1993 pacem

2117 1987 2170 2041 in
2202 1997 2394 2060 terram
2422 1991 2658 2057 miserat,
2685 2006 2750 2044 eo
2775 1987 2915 2060 quod
2942 1987 3232 2047 inimicitiis
3256 1995 3306 2048 in
3333 1987 3499 2047 Deum
3519 1987 3699 2048 homi~

2118 2074 2213 2113 nes
2239 2059 2448 2134 liberati
2477 2072 2647 2115 erant.
2695 2059 2761 2114 In
2796 2059 3086 2117 hominibus
3113 2061 3481 2134 bencplacitum
3512 2079 3533 2117 :
3566 2064 3703 2118 futu-

2117 2143 2237 2200 rum
2262 2130 2401 2183 enim
2431 2140 2628 2184 eratut
2665 2148 2727 2186 ea
2763 2148 2881 2200 quae
2919 2142 3046 2188 sunt
3085 2130 3317 2200 pietatis,
3368 2135 3617 2189 homines
3648 2145 3702 2189 ut

2118 2197 2266 2275 bona
2288 2200 2501 2267 vellent,
2526 2210 2579 2254 ct
2602 2202 2739 2256 bona
2760 2197 3064 2275 censerent.
3088 2197 3336 2259 Pastores
3362 2205 3547 2275 itaque
3570 2205 3700 2261 felici

2121 2270 2305 2345 nuntio
2333 2280 2573 2345 accepto,
2602 2282 2661 2345 _et
2694 2274 2793 2327 hoc
2831 2273 3014 2327 audito
3059 2289 3329 2341 sermone,
3374 2270 3491 2329 rem
3539 2277 3700 2345 ipsam

2118 2339 2384 2407 viderunt,
2420 2339 2475 2395 in
2501 2343 2813 2410 speluncam
2841 2354 3097 2398 venerunt
3123 2363 3138 2400 :
3167 2361 3272 2399 non
3294 2339 3524 2399 stratum
3556 2339 3700 2401 video

2118 2419 2262 2486 rum,
2297 2428 2399 2465 non
2437 2412 2927 2486 lectum‘viderunt,
2970 2429 3074 2469 non
3111 2430 3350 2470 mensam
3392 2426 3697 2486 apparatam

2120 2480 2384 2555 viderunt,
2415 2482 2745 2555 sediiiariam
2775 2484 3048 2540 sedentem
3075 2495 3129 2540 et
3151 2486 3372 2555 Joseph,
3398 2480 3694 2554 etpucrum

2119 2552 2453 2626 reclinatum.
2503 2552 2619 2626 Non
2647 2564 3055 2626 commemorat
3102 2552 3296 2625 primo'
3328 2557 3449 2610 loco
3478 2552 3698 2626 patrem

2121 2622 2468 2702 evangelista,
2506 2624 2602 2677 sed
2643 2624 2859 2680 Mariam
2889 2622 3117 2702 primum
3154 2622 3549 2702 commemorat
3578 2645 3591 2679 :
3620 2627 3700 2681 illa

2120 2698 2315 2765 quippe
2333 2708 2467 2765 vere
2508 2701 2591 2748 est
2631 2706 2803 2750 mater
2850 2714 2863 2750 :
2914 2698 3019 2750 imo
3055 2712 3180 2751 vero
3212 2712 3313 2751 nec
3355 2698 3471 2765 ipsa
3513 2708 3700 2762 mater,

2121 2763 2548 2836 quandoquidem
2577 2768 3022 2836 noninaturaliter
3044 2768 3269 2836 peperit,
3313 2763 3411 2821 sed
3450 2784 3702 2836 superna-

2122 2831 2367 2906 turaiiter
2382 2836 2654 2906 concepit.
2683 2834 2799 2890 Non
2831 2838 2972 2890 enim
3001 2831 3225 2903 sciebat,
3255 2831 3383 2906 quid
3409 2831 3591 2902 fieret,
3613 2838 3702 2892 sed

2121 2900 2340 2977 artificis
2374 2900 2786 2977 instrumentum
2830 2915 2966 2960 erat.
3009 2900 3455 2977 Viderunt'igitur
3490 2900 3702 2965 Matium

2124 2982 2178 3026 et
2208 2972 2405 3044 Joseph
2438 2984 2492 3029 et
2517 2990 2777 3044 puerum:
2810 2977 3007 3032 auditis
3046 2978 3223 3032 verbis
3265 2972 3353 3031 rc's
3394 2978 3541 3046 ipsas
3570 2980 3705 3033 vide-

2122 3046 2486 3119 rumpunt-aii
2515 3054 2660 3119 sunt,
2682 3047 2915 3119 salutem
2958 3048 3097 3101 nacti
3140 3058 3288 3119 sunt.
3330 3047 3558 3104 Iacebat
3582 3066 3704 3119 ergo

2124 3115 2380 3187 puerulus
2409 3116 2501 3170 illo
2539 3117 2750 3173 interim
2791 3119 2885 3171 vili
2928 3120 3167 3187 corporis
3209 3118 3354 3172 cultu
3402 3115 3703 3186 contentus,

2124 3184 2470 3258 ejusdemque
2487 3187 2870 3242 incrementum
2897 3184 3210 3257 exspectans
3241 3205 3255 3240 :
3283 3199 3337 3242 et
3363 3184 3708 3258 quemadmo-

2124 3253 2251 3308 dum
2277 3253 2464 3327 artifex
2481 3258 2698 3326 quidam
2725 3253 3089 3327 exspectabat,
3107 3268 3266 3327 atque
3294 3253 3568 3314 officinam
3588 3277 3707 3316 cou-

2125 3325 2384 3389 struebat,
2409 3335 2466 3380 ut
2487 3325 2753 3397 tamquam
2775 3325 3101 3384 citharmdus
3122 3325 3336 3399 quidam
3363 3332 3573 3384 cithara
3595 3343 3702 3385 ute-

2125 3405 2293 3460 retur,
2325 3406 2379 3451 et
2402 3406 2461 3451 ut
2487 3400 2792 3469 sagittarius
2820 3400 2886 3453 ad
2929 3401 3002 3462 id,
3034 3402 3175 3467 quod
3202 3413 3336 3469 opus
3364 3399 3581 3463 fuisset.
3611 3403 3707 3455 telo

2126 3473 2182 3536 et
2206 3469 2396 3536 sagitta
2423 3476 2660 3524 uteretur
2686 3486 2701 3523 :
2729 3469 2801 3523 ita
2828 3478 2883 3524 et
2909 3469 3065 3524 Jesus
3107 3470 3514 3526 communicans
3539 3473 3708 3526 omni-

2126 3535 2227 3591 bus
2256 3535 2507 3610 paulatim
2535 3551 2780 3610 augetur.
2810 3541 2916 3594 Cur
2942 3556 3046 3594 non
3075 3540 3233 3609 igitur
3259 3542 3593 3596 confertim?
3622 3559 3709 3597 cur

2128 3609 2460 3680 nonadulta
2509 3609 2666 3664 simul
2714 3618 2872 3665 aetate
2921 3612 3293 3680 perfectnsque
3335 3615 3420 3666 vir
3462 3613 3709 3669 advenit?

2134 3676 2285 3751 Venit
2313 3688 2372 3751 ut
2400 3693 2643 3735 naturam
2675 3676 3261 3745 nostram—imitaretur,
3286 3690 3346 3735 ut
3366 3698 3602 3737 massam
3624 3698 3709 3751 per

2128 3747 2505 3804 delibationem
2532 3752 2912 3807 sanctilicarct.
2953 3752 3239 3807 Enimvero
3264 3752 3309 3805 si
3348 3755 3461 3820 jam
3502 3747 3708 3807 adultus

2129 3826 2287 3890 aetate
2312 3822 2563 3887 veniSset,
2595 3832 2650 3877 et
2679 3824 2759 3876 vir
2789 3822 3075 3890 perfectus,
3106 3822 3160 3875 in
3196 3823 3477 3889 mundum,
3523 3824 3708 3877 dicturi

2130 3887 2356 3945 fuissent
2405 3893 2641 3947 haeretici
2689 3887 2944 3962 virginem
2984 3907 3107 3946 eum
3158 3893 3375 3946 minime
3417 3887 3707 3962 peperisse,

2131 3976 2305 4030 neque
2326 3978 2389 4016 ex
2411 3978 2607 4032 genere
2633 3972 2818 4017 nostro
2844 3977 3073 4017 massam
3104 3963 3397 4030 accepisse.
3428 3963 3599 4017 Natus
3634 3974 3710 4017 est

2131 4045 2263 4104 ergo
2285 4034 2605 4102 exvirgine,
2636 4049 2757 4089 cum
2786 4050 2852 4088 ex
2880 4036 3148 4087 communi
3190 4048 3366 4087 massa
3398 4036 3707 4104 accepisset,

2132 4111 2190 4155 ut
2216 4103 2480 4173 Adatnum
2511 4115 2813 4158 creaturam
2847 4114 2902 4158 et
2940 4105 3250 4173 figmentum
3279 4118 3437 4158 suum
3484 4103 3717 4159 sanctifi-

2132 4184 2300 4244 caret,
2328 4172 2553 4243 ideoque
2583 4175 2831 4243 paulatim
2858 4172 3053 4228 crescit
3077 4190 3090 4225 :
3122 4189 3243 4228 cum
3268 4173 3579 4229 hominibus
3604 4177 3714 4244 qui-

2133 4242 2254 4298 dem
2287 4242 2634 4298 conversatur
2664 4255 2721 4298 ut
2752 4245 2931 4309 homo,
2962 4244 3055 4298 sed
3080 4259 3200 4298 cum
3220 4245 3289 4297 sit
3315 4258 3525 4299 natura:
3546 4242 3715 4299 Doini-

2133 4329 2253 4377 nus,
2284 4316 2400 4371 sine
2424 4325 2640 4384 peccato
2665 4318 2822 4369 vitam
2851 4314 3097 4369 traducit.
3123 4314 3256 4369 Cum
3281 4330 3412 4383 ergo
3438 4317 3711 4384 puerulum

2135 4385 2309 4456 ipsum
2338 4386 2592 4452 audieris,
2622 4396 2806 4456 repete
2832 4386 2957 4439 mihi
2988 4385 3323 4455 prophetiam
3368 4385 3518 4439 illam
3551 4386 3712 4447 Isaiae,

2133 4461 2294 4526 quant
2328 4458 2455 4510 olim
2496 4456 2725 4521 dicebat,
2776 4455 3029 4510 Parvulas
3058 4465 3204 4509 natus
3252 4464 3325 4508 est
3366 4457 3535 4520 nobis,
3575 4458 3714 4526 cujus

2136 4527 2449 4609 principatus
2472 4530 2637 4608 factus
2680 4536 2752 4581 est
2792 4543 2944 4606 super
2974 4526 3247 4614 [tamenim]
3262 4526 3715 4614 ςίιιβηυξιιελοτ·

2135 4594 2221 4665 tis,
2252 4594 2486 4667 princeps
2512 4599 2671 4664 pacis,
2696 4607 2837 4666 pater
2854 4594 3010 4661 futuri
3035 4595 3209 4650 saeculi
3231 4594 3381 4664 (Isai.
3406 4596 3461 4650 9.
3487 4596 3570 4666 6).
3591 4594 3716 4652 Cum

2137 4668 2416 4738 parvulum
2455 4669 2712 4733 audieris,
2752 4667 2861 4721 noli
2900 4682 3100 4738 nomen
3145 4668 3445 4738 aspernari,
3486 4668 3583 4722 sed
3632 4668 3716 4721 Dei

2134 4736 2473 4794 clementiam
2517 4748 2571 4793 et
2605 4739 2831 4792 salutem
2879 4736 3296 4806 dispensationis
3331 4737 3623 4803 admirare,
3666 4746 3717 4790 ut

2135 4809 2328 4880 dignus
2359 4809 2474 4874 lias,
2501 4810 2590 4879 qui
2612 4808 2918 4880 evangelica
2945 4809 3105 4862 verba
3129 4806 3411 4872 exaudias,
3439 4823 3540 4879 per
3569 4808 3716 4863 fidem

2137 4879 2486 4950 prosequens.
2522 4895 2617 4949 per
2644 4879 2952 4948 patientiam
2995 4880 3340 4950 exerciiatus,
3372 4894 3469 4948 per
3510 4880 3718 4947 religio-

2139 4948 2263 5006 item
2292 4948 2596 5015 decertans,
2621 4965 2718 5018 per
2758 4948 3365 5019 caritatemperfectus,
3410 4964 3510 5019 per
3549 4952 3718 5004 omma

2139 5021 2344 5091 integer
2368 5020 2535 5076 factus
2564 5022 2613 5074 in
2639 5019 2856 5091 Christo
2894 5019 3021 5074 Jcsu
3048 5018 3279 5091 Domino
3308 5018 3498 5091 nostro
3544 5037 3563 5078 :
3606 5036 3720 5073 cum

2138 5090 2417 5162 quo’Patri
2445 5091 2604 5144 simul
2632 5105 2752 5144 cum
2782 5090 2985 5162 Spiritu
3018 5099 3206 5145 sancto
3229 5090 3425 5160 gloria,
3468 5101 3724 5160 potestas,

2142 5162 2312 5217 honor
2341 5171 2395 5217 et
2417 5161 2659 5216 adoratio
2685 5163 2738 5215 in
2764 5161 2958 5215 saecula
2978 5162 3316 5216 saeclorum.
3339 5162 3533 5216 Amen.

2100 5363 2177 5373 —-
2212 5364 2264 5373 .-
2445 5362 2503 5372 -ι
3674 5360 3721 5367 ..-

1710 5322 2659 5529 muniﬁci?

3674 5360 3721 5367 ..-

1186 5562 1296 5627 AD
1334 5559 1754 5626 HOMILIAM
1795 5562 1878 5626 IN
1917 5562 2296 5626 JOANNEM
2337 5560 2967 5627 PRECURSOREM.

514 5666 687 5723 Probe
709 5665 952 5724 fecerunt
975 5664 1210 5722 Savilius
1233 5673 1289 5719 et
1312 5660 1515 5719 Fronto
1538 5663 1763 5719 Ducams
1782 5664 1872 5733 qui
1896 5663 2035 5720 hanc

445 5737 719 5792 homiliam
781 5739 834 5793 in
885 5735 1078 5805 Spuria
1121 5735 1462 5805 ablegarunt.
1504 5733 1677 5806 Nihil
1709 5735 1795 5806 hic
1838 5735 2036 5806 quippe

445 5806 833 5878 Cbrysostomo
859 5804 1078 5877 dignum
1110 5825 1126 5862 :
1169 5804 1350 5862 omnia
1378 5805 1546 5878 tropis
1585 5804 1906 5873 redundant,
1933 5804 2031 5860 an-

2144 5663 2452 5729 tithesibus,
2478 5663 2710 5735 aliisque
2736 5662 2941 5735 ﬁguris,
2977 5680 3098 5737 quae
3128 5665 3306 5721 minus
3351 5666 3573 5736 peritum
3610 5677 3729 5719 ora-

2146 5745 2317 5790 torem
2351 5743 2602 5804 arguunt.

2220 5803 2589 5876 Interpretatio
2617 5803 2800 5861 Littina
2825 5813 2909 5864 est
2937 5804 3223 5863 Frontonis
3255 5807 3443 5864 Dnca:i.
