3870 6272
103 358 220 413 817

101 473 322 526 ctenim
349 476 581 524 vestrum
607 464 884 520 Dominum
910 464 1037 517 estis
1059 463 1264 517 imitati.
1299 462 1494 516 Nautas
1519 458 1701 529 appel-

107 542 289 594 labo?
317 540 450 594 tales
479 539 620 591 enim
650 538 776 590 estis
795 578 809 601 ,
837 551 956 588 cum
999 535 1364 602 experimento
1413 533 1526 602 ipso
1574 545 1699 602 pro:

103 613 312 665 cellam
343 609 593 662 ﬂuctuum
625 599 948 661 sustinentis.
973 599 1372 659 Gubernatores
1389 599 1482 655 vos
1504 599 1705 655 dicam?

104 683 324 734 ctenim
363 679 510 732 estis.
551 678 701 732 Sicut
741 676 1092 744 peritissimus
1128 674 1472 743 gubernator,
1492 672 1592 744 qui
1637 669 1703 723 ad

103 753 334 804 clm-nm
383 749 576 803 sedens
624 743 754 800 artis
801 746 985 813 peritia
1024 754 1394 813 tempestatem
1422 743 1620 805 evitat,
1652 748 1707 793 et

109 823 446 874 incolumem
487 825 750 873 servatam
793 831 978 869 navem
1023 815 1087 868 ad
1128 815 1464 882 tranquillum
1498 819 1704 880 portum

107 891 342 944 deducit
368 907 382 943 :
414 890 491 942 sic
515 897 570 942 et
597 903 691 940 vos
720 887 868 941 estis.
900 885 1006 940 Sed
1046 894 1098 937 et
1137 883 1431 950 discipulos
1476 897 1570 934 vos
1597 897 1692 932 vo-

109 961 301 1015 eabo?
332 959 662 1030 pan-alienim
697 957 826 1030 estis
849 956 911 1008 ad
939 955 1312 1030 obedientiam.
1339 955 1406 1007 At
1426 953 1706 1030 magistros

111 1046 220 1084 vos
252 1021 463 1083 didam?
498 1029 700 1082 ltursus
743 1027 934 1091 dicam,
971 1027 1145 1079 Eszis:
1179 1025 1340 1078 totius
1379 1023 1521 1077 enim
1564 1021 1709 1075 orbis

111 1101 368 1170 magistri
399 1100 592 1170 fuistis.
625 1097 760 1162 Quid
785 1112 912 1166 ergo
941 1094 1218 1170 dicemus?
1248 1093 1411 1146 llodie
1434 1093 1583 1147 vobis
1612 1106 1705 1160 ap-

115 1166 330 1239 pon'ere
357 1169 685 1238 spiritualem
718 1181 954 1239 mensam
1000 1166 1122 1220 volo
1145 1205 1172 1239 ,_
1203 1181 1321 1233 qua:
1371 1178 1476 1216 non
1515 1175 1708 1230 corpus

112 1236 323 1305 reficit,
369 1236 464 1294 sed
512 1240 754 1308 spiritum
799 1236 1082 1308 conlirmat
1114 1252 1128 1287 :
1163 1237 1446 1308 itno_vero,
1489 1249 1609 1308 qua:
1657 1243 1710 1284 et

112 1303 325 1380 corpus
369 1303 599 1380 reficit,
626 1316 680 1362 et
728 1307 1214 1380 animatn__purga_t.
1258 1305 1402 1358 Talis
1445 1303 1586 1357 enim
1628 1312 1711 1356 est

117 1377 314 1435 mensa
344 1379 655 1450 spiritualis,
686 1392 792 1431 non
823 1377 955 1450 sicut
979 1377 1067 1429 illa
1093 1377 1397 1450 gulosorum
1417 1415 1434 1439 ,
1461 1390 1579 1450 qua:
1618 1389 1706 1424 sa-

113 1444 557 1520 tietatem'parit.
583 1449 772 1520 Sermo
798 1444 1320 1520 quippe_spiritnali_s
1352 1452 1462 1508 est,
1512 1444 1708 1520 bonum

115 1523 383 1575 etnittens
403 1514 626 1575 odorem
651 1519 666 1548 ¹
697 1537 710 1571 :
743 1514 900 1586 quem
931 1516 1018 1586 qui
1052 1527 1265 1570 revocat
1291 1517 1343 1568 in
1375 1514 1709 1586 memoriam,

119 1607 238 1644 non
265 1593 426 1644 aliter
456 1600 616 1658 atque
654 1589 698 1642 is
753 1584 839 1656 qui
894 1584 1216 1655 unguentum
1259 1585 1525 1658 comedit,
1577 1584 1709 1658 odo:

118 1678 242 1716 rem
285 1652 564 1716 suavitatis
607 1652 847 1722 eructat,
895 1666 950 1710 et
970 1652 1099 1709 ἰιοιι
1143 1658 1312 1709 solum
1358 1656 1522 1708 odore
1565 1652 1712 1707 sumi

117 1734 367 1801 scipsum
390 1740 617 1796 recreat,
639 1729 728 1782 sed
753 1739 806 1781 et
832 1727 1101 1801 proximos
1123 1727 1220 1801 sibi
1243 1725 1600 1801 suaveolentia
1625 1740 1714 1801 ie-

118 1795 258 1872 ple't.
287 1801 579 1872 Attenditeﬁ,
611 1813 792 1868 quaaso
816 1815 830 1852 :
852 1797 1079 1872 verbum
1105 1797 1244 1850 enim
1278 1795 1521 1872 proferre
1551 1795 1708 1872 volo;

117 1865 254 1926 itam
287 1880 411 1925 sunt
443 1865 656 1939 quidam
689 1883 752 1922 ex
783 1868 1168 1939 urinatoribus,
1207 1868 1294 1936 qui
1339 1880 1398 1920 se
1435 1881 1466 1920 e
1505 1867 1622 1918 navi
1662 1865 1711 1915 in

119 1959 282 1997 mare
308 1937 598 2010 dejicitmt,
630 1950 685 1992 ut
711 1937 1028 2006 profundum
1072 1945 1410 2010 percurrant.
1443 1947 1497 1990 et
1533 1945 1714 1988 extra-

120 2013 265 2067 hant
296 2008 639 2081 tttargarit:itn
672 2023 812 2081 :Anos
842 2023 968 2061 vero
1000 2008 1150 2060 navis
1175 2008 1294 2081 loco
1330 2016 1482 2081 vetus
1522 2020 1583 2059 ac
1621 2021 1715 2058 no-

120 2099 255 2137 vum
275 2076 672 2136 Testamentum
698 2079 971 2141 habentes,
994 2093 1086 2145 pro
1101 2076 1460 2146 gubernaculo
1478 2091 1712 2138 crucem,

120 2169 233 2222 pro
259 2152 619 2222 gubernatore
649 2149 938 2212 Christum,
969 2148 1085 2201 loco
1114 2157 1338 2222 proreta:
1367 2148 1597 2222 Patrem,
1622 2160 1715 2214 pro

120 2218 368 2292 'zeph'yro
413 2222 664 2292 Spiritum
714 2229 1126 2292 sanctum,__pro
1169 2219 1285 2292 velo
1328 2218 1551 2287 gratiam
1567 2256 1597 2292 ,_
1619 2231 1716 2292 pro

123 2287 315 2348 nautis
336 2287 642 2360 discipulos,
679 2305 773 2358 pro
802 2287 1104 2360 vectoribus
1133 2288 1438 2357 prophetas,
1467 2287 1715 2360 projicia-

119 2379 254 2418 mus
294 2358 502 2416 nosmet
532 2361 675 2429 ipsos
705 2361 772 2414 de
809 2358 926 2412 navi
960 2359 1009 2410 in
1042 2360 1256 2426 pelagus
1295 2359 1712 2421 sententiarum,

125 2449 240 2486 non
272 2443 329 2486 ιιι
359 2434 730 2501 margaritam,
763 2430 857 2501 sed
885 2437 940 2481 ut
967 2429 1106 2496 quod
1153 2430 1431 2495 margarita
1469 2436 1552 2483 est
1593 2442 1715 2496 pre-

125 2505 360 2566 tiosius,
395 2500 755 2557 extrahanms.
791 2500 978 2553 Putate
998 2502 1204 2552 animos
1235 2512 1439 2552 vestros
1459 2539 1474 2561 ,
1502 2513 1714 2567 qmeso,

123 2583 187 2628 et
216 2583 321 2626 tota
353 2574 644 2625 intentione
667 2572 876 2633 metuis,
903 2585 1020 2638 qua:
1044 2568 1310 2632 dicuntur,
1334 2569 1512 2623 audite
1540 2584 1553 2620 :
1582 2569 1718 2622 sicut

125 2646 278 2696 enim
307 2654 430 2696 ante
461 2642 589 2707 dixi,
621 2641 900 2710 margarita
930 2639 1211 2707 pretiosius
1235 2640 1485 2710 quiddam
1508 2655 1571 2691 ex
1596 2652 1719 2706 pro-

128 2715 304 2768 fmnlo
321 2713 701 2766 sententiarum
723 2709 838 2765 sum
860 2718 1210 2763 extracturos.
1237 2709 1313 2763 Ne
1339 2709 1494 2778 igitur
1515 2717 1720 2762 vosmet

128 2785 438 2853 ut'gligatis,
469 2797 574 2853 nec,
599 2782 872 2834 brutnrum
901 2781 1066 2833 instar
1091 2794 1182 2853 vos
1205 2783 1436 2849 geratis:
1462 2779 1716 2849 scriptum

125 2850 389 2909 cst-cnim
421 2870 434 2907 :
471 2851 642 2904 Nolite
684 2853 874 2903 mittere
915 2850 1217 2917 margaritas
1263 2861 1382 2903 ante
1425 2867 1602 2918 porcos
1628 2891 1642 2913 ,
1672 2857 1720 2902 et

128 2927 290 2978 nolite
322 2925 566 2992 projicere
592 2931 769 2974 sancta
801 2918 1006 2992 canibus
1035 2918 1246 2992 (Matth.
1276 2923 1323 2974 7.
1347 2917 1434 2992 β).
1466 2917 1597 2992 Cum
1624 2936 1718 2972 au-

128 3008 242 3049 tem
279 2990 468 3063 parces
493 2993 672 3055 audis,
702 3007 806 3045 non
839 2990 903 3063 de
935 2990 1102 3044 brutis
1144 2991 1461 3063 animalibus
1481 2991 1721 3063 aestimes

125 3067 240 3120 dici
265 3060 291 3128 ς’
326 3074 380 3117 et
425 3078 583 3118 antes
625 3078 743 3115 ('tltlt
776 3060 962 3124 audis,
995 3076 1098 3113 non
1127 3061 1192 3113 de
1219 3062 1439 3115 canibus
1480 3061 1592 3113 isds
1617 3060 1719 3114 dici

131 3147 314 3206 putes.
351 3136 548 3188 l’orcos
575 3133 729 3206 enim
747 3141 897 3185 vocat
934 3146 1026 3206 eos
1063 3131 1158 3206 qui
1198 3131 1476 3206 luxuriose
1503 3132 1718 3206 vivunt;

128 3199 302 3260 canes
324 3215 476 3257 vocat
502 3219 610 3264 eos,
644 3203 731 3270 qui
759 3211 959 3255 temere
985 3201 1036 3254 in
1063 3199 1338 3254 Dominum
1367 3200 1514 3254 rabie
1537 3199 1720 3268 perciti

131 3280 560 3331 insurrexerunt.
594 3269 770 3327 Facite
811 3286 936 3341 ergo
977 3269 1294 3341 vosdignos
1334 3271 1398 3324 ad
1428 3271 1725 3338 suscipien-

131 3351 262 3400 dam
310 3345 644 3412 margaritam
684 3359 840 3412 quam
881 3340 1040 3394 vobis
1086 3340 1242 3395 hodie
1283 3355 1398 3412 sum
1429 3341 1720 3412 oblaturus.

131 3411 835 3486 Siquidcm’agricolm'non
868 3413 1130 3486 incassum
1160 3411 1588 3486 seminanthnisi
1631 3411 1727 3462 bo-

133 3479 234 3541 ves
266 3486 414 3555 prius
438 3479 724 3551 junxeriut,
756 3492 1064 3555 etaratrum
1095 3482 1371 3555 duxerint,
1403 3479 1583 3547 Spiuas
1609 3495 1726 3555 era-

132 3549 407 3618 dicarint,
440 3549 624 3609 sulcos
665 3553 1046 3621 proscidcrint;
1090 3564 1142 3605 et
1180 3551 1257 3603 sic
1282 3551 1494 3606 demum
1523 3549 1725 3621 semina

137 3640 305 3681 ιρι-ηιξ
350 3619 725 3702 c«_mnnittunt,_
768 3634 821 3702 et
866 3639 985 3678 cum
1022 3621 1375 3702 descenderit
1399 3619 1624 3702 .pluvia,
1671 3621 1724 3701 in

137 3711 304 3753 terra:
351 3697 553 3748 viscera
589 3711 650 3749 ea
695 3695 931 3755 deferat;
981 3701 1034 3745 et
1077 3708 1196 3744 mox
1230 3702 1367 3744 terra
1398 3690 1461 3745 iis
1490 3690 1728 3758 exceptis

134 3771 346 3836 Spicam
392 3767 650 3834 producit.
686 3763 1056 3836 Verumtamen
1105 3763 1190 3814 illa
1235 3762 1436 3836 semina
1483 3761 1724 3836 hyemem

137 3830 482 3906 exspecta-nt,
513 3845 566 3888 ct
592 3843 830 3887 atstatetn
860 3845 914 3888 et
943 3833 1164 3906 imlnjem
1193 3832 1460 3906 cwlestem
1479 3869 1493 3892 ,
1523 3830 1573 3883 et
1597 3830 1728 3885 solis

140 3901 346 3970 radios,
376 3917 429 3959 et
461 3907 650 3958 messis
682 3914 920 3972 tempus,
953 3912 1005 3956 ct
1031 3904 1116 3954 illa
1148 3912 1273 3955 tunc
1300 3901 1351 3954 in
1381 3902 1572 3959 horrea
1601 3917 1728 3953 cott-

141 3979 388 4030 vt-hnnt:
417 3985 470 4028 at
495 3991 594 4044 ego
621 3991 722 4027 non
754 3975 997 4044 hyemem
1019 4012 1034 4035 ,
1065 3987 1168 4024 non
1198 3979 1472 4044 aestatem,
1506 3985 1602 4044 nec
1643 3985 1728 4024 ra-

137 4051 268 4102 dios
296 4047 425 4100 solis
449 4040 719 4112 exspecto,
747 4040 850 4098 non
878 4043 1135 4103 imbrem;
1165 4057 1334 4110 neque
1360 4041 1523 4112 boves
1541 4040 1727 4109 jungo,

141 4133 323 4186 neque
348 4111 581 4170 aratrum
607 4115 743 4169 duco
763 4155 776 4175 .
807 4129 976 4186 neque
1004 4113 1179 4186 sulcos
1205 4111 1524 4186 proscinde,
1559 4125 1731 4179 neque

141 4181 334 4254 spinas
377 4186 546 4241 evello
570 4204 584 4241 :
608 4186 867 4254 siquidem
892 4181 1069 4240 ‘hodie
1110 4184 1349 4244 semine,
1379 4181 1536 4235 hodie
1567 4189 1727 4254 meto.

142 4252 267 4312 Non
299 4261 442 4311 enim
485 4252 682 4310 excolo
703 4255 920 4308 rationis
953 4263 1225 4322 expertem
1259 4262 1451 4306 terram
1479 4292 1491 4312 ,
1522 4252 1614 4304 sed
1643 4266 1731 4322 ras

144 4331 300 4382 tione
349 4327 622 4396 praeditam
667 4337 895 4387 terram;
928 4321 1031 4380 non
1071 4339 1260 4383 sensus
1303 4331 1611 4396 expertem,
1638 4321 1732 4374 sed

143 4391 658 4520 sensugtrteditam;
707 4413 809 4449 non
855 4397 1028 4452 anima
1075 4405 1341 4450 carentem
1363 4391 1381 4454 ,’
1407 4393 1499 4447 sed
1528 4391 1733 4447 anima-

146 4479 285 4520 tam.
369 4477 385 4520 t
414 4468 531 4520 felix
561 4482 661 4520 eeo
691 4466 829 4520 ιιιιοιΙ
867 4465 982 4519 talis
1011 4477 1166 4520 terra:
1197 4480 1314 4517 sum
1346 4462 1573 4520 agricola
1603 4475 1733 4518 cou-

146 4479 285 4522 tam.
321 4462 385 4520 Et
414 4468 531 4520 felix
561 4482 661 4536 ego
691 4466 829 4535 quod
867 4465 982 4519 talis
1011 4477 1166 4520 terra:
1197 4480 1314 4536 sum
1346 4462 1573 4536 agricola
1603 4475 1735 4518 cou-

144 4541 373 4592 stitutus
397 4555 411 4589 :
443 4547 565 4592 tunc
593 4532 733 4590 cnim
762 4537 945 4591 beatus
973 4552 1110 4598 sum,
1137 4550 1256 4588 cum
1290 4535 1340 4588 in
1367 4548 1523 4588 aures
1551 4532 1736 4600 loquor

144 4625 340 4662 eorum
382 4607 469 4674 qui
529 4606 770 4660 audiunt.
820 4607 887 4660 Et
941 4605 1128 4659 iterum
1172 4605 1301 4658 dicit
1341 4621 1353 4661 :
1390 4601 1736 4658 lnobedieutia

145 4687 367 4732 mortem
395 4686 629 4747 aperatur
655 4675 839 4747 (Ereti.
871 4675 958 4733 25.
989 4674 1076 4743 12)
1100 4676 1198 4742 (a).
1225 4674 1413 4747 Beatus
1436 4675 1592 4747 igitur
1611 4687 1731 4747 ego,

149 4748 298 4803 beati
326 4757 380 4802 et
406 4761 520 4798 vos.
551 4742 678 4799 Nam
704 4745 860 4802 Jesus
886 4747 936 4798 in
959 4742 1390 4815 Evangeliodicit
1415 4745 1480 4798 ad
1508 4742 1737 4815 discipu-

150 4821 236 4872 los
266 4832 389 4870 suos
417 4835 429 4869 :
455 4817 600 4870 Beati
624 4816 769 4879 estis,
816 4817 862 4870 si
901 4812 1176 4872 serntonem
1217 4830 1379 4867 meum
1427 4812 1738 4868 servaveritis

151 4889 340 4954 (Joan.
363 4888 414 4940 8.
443 4887 531 4940 50.
557 4887 671 4951 51).
703 4885 974 4943 Attendite
1015 4885 1027 4936 i
1070 4884 1199 4945 itur,
1247 4893 1300 4936 et
1340 4885 1560 4938 arrectis
1593 4883 1736 4934 auri-

153 4960 280 5007 bus-
313 4974 432 5007 utne
457 4958 724 5007 dicuntur.
758 4957 1002 5007 excipite.
1032 4900 1161 5007 6010
1181 4952 1323 5006 enim
1345 4953 1570 5007 quadam
1593 4967 1736 5007 eom-

153 4952 280 5020 bus,
313 4974 432 5024 qtne
457 4958 724 5020 dicuntur,
758 4957 1002 5022 excipite.
1033 4952 1161 5008 Volo
1181 4952 1323 5024 enim
1345 4953 1570 5024 quadam
1593 4967 1740 5007 eom-

153 5022 435 5097 paratione
463 5027 612 5080 vobis
633 5068 648 5090 ,
679 5026 803 5097 quid
840 5027 916 5097 rsit
947 5025 1082 5097 Deus
1125 5022 1425 5097 ostendere.
1456 5023 1742 5089 Fingamus

152 5090 303 5150 enim
337 5097 500 5151 Deum
530 5097 676 5162 quasi
697 5090 975 5150 hominem
1007 5096 1057 5148 in
1087 5094 1306 5161 scopulo
1335 5090 1608 5145 sedentem
1629 5131 1656 5151 ,.
1689 5101 1743 5144 et

152 5167 354 5223 eximie
383 5161 792 5235 prospicientem
819 5169 868 5222 iu
900 5167 1199 5218 universum
1232 5177 1396 5235 mare,
1419 5171 1482 5235 et
1503 5176 1664 5235 naves
1691 5161 1740 5213 in

154 5255 223 5291 eo
259 5231 616 5298 tranécuutes,
648 5235 787 5304 quod
815 5237 884 5288 ob
915 5246 1186 5304 ventorum
1218 5233 1517 5304 violentiam
1554 5231 1744 5304 ﬂuctus

157 5308 361 5361 excitet
389 5322 450 5360 ac
479 5300 738 5376 procellas
763 5324 775 5356 :
808 5306 901 5359 sed
931 5303 1280 5376 peritissimus
1305 5300 1747 5376 gubernatorali-

157 5393 281 5447 (plus
309 5369 638 5432 contendens
665 5391 787 5431 cum
818 5369 1084 5440 ﬂuctibus,
1112 5373 1285 5427 navim
1311 5369 1377 5426 ad
1407 5369 1744 5438 tranquillum

161 5632 192 5686 ἀ
229 5578 244 5604 ¹
285 5573 474 5681 ιιειῐιιιιο
499 5571 649 5632 Regii.
685 5578 734 5621 tu
779 5571 912 5620 ωηο
942 5571 1068 5630 hzec,
1091 5569 1264 5620 bonum
1294 5565 1509 5618 emitteus
1531 5564 1747 5623 odorem,

195 5647 350 5686 eet-an
379 5670 389 5681 .

195 5642 471 5756 εῗέἷιῖξιιιιο
515 5691 674 5743 locum
697 5705 793 5756 non
817 5693 1001 5755 reperi.
1027 5699 1196 5743 Locum
1223 5693 1388 5747 videas
1411 5689 1524 5740 huic
1543 5688 1662 5742 satis
1682 5688 1749 5741 si-

165 5752 358 5818 milem,
378 5758 428 5807 in
450 5764 592 5808 Deut.
617 5757 665 5805 8.
691 5752 772 5807 Ξο.

739 5920 768 5932 ρ

1159 349 1223 406 IN
1264 342 1752 402 VENERABILEM
1792 341 2072 401 CRUCEM
2113 346 2370 405 SERMO.

3300 362 3400 415 818

1815 471 2023 541 portum
2046 461 2313 541 deducere
2336 462 2536 541 studet,
2564 464 2702 541 quod
2733 468 3025 522 serotinmu
3069 478 3277 541 tempus
3306 492 3404 530 eos

1813 540 2018 606 urgeat,
2045 533 2234 586 timens
2259 549 2324 586 ne
2347 534 2482 586 forte
2505 536 2765 602 navigium
2794 539 2949 591 undis
2970 533 3244 606 obruatur,
3279 559 3404 598 cum

1815 603 1934 679 alia:
1978 617 2140 656 naves
2187 619 2444 679 prospero
2488 619 2648 679 cursu
2707 617 2902 659 rectam
2955 609 3092 664 viam
3148 603 3405 679 teneant,

1813 674 1932 726 alia:
1977 675 2498 745 ventorumiimpetu
2543 675 2952 745 submergantnr
2995 690 3048 734 et
3097 674 3403 740 dissolvm;

1816 752 1936 820 t_ur,
1986 743 2113 796 dum
2161 744 2376 820 quidam
2434 743 2782 806 moriuntur.—
2818 749 3032 820 quidam
3088 755 3406 820 superstites

1817 813 1949 885 liunt
1971 854 1985 876 ,
2018 814 2300 885 et_misero
2326 823 2538 869 temone
2579 813 3081 884 correpto'evadnnt
3109 861 3124 885 ,
3155 813 3405 880 ﬂuctibus

1817 881 2128 963 decumanis
2169 883 2220 936 in
2252 893 2444 963 terram
2474 886 2626 954 ejccti
2653 926 2666 948 ,
2696 881 2749 940 et
2781 887 3008 963 aliorum
3032 881 3254 960 corpora
3291 894 3402 963 jam

1820 961 2147 1031 mortuorum
2178 953 2406 1022 proiecta
2437 968 2743 1031 cernuntur.
2759 956 2902 1031 ‘llaac
2927 969 3102 1012 autem
3129 953 3220 1031 qui
3251 953 3402 1020 sedet

1821 1023 1872 1094 in
1892 1024 2112 1090 scepulo
2128 1034 2451 1094 contuetur:
2485 1025 2569 1079 hic
2599 1042 2726 1080 vero
2757 1027 2896 1081 Deus
2927 1038 3042 1094 est,
3072 1023 3164 1091 et:
3196 1045 3246 1086 ut
3276 1047 3402 1090 ante

1816 1093 1945 1174 dixi,
1977 1094 2089 1174 haec
2123 1093 2175 1146 in
2224 1095 2467 1174 oratione
2507 1097 2623 1174 ficta
2663 1112 2918 1174 propono.
2968 1102 3194 1174 Quando
3219 1115 3398 1159 autem

1816 1162 2000 1218 dixero
2032 1165 2197 1217 Deum
2222 1165 2495 1219 sedentem
2528 1167 2580 1219 in
2607 1162 2852 1226 excelsis.
2895 1162 3328 1229 noliexistimare
3349 1175 3400 1229 in

1816 1234 2043 1316 excelsis
2069 1242 2269 1288 tantum
2283 1249 2410 1316 esse
2439 1236 2622 1316 illum,
2655 1237 2748 1291 sed
2777 1239 2934 1290 etiatu
2968 1240 3196 1316 ubique:
3231 1260 3404 1316 neque

1817 1305 1958 1380 enim
2001 1305 2236 1380 locorum
2263 1306 2508 1380 distantia
2532 1317 2817 1380 separatur
2843 1350 2857 1371 ,
2903 1324 3023 1364 cum
3066 1305 3176 1380 ipse
3204 1305 3404 1368 sibi'sit

1819 1373 1987 1456 locus,
2020 1382 2075 1456 et
2105 1377 2216 1456 ipse
2236 1376 2411 1428 omnia
2427 1373 2635 1446 capiat,
2665 1377 2794 1432 nihil
2823 1389 2997 1432 autem
3027 1373 3175 1434 illum
3207 1387 3401 1453 capiat.

1818 1443 1952 1510 Quid
1981 1443 2133 1498 enim
2155 1443 2518 1520 incorpoream
2549 1456 2796 1520 naturam
2820 1463 3018 1520 capere
3061 1461 3235 1520 potest
3258 1443 3403 1518 ,ἐι-

1819 1523 2022 1583 pertem
2043 1515 2284 1595 materiae
2307 1515 2740 1595 ,_interminatam
2771 1559 2799 1595 ,_
2817 1515 3233 1595 investigabilent
3258 1515 3274 1588 ζ
3303 1541 3402 1578 ex-

1822 1595 2022 1657 pertem
2043 1585 2304 1657 interitus,
2329 1585 2679 1657 immortalem
2704 1597 2759 1641 et
2787 1585 3405 1657 incomprehensibiletn?

1819 1653 1908 1727 Sic
1937 1657 2078 1709 enim
2124 1655 2262 1723 apud
2312 1656 2427 1724 pios
2468 1657 2749 1726 concipere
2788 1653 2996 1727 oportet
3047 1662 3230 1716 Deum.
3282 1665 3407 1719 llzec

1819 1726 1960 1778 enim
1988 1734 2068 1778 est
2097 1741 2220 1794 spes
2241 1735 2443 1791 nostra,
2475 1727 2614 1781 sicut
2639 1726 2894 1797 scriptum
2915 1738 3028 1783 est:
3063 1730 3188 1784 Ilazc
3212 1736 3406 1788 estvita

1818 1804 2007 1876 (eterna
2038 1835 2059 1884 ι
2081 1805 2134 1848 ut
2167 1807 2469 1884 cogitassent
2497 1797 2750 1884 te'solum.
2773 1815 2943 1884 verum
2979 1799 3157 1867 Deum,
3187 1813 3233 1855 et
3260 1821 3408 1884 quem

1821 1865 2000 1917 misisti
2025 1863 2488 1940 Jesttntﬂhristuttt
2521 1866 2695 1940 (Joau.
2730 1869 2815 1922 17.
2845 1869 2922 1939 5).
2958 1870 3011 1923 lu
3041 1863 3403 1940 hoccapitulo

1821 1951 1918 1988 nos
1937 1935 2332 2012 reprehendunt
2357 1936 2616 2012 haeretici,
2647 1948 2703 1992 et
2729 1949 2785 1992 ut
2813 1935 3042 2008 imperiti
3061 1935 3406 2012 suut,legunt

1820 2013 1876 2076 et
1902 2020 2006 2058 ιιοιι
2040 2005 2358 2076 intelligunt.
2391 2007 2662 2060 Christum
2691 2023 2819 2062 vero
2838 2005 2958 2062 cum
2985 2010 3158 2075 audis,
3194 2005 3302 2067 non
3317 2033 3403 2068 so-

1821 2075 2094 2156 lummodo
2124 2075 2286 2156 Deum
2317 2087 2468 2146 putes
2490 2117 2505 2140 ,
2549 2093 2720 2156 neque
2743 2079 2911 2156 solam
2953 2081 3404 2156 disllenmtionem

1821 2146 1874 2226 in
1904 2147 2205 2226 cartte,.sed
2240 2156 2524 2226 utrumque
2553 2145 2755 2226 simul,
2800 2157 2854 2203 et
2879 2145 3051 2226 Deum
3086 2145 3407 2226 verborum

1820 2216 2272 2288 dispensationem
2292 2218 2344 2288 in
2359 2232 2539 2288 carne.
2573 2219 2845 2288 Siquidem
2868 2219 3120 2274 esuriisse
3135 2219 3403 2278 Christum

1821 2286 1974 2360 scio,
2005 2297 2060 2341 et
2084 2288 2196 2360 scio
2226 2287 2490 2360 Christum
2512 2287 2587 2360 de
2602 2286 2834 2359 quinque
2859 2291 3084 2360 panibus
3107 2299 3162 2344 et
3198 2291 3407 2348 duobus

1821 2356 2053 2478 piscibus
2079 2359 2301 2412 satiasse
2319 2359 2552 2428 quinque
2575 2356 2846 2413 heminam
2859 2356 3059 2429 'millia,
3074 2371 3270 2431 praater
3290 2379 3410 2417 mu-

1845 2441 1983 2478 teres
2012 2436 2065 2478 et
2087 2429 2362 2478 parvulos:
2391 2431 2504 2478 seio
2533 2429 2801 2478 Christum
2828 2429 2969 2478 sitim
3002 2445 3213 2478 nassum
3243 2448 3364 2478 ρςςρ
3392 2477 3399 2478 ,

1845 2429 1983 2500 ieres
2012 2436 2073 2500 et_
2085 2429 2362 2500 parvulos:
2391 2431 2504 2483 scio
2533 2429 2801 2482 Christum
2828 2429 2969 2484 sitim
3002 2429 3213 2500 passum
3243 2448 3364 2488 esse
3388 2477 3403 2498 ,

1822 2506 1876 2551 et
1896 2497 2008 2551 scio
2038 2498 2304 2554 Christum
2332 2515 2522 2568 aquam
2545 2499 2595 2553 in
2620 2499 2799 2554 vinum
2828 2497 3093 2556 unitasse:
3121 2506 3232 2556 scio
3254 2503 3411 2557 Chri-

1823 2576 1962 2654 stum
1989 2569 2291 2654 navigasse,
2317 2579 2370 2624 et
2397 2571 2510 2624 scio
2537 2568 2805 2624 Christum
2836 2586 2997 2640 super
3020 2587 3197 2654 aquas
3217 2574 3406 2654 ambu-

1824 2637 1962 2692 lasse
1986 2655 1999 2692 :
2031 2637 2143 2693 scio
2169 2639 2436 2695 Christum
2463 2655 2583 2695 esse
2611 2650 2876 2694 mortuum
2896 2637 2918 2702 ,⁷
2935 2651 2990 2695 et
3008 2637 3120 2696 scio
3139 2642 3405 2698 Christum

1825 2717 2069 2778 mortuos
2090 2711 2375 2765 suscitasse
2402 2729 2415 2764 :
2445 2711 2556 2765 scio
2584 2711 2856 2764 Christum
2901 2711 3072 2766 Pilato
3093 2713 3363 2767 adstitisse
3390 2756 3406 2778 ,

1824 2787 1880 2832 et
1905 2779 2016 2832 scio
2039 2776 2308 2834 Christum
2336 2783 2400 2835 ad
2422 2782 2594 2835 Patris
2623 2781 2898 2835 dexteram
2922 2784 3231 2838 consedisse
3255 2802 3270 2838 :
3297 2776 3409 2838 scio

1823 2849 2092 2922 Christum
2121 2865 2150 2902 a
2175 2851 2372 2905 Judaeis
2401 2852 2572 2922 sputis
2599 2851 2766 2906 fuisse
2791 2867 3142 2922 conspersum
3173 2895 3189 2920 ,
3218 2865 3273 2908 et
3297 2855 3410 2911 scio

1823 2919 2094 2992 Christum
2119 2923 2187 2976 ab
2215 2922 2416 2990 angelis
2432 2919 2652 2976 'adorari
2675 2940 2687 2975 :
2716 2922 2889 2976 ethoc
2908 2919 3122 2992 quidem
3150 2919 3218 2980 ad
3240 2925 3410 2980 deita-

1827 2999 1932 3043 tem
1960 2988 2135 3044 refero
2155 3032 2170 3056 ,
2214 2988 2340 3045 illud
2369 3007 2495 3046 vero
2518 2993 2736 3060 assigno
2761 2988 3094 3047 humanitati.
3124 2993 3408 3061 Propterea

1827 3076 2054 3128 namque
2085 3071 2365 3130 utrumque
2405 3062 2634 3114 diximus
2660 3103 2673 3123 ,
2703 3063 2952 3130 quoniam
2987 3064 3099 3116 seio
3137 3062 3410 3121 Christum

1825 3132 1892 3185 de
1921 3129 2078 3200 Maria
2101 3129 2303 3196 natum,
2330 3143 2384 3184 et
2407 3132 2520 3185 scio
2549 3129 2837 3194 Christum,
2867 3133 2958 3200 qui
2986 3141 3069 3186 est
3092 3141 3215 3188 ante
3243 3148 3413 3190 Saecu-

1828 3203 1896 3256 la.
1929 3199 2299 3271 Gloriticemus
2325 3217 2453 3271 ergo
2485 3201 2754 3258 Christum
2783 3199 2966 3259 Jesum
3013 3218 3222 3258 murum
3265 3204 3417 3264 inex-

1831 3270 2644 3344 pugnabilem,fundamenmm,
2673 3273 2816 3344 quod
2848 3286 3007 3344 supra
3037 3283 3238 3342 petram
3284 3273 3408 3333 fult-

1827 3343 2008 3396 datum
2047 3349 2149 3395 est.
2200 3342 2334 3414 Dicit
2367 3341 2705 3414 ipse__Petro,
2747 3341 2821 3395 Tu
2858 3341 3122 3397 rs'Petrus
3143 3385 3160 3410 ,
3190 3353 3236 3397 et
3263 3361 3414 3414 super

1829 3414 1958 3466 hanc
1979 3419 2168 3484 petram
2184 3412 2456 3484 rwdiﬁcabo
2478 3411 2765 3484 Ecclesium
2788 3430 2969 3484 meam,
3000 3422 3048 3467 et
3068 3423 3227 3484 porta:
3255 3411 3408 3483 inferi

1829 3500 1928 3537 non
1957 3482 2294 3552 prmalebunt
2322 3484 2560 3537 adversus
2579 3483 2928 3552 eant(Matth.
2961 3485 3047 3538 16.
3069 3482 3190 3550 ⁷18).
3215 3482 3415 3539 Simili-

1831 3562 1914 3608 ter
1937 3562 2113 3608 autem
2141 3561 2196 3608 et
2230 3553 2420 3607 Paulus
2447 3552 2613 3616 dicit,
2660 3551 3074 3608 Fundamentum
3097 3555 3242 3608 aliud
3265 3571 3411 3611 nemo

1832 3634 1992 3694 potest
2014 3640 2224 3691 ponere,
2257 3635 2438 3692 praeter
2462 3624 2517 3676 id
2539 3623 2675 3694 quod
2702 3627 2917 3692 positum
2945 3634 3040 3690 est,
3071 3625 3207 3692 quod
3225 3635 3297 3682 est
3321 3625 3414 3682 Je-v

1829 3712 1916 3748 sus
1933 3693 2163 3750 Christus
2190 3694 2208 3764 (
2241 3695 2292 3747 1.
2327 3695 2444 3746 συν.
2477 3695 2528 3746 5.
2552 3693 2628 3747 Η
2669 3697 2705 3761 ).
2749 3695 2894 3763 Rogo
2923 3709 3052 3764 ergo
3083 3709 3177 3748 vos
3208 3705 3266 3749 ut
3291 3711 3412 3755 eum

1831 3765 1975 3818 omni
2003 3764 2409 3817 mansuetudine
2440 3763 2592 3816 nobis
2622 3773 2806 3818 nmtuo
2833 3763 3183 3820 attendamus.
3207 3764 3338 3819 Nam
3363 3768 3414 3822 in

1834 3836 1932 3887 hac
1959 3833 2174 3902 quidem
2199 3833 2313 3903 vita,
2334 3847 2457 3887 esca
2494 3842 2548 3886 et
2570 3843 2694 3900 potu
2723 3875 2738 3896 ,
2785 3843 2840 3887 et
2874 3835 3032 3887 variis
3058 3835 3416 3903 voluptatibus

1834 3906 2173 3977 inescantur:
2199 3903 2249 3955 in
2295 3902 2468 3977 futura
2508 3917 2639 3977 vero
2669 3903 2924 3977 judicium
2970 3915 3024 3960 et
3050 3902 3408 3977 supplicium.

1832 3975 1910 4028 Ne
1937 3973 2093 4042 igitur
2117 3972 2290 4027 locum
2325 3973 2514 4028 demus
2539 3972 2770 4032 diabolo.
2815 3972 2936 4028 Non
2980 3973 3114 4030 enim
3136 3972 3225 4030 ἀι
3273 3977 3415 4030 nobis

1832 4043 2120 4100 colluctatio
2147 4044 2386 4098 adversus
2412 4059 2614 4098 carnem
2639 4053 2684 4095 et
2711 4045 3030 4114 sanguinem.
3055 4045 3145 4100 sed
3169 4045 3412 4101 adversus

1834 4115 2165 4185 principatus,
2199 4115 2762 4185 adversuspotestates,
2793 4117 3032 4185 adversus
3059 4115 3235 4172 mundi
3252 4125 3415 4174 recto.

1837 4181 1921 4241 res
1946 4181 2260 4241 tenebrarum
2281 4184 2453 4238 sa'culi
2469 4181 2937 4255 hujustEpltesaii.
2962 4185 3072 4254 12).
3103 4185 3420 4242 Studeamus

1836 4258 2002 4328 igitur
2024 4265 2276 4328 teter-nam
2317 4269 2526 4328 ptenatn
2572 4253 2827 4328 effugere.
2859 4253 2974 4309 Non
3016 4253 3158 4328 enim
3205 4270 3415 4328 poenam

1835 4324 2284 4390 constituitDeus,
2310 4334 2365 4378 ut
2397 4325 2449 4381 in
2477 4324 2594 4378 eam
2615 4325 2918 4389 mittamur;
2953 4325 3046 4382 sed
3070 4333 3127 4379 ut
3155 4324 3277 4385 te'iu
3298 4341 3418 4379 eam

1859 4397 2142 4465 n'olapsum
2181 4395 2403 4464 eripiat:
2429 4394 2586 4448 talem
2616 4394 2757 4447 enim
2793 4396 3111 4450 clementem
3159 4396 3419 4451 habemus

1885 4484 2006 4522 emn
2038 4506 2053 4532 ,
2101 4482 2163 4520 ac
2194 4466 2613 4519 ιιιίςιττίεοτιιθιιι.
2644 4465 2980 4520 Testificatur
3001 4480 3228 4536 namque
3255 4466 3419 4520 David

1839 4538 2042 4598 dicens,
2082 4537 2216 4589 Deus
2233 4536 2399 4604 judex
2417 4538 2609 4605 justus,
2638 4545 2685 4589 et
2701 4536 2888 4606 Iouis,
2924 4545 2970 4590 et
2991 4537 3219 4606 patiens,
3245 4546 3291 4588 et
3317 4553 3419 4590 nou

1840 4611 1989 4680 infert
2017 4607 2146 4660 iram
2171 4625 2258 4680 per
2283 4607 2506 4680 singulos
2525 4606 2650 4661 dies.
2686 4606 2805 4661 Nisi
2823 4607 3048 4680 conversi
3073 4607 3286 4675 fueritis,
3309 4607 3423 4680 gla-

1841 4675 1979 4734 dium
2003 4695 2150 4732 suum
2172 4675 2434 4732 Vvibrabit:
2462 4692 2638 4728 arcum
2668 4692 2815 4730 suum
2849 4675 3054 4732 tetendit
3082 4716 3098 4742 ,
3141 4684 3187 4728 et
3227 4677 3423 4742 paravit

1843 4751 2007 4814 illum,
2038 4758 2083 4801 et
2103 4749 2154 4801 in
2179 4765 2235 4800 eo
2265 4747 2458 4815 paravit
2479 4748 2801 4817 vasagmortis
2876 4744 3022 4817 Psal.
3048 4746 3099 4799 7.
3125 4745 3198 4817 η
3225 4744 3266 4817 ).
3295 4746 3419 4801 lla:c

1843 4820 1966 4874 dicit
1997 4822 2154 4883 Deus,
2190 4834 2292 4870 Iton
2325 4827 2381 4870 ut
2398 4831 2494 4870 nos
2519 4815 2743 4884 judicet,
2769 4815 2863 4870 sed
2891 4831 2958 4870 ne
2987 4816 3199 4871 desides
3225 4815 3412 4870 Simus.

1843 4891 1900 4946 Si
1917 4889 2058 4944 enim
2085 4904 2181 4943 nos
2211 4888 2434 4956 perdere
2467 4887 2718 4956 voluisset
2746 4925 2763 4951 ,
2801 4903 2906 4942 non
2938 4888 3118 4955 utique
3143 4887 3412 4956 proprium

1847 4976 1943 5031 pro
1971 4959 2120 5013 nobis
2148 4955 2457 5031 sanguinem
2491 4955 2728 5010 fudisset.
2761 4957 2982 5031 Mortem
3012 4955 3168 5028 igitur
3191 4955 3340 5021 obiit,
3370 4965 3428 5009 ut

1848 5027 1900 5087 ie
1931 5029 2326 5086 immortalitate
2349 5027 2612 5084 donaret;
2641 5029 2847 5093 esuriit,
2881 5037 2940 5084 ut
2964 5039 3014 5082 te
3033 5027 3126 5084 sua
3149 5042 3310 5081 carne
3338 5044 3426 5080 sa-

1849 5104 2001 5155 tiaret
2032 5117 2047 5156 :
2076 5100 2238 5154 sitivit
2259 5139 2274 5163 ,
2309 5107 2365 5151 ιιι
2392 5110 2443 5151 te
2465 5098 2678 5166 proprio
2699 5098 2955 5168 sanguine
2983 5105 3221 5166 potaret:
3249 5097 3304 5168 in
3329 5113 3426 5168 na-
3508 5098 3515 5115 '

1847 5173 1897 5226 vi
1923 5171 2186 5234 consedit,
2215 5179 2272 5224 ut
2299 5178 2350 5222 te
2373 5164 2532 5237 supra
2563 5164 2852 5224 Cherubiin
2875 5164 3198 5222 wtlocaret:
3249 5164 3428 5234 baptio

1848 5249 2186 5308 zatusest,at
2218 5251 2268 5295 te
2289 5239 2607 5294 illuminaret
2630 5255 2643 5293 ξ
2673 5239 2842 5307 alapis
2861 5252 3031 5292 czesus
3050 5245 3134 5291 est
3156 5277 3172 5302 ,
3199 5245 3258 5290 ιιι
3286 5245 3337 5290 te
3367 5240 3422 5308 ιη

1855 5306 2153 5368 libertatem
2201 5310 2495 5366 vindicaret
2522 5325 2536 5361 :
2569 5309 2736 5362 viator
2765 5306 2944 5362 factus
2973 5317 3055 5361 est
3075 5347 3089 5370 ,
3124 5317 3179 5360 ut
3206 5314 3259 5360 te

1853 5384 2036 5454 laboro
2064 5381 2315 5454 liberaret
2338 5399 2352 5440 :
2379 5379 2750 5454 navigavithut
2779 5379 3100 5454 tibimetum
3133 5378 3429 5454 eximeret:

1851 5451 2119 5512 dormivit,
2150 5462 2206 5504 ut
2232 5468 2444 5510 omnem
2468 5467 2497 5504 a
2529 5461 2580 5505 te
2603 5449 2784 5502 curam
2811 5449 3078 5518 abigeret:
3113 5463 3182 5502 ex
3202 5449 3428 5518 muliere

1853 5521 2068 5590 prodiit,
2099 5529 2154 5573 ut
2183 5520 2618 5590 transgressionis
2644 5521 2767 5573 Eva:
2795 5521 2845 5572 in
2878 5516 3121 5584 paradiso
3145 5516 3431 5590 miserere.
3524 5585 3528 5588 ⁵

1855 5583 1980 5646 tur:
2011 5583 2170 5642 homo
2198 5583 2493 5658 appellatus
2521 5599 2604 5644 est
2630 5629 2646 5655 ,
2691 5600 2747 5643 ut
2775 5600 2824 5644 te
2863 5583 3017 5644 deum
3049 5596 3262 5646 vocaret
3286 5583 3423 5658 :_Fi_-

1857 5661 1958 5715 lius
1986 5659 2216 5713 hominis
2234 5654 2414 5714 dictus
2440 5667 2544 5725 est,
2576 5654 2638 5714 ut
2659 5667 2711 5713 te
2738 5661 2790 5712 in
2817 5658 2979 5722 filium
3002 5658 3280 5720 adoptaret
3309 5654 3430 5717 Dei;

1861 5731 2066 5804 accepit
2094 5744 2212 5805 quze
2243 5737 2423 5788 nostra
2445 5738 2618 5798 erant.
2650 5739 2702 5783 et
2739 5729 2885 5789 dedit
2927 5729 3078 5788 nobis
3099 5741 3233 5791 sua:
3259 5725 3430 5788 οιιιιιίι
