3970 6344
456 298 526 361 t5
1799 284 2081 348 JOANNIS
2114 284 2430 346 cassum
3669 292 3734 349 tt,

457 430 483 460 ι
509 414 932 487 Apollinarium,
974 411 1270 483 czeterique
1317 406 1688 467 Ecclesiarum
1733 420 1930 476 vepres
1948 449 1962 471 ,
1994 415 2049 463 et
2074 407 2128 469 Δ
2153 403 2205 458 in
2231 400 2502 457 Trinitate
2538 398 2891 456 substantias.
2917 399 3214 457 Eunomius
3239 409 3422 459 autem
3445 410 3570 476 post
3596 405 3737 468 hunc

458 517 749 565 enecantes
805 506 962 561 bona:
1012 504 1134 559 ﬁdei
1191 501 1395 571 frugem
1456 499 1634 553 tribuli
1689 499 2042 570 pullularunt.

457 602 698 669 Quorum
731 599 936 670 primus
979 597 1210 659 Ilebion,
1243 593 1368 648 dum
1403 591 1835 647 lncarnationem
1863 591 2046 646 Domi-

457 695 634 750 nicam
689 692 850 747 nimis
896 691 1120 754 asserit,
1171 685 1474 740 divinitatis
1500 700 1620 740 eam
1667 685 2047 751 conjunctione

453 788 702 846 nudavit.
727 785 946 844 Sabellii
969 795 1146 837 autem
1173 791 1292 851 post
1319 779 1461 834 hunc
1481 777 1508 817 δ
1524 795 1586 834 ex
1606 778 2050 833 dissimilitudine

456 881 733 938 htereseos
781 877 1080 950 superioris
1122 874 1358 930 scliisma
1410 888 1800 945 prorumpens,
1835 872 1962 928 dum
1993 872 2046 927 in

456 971 620 1030 Patre
651 988 715 1028 ac
761 971 899 1026 Filio
927 979 981 1023 et
1025 967 1234 1037 Spiritu
1266 979 1455 1021 sancto
1495 965 1810 1025 distantiam
1841 965 2047 1019 nullam

456 1080 578 1122 esse
623 1061 926 1126 contendit,
963 1075 1173 1115 sacram
1225 1068 1281 1114 et
1324 1057 1653 1113 incllahilcm
1700 1057 2048 1126 Trinitatem,

458 1164 715 1228 quantum
749 1154 801 1208 in
829 1153 950 1221 ipso
980 1150 1111 1218 fuit,
1148 1150 1461 1220 hlasphema
1491 1149 1812 1206 confusione
1843 1150 2048 1220 permi-

456 1248 616 1304 scuit.
637 1245 834 1304 Secuta
859 1243 1156 1301 estdeinde
1178 1244 1318 1299 hunc
1332 1260 1494 1312 quem
1522 1243 1755 1299 diximus
1785 1254 1807 1282 θ
1835 1243 2048 1298 Arianze

458 1338 834 1412 perversitatis
863 1337 1115 1409 impietas
1139 1355 1152 1389 :
1185 1353 1305 1407 qua:
1331 1353 1398 1392 ne
1429 1337 1706 1393 videretur
1735 1351 1920 1392 sacras
1949 1337 2052 1392 mi-

457 1447 612 1491 scere
639 1447 923 1504 personas.
957 1429 1200 1487 diversas
1230 1444 1357 1488 esse
1400 1429 1536 1486 dixit
1563 1441 1725 1499 atque
1754 1429 2051 1486 dissimiles

2147 495 2398 563 quidam,
2457 494 2549 549 sed
2607 494 2846 563 cju~dem
2886 494 3178 549 admodum
3225 497 3524 562 pravitatis,
3555 495 3584 537 ά
3614 499 3738 558 licet

2150 586 2383 642 similem
2410 586 2513 640 sibi
2542 585 2776 640 divinam
2806 601 2926 642 esse
2947 586 3183 641 asseruit
3204 586 3544 656 Trinitatem,
3564 589 3740 647 diver-

2151 694 2266 734 sam
2303 690 2479 734 tamen
2509 694 2538 733 a
2582 680 2756 748 seipsa
2787 695 2908 734 csse
2935 679 3237 742 contendit,
3269 681 3562 739 admittens
3589 686 3741 742 simi-

2103 799 2115 811 ο
2154 772 2462 837 litudinem,
2487 771 2784 826 escludens
2808 771 3149 840 parilitatem.
3171 773 3519 830 Macedonius
3533 792 3743 846 quoque

2156 866 2548 922 irremediahili
2579 866 2630 921 in
2663 866 2927 938 Spiiitum
2977 877 3224 924 sanctum
3272 869 3550 938 impietate
3596 870 3745 926 blas-

2154 958 2443 1030 phemans,
2463 959 2590 1014 licet
2610 959 2854 1028 ejusdem
2885 961 3201 1016 substantia:
3226 959 3438 1016 Patrem
3465 972 3525 1017 et
3555 960 3744 1018 Filium

2151 1052 2371 1119 dixerit,
2402 1063 2654 1109 sanctum
2688 1063 2869 1109 tamen
2899 1056 3161 1124 Spiritum
3193 1064 3494 1110 creaturam
3525 1070 3745 1124 vocans,

2151 1161 2279 1201 reus
2301 1148 2468 1202 t0tius
2497 1147 2803 1202 Divinitatis
2832 1145 2956 1212 fuit,
2987 1150 3111 1215 quia
3142 1149 3262 1204 la-di
3288 1150 3340 1203 in
3371 1149 3632 1206 Trinitate
3650 1151 3750 1207 ali-

2153 1240 2284 1312 quid
2314 1256 2423 1296 non
2454 1250 2634 1311 potest
2657 1243 2773 1296 sine
2798 1242 2962 1296 totius
2985 1242 3498 1312 Trinitatisinjuria.
3527 1245 3750 1302 Fotinus

2156 1343 2334 1388 autem
2371 1343 2395 1370 ε
2423 1336 2670 1404 quamvis
2711 1333 2918 1399 .lesum,
2953 1335 3046 1404 qui
3075 1351 3142 1390 ex
3195 1334 3414 1405 Virgine
3444 1345 3598 1392 natus
3645 1345 3747 1404 est,

2154 1430 2323 1487 Deum
2356 1431 2585 1491 dixerit.
2614 1431 2757 1488 male
2785 1441 2966 1488 tamen
3000 1430 3019 1470 ί
3063 1447 3188 1488 cum
3221 1432 3489 1503 principio
3518 1433 3752 1493 hominis

1537 1524 1790 1582 ALARDI
1829 1525 1870 1581 ϐ
1884 1524 2064 1580 ΑΖιΕΙ
2104 1523 2655 1581 COMMENTARIUS

461 1631 610 1684 muit.
639 1628 743 1683 Hic
767 1629 1016 1697 originem
1040 1643 1072 1680 a
1100 1624 1292 1681 Sirmio
1310 1623 1479 1697 duxit,
1502 1623 1784 1697 etguando
1802 1621 2056 1697 _z_’zaniam

461 1702 518 1755 in
538 1701 785 1754 mundum
817 1693 1026 1761 invexit,
1047 1699 1183 1763 quod
1215 1694 1526 1754 temporibus
1553 1693 1838 1746 Comtantii
1863 1694 2057 1763 factum

462 1783 559 1836 est,
592 1787 748 1839 usque
773 1773 870 1822 huc
896 1769 950 1822 in
979 1762 1084 1821 vita
1115 1768 1392 1836 superfuit,
1421 1782 1452 1818 a
1476 1765 1694 1839 synodo
1737 1762 2060 1839 Occiitt'ntali

463 1841 520 1895 in
559 1835 779 1895 Sardica
801 1849 1107 1906 congregata
1130 1835 1396 1891 subversas
1435 1836 1496 1888 ob
1525 1852 1634 1888 eam
1662 1852 1812 1906 quam
1840 1835 2060 1886 evomuit

465 1911 834 1981 blasphemiam
869 1898 1073 1981 ﬁsse-irit
1094 1919 1262 1981 autem
1296 1908 1375 1960 hic
1403 1907 1466 1959 ab
1498 1907 1644 1958 initio
1666 1898 1926 1981 (ςῑινῑειωη
1959 1921 2060 1957 non

465 1977 597 2047 esse,
622 1998 794 2035 verum
809 1999 840 2032 a
860 1979 1055 2040 Maria,
1072 1992 1115 2033 et
1143 1979 1405 2044 hucusque
1424 1981 1587 2047 ipsum
1611 1977 1849 2039 existere,
1871 1992 1933 2027 ex
1959 1989 2062 2031 ouo

391 2110 393 2112 ,
465 2032 702 2121 Spiritus
734 2063 962 2113 sanctus,
988 2032 1178 2115 inquit.
1206 2032 1492 2121 supervenit
1523 2049 1576 2100 in
1602 2032 2059 2121 ipsumet'geniius
2093 2032 2136 2090 Β

467 2118 544 2179 est
575 2141 637 2178 ea:
665 2123 870 2190 Spiritu
897 2134 1092 2174 sancro.
1130 2121 1256 2174 Hau:
1287 2120 1642 2190 Epiphanius.
1682 2118 1841 2170 Addit
1893 2119 2061 2190 Snzof

466 2209 659 2250 melius
689 2188 829 2264 (Lib.
872 2208 924 2247 Iv
951 2209 1066 2264 cap.
1090 2190 1170 2254 5),
1194 2189 1491 2264 _P_tiotit_i_utn
1524 2207 1627 2264 non
1657 2198 1881 2264 tantum
1915 2188 2061 2264 l'unli

466 2259 843 2324 Satnos.iieni,
875 2263 971 2319 sed
1003 2259 1243 2316 Corinthi
1284 2275 1332 2313 et
1373 2261 1595 2314 Eliimiis
1638 2260 1921 2313 damnatas
1951 2259 2063 2312 ha:-

466 2350 622 2390 reses
647 2335 715 2389 de
731 2335 950 2388 Christo
970 2334 1250 2386 restituere
1277 2344 1440 2400 atque
1465 2333 2060 2384 instaurareconatum.

468 2406 622 2474 Quod
653 2415 709 2458 et
735 2405 922 2460 beatus
971 2403 1354 2472 Hieronymus,
1407 2415 1664 2474 ouantotn
1719 2402 1785 2454 ad
1841 2401 2063 2474 E_liionis

470 2471 723 2531 litere~im
771 2477 992 2531 attinet.
1032 2471 1318 2526 contirniat
1360 2472 1506 2537 (Lib.
1557 2474 1620 2527 de
1649 2473 1823 2543 Scrip.
1861 2471 2059 2526 Eccles.

469 2547 526 2600 in
551 2545 775 2600 Photino
796 2556 842 2602 et
867 2548 920 2600 in
951 2543 1116 2609 Epist.
1149 2546 1216 2598 ad
1247 2543 1421 2598 Galat.
1447 2560 1494 2596 c.
1521 2545 1582 2606 ι),
1611 2560 1674 2598 cx
1699 2546 1894 2609 qtlihtts
1917 2560 1949 2612 p
1971 2553 2067 2596 .tot

469 2617 762 2672 Photinnm
785 2633 905 2673 cum
936 2616 1142 2671 Eliioue
1169 2625 1223 2670 et
1251 2615 1372 2669 aliis
1402 2614 1782 2669 Iimrcsiarcliis
1812 2615 1900 2666 dot
1919 2618 2066 2669 uisse

469 2688 745 2743 Christum
790 2703 913 2745 esse
951 2703 1136 2755 purum
1187 2686 1486 2747 hominem,
1536 2702 1636 2740 nec
1683 2701 1807 2739 ante
1839 2685 2062 2740 Mariam

471 2759 771 2815 eaStitisse.
826 2759 902 2813 De
963 2757 1162 2811 divinis
1218 2759 1343 2811 item
1405 2755 1649 2824 personis
1711 2757 1855 2811 idem
1918 2756 2065 2826 quod

471 2829 674 2884 Paulus
702 2832 1088 2884 Samosatentts
1116 2843 1180 2882 ac
1219 2827 1508 2893 Sahcilins,
1556 2843 1823 2894 unamque
1857 2838 2063 2880 tantum

472 2900 848 2967 operationem
903 2899 1117 2962 Patris,
1175 2910 1226 2950 ct
1291 2897 1444 2961 Filii,
1509 2898 1846 2967 etispiriitos
1893 2899 2067 2952 S'lnt'li

471 2966 595 3024 esse
620 2973 872 3025 docuisse
922 2970 1086 3024 tradit
1130 2966 1652 3036 Tlieodorctus(De
1696 2966 1829 3020 I-‘ab.
1862 2968 2064 3022 Περι-ει.

473 3039 565 3110 lib.
597 3040 693 3109 lt),
724 3039 866 3108 quod
917 3039 1207 3110 conﬁrmat
1251 3039 1503 3110 Serra'cs
1551 3036 1692 3110 (Lib.
1727 3053 1741 3090 t
1776 3037 1918 3091 Ilist.
1949 3055 2066 3110 cap.

473 3108 603 3177 25),
645 3108 715 3162 δι.
741 3109 902 3180 idque
933 3109 988 3163 in
1018 3109 1250 3163 concilio
1297 3108 1584 3164 Sirmicnsi
1621 3108 1788 3164 fuisse
1846 3108 2070 3164 damna-

476 3191 590 3234 tum
623 3181 832 3235 scribit.
1351 3214 1366 3228 .

441 3275 448 3278 ·
549 3259 576 3288 ⁸
607 3251 960 3320 Apollinaris,
989 3249 1077 3303 vel
1110 3249 1474 3318 Apallinarius
1498 3257 1519 3319 (
1543 3265 1570 3301 a
1604 3266 1710 3318 quo
1745 3251 2071 3316 Apollinari-

473 3330 596 3390 stw,
643 3323 729 3377 vel
764 3321 1111 3391 Apollinarii)
1145 3322 1477 3375 Laodicenns
1520 3328 1925 3389 grammaticus,
1961 3325 2072 3388 pri-

2161 1621 2354 1675 invidia
2397 1623 2856 1697 htcresiarcharum
2893 1639 2913 1676 :
2955 1632 3163 1697 propter
3201 1639 3355 1697 quam
3395 1640 3603 1678 causam
3643 1625 3755 1697 lupi

2161 1709 2344 1762 graves
2393 1694 2456 1746 ab
2503 1694 2750 1759 Apostalo
2797 1694 3048 1747 nominati
3077 1703 3192 1746 sunt
3223 1694 3373 1757 (Act.
3421 1711 3486 1748 xx
3513 1697 3530 1762 )
3555 1714 3568 1748 ε
3598 1694 3754 1751 immo

2163 1765 2317 1828 ﬁdem
2363 1776 2624 1829 nostram,
2664 1765 2787 1819 dum
2837 1765 2935 1818 sibi
2978 1765 3335 1835 adrersantur,
3376 1764 3650 1835 afﬁrmant.
3691 1767 3756 1822 Et

2167 1835 2402 1888 llilaritts
2438 1835 2476 1888 1.
2522 1851 2592 1888 \‘tt
2640 1839 2708 1888 de
2735 1835 2996 1889 Trinitate
3046 1853 3059 1886 :
3104 1833 3759 1906 Inconsonwperﬁdorum

2163 1906 2428 1959 sententia:
2467 1907 2519 1958 in
2560 1924 2720 1959 unum
2773 1918 2925 1959 recta:
2965 1906 3088 1965 ﬁdei
3126 1905 3395 1959 modulum
3440 1905 3759 1973 concinnat;

2165 1986 2512 2047 (matrumque
2541 1987 2734 2030 nostra:
2778 1978 3024 2035 rictorite,
3063 1993 3238 2028 eorum
3291 1993 3436 2030 cassa
3480 1980 3761 2034 certamina

2164 2049 2406 2117 gignunt.
2431 2047 2652 2102 Sabellii
2689 2050 2823 2101 enim
2856 2047 3073 2118 perfidia
3105 2048 3215 2100 Arii
3253 2048 3463 2100 damnat
3509 2065 3756 2115 errorem,

2164 2136 2343 2172 rursus
2368 2120 2548 2190 Ariani
2571 2121 2824 2190 dogmatis
2845 2117 2987 2172 error
3003 2117 3219 2172 Sabellii
3248 2121 3556 2186 impietatem
3583 2121 3758 2174 exclu-

2166 2190 2262 2248 dit,
2297 2191 2368 2240 ait
2403 2189 2864 2262 b'igjlitts’iiizii'tyr
2885 2195 2972 2258 qni
3004 2190 3506 2262 lioqargttmenttnn
3539 2193 3762 2262 copiose

2165 2269 2360 2314 tractat
2402 2259 2559 2332 (Lib.
2607 2276 2642 2314 tt
2677 2271 2722 2313 et
2768 2257 2841 2321 tv,
2870 2257 3048 2312 contra
3073 2257 3300 2332 Eutych.
3322 2262 3360 2327 ).
3390 2261 3557 2332 (Quod
3589 2257 3633 2315 si
3665 2263 3762 2318 ali-

2165 2332 2382 2404 quando
2412 2330 2553 2404 inter
2581 2349 2639 2383 se
2665 2334 3009 2404 conveniant;
3035 2330 3084 2404 id
3111 2333 3326 2384 domum
3343 2331 3759 2404 efﬁcitur,quod

2167 2402 2497 2457 Athanasius
2537 2404 2701 2456 sentit.
2751 2412 2944 2456 contra
2986 2401 3250 2468 Arimos,
3299 2412 3436 2456 orat.
3485 2405 3539 2467 2,
3592 2401 3761 2460 instar

2170 2471 2395 2525 ΙΙοιΓυιΙις
2425 2486 2475 2527 et
2508 2473 2666 2528 Pilati
2698 2474 2753 2528 in
2801 2472 3166 2542 hlaSpliemias
3191 2473 3450 2528 adversus
3488 2472 3759 2532 Christum

2166 2558 2499 2599 consentire.

2244 2625 2265 2651 ε
2301 2615 2455 2669 Libet
2509 2615 2867 2688 hiciallcrnm
2897 2624 2955 2669 et
2997 2614 3124 2668 huic
3169 2614 3404 2688 similem
3454 2617 3761 2688 catalogum

2169 2686 2448 2739 liml‘t‘St'Oll
2472 2703 2500 2739 a
2526 2687 2584 2743 S.
2607 2687 2790 2741 Leone
2811 2697 3130 2740 contextum
3158 2686 3452 2748 ascribere.
3482 2698 3542 2742 ut
3565 2686 3763 2744 utrius-

2168 2771 2273 2826 que
2302 2758 2616 2822 t-ollatione,
2652 2769 2794 2810 totus
2824 2756 2910 2811 hic
2941 2759 3088 2809 Ιοιους
3117 2759 3288 2824 magis
3317 2758 3638 2815 illnstrctur.
3671 2759 3763 2815 Sic

2169 2830 2315 2882 enim
2349 2829 2464 2896 ipse
2491 2840 2721 2883 cmteras
2753 2829 2991 2882 hmreses
3021 2826 3088 2880 de
3117 2827 3334 2882 Christo
3363 2843 3484 2882 cum
3517 2844 3620 2883 una
3653 2829 3765 2884 Ma-

2171 2901 2506 2951 ιιίειιίιιυγυιιι
2532 2900 2722 2952 haeresi
2747 2913 3071 2966 comp-iratis
3093 2901 3252 2967 eique
3273 2913 3555 2961 opponens
3575 2917 3589 2955 :
3607 2899 3764 2966 Aliae,

2171 2969 2345 3036 inqut
2376 2970 2572 3039 (Serm.
2604 2969 2638 3021 4
2679 2970 2742 3020 de
2775 2967 2950 3020 Natio.
2989 2967 3122 3020 Dom
3152 2974 3193 3034 ),
3238 2967 3480 3028 htcreses.
3516 2972 3630 3024 licet
3661 2988 3767 3025 me-

2171 3041 2270 3091 rito
2298 3057 2472 3092 omnes
2501 3042 2556 3092 in
2584 3057 2682 3093 sua
2714 3039 3046 3104 perversitate
3075 3041 3384 3092 damnanda:
3411 3041 3510 3093 sint
3528 3082 3542 3102 ,
3573 3041 3768 3096 habent

2172 3119 2340 3163 tamen
2386 3111 2608 3180 singulae
2639 3127 2690 3163 tn
2729 3111 2901 3171 aliqua
2940 3121 3216 3180 sua‘parte
3239 3151 3254 3174 ,
3287 3113 3424 3174 quod
3454 3127 3628 3164 verum
3665 3123 3766 3167 est.

2171 3182 2326 3234 Arius
2371 3177 2698 3253 Dei'lt‘ilium
2747 3181 2993 3253 minorem
3023 3177 3184 3253 Patre
3211 3190 3260 3234 et
3301 3191 3589 3235 creaturam
3636 3183 3771 3253 deli-

2174 3254 2340 3316 nicns,
2373 3263 2422 3304 et
2452 3250 2517 3303 ab
2551 3253 2726 3304 eodem
2758 3251 2890 3304 inter
2919 3251 3090 3325 omnia
3119 3264 3345 3325 creatum
3377 3263 3566 3325 putans
3594 3250 3771 3325 Spiri-

2176 3332 2282 3374 tum
2314 3334 2568 3384 sauctum,
2599 3339 2786 3392 magna
2815 3322 3077 3384 impietate
3119 3338 3172 3381 se
3209 3322 3467 3388 perdidit;
3507 3325 3598 3377 sed
3627 3322 3770 3378 scm-

474 3409 624 3447 mum
651 3396 983 3465 catholicus,
1015 3403 1300 3465 ctrinagnzc
1330 3393 1472 3465 inter
1492 3394 1790 3465 catholicos
1819 3396 2057 3465 :iuctori-
2087 3400 2135 3463 ε
2167 3395 2418 3465 pici-natu
2467 3403 2621 3455 atque
2663 3391 3132 3465 incommutabilettt
3182 3393 3460 3465 deitatem,
3507 3412 3664 3460 quam
3714 3396 3771 3452 in

475 3465 646 3535 tatis(
677 3463 872 3519 Baron.
903 3473 1028 3518 tom.
1063 3462 1155 3535 ιν,
1186 3481 1276 3517 an.
1311 3463 1414 3518 573
1449 3475 1493 3516 et
1519 3480 1622 3535 seq.
1651 3462 1700 3532 ):
1738 3474 1857 3532 post
1891 3463 2063 3520 ILt‘l‘e-

477 3534 616 3589 ticus
639 3534 843 3601 lactus,
868 3545 923 3588 et
952 3534 1376 3598 condemnatus,
1405 3535 1547 3603 quod
1581 3534 1810 3587 Verlmni
1855 3535 1949 3589 Dei
1977 3537 2074 3592 do-

477 3615 628 3661 ceret
673 3607 947 3673 accepisse
1007 3620 1227 3660 caroem
1283 3608 1568 3658 humanam
1637 3608 1842 3674 alisque
1890 3610 2070 3661 anima

477 3678 763 3744 rationali;
793 3677 1004 3732 divinas
1037 3691 1292 3745 personas
1322 3691 1446 3731 esse
1471 3677 1786 3741 inmquales.
1818 3693 2070 3744 magnum

479 3746 730 3802 videlirel
767 3763 888 3802 esse
927 3748 1185 3818 Spiritum
1234 3758 1510 3810 Sanctum,
1559 3748 1818 3818 maiorem
1854 3747 2067 3814 Filium,

479 3819 776 3872 maximum
803 3817 1039 3874 Patrem.
1058 3818 1388 3886 Epiphanius
1411 3818 1604 3872 inermi
1627 3817 1688 3873 77
1708 3859 1722 3883 ,
1741 3820 2071 3888 Augustinus

480 3889 675 3943 haeresi
708 3889 798 3952 55,
829 3888 938 3944 Leo
968 3904 1128 3956 supra
1157 3891 1373 3942 citatus.

551 3957 580 3998 δ
610 3960 830 4014 Sabellii
862 3960 1108 4014 haeresim
1141 3975 1204 4014 ac
1246 3960 1478 4013 scliisma
1526 3975 1590 4013 ex
1634 3959 2072 4016 dissimilitudine

478 4043 578 4084 seu
621 4029 1006 4085 contrarietate
1035 4031 1307 4084 haereseos
1330 4030 1646 4098 superioris,
1683 4047 1876 4099 nempe
1910 4033 2071 4086 Eliio-

480 4100 741 4168 nitarum,
791 4102 1122 4168 prorupisse,
1173 4103 1223 4155 id
1271 4112 1376 4163 est,
1407 4104 1725 4166 emersisse,
1761 4105 1843 4156 vel
1893 4114 2069 4158 ortmn

479 4170 760 4241 habuisse,
791 4171 950 4236 dicit;
975 4171 1098 4240 quia
1126 4187 1246 4226 cum
1276 4172 1544 4226 Eliionitze
1571 4172 1844 4224 Christum
1879 4189 2070 4241 purum

479 4239 758 4298 hominem
782 4239 1108 4304 assererem.
1148 4259 1213 4296 ne
1236 4242 1570 4296 divinitatem
1616 4244 1669 4296 in
1695 4239 1914 4297 Christo
1947 4261 2072 4310 pas-

479 4324 596 4364 sam
628 4315 916 4369 admittere
942 4314 1272 4378 viderentur,
1304 4313 1358 4367 hi
1389 4331 1454 4366 ex
1486 4315 1717 4368 adverso
1747 4319 1828 4377 (ut
1868 4315 1934 4368 ab
1964 4315 2072 4369 illis

479 4381 798 4453 longissime
822 4383 1174 4453 recederent)
1200 4400 1357 4438 unum
1392 4383 1584 4440 Patris.
1611 4399 1659 4438 et
1693 4383 1835 4440 Filii.
1866 4395 1920 4440 et
1951 4387 2073 4451 Spi-

480 4451 620 4506 ritus
651 4455 819 4508 sancti
848 4469 1134 4522 personam
1159 4451 1528 4513 atznoecehant
1559 4474 1571 4506 :
1603 4457 1746 4510 unde
1776 4457 1902 4508 illud
1944 4471 2073 4511 eon-

482 4524 834 4591 sequeliatur,
864 4533 921 4576 ut
946 4523 1085 4578 sicut
1116 4523 1306 4582 Filius.
1339 4527 1410 4576 ita
1441 4536 1493 4578 et
1529 4524 1712 4588 Pater,
1744 4536 1799 4580 ct
1839 4527 2071 4593 Spiritus

479 4607 701 4648 sanctus
727 4595 794 4648 ab
821 4594 1084 4664 eisneque
1115 4595 1422 4648 dicerentur
1441 4596 1601 4662 (proh
1619 4597 1825 4649 scelus!
1853 4599 1871 4664 )
1897 4598 2071 4652 incar-

484 4664 598 4718 nati
619 4676 675 4720 et
707 4664 870 4732 passi.
903 4663 990 4720 Sic
1021 4664 1262 4719 haereses
1299 4667 1566 4731 plet-teque
1597 4683 1660 4718 ex
1686 4663 1896 4720 ittCattta
1930 4669 2068 4722 alle-

481 4736 609 4806 rius
636 4735 904 4791 hzereseos
937 4735 1056 4804 fuga
1087 4746 1142 4790 et
1170 4736 1524 4791 insectatione
1555 4736 1762 4790 oborta:
1793 4739 2066 4806 leguntur,

481 4815 544 4858 ut
583 4805 652 4860 de
692 4806 820 4861 Ario
869 4815 1204 4874 compertum
1257 4817 1370 4869 est,
1411 4808 1498 4873 qui
1545 4806 1765 4861 Salicllii
1813 4823 2068 4872 I'Cl'SOllaS

483 4876 865 4931 confundentis
906 4876 1052 4943 odio,
1086 4877 1136 4930 in
1169 4884 1372 4930 natura:
1401 4877 1810 4932 distinctiOneui
1844 4881 2062 4934 incidit:

484 4959 539 4998 et
588 4946 653 4999 tle
686 4946 1009 5020 Eutychcte,
1045 4948 1140 5020 (qui
1195 4946 1426 5020 Nestorii
1456 4965 1710 5020 cruorem
1754 4951 1981 5020 fugiens.
2017 4953 2068 5004 in

487 5025 796 5071 naturarum
844 5019 1220 5073 confusionem
1267 5018 1529 5083 incurrit,
1563 5036 1723 5074 unam
1771 5018 2070 5077 itiChri~to

486 5098 734 5160 naturam
771 5103 803 5142 e
825 5089 1035 5143 duabus
1079 5087 1366 5160 conﬂatam
1401 5092 1755 5160 constituens,
1787 5101 1843 5146 ut
1881 5094 1949 5148 de
1973 5093 2072 5148 litt-

484 5157 720 5236 ittsmodi
743 5160 936 5214 merito
958 5160 1066 5214 dici
1091 5159 1260 5230 possit
1284 5175 1297 5212 :

607 5256 782 5308 Incidit
798 5260 848 5308 in
871 5258 1098 5324 Scyllam,
1117 5261 1324 5322 cupiens
1344 5262 1499 5313 vitare
1515 5261 1820 5327 Charybdim.

486 5361 618 5441 inde
633 5378 780 5441 _vero
802 5379 1141 5441 consequens
1181 5375 1286 5434 est,
1317 5368 1459 5436 quod
1490 5384 1518 5422 a
1547 5369 1791 5425 Patrilius
1815 5371 2070 5441 prmdica-

491 5440 598 5508 tur,
633 5435 1012 5491 hmreticorum
1056 5441 1197 5493 inter
1227 5453 1286 5492 se
1322 5435 1524 5507 pugnas
1559 5457 1621 5495 ac
1650 5435 1900 5505 dissidia,
1935 5459 2072 5508 pra:-

490 5503 668 5582 elaias
705 5522 826 5582 esse
864 5508 1122 5582 Ecclesia:
1162 5503 1444 5564 catholica:
1484 5513 1734 5582 victorias
1758 5525 1812 5566 ct
1843 5503 2066 5582 tropica.

610 5571 854 5650 Justinus
893 5578 1097 5650 Martyr
1143 5583 1448 5648 quaestione
1487 5581 1521 5633 4
1562 5583 1628 5634 ad
1682 5571 2012 5639 orthodos'os
2049 5601 2064 5639 :

494 5640 673 5720 Nunc.
715 5647 914 5720 inquit,
960 5640 1078 5704 cuin
1126 5640 1369 5703 dumnent
1419 5653 1644 5706 hteretiei
1676 5653 1766 5707 alii
1815 5657 1974 5720 alios,
2007 5657 2068 5710 ob

495 5714 796 5793 opinionum
825 5718 1004 5793 dissert
1024 5723 1165 5773 iones
1185 5762 1199 5779 .
1226 5725 1548 5793 per:_p,icuunt
1580 5736 1654 5777 est
1696 5740 1870 5779 omnes
1893 5714 2070 5782 eorum

495 5781 709 5842 hereses
755 5791 1070 5846 occasionem
1118 5781 1358 5848 habiti“?
1390 5811 1454 5850 ea:
1499 5796 1772 5852 ambitione
1798 5808 1846 5854 et
1886 5809 2068 5854 mutua
2151 5851 2158 5859 .

2097 4776 2146 4835 D

2181 3463 2452 3518 Trmitatis
2483 3466 2678 3518 unitate
2701 3480 2802 3516 non
2831 3463 2978 3524 t'idit,
3006 3465 3056 3515 iu
3091 3460 3264 3517 Patris
3292 3460 3514 3519 essentia
3544 3483 3646 3520 non
3677 3483 3773 3520 ne-

2175 3537 2334 3606 gavit.
2372 3535 2702 3588 Macedonius
2731 3551 2762 3586 a
2794 3535 2988 3587 lumine
3016 3534 3241 3606 veritatis
3270 3533 3494 3606 alienus,
3521 3537 3773 3606 diuinita-

2179 3603 2277 3659 tem
2310 3607 2472 3659 smmi
2504 3606 2734 3668 Spiritus
2762 3622 2863 3657 non
2893 3607 3117 3674 recepit;
3147 3605 3236 3656 sed
3264 3605 3317 3658 in
3362 3603 3521 3661 Patre
3548 3619 3594 3661 et
3625 3603 3771 3664 Filio

2175 3694 2330 3730 unam
2365 3685 2641 3743 potentiam
2671 3687 2718 3728 et
2762 3676 2995 3727 eamdem
3043 3676 3310 3744 confessus
3349 3688 3422 3730 est
3461 3695 3568 3733 esse
3606 3687 3772 3732 natu-

2176 3765 2311 3800 ram.
2346 3747 2607 3799 Sabellius
2632 3746 3005 3814 inexplanabtli
3034 3763 3204 3799 errore
3232 3750 3505 3813 con/usus,
3533 3749 3774 3804 uirtutem

2175 3820 2476 3872 substantiw
2506 3822 2557 3870 in
2603 3813 2794 3882 Pa!re,
2827 3826 2872 3869 et
2904 3813 3076 3877 Filia,
3115 3827 3162 3871 et
3193 3816 3396 3884 Spiritu
3426 3832 3603 3872 sancto
3633 3820 3774 3875 inse-

2177 3890 2458 3958 parabilem
2497 3890 2740 3952 sentiens,
2791 3888 2928 3955 quod
2967 3888 3254 3954 ecqua/itali
3301 3890 3523 3943 tribuere
3567 3890 3772 3959 debuit,

2175 3960 2527 4032 singulorimti
2549 3959 2689 4011 dedit
2713 3975 2730 4024 ;
2761 3967 2806 4011 et
2831 3973 2945 4032 cum
2967 3975 3137 4012 ceram
3164 3959 3461 4032 Trinitatem
3482 3961 3776 4032 intelligere

2175 4047 2276 4083 non
2309 4030 2518 4094 valeret,
2553 4045 2706 4082 unam
2733 4031 3066 4099 eamdemque
3095 4030 3310 4083 credidit
3340 4031 3433 4083 sub
3463 4030 3776 4099 tripliciap~

2174 4103 2458 4171 pellatione
2473 4115 2768 4170 personam.
2790 4097 3041 4152 Phot‘nus
3059 4101 3242 4152 mentis
3258 4103 3488 4154 cwcitate
3504 4097 3772 4171 deceptus,

2175 4174 2228 4224 in
2275 4171 2478 4226 Christo
2510 4187 2721 4233 verum,
2753 4181 2798 4224 et
2841 4172 3139 4224 substantia
3167 4183 3353 4224 nostris
3393 4174 3654 4240 confessus
3696 4184 3774 4228 est

2175 4242 2452 4309 hominem,
2482 4245 2570 4294 sed
2599 4241 2832 4295 eumdem
2865 4240 3032 4294 Deum
3071 4242 3134 4294 de
3168 4240 3278 4293 Deo
3305 4254 3422 4294 ante
3449 4246 3622 4296 omnia
3663 4260 3771 4300 sa:-

2175 4317 2293 4366 cuta
2333 4315 2561 4383 genitum
2591 4329 2700 4383 esse
2731 4329 2833 4365 non
2862 4313 3100 4383 credidit.
3136 4310 3458 4378 Apollinaris
3495 4315 3618 4380 ﬁdei
3641 4318 3774 4368 soli-

2175 4381 2619 4448 ditate'privas'us,
2658 4381 2858 4436 Filium
2898 4382 2990 4434 Dei
3019 4383 3091 4435 ita
3121 4398 3288 4434 ceram
3327 4385 3566 4439 humana:
3594 4387 3771 4441 carnis

2173 4455 2395 4508 credidit
2434 4456 2716 4522 suscepisse
2757 4465 3021 4516 naturam,
3056 4462 3109 4505 ut
3149 4452 3202 4504 in
3250 4451 3344 4506 illa
3383 4470 3536 4508 carne
3575 4458 3772 4512 diceret

2173 4527 2532 4596 animantiuou
2560 4529 2734 4595 fuisse,
2758 4529 2879 4590 quia
2908 4526 3062 4576 uicem
3093 4525 3204 4592 ejus
3233 4526 3509 4596 expleverit
3539 4527 3654 4596 ipsa
3683 4529 3773 4580 di-

2170 4597 2378 4650 vinius.
2405 4595 2521 4648 [Iac
2552 4599 2727 4654 modo,
2749 4597 2793 4648 si
2815 4609 3013 4656 omnes,
3037 4611 3163 4662 quos
3184 4595 3437 4648 catholica
3461 4595 3590 4664 ﬁdes
3615 4598 3771 4651 dam-

2173 4678 2292 4727 nat,
2325 4677 2663 4720 retractentur
2692 4681 2922 4725 errores.
2953 4666 3004 4717 in
3035 4665 3150 4716 aliis
3189 4675 3340 4732 atque
3367 4665 3487 4719 aliis
3516 4669 3768 4734 quiddam

2171 4738 2447 4799 inuenitur,
2478 4739 2613 4801 quod
2643 4755 2672 4790 a
2703 4736 3076 4788 damnabiiibus
3102 4737 3262 4806 possit
3293 4737 3522 4806 abiungi.
3556 4735 3622 4793 In
3644 4737 3768 4793 Μα-

2174 4809 2489 4860 nichteorum
2535 4816 2707 4878 autem
2736 4805 3361 4878 scelestissimodogmate
3393 4805 3604 4877 prorsus
3633 4808 3767 4865 nihil

2175 4889 2247 4931 est
2286 4880 2423 4949 quod
2459 4893 2522 4932 ea:
2553 4879 2660 4930 ulla
2701 4886 2846 4949 parte
2875 4877 3036 4944 possit
3075 4877 3341 4930 tolerabile
3367 4880 3622 4948 judicari.
3656 4879 3768 4935 Ha-

2174 4961 2368 5003 ctenus
2400 4958 2618 5002 sanctus
2648 4949 2779 5002 Leo.

2251 5019 2276 5055 ά
2328 5019 2653 5088 Iit-pugnare
2698 5020 2782 5073 his
2826 5018 3012 5072 verbis
3049 5018 3264 5072 videtur
3294 5017 3355 5073 S.
3399 5020 3761 5090 Augustinus,

2179 5090 2285 5145 nisi
2326 5093 2465 5144 hanc
2495 5090 2916 5145 similitudinem
2945 5105 3068 5143 cum
3103 5105 3292 5154 magna
3323 5091 3768 5149 dissimilitudine

2181 5163 2530 5229 cmijunctam
2574 5161 2874 5228 intelligas.
2917 5161 3005 5214 Sic
3051 5163 3197 5215 enim
3245 5161 3364 5230 ipse
3411 5165 3600 5217 ilafl't‘Sl
3643 5163 3764 5218 διε

2184 5230 2470 5286 Eunomius
2508 5233 2561 5285 in
2599 5233 2867 5286 dialectica
2913 5233 3193 5302 prarvalens
3235 5233 3432 5286 acutius
3472 5245 3520 5287 et
3549 5233 3766 5289 celerius

2185 5305 2415 5372 defendit
2460 5301 2594 5362 hanc
2642 5302 2874 5357 Itanesim
2897 5301 2919 5364 ,⁷
2941 5303 3245 5356 dissimilem
3275 5321 3366 5370 per
3392 5305 3566 5358 omnia
3613 5304 3768 5359 Patri

2179 5391 2410 5430 asserens
2435 5373 2655 5441 Filium,
2681 5387 2728 5429 et
2749 5372 2891 5427 Filio
2920 5373 3174 5439 Spiritum
3200 5387 3450 5428 sanctum.

2253 5456 2275 5482 ε’
2316 5447 2432 5515 Non
2455 5457 2682 5515 apparet
2709 5461 2775 5500 ex
2823 5444 3146 5512 Epiphanio.
3181 5445 3510 5515 llieronymo
3530 5455 3582 5500 et
3607 5445 3765 5514 aliis,

2174 5517 2317 5584 quod
2349 5514 2613 5571 Photinus
2651 5515 2834 5570 Jesum
2884 5515 3051 5571 Deum
3098 5514 3393 5569 confessus
3418 5517 3578 5570 fuerit
3605 5559 3620 5583 ,
3665 5519 3766 5572 sed

2175 5589 2356 5658 potius
2385 5587 2747 5653 contrarium,
2775 5596 2833 5640 ut
2856 5602 2920 5640 ex
2950 5586 3108 5640 dictis
3133 5598 3306 5655 patet;
3335 5587 3440 5640 nisi
3467 5589 3633 5641 lleum
3662 5589 3769 5641 im-

2175 5661 2404 5737 proprie
2440 5667 2496 5712 ot
2543 5658 2823 5728 a-quivocc
2862 5659 3290 5728 nuncuparerit,
3352 5666 3410 5712 ut
3447 5658 3540 5711 alii
3591 5657 3768 5714 barre-

2170 5731 2288 5784 tici.

2251 5799 2271 5841 ί
2323 5799 2548 5859 Phrasis
2604 5800 2858 5860 obscura.
2914 5799 3122 5862 Sensus
3170 5808 3289 5873 est,
3337 5800 3616 5860 Christum
3651 5814 3767 5865 non
