3970 6344
400 259 474 321 ιδ
1730 259 2011 322 IOANNIS
2046 261 2353 327 CASSIANI

3619 270 3697 332 ει

402 392 598 439 norum
647 380 864 437 actuum
894 372 1138 451 cxémpla
1167 377 1421 437 venisse:
1452 376 1703 435 videlicet
1738 387 1799 434 ut
1824 379 1984 435 disci-
2011 385 2064 445 Α
2087 397 2204 437 rum
2233 383 2402 455 stirpe
2427 383 2839 455 descenderant.
2867 397 2892 430 ι
2919 384 3346 460 divina'opejim
3372 402 3440 446 ac
3470 388 3699 460 pietate

400 475 603 547 plinam
632 473 752 544 ejus
792 481 1083 543 sequentes
1126 473 1394 540 homines,
1426 470 1554 527 dum
1602 486 1697 541 per
1734 473 1979 528 eamdem

402 567 550 622 viam
579 564 797 620 virtutis
845 563 1181 633 incederent,
1229 563 1296 619 ad
1327 562 1520 619 eadem
1547 564 1809 621 virtutum
1838 579 1982 637 prte-

404 660 513 718 mia
561 660 956 730 pervenirent:
1005 665 1408 723 'evacuantes,
1457 666 1717 729 quantum
1749 657 1803 712 in
1852 657 1984 727 ipsis

406 751 533 820 luit,
562 766 722 808 omne
751 753 889 807 sacri
917 749 1179 806 adventus
1207 750 1406 806 donum
1452 760 1507 805 et
1546 765 1761 806 omnem
1787 749 1985 806 divina:

408 846 804 915 redemptionis
840 846 1104 915 gratiam.
1135 859 1259 899 cunt
1290 843 1433 900 idem
1462 845 1712 900 dicerent
1740 844 1988 900 homines

409 939 668 1009 consequi
699 950 857 1008 posse
888 935 1141 999 vivendo,
1173 936 1317 1007 quod
1346 936 1690 1004 praestitisset
1717 936 1862 992 Deus
1890 950 1988 1005 pro

411 1029 645 1087 humana
672 1030 844 1085 salute
872 1029 1174 1085 moriendo.
1207 1019 1543 1085 Addiderunt
1569 1046 1783 1100 quoque
1807 1029 1991 1085 Domi-

410 1139 565 1188 num,
596 1124 1041 1192 Salvatoretnque
1069 1132 1308 1176 nostrum
1342 1132 1461 1191 post
1494 1123 1760 1199 baptisma
1788 1122 1990 1177 factum

411 1229 535 1269 esse
562 1214 860 1278 Christum,
894 1226 1011 1285 post
1040 1216 1490 1269 resurrectionem
1519 1215 1685 1269 Deum
1718 1232 1733 1269 :
1762 1215 1992 1270 alterum

408 1306 750 1375 assignantes
780 1306 1049 1360 unctionis
1081 1307 1359 1378 mysterio,
1392 1307 1619 1361 alterum
1649 1307 1843 1361 merito
1872 1320 1995 1375 pas-

410 1395 584 1450 sionis
618 1414 631 1450 :
665 1398 807 1451 unde
841 1397 1074 1451 advertit
1119 1413 1289 1452 novus
1332 1378 1475 1452 ntnte
1512 1398 1655 1467 jam,
1688 1413 1796 1453 non
1832 1412 1995 1453 novas

414 1491 690 1546 haereseos
719 1502 927 1557 auctor,
959 1491 1051 1562 qui
1102 1493 1386 1547 Dominum
1416 1492 1860 1564 Salvatoremque
1904 1506 1998 1546 no-

414 1591 588 1638 strum
621 1583 924 1638 solitarium
968 1582 1240 1638 hominem
1293 1592 1475 1638 natum
1521 1599 1645 1640 esse
1686 1583 1994 1650 contendit,

2085 476 2259 532 sanati
2284 484 2430 543 sunt,
2461 480 2702 537 orandus
2727 496 2942 554 quoque
2990 482 3153 539 etiam
3208 496 3353 538 nunc
3401 481 3699 538 Dominus

2085 566 2229 625 Deus
2251 579 2437 629 noster
2464 582 2579 643 est,
2611 583 2669 630 ut
2697 574 2822 644 quia
2841 586 3218 631 consentanea
3233 576 3337 631 sibi
3365 575 3424 631 in
3446 576 3697 646 quibus-

2086 658 2209 715 dam
2232 672 2360 716 sunt
2382 659 2411 701 δ
2440 664 2664 733 pristina
2692 665 2780 720 illa
2805 666 3027 722 haeresis
3053 675 3109 722 et
3139 667 3252 722 ba-c
3280 682 3446 733 nova,
3480 666 3697 723 simili-

2087 751 2187 809 bus
2207 754 2467 810 maiorum
2487 743 2663 811 initiis
2690 756 2919 813 similem
2946 758 3212 814 bonorum
3235 759 3439 814 exitum
3477 758 3696 828 largia-

2091 852 2196 899 tur.
2233 854 2256 883 ε
2287 844 2549 915 Leporius
2564 847 2707 904 enim
2738 856 2867 905 tunc
2890 850 3211 919 monachus,
3244 852 3407 907 modo
3437 850 3697 922 presby-

2090 942 2195 1006 ter,
2223 938 2313 1007 qui
2341 953 2413 994 es
2442 938 2674 1009 Pelagii,
2705 949 2767 996 ut
2793 956 2956 1009 supra
3008 942 3265 1007 diximus,
3305 943 3697 1007 institutione,

2090 1028 2174 1084 vel
2204 1029 2383 1100 potius
2413 1032 2693 1100 pravitate,
2731 1031 3069 1088 descendens
3096 1033 3236 1103 apud
3262 1033 3468 1089 Gallias
3497 1047 3700 1089 asser-

2094 1128 2180 1175 tor
2210 1122 2479 1192 praadictae
2508 1124 2801 1192 haereseos,
2857 1135 2953 1180 aut
2982 1127 3125 1182 inter
3154 1127 3379 1195 primos,
3408 1136 3512 1181 aut
3543 1127 3699 1182 inter

2093 1215 2379 1285 maximos,
2412 1215 2511 1271 luit
2537 1232 2567 1272 a
2595 1218 2749 1274 nobis
2767 1217 3094 1284 admonitus,
3123 1234 3153 1273 a
3184 1221 3293 1274 Deo
3318 1221 3697 1285 emendatus;

2094 1304 2167 1361 ita
2195 1307 2335 1363 male
2353 1316 2670 1378 conceptam
2692 1311 3093 1379 persuasionem
3116 1311 3402 1381 magn‘iice
3417 1313 3701 1367 condem-

2097 1402 2268 1467 navit,
2309 1412 2369 1458 ut
2424 1420 2531 1459 non
2585 1405 2764 1462 minus
2786 1421 2927 1476 pene
2962 1407 3275 1463 admiranda
3306 1409 3374 1463 sit
3404 1406 3704 1461 correctio

2097 1492 2260 1563 illius,
2275 1510 2431 1567 quam
2465 1497 2636 1553 ilimsa
2668 1500 2958 1554 multorum
2992 1499 3154 1563 lides;
3183 1500 3308 1571 quia
3336 1500 3584 1572 primum
3608 1505 3706 1553 est

2098 1600 2339 1642 errorem
2372 1589 2584 1657 penitus
2615 1605 2723 1645 non
2749 1590 3056 1656 incurrere,
3077 1592 3372 1647 secundum
3418 1593 3571 1647 bene
3603 1604 3705 1645 re-

412 1676 564 1733 idem
595 1692 655 1731 se
684 1677 906 1732 omnino
925 1677 1105 1731 dicere
1134 1676 1276 1745 quod
1305 1677 1676 1746 Pelagianism
1703 1686 1827 1732 ante
1846 1676 1998 1731 dixe-
2100 1679 2343 1749 pudiare.
2370 1678 2421 1735 Is
2443 1695 2573 1751 ergo
2599 1682 2650 1735 in
2678 1697 2738 1738 se
2767 1697 3039 1747 reversus.
3062 1698 3170 1738 non
3199 1684 3372 1737 solum
3396 1685 3451 1737 in
3478 1683 3707 1749 Africa,

395 1777 555 1824 -rttnt
588 1785 601 1822 :
633 1778 689 1824 et
717 1782 1055 1839 consequens
1083 1768 1256 1823 errori
1288 1782 1385 1822 suo
1413 1782 1555 1831 esse,
1587 1777 1646 1822 nt
1694 1768 1783 1838 qui
1815 1769 1999 1834 utique
2028 1766 2076 1829 Β
2101 1771 2197 1826 ubi
2222 1781 2345 1827 tunc
2367 1782 2483 1828 erat
2507 1784 2667 1844 atque
2694 1790 2837 1832 nunc
2856 1783 2960 1844 est,
2979 1785 3085 1830 tam
3114 1789 3352 1831 errorem
3374 1790 3541 1830 suum
3570 1787 3709 1829 cum

396 1861 537 1936 sine
575 1870 797 1933 peccato
833 1861 1131 1916 solitarium
1178 1861 1455 1916 hominem
1498 1861 1684 1918 Iesum
1720 1859 1996 1917 Christum
2099 1861 2288 1918 dolore
2315 1880 2477 1930 quam
2517 1866 2636 1921 sine
2679 1866 2884 1932 pudore
2929 1865 3209 1922 confessus
3237 1876 3339 1932 est,
3368 1866 3467 1921 sed
3523 1866 3705 1922 etiam

420 1954 622 2008 vixisse
666 1957 900 2019 asserit,
931 1968 1122 2008 omnes
1151 1968 1364 2022 quoque
1393 1967 1490 2023 per
1517 1967 1577 2008 se
1606 1952 1854 2007 homines
1881 1954 2001 2008 sine
2098 1953 2166 2007 ad
2187 1968 2378 2009 omnes
2401 1955 2689 2009 admodum
2710 1956 2904 2012 Gallia:
2942 1956 3190 2013 civitates
3222 1956 3429 2012 llehiies
3472 1957 3710 2012 confes-

421 2057 651 2116 peccato
692 2060 854 2115 posse
881 2060 1003 2102 esse
1051 2045 1391 2115 blaSphemet
1432 2064 1446 2099 :
1487 2061 1587 2101 nec
1642 2047 2000 2101 necessariam
2101 2044 2273 2101 sionis
2292 2060 2354 2100 ac
2388 2045 2631 2115 planctus
2659 2047 2741 2101 sui
2789 2048 2996 2103 litteras
3020 2047 3441 2104 dedit:scilicet
3490 2058 3556 2102 nt
3608 2046 3709 2103 ubi

419 2154 639 2212 quoque
666 2140 916 2210 exemplo
945 2139 1092 2194 illius
1120 2138 1303 2195 dicant
1325 2138 1755 2210 redemptionem
1786 2138 2002 2194 Domini
2104 2134 2339 2191 deviatio
2364 2135 2482 2205 ejus
2509 2137 2661 2206 prius
2687 2140 2901 2208 cognita
2928 2150 3073 2206 erat,
3104 2139 3217 2193 illic
3242 2141 3404 2194 etiam
3428 2136 3709 2194 emenda-

424 2230 614 2296 fuisse,
645 2249 766 2288 cum
796 2232 863 2287 ad
894 2235 1114 2289 cmleste
1142 2248 1365 2302 regnum
1395 2248 1495 2287 suo
1523 2242 1729 2288 tomum
1761 2234 2004 2288 homines

421 2322 548 2378 nisu
602 2323 685 2394 (ut
733 2324 904 2394 aiunt)
931 2324 1150 2378 valeant
1199 2325 1507 2394 pervenire.
1544 2324 1655 2379 Nec
1690 2324 1910 2378 dubium
1952 2322 2004 2378 id

424 2424 546 2482 est,
587 2431 648 2472 re
688 2417 805 2486 ipsa
856 2418 1075 2486 penitus
1129 2416 1460 2472 declarante.
1501 2417 1641 2471 IIinc
1685 2417 1830 2471 enim
1875 2416 2007 2471 illud

425 2514 542 2573 est,
587 2505 616 2546 δ
659 2506 802 2577 quod
837 2507 1319 2564 intercessionibus
1364 2507 1479 2562 suis
1524 2505 2007 2576 Pelagianistarum

422 2598 677 2670 querelas
713 2601 887 2665 fovet,
925 2609 982 2655 et
1018 2600 1242 2671 scriptis
1278 2599 1392 2654 suis
1433 2613 1625 2654 causas
1670 2600 1883 2655 illorum
1923 2614 2012 2655 as-

426 2692 610 2748 serit:
651 2694 793 2764 quod
842 2694 1110 2750 subtiliter
1160 2693 1267 2761 his,
1294 2694 1401 2761 vel,
1446 2704 1501 2749 ut
1546 2695 1726 2751 verius
1753 2694 2008 2761 dixerim,

426 2784 662 2841 subdole
688 2787 1082 2856 patrocinatur,
1106 2795 1160 2843 et
1187 2789 1605 2858 consanguinea:
1624 2787 1725 2840 sibi
1749 2783 2011 2855 improbi-

2105 2230 2182 2286 tio
2208 2239 2553 2295 no-ceretur;
2580 2240 2635 2285 et
2659 2232 2748 2299 qni
2799 2240 2967 2286 testes
2996 2229 3198 2286 erroris
3233 2241 3391 2287 antea
3442 2229 3694 2294 fuerant.

2105 2320 2266 2377 iidem
2289 2328 2471 2391 postea
2501 2323 2855 2377 correctionis
2880 2330 3082 2378 essent.

2728 2436 2958 2492 CAPUT
3001 2435 3064 2493 V.

2111 2526 2384 2602 Publicum
2407 2539 2667 2602 peccatum
2689 2530 2897 2602 publica
2919 2530 3238 2602 confessione
3256 2528 3564 2591 diluendum
3586 2545 3706 2602 esse

2183 2599 2964 2672 Leporiiexemplouconﬁrmat,
2990 2599 3235 2654 simqu
3278 2604 3392 2672 ejus
3440 2601 3710 2672 sententia

2182 2672 2367 2725 docens
2392 2672 2516 2741 quid
2540 2669 2604 2725 de
2639 2669 2790 2726 Verbi
2820 2669 3184 2725 Incarnatione
3208 2669 3532 2725 sentiendum
3561 2671 3659 2725 sit.

2188 2781 2268 2837 Es
2315 2783 2471 2852 cujus
2517 2783 2879 2851 confessione,
2937 2783 3023 2839 vel
3071 2783 3250 2852 potius
3293 2782 3705 2851 deploratione,

427 2876 528 2931 tati
545 2876 794 2946 improbo
819 2877 1145 2949 suﬂ'ragatur
1167 2877 1388 2945 affectu,
1418 2879 1603 2934 sciens
1629 2876 1841 2933 scilicet
1867 2877 2016 2945 ejus—
2116 2874 2370 2928 nonnulla
2396 2874 2680 2930 inserenda
2706 2874 3159 2940 existimavimus,
3177 2872 3377 2943 duplici
3403 2887 3473 2929 ex
3497 2883 3708 2928 causa:

431 2965 554 3021 dem
600 2983 661 3024 se
688 2983 809 3024 esse
838 2984 1062 3036 sensus,
1096 2969 1339 3041 ejusdem
1379 2970 1604 3041 spiritus
1627 3009 1642 3033 ,
1671 2976 1728 3023 et
1764 2967 1885 3022 ideo
1912 2966 2013 3021 do-
2117 2977 2177 3021 ut
2198 2965 2464 3023 correctio
2490 2982 2676 3022 eorum
2700 2976 2755 3023 et
2785 2966 2937 3021 nobis
2960 2964 3268 3021 testimonio
3302 2974 3357 3020 et
3382 2964 3468 3020 his
3486 2964 3582 3034 qui
3607 2979 3714 3020 nu-

430 3056 554 3115 Iens
581 3062 849 3129 cognitum
880 3060 1046 3133 [Lips.
1079 3061 1133 3115 in
1160 3077 1325 3132 marg.
1357 3055 1664 3131 cognatam]
1703 3057 1804 3113 sibi
1844 3057 2015 3114 hacre-
2120 3066 2233 3114 tant
2256 3061 2506 3130 exemplo
2534 3069 2720 3126 esset;
2749 3073 3088 3131 quorumque
3105 3072 3348 3115 errorem
3390 3057 3541 3127 sequi
3591 3071 3711 3115 non

434 3149 539 3205 sint
567 3150 636 3203 ab
666 3150 903 3205 Ecclesia
930 3165 1052 3206 esse
1071 3152 1420 3221 disjunctam,
1457 3166 1618 3222 quam
1644 3150 1749 3206 scit
1771 3148 1876 3205 sibi
1906 3149 2014 3205 uti-
2045 3136 2092 3200 C
2122 3151 2487 3218 erubuissent,
2501 3166 2689 3206 eorum
2714 3150 3150 3206 emendationem
3173 3149 3321 3220 sequi
3344 3163 3449 3203 non
3476 3149 3715 3206 erubes-

437 3254 545 3311 quc
567 3240 924 3311 perversitate
943 3242 1310 3312 coniunctam.
1355 3281 1383 3324 η
2121 3251 2343 3307 cerent;
2372 3256 2435 3293 ac
2482 3241 2622 3296 sicut
2645 3240 2805 3296 simili
2827 3239 3144 3312 aegritudine
3165 3239 3595 3305 iulirmarcntur,
3626 3238 3705 3293 ita

1033 3354 1261 3411 CAPUT
1297 3354 1386 3411 iV.

509 3440 765 3515 Leporius
785 3460 891 3500 una
915 3460 1035 3500 cum
1059 3446 1181 3501 aliis
1201 3444 1464 3571 nquullis
1506 3443 1949 3517 Pelagianistmtm

1094 3532 1247 3571 recan
1329 3554 1345 3570 ο

1094 3532 1345 3571 recantat.

514 3604 624 3665 Sed
652 3616 831 3665 tamen
857 3609 981 3681 quia
1011 3608 1086 3665 illi
1112 3610 1203 3681 qui
1226 3609 1297 3665 de
1324 3609 1425 3665 hac
1451 3608 1814 3680 pestilentium
1838 3609 2019 3681 spina-

2106 3332 2286 3389 ‘simili
2312 3331 2552 3388 remedio
2588 3340 2932 3388 sanarentur.
2978 3331 3028 3387 is
3057 3345 3186 3401 ergo
3231 3330 3408 3400 agnita
3434 3328 3715 3399 opinionis

2122 3440 2235 3481 suae
2263 3427 2639 3496 perversitate,
2668 3433 2724 3480 et
2768 3426 3009 3494 inspecta
3042 3423 3168 3479 ﬁdei
3198 3422 3340 3490 luce,
3369 3421 3614 3477 scribens
3641 3419 3714 3475 ad

2123 3521 2407 3591 episcopos
2434 3520 2762 3587 Gallicanos,
2813 3519 2885 3573 ita
2918 3531 3144 3572 exorsus
3183 3522 3267 3571 est
3298 3513 3473 3582 :Quid
3526 3514 3581 3569 in
3621 3526 3716 3570 mo

2123 3613 2384 3683 primum,
2424 3626 2459 3668 ο
2484 3612 2689 3667 domini
2731 3610 2838 3666 mei
2875 3606 3169 3666 venerandi
3200 3615 3255 3661 et
3294 3605 3588 3661 beatissimi
3618 3617 3715 3660 sa-

1522 3747 1777 3805 ALARDI
1814 3747 2045 3805 ΟᾹΖᾸΞῙ
2082 3746 2644 3807 COMMENTARIUS.

518 3852 543 3882 ι
567 3843 647 3897 ita
671 3841 825 3896 divus
851 3840 1156 3897 Bernartius
1184 3838 1403 3897 Petrum
1433 3841 1795 3895 Ahaiilardnm
1826 3839 2023 3894 similia

445 3929 567 3970 cum
602 3912 818 3982 Pelagio
848 3912 1189 3982 sentientem,
1232 3911 1505 3980 redarguit
1526 3908 1738 3982 λεβίας.
1771 3910 1894 3980 190)
1921 3929 1933 3963 :
1963 3910 2026 3965 Si

443 3987 545 4039 hoc
566 3979 883 4051 sapiu—cum
919 3981 1128 4050 Pelagio
1159 3981 1365 4050 desipit.
1399 3979 1662 4048 Quidquid
1690 3979 1881 4051 horum
1903 3995 2019 4033 sen-

445 4057 563 4115 tiat,
579 4064 714 4121 putet
739 4064 985 4118 quantum
1001 4053 1138 4121 quod
1165 4055 1218 4106 in
1246 4052 1356 4124 ipso
1380 4063 1454 4124 est
1473 4051 1797 4124 evacurtpalti
1817 4050 2026 4124 dispena

445 4127 694 4181 sationem
717 4124 961 4192 mysterii.
982 4120 1071 4192 qui
1093 4130 1252 4175 totum
1266 4120 1335 4175 de
1363 4122 1529 4175 salute
1547 4120 1721 4174 tribuit
1751 4121 2026 4192 detjmiotti,

447 4190 785 4267 generationi'
813 4194 943 4267 nihil
960 4190 1002 4259 ;‘
1021 4194 1107 4264 qui
1137 4202 1323 4267 nostris
1351 4192 1567 4267 gloriam
1594 4190 1953 4267 redemptionis
1981 4200 2030 4267 et

448 4261 707 4318 summam
761 4265 944 4317 salutis
984 4261 1086 4316 non
1137 4261 1397 4316 invirtute
1423 4262 1611 4326 crucis,
1641 4277 1743 4312 non
1770 4262 1824 4312 in
1872 4261 2032 4323 pretio

448 4336 741 4397 sanquinis,
773 4335 862 4386 sed
890 4334 944 4387 in
990 4342 1181 4386 nostra:
1208 4333 1468 4386 constituit
1494 4330 1887 4384 conversationis
1914 4344 2033 4398 pro-

450 4395 690 4474 fectibus.
728 4395 859 4475 Mihi
904 4409 1075 4475 autem
1102 4402 1235 4475 absit
1268 4402 1499 4475 ‘gloriari
1540 4401 1637 4454 nisi
1668 4401 1721 4453 in
1751 4415 1901 4475 cruce
1914 4395 2036 4475 ’ρο-

453 4468 579 4527 ὶηῡηξ
603 4473 764 4525 nostri
790 4471 917 4524 Jesu
942 4470 1131 4541 Christi
1155 4468 1303 4541 (Gal:
1327 4472 1425 4540 vi).
1449 4472 1503 4524 in
1532 4487 1633 4540 quo
1656 4468 2036 4541 estsalus,_vita

452 4551 504 4596 et
529 4541 832 4595 resurrectio
861 4550 1053 4594 nostra.
1078 4539 1141 4592 Et
1167 4538 1369 4606 quidem
1384 4538 1496 4593 tria
1518 4538 1751 4606 quwdam
1780 4539 2037 4603 prteripua

455 4612 512 4666 in
538 4615 632 4665 hoc
657 4627 804 4682 apere
830 4620 1018 4664 nastrte
1046 4610 1228 4682 salutis
1250 4611 1493 4682 intueor:
1513 4609 1745 4682 formam
1772 4608 2036 4682 humilita-

456 4682 548 4745 tis,
562 4682 614 4735 in
637 4675 737 4751 qua
757 4678 893 4734 Deus
914 4680 1242 4751 semetipsum
1266 4678 1582 4737 exiuanivit;
1604 4675 1874 4751 charitatis_
1890 4692 2034 4730 men-

455 4748 659 4816 suram,
685 4766 835 4820 quam
867 4765 1024 4813 usque
1042 4749 1110 4802 ad
1134 4758 1365 4813 mortem,
1398 4759 1443 4801 et
1479 4756 1693 4820 mortem
1734 4748 1923 4807 crucis,
1948 4762 2035 4800 ca:-

460 4821 656 4887 tendit;
685 4816 1042 4889 redemptionis
1068 4826 1464 4889 sacramentum,
1489 4832 1605 4885 qua:
1641 4816 1802 4889 ipsam
1824 4826 2037 4869 mortem

457 4907 615 4960 quam
644 4887 870 4960 pertulit,
888 4888 1114 4942 sustulit.
1137 4887 1182 4940 11
1193 4904 1334 4960 prum
1359 4890 1578 4940 duorum
1604 4887 1778 4953 priora
1799 4888 2036 4960 sicsunt,

460 4955 527 5014 ac
548 4961 592 5013 si
615 4975 767 5025 super
787 4958 942 5011 inane
962 4961 1164 5027 pingas.
1190 4957 1432 5027 Magnum
1451 4959 1681 5026 profecto
1707 4965 1751 5007 et
1772 4955 1920 5007 ralde
1949 4973 2038 5027 ne-

461 5022 741 5085 cessarium
764 5022 1084 5091 humilitatis,
1119 5022 1359 5097 mugitum
1383 5039 1429 5079 et
1451 5022 1608 5097 omni
1640 5027 1934 5097 acceptione
1958 5025 2039 5077 di-

461 5116 622 5172 gnum
647 5100 911 5172 charitatis
934 5094 1240 5167 exemplum,
1270 5097 1361 5172 sed
1391 5111 1493 5172 non
1523 5094 1706 5172 habent
1735 5094 2040 5172 fundamen-

465 5165 598 5235 tum,
627 5186 687 5222 ac
708 5168 925 5239 proinde
942 5183 1036 5239 nec
1065 5165 1274 5229 statum,
1301 5167 1343 5239 si
1372 5168 1503 5217 desit
1530 5165 1826 5239 redemptio.

539 5232 1188 5307 l"QuomodoNestorius
1234 5237 1345 5290 suis
1386 5232 1859 5307 intercessionibus
1890 5232 2040 5288 Pela-

466 5301 749 5385 gianorum
776 5307 1023 5385 querelas
1052 5307 1268 5372 foverit,
1299 5315 1353 5385 et
1405 5301 1784 5385 suisnscriptis
1805 5318 2038 5385 _c.n'tns_am

466 5374 685 5435 illorum
718 5374 1039 5439 defenderit,
1070 5384 1218 5444 patet
1244 5391 1309 5430 ex
1336 5376 1503 5438 ipsius
1532 5374 1726 5429 litteris
1754 5374 2044 5444 atlrrlees-

468 5451 639 5504 tinum
670 5464 864 5518 papam
892 5447 1055 5514 datis,
1073 5442 1219 5517 quas
1264 5445 1458 5500 recitat
1484 5446 1745 5500 Baronius
1773 5443 1945 5515 (Tom.
1971 5442 2039 5511 ν,

467 5519 561 5573 sub
588 5519 842 5589 mssa).

549 5599 573 5628 ι
602 5588 746 5644 Satis
774 5584 1003 5644 obscure
1028 5585 1229 5642 indicat
1253 5584 1513 5654 quosdam
1534 5599 1603 5640 ex
1626 5584 1923 5654 Pelagianis
1974 5587 2042 5641 ad

475 5658 743 5716 saniorem
766 5670 998 5713 mentem
1029 5668 1082 5712 et
1112 5655 1268 5726 tidem
1296 5656 1616 5726 catholicam
1642 5665 1944 5726 revocatos,
1985 5655 2040 5712 in

473 5729 669 5800 quibus
700 5727 981 5797 Lepcrius,
1010 5730 1079 5783 de
1105 5739 1214 5798 quo
1236 5724 1395 5780 intra.

2061 4646 2113 4705 D

2200 3839 2226 3878 δ
2267 3842 2499 3897 Pristina
2530 3840 2832 3906 Pelagiana,
2876 3839 2930 3893 id
2969 3848 3070 3903 est,
3098 3836 3370 3902 anterior;
3401 3848 3543 3891 nova
3574 3833 3716 3889 Nes-

2131 3912 2371 3974 toriana,
2402 3913 2453 3963 id
2482 3922 2588 3973 est,
2617 3914 2905 3975 posterior,
2936 3919 2995 3963 ut
3022 3910 3221 3963 dictum
3248 3917 3352 3960 est.

2208 3990 2229 4018 ο
2273 3973 2474 4050 Deique
2506 3981 2577 4034 ita
2610 3973 2920 4035 Gennadius
2942 3979 3044 4049 (Ds
3071 3978 3209 4033 Viris
3232 3976 3410 4050 Illust.
3435 3991 3550 4044 cap.
3574 3973 3672 4042 59)
3702 3989 3717 4026 :

2130 4048 2401 4121 Leporius‘
2431 4050 2605 4104 adhuc
2651 4048 2959 4112 monadtus,
3007 4060 3180 4111 postea
3208 4048 3487 4117 presbyter,
3517 4061 3720 4113 prmu-

2134 4138 2274 4175 mens
2296 4123 2359 4174 de
2380 4121 2602 4191 puritate
2631 4123 2765 4178 vitat.
2788 4136 2941 4191 quam
2970 4120 3186 4191 arbitrio
3212 4130 3411 4191 tantum
3439 4126 3497 4191 _et_
3527 4122 3722 4191 conatu

2135 4182 2503 4263 proprio,'non
2540 4191 2631 4244 Dei
2654 4207 2709 4243 se
2735 4182 2997 4257 adjutorio
3013 4186 3584 4263 ⁸(ιιηὶιῃιὶεεε(ξξνςιιεὺᾳι,
3610 4182 3723 4263 -Ρεο

2138 4255 2616 4332 ῖαςὶαηιιπιμορηια
2642 4255 2862 4332 coeperat
2884 4260 3059 4327 sequi;
3085 4259 3175 4311 sed
3208 4274 3248 4332 tt
3276 4255 3563 4332 Gallicanis
3585 4255 3718 4308 doc-

2137 4328 2333 4384 toribus
2359 4328 2676 4392 admonitus,
2708 4337 2755 4383 et
2786 4331 2840 4382 in
2871 4332 3044 4396 Africa
3070 4344 3157 4393 per
3176 4328 3520 4397 Augustinum
3545 4339 3725 4378 emen-

2138 4400 2312 4462 datus,
2343 4400 2545 4464 scripsit
2571 4400 2942 4454 emendationis
2972 4413 3077 4451 stuc
3123 4396 3378 4458 libellum,
3410 4397 3466 4448 in
3516 4410 3620 4464 quo
3669 4400 3721 4448 et

2138 4469 2387 4534 satisfacit
2427 4465 2492 4522 de
2540 4485 2733 4530 errore.
2764 4481 2809 4522 et
2837 4468 3031 4537 gratias
3057 4467 3165 4537 agit
3186 4467 3278 4537 Ade
3315 4465 3669 4537 emendatione
3699 4478 3722 4516 :

2138 4524 2293 4593 simul
2336 4547 2382 4592 et
2410 4538 2545 4608 quod
2575 4540 2638 4593 de
2667 4524 3029 4593 Incarn'atione
3074 4524 3447 4608 Christiumale
3488 4541 3726 4608 s_e_userat

2140 4601 2434 4678 corrigens;
2451 4610 2756 4663 catholicam
2779 4608 3074 4663 sententiam
3101 4604 3418 4678 tulitdicens
3450 4618 3469 4656 :
3490 4601 3724 4678 ﬂauen—

2141 4675 2352 4733 tibus'in
2372 4678 2575 4733 Christo
2602 4680 2657 4733 in
2685 4696 2781 4732 sua
2801 4679 3087 4732 substantia
3114 4675 3312 4729 duabus
3332 4675 3548 4733 naturis,
3563 4688 3723 4725 unum

2140 4747 2448 4818 credendam
2470 4748 2597 4803 Filii
2628 4747 2720 4802 Dei
2741 4764 3030 4818 personam.
3064 4746 3191 4818 Haec
3209 4741 3724 4818 Gennadiu§.Porr_o

2141 4817 2285 4872 hunc
2336 4827 2610 4874 auctorem
2660 4811 2823 4870 fuisse
2876 4816 3122 4870 Nestorio
3162 4811 3725 4881 snmipsiuslurrcsis

2140 4885 2431 4942 Cassianus
2462 4888 2646 4943 itidem
2675 4888 2906 4941 afﬁrmat
2934 4885 3072 4939 libro
3094 4900 3167 4938 vu
3205 4884 3275 4938 de
3324 4883 3723 4946 Incarnatione,

2140 4959 2231 5012 ubi
2264 4960 2404 5013 inter
2428 4958 2534 5012 alia
2568 4959 2684 5012 haec
2713 4957 2895 5022 habet,
2923 4956 3228 5011 Nestorium
3261 4952 3542 5019 alloquens
3577 4969 3590 5003 :
3635 4948 3726 5004 Ita

2140 5034 2263 5099 ergo
2287 5039 2333 5081 et
2360 5038 2415 5081 tu
2444 5027 2745 5095 Pelagiana:
2770 5025 3017 5099 latereseos
3036 5026 3244 5099 spinosa
3266 5022 3486 5099 soboles,
3503 5021 3726 5099 ostendis

2142 5091 2442 5165 in'germine
2467 5091 2602 5165 quod
2628 5106 2771 5165 pater
2804 5109 2920 5151 tuus
2938 5091 3177 5165 habuisse
3197 5092 3420 5165 traditur
3438 5092 3495 5145 in
3518 5091 3731 5165 radice?

2148 5158 2398 5237 Leporius
2427 5158 2563 5221 enim
2591 5158 2680 5222 ille
2710 5166 2790 5234 (ut
2822 5165 3068 5237 Leporius
3101 5163 3386 5237 discipulus
3419 5176 3543 5214 suus
3572 5158 3729 5228 dixit)

2150 5232 2430 5291 Dominum
2462 5250 2693 5291 nostrum
2718 5232 2969 5290 asserebat
2991 5232 3248 5287 Christum
3272 5232 3466 5299 factum
3509 5245 3616 5283 esse
3639 5245 3730 5299 per

2151 5306 2478 5378 baptismum,
2505 5317 2559 5361 tu
2590 5308 2912 5378 inibaptismo
2943 5305 3191 5378 templum
3220 5300 3348 5354 dicis
3379 5303 3569 5378 factum
3623 5309 3732 5378 esse

2150 5367 2239 5447 per
2280 5367 2553 5449 Spiritum.
2614 5367 2743 5433 Non
2763 5374 2969 5445 quidem
3008 5367 3077 5425 ad
3102 5372 3313 5449 plenum
3356 5367 3558 5449 cadent.
3581 5367 3734 5449 verba

2151 5436 2290 5519 sunt,
2323 5436 2435 5519 'sed
2453 5449 2548 5519 ad
2601 5436 2813 5519 plenum
2830 5460 2967 5519 Luna
3018 5436 3361 5519 perpensitas,_
3380 5446 3487 5494 etc.
3512 5436 3734 5519 Rotavit

2154 5504 2413 5572 Baronius
2443 5517 2556 5586 (sub
2587 5504 2876 5586 éunoﬂO)
2901 5504 3066 5586 aliain
3105 5511 3290 5566 itidem
3326 5504 3583 5586 inveniri
3631 5504 3735 5560 Le-

2149 5586 2360 5656 porium
2389 5574 2585 5655 genere
2603 5574 2987 5647 clarissimum,
3016 5578 3430 5656 in_monas_terio
3453 5578 3513 5633 S.
3544 5574 3735 5656 Angit:

2147 5645 2276 5711 itini
2304 5645 2669 5724 pro'litentem.
2694 5655 2763 5711 de
2791 5670 2898 5725 quo
2926 5645 3043 5725 ipse
3068 5651 3406 5723 Augustinus
3445 5660 3615 5704 scrin.
3664 5645 3735 5701 50

2147 5726 2217 5782 de
2242 5726 2497 5783 Diversis.
3334 5780 3337 5783 λ
3472 5776 3477 5781 .

2184 5739 2217 5782 ο
2242 5739 2497 5783 υινοηιι.
