3970 6344
514 285 586 344 87
1838 282 2102 342 ,ιοΑΝΝιε

2207 284 2476 342 ΑεδιΑΝι
3723 290 3809 353 18

518 389 739 466 dicitur.
768 409 823 460 et
849 400 1148 469 immixtus,
1176 399 1458 457 diminutio
1497 396 1612 468 ejus
1659 405 1741 456 est
1788 396 2097 468 accipienda
2123 401 2174 461 Α
2201 399 2342 453 Deus
2370 399 2531 454 homo
2552 401 2712 458 Jesus
2740 399 2992 460 Christus
3015 401 3187 460 Filius
3232 404 3352 462 Dei.
3390 404 3470 466 Ae
3508 405 3590 466 sic
3615 407 3670 463 in
3710 403 3807 468 διαί

484 495 486 502 ’
518 493 874 561 substantias;
906 495 1061 550 novit
1105 493 1244 548 enim
1295 491 1433 546 Deus
1477 490 1595 547 sine
1625 490 1706 545 sui
1753 492 2104 561 corruptione
2205 499 2471 546 terutrum
2505 508 2668 547 unum
2702 493 2760 548 fit
2791 493 3023 549 Verbum
3060 503 3118 550 et
3151 509 3317 552 caro:
3351 507 3410 551 ut
3451 507 3710 554 manente
3746 499 3808 555 in

521 592 766 658 misceri,
800 595 856 646 et
897 602 1071 647 tamen
1104 591 1155 645 in
1190 588 1413 642 veritate
1453 584 1698 650 misceri;
1749 585 1900 639 novit
1940 585 1992 639 in
2042 599 2104 642 se
2205 599 2300 639 sua
2332 584 2664 654 perfectione
2703 586 3018 642 naturaliter
3043 600 3277 657 utraque
3319 590 3642 660 substantia,
3670 592 3806 650 sine

518 683 590 739 ita
637 684 913 755 suscipere
961 689 1018 736 ut
1066 679 1200 735 nihil
1246 681 1296 734 ei
1348 685 1559 733 crescat
1606 677 1918 748 augmenti,
1966 674 2105 732 sicut
2203 679 2287 734 sui
2317 679 2653 751 prmjudicio,
2695 691 2751 735 et
2791 681 3108 736 humanitati
3153 682 3334 737 divina
3365 687 3803 752 communicent,

515 778 760 846 seipsum
789 785 956 831 totum
1000 769 1152 828 novit
1182 769 1484 841 infundere,
1517 781 1576 825 ut
1607 770 1740 825 nihil
1774 769 1981 826 accidat
2009 770 2104 827 de-
2203 781 2259 826 et
2305 771 2574 827 divinitati
2620 771 2855 827 humana
2897 771 3244 843 participem.
3287 773 3398 830 Nec
3436 777 3570 830 alter
3622 777 3812 843 Deus,
3854 766 3871 840 ξ

519 867 780 924 trimenti.
826 861 943 923 Non
983 882 1113 938 ergo
1155 865 1221 920 ad
1269 863 1682 936 intelligentiam
1717 865 2102 921 imbecillitatis
2202 863 2340 920 alter
2377 864 2564 932 homo,
2593 866 2689 921 sed
2737 866 2877 922 idem
2927 868 3042 935 ipse
3090 865 3234 922 Deus
3274 867 3371 938 qui
3412 876 3467 922 et
3511 866 3707 933 homo;
3752 876 3815 922 et
3850 861 3874 934 ξπ

518 973 719 1016 nostra:
762 960 1055 1016 secundum
1104 961 1596 1029 experimentorum
1649 958 1883 1014 visibilia
1931 958 2100 1028 docu-
2203 961 2438 1016 vicissim
2468 962 2650 1026 homo,
2681 961 2771 1031 qui
2801 969 2858 1016 et
2888 960 3036 1016 Deus
3060 959 3215 1020 Jesus
3242 961 3490 1018 ChriStus
3523 976 3663 1017 unus
3689 959 3806 1016 Dei
3848 945 3870 1036 λ

517 1062 694 1109 menta
721 1051 978 1106 facientes
999 1051 1362 1123 conjecturam
1385 1050 1766 1122 detequalibus
1786 1066 1844 1105 se
1871 1050 2099 1106 invicem

517 1143 948 1216 ingredientibus
988 1143 1278 1215 creaturis,
1325 1155 1572 1216 putemus
1602 1143 1771 1199 Deum
1803 1143 2102 1198 hominem-

514 1254 620 1310 que
652 1238 1029 1309 commixtum,
1058 1245 1113 1293 et
1156 1235 1248 1293 tali
1291 1235 1610 1292 confusione
1640 1238 1823 1292 carnis
1855 1244 1910 1290 et
1938 1233 2101 1292 Verbi

514 1333 666 1404 quasi
693 1329 913 1402 aliquod
943 1347 1138 1401 corpus
1165 1323 1438 1386 eliectum.
1474 1338 1500 1367 ι
1527 1330 1682 1385 Absit
1728 1327 1802 1384 ita
1853 1329 2099 1397 credere,

514 1434 574 1480 ut
616 1425 875 1480 conﬂatili
925 1423 1326 1496 quodammodo
1355 1438 1553 1494 genere
1602 1424 1734 1477 duas
1779 1433 1997 1477 naturas
2043 1422 2098 1478 in

515 1532 677 1571 unam
726 1515 974 1572 redactas
1022 1518 1348 1572 arbitremur
1387 1531 1509 1570 esse
1555 1514 1945 1581 substantiam;
1993 1513 2096 1570 hu-

498 1602 750 1678 jusmodi
778 1606 920 1665 enim
951 1609 1263 1664 commixtio
1293 1607 1463 1679 partis
1505 1609 1780 1677 utriusque
1821 1607 2098 1676 corruptio

517 1705 620 1756 est.
655 1699 792 1755 Deus
821 1702 987 1766 enim,
1018 1701 1108 1772 qui
1146 1716 1316 1772 capax
1361 1716 1463 1754 non
1497 1700 1754 1770 capabilis
1797 1711 1902 1766 est,
1933 1714 2099 1769 pene-

2203 1053 2373 1110 Filius
2404 1063 2742 1124 nuncupetur
2778 1062 2834 1112 et
2877 1069 3010 1110 vere
3050 1054 3160 1108 sit:
3192 1065 3245 1110 et
3269 1053 3395 1111 ideo
3439 1054 3489 1109 id
3518 1055 3802 1125 agendum
3861 1111 3873 1126 ,ι

2202 1146 2358 1200 nobis
2397 1161 2615 1218 semper
2656 1157 2739 1202 est
2784 1155 2844 1201 et
2888 1145 3246 1212 credendum,
3274 1156 3334 1202 ut
3365 1148 3648 1201 Dominum
3691 1163 3810 1202 no-

2202 1247 2373 1293 strum
2403 1237 2585 1293 Jesum
2623 1238 2902 1294 Christum
2949 1236 3145 1294 Filium
3195 1238 3314 1305 Dei,
3358 1238 3530 1296 Deum
3576 1254 3802 1305 verum,

2201 1346 2360 1401 quem
2391 1345 2515 1385 cum
2547 1329 2703 1386 Patre
2731 1345 2946 1399 semper
2970 1337 3026 1386 et
3067 1331 3329 1400 aequalem
3362 1331 3510 1386 Patri
3539 1341 3665 1386 ante
3690 1346 3807 1388 se-

2201 1423 2320 1478 cula
2349 1425 2694 1489 conlitemur,
2716 1423 2966 1479 eumdem
2987 1439 3016 1478 a
3047 1434 3289 1495 tempore
3319 1435 3585 1494 susceptae
3612 1424 3808 1482 carnis

2202 1515 2398 1570 factum
2452 1515 2622 1571 Deum
2672 1516 2948 1572 hominem
2994 1532 3102 1572 non
3147 1531 3436 1588 negemus;
3468 1533 3596 1582 nec,
3638 1517 3807 1588 quasi

2203 1625 2298 1679 per
2332 1609 2530 1678 gradus
2557 1619 2612 1666 et
2643 1619 2888 1680 tempora
2921 1611 3291 1681 proficientem
3339 1611 3392 1665 in
3423 1611 3618 1678 Deum,
3650 1612 3805 1668 alto-

2200 1699 2315 1755 rius
2359 1709 2531 1756 status
2580 1699 2754 1756 fuisse
2794 1709 2925 1756 ante
2968 1703 3426 1758 resurrectionem
3477 1701 3802 1769 credamus,

515 1799 662 1846 trans
693 1808 797 1847 non
834 1793 1202 1862 penetrabilis,
1237 1793 1466 1863 implens
1503 1808 1562 1846 nt
1577 1810 1609 1846 ιι
1651 1792 1964 1862 implebilis.
2004 1791 2095 1858 qui
2123 1811 2171 1873 Β
2200 1796 2425 1850 alterius
2473 1804 2596 1865 post
2640 1797 3124 1861 resurrecdonem,
3153 1795 3252 1851 sed
3289 1795 3536 1866 ejusdem
3577 1811 3807 1863 semper

497 1879 710 1954 ubique
751 1883 909 1940 simul
940 1895 1084 1940 totus
1114 1895 1217 1952 est,
1250 1895 1305 1942 et
1351 1885 1550 1956 ubique
1593 1883 1819 1939 diﬂ’usus
1863 1895 1964 1950 est,
2002 1899 2094 1952 per

513 1977 834 2033 inlusionem
862 1980 1120 2049 potentia:
1163 1995 1273 2035 suae
1313 1977 1736 2035 miseticorditer
1768 1987 1971 2032 naturae
2011 1985 2097 2032 est

514 2074 714 2127 mixtus
737 2073 1008 2129 humanae.
1035 2074 1102 2129 Et
1131 2085 1251 2143 post
1282 2089 1444 2144 pauca
1472 2091 1488 2131 :
1513 2073 1761 2128 Nascitur
1787 2087 1916 2142 ergo
1939 2071 2097 2126 nobis

515 2167 728 2236 proprie
756 2166 824 2224 de
852 2168 1056 2240 Spiritu
1098 2178 1289 2225 sancto
1340 2178 1393 2224 et
1434 2169 1601 2224 Maria
1647 2182 1864 2238 semper
1893 2165 2099 2238 virgine

2203 1889 2553 1960 plenitudinis
2581 1901 2742 1960 atque
2771 1891 3010 1946 virtutis.
3045 1891 3112 1945 Et
3143 1892 3270 1946 item
3299 1891 3461 1961 paulo
3485 1899 3610 1960 post
3642 1910 3662 1950 ἱ
3685 1890 3807 1948 Sed

2201 1984 2326 2050 quia
2373 1983 2606 2038 Verbum
2649 1981 2792 2039 Deus
2825 1982 2875 2037 in
2908 1983 3180 2040 hominem
3210 1983 3495 2053 dignanter
3516 1983 3808 2040 hominem

2203 2075 2548 2143 suscipienth
2569 2074 2874 2140 descendit,
2897 2085 2952 2131 at
2975 2090 3074 2144 per
3092 2077 3491 2145 susceptionem
3511 2075 3605 2130 Dei
3631 2076 3809 2130 homo

2204 2165 2451 2222 ascendit
2482 2166 2538 2222 iu
2561 2166 2816 2232 Verbum,
2847 2165 2876 2206 ι’
2904 2176 3056 2223 totus
3080 2166 3223 2224 Deus
3255 2168 3489 2224 Verbum
3511 2167 3688 2224 factus
3708 2174 3808 2224 est.

1579 2325 1834 2382 ALARDI
1873 2325 2104 2382 GAZEI
2142 2321 2684 2382 COMMENTARIUS

515 2459 670 2513 homo
696 2458 805 2534 Deo
832 2463 1042 2516 mixtus.
1060 2461 1373 2534 Cyprianus
1407 2461 1498 2515 lib.
1533 2459 1602 2515 de
1617 2459 1883 2534 ‘Vanitate
1919 2458 2094 2512 idolo-

517 2543 676 2584 rum:
717 2523 854 2586 Deus
896 2547 1011 2585 cum
1049 2523 1254 2585 homine
1302 2534 1559 2584 miscetur.
1616 2531 1842 2599 Vigilius
1890 2537 2093 2600 martyr

517 2601 608 2654 lib.
642 2613 873 2656 Icontra
916 2603 1192 2671 Eutychen
1227 2619 1242 2659 ξ
1278 2601 1325 2654 F
1330 2604 1448 2656 ilius
1495 2601 1587 2654 Dei
1635 2601 1896 2656 ostendere
1936 2600 2093 2653 voluit

519 2674 680 2745 nostri
719 2675 918 2744 generis
956 2689 1215 2739 naturain,
1246 2689 1334 2745 per
1364 2672 1741 2727 commixtionis
1771 2672 2094 2745 individuam

517 2741 786 2814 unitatem.
815 2747 1139 2813 Augustinus
1163 2741 1292 2799 vero
1315 2745 1542 2814 epistola
1574 2745 1751 2804 tertia,
1779 2757 1906 2812 qum
1923 2749 2007 2814 est
2028 2741 2094 2795 ad

521 2811 917 2883 Volusianum,
957 2816 1087 2870 dicit
1145 2817 1314 2870 Deum
1352 2811 1568 2868 homini
1617 2811 1936 2866 admixtum.
1989 2813 2096 2866 Leo

516 2895 680 2937 sertn.
701 2887 740 2943 ,5
767 2886 835 2940 de
864 2887 1072 2942 Nativa
1105 2884 1225 2940 Non
1249 2887 1342 2951 sic,
1371 2887 1561 2954 inquit,
1593 2895 1827 2938 creatura
1856 2885 1908 2934 in
1932 2884 2094 2936 socie-

519 2962 668 3007 tatem
704 2957 787 3010 sui
823 2954 1084 3012 Creatoris
1121 2969 1384 3026 assumpta
1415 2966 1509 3016 est.
1544 2967 1598 3009 ut
1638 2956 1727 3008 ille
1763 2955 2097 3026 inhabitator,

517 3034 572 3094 et,
604 3026 700 3078 illa
745 3026 1096 3081 habitaculum
1136 3023 1307 3094 esset}
1347 3029 1436 3082 sed
1481 3027 1557 3080 ita
1604 3034 1660 3079 ut
1709 3035 1898 3078 natura
1935 3023 2102 3077 altera

521 3093 674 3168 atteri
709 3098 1025 3168 misceretur.
1062 3099 1299 3168 Denique
1334 3098 1645 3159 Cassianus,
1679 3097 1762 3149 vel
1795 3096 1970 3164 potius
1999 3095 2102 3168 με·

526 3166 741 3234 porius,
795 3167 897 3222 huc
949 3169 1070 3222 loco
1113 3165 1245 3224 dicit
1296 3170 1462 3223 Deum
1517 3169 1854 3221 ineat-natum
1899 3177 1954 3220 et
1997 3165 2101 3219 im-

527 3235 771 3309 mixtum,
806 3251 910 3292 nnn
955 3241 1218 3308 negative,
1249 3243 1398 3309 quasi
1427 3255 1532 3293 non
1561 3240 1807 3309 mixtum,
1829 3239 1924 3290 sed
1958 3238 2102 3304 posi-

527 3307 634 3360 tive
663 3307 1085 3380 etaffit-utative,
1118 3307 1278 3380 quasi
1305 3313 1442 3363 intra
1476 3310 1696 3362 mixtum
1727 3307 1808 3361 vel
1845 3315 2104 3380 eorumis-

527 3387 657 3431 tum.
693 3377 850 3434 Unde
867 3381 1048 3435 subdit
1075 3377 1412 3450 postmodum
1440 3397 1454 3435 :
1491 3380 1648 3435 Novit
1678 3380 1810 3430 enim
1837 3378 1976 3430 Deus
1994 3379 2105 3432 sine

525 3450 605 3502 sui
635 3452 962 3519 corruptione
985 3453 1206 3506 misceri.
1235 3454 1503 3507 Caeterum
1536 3450 1824 3517 prudenter
1851 3450 2103 3504 admonet

526 3520 1118 3590 Augustinumepi-tuln
1148 3523 1400 3590 prmdieta
1427 3525 1488 3576 ad
1519 3520 2104 3576 Volnsiarutmdehem

525 3589 610 3644 hie
639 3592 926 3646 auditorem
955 3589 1265 3646 catholicum
1294 3595 1528 3647 recedere
1547 3609 1579 3646 a
1599 3591 1962 3644 consuetudine
1990 3605 2106 3644 cor-

527 3675 739 3729 porum,
785 3679 882 3726 qua
924 3663 1084 3718 solent
1131 3665 1235 3718 duo
1277 3666 1498 3733 liquores
1539 3665 1615 3716 ita
1660 3662 2002 3726 cuminisceri,
2049 3670 2106 3714 ut

527 3741 904 3805 κυίσκεται
947 3736 1290 3804 integritatem
1327 3753 1497 3801 suam,
1533 3748 1868 3805 quamquam,
1909 3733 2102 3800 inquit,

527 3811 576 3875 et
614 3805 666 3855 in
706 3804 827 3874 ipsis
862 3808 1162 3875 corporibus
1199 3808 1308 3860 aeri
1345 3809 1436 3860 tua:
1468 3804 1772 3872 incorrupta
1811 3805 2099 3856 misceatur.

526 3872 710 3942 Itaque
726 3872 892 3947 iusta
910 3872 1049 3930 hanc
1074 3876 1351 3947 Augustini
1381 3877 1822 3934 admonitionem,
1851 3889 1971 3928 cum
2004 3875 2106 3947 hoc

526 3943 926 4016 c0tntnixtionis
967 3943 1186 4001 verbum
1229 3949 1464 4010 auditur,
1496 3948 1580 4002 vel
1633 3947 1843 4016 legitur,
1891 3961 1994 4016 non
2034 3945 2100 3998 ad

529 4015 794 4084 "quorum
831 4016 1144 4071 mixtionem
1178 4019 1572 4086 restriciendtttn
1612 4015 1717 4081 est,
1749 4017 1843 4072 sed
1876 4015 1942 4069 ad
1983 4030 2102 4069 eam

527 4087 822 4158 magisqua
851 4087 939 4140 lux
974 4096 1140 4140 totum
1172 4103 1350 4142 aerem
1383 4100 1696 4158 penetrans,
1729 4087 1778 4139 ei
1812 4101 2104 4158 pitTltllsce-

529 4153 635 4210 tur;
669 4153 821 4211 Unde
851 4160 1105 4226 Cyrillus,
1137 4161 1188 4212 in
1222 4161 1359 4214 lihro
1385 4153 1476 4228 qui
1507 4160 1705 4213 dicitur
1736 4153 1908 4218 Golia,
1946 4165 2105 4225 negat

527 4237 772 4284 naturam
829 4229 1062 4282 divinatn
1119 4231 1172 4284 iu
1231 4227 1561 4284 humanitate
1619 4243 1925 4296 perpessam
1982 4242 2104 4282 esse

527 4302 985 4354 Commistitineiu.
1020 4303 1083 4354 Et
1111 4302 1161 4354 in
1187 4301 1362 4355 oﬂicio
1383 4299 1757 4355 ecclesiastico
1798 4297 2008 4351 canitur
2036 4297 2104 4352 de

526 4367 744 4443 Christo
784 4389 797 4424 :
847 4371 969 4424 Non
1007 4375 1422 4426 commixtionem
1458 4387 1660 4443 passus,
1701 4383 1862 4443 neque
1897 4369 2105 4443 divisio-

529 4445 660 4491 nem.
696 4441 952 4507 Superest
987 4453 1235 4506 quantum
1278 4446 1358 4495 illa
1392 4439 1587 4507 aliine,
1630 4451 1728 4496 nec
1765 4442 1940 4493 minus
1987 4439 2101 4492 tisi-

530 4514 696 4561 iattttn
719 4553 733 4574 ,
767 4513 1152 4577 assumptiouis
1182 4514 1501 4566 Vocabulum
1525 4553 1537 4574 ,
1588 4526 1693 4578 quo
1746 4510 2103 4564 communiter

528 4587 742 4651 utentes
775 4580 961 4651 Patres
985 4581 1074 4650 (S.
1102 4581 1202 4634 Leo
1229 4585 1378 4649 epist.
1405 4584 1474 4636 97
1501 4595 1617 4651 cap.
1645 4581 1756 4648 Η),
1783 4590 1840 4633 et
1870 4581 2100 4646 theologi

2131 3276 2178 3339 C

2194 2473 2310 2528 quia
2351 2459 2449 2512 sibi
2493 2459 2705 2511 invicem
2748 2463 2878 2513 sun!
2906 2459 3308 2526 multiformium
3350 2458 3803 2529 blasphemiarum

2196 2533 2496 2600 cognatione
2518 2545 2784 2594 conuerte,
2819 2531 2882 2584 de
2915 2532 2981 2584 iis
3012 2532 3334 2600 potissimum
3354 2533 3611 2589 erroribus
3631 2535 3806 2589 decli-

2196 2601 2384 2653 nandis
2411 2601 2998 2675 obseruantiamjestrg
3035 2605 3316 2656 devotionis
3354 2605 3628 2662 admoneo.
3663 2621 3807 2675 quo-

2196 2687 2311 2745 rum
2351 2688 2484 2724 unus
2531 2671 2727 2745 dudum
2778 2671 3024 2745 tVestorio
3075 2686 3289 2728 auctore
3335 2690 3646 2745 consurgere
3677 2671 3808 2731 ’που

2197 2742 2406 2815 impune
2459 2743 2702 2815 temtauit,
2747 2743 2886 2797 alius
2933 2760 3097 2808 nuper
3146 2746 3262 2815 pari
3299 2742 3648 2815 exsecratione
3694 2748 3805 2800 da-

2197 2813 2454 2884 mnandus
2480 2811 2711 2882 Eu'gcltc
2737 2825 2992 2867 assertore
3020 2811 3280 2884 prorupit.
3311 2814 3450 2869 Nam
3471 2817 3566 2871 ille
3591 2818 3808 2872 beatam

2203 2881 2428 2958 ariam
2454 2881 2708 2958 virginem
2738 2885 2956 2958 hominis
2983 2881 3340 2940 tantummodo
3373 2903 3530 2940 ausus
3555 2897 3629 2941 cst
3660 2904 3810 2958 prte-

2201 2953 2374 3028 dfcare
2405 2954 2720 3028 genitricem,
2751 2965 2808 3007 ut
2834 2957 3161 3028 inconcrptu
3201 2959 3318 3028 eius
3361 2966 3408 3010 et
3442 2967 3596 3028 partu
3630 2953 3809 3028 italia

2215 3023 2363 3098 Verbi
2392 3034 2438 3077 et
2466 3025 2637 3098 carnis
2657 3028 2796 3098 facta
2822 3026 2984 3078 unitio
3009 3023 3322 3091 crederetur,
3351 3029 3474 3098 quia
3505 3027 3600 3082 Dei
3621 3024 3808 3083 Filius

2203 3111 2308 3147 non
2333 3096 2445 3165 ipso
2486 3096 2656 3165 factus
2704 3097 2772 3149 sit
2809 3098 3032 3150 nominis
3062 3098 3222 3164 ﬁlius,
3255 3096 3556 3152 sed‘crento
3597 3099 3808 3154 homini

2205 3167 2316 3219 sola
2361 3182 2416 3219 se
2457 3167 2762 3235 dignatione
2804 3169 3095 3222 sociaverit.
3131 3167 3284 3235 Quod
3325 3169 3594 3224 catholicis
3637 3186 3806 3225 aures

2208 3251 2529 3311 nequaquam
2558 3239 2778 3291 tolerare
2797 3245 3092 3311 potuerunt,
3116 3253 3231 3306 qua!
3255 3241 3329 3292 sic
3355 3237 3644 3311 Evangelia
3666 3243 3808 3294 seri-

2209 3309 2329 3359 tatis
2363 3308 2573 3360 imbuta!
2605 3320 2746 3372 sunt,
2778 3308 2834 3361 ut
2867 3309 3160 3367 firmissime
3189 3312 3416 3363 noverint
3454 3308 3650 3363 nul/am
3689 3327 3807 3366 esse

2209 3378 2437 3451 humano
2465 3381 2640 3448 generi
2670 3393 2810 3444 spem
2836 3380 3042 3441 salutis.
3080 3383 3179 3451 nisi
3202 3381 3314 3448 ipse
3339 3391 3466 3435 esset
3494 3380 3640 3451 ﬁlius
3675 3380 3807 3434 Vir-

2207 3449 2365 3519 ginis,
2404 3451 2492 3517 qui
2533 3459 2730 3502 creator
2771 3461 2843 3503 est
2884 3455 3080 3504 matris.
3128 3449 3231 3504 Hic
3275 3461 3446 3505 autem
3494 3449 3808 3508 recentiori:

2205 3520 2468 3590 sacrilegii
2489 3538 2542 3586 pi
2553 3522 2738 3585 ofanus
2752 3531 2978 3574 assertor
2998 3523 3278 3574 unitionem
3291 3523 3498 3590 quidem
3513 3525 3564 3574 in
3589 3521 3807 3577 Christo

2207 3591 2434 3664 duarum
2459 3596 2722 3659 confessus
2753 3603 2823 3645 est
2854 3603 3176 3658 naturarum,
3210 3594 3298 3645 sed
3333 3595 3448 3664 ipsa
3477 3595 3714 3646 unitione
3745 3594 3808 3648 id

2209 3661 2332 3713 dicit
2359 3661 2612 3726 eﬂ'ectum,
2646 3671 2701 3714 ut
2723 3675 2787 3715 ea:
2814 3664 3012 3716 duabus
3039 3678 3142 3715 una
3165 3661 3465 3726 remaneret,
3499 3665 3807 3719 nullatenus

2209 3732 2421 3784 alterius
2451 3735 2698 3786 existente
2726 3733 3031 3799 substantia,
3065 3734 3200 3804 quod
3229 3737 3404 3804 utique
3435 3736 3544 3794 ﬁeri
3576 3735 3675 3804 nisi
3707 3745 3808 3790 aut

2209 3806 2600 3868 consumptione
2623 3813 2712 3855 aut
2736 3805 3058 3866 separatione
3084 3822 3186 3858 non
3215 3803 3400 3873 posset.
3430 3805 3553 3858 llaec
3579 3805 3634 3859 S.
3657 3803 3804 3870 Leo,

2207 3873 2343 3926 duas
2372 3873 2606 3928 haereses
2642 3873 2957 3929 describens
3005 3875 3163 3928 simul
3210 3883 3266 3928 et
3307 3879 3608 3929 confutatis.
3660 3875 3807 3930 Vide

2208 3945 2460 4014 eumdem
2491 3946 2718 4011 epistola
2749 3945 2839 4006 97,
2872 3954 2926 3999 et
2947 3949 3227 4012 epistolam
3258 3946 3499 4000 Flaviani
3529 3947 3593 3999 ad
3618 3947 3804 4014 ipsum

2208 4013 2467 4074 Leonem,
2494 4024 2548 4067 et
2575 4015 2973 4070 Theodoretum
3007 4017 3102 4070 lib.
3135 4033 3189 4070 tv
3221 4018 3288 4071 de
3311 4017 3441 4074 Fab.
3477 4013 3674 4070 lla-ret.

2278 4083 2310 4124 ι’
2335 4089 2444 4138 Hoc
2465 4087 2696 4156 explicat
2716 4086 3080 4140 Damascenus
3101 4089 3152 4156 iu
3178 4088 3318 4141 hunc
3335 4088 3549 4141 modum
3572 4087 3710 4156 (Lib.
3740 4101 3807 4142 tt!

2211 4155 2431 4229 Orthod.
2465 4154 2613 4210 Fidei
2640 4171 2752 4228 cap.
2777 4157 2830 4221 7)
2858 4157 3054 4229 :Tgtus
3082 4155 3377 4229 (Christus)
3405 4169 3479 4212 est
3515 4154 3647 4229 Deus
3677 4173 3807 4224 pcr-

2209 4227 2404 4293 fectus;
2455 4229 2546 4279 sed
2583 4226 2890 4281 non‘totttnt
2921 4226 3205 4293 Deus,'sed
3231 4239 3280 4282 et
3320 4227 3490 4282 homo.
3542 4227 3610 4280 Et
3657 4238 3806 4283 totus

2207 4297 2360 4350 homo
2391 4302 2669 4366 perfectus.
2701 4315 2800 4350 non
2831 4307 2995 4352 totum
3043 4310 3210 4351 autem
3254 4298 3442 4365 homo;
3481 4316 3584 4352 non
3623 4301 3804 4353 solum

2205 4370 2340 4420 enim
2369 4368 2541 4431 homo,
2569 4367 2656 4420 sed
2677 4379 2724 4420 et
2749 4369 2908 4426 Deus.
2936 4370 3074 4422 Nam
3101 4381 3281 4434 totum,
3310 4380 3384 4422 est
3410 4381 3608 4423 natura?
3634 4371 3806 4436 signi-

2207 4438 2502 4511 ﬁcatiunm;
2547 4449 2682 4492 totus
2727 4451 2915 4506 autem,
2951 4441 3322 4511 itypostaseos;
3361 4440 3806 4511 quemadmodum

2207 4509 2353 4562 aliud
2385 4519 2584 4580 natura!
2611 4519 2708 4575 est,
2741 4512 2879 4564 alius
2908 4509 3085 4580 autent
3111 4512 3462 4580 Importunas.
3505 4509 3606 4565 Ubi
3645 4524 3805 4564 com-

2206 4591 2456 4648 mentans
2501 4579 2658 4634 Joan.
2712 4583 2954 4635 (luelteus
2999 4601 3010 4633 :
3058 4579 3534 4648 Insupersanctte,
3594 4580 3800 4646 inquit,

527 4649 728 4703 docent
758 4651 810 4702 in
835 4647 1051 4704 Christo
1081 4667 1186 4705 nun
1215 4647 1458 4704 naturain
1489 4665 1518 4703 a
1549 4647 1760 4713 natura,
1786 4665 1959 4718 neque
1987 4666 2103 4717 per-
2130 4660 2184 4720 D
2209 4647 2484 4703 Trinitatis
2505 4653 2748 4720 mysterio
2772 4653 2952 4705 itidem
2974 4662 3020 4704 et
3044 4647 3425 4704 Incarnationis
3446 4650 3796 4716 enuntianda,

529 4728 715 4774 sonam
745 4735 774 4772 a
807 4733 1055 4788 persona,
1095 4723 1187 4774 sed
1224 4732 1466 4775 naturain
1495 4723 1782 4774 humanam
1813 4734 1842 4772 a
1873 4735 2103 4785 persona

529 4790 707 4846 divina
740 4803 1088 4859 assumptum.
1119 4791 1252 4846 Vide
1294 4793 1608 4860 Magistrum
1635 4789 1880 4846 Sentent.
1921 4791 2012 4844 lib.
2045 4805 2106 4845 tu

529 4861 658 4915 dist.
695 4862 750 4925 5.
789 4871 844 4915 et
883 4864 988 4915 Ill).
1041 4863 1258 4916 illidem.
1307 4863 1400 4917 ESt
1442 4873 1618 4915 autem
1651 4861 1755 4914 hoc
1798 4863 2106 4915 assumendi

529 4933 752 4985 verbum
776 4931 897 4986 huic
924 4933 1179 5003 mysterio
1207 4933 1359 4988 valde
1380 4932 1862 5003 accommodatum.
1889 4931 2030 4986 unde
2053 4941 2108 5003 et

530 5015 594 5056 eo
617 5000 993 5070 similibusque
1014 5002 1289 5072 Scriptura
1319 5019 1424 5056 non
1453 5017 1574 5056 raro
1601 5003 1787 5055 utitur.
1823 5000 2015 5055 Paulus
2041 5001 2108 5056 ad

531 5072 788 5144 Hebraeos
817 5089 854 5127 ll
879 5091 891 5124 ε
921 5073 1189 5142 Nusquam
1215 5074 1424 5142 angelos
1445 5072 1804 5144 apprehendit,
1827 5074 1914 5125 sed
1941 5089 2109 5126 semen

533 5142 752 5216 Abraha:
770 5145 1195 5216 inquitenim“
1209 5142 1615 5216 apprehendit,
1643 5145 1870 5216 accepit,
1901 5157 2109 5216 assum-

529 5214 658 5283 psit.
703 5214 783 5268 Ad
825 5211 1056 5284 Philipp.
1092 5230 1127 5269 it
1153 5233 1165 5268 :
1196 5211 1450 5269 Formam
1486 5215 1616 5267 serui
1653 5211 1852 5281 metu,
1899 5215 2112 5283 accepit,

530 5287 827 5338 assumpsit.

604 5301 964 5409 ίωῗιῗὲὶηίω
989 5353 1106 5427 fuit
1133 5356 1354 5427 heresis
1379 5354 1718 5427 Eutychetis,
1743 5354 1956 5410 abbatis
1973 5355 2115 5410 Con-

532 5426 1023 5494 stantiuopolitani,
1037 5427 1150 5494 qui.
1166 5431 1223 5478 ut
1251 5425 1501 5481 Nestorio
1521 5427 1935 5491 contradiceret,
1950 5439 2113 5480 unam

533 5503 740 5550 tantum
770 5497 1004 5550 asseruit
1032 5499 1084 5549 in
1109 5494 1324 5551 Christo
1353 5504 1598 5551 naturam
1627 5509 1693 5552 ex
1724 5496 1931 5551 duabus
1959 5506 2114 5550 natu-

533 5566 608 5620 ris
655 5568 707 5620 in
760 5568 876 5635 ipsa
927 5565 1301 5622 Inest-natione
1353 5568 1637 5622 conﬂatam
1687 5576 1742 5622 et
1795 5565 2107 5635 confusam;

532 5651 689 5720 quem
721 5653 840 5726 cum
867 5639 1126 5721 Dioscoro
1153 5637 1517 5726 Alexandrino
1545 5639 1784 5726 πτηνά-ιβ
1811 5637 2110 5726 (Intuemin-

532 5709 713 5762 uensis
755 5710 1050 5772 damnavit,
1093 5723 1232 5762 anno
1274 5709 1486 5762 Domini
1536 5708 1662 5765 451.
1713 5710 1844 5764 Hinc
1890 5711 1947 5765 S.
2000 5709 2110 5766 Leo

532 5787 698 5834 serui.
740 5781 774 5834 8
813 5780 882 5837 de
908 5780 1084 5836 Ναίν.
1119 5798 1133 5834 :
1167 5779 1295 5836 Post
1321 5781 1570 5848 diversas,
1599 5781 1784 5852 inquit,
1819 5781 2107 5849 iinpietates

2210 4730 2364 4781 totus,
2405 4723 2561 4785 alius,
2609 4733 2655 4775 et
2705 4723 2898 4775 similia
2943 4723 3151 4776 nomina
3197 4722 3248 4774 in
3286 4723 3571 4773 masculino
3615 4737 3805 4790 genere

2209 4790 2523 4860 hyposlasim
2544 4803 2592 4845 et
2621 4809 2891 4858 personam
2919 4793 3212 4861 designant,
3249 4792 3302 4844 in
3332 4800 3516 4845 neutro
3553 4807 3671 4844 vero
3685 4807 3803 4861 Arta-

2207 4859 2378 4934 tttram
2400 4874 2444 4915 et
2472 4867 2582 4934 ejus
2608 4865 2943 4934 proprietates
2967 4859 3251 4934 insinuant.
3291 4861 3569 4934 Propterea
3595 4863 3646 4913 in
3678 4859 3803 4934 'I_‘ri—_

2208 4933 2370 4984 nitate
2399 4929 2688 4986 admittitur
2703 4929 2844 4988 alius
2870 4949 2976 4987 esse
3014 4932 3191 4996 Pater,
3223 4940 3270 4985 et
3300 4929 3434 4986 alius
3463 4931 3650 4984 Filius.
3684 4929 3800 4984 Sed

2211 5004 2485 5074 non_aliud
2525 5003 2703 5069 Pater,
2727 5005 2874 5057 aliud
2906 5001 3098 5067 Filius,
3131 5005 3254 5074 quia
3290 5004 3489 5074 diversa
3515 5014 3586 5074 est
3617 5000 3802 5074 Patris

2211 5082 2258 5127 ct
2288 5072 2413 5126 Filii
2439 5090 2678 5144 persona,
2712 5091 2814 5126 non
2847 5084 3016 5128 tamen
3051 5072 3156 5127 alia
3184 5075 3334 5126 unius
3363 5084 3411 5127 et
3437 5073 3648 5126 alterius
3675 5072 3803 5124 sub-

2215 5146 2424 5197 stantia.
2474 5145 2518 5197 E
2562 5147 2784 5208 diverso,
2825 5145 2879 5198 in
2927 5145 3264 5212 susceptionis
3305 5144 3545 5196 humanae
3592 5153 3802 5196 natura:

2215 5217 2539 5279 commercio,
2572 5216 2714 5268 aliud
2745 5215 2884 5269 Deus
2903 5225 2949 5268 et
2969 5215 3115 5268 aliud
3138 5215 3312 5274 homo.
3336 5229 3438 5267 non
3468 5222 3634 5265 tamen
3658 5211 3800 5265 alius

2217 5284 2358 5339 Deus
2381 5294 2432 5338 et
2457 5285 2592 5340 alius
2623 5287 2794 5350 homo,
2826 5288 2944 5346 quia
2975 5285 3189 5338 diversa
3215 5293 3337 5338 sunt
3365 5282 3462 5336 Dei
3495 5291 3540 5335 et
3571 5281 3801 5336 hominis

2216 5368 2432 5421 naturas,
2465 5373 2566 5410 non
2599 5367 3041 5426 tamenpersonw.
3072 5355 3164 5411 Sic
3190 5363 3322 5409 recte
3350 5354 3630 5426 dixerimus
3652 5352 3802 5422 quod

2216 5426 2450 5497 Christus
2477 5436 2549 5481 est
2590 5437 2729 5480 totus
2761 5424 2901 5478 Deus
2939 5427 3194 5497 perfectus
3231 5435 3278 5497 et
3323 5435 3458 5497 totus
3487 5424 3636 5475 Immo
3676 5436 3798 5497 pcr-

2215 5495 2397 5565 fcctus,
2425 5513 2538 5550 cum
2569 5498 2700 5550 nihil
2736 5498 2902 5549 eidem
2940 5493 3077 5550 desit
3119 5496 3401 5565 diuinitatis
3442 5510 3603 5564 neque
3639 5493 3799 5547 etiam

2217 5564 2586 5632 humanitatis;
2630 5583 2732 5620 non
2773 5577 2941 5619 tamen
2989 5575 3152 5619 totum
3195 5577 3268 5618 est
3314 5564 3483 5629 Deus,
3531 5579 3645 5616 cum
3689 5579 3798 5617 non

2214 5639 2379 5691 solum
2409 5639 2590 5693 habeat
2618 5649 2859 5690 naturam
2888 5639 3136 5705 divinam,
3172 5637 3262 5690 sed
3285 5647 3332 5690 et
3365 5639 3675 5698 humanam;
3705 5651 3797 5702 ηδτ

2211 5725 2311 5778 que
2340 5719 2496 5763 totunt
2525 5719 2598 5762 est
2630 5709 2798 5773 homo,
2832 5725 2946 5763 cum
2987 5714 3140 5766 etiam
3169 5707 3352 5763 habent
3373 5707 3561 5762 divina
3594 5713 3799 5762 natura

2213 5782 2640 5835 communionem.
2671 5779 2762 5838 Sic
2785 5780 2903 5838 ille.
3333 5779 3336 5786 ’
