3970 6344
143 343 216 401 ο
1162 342 1253 398 os
1292 302 2119 401 tNCAttNA‘ttONE’ettntsrt
2159 345 2289 401 LIB.
2330 347 2392 404 tt.
3339 327 3430 421 sa‘

148 464 293 514 totas
320 458 508 513 homst
540 457 658 514 Non
682 458 831 515 enim
851 456 994 516 Deus
1019 458 1178 514 Pater
1206 458 1380 513 homo
1407 457 1578 513 factus
1616 463 1723 525 est,
1750 463 1801 520 Α
1830 473 1996 526 marg.
2028 457 2336 530 dissentit].
2367 458 2444 514 ita
2468 466 2528 516 ut
2547 456 2637 531 qui
2667 466 2859 516 contra
2894 460 2999 518 hoc
3035 464 3239 523 sentire
3269 468 3412 543 nita-

146 560 241 608 nee
272 551 503 621 Spiritus
529 554 746 609 sanctus
767 596 783 621 ,
806 553 903 608 sed
926 549 1245 622 Uaigenitua
1273 550 1477 616 Patris;
1504 544 1729 619 ideoque

144 658 244 702 tuta
274 656 511 717 persona
541 646 853 717 accipienda
878 655 966 702 est
1003 646 1185 702 carnis
1212 654 1263 700 et
1295 643 1480 709 Verbi,
1510 642 1572 699 ut
1600 643 1729 699 iide-

140 740 263 796 iiter
287 741 410 795 sine
436 740 617 808 aliqua
647 736 989 796 dubitatione
1030 741 1317 796 credamus
1359 750 1524 793 unum
1571 744 1727 793 emut-

140 834 367 903 dcmque
396 833 498 889 Dei
527 832 744 897 Filium,
775 833 1189 903 inseparabilem
1215 840 1478 903 semper“
1496 830 1729 902 gemina

139 926 483 995 substantiae,
530 927 691 982 etiam
742 926 1014 999 gigantem
1061 926 1396 981 nominatum
1438 925 1491 979 in
1536 924 1727 980 diebus

139 1015 314 1074 carnis
357 1036 473 1074 sum
522 1010 749 1089 (Psafm.
804 1022 981 1089 XVIII),
1024 1029 1078 1075 et
1126 1035 1254 1076 vere
1298 1032 1517 1089 semper
1543 1017 1725 1073 omnia

135 1112 371 1183 gessisse
399 1116 524 1182 qua!
562 1110 693 1167 sithi
732 1112 987 1176 hominis,
1018 1106 1077 1168 et
1114 1124 1239 1167 vere
1280 1118 1500 1180 semper
1537 1116 1726 1181 posse»

136 1203 276 1283 disse
308 1206 435 1275 qua!
462 1196 553 1261 Dei
583 1210 729 1259 Sunt.
757 1205 1025 1273 Quoniam
1058 1214 1111 1260 et
1146 1204 1226 1259 sic
1262 1202 1537 1275 cruciﬁxus
1567 1206 1725 1259 estea:

137 1290 459 1367 inﬁrmitate,
481 1297 573 1353 sed
602 1300 723 1354 vivit
754 1315 809 1353 ea
844 1300 1028 1353 virtute
1056 1298 1155 1353 Dei
1185 1296 1252 1369 (li
1283 1295 1405 1353 Cor.
1435 1295 1575 1368 aut).

745 1432 971 1495 CAPUT
1004 1437 1071 1492 Vl

161 1543 389 1603 Cenem
435 1544 809 1604 catholicorum
841 1546 1080 1604 doctrina
1121 1546 1195 1604 uti
1234 1549 1527 1605 orthodoxa
1556 1540 1685 1619 ﬁdes

684 1620 1044 1691 antpfectenda
1072 1624 1169 1677 est.

196 1753 346 1809 [lane
374 1764 512 1825 ergo
542 1753 573 1793 δ
609 1754 728 1825 eius
756 1755 1181 1824 confessionem,
1205 1756 1258 1811 id
1286 1763 1387 1823 est,
1419 1753 1719 1813 catholico-

1833 558 1941 615 tur,
1966 550 2123 621 huius
2150 551 2325 620 prima
2358 556 2537 611 statim
2561 555 2738 612 fronte
2766 566 2871 610 non
2906 564 3015 611 tam
3048 558 3119 613 sit
3148 552 3414 623 audienda

1830 643 2082 713 aSSertio,
2109 652 2266 716 quam
2298 646 2601 704 damnanda
2644 646 3008 720 perversitas:
3053 651 3182 722 quia
3213 658 3417 727 pra-ju-J

1828 739 2030 795 dicittm
2080 750 2263 795 secum
2312 741 2671 799 damnationis
2718 742 2995 813 exhibuit,
3028 748 3118 817 qui
3150 745 3451 819 illdic'lllm~

1828 832 2200 889 universitatis
2250 833 2562 903 impugnat;
2613 842 2668 889 et
2721 836 3010 893 audientiae
3068 839 3246 895 locum
3307 859 3415 899 non

1830 925 2013 997 habet,
2037 926 2192 998 quia
2238 928 2449 983 cunctis
2503 936 2700 982 statuta
2751 930 3028 987 convellit.
3081 932 3415 989 Confirmata

1828 1021 1971 1076 enim
2003 1021 2169 1076 semel
2195 1020 2264 1075 ab
2284 1021 2538 1075 omnibus
2568 1022 2816 1081 veritate.
2848 1023 3105 1093 quidquid
3133 1040 3322 1080 contra
3360 1025 3414 1081 id

1826 1114 1996 1179 venit,
2032 1113 2135 1167 hoc
2164 1112 2283 1184 ipso
2307 1112 2488 1167 statim
2530 1110 2735 1167 falsitas
2763 1127 2885 1168 esse
2918 1116 3247 1171 noscendum
3282 1122 3365 1171 est
3391 1157 3409 1184 ,

1826 1202 1971 1274 quod
2016 1219 2045 1257 a
2095 1204 2326 1259 veritate
2369 1202 2640 1258 dissentit.
2673 1202 2752 1259 Ac
2785 1218 2882 1273 per
2912 1203 3016 1260 hoc
3057 1207 3306 1262 sufficere
3357 1207 3410 1263 ei

1825 1298 1987 1353 etiam
2022 1296 2071 1349 iti
2094 1296 2267 1351 solum
2292 1297 2547 1351 convenit
2572 1296 2639 1350 ad
2673 1297 2992 1351 sententiam
3019 1296 3406 1370 damnationis,

1825 1390 1967 1461 quod
1994 1390 2548 1461 discrepatajudicio
2577 1391 2837 1446 veritatis.
2890 1391 2999 1448 Sed
3052 1402 3231 1448 tamen
3283 1394 3410 1465 quia

1825 1479 2021 1536 rationi
2053 1498 2157 1537 non
2186 1483 2340 1538 obest
2368 1497 2546 1537 sermo
2580 1480 2829 1551 rationis,
2876 1491 2931 1539 et
2958 1496 3176 1555 semper
3204 1486 3408 1542 veritas

1825 1578 2082 1632 ventilata
2115 1577 2231 1645 plus
2273 1578 2481 1644 rutilat,
2508 1576 2810 1645 meliusque
2832 1586 2918 1632 est
2943 1585 3191 1633 errantes
3220 1577 3409 1645 dispu-s

1827 1671 2044 1724 talionis
2066 1670 2343 1725 curatione
2372 1671 2594 1741 corrigi,
2626 1682 2787 1742 quam
2835 1680 3085 1727 eensurte
3125 1675 3413 1730 severitate

1825 1762 2103 1823 damnari;
2135 1764 2374 1818 curanda
2407 1772 2511 1830 est,
2543 1772 2805 1835 quantum
2848 1762 2904 1819 in
2960 1764 3118 1821 nobis
3163 1775 3269 1832 est,
3318 1780 3412 1836 per

132 1860 236 1901 rum
260 1846 510 1902 omnium
537 1844 718 1912 fidem,
742 1859 1003 1904 etomnes
1027 1848 1266 1905 Africani
1288 1850 1551 1919 episcopi.
1576 1850 1721 1906 unde
1752 1852 1797 1912 Β
1826 1854 2060 1909 divinam
2092 1871 2249 1926 opem
2276 1857 2326 1911 in
2360 1856 2517 1912 novis
2545 1858 2818 1914 ittereIicis
2843 1867 2999 1915 vetus
3028 1858 3278 1924 heresis,
3330 1867 3410 1926 ιη.

132 1937 420 2003 scribebat.
454 1951 510 1994 et
538 1954 731 1995 omnes
785 1940 1074 2011 Gallicani,
1130 1941 1197 1995 ad
1238 1956 1376 2009 quos
1420 1941 1718 2011 scribebat,

131 2032 641 2101 comprobaverunt.
676 2032 867 2104 Neque
898 2032 1035 2089 ullus
1064 2034 1241 2088 adhuc
1261 2035 1483 2089 omnino
1514 2032 1722 2089 exstitit

130 2126 204 2181 eui
236 2124 373 2182 ﬁdes
410 2126 534 2183 haec
562 2126 679 2184 sine
710 2122 1052 2184 infidelitatis
1090 2129 1319 2184 crimine
1365 2126 1715 2198 displiceret,

132 2216 241 2289 quia
266 2217 536 2285 professio
560 2214 854 2289 impietatis
878 2232 983 2286 est,
1015 2222 1298 2291 probatam
1328 2237 1526 2292 negare
1549 2226 1719 2291 pieta-

131 2316 248 2365 tem.
282 2309 554 2366 Sufficere
581 2326 712 2381 ergo
740 2313 890 2367 solus
916 2327 1058 2369 nunc
1089 2313 1157 2368 ad
1188 2314 1572 2368 confutandam
1603 2314 1715 2368 hrc-

130 2402 280 2458 resitn
309 2402 543 2459 deberet
590 2408 1174 2471 eottseususttmninm,
1224 2408 1348 2477 quia
1400 2404 1718 2462 indubitatus

131 2496 371 2553 veritatis
397 2496 770 2553 manifestatio
799 2508 881 2554 est
910 2501 1204 2555 auctoritas
1233 2501 1633 2566 universorum,
1664 2510 1720 2556 et

129 2590 361 2659 perfecta
391 2589 532 2647 ratio
559 2590 701 2646 facta
750 2599 834 2648 est
874 2591 964 2646 ubi
995 2605 1154 2648 nemo
1178 2592 1430 2648 dissensit
1463 2590 1638 2667 [Lips.
1666 2593 1722 2647 in

1828 1960 2042 2019 recepta
2076 1964 2175 2019 per
2221 1963 2429 2005 sacram
2461 1951 2889 2006 misericordiam
2913 1951 3172 2017 sanitate,
3201 1951 3409 2007 medela

1828 2041 2008 2110 potius
2034 2056 2221 2096 eorum
2261 2042 2353 2096 det
2405 2051 2607 2097 sancta:
2654 2042 2778 2098 fidei
2827 2042 3198 2099 testimonium
3252 2058 3411 2114 quam

1825 2132 2282 2203 damnatiojusta:
2313 2134 2615 2189 severitatis
2636 2134 2972 2202 exemplum.
3018 2135 3175 2189 Adsit
3200 2143 3412 2189 tantum

1822 2225 2167 2295 disputationi
2192 2241 2254 2280 ac
2285 2227 2521 2280 sermoni
2549 2226 2617 2281 de
2646 2240 2706 2281 se
2733 2226 2917 2281 habito
2945 2226 3058 2293 ipsa
3092 2226 3327 2289 Veritas,
3356 2226 3412 2282 ei

1822 2317 2024 2389 pietate
2051 2320 2139 2372 illa
2173 2334 2274 2388 qna
2300 2317 2441 2373 Deus
2474 2319 2537 2372 ad
2569 2319 2816 2374 homines
2839 2316 3024 2375 venire
3048 2319 3299 2391 dignatus
3330 2326 3411 2377 est

1825 2409 2075 2465 humanis
2104 2410 2382 2465 erroribus
2435 2411 2758 2479 Opituietur,
2807 2412 2898 2481 qui
2948 2411 3016 2466 ad
3068 2410 3169 2467 hoc
3212 2426 3272 2468 se
3324 2410 3411 2468 VBi

1827 2502 2061 2557 maxime
2114 2502 2166 2556 in
2217 2501 2380 2557 terris
2433 2511 2597 2572 atque
2623 2502 2677 2557 in
2707 2502 2924 2558 homine
2953 2504 3104 2559 nasci
3128 2502 3319 2570 voluit,
3353 2508 3411 2558 ut

1826 2584 2049 2648 falsitati
2076 2592 2307 2663 amplius
2340 2593 2490 2648 locus
2516 2604 2641 2650 esse
2670 2609 2777 2649 non
2813 2601 3017 2666 posset.

1197 2706 1455 2763 ALARDI
1496 2704 1728 2763 (ΞΑΖᾹΞΙ
1765 2704 2336 2761 COMMENTARIUS.

192 2822 218 2857 "
254 2819 334 2875 ita
361 2820 512 2876 canit
540 2816 788 2875 Ecclesia
819 2819 871 2874 in
902 2819 1105 2891 hymno
1128 2817 1196 2875 de
1223 2816 1513 2874 Nativitate

379 2920 605 2996 Gemina:
630 2934 775 2996 gigas
796 2932 1106 2991 substantia.

369 2990 562 3045 Macris
584 2990 824 3044 ut'currat
844 2998 965 3044 viam
989 3009 1005 3057 ;

128 3098 368 3157 illudens
399 3098 469 3151 ad
492 3097 632 3171 illud
662 3098 860 3169 psalmi
887 3110 1014 3153 xvttt
1042 3097 1375 3154 :Essuftavit
1402 3106 1458 3152 ut
1476 3099 1621 3171 gigas
1647 3097 1717 3151 ad

130 3172 427 3223 mendam
450 3170 611 3223 vtam.

191 3240 217 3279 ι
252 3232 413 3306 Ejus.
446 3241 660 3309 supple,
723 3239 939 3305 bepoi‘ii
965 3282 980 3305 ,

130 3312 308 3379 sapitis
348 3312 717 3381 prmcetientis
765 3322 1082 3379 prosecuuts
1132 3324 1233 3366 est.
1292 3314 1479 3366 Mirum
1536 3322 1715 3365 autem

1025 3254 1184 3313 quam
1235 3242 1303 3296 ad
1356 3238 1515 3295 finem
1547 3250 1719 3310 usque
1756 3304 1761 3309 ,

1822 2814 1963 2878 4:20)
1985 2856 2000 2878 ,
2030 2824 2315 2885 antequam
2348 2831 2376 2870 a
2405 2816 2654 2870 Nestorio
2703 2828 2797 2870 sua
2842 2816 3066 2872 haeresis
3105 2816 3410 2885 promulga-

1824 2897 1996 2951 retur,
2024 2888 2252 2941 inveniri
2275 2902 2392 2941 eam
2416 2903 2443 2940 a
2477 2888 2722 2957 Leporio,
2746 2900 2843 2941 Suo
2866 2889 3034 2956 ipsius
3059 2888 3241 2941 libello
3260 2889 3409 2957 peui<

1826 2967 1910 3011 tus
1938 2959 2293 3021 confutatam,
2325 2968 2693 3025 assertatnque
2716 2973 2775 3010 ea
2800 2958 2867 3011 de
2896 2972 2953 3012 re
2982 2961 3195 3013 sincere
3218 2957 3408 3013 catho-

1826 3029 1984 3083 licam
2018 3029 2199 3095 fidem,
2233 3044 2335 3097 qua
2389 3028 2635 3083 Christus
2667 3029 2925 3081 Dominus
2946 3029 3000 3082 in
3028 3044 3133 3083 una
3178 3032 3409 3097 persona

1824 3114 1986 3154 verus
2017 3099 2156 3154 Deus
2186 3092 2460 3165 et'lmtno,
2490 3111 2538 3153 et
2573 3100 2911 3154 sanctissima
2943 3100 3095 3167 vitgo
3122 3092 3283 3153 Maria
3317 3092 3409 3158 Dei

1828 3170 2060 3238 genitrix
2083 3180 2136 3224 et
2160 3171 2388 3236 Deipara
2417 3170 2536 3238 jure
2559 3169 2839 3223 astruitnr.
2875 3168 2940 3224 Et
2966 3184 3161 3238 magno
3192 3172 3410 3238 quidem

1823 3242 2089 3295 miraculo
2123 3242 2322 3295 factum
2346 3252 2428 3295 est
2458 3250 2516 3295 ut
2545 3243 2658 3307 ipse
2681 3252 2833 3295 :tntea
2866 3240 3247 3304 ltmresiarrlta,
3274 3242 3410 3295 adeo

1824 3314 2034 3367 sincera
2069 3313 2310 3382 adeoque
2342 3328 2465 3367 vera
2494 3311 2834 3366 confessione
2862 3311 3142 3366 damnaret
3169 3326 3286 3381 quae
3316 3328 3409 3381 pu-

131 3376 276 3449 μω
323 3376 433 3449 est,
480 3383 627 3452 quod
677 3388 734 3437 et
766 3376 1050 3437 'Bar‘unius
1080 3383 1388 3439 observavit
1414 3380 1549 3455 (Sub
1578 3398 1714 3436 anno
1746 3376 1791 3437 C
1823 3386 1976 3452 gnaci
2005 3376 2371 3452 ἀίδιιυιυίῆοιιο
2399 3394 2524 3439 ante
2547 3382 2838 3439 defendere
2872 3376 3267 3439 coitsuevisset.

406 3522 407 3525 η
798 3512 825 3545 ι,
1264 3520 1331 3529 _
2626 3520 2627 3523 η
3122 3524 3125 3525 ν
3290 3518 3293 3523 λ

1057 3618 1529 3729 LIBER
1590 3612 2467 3725 SECUNDUS.

1638 3806 1727 3833 ,νη

639 3920 870 3978 CAPUT
910 3918 1201 3977 PRiMUM.

1823 3930 2001 3973 tamen
2053 3931 2120 3971 ne
2164 3915 2479 3986 praeiudicio
2532 3915 2703 3985 magis
2753 3913 3038 3969 adversum
3094 3926 3192 3969 eos
3243 3924 3404 3982 quam

133 4010 481 4067 Faleriorum
519 4012 877 4067 haereticorum
924 4020 1124 4067 errores
1144 4013 1198 4065 in
1223 4011 1517 4065 auctoribus
1564 4016 1713 4082 atque
1819 4012 2022 4082 judicio
2062 4011 2134 4065 uti
2163 4010 2308 4064 velle
2329 4008 2727 4075 existimemur,
2758 4008 2928 4076 ipsam
2985 4016 3172 4060 eorum
3210 4006 3261 4058 in
3301 4019 3407 4059 me

238 4086 602 4140 inventoribus
630 4086 739 4139 suis
766 4084 1038 4139 (fotunatus
1066 4092 1112 4139 et
1140 4088 1430 4155 Confutatos
1459 4100 1586 4137 esse.

190 4198 461 4265 Quoniam
524 4199 714 4256 libello
764 4199 939 4270 primo
996 4200 1247 4269 quaedam
1306 4198 1709 4269 prmmisimus,

127 4291 322 4359 quibus
360 4299 617 4346 ‘novum
674 4292 987 4347 haereticum
1043 4300 1109 4348 ex
1157 4292 1390 4362 antiquis
1442 4290 1714 4345 haereseos

126 4378 383 4453 stirpibus
410 4384 685 4454 pullulare
716 4385 1167 4455 approbarcmus,
1207 4384 1461 4441 sufficere
1498 4383 1714 4454 quidem

126 4475 172 4531 ei
222 4474 292 4530 ad
322 4476 709 4542 excipiendam
760 4477 921 4545 iustae
972 4476 1338 4531 damnationis
1394 4476 1715 4530 sententiam

128 4564 285 4622 debet
314 4569 560 4634 priorum
610 4567 988 4623 haereticorum
1038 4565 1183 4637 justa
1225 4566 1523 4619 damnatio.
1581 4566 1715 4633 Quia

129 4672 247 4715 eum
276 4662 499 4717 easdem
525 4662 739 4717 radices
767 4660 983 4730 habeat,
1014 4670 1175 4729 atque
1204 4660 1398 4715 iisdem
1446 4660 1719 4714 erroribus

130 4750 311 4825 (Lips.
340 4758 399 4809 in
424 4772 595 4828 marg.
635 4750 957 4825 scrobibus]
1007 4762 1266 4823 emergat,
1319 4752 1453 4808 satis
1500 4751 1615 4821 jam
1665 4754 1718 4806 in

130 4847 447 4902 auctoribus
475 4847 592 4901 suis
621 4847 738 4917 ipse
762 4847 1051 4902 damnatus
1077 4856 1191 4911 est;
1235 4846 1469 4900 maxime
1490 4860 1612 4900 cum
1642 4844 1721 4899 iti-

130 4936 301 5005 ipsum
334 4937 480 5005 quod
507 4936 612 5004 ipsi
637 4945 904 5002 asserunt,
936 4936 1097 4992 etiam
1123 4934 1177 4991 lti
1204 4936 1292 5007 qui
1325 4936 1569 5005 proxime
1600 4944 1723 4991 ante

129 5026 223 5085 bos
252 5027 399 5084 male
423 5030 597 5085 secuti
626 5036 754 5085 sunt
798 5027 937 5084 bene
986 5028 1429 5095 condeinnarint,
1464 5040 1520 5082 ttt
1568 5027 1722 5082 suffi-

129 5133 249 5175 cere
276 5120 368 5174 his
395 5119 615 5176 abunde
655 5120 765 5189 jam
802 5121 853 5175 in
880 5122 1202 5176 alterutrum
1230 5135 1452 5176 suorum
1478 5121 1725 5189 exempla

127 5209 394 5276 debeant,
420 5213 511 5266 vel
540 5211 733 5266 borum
754 5211 963 5267 scilicet
982 5212 1073 5282 qui
1100 5211 1394 5276 emendati,
1426 5198 1513 5265 Vel
1533 5216 1723 5265 eurum

129 5302 215 5371 qui
231 5302 595 5358 condemnati
615 5311 759 5358 sttnt.
788 5290 842 5359 Si
868 5303 1011 5358 enim
1043 5302 1246 5371 corrigi
1271 5308 1499 5374 queunt,
1525 5301 1726 5356 habent

130 5392 181 5449 is
206 5410 441 5451 suorum
472 5397 910 5453 correctionibus
955 5396 1257 5462 medelam;
1305 5397 1352 5451 si
1386 5396 1583 5464 corrigi
1615 5408 1721 5449 non

129 5496 364 5555 pectit,
394 5488 606 5545 habent
632 5490 685 5544 in
717 5497 943 5545 suorum
970 5489 1317 5545 damnatione
1359 5490 1719 5544 sententiam:

1822 4103 1967 4159 dium
2000 4102 2307 4172 pestiferam
2348 4101 2794 4171 propositionem,
2824 4098 2907 4153 vel
2944 4097 3120 4164 potius
3154 4097 3407 4166 blasphe-

1824 4205 2061 4253 mantem
2085 4198 2375 4252 amentiam
2398 4197 2737 4266 proferamus
2763 4212 2776 4248 :
2806 4194 3076 4250 Sumenfes
3098 4194 3151 4245 in
3176 4190 3412 4245 omnibus

1822 4301 2021 4343 scutum
2043 4290 2185 4359 ﬁdei,
2217 4297 2264 4343 et
2283 4288 2513 4360 gladium
2542 4289 2771 4353 spiritus,
2806 4286 2945 4356 quod
2976 4294 3047 4338 est
3073 4283 3279 4337 verbum
3315 4281 3411 4335 Dei

1827 4380 2047 4454 (Ephes.
2095 4385 2213 4447 v1),
2260 4381 2466 4435 setlicet
2504 4388 2559 4431 ut
2608 4392 2902 4445 resurgens
2931 4375 3127 4430 vetusti
3160 4374 3411 4428 draconis

1824 4484 1987 4544 caput
2042 4474 2181 4528 idem
2228 4473 2397 4526 divini
2432 4471 2701 4525 sermonis
2731 4468 2940 4538 gladius
2969 4468 3129 4522 etiam
3180 4479 3324 4519 nunc
3356 4466 3409 4519 in

1826 4568 1985 4623 novis
2014 4568 2273 4636 anguibus
2296 4566 2533 4627 deseeet,
2558 4565 2645 4631 qui
2669 4566 2821 4632 prius
2845 4563 2895 4613 in
2927 4560 3161 4627 antiquis
3184 4572 3412 4626 serpen-

1826 4660 1969 4717 tibus
2021 4658 2339 4727 amputavit.
2395 4656 2530 4711 Nam
2577 4670 2697 4711 cum
2746 4654 2886 4709 idem
2920 4653 3109 4706 ltortttn
3160 4666 3315 4705 error
3343 4649 3412 4703 sit

1825 4754 1914 4825 qui
1946 4752 2160 4807 illorum
2187 4750 2303 4817 fuit,
2336 4765 2434 4820 pro
2456 4748 2769 4803 ticsectiottc
2794 4746 3017 4800 istorum
3045 4742 3228 4798 haberi
3249 4741 3412 4796 debet

1825 4846 2065 4901 desectio
2098 4845 2349 4898 illorum:
2380 4854 2435 4896 ct
2475 4842 2597 4911 quia
2632 4849 2974 4893 renascuntes
3001 4837 3205 4891 colubri
3244 4833 3410 4904 pesti-

1826 4938 1971 4993 feros
2001 4937 2053 4991 in
2096 4936 2334 4991 Ecclesia
2380 4934 2590 4988 Domini
2635 4932 2789 4985 flatus
2838 4940 3002 4999 agunt
3041 4937 3095 4982 et
3135 4927 3412 4981 tabescere

1827 5028 2085 5100 quosdam
2118 5026 2290 5081 sibilis
2319 5029 2430 5079 suis
2463 5026 2686 5086 faciunt,
2736 5021 3009 5091 iungenda
3062 5026 3144 5073 est
3191 5026 3411 5087 propter

1827 5136 1992 5177 novas
2022 5119 2368 5174 infirmitates
2396 5116 2632 5185 antiquis
2661 5111 3032 5167 curationibus
3074 5125 3265 5163 recens
3300 5122 3412 5162 tne-

1827 5212 1966 5277 dela,
1993 5221 2050 5266 ut
2067 5209 2227 5264 etiam
2251 5209 2294 5263 si
2324 5205 2451 5261 illttd
2472 5205 2614 5276 quod
2646 5207 2795 5273 prius
2813 5210 2987 5257 actum
3020 5211 3102 5255 est
3130 5214 3235 5253 non
3267 5199 3411 5251 valet

1826 5303 1893 5362 ad
1925 5301 2201 5374 languoris
2233 5301 2637 5355 damnatiOnem
2670 5293 2847 5369 [Lips.
2882 5293 2937 5346 in
2964 5309 3128 5361 marg.
3180 5288 3411 5344 curatio-

1827 5396 2025 5467 nem],
2056 5396 2159 5483 huc
2185 5403 2366 5449 tamen
2408 5389 2549 5462 quod
2580 5405 2722 5444 nunc
2756 5389 2964 5457 agimus
2990 5386 3167 5440 valeat
3200 5382 3266 5436 ad
3298 5381 3408 5434 lane

1825 5488 2102 5561 gucntium
2142 5487 2445 5541 sanitatem.

1212 5648 1466 5707 ALARDI
1505 5642 1739 5707 GAZASI
1777 5646 2338 5706 COMMENTARIUS.

196 5778 219 5803 "
262 5768 498 5825 Stilices
527 5766 865 5839 Nestorium,
888 5768 1063 5839 ipsius
1088 5765 1331 5823 Cassiani
1362 5774 1608 5837 tempore
1635 5772 1878 5821 exortum
1907 5774 1961 5820 et
1989 5764 2355 5838 synebronurn
2374 5803 2387 5827 ,
2420 5768 2580 5830 qnem
2622 5756 2782 5810 etiam
2813 5752 2869 5809 tn
2909 5748 3228 5820 praefatione
3255 5758 3406 5806 vocat

128 5835 750 5895 meum.
