3970 6344
547 329 610 389 Si

1163 447 1393 508 CAPUT
1447 444 1514 501 ll.

555 527 821 618 Virginem
866 545 1158 618 Deiparant
1188 559 1290 618 non
1321 553 1537 618 tantum_
1557 540 1926 618 Xpterorénov.’
1955 556 2129 595 verum

623 611 773 672 etiam
783 611 1085 684 Stasinus,“
1099 615 1358 670 Christum
1370 630 1482 668 uere
1496 611 1661 666 Deum
1673 629 1780 668 esse
1790 615 2128 667 demonstrat.

627 732 769 789 Dicis
800 733 999 804 itaque,
1033 728 1274 803 quisquis
1311 743 1372 784 es
1413 727 1504 784 ille
1534 727 1808 793 beretice,
1840 727 1932 798 qui
1960 726 2128 782 Deum

1865 322 2144 384 JOANNIS
2177 324 2492 386 CASSIANI

2155 451 2304 514 Aes
2355 445 2575 516 Virgine
2621 453 2809 503 natum
2855 459 3044 518 negas,
3073 445 3297 504 Mariam
3347 455 3575 506 matrem
3605 448 3827 510 Domini

2237 539 2406 596 nostri
2433 539 2557 596 lesu
2579 541 2776 596 Christi
2810 550 2834 579 ⁸
2863 542 3137 607 θιοτὸκον,
3182 541 3235 596 id
3281 551 3388 607 est,
3444 550 3670 599 matrem
3703 543 3828 610 Dei,

2236 633 2501 701 appellari
2527 650 2633 690 non
2659 649 2839 704 posse,
2866 633 2961 690 sed
2983 634 3345 711 Χριστοτόκον,
3371 635 3474 690 hoc
3493 644 3599 701 est,
3619 637 3830 694 Christi

2239 732 2450 780 tantum
2505 736 2772 792 matrem,
2832 741 2938 780 non
2986 725 3124 782 Dei'
3167 739 3328 781 nemo
3379 725 3545 795 enim,
3601 726 3827 798 inquis,

1617 860 1878 918 ALARDI
1914 859 2152 918 CAZIEI
2186 860 2754 918 COMMENTARIUS.

639 992 648 1002 ς
686 957 784 1025 Qui
810 956 1026 1011 Mariam
1053 955 1420 1011 beatissimam
1447 953 1716 1024 virginem
1742 967 1876 1025 vere
1903 960 1958 1006 et
1992 967 2124 1021 pro-

2230 952 2455 1028 i_mbutu_s
2480 953 2743 1028 opinione,
2769 951 3111 1028 Iudaicarum
3143 957 3440 1028 dogmatum
3466 973 3583 1020 aute
3628 958 3834 1016 tenebat

547 1028 664 1098 prie
708 1022 972 1084 ὸωτόκον.
1007 1027 1058 1082 id
1088 1037 1192 1099 est,
1241 1022 1562 1099 Deiparatn;
1608 1040 1706 1099 seu
1741 1023 1876 1099 Dei:
1899 1034 2123 1078 matrem
2232 1022 2812 1099 [Venerius—acerrimus
2830 1025 3046 1099 fautor,
3073 1037 3123 1080 et
3149 1022 3291 1080 ei'ad
3307 1029 3674 1099 episcopatum
3710 1048 3834 1099 pro-

549 1093 862 1165 iteg-tverint
911 1098 1194 1164 lneretici,
1254 1097 1306 1149 in
1344 1093 1554 1164 duplici
1603 1093 1906 1150 dill‘ereutia
1965 1110 2124 1163 repe-

547 1170 781 1221 riuntur.
846 1168 976 1222 Nam
1038 1168 1449 1232 Valentiniani,
1503 1168 1594 1233 qtti
1651 1181 1848 1232 corpus
1902 1166 2126 1220 cmleste

547 1237 762 1293 Christo
793 1241 1124 1302 tribuebant,
1156 1248 1211 1294 et
1239 1253 1360 1292 eum
1389 1240 1457 1291 de
1483 1239 1624 1292 caelo
1655 1238 1859 1304 lapsum
1894 1251 1990 1301 per
2015 1236 2126 1290 Ma-

546 1309 682 1364 l‘iun
729 1312 879 1379 quasi
942 1326 1038 1379 per
1074 1311 1321 1365 canalem
1370 1311 1592 1363 ﬂuxisse
1641 1307 1992 1379 asserebant,
2025 1321 2125 1361 nec

547 1394 654 1434 non
686 1377 962 1434 llaaichazi
985 1422 1002 1443 ,
1054 1382 1143 1449 qui
1171 1394 1368 1449 corpus
1399 1380 1796 1448 phantasticum
1827 1377 1876 1432 ei
1906 1378 2128 1446 alnnge-

549 1453 678 1503 baot
709 1491 722 1514 ,
773 1461 822 1503 et
856 1451 899 1503 si
927 1452 1015 1519 qui
1044 1453 1134 1506 alii
1159 1452 1354 1505 similia
1401 1451 1718 1509 commenti.
1750 1465 1871 1502 cum
1904 1463 2001 1519 per
2031 1451 2131 1504 hoc

549 1532 854 1576 assererem
881 1518 1156 1576 Christum
1185 1521 1312 1576 nihil
1339 1521 1406 1575 de
1430 1521 1596 1575 Μηδία
1623 1530 1850 1574 ιτειχιεςθ
1879 1518 2130 1574 subsmn-

550 1593 662 1656 tite,
695 1605 1092 1658 consequenter
1113 1610 1231 1647 eam
1257 1590 1455 1647 Christi
1481 1604 1711 1646 matrem
1735 1591 2126 1660 pi-rnegabanl.

549 1662 655 1717 Alii
689 1676 818 1716 vero
847 1662 1046 1717 Christi
1081 1674 1305 1718 matrem
1331 1678 1449 1717 eam
1480 1661 1715 1716 conle~si
1741 1662 1978 1729 quidem,
2032 1661 2128 1715 svd

550 1731 646 1785 Dei
683 1742 934 1797 matrem,
979 1750 1040 1789 ac
1070 1736 1346 1797 Θεοτόκον.
1399 1735 1450 1788 id
1501 1744 1604 1792 est.
1637 1732 1921 1799 Deiparam
1968 1747 2129 1799 nega-

550 1812 696 1866 runt,
723 1815 780 1856 nt
807 1803 1064 1858 Phozinns
1091 1819 1141 1857 ιιι
1181 1805 1484 1863 Minorius.
1511 1803 1725 1856 tametsi
1748 1818 1812 1857 ex
1835 1803 1940 1854 alio
1969 1813 2128 1867 atque

549 1873 657 1927 alio
689 1873 1057 1930 fundamento.
1095 1875 1354 1931 Photinus
1382 1875 1646 1938 siquidem
1672 1883 1794 1943 post
1825 1872 2124 1938 Chionitas,

549 1944 618 1996 de
644 1960 878 2012 quorum
905 1962 1096 2001 errore
1117 1948 1368 2012 SUpCtlﬂS
1395 1947 1593 2000 dictum
1621 1955 1724 2006 est,
1758 1943 1877 1998 ideo
1908 1943 2127 1999 Mariam

550 2012 646 2070 Dei
677 2028 902 2071 matrem
926 2019 1164 2087 negavit,
1197 2021 1317 2087 quia
1346 2015 1623 2087 Christum
1646 2030 1752 2069 non
1789 2016 1980 2083 Deum,
2031 2015 2128 2087 sed

552 2099 743 2153 purum
786 2085 1054 2142 hominem
1086 2085 1514 2153 esse‘r-redehlt,
1542 2085 1626 2153 qui
1661 2095 1835 2139 tamen
1869 2088 1981 2140 suis
2027 2085 2130 2139 vir-

552 2156 756 2228 tutibus
781 2171 848 2212 eo
878 2159 1196 2228 profecisset
1224 2159 1473 2221 tandem,
1510 2156 1762 2228 utrFii'ius
1793 2157 1882 2210 Dei
1932 2171 2127 2228 cogno-

555 2226 890 2284 tltimtretur.‘
923 2229 1203 2284 Nt.'Sl0l'llIS
1243 2245 1378 2283 vero
1403 2244 1520 2282 eam
1573 2227 1664 2280 Dei
1711 2235 1938 2280 matrem
1969 2226 2126 2281 lateri

552 2297 723 2370 noluit
749 2340 764 2360 ,
795 2300 918 2366 quia
950 2315 1208 2370 personas
1256 2300 1527 2370 dividebat
1558 2300 1609 2351 in
1641 2297 1857 2370 Christo
1883 2337 1898 2361 ,
1945 2297 2132 2370 dicens

552 2367 717 2439 alium
749 2383 876 2423 esse
904 2367 992 2439 qui
1022 2372 1090 2425 ab
1135 2383 1342 2425 :etcrno
1371 2368 1583 2439 genitus
1617 2368 1685 2420 sit
1712 2383 1780 2421 ex
1813 2369 1918 2421 Deo
1939 2367 2130 2439 Patre,

555 2438 624 2488 ah
656 2439 752 2491 illo
776 2437 987 2493 homine.
1017 2444 1106 2508 qtti
1141 2443 1192 2494 in
1215 2437 1458 2508 tempore
1481 2449 1636 2493 natus
1662 2447 1808 2492 esset
1829 2453 1892 2492 ex
1917 2437 2132 2506 Virgine

555 2519 750 2574 matre,
775 2510 912 2563 duos
935 2513 1186 2565 videlicet
1211 2512 1373 2575 lilios,
1398 2510 1627 2566 alterum
1659 2508 1750 2562 Dei
1780 2508 1974 2568 Patris.
1999 2510 2134 2563 alte-

554 2592 674 2649 rum
729 2580 960 2649 Virginis
1014 2591 1236 2648 matris;
1287 2583 1435 2634 illum
1473 2581 1637 2635 Deunt
1669 2594 1733 2632 ac
1772 2578 1865 2633 Dei
1912 2578 1970 2633 Fi
1998 2580 2127 2645 ium,

555 2647 699 2701 ltune
730 2647 1002 2705 hominem
1030 2664 1077 2704 et
1119 2651 1353 2706 hominis
1405 2651 1568 2704 lilimn
1598 2650 1950 2704 constituens.
1995 2650 2135 2704 Sunt

555 2729 733 2773 autem
761 2725 874 2776 haec
900 2724 1009 2776 dno
1034 2723 1208 2788 capita
1241 2723 1500 2776 doctrinm
1527 2720 1858 2774 Nestoriautc
1889 2722 1959 2773 ita
1991 2720 2136 2775 inter

556 2803 617 2843 se
659 2805 903 2846 coonexa
961 2803 1017 2848 et
1062 2795 1415 2855 cohaerentia,
1471 2802 1527 2846 ut
1575 2792 1748 2846 altero
1779 2791 2016 2844 admisso
2043 2799 2136 2846 attt

557 2873 773 2931 negato,
802 2864 1032 2917 alterum
1061 2866 1218 2918 etiam
1268 2863 1475 2916 admitti
1523 2871 1617 2916 aut
1675 2860 1856 2931 negari
1906 2876 2135 2916 necesse

556 2930 664 2995 sit;
696 2943 748 2986 et
775 2947 882 2987 uno
913 2934 1211 2996 destructo,
1254 2937 1482 2988 alterum
1516 2930 1772 2986 similiter
1799 2931 2132 2998 destruatur,

556 3011 615 3074 ut
640 3017 738 3070 per
766 3020 826 3059 se
854 3014 1021 3074 patet.
1056 3005 1110 3060 Si
1142 3005 1289 3060 enim
1325 3003 1573 3060 Christus
1609 3001 1784 3057 Maria:
1807 3002 1947 3057 illius
1977 3017 2137 3057 verus

558 3068 701 3144 Deus
726 3077 819 3140 sit,
855 3068 1038 3144 utique
1094 3076 1313 3130 Mariam
1363 3075 1480 3143 ejus
1536 3083 1759 3128 matrem
1786 3113 1803 3139 ,
1853 3074 2086 3128 Θεοτόκον
2116 3115 2132 3138 ,

2163 1773 2208 1834 Β

2229 1094 2477 1164 ficiscenti
2504 1111 2690 1160 comes,
2724 1096 2812 1148 ubi
2844 1095 3113 1150 Nestorius
3141 1114 3256 1152 cum
3301 1094 3569 1154 Theodoro
3617 1102 3672 1155 in
3705 1094 3830 1158 urbe

2234 1165 2548 1238 Mapsoestia
2577 1182 2902 1238 congressus.
2955 1168 3139 1222 audita
3182 1169 3327 1224 illius
3355 1169 3613 1234 doctrina,
3648 1188 3680 1224 a
3708 1189 3834 1226 cera

2230 1237 2419 1306 pietate
2447 1237 2692 1300 descivit:
2724 1237 3050 1304 Anastasius,
3081 1241 3317 1305 inquam,
3349 1250 3406 1292 ut
3435 1257 3466 1292 a
3488 1239 3754 1295 Theodqu
3779 1244 3835 1298 in

2230 1307 2446 1382 epistola
2472 1308 2788 1382 quadamde
2812 1309 3055 1382 iisrebus
3080 1311 3332 1370 scriptum
3359 1319 3467 1382 est,
3519 1313 3572 1365 in
3597 1313 3832 1382 disputa-

2231 1379 2368 1430 tione
2397 1381 2538 1449 apud
2560 1381 2809 1449 populum
2837 1378 3095 1434 Christum
3120 1391 3296 1436 sancte
3325 1381 3593 1443 colentem,
3638 1378 3694 1435 in
3724 1383 3830 1436 Ec-

2230 1449 2386 1502 clesia
2415 1449 2984 1518 ConstantinOpolitana
3008 1450 3180 1505 habita
3205 1493 3220 1514 ,
3252 1451 3427 1518 palam
3459 1468 3615 1507 ausus
3641 1461 3718 1507 est
3749 1454 3831 1508 di-

2230 1534 2343 1572 cere
2369 1534 2388 1572 :
2438 1517 2606 1573 Nemo
2635 1518 2858 1573 Mariam
2905 1519 3184 1588 Deiparam
3222 1517 3386 1576 vocet.
3439 1520 3602 1589 Nam,
3634 1524 3828 1588 inquit,

2233 1589 2384 1664 homo
2427 1601 2556 1664 erat,
2602 1604 2754 1664 atque
2792 1590 2854 1644 ab
2904 1590 3109 1646 homine
3134 1591 3288 1664 Deus
3303 1593 3448 1664 nasci
3491 1611 3593 1646 non
3641 1604 3827 1664 potest.

2236 1659 2366 1725 (tua:
2390 1660 2591 1728 quidem
2620 1662 2769 1714 verba
2814 1678 2930 1714 cum
2979 1662 3206 1730 populus
3251 1661 3455 1717 Christo
3498 1659 3834 1721 consecratus

2234 1733 2456 1797 grauiter
2505 1741 2552 1784 et
2596 1731 2776 1784 acerbe
2819 1733 3009 1800 ferret,
3037 1745 3086 1787 et
3125 1734 3522 1801 disputationem
3546 1735 3696 1789 illam
3725 1750 3834 1790 non

2234 1802 2346 1874 sine
2373 1818 2530 1874 causa
2559 1801 2766 1856 haberet
2814 1820 2907 1869 pro
2961 1804 3310 1874 blasphemia,
3345 1803 3647 1863 Nestorins.
3680 1806 3834 1860 istius

2232 1870 2566 1944 blasphemia:
2585 1884 2768 1927 auctor
2782 1882 2829 1926 et
2853 1874 2982 1935 dux,
3015 1870 3116 1928 non
3137 1878 3303 1930 solum
3335 1892 3437 1929 non
3466 1877 3726 1942 prohibuit
3759 1877 3832 1931 il-

2237 1942 2362 2006 laut,
2414 1959 2572 2009 neque
2619 1954 2808 1996 rectam
2855 1962 3139 2014 sanamque
3183 1947 3472 1999 doctrinam
3501 1955 3695 2000 tutatus
3725 1956 3832 2014 est,

2234 2027 2406 2065 verum
2435 2015 2587 2067 etiam
2613 2016 2761 2067 verba
2785 2029 2964 2068 revera
2987 2019 3041 2069 in
3073 2019 3252 2082 primis
3279 2015 3522 2071 roborare
3533 2019 3824 2082 contendit,

2233 2091 2280 2137 et
2311 2083 2375 2155 in
2418 2085 2511 2155 eis
2531 2086 2866 2154 defendendis
2896 2088 3066 2140 acrius
3091 2088 3294 2142 instiit.
3343 2089 3508 2155 Atque
3536 2105 3633 2142 sua
3660 2089 3829 2152 ipsius

2233 2153 2901 2229 Opinionehisciadjuncta
2921 2168 3072 2229 atque
3095 2159 3222 2212 adeo
3252 2153 3500 2223 ascripta,
3537 2175 3831 2229 venenoque

2234 2225 2491 2300 animisni
2511 2227 2574 2300 in
2601 2223 2882 2300 Ecclesium
2904 2223 3066 2296 e/I'uso
3085 2241 3131 2283 et
3158 2230 3338 2300 ejecto,
3371 2229 3532 2282 multo
3571 2223 3825 2298 majorem

2235 2293 2604 2370 blasphemiam
2623 2297 2814 2370 docere
2836 2293 3055 2353 conatus
3082 2308 3155 2353 est
3176 2293 3196 2365 ξ
3219 2293 3348 2352 adeo
3374 2309 3430 2352 ut
3448 2306 3518 2353 ad
3545 2301 3626 2354 sui
3652 2293 3832 2370 ipsius

2235 2367 2417 2440 capitis
2443 2367 2738 2440 perniciem,
2767 2369 2898 2423 hanc
2928 2369 3138 2440 impiam
3157 2439 3162 2440 ί
3181 2371 3506 2434 sententiam,
3533 2367 3770 2424 nimirum
3805 2385 3824 2422 :

2236 2433 2351 2502 Ego
2371 2454 2486 2490 eum
2509 2439 2595 2507 qui
2613 2439 2794 2508 spatiis
2823 2433 3116 2508 menstruis,
3145 2439 3241 2495 hoc
3271 2451 3368 2506 est,
3403 2441 3626 2494 bimestri
3649 2450 3698 2495 et
3729 2441 3828 2494 tri-

2235 2510 2432 2581 mestri,
2461 2517 2507 2562 et
2536 2510 2608 2562 ita
2631 2510 2892 2581 deinceps,
2919 2510 3218 2574 adoleverit,
3252 2511 3414 2565 Deum
3441 2521 3575 2566 certe
3605 2529 3705 2564 non
3727 2529 3828 2581 op-

2238 2576 2517 2645 pellauero,
2554 2576 2911 2650 proferreriton
2933 2582 3210 2646 dubitaret,
3233 2582 3366 2635 sicut
3390 2591 3498 2636 tum
3525 2600 3556 2633 a
3586 2576 3828 2646 Socrate,

2237 2656 2346 2701 tum
2373 2665 2404 2700 a
2435 2652 2603 2721 priore
2632 2649 2852 2704 concilio
2886 2651 3078 2718 Ephesi
3102 2653 3372 2718 celebrato,
3406 2654 3674 2721 perspicue
3704 2668 3829 2706 nar-

2237 2731 2406 2791 ra'um
2435 2733 2529 2791 est.
2566 2720 2855 2789 llucusqtte
2885 2723 3164 2791 Evagrius,
3195 2724 3286 2790 qui
3317 2733 3373 2779 et
3408 2720 3638 2778 inferius
3661 2722 3823 2791 (Cap.

2237 2788 2274 2860 '1
2299 2790 2526 2860 ejusdem
2555 2791 2674 2860 lib.)
2703 2788 2887 2845 scribit
2917 2788 3164 2848 θιιιῖιιίθιιι
3188 2788 3495 2849 Nestorium
3526 2809 3556 2848 a
3595 2788 3836 2848 concilio

2240 2858 2510 2922 Ep‘ltesino
2532 2858 2874 2926 damnatum,
2894 2874 2942 2917 et
2968 2865 3018 2917 itt
3042 2864 3220 2920 Oasint
3247 2864 3663 2918 lamusissimnm
3686 2865 3806 2919 exsi
3827 2894 3838 2906 -

2238 2927 2294 2982 lii
2327 2933 2523 3003 locum,
2577 2931 2870 2987 Theodosii
2915 2934 3258 3003 imperatoris
3302 2936 3525 2991 decreto
3567 2933 3836 3001 deporta-

2239 3008 2375 3063 tum,
2409 3001 2583 3070 lingua
2631 3017 2661 3056 a
2710 3001 3003 3059 vermibus‘
3023 3020 3222 3068 exesa,
3249 3020 3312 3060 ac
3355 3015 3468 3059 toto
3512 3013 3832 3072 computre-

2237 3080 2424 3124 sceute
2451 3086 2704 3145 corpore,
2732 3073 2896 3145 digno
2924 3075 2994 3130 ob
3022 3075 3363 3131 imminutam
3387 3075 3837 3145 Deipartedigni-

558 3139 868 3217 Deiparam,
899 3139 1022 3217 esse
1053 3139 1620 3217 consequens'est._l£t
1642 3145 1709 3217 ab
1729 3144 1979 3217 opposito
2007 3158 2137 3217 con-
2161 3144 2210 3210 ο
2243 3139 3343 3217 tatem__suppliciot‘disse7consumptum
3393 3147 3412 3217 (
3439 3139 3574 3217 Vide
3624 3139 3826 3217 Bafon.

559 3215 832 3280 sequentis
863 3214 931 3269 ad
979 3212 1285 3285 oppositum
1328 3212 1720 3285 antecedentis.
1749 3219 1794 3268 si
1819 3214 1983 3285 illam
2011 3215 2134 3268 Dei-

560 3293 688 3352 para
723 3299 826 3337 non
861 3292 964 3354 est,
992 3283 1091 3339 nec
1120 3287 1302 3353 utique
1353 3284 1598 3339 Christus
1646 3284 1762 3352 ejus
1810 3283 1950 3338 illius
1999 3285 2137 3339 Deus

559 3360 664 3425 est.
696 3355 795 3422 Qui
824 3371 953 3425 ergo
984 3357 1149 3411 Deum
1182 3371 1248 3410 ex
1277 3356 1490 3425 Virgine
1530 3362 1712 3408 natum
1754 3364 1935 3421 negat,
1965 3363 2023 3409 ut
2051 3354 2139 3410 hic

559 3424 634 3495 sit
653 3427 876 3490 Auctor,
901 3424 970 3481 ex
1000 3424 1386 3495 consequenti,
1403 3425 1624 3480 Mariam
1649 3426 1921 3494 Θεοτόκον,
1950 3425 2000 3479 id
2032 3436 2136 3490 est,

563 3492 785 3552 Matrem
816 3497 908 3552 Dei
941 3492 1229 3559 inliciatur,
1249 3509 1301 3551 et
1325 3514 1354 3552 e
1377 3497 1612 3551 diverso.
1646 3500 1722 3550 Ac
1745 3492 1968 3564 proinde
1993 3511 2140 3565 quae-

561 3579 793 3636 cumque
822 3568 1003 3622 valent
1031 3567 1095 3621 ad
1130 3567 1455 3636 probandam
1506 3567 1588 3620 vcl
1641 3565 1843 3620 Cbrtsli
1890 3567 2139 3620 divinita-

565 3643 696 3702 tem,
731 3639 816 3692 vel
847 3639 1161 3693 idiomatum
1191 3638 1646 3702 communionem,
1677 3653 1901 3706 qua-quc
1931 3649 2040 3690 tum
2071 3637 2139 3690 ab

563 3706 685 3760 aliis
717 3707 989 3772 Patrtbns,
1018 3721 1128 3762 tum
1159 3723 1188 3761 a
1213 3708 1472 3763 Cassiano
1497 3712 1548 3760 in
1581 3709 1724 3761 hunc
1762 3709 1920 3761 tinem
1957 3708 2136 3776 prole-

563 3788 776 3844 rnntur,
810 3780 998 3834 eadem
1031 3779 1210 3833 omnia
1237 3785 1414 3834 valent
1444 3780 1508 3832 ad
1543 3780 1877 3846 probandum
1930 3779 2138 3832 beatam

565 3846 841 3916 Virginem
863 3865 991 3905 vere
1011 3863 1064 3905 et
1081 3851 1327 3904 absolute
1351 3865 1472 3904 esse
1493 3849 1585 3903 Dei
1614 3859 1859 3908 matrem.
1883 3849 2138 3913 Θεοτὸκον,

568 3933 630 3972 ac
662 3919 974 3988 Deiparam,
1025 3921 1208 3988 sicque
1255 3921 1322 3974 ab
1366 3921 1618 3974 omnibus
1650 3920 1806 3985 pleno
1851 3934 1945 3973 ore
2001 3936 2139 3972 nun-

563 3991 883 4057 cupandum,
933 3991 1071 4047 llinc
1098 3990 1154 4046 S.
1187 3991 1447 4060 Cyrillus,
1485 3991 1707 4061 epistola
1752 3992 1941 4055 prima.
1990 3990 2142 4045 valde

567 4063 794 4116 miratur
847 4077 942 4115 eos
995 4063 1084 4130 qui
1140 4061 1386 4116 dubitant
1447 4078 1514 4116 an
1577 4061 1637 4115 Β.
1697 4061 1858 4130 Virgo
1917 4061 2142 4123 Deipara

567 4132 831 4186 nominari
862 4132 1093 4197 debeat,
1136 4147 1327 4187 necne.
1370 4133 1429 4187 Si
1469 4148 1714 4201 namque.
1757 4130 1962 4198 inquit,
1999 4130 2143 4201 WDeus

565 4211 612 4256 et
654 4202 909 4256 Dominus
953 4213 1124 4257 noster
1157 4203 1309 4257 Jesus
1363 4200 1625 4266 Christus,
1671 4203 1929 4273 quomodo
1989 4200 2143 4273 Virgo

563 4289 678 4342 qute
705 4273 852 4326 illum
886 4276 1076 4342 peperit
1116 4273 1344 4340 Deipara
1393 4289 1495 4326 non
1538 4282 1609 4327 est
1633 4274 1658 4327 Σ)
1684 4271 1774 4328 Ει
1818 4271 2018 4326 ibidem
2067 4271 2143 4324 la-

566 4345 669 4396 tius
699 4349 765 4398 de
795 4347 1012 4399 nomine
1058 4345 1302 4414 Dciparte
1333 4344 1580 4409 disserit,
1615 4354 1669 4398 et
1698 4343 1836 4396 hanc
1865 4358 1986 4396 esse
2018 4357 2144 4411 apo-

565 4415 825 4468 stolorunt
858 4415 1156 4470 doctrinam
1190 4426 1414 4470 testatur
1434 4454 1449 4478 ,
1479 4429 1787 4484 supponens
1829 4421 1885 4466 ut
1913 4429 2026 4467 rem
2055 4428 2145 4466 no~

565 4485 854 4576 εξεῖιείηιεηῃἱ
879 4487 1171 4576 secundum
1206 4486 1362 4540 ﬁdem
1382 4528 1410 4576 ,Ι
1429 4485 1702 4576 Clit-istum
1732 4487 2002 4566 hominem
2025 4497 2145 4537 esse
2175 4517 2224 4576 Β

568 4553 757 4625 Deum.
791 4553 856 4609 Ut
883 4565 1060 4609 autem
1092 4556 1206 4610 haec
1235 4572 1353 4625 quae
1379 4557 1446 4609 de
1472 4555 1717 4610 Nestorio
1745 4555 1969 4623 ejusque
1997 4568 2147 4608 ert-o-

565 4624 714 4678 ribus
739 4624 994 4687 diximus,
1023 4624 1260 4680 clariora
1283 4628 1620 4694 certioraque
1647 4627 1964 4680 reddantur.
1998 4635 2146 4678 vete-

566 4710 684 4748 rum
715 4695 1032 4750 auctoritate
1060 4695 1399 4760 cotnpri-hari
1429 4693 1566 4750 ratio
1591 4697 1847 4763 postulat.
1874 4695 1963 4749 Sic
1985 4693 2145 4762 igitur

566 4765 849 4834 Evagrins,
893 4765 1171 4820 Socratem
1207 4764 1344 4829 (Lib.
1389 4782 1458 4821 vlt
1495 4782 1612 4836 cap.
1652 4766 1745 4833 52)
1785 4774 1841 4818 et
1878 4766 2011 4817 alios
2051 4779 2141 4836 se-

565 4845 745 4899 cutus,
761 4837 1064 4891 Nestorium
1081 4839 1304 4906 ejusque
1325 4835 1866 4906 ltmresis’primprdia
1887 4835 2144 4889 describit

563 4907 703 4978 (Lib.
727 4923 743 4960 1
766 4924 878 4973 cap.
905 4907 963 4973 2)
997 4925 1008 4958 :
1047 4904 1342 4970 Nestorius,
1366 4909 1456 4978 qui
1487 4904 1859 4978 linguapeum
1883 4922 2145 4978 oppugna-

561 4974 660 5039 uit,
703 4979 791 5048 qui
820 4978 1041 5031 alterum
1070 4994 1182 5030 cum
1225 4974 1423 5046 Caipha
1465 4974 1642 5029 contra
1676 4975 1874 5030 Filium
1918 4974 2138 5048 Περίερ-

562 5048 662 5118 egit
683 5044 978 5112 concilium,
1010 5050 1096 5117 qui
1121 5044 1448 5114 blasphémite
1477 5049 1724 5118 oﬁicinam
1764 5049 1818 5100 in
1865 5063 1965 5114 qua
1993 5044 2140 5099 Chri-

560 5127 666 5171 stus
694 5119 862 5171 denuo
885 5119 1173 5170 trucidatur
1203 5127 1249 5170 et
1281 5118 1569 5172 divenditur
1585 5119 1850 5182 instruxit,
1883 5118 1970 5186 qui
1993 5127 2141 5170 natu-

560 5206 646 5242 ras
675 5189 816 5242 illius
839 5190 950 5258 (qui
978 5189 1030 5241 in
1055 5193 1163 5259 ipsa
1192 5204 1342 5242 cruce
1366 5206 1427 5242 ne
1449 5205 1503 5242 os
1531 5189 1766 5259 quidem,
1794 5189 1869 5240 uti
1896 5189 2142 5259 scriptum

560 5271 654 5327 est,
701 5259 911 5329 omnino
956 5258 1130 5312 habuit
1157 5263 1500 5326 confractum,
1545 5258 1705 5329 neque
1732 5269 1912 5312 vestem
1940 5258 2141 5329 penitus

561 5328 785 5384 textilem
812 5347 843 5382 a
873 5330 1144 5399 parricidis
1173 5330 1460 5398 discissam)
1493 5328 1662 5384 divisit
1691 5328 1991 5399 diremitque
2010 5370 2024 5392 ,
2050 5345 2140 5382 vo-

558 5414 668 5453 cem
697 5401 829 5453 hauc
858 5399 1133 5465 Deiparam
1163 5417 1194 5452 a
1225 5401 1398 5454 multis
1429 5400 1570 5454 lectis
1599 5403 1937 5469 spectatisque
1965 5399 2143 5452 Patri-

560 5470 652 5542 ρεαδ
698 5470 998 5542 fabricatam
1046 5472 1232 5540 repulit
1274 5482 1426 5541 atque
1470 5473 1598 5525 adeo
1642 5473 1849 5542 rejecit,
1889 5481 1934 5524 et
1971 5487 2138 5524 vocent

559 5538 923 5597 CRIS'l‘lPABAl
952 5557 984 5593 a
1013 5557 1066 5594 se
1104 5538 1411 5596 ueteratorie
1460 5538 1751 5611 cﬂictam'et
1792 5544 2065 5611 cogn/latam
2099 5542 2141 5595 ei

559 5614 836 5684 opposuit,
881 5612 1312 5684 seditionibusque
1351 5610 1800 5684 inﬁnitis_refersit
1832 5610 2134 5684 Ecclesium,

563 5681 713 5752 atque
733 5684 972 5738 intestina
1003 5700 1063 5736 ac
1084 5683 1220 5737 civili
1241 5684 1508 5753 sanguinis
1533 5681 1782 5749 effusione
1810 5681 2038 5748 replevit.
2062 5683 2138 5753 Et

632 5763 682 5809 st
711 5768 873 5824 pauca
907 5772 919 5808 :
951 5753 1269 5808 Concertatio
1298 5752 1351 5806 in
1382 5753 1619 5807 Ecclesiis
1644 5763 1881 5815 suscepta
1911 5753 2027 5806 hinc
2051 5752 2137 5806 ha-

593 5827 667 5878 uit
711 5825 937 5881 initium.
989 5826 1288 5881 Anastasius
1339 5824 1546 5894 quidam
1598 5825 1860 5896 presbyter
1905 5840 2136 5892 perversa

2243 3222 2365 3284 tom.
2399 3211 2464 3279 V,
2507 3229 2645 3268 anno
2695 3213 2801 3271 450
2831 3215 2869 3284 ).
2921 3211 3223 3272 Subserihit
3265 3211 3642 3272 Theodoretus
3694 3215 3834 3270 Fab.

2244 3281 2446 3352 liltnret.
2489 3299 2610 3350 cap.
2638 3284 2703 3350 4,
2755 3281 2849 3340 ubi
2897 3287 3045 3352 haec,
3095 3288 3238 3342 inter
3265 3287 3390 3351 alia,
3433 3286 3502 3341 de
3531 3287 3833 3342 Nestorio:

2243 3351 2502 3419 Primum,
2534 3355 2727 3422 inquit,
2754 3357 2894 3429 quod
2921 3358 3163 3412 innovare
3186 3374 3454 3429 aggressus
3475 3368 3570 3423 est,
3604 3358 3701 3429 fuit
3727 3373 3838 3429 non

2241 3434 2472 3500 Oportere
2496 3432 2730 3500 sanctam
2767 3425 3049 3500 Virginem,
3082 3444 3195 3500 quos
3221 3425 3326 3500 fDei
3359 3427 3585 3500 Verbum
3604 3425 3837 3500 peperit,

2240 3494 2378 3562 quod
2401 3510 2465 3548 ex
2485 3496 2603 3568 ipsa
2625 3511 2830 3568 carnem
2855 3494 3102 3568 Euscepit,
3133 3496 3415 3567 Deiparam
3441 3494 3706 3568 conﬁteri,
3740 3498 3842 3553 sed

2243 3563 2849 3639 tantum‘Christiparam
2872 3609 2889 3634 ,
2937 3563 3056 3622 cum
3083 3563 3254 3623 tamen
3285 3563 3627 3639 antiquissimi
3654 3567 3838 3621 ortho-

2242 3634 2390 3710 doxa;
2435 3635 2551 3704 ﬁdei
2590 3634 2955 3710 prtrdieatores
2995 3656 3060 3694 ea:
3097 3640 3378 3710 apostolica
3405 3634 3694 3692 traditione
3738 3640 3842 3710 tto-

2241 3707 2435 3759 cuerint
2462 3708 2723 3763 nominare
2748 3717 2794 3762 et
2829 3711 3033 3763 credere
3058 3707 3273 3764 matrem
3299 3709 3521 3763 Domini.
3554 3711 3619 3763 Et
3647 3712 3700 3762 in
3729 3709 3842 3764 llue

2241 3791 2362 3842 cap.
2396 3776 2512 3832 haec
2539 3777 2607 3832 de
2653 3778 2852 3834 infelici
2881 3779 3112 3834 Nestorii
3155 3781 3302 3834 exitu
3335 3797 3350 3835 :
3404 3778 3556 3835 Unde
3594 3781 3843 3848 quoniam

2243 3849 2544 3924 turpissima
2577 3851 2877 3924 et‘maxime
2919 3851 3262 3924 ignominiosa
3288 3862 3451 3924 m_orte
3481 3851 3692 3924 perituri
3718 3857 3843 3924 sunt

2242 3918 2428 3992 iniqui,
2471 3919 2785 3992 pontiﬁcatu
2806 3937 2896 3990 per
2922 3918 3125 3975 sanctos
3171 3922 3261 3992 qui
3313 3919 3503 3990 Ephesi
3538 3921 3841 3989 congregati

2245 3990 2925 4064 fuerantdiuino‘su/fragio
2954 3995 3143 4064 ejectus
3171 3990 3270 4064 est,
3297 4004 3342 4064 et
3375 3994 3533 4064 jussu
3562 3992 3846 4064 imperato:

2243 4062 2322 4145 ris.
2343 4059 2779 4145 Oasim'habitare
2797 4059 3094 4145 damnatus,
3106 4062 3272 4145 [ututi
3298 4059 3573 4145 impiorum
3593 4060 3845 4129 supplicii

2244 4131 2388 4183 illinc
2413 4131 2562 4204 coepit
2586 4132 2866 4204 exordium
2891 4149 2910 4198 ;
2951 4144 3005 4185 ut
3029 4131 3120 4204 qui
3158 4148 3325 4204 absua
3347 4132 3574 4204 amentia
3604 4146 3846 4204 consum-

2244 4211 2362 4270 ptus
2391 4202 2474 4266 sit,
2506 4210 2552 4254 et
2578 4203 2631 4255 in
2681 4219 2735 4255 se
2772 4204 2965 4256 dictum
2994 4201 3231 4272 Apostoli
3261 4203 3586 4272 compleverit
3616 4216 3636 4254 :
3694 4201 3846 4272 Quo-

2245 4272 2482 4343 rumdam
2513 4272 2778 4343 hominum
2818 4271 3047 4343 precata?
3067 4273 3335 4343 manifesta
3362 4271 3513 4337 sunt,
3545 4271 3847 4343 prtccedettf

2245 4341 2332 4415 tia_
2358 4339 2426 4415 ad
2457 4341 2718 4415 judicium
2738 4343 2765 4415 ξ(
2789 4339 2969 4415 ΙςΤὶηι.
2992 4343 3093 4415 γ’).
3142 4339 3267 4415 llatc
3295 4339 3712 4415 Tlteodorelus:
3746 4342 3846 4409 qui

2245 4409 2471 4480 quidem
2495 4409 2786 4481 aliquando
2811 4409 3348 4469 Nestorii'studiosus
3375 4423 3426 4466 et
3461 4413 3660 4479 fautor,
3687 4422 3846 4482 post-

2249 4496 2310 4535 ea
2358 4491 2534 4536 tamen
2575 4485 2921 4552 resipiscens,
2965 4485 3215 4540 eumdem
3264 4487 3502 4552 graviter
3547 4485 3847 4538 insectatus

2252 4560 2356 4606 est.
2393 4553 2488 4606 llis
2514 4553 2726 4608 demum
2756 4556 2964 4612 accedit
2990 4555 3302 4610 Vincentius
3327 4554 3628 4609 Lirinensis
3670 4555 3846 4608 nostri

2251 4621 2491 4677 Cassiani
2544 4625 2785 4696 arqnalis,
2835 4626 3085 4696 idemque
3119 4625 3499 4696 bteretiCorutn
3547 4627 3847 4696 insectator

2251 4699 2584 4748 acerrimus:
2620 4693 2908 4760 Nestorius,
2940 4693 3113 4766 inquit
3136 4693 3468 4764 (Commonit.
3499 4709 3692 4766 t,7cap_.
3723 4694 3844 4766 t7),

2251 4766 2513 4818 contrario
2544 4765 2835 4832 Apollinari
2858 4764 3058 4828 morbo,
3091 4769 3212 4818 dum
3238 4781 3346 4818 sese
3373 4765 3501 4817 duas
3542 4765 3598 4818 in
3635 4764 3846 4819 Christo

2250 4834 2563 4889 substantias
2593 4838 2906 4906 distinguere
2934 4836 3163 4903 simulat,
3196 4837 3324 4906 duas
3350 4835 3631 4888 introducit
3652 4850 3846 4906 repen-

2251 4912 2298 4956 te
2325 4922 2595 4973 personas,
2628 4918 2674 4960 et
2702 4905 2936 4960 inaudito
2981 4909 3168 4961 scelere
3218 4905 3350 4958 duos
3397 4910 3506 4957 uult
3549 4921 3657 4959 esse
3697 4905 3845 4973 ﬁlios

2252 4973 2367 5038 Dei,
2399 4978 2529 5029 duos
2556 4976 2785 5030 Christos
2811 4993 2829 5041 ;
2875 4994 3035 5031 unum
3068 4977 3249 5040 Deum,
3297 4974 3516 5028 alterum
3547 4977 3847 5041 hominem;

2253 5062 2410 5099 unum
2441 5048 2524 5113 qui
2553 5063 2615 5100 ex
2639 5047 2812 5112 Patre,
2829 5047 3046 5102 alterum
3063 5048 3149 5118 qui
3177 5048 3241 5100 sit
3262 5056 3536 5118 generatus
3567 5061 3629 5118 es:
3646 5043 3848 5118 Matre.

2252 5118 2417 5186 Atque
2447 5118 2561 5170 ideo
2585 5120 2765 5172 asserit
2801 5129 3031 5171 sanctam
3065 5116 3292 5170 Mariam
3334 5133 3436 5170 non
3463 5116 3727 5177 Θεοτὸκον.
3751 5116 3850 5170 sed

2249 5188 2719 5262 gptqro-réxouesse
2748 5187 3054 5262 dicendam;
3083 5188 3206 5262 quia
3225 5187 3416 5262 scilicet
3449 5203 3515 5240 ea:
3542 5204 3604 5241 ea
3625 5203 3727 5240 non
3753 5188 3851 5262 ille

2250 5255 2484 5332 Christus
2509 5260 2596 5332 qui
2636 5259 2807 5324 Deus,
2839 5259 2928 5313 sed
2973 5260 3061 5312 ille
3096 5255 3192 5332 qui
3237 5257 3530 5332 crat‘honto
3573 5267 3721 5332 natus
3751 5259 3845 5310 sit.

2253 5329 2377 5398 lla-c
2403 5327 2538 5396 ipse,
2571 5340 2623 5383 et
2650 5345 2770 5397 quze
2795 5341 3092 5398 sequuntur
3118 5327 3186 5383 in
3212 5328 3457 5383 eamdem
3489 5327 3846 5383 sententiam.

2249 5397 2418 5454 Porro
2463 5401 2722 5455 adversus
2765 5397 3095 5464 NeStorittm,
3146 5408 3203 5453 ut
3229 5400 3431 5454 dictum
3463 5411 3570 5464 εει,
3601 5412 3843 5466 congre-

2243 5483 2363 5540 gata
2391 5473 2629 5542 synodus
2651 5471 2970 5526 universalis
3004 5470 3304 5542 Ephesina,
3341 5479 3511 5542 atque
3533 5470 3677 5542 inter
3697 5482 3845 5542 qua;

2244 5537 2365 5610 tuor
2391 5537 2589 5610 primas
2617 5549 2672 5595 et
2696 5537 3074 5596 sacrosanctas
3097 5542 3257 5595 tertio
3284 5537 3707 5610 loco—celebrata
3738 5537 3849 5610 sub

2241 5608 2535 5668 leeStino
2565 5614 2817 5685 pontilicc
2855 5621 2910 5666 et
2937 5612 3139 5685 Cyrillo
3171 5609 3540 5665 Alexandrino
3583 5608 3707 5678 ejus
3755 5609 3848 5685 yi-

2240 5695 2333 5736 ces
2353 5679 2596 5754 gerente,
2628 5684 2913 5754 prmtlictos
2937 5679 3152 5754 errores
3189 5696 3311 5736 cum
3343 5695 3442 5754 suo
3484 5691 3711 5754 auctore
3741 5679 3848 5734 da-

2241 5752 2464 5814 mnavit.
2498 5753 2644 5807 edito
2672 5753 2868 5808 ibidem
2899 5754 3003 5808 hoc
3029 5753 3251 5809 decreto
3279 5771 3290 5805 :
3328 5752 3389 5807 Si
3435 5752 3552 5820 quis
3579 5767 3681 5804 non
3709 5767 3848 5805 con-

2238 5823 2412 5893 ﬁtetur
2440 5824 2829 5880 Emmanuelcm
2851 5826 3133 5882 secundum
3175 5823 3442 5879 veritatem
3485 5837 3597 5878 esse
3647 5820 3848 5887 Deum.
