3970 6344
601 294 668 361 39
1924 288 2177 350 ιοΑΝιιιε

2291 293 2553 353 ASSIANI
3780 290 3849 358 ιο

604 417 746 475 idem
774 414 1035 487 propheta
1062 410 1192 470 alibi
1224 412 1426 468 :Ft‘tius
1451 415 1601 463 natus
1621 414 1693 463 est
1733 407 1900 472 nobis,
1933 416 2179 478 paruulus
2206 417 2260 479 Α
2286 420 2335 466 te
2358 409 2647 465 conferas?
2677 418 2830 479 septa
2860 418 2914 464 et
2955 406 3208 465 conclusa
3246 417 3371 464 sunt
3393 410 3597 478 omnia,
3623 424 3731 466 non
3765 420 3847 468 est

604 510 757 562 datus
776 517 848 562 est
879 505 1043 572 nobis,
1064 509 1212 577 cujus
1236 502 1555 575 principatus
1569 515 1723 571 super
1747 502 2012 553 humerum
2041 502 2175 571 ejus,

604 609 651 655 et
678 598 941 654 vocabitur
955 613 1135 652 nomen
1156 599 1265 667 ejus
1276 594 1450 666 magni
1468 592 1670 647 consilii
1690 593 1901 665 angelus
1920 634 1935 659 ,
1962 600 1989 628 ι
2018 591 2176 657 Deus,

604 692 776 763 fortis,
826 702 969 760 pater
999 689 1155 759 futuri
1202 685 1396 757 saeculi,
1451 684 1687 755 princeps
1739 685 1881 754 pacis
1908 681 2046 755 (Isa.
2073 685 2176 753 tx).

603 784 754 839 Sicut
778 782 1026 852 superius
1049 780 1227 847 utique
1248 776 1547 831 vocandum
1572 789 1696 830 eum
1718 774 2035 830 Emmanuel
2059 790 2181 844 pro-

604 876 764 945 plteta
794 876 1023 939 dixerat,
1054 870 1125 925 ita
1154 870 1240 925 hic
1262 868 1560 924 vocandum
1587 883 1709 922 eum
1739 876 1794 922 et
1842 867 2021 937 magni
2044 881 2181 921 cons

602 965 708 1021 silii
740 966 1004 1029 nuntium,
1035 970 1091 1017 et
1110 961 1298 1026 Deum,
1330 961 1543 1027 fortem,
1574 968 1629 1014 et
1661 965 1867 1029 patrem
1892 957 2053 1012 futuri
2077 972 2178 1013 ste-

602 1057 731 1121 culi,
758 1065 812 1112 et
841 1055 985 1125 pacis
1013 1054 1308 1124 principem
1337 1051 1489 1117 dicit,
1515 1040 1639 1105 cum
1664 1050 1847 1119 utique
1888 1049 2037 1104 nullo
2060 1049 2179 1104 loco

606 1162 729 1202 eum
758 1147 813 1201 in
872 1144 1175 1216 Evangeliis
1222 1152 1469 1199 vocatum
1516 1142 1597 1197 his
1646 1141 1953 1197 nominibus
1987 1142 2181 1211 legeri-

601 1253 721 1296 mus
744 1254 760 1305 ;
785 1247 842 1292 ιιι
866 1236 1230 1307 intelligamus
1249 1235 1459 1290 scilicet
1487 1233 1515 1273 δ
1546 1249 1651 1289 non
1700 1233 1878 1289 carnis
1904 1246 2025 1287 esse
2065 1232 2179 1288 hate

602 1330 881 1395 vocabula,
912 1327 1007 1383 sed
1036 1326 1333 1382 divinitatis
1366 1343 1382 1381 :
1412 1333 1573 1395 atque
1608 1323 1740 1379 illud
1792 1324 1843 1378 in
1877 1322 2179 1392 Evangeliis

607 1435 631 1465 ι
664 1440 857 1479 nomen
886 1438 1009 1479 esse
1038 1422 1271 1477 hominis
1292 1421 1549 1491 suscepti,
1606 1420 1710 1476 hoc
1758 1416 1786 1456 ἀ
1810 1418 2060 1489 ingenita:
2086 1433 2181 1487 po-

604 1516 838 1571 testatis.
886 1523 911 1551 ⁶
943 1514 1010 1570 Et
1031 1512 1156 1583 quia
1184 1512 1481 1567 nasciturus
1520 1513 1572 1565 in
1605 1511 1818 1566 homine
1870 1510 2012 1565 Deus
2041 1518 2178 1577 erat,

603 1608 678 1663 ita
706 1610 921 1662 nomina
943 1607 1055 1675 ipsa
1097 1621 1192 1676 per
1231 1604 1685 1676 dispensationem
1748 1619 1955 1660 sacram
2012 1603 2182 1659 fuisse

604 1700 799 1763 divisa,
831 1707 890 1753 ut
918 1707 971 1752 et
993 1699 1138 1752 carni
1169 1696 1400 1751 hominis
1416 1710 1612 1751 nomen
1650 1695 1877 1762 inderet,
1905 1703 1960 1749 et
1988 1694 2183 1749 divini-

2282 517 2511 573 usquam
2555 503 2768 571 penitus
2813 502 3047 556 exeundi
3093 502 3263 556 locus.
3310 500 3574 571 Superest
3619 510 3678 555 ut
3702 516 3847 558 erro-

2281 610 2395 649 rem
2424 610 2579 663 quem
2619 595 2864 648 voluntas
2897 593 3066 647 noluit
3100 592 3426 662 intelligere,
3481 592 3696 646 tandem
3725 592 3849 649 inci-

2281 688 2394 757 piat
2443 686 2527 741 vcl
2577 688 2871 742 necessitas
2915 684 3181 740 conﬁteri.
3222 686 3330 740 Sed
3370 700 3476 739 non
3505 685 3744 740 contenti
3771 684 3849 741 bis

2281 796 2401 849 qua:
2439 778 2735 846 sufﬁciunt,
2784 778 2910 848 quid
2950 778 3113 832 etiam
3181 792 3277 847 per
3326 777 3491 833 alium
3541 781 3848 847 prophetam

2281 869 2513 938 Spiritus
2539 883 2755 925 sanctus
2776 870 2971 925 dixerit
2994 869 3361 939 inqttiramus:
3397 868 3414 907 τ
3449 870 3512 925 Si
3547 871 3744 941 aﬁget,
3775 872 3848 927 in-

2281 964 2416 1032 quit,
2448 962 2600 1016 homo
2627 962 2788 1016 Deum
2812 978 2980 1030 suum,
3007 963 3130 1033 quia
3154 977 3241 1015 vos
3266 962 3468 1033 aﬂigitis
3491 979 3573 1017 me
3600 962 3844 1031 (Malaclt.

2283 1058 2398 1127 tn)?
2427 1065 2485 1110 ut
2514 1056 2845 1111 evidentiora
2874 1055 3060 1124 utique
3088 1056 3279 1110 ﬁerent
3305 1069 3423 1124 qua
3453 1054 3846 1124 prOpbetaban-

2282 1158 2391 1216 tur,
2414 1150 2556 1219 quod
2586 1148 2653 1203 de
2682 1148 2931 1215 passione
2962 1146 3169 1202 Domini
3216 1146 3389 1201 nostri
3418 1147 3679 1218 propheta
3715 1148 3851 1203 ceci-

2284 1239 2383 1305 nit,
2414 1239 2567 1309 quasi
2598 1237 2764 1309 ipsius
2787 1238 2855 1293 de
2880 1253 2988 1308 quo
3019 1236 3236 1292 dicebat
3250 1252 3345 1292 ore
3374 1237 3661 1307 praedixit:
3696 1237 3758 1293 Si
3776 1244 3851 1310 af-

2283 1332 2402 1401 figet
2425 1330 2575 1384 homo
2597 1329 2760 1383 Deum
2784 1345 2955 1396 suum,
2977 1330 3098 1397 quia
3126 1344 3210 1383 vos
3264 1330 3467 1400 aﬂigitis
3505 1346 3585 1383 me
3605 1331 3630 1383 7
3673 1330 3850 1388 Nonne

2283 1423 2401 1489 tibi,
2432 1436 2635 1492 quseso,
2663 1422 2863 1477 dixisse
2899 1421 3001 1475 hoc
3030 1420 3286 1475 Dominus
3314 1421 3465 1476 Deus
3492 1432 3678 1477 noster
3707 1424 3850 1492 quasi

2285 1516 2351 1571 ad
2390 1529 2607 1570 crucem
2631 1514 2825 1569 ductus
2864 1514 3107 1569 videtur?
3134 1511 3263 1579 Cur,
3298 1529 3500 1582 quasso,
3539 1513 3852 1584 Redempto-

2285 1624 2399 1664 rem
2420 1619 2656 1663 vestrum
2682 1623 2767 1662 me
2788 1621 2895 1662 non
2933 1607 3258 1677 agnoscitis?
3283 1604 3390 1661 Cur
3416 1607 3585 1662 Deum
3613 1608 3850 1661 indutum

2286 1714 2382 1769 pro
2422 1699 2575 1753 vobis
2626 1713 2789 1753 carne
2835 1698 3095 1753 nescitis?
3145 1697 3413 1753 Salvatori
3447 1707 3625 1752 vestro
3672 1713 3854 1753 necem

604 1791 698 1844 tati
726 1790 838 1843 Dei.
882 1786 1153 1842 Vocabitur
1181 1803 1333 1854 ergo,
1368 1787 1560 1857 inquit,
1599 1788 1771 1857 magni
1795 1787 1997 1841 consilii
2045 1803 2180 1839 nun-
2211 1794 2257 1855 Β
2289 1790 2529 1860 paratis?
2564 1800 2837 1845 auctorem
2868 1789 2990 1843 vita:
3044 1788 3110 1843 ad
3162 1798 3389 1843 mortem
3437 1789 3673 1843 ducitis?
3723 1791 3857 1845 Deus

602 1883 727 1941 tius,
759 1878 917 1945 Deus,
949 1879 1119 1948 fortis,
1166 1889 1311 1950 pater
1332 1878 1498 1949 futuri
1528 1879 1724 1943 swculi,
1767 1878 2002 1948 princeps
2017 1879 2179 1943 pacis.

602 1973 715 2029 Non
750 1975 854 2034 hic,
885 1973 1126 2053 quisquis
1146 1987 1227 2034 es,
1258 1988 1292 2027 ο
1337 1972 1613 2037 litet'etice,
1665 1987 1771 2026 non
1810 1970 1895 2025 hzc
1923 1970 2181 2039 propheta

604 2068 694 2121 ille
718 2067 901 2121 divino
920 2067 1111 2135 spiritu
1139 2065 1349 2133 plenus,
1393 2064 1640 2133 exemplo
1696 2063 2013 2117 assertionis
2052 2072 2179 2128 tuae,

602 2161 748 2215 illum
777 2160 868 2229 qui
898 2167 1056 2213 natus
1084 2167 1201 2223 est,
1232 2159 1488 2212 conflatili
1522 2165 1715 2211 statua:
1741 2166 1795 2211 et
1824 2159 2079 2225 ﬁgmento
2101 2156 2184 2210 in-

601 2252 847 2307 sensibili
873 2253 1231 2320 comparavit.
1266 2249 1437 2304 Filius
1457 2251 1634 2315 enim,
1668 2250 1873 2317 inquit,
1907 2257 2059 2301 natus
2108 2257 2181 2302 cst

603 2346 772 2411 nobis,
794 2344 1037 2415 parvulus
1063 2344 1213 2397 datus
1242 2352 1316 2396 est
1342 2342 1506 2407 nobis,
1560 2344 1705 2412 cujus
1755 2342 2068 2410 principatus
2098 2356 2183 2393 su-

604 2451 692 2505 per
721 2437 985 2488 humerum
1010 2437 1141 2505 ejus,
1169 2442 1216 2487 et
1240 2433 1499 2486 vocabitur
1524 2448 1706 2485 nomen
1730 2433 1841 2499 ejus
1865 2430 2036 2500 magni
2061 2444 2185 2482 con-

602 2528 706 2580 silii
736 2528 970 2591 nuntius,
996 2523 1157 2591 Deus,
1177 2524 1350 2591 fortis.
1408 2522 1483 2578 Ne
1510 2524 1654 2577 hunc
1704 2538 1863 2592 quem
1900 2522 2185 2575 annuntia-

604 2617 697 2672 bat
721 2618 881 2671 alium
911 2633 1071 2686 quain
1104 2616 1251 2671 illurn
1285 2616 1376 2685 qui
1420 2615 1474 2670 in
1504 2631 1668 2671 carne
1702 2624 1857 2669 natus
1883 2626 1966 2670 est
1990 2615 2185 2669 intelli-

604 2722 784 2777 geres,
815 2722 1010 2763 nomen
1064 2707 1361 2761 nativitatis
1407 2707 1628 2776 adjecit,
1660 2705 1847 2760 dicens
1876 2723 1889 2757 :
1924 2704 2181 2759 Parvulas

602 2808 754 2853 natus
773 2808 846 2853 est
876 2799 1040 2865 nobis,
1062 2798 1200 2868 [ilius
1229 2798 1380 2853 datus
1409 2812 1481 2852 est
1510 2798 1674 2853 nobis.
1740 2798 1897 2852 Vides
1944 2810 2074 2867 quot
2093 2813 2184 2853 co-

600 2890 948 2961 gnominibus
975 2892 1040 2944 ad
1060 2891 1536 2946 demonstrandam
1558 2890 1859 2958 corporalis
1879 2901 2029 2944 ortus
2060 2906 2184 2959 pro-

602 2983 883 3051 prietatem
910 2984 1173 3053 propheta
1206 2998 1331 3037 usus
1362 2984 1466 3036 sit?
1495 2992 1549 3037 et
1599 2995 1779 3037 natum
1818 2984 1958 3037 enim
1984 2999 2106 3038 eum
2130 2994 2184 3039 et

602 3075 882 3143 parvulum
908 3076 1225 3140 nominavit,
1248 3075 1459 3129 scilicet
1490 3084 1548 3128 ut
1580 3075 1884 3129 evidentius
1907 3077 2182 3145 signiﬁca-

2282 1894 2462 1939 vester
2484 1898 2624 1947 sum,
2647 1897 2806 1951 quem
2822 1880 3169 1947 suspenditis,
3204 1881 3340 1935 Deus
3362 1889 3545 1934 vester
3564 1895 3726 1949 quem
3749 1895 3858 1935 cru-

2283 1976 2517 2045 cifigitis.
2556 1975 2707 2041 Quis,
2739 1989 2889 2043 rogo,
2915 1973 3000 2026 hic
3047 1987 3220 2040 error,
3248 1982 3341 2026 aut
3367 1989 3486 2042 qua:
3507 1973 3712 2026 insania
3739 1974 3856 2028 est?

2284 2066 2530 2137 Siaﬁiget
2562 2067 2710 2118 homo
2742 2064 2902 2117 Deum
2931 2079 3101 2127 suum,
3127 2062 3248 2132 quia
3273 2079 3361 2116 vos
3407 2063 3608 2133 aﬂigitt's
3628 2080 3708 2117 me
3726 2065 3751 2117 ?
3780 2064 3857 2117 Vi-

2283 2159 2380 2214 des
2423 2158 2693 2228 qnotnodo
2727 2171 2832 2210 vox
2863 2158 2976 2209 haec
3016 2155 3256 2222 ipsarum
3310 2155 3715 2223 quodammodo
3746 2170 3858 2223 qua:

2283 2259 2417 2304 acta:
2439 2259 2565 2303 sunt
2593 2264 2773 2303 rerum
2821 2262 2923 2301 vox
2946 2246 3056 2301 siti
3079 2245 3342 2314 Numquid
3370 2247 3680 2313 expressius
3712 2247 3860 2314 quid-

2283 2358 2446 2412 quam
2477 2351 2567 2394 aut
2620 2339 2955 2394 manifestius
2997 2337 3307 2408 qumreres?
3382 2336 3541 2391 Vides
3592 2336 3857 2406 quomodo

2286 2436 2589 2489 testimonia
2626 2449 2779 2488 saeta
2824 2443 3008 2487 natum
3060 2432 3114 2486 in
3153 2446 3317 2485 carne
3348 2430 3630 2484 Dominum
3674 2431 3857 2485 Iesum

2284 2528 2581 2591 Christum,
2607 2526 2673 2579 ab
2697 2525 2825 2592 ipsis
2863 2521 3258 2594 quodammodo
3310 2522 3652 2576 incunabulis
3696 2537 3861 2592 usque

2285 2621 2351 2674 ad
2374 2634 2611 2677 crucem,
2640 2632 2800 2686 quam
2828 2616 3062 2683 pertulit,
3099 2623 3387 2684 prosecuta
3417 2614 3561 2668 sint?
3589 2615 3725 2669 Cum
3761 2616 3859 2668 uti-

2285 2726 2390 2779 que
2413 2710 2558 2763 illum
2589 2724 2747 2777 quem
2781 2707 2909 2761 alibi
2939 2706 3071 2776 legis
3102 2706 3268 2761 Deutn
3301 2706 3355 2759 in
3393 2722 3556 2760 carne
3579 2706 3750 2771 nasci,
3780 2706 3861 2760 hic

2286 2802 2455 2856 Deum
2481 2803 2532 2855 in
2557 2817 2719 2855 cruce
2749 2802 2934 2854 videas
2962 2798 3127 2868 afﬁgi.
3181 2800 3247 2852 lit
3276 2799 3395 2853 ideo
3441 2814 3472 2852 a
3501 2797 3765 2866 pr0pheta
3810 2806 3862 2851 et

2286 2894 2395 2949 iilic
2427 2894 2517 2947 ubi
2548 2904 2702 2947 natus
2727 2901 2811 2947 est
2831 2892 2970 2946 Deus
2992 2891 3286 2956 dicitur,et
3310 2890 3420 2944 illic
3447 2890 3535 2943 ubi
3569 2891 3863 2943 cruciﬁxus

2287 2996 2372 3043 est
2403 2986 2546 3041 Dens
2599 2984 3001 3039 evidentiSsime
3053 2984 3393 3047 nominatur;
3443 2998 3512 3036 ne
3556 2983 3767 3037 scilicet
3812 2982 3863 3035 in

2288 3079 2466 3147 aliquo
2496 3077 2742 3147 dignitati
2800 3076 3093 3130 divinitatis
3124 3075 3501 3145 prtcjudiearct
3556 3074 3741 3127 cainis
3783 3090 3863 3128 as-

604 3166 806 3221 tionem
828 3176 971 3221 nata:
1009 3167 1213 3221 subolis
1261 3182 1457 3220 nomen
1486 3168 1812 3235 exprimeret
1857 3169 2177 3235 parvitatis:
2210 3159 2254 3221 C
2287 3173 2542 3240 sumptio,
2593 3183 2640 3224 et
2681 3169 2939 3223 honorem
2972 3167 3268 3237 majestatis
3298 3166 3609 3235 infringeret
3653 3169 3739 3219 vel
3774 3166 3865 3219 hu-

604 3257 906 3325 prmvidens
932 3258 1136 3327 absque
1161 3257 1324 3311 dubio
1354 3258 1569 3311 divinus
1601 3259 1837 3326 Spiritus
1864 3258 2002 3314 hanc
2043 3260 2183 3313 blas-

603 3349 972 3420 phematttiutn
1016 3350 1393 3405 haereticorum
1436 3351 1868 3420 perversitatem,
1916 3350 1998 3406 his
2036 3351 2185 3407 omni

604 3430 805 3497 mundo
836 3444 1001 3497 Deum
1029 3443 1118 3512 qui
1152 3444 1473 3497 nascebatur
1525 3458 1705 3497 rerum
1745 3445 1976 3507 ipsarum
2023 3460 2184 3500 voca-

605 3534 745 3589 bulis
772 3534 1193 3599 demonstravit;
1222 3544 1277 3588 ut
1303 3534 1463 3589 etiam
1492 3537 1535 3589 si
1568 3538 1944 3605 blasphemare
1967 3538 2181 3593 haereti-

604 3639 699 3679 cus
719 3635 1006 3693 qumreret.
1039 3626 1383 3692 blaSphemia:
1420 3636 1593 3681 tamen
1648 3627 1821 3682 locmn
1872 3628 2081 3696 penitus
2103 3630 2185 3682 in-

605 3718 793 3771 venire
819 3731 924 3771 non
954 3728 1159 3785 posset.
1193 3713 1361 3771 Filius
1383 3733 1533 3787 ergo,
1555 3717 1748 3788 inquit,
1803 3731 1954 3772 natus
1985 3729 2056 3773 est
2086 3737 2179 3773 no-

602 3807 699 3876 bis,
728 3808 967 3877 parvulus
988 3809 1135 3861 datus
1165 3820 1238 3862 est
1283 3809 1449 3873 nobis,
1479 3812 1623 3873 cuius
1671 3812 1984 3881 principatus
2030 3829 2184 3883 super

603 3900 869 3954 humerum
900 3901 1032 3971 ejus,
1057 3910 1102 3954 et
1132 3902 1392 3955 vocabitur
1420 3919 1599 3955 nomen
1627 3906 1740 3975 ejus
1783 3908 1955 3975 magni
1980 3907 2182 3961 consilii

600 3996 830 4057 nuntius,
857 3992 1013 4058 Deus,
1044 3994 1212 4064 fortis,
1236 4005 1380 4065 pater
1405 3996 1566 4065 futuri
1592 3996 1786 4061 stcculi,
1826 4001 2061 4070 princeps
2091 4018 2183 4062 pa-

601 4084 693 4137 cis.
728 4084 1019 4139 Parvulum
1074 4086 1215 4140 hune
1245 4087 1337 4153 qui
1389 4096 1544 4141 natus
1573 4098 1675 4154 est,
1716 4102 1770 4144 et
1802 4094 1946 4158 pacis
1987 4094 2183 4161 princi-

604 4188 726 4244 pem
752 4190 871 4231 esse
906 4174 1108 4241 docuit,
1142 4187 1195 4231 et
1220 4177 1381 4231 futuri
1414 4178 1596 4231 smcnli
1630 4194 1860 4247 patrem,
1887 4190 1943 4234 et
1990 4183 2177 4251 Deum,

599 4266 815 4322 fortem.
848 4267 979 4334 Quis
1005 4277 1089 4323 est
1124 4268 1518 4338 tergiversandi
1557 4269 1754 4324 locus?
1787 4272 2030 4340 separari
2059 4289 2180 4343 par-

600 4357 756 4411 vulus
787 4358 873 4412 hic
897 4359 987 4428 qui
1017 4370 1168 4413 natus
1194 4368 1279 4415 est
1304 4375 1334 4412 a
1363 4359 1472 4414 Deo
1498 4361 1587 4430 qni
1612 4361 1664 4415 itt
1693 4377 1759 4416 eo
1785 4373 1941 4417 natus
1962 4376 2043 4418 est
2071 4380 2176 4420 non

598 4456 809 4515 potest;
833 4448 975 4503 hunc
1001 4450 1143 4503 enim
1174 4465 1331 4518 quem
1359 4462 1539 4504 natum
1571 4452 1727 4518 dixit,
1762 4465 1969 4523 patrem
2014 4456 2175 4511 futuri

2288 3265 2486 3320 utilitas
2513 3264 2781 3333 corporis,
2814 3266 2894 3318 vel
2925 3263 3242 3317 contumelia
3274 3261 3579 3329 passionis;
3606 3274 3727 3312 cum
3760 3258 3864 3311 uti-

2286 3374 2391 3427 que
2419 3372 2615 3427 angere
2663 3357 2715 3410 in
2748 3355 2906 3410 nobis
2934 3354 3182 3409 affectum
3211 3353 3326 3420 ejus
3354 3363 3408 3405 ct
3432 3352 3630 3405 (ultum
3671 3352 3867 3404 debeat

2285 3450 2370 3503 vel
2397 3448 2638 3517 dignatio
2685 3457 2794 3501 tam
2824 3444 3041 3499 humilis
3067 3444 3379 3506 nativitatis,
3413 3442 3495 3495 vel
3527 3443 3703 3510 pietas
3760 3450 3865 3495 tam

2286 3542 2515 3604 benigna
2559 3539 2834 3611 patientis,
2884 3540 3006 3608 quia
3058 3537 3346 3591 maximum
3386 3536 3567 3602 utique
3594 3546 3645 3587 et
3676 3535 3868 3587 imma-

2286 3634 2565 3689 nissimum
2595 3635 2771 3690 scelus
2813 3641 2918 3697 est,
2946 3641 3004 3684 ut
3032 3631 3153 3686 ideo
3181 3629 3318 3699 apud
3350 3643 3447 3683 nos
3479 3634 3656 3682 minus
3687 3627 3857 3682 hono-

2285 3728 2360 3784 ris
2390 3728 2605 3795 habeat,
2627 3729 2750 3797 quia
2782 3728 2901 3796 plus
2931 3725 3129 3779 amoris
3159 3723 3437 3792 impendit.

2911 3862 3138 3918 CAPUT
3168 3861 3257 3917 iV.

2287 3977 2371 4033 Ea:
2450 3977 2683 4049 apostolo
2730 3976 2915 4045 .Paulo
2980 3977 3210 4116 ejnfsdem
3260 3974 3505 4027 doctrina:
3572 3971 3868 4025 testimonia

2954 4063 3046 4115 pro
3074 4057 3170 4099 ert.

2954 4057 3170 4115 profert.

2355 4180 2461 4237 Sed
2493 4180 2578 4234 his
2605 4180 2838 4243 omissis,
2888 4194 3005 4247 quze
3051 4176 3313 4245 explicari
3360 4176 3479 4229 ideo
3507 4174 3657 4229 nullo
3704 4176 3870 4231 modo

2284 4282 2527 4342 possunt,
2552 4272 2673 4341 quia
2697 4273 2835 4326 sicut
2884 4268 3220 4324 immensitas
3272 4268 3658 4321 beneﬁciorum
3694 4267 3865 4333 illius,

2284 4365 2356 4418 ita
2387 4373 2441 4418 et
2464 4365 2651 4421 relatio
2682 4366 2897 4419 modum
2946 4379 3051 4418 non
3084 4363 3265 4425 habet,
3310 4371 3525 4431 tempus
3551 4371 3635 4415 est
3673 4371 3733 4414 ut
3760 4361 3871 4415 for-

2283 4456 2549 4509 tissimum
2596 4456 2664 4511 de
2710 4472 2776 4510 eo
2826 4472 2889 4511 ac
2938 4456 3434 4510 manifestissimum
3495 4462 3684 4505 teStem
3748 4453 3870 4522 ejus

596 4538 779 4592 saeculi
810 4539 1138 4604 nominavit;
1170 4539 1314 4593 hunc
1342 4556 1502 4609 quem
1560 4545 1843 4610 parvulum
1898 4543 2581 4617 nuncupa-Daposutlunt
2640 4547 2865 4601 Paulum
2924 4547 3306 4609 consulamus;
3359 4542 3669 4597 fidelissime
3718 4545 3869 4596 enim

596 4632 673 4685 vit
699 4631 889 4699 Deum,
918 4631 1112 4688 fortem
1135 4632 1407 4703 pradixit.
1449 4633 1586 4701 Quid
1608 4645 1713 4701 est,
1743 4635 2033 4706 baeretice,
2062 4655 2171 4709 quo

2278 4640 2437 4693 nobis
2486 4638 2666 4693 omnia
2698 4638 2763 4693 de
2800 4638 2912 4693 Deo
2949 4636 3130 4692 dicere
3157 4644 3358 4706 potest,
3401 4650 3431 4689 e
3467 4634 3620 4711 cujus
3647 4648 3871 4704 semper

1646 4770 1900 4826 ALARDI
1939 4771 2166 4827 GAZ/El
2205 4772 2777 4830 COMMENTARIUS.

667 4888 691 4918 ι
724 4879 931 4953 Debent
951 4879 1066 4953 haec
1092 4882 1199 4935 duo
1221 4881 1479 4937 vocabula
1504 4880 1807 4953 disjunctim
1855 4886 1978 4953 legi,
2020 4902 2168 4941 eom—

597 4960 739 5005 mate
766 4952 967 5006 scilicet
996 4950 1329 5020 interposito.
1360 4970 1480 5006 cum
1525 4950 1633 5009 sint
1660 4954 1767 5007 dtio
1795 4950 2043 5009 distincta
2078 4974 2169 5010 vo-

596 5022 783 5094 eabula
806 5038 897 5075 seu
923 5025 1159 5094 epitheta
1189 5023 1390 5089 parvuli
1419 5023 1565 5077 illius
1593 5040 1747 5094 quem
1784 5025 2041 5093 propheta
2074 5043 2167 5079 no-

596 5089 897 5163 iiisnatutn
931 5089 1052 5146 esse
1090 5091 1240 5156 dicit,
1274 5108 1499 5160 quorum
1551 5089 1837 5163 uti-umque
1885 5089 2031 5161 apud
2073 5097 2170 5151 lie-

592 5157 770 5285 :meos
810 5162 902 5215 Dei
926 5176 1117 5216 nomen
1146 5173 1250 5218 est.
1295 5157 1371 5217 ita
1412 5165 1572 5219 docet
1591 5164 1657 5221 D.
1704 5157 2060 5235 Hieronyhms
2103 5181 2168 5221 eo

616 5245 721 5285 OCI.

616 5245 721 5285 OCI.

630 5370 642 5382 .
721 5300 1328 5382 Qttastamen,‘propt_er_
1355 5304 1614 5382 unionem
1671 5305 2056 5374 hypostaticam
2086 5305 2169 5361 di-

593 5373 830 5446 vinitatis
858 5383 910 5427 et
930 5375 1130 5446 carnis,
1165 5375 1251 5426 uni
1283 5374 1565 5443 eidemque
1596 5373 1841 5444 personae
1889 5389 1943 5430 ct
1972 5391 2169 5446 suppo-

593 5441 696 5495 sito
725 5443 906 5495 divino
926 5444 1124 5511 pariter
1154 5441 1498 5498 conveniunt.

668 5522 690 5551 ε
719 5514 920 5568 Numen
961 5514 1109 5574 J89",
1154 5531 1344 5568 nomen
1399 5517 1618 5568 hominis
1664 5521 1905 5581 suscepti,
1958 5518 2009 5570 id
2062 5527 2163 5583 est,

593 5577 938 5637 humanitatis
992 5596 1297 5647 assumpto,
1330 5596 1384 5638 ιιι
1410 5587 1653 5654 superius
1699 5577 2016 5649 explicatum
2052 5577 2162 5649 est;

590 5655 676 5704 vel
698 5654 894 5705 Christi
918 5656 1209 5723 secundum
1240 5658 1645 5719 hutnanita'etu,
1684 5658 1973 5710 St‘t‘iilllilllll
2008 5675 2163 5723 quam

590 5724 839 5779 cut-venit
861 5726 910 5780 ci
940 5720 1079 5780 uiili‘i
1107 5742 1171 5779 -ttt
1201 5725 1498 5781 Salvaltitis
1526 5739 1574 5777 et
1603 5729 1998 5800 Redemptoris,
2026 5720 2167 5798 quin]

2274 4887 2375 4943 itoc
2411 4888 2623 4941 nomine
2668 4887 2971 4941 denotatur.
3037 4887 3181 4942 Unus
3236 4888 3368 4942 enim
3418 4886 3679 4940 Mediator
3702 4888 3803 4942 Dei
3825 4900 3873 4943 et

2273 4956 2991 5029 hominum,ltomo_Citristus
3035 4955 3189 5029 Jesus
3232 4959 3276 5029 (l
3334 4956 3517 5029 Timet.
3574 4956 3659 5026 ιι).
3715 4960 3869 5025 lloc,

2273 5040 2467 5092 supple
2499 5042 2689 5080 nomen
2723 5026 2838 5089 Dei,
2872 5029 3011 5096 quod
3037 5028 3091 5081 in
3125 5026 3343 5082 nomine
3384 5028 3701 5083 Emmanuel
3730 5044 3870 5085 con-

2276 5100 2500 5161 tinctnt',
2531 5108 2585 5150 ct
2605 5100 2705 5149 alia
2745 5096 2868 5149 huic
2896 5098 3111 5150 similia.

2346 5168 2370 5204 ά
2399 5170 2448 5221 lti
2476 5180 2582 5228 est,
2610 5167 2800 5221 divina:
2822 5176 2877 5221 et
2904 5176 3119 5220 :rlcrtta!
3146 5168 3463 5233 majestatis.

2278 5308 2311 5362 h
2350 5248 2371 5274 ε
2405 5238 2598 5319 ld'ost,
2635 5238 2689 5291 in
2736 5238 3084 5304 humanitate,
3117 5248 3173 5291 ut
3201 5254 3385 5308 supra,
3414 5254 3516 5291 non
3544 5235 3595 5292 in
3628 5253 3872 5311 persona

2320 5322 2530 5361 ιιιιιιειις.

2320 5322 2530 5361 ΠΙὩΙΗΙΕ.

2350 5378 2367 5415 ί
2403 5380 2477 5432 ιω
2525 5378 2881 5448 Hieronymus
2906 5392 2969 5430 ex
2999 5378 3243 5441 llebrteo,
3280 5392 3333 5433 et
3364 5388 3447 5433 est
3478 5379 3699 5449 Vulgata
3743 5397 3875 5437 ver-

2275 5449 2375 5502 sio.
2412 5452 2755 5517 Spw-gnta
2804 5462 2950 5505 vero,
2986 5459 3040 5499 nt
3071 5449 3183 5518 ipse
3236 5450 3432 5502 thttlent
3484 5461 3653 5511 notat,
3695 5452 3874 5505 inter-

2275 5520 2470 5588 pretati
2497 5527 2625 5593 sunt
2656 5536 2667 5570 :
2699 5520 3012 5593 εἰᾼτττερυιεῑ³
3044 5520 3092 5570 ιιι
3119 5522 3307 5593 est,_si
3336 5522 3697 5593 supplantaliil
3720 5563 3735 5585 ,
3769 5537 3875 5590 pro

2274 5587 2379 5655 ip...
2422 5590 2631 5655 Aquila,
2656 5598 2702 5641 el
2737 5587 3115 5654 Sytiitnachns,
3148 5598 3198 5639 et
3222 5588 3530 5641 Thcotlotio
3565 5587 3876 5659 posuerunt

2274 5670 2343 5730 μή
2375 5662 2738 5732 ἀποστερέσιι,
2764 5659 2811 5709 id
2842 5667 2943 5723 est,
2976 5660 3029 5732 si
3054 5660 3337 5732 l'tattd'tltit,
3367 5670 3423 5732 ut
3454 5662 3519 5732 sit
3543 5677 3740 5732 sensus
3771 5679 3784 5692 '
3814 5663 3875 5719 Si

2276 5734 2481 5787 l‘taudat
2508 5729 2669 5782 hoino
2698 5734 2875 5793 Deum,
2940 5729 3067 5798 quia
3104 5744 3196 5783 vos
3236 5730 3530 5787 fraudaslis
3563 5730 3695 5783 inter
