3970 6344
3143 266 3179 293 ς

218 293 296 356 α
1260 296 1347 353 na
1389 292 1908 356 INCARNATIONE
1942 293 2217 360 CHRISTI
2255 304 2385 365 LIB.
2427 307 2493 369 ιι,
3174 292 3177 293 ί
3454 329 3525 389 ts

164 390 183 415 ’
235 422 450 488 pectore
470 412 686 472 locutus
743 420 829 471 est
884 412 1051 470 Deus.
1102 413 1356 472 Testatur
1412 432 1543 488 ergo
1586 420 1641 474 in
1687 418 2107 483 huncADeum
2155 439 2277 483 esse
2333 427 2627 487 didicisset.
2686 430 3095 508 Exspectautes,
3150 440 3321 513 inquit
3379 446 3525 507 idem

234 508 449 566 modum
498 508 569 566 de
589 508 761 580 gratia
788 518 952 579 atque
979 507 1213 565 adventu
1247 510 1457 566 Domini
1494 510 1587 567 Dei
1624 512 1821 581 nostri,

230 603 428 659 missus
447 600 517 656 ad
548 601 935 658 destruendum
962 602 1181 673 gentilis
1229 605 1631 676 superstitionis
1674 621 1827 663 ει·ιοο

231 711 342 753 rem
374 694 583 752 electus
610 697 855 767 gentium
886 699 1146 769 magister
1190 716 1205 755 :
1235 708 1260 736 ει
1288 700 1579 773 Apparuit,
1620 701 1824 772 inquit,

228 791 392 861 gratia
426 790 525 844 Dei
545 800 593 844 et
620 788 910 845 Saluatoris
932 793 1094 847 nostri
1110 792 1345 849 omnibus
1363 793 1674 862 hominibus,
1708 812 1829 850 eru-

230 880 375 934 diens
400 897 494 935 nos
526 890 581 935 ut
606 880 913 953 abnegantes
940 882 1253 954 impietatem
1295 894 1341 938 et
1383 885 1654 940 stecularia
1691 885 1830 940 desi-

230 971 394 1035 deria,
420 972 588 1029 sobrie
606 984 655 1028 et
674 974 759 1045 pie
778 984 826 1028 et
830 977 974 1045 juste
995 976 1224 1031 vivamus
1251 976 1304 1030 in
1328 976 1423 1032 hoc
1472 978 1688 1047 mundo,
1741 995 1831 1033 ea:-

230 1071 512 1135 spectantes
530 1066 730 1120 beatam
748 1083 890 1135 spem
910 1076 959 1120 et
981 1067 1258 1123 adventum
1286 1068 1469 1140 gloria:
1510 1072 1686 1143 magni
1708 1069 1826 1138 Dei,

227 1153 588 1212 «Saluatoris
615 1158 778 1213 nostri
821 1156 949 1213 Jesu
989 1158 1182 1214 Christi
1225 1160 1356 1229 (Tit.
1408 1162 1495 1233 ιι).
1548 1164 1825 1235 Apparuit,

230 1248 419 1320 inquit,
447 1252 619 1323 gratia
638 1251 736 1307 Dei
757 1251 1049 1309 Saluatoris
1076 1255 1260 1309 nostri.
1286 1255 1431 1311 Bene
1475 1272 1715 1328 congruo
1760 1257 1830 1313 ad

231 1345 629 1403 ostendendum
659 1364 813 1404 novas
841 1347 1031 1420 gratiae
1088 1358 1143 1406 et
1188 1352 1563 1422 generationis
1629 1354 1832 1409 adven-

231 1446 338 1492 tum
366 1454 629 1496 sermone
650 1455 782 1496 usus
809 1450 914 1497 est.
943 1442 1139 1498 Dicens
1159 1444 1329 1510 enim,
1360 1445 1626 1515 apparuit,
1648 1456 1827 1503 ortum

228 1546 378 1587 novae
406 1535 598 1604 gratia:
614 1550 679 1591 ac
705 1536 998 1591 nativitatis
1019 1538 1316 1608 expressit.
1348 1537 1475 1609 quia
1510 1539 1705 1595 exinde
1736 1554 1831 1611 ap-

230 1640 418 1696 parere
437 1627 643 1684 donum
672 1629 860 1698 gratiae
890 1644 1044 1684 nova:
1091 1630 1278 1701 coepit,
1302 1646 1371 1687 ex
1422 1647 1530 1702 quo
1588 1632 1729 1688 Deus
1776 1633 1831 1689 in

229 1719 432 1776 mundo
460 1732 621 1777 natus
649 1722 919 1792 apparuit.
954 1723 1122 1793 Digna
1154 1738 1283 1794 ergo
1327 1734 1383 1779 et.
1420 1738 1659 1795 congrua
1689 1726 1831 1782 hanc

1929 514 2246 614 Apostolus,
2281 520 2479 578 beatam
2524 541 2686 598 spem,
2743 538 2790 585 et
2814 530 3088 590 adventum
3132 536 3317 608 gloria:
3350 544 3525 614 magni

1930 605 2052 703 Dei,
2092 619 2149 703 Aet
2180 610 2474 671 Saluatoris
2502 620 2665 674 nostri
2693 620 2821 677 Jesu
2851 622 3068 682 Christi.
3101 605 3250 685 Vidit
3280 605 3524 703 profecto

1932 698 2029 756 ille
2074 701 2273 760 divinae
2327 707 2608 776 sapientiae
2658 712 2849 770 doctor
2877 716 2945 772 ad
2975 698 3525 781 insidiosas-callidi-

1934 802 2072 850 tates
2093 794 2376 854 diabolicae
2397 802 2666 870 captionis
2686 806 2987 878 simplicem
3013 816 3388 872 tantummodo
3413 833 3526 875 non

1932 887 2186 945 sufﬁcere
2216 889 2540 962 doctrinam,
2576 898 2680 953 nisi
2711 911 2951 958 sanctam
3000 904 3125 961 ﬁdei
3179 909 3524 978 praedicatio-

1937 994 2060 1036 nem
2094 984 2397 1042 munimine
2418 989 2690 1045 cantionis
2719 1005 3005 1051 armasset.
3032 996 3100 1052 Et
3129 998 3252 1056 ideo
3283 1016 3404 1057 cum
3434 1017 3527 1059 su-

1936 1077 2118 1146 perius
2149 1094 2347 1137 nomen
2380 1081 2476 1138 Dei
2500 1082 2913 1159 Salvatorisqne
2952 1093 3241 1165 posuisset,
3292 1094 3383 1152 hic
3431 1099 3528 1154 ad-

1933 1170 2091 1240 didit,
2118 1172 2245 1229 Jesu
2278 1175 2505 1245 Christi;
2537 1181 2745 1237 scilicet
2772 1198 2838 1238 ne
2866 1184 2933 1239 ad
2965 1186 3380 1256 signiﬁcandum
3412 1192 3528 1248 Do-

1935 1265 2139 1323 minum
2161 1269 2347 1325 Jesnm
2371 1271 2650 1330 Christum
2672 1274 2926 1333 sufﬁcere
2951 1277 3047 1333 tibi
3078 1280 3303 1338 forsitan
3327 1299 3529 1344 nomen

1934 1360 2110 1415 solum
2146 1378 2255 1418 non
2288 1366 2540 1423 crederes
2571 1368 2894 1438 Salvatoris,
2927 1381 2983 1427 et
3013 1388 3119 1430 non
3149 1378 3402 1436 eumdem
3430 1380 3530 1438 Je-

1935 1468 2052 1509 sum
2083 1453 2355 1514 Christum
2394 1460 2563 1516 Deum
2605 1478 2727 1519 esse
2756 1464 3086 1538 intelligeres
3131 1485 3290 1540 quem
3337 1472 3530 1529 Salva-

1937 1555 2109 1604 torem
2139 1550 2311 1607 Deum
2360 1568 2481 1610 esse
2511 1558 2881 1627 cognovisses.
2914 1560 3051 1629 Quid
3092 1576 3224 1635 ergo
3258 1566 3366 1620 ait?
3418 1566 3531 1623 Ea:-

1934 1653 2243 1711 spectantes,
2276 1644 2470 1715 inquit,
2505 1648 2705 1704 beatam
2740 1668 2904 1722 spem,
2956 1665 3004 1709 et
3050 1658 3322 1712 adventum
3350 1659 3532 1731 gloria:

1937 1737 2111 1806 magni
2127 1734 2227 1791 Dei
2246 1748 2293 1793 et
2320 1738 2612 1797 Saluatoris
2633 1746 2793 1799 nostri
2809 1745 2939 1802 Jesu
2961 1744 3173 1805 Christi.
3190 1750 3335 1807 Niltil
3358 1752 3445 1809 hic
3463 1754 3534 1810 de

228 1828 379 1870 novae
406 1815 600 1885 gratim
629 1815 806 1872 lucem
833 1816 986 1872 verbi
1042 1818 1396 1887 proprietate,
1447 1823 1601 1890 quasi
1658 1820 1830 1891 digito
1859 1827 1909 1889 B
1948 1832 2260 1888 nominibus
2274 1832 2490 1889 Domini
2510 1838 3130 1906 nostrideest,etDeum
3152 1845 3535 1912 hic,etSalva-

227 1908 522 1976 indicante,
557 1910 899 1966 monstravit.
958 1911 1071 1966 Hoc
1111 1914 1258 1968 enim
1304 1913 1618 1971 rectissime
1661 1931 1831 1987 appa-

228 2004 396 2060 ruisse
430 2004 655 2074 dicitur,
689 2005 833 2077 quod
860 2007 1040 2062 subita
1086 2008 1241 2078 quasi
1296 2010 1657 2079 apparitionis
1712 2013 1833 2069 luce

229 2104 585 2153 monstratur.
611 2097 763 2154 Sicut
791 2098 843 2153 in
887 2098 1200 2171 Evangeliis
1252 2102 1569 2171 apparuisse
1613 2105 1829 2162 stellam

231 2188 389 2259 magis
424 2190 793 2246 orientalibus
843 2191 1069 2262 legimus
1120 2190 1336 2265 (Matth.
1366 2193 1468 2266 tt);
1511 2204 1566 2251 et
1610 2196 1665 2252 in
1690 2198 1835 2254 Exo-

237 2281 312 2350 do,
340 2282 639 2352 Apparuit,
672 2284 866 2356 inquit.
914 2283 1052 2339 Mosi
1101 2287 1315 2358 angelus
1346 2288 1399 2342 in
1447 2288 1565 2359 igne
1610 2293 1835 2362 ﬂammat

243 2376 332 2430 rubi
360 2375 579 2449 (Exod.
614 2377 721 2449 ιιι).
754 2378 811 2433 ln
831 2378 1084 2436 omnibus
1132 2379 1275 2435 enim
1331 2391 1386 2436 et
1414 2382 1495 2437 bis
1518 2392 1571 2439 et
1598 2386 1720 2441 aliis
1759 2387 1837 2441 vi-

235 2467 476 2523 sionihus
506 2470 681 2524 sacris
706 2469 808 2525 hoc
833 2469 1095 2526 utendum
1121 2471 1211 2526 vel
1234 2474 1471 2531 maxime
1486 2476 1655 2532 verbo
1682 2477 1835 2535 Scri-

232 2571 375 2632 ptura
400 2561 768 2632 existimavit,
794 2573 855 2619 ut
904 2564 1223 2635 apparuisse
1268 2565 1389 2623 hac
1438 2568 1665 2638 diceret,
1712 2587 1837 2642 qua:

232 2654 446 2711 insolita
476 2655 729 2712 claritate
779 2657 1070 2729 fulgerent.
1119 2658 1199 2715 Ita
1254 2676 1385 2732 ergo
1432 2673 1487 2719 et
1538 2667 1838 2736 Apostolus

230 2749 398 2805 sciens
420 2749 717 2805 adventum
760 2751 1002 2808 ccelestis
1057 2755 1268 2823 gratiae,
1316 2771 1437 2825 quae
1490 2769 1618 2815 ortu
1667 2775 1839 2817 sacrm

232 2842 528 2898 nativitatis
558 2844 829 2916 apparuit,
858 2845 1027 2901 verbo
1052 2860 1171 2901 eam
1219 2845 1439 2918 fulgidae
1477 2852 1839 2922 apparitionis

231 2938 525 3008 expressit,
556 2948 616 2994 ut
643 2940 964 3011 apparuisse
995 2941 1185 3010 utique
1233 2941 1286 2997 id
1314 2942 1523 3000 diceret
1565 2946 1709 3015 quod
1734 2962 1839 3003 no-

233 3047 308 3088 va:
338 3033 492 3090 lucis
522 3032 816 3104 splendore
870 3034 1130 3091 radiaret.
1176 3038 1440 3108 Apparuit
1486 3054 1616 3110 ergo
1666 3043 1837 3112 gratia

231 3126 317 3182 Dei
344 3125 660 3184 Salvatoris
699 3128 894 3183 nostri.
935 3127 1206 3199 Numquid
1262 3131 1473 3186 causari
1505 3132 1591 3188 hic
1638 3134 1839 3206 aliquid

234 3220 383 3291 quasi
407 3218 485 3275 de
512 3221 867 3292 ambiguitate
892 3221 1171 3278 nominum
1203 3233 1380 3295 potes,
1410 3236 1469 3281 ut
1518 3227 1665 3283 dicas
1694 3230 1837 3286 aliud
1864 3215 1912 3279 C
1946 3264 2085 3304 unus
2112 3215 2275 3305 δευε,

230 3332 343 3374 esse
362 3318 680 3387 Christum,
711 3320 863 3375 aliud
897 3321 1099 3376 Deum?
1127 3330 1184 3379 ut
1214 3321 1554 3380 Salvatorem
1581 3340 1609 3380 a
1641 3326 1839 3398 majes-

232 3420 333 3468 tate
355 3414 607 3469 nominis
640 3416 723 3470 sui
773 3414 1065 3481 distrahas,
1121 3426 1176 3471 et
1228 3417 1512 3473 Dominum
1563 3419 1735 3491 [Lips.
1782 3424 1835 3476 in

234 3523 393 3580 marg.
438 3506 635 3581 Deum]
654 3524 686 3563 a
714 3507 998 3564 divinitate
1026 3510 1317 3565 secernas?
1344 3511 1483 3567 Ecce
1512 3512 1599 3567 hic
1627 3515 1710 3569 vir
1741 3514 1836 3571 Dei

230 3616 295 3657 ex
321 3604 437 3661 Deo
472 3603 743 3675 loquitur,
790 3613 846 3660 et
897 3605 1217 3675 apparuisse
1262 3621 1329 3662 ex
1384 3607 1551 3662 Maria
1610 3611 1838 3679 gratiam

231 3694 322 3751 Dei
381 3695 802 3753 evidentissima
857 3697 1241 3768 praedicatione
1308 3709 1558 3756 testatur.
1624 3706 1702 3757 Ac
1770 3718 1839 3759 ne

230 3786 367 3845 forte
440 3804 555 3846 ιιοιι
594 3806 663 3846 ex
735 3790 902 3846 Maria
968 3792 1137 3847 Deum
1209 3793 1526 3863 apparuisse
1594 3794 1836 3864 diceres,

232 3893 433 3938 nomen
470 3883 654 3938 statim
697 3882 905 3939 addidit
974 3883 1311 3952 Salvatoris,
1368 3887 1580 3942 scilicet
1630 3896 1691 3943 ut
1714 3905 1838 3945 eum

234 3986 417 4032 natum
474 3990 542 4032 ex
586 3976 755 4032 Maria
802 3977 966 4032 Deum
1000 3977 1274 4044 crederes,
1306 3994 1463 4050 quem
1496 3980 1839 4039 Salvatorem

234 4081 417 4127 natum
453 4085 659 4143 negare
687 4086 793 4127 non
824 4072 1022 4142 possis,
1044 4073 1199 4142 juxta
1226 4072 1355 4128 illud
1384 4090 1399 4128 :
1432 4073 1568 4140 Quia
1596 4087 1748 4132 natus
1763 4087 1840 4133 est

233 4165 369 4220 vobis
395 4164 563 4219 hodie
592 4164 833 4221 Saluator
859 4164 1010 4239 (Luc.
1035 4166 1115 4237 ιι).
1147 4164 1192 4221 Ο
1222 4165 1598 4224 admirabilem
1634 4180 1688 4226 et
1714 4186 1841 4229 vere

235 4272 263 4312 a
293 4258 407 4314 Deo
440 4257 635 4313 datum
668 4258 918 4328 gentibus
953 4261 1303 4331 magistrum!
1337 4260 1427 4332 qui
1467 4261 1646 4319 sviens
1689 4263 1838 4321 futu-

232 4363 344 4406 ram
377 4350 532 4406 hanc
567 4351 836 4408 haeretica;
863 4352 1147 4423 pravitatis
1176 4352 1461 4423 insaniam,
1509 4370 1629 4426 quae
1670 4355 1722 4413 in
1768 4358 1840 4414 li-

234 4452 339 4499 tem
391 4443 666 4500 vocabula
715 4444 813 4500 Dei
861 4452 1121 4512 verteret,
1171 4454 1226 4502 et
1251 4447 1569 4503 calumniari
1617 4450 1729 4507 Deo
1770 4451 1839 4509 de

232 4536 346 4592 suis
373 4536 704 4592 nominibus
734 4552 843 4593 non
896 4538 1134 4607 timeret,
1180 4554 1249 4596 ne
1273 4538 1571 4597 Salvatoris
1601 4543 1837 4599 vocabu-

230 4628 339 4685 lum
388 4630 691 4687 hereticus
720 4646 749 4685 a
794 4631 1079 4689 divinitate
1130 4644 1464 4703 secerneret,
1500 4652 1695 4693 nomen
1739 4614 1915 4695 DeiD

231 4732 357 4780 ante
407 4725 712 4795 praemisit;
767 4726 976 4783 scilicet
1022 4734 1080 4783 ut
1124 4728 1463 4798 praemissum
1496 4729 1588 4786 Dei
1638 4745 1833 4789 nomen

232 4816 413 4871 omnia
445 4816 556 4872 sibi
586 4832 707 4887 qua:
736 4827 1099 4890 sequerentur
1129 4820 1347 4876 nomina
1376 4820 1707 4890 vindicaret,
1740 4840 1836 4882 ne-

232 4924 338 4979 que
366 4912 524 4968 ullus
554 4912 610 4967 in
638 4914 994 4984 sequentibus
1042 4914 1341 4970 solitarium
1389 4930 1512 4975 esse
1558 4916 1835 4975 hominem

232 5005 517 5063 Christum
558 5005 832 5075 crederet,
865 5024 1025 5079 quem
1058 5009 1111 5065 in
1155 5009 1331 5079 primo
1358 5008 1539 5065 statim
1574 5012 1837 5071 vocabulo

1936 1934 2130 1995 torem,
2149 1937 2206 1985 et
2226 1929 2413 1986 Jesum
2433 1941 2488 1987 et
2506 1933 2781 1991 Christum
2805 1938 2979 1995 vides.
2995 1939 3099 1997 Sed
3123 1943 3300 1998 omnia
3318 1944 3434 2001 haec
3454 1948 3535 2002 vi-

1935 2017 2090 2087 dens,
2106 2024 2285 2079 omnia
2303 2024 2354 2080 in
2377 2025 2487 2082 Deo
2500 2042 2622 2084 esse
2644 2032 2928 2102 perspicis.
2944 2034 3153 2090 Audisti
3178 2038 3320 2092 enim
3338 2038 3530 2109 Deum,

1936 2113 2033 2169 sed
2058 2114 2425 2173 Salvatorem.
2458 2120 2669 2176 Audisti
2700 2120 2904 2192 Deum,
2955 2125 3049 2181 sed
3081 2126 3287 2185 Jesum.
3319 2130 3535 2189 Audisti

1937 2208 2111 2265 Deum
2133 2225 2280 2280 esse,
2310 2212 2405 2268 sed
2428 2213 2725 2273 Christum.
2750 2217 3006 2286 Separari
3033 2220 3131 2275 hoc
3154 2222 3538 2292 appellationis

1937 2303 2263 2361 diversitate
2290 2321 2397 2361 non
2423 2307 2589 2375 valet,
2623 2310 2766 2378 quod
2792 2310 3047 2367 divinitas
3079 2314 3281 2370 unitate
3308 2315 3537 2386 conjun-

1937 2397 2035 2452 xit.
2069 2397 2340 2469 Quidquid
2368 2400 2501 2455 libet
2526 2400 2596 2457 de
2622 2401 2708 2457 his
2733 2404 3072 2473 requisieris,
3100 2406 3242 2462 idem
3270 2409 3536 2467 invenies.

1940 2490 2190 2549 Salvator
2219 2494 2364 2550 Deus
2411 2506 2517 2564 est,
2573 2497 2734 2553 Jesus
2785 2498 2924 2554 Deus
2954 2509 3057 2565 est,
3086 2500 3336 2559 Christus
3393 2505 3539 2564 Deus

1940 2594 2024 2640 est
2054 2602 2070 2640 :
2097 2602 2256 2643 omne
2289 2587 2394 2646 hoc
2417 2588 2564 2661 quod
2596 2590 2775 2661 audis,
2805 2590 2835 2630 δ
2862 2592 3072 2662 plurale
3120 2606 3205 2652 est
3244 2602 3539 2670 nuncupa-s'

1943 2684 2113 2754 tione,
2140 2686 2238 2743 sed
2269 2702 2435 2743 unum
2467 2696 2551 2744 est
2575 2697 2866 2759 potestate.
2896 2690 3031 2758 Quia
3062 2707 3183 2748 cum
3210 2703 3264 2749 et
3284 2695 3538 2755 Salvator

1943 2777 2086 2835 Deus
2121 2779 2210 2852 sit,
2236 2790 2290 2836 et
2319 2780 2479 2837 Jesus
2502 2781 2666 2850 Deus,
2694 2791 2749 2839 et
2772 2781 3019 2841 Christus
3048 2786 3213 2854 Deus,
3237 2787 3541 2858 intelligere

1944 2878 2190 2940 apertum
2213 2881 2295 2928 est
2324 2873 2468 2944 quod
2499 2875 2679 2929 omnia
2714 2874 2829 2931 haec
2858 2876 3266 2949 diStinguuntur
3297 2881 3542 2951 appellas

1946 2966 2114 3034 tione,
2145 2967 2240 3022 scd
2274 2968 2578 3039 junguntur
2628 2970 2932 3040 majestate.
2969 2972 3035 3027 Et
3076 2989 3200 3030 cum
3234 2975 3542 3034 evidentis—

1945 3059 2082 3114 sime
2110 3060 2302 3116 audias
2330 3062 2474 3132 quod
2508 3078 2648 3119 unus
2673 3064 2725 3118 in
2755 3064 2981 3134 singulis
3008 3077 3348 3138 nuncupatur
3370 3068 3541 3140 Deus,

1950 3153 2249 3225 intelligere
2279 3154 2469 3227 utique
2501 3166 2689 3227 aperte
2720 3168 2873 3228 potes
2904 3158 3051 3229 quod
3080 3168 3165 3216 est
3200 3160 3255 3216 in
3287 3164 3543 3220 omnibus

2310 3255 2386 3306 Ac
2421 3253 2499 3307 sic
2544 3267 2649 3307 non
2680 3251 2810 3308 licet
2838 3253 2933 3309 tibi
2959 3253 3072 3323 jam
3104 3270 3171 3311 ex
3195 3256 3543 3314 dissimilitu—

1943 3341 2071 3398 dine
2128 3342 2425 3401 DOminicze
2467 3345 2884 3416 nuncupationis
2931 3362 3177 3418 quaerere
3225 3350 3543 3423 discrepans

1945 3436 2072 3492 tiam
2105 3439 2415 3509 potestatis,
2444 3448 2499 3495 et
2529 3455 2628 3510 pro
2658 3440 2923 3495 varietate
2954 3442 3334 3513 appellationis
3359 3444 3542 3501 diver-

1943 3533 2160 3587 sitatem
2202 3532 2383 3589 facere
2414 3548 2683 3605 personae.
2717 3532 2834 3588 Non
2865 3534 2987 3590 licet
3033 3535 3216 3592 dicere
3246 3554 3259 3588 :
3292 3534 3541 3593 Christus

1943 3642 2007 3683 ex
2028 3628 2193 3682 Maria
2224 3636 2387 3683 natus
2408 3636 2510 3695 est,
2528 3637 2581 3683 et
2600 3643 2707 3683 non
2736 3627 2909 3695 Deus;
2942 3628 3231 3697 Apostolus
3246 3630 3388 3685 enim
3409 3645 3544 3701 pro-

1943 3719 2354 3777 clamatzDeus.
2386 3719 2503 3777 Non
2531 3722 2655 3777 licet
2680 3721 2881 3791 dicere,
2908 3720 3068 3778 Jesus
3093 3738 3160 3778 ex
3187 3723 3351 3779 Maria
3379 3734 3543 3782 natus

1943 3823 2061 3881 est,
2092 3827 2145 3872 et
2187 3832 2295 3871 non
2327 3816 2501 3884 Deus;
2536 3814 2831 3887 Apostolus
2871 3818 3017 3872 enim
3060 3827 3288 3875 testatur
3322 3838 3335 3874 :
3370 3821 3540 3879 Deus.

1944 3910 2063 3966 Non
2094 3911 2220 3968 licet
2249 3910 2433 3967 dicere
2463 3929 2473 3964 :
2506 3911 2757 3968 Salvator
2802 3920 2959 3967 natus
2989 3924 3099 3978 est,
3135 3923 3189 3970 et
3218 3929 3327 3970 non
3356 3915 3539 3983 Deus;

1946 4005 2237 4076 Apostolus
2282 4007 2425 4063 enim
2473 4006 2752 4062 conﬁrmat
2788 4007 2994 4063 :Deus.
3048 4007 3195 4065 Nihil
3233 4020 3315 4066 est
3347 4026 3455 4083 quo
3486 4020 3541 4070 te

1943 4102 2234 4169 conferas;
2275 4101 2538 4174 quidquid
2592 4102 2659 4159 de
2708 4102 3001 4158 Dominicis
3049 4104 3328 4161 vocabulis
3385 4120 3541 4162 sum-

1944 4196 2139 4268 pseris,
2173 4201 2196 4229 ⁸
2229 4196 2372 4251 Deus
2419 4205 2504 4252 est
2548 4194 2691 4266 quod
2735 4196 3059 4252 nominaris.
3090 4196 3237 4252 Nihil
3278 4206 3363 4254 est
3393 4198 3544 4271 quod

1944 4291 2118 4357 dicas,
2149 4289 2281 4345 nihil
2304 4298 2387 4346 est
2408 4287 2553 4359 quod
2576 4288 2796 4353 alieras,
2829 4288 2965 4343 nihil
2992 4290 3135 4359 quod
3167 4289 3415 4360 improba
3444 4288 3542 4346 fal-

1944 4386 2105 4440 sitale
2132 4383 2432 4452 conﬁngas.
2463 4381 2626 4437 Potes
2654 4381 2858 4437 habere
2883 4380 2935 4436 in
2961 4381 3342 4440 incredulitate
3372 4382 3541 4455 impia

1944 4478 2091 4551 quod
2138 4492 2246 4533 non
2295 4475 2510 4541 credas,
2544 4490 2655 4531 non
2684 4474 2855 4532 habes
2905 4475 2959 4531 in
2993 4476 3362 4535 calumniandi
3389 4493 3541 4537 occa-

1938 4573 2095 4629 sione
2115 4570 2260 4643 quod
2282 4569 2538 4639 deneges.

2585 4682 2816 4740 CAPUT
2856 4684 2919 4739 V.

1944 4805 2031 4862 Ex
2056 4805 2239 4880 gratim
2268 4804 2455 4858 diuina:
2479 4800 2777 4880 muneribus
2820 4815 2937 4870 quae
2979 4816 3069 4880 per
3112 4801 3374 4859 Christum
3405 4808 3543 4861 acci.

2185 4878 2373 4946 pimus,
2407 4874 2605 4944 colligit
2633 4876 2801 4945 ipsunt
2832 4886 2947 4927 vere
2975 4870 3144 4927 Deum
3172 4892 3301 4931 esse.

2019 5012 2355 5081 Quamquam
2398 5005 2523 5078 quia
2554 5005 2622 5060 de
2663 5004 2847 5059 divina
2875 5004 2977 5060 hac
3004 5003 3298 5063 Salvatoris
3328 5006 3542 5069 Domini

1297 5123 1557 5180 ALARDI
1598 5126 1836 5185 ΕΑΖΑΕΙ
1872 5121 2440 5188 COMMENTARIUS.

304 5226 327 5253 α
360 5217 537 5287 Urget
569 5218 751 5291 etiam
805 5217 946 5273 hunc
984 5218 1173 5291 locum
1230 5218 1293 5273 D.
1344 5217 1706 5291 Hieronymus
1742 5221 1833 5290 (In

234 5288 940 5360 commentario)adversus
983 5290 1269 5345 hmreticos
1320 5288 1581 5360 negantes
1633 5288 1835 5350 Christi

232 5360 581 5433 divinitatem
608 5358 779 5433 alibi,
813 5363 911 5426 ait,
938 5370 1009 5433 est
1057 5378 1263 5433 serpens
1293 5358 1489 5417 Arius?
1528 5362 1627 5418 Ubi
1657 5363 1840 5421 Euno-

230 5434 369 5485 mius
400 5430 904 5505 coluberZMagnus
945 5432 1088 5486 Deus
1136 5430 1291 5488 Jesus
1326 5434 1561 5490 Christus
1623 5435 1835 5505 dicitur,

232 5518 333 5555 non
367 5502 749 5575 primogenitus
780 5502 943 5558 amnis
966 5516 1239 5573 creaturas,
1272 5523 1372 5559 non
1416 5505 1642 5559 Verbum
1674 5520 1719 5562 et
1751 5502 1838 5563 sa;

234 5575 434 5644 pientia
466 5573 675 5641 (idest,
697 5591 803 5629 non
834 5585 1099 5644 quatenus
1127 5578 1268 5633 Deus
1297 5588 1350 5633 et
1376 5578 1545 5633 Filius
1566 5578 1708 5643 Dei),
1744 5582 1835 5635 sed

233 5643 390 5698 Jesus
422 5643 862 5725 Christus;_qute
908 5648 1162 5725 uocabula
1206 5651 1456 5725 assumpti
1506 5650 1727 5725 hominis
1756 5653 1830 5725 (id

234 5725 341 5793 est,
377 5727 674 5793 assumpta:
705 5719 1075 5793 humanitatis)
1104 5732 1244 5775 sunt.
1280 5722 1460 5793 Neque
1505 5738 1623 5775 vero
1667 5719 1833 5779 alium

233 5784 423 5841 Iesum
459 5784 738 5851 Christum,
768 5792 931 5844 alium
961 5784 1187 5846 Verbum
1217 5784 1453 5859 dicimus,
1484 5803 1536 5847 ut
1564 5810 1696 5848 noua
1730 5797 1835 5851 ha:-

238 5862 371 5915 resis
404 5859 639 5932 (scilicet
680 5861 1025 5937 Nestoriana)
1052 5865 1399 5921 calumniatur
1422 5882 1435 5897 ’
1484 5865 1576 5922 sed
1603 5869 1833 5926 eumdem

639 5954 913 6015 Ριτιιοι..
962 5954 1033 6015 Ι..

1942 5232 1991 5277 et
2020 5230 2138 5277 ante
2168 5217 2379 5280 sarcula,
2430 5224 2475 5270 et
2521 5225 2633 5284 post
2680 5214 2892 5279 swcula,
2926 5222 2973 5268 et
3014 5225 3134 5269 ante
3172 5217 3445 5281 mundum,
3494 5226 3542 5273 et

1947 5303 2060 5365 post
2094 5292 2340 5352 Mariam,
2373 5289 2474 5342 into
2505 5304 2568 5341 ex
2611 5284 2803 5365 Maria,
2833 5302 3076 5365 magnum
3108 5285 3273 5341 Deum
3301 5288 3540 5361 appella-

1944 5356 2058 5420 inus
2088 5365 2409 5418 Salvatorem
2434 5368 2661 5412 nostrum
2686 5356 2867 5412 Iesum
2895 5357 3179 5415 Christum.

2017 5436 2043 5475 ιι
2074 5435 2127 5490 td
2161 5445 2243 5489 est
2281 5433 2597 5487 distinctum
2634 5429 3026 5500 appellatione,
3071 5439 3130 5483 ut
3176 5432 3310 5484 infra
3341 5432 3543 5499 exponi

1944 5517 2053 5574 tur,
2084 5507 2209 5578 quia
2241 5504 2473 5560 diversa:
2520 5511 2655 5578 sunt
2683 5502 3078 5578 appr-Nationes
3124 5508 3180 5554 et
3231 5505 3541 5558 nomencla-

1944 5573 2120 5647 turae,
2161 5594 2283 5648 qua:
2329 5586 2509 5631 tamen
2566 5574 2658 5629 uni
2713 5573 2999 5644 eidemque
3045 5587 3293 5643 personae
3337 5589 3540 5631 conve~

1984 5652 2119 5705 iuni.

1943 5668 2128 5779 Ingnl'd
2161 5730 2263 5786 est,
2293 5717 2561 5790 Quidquid
2581 5717 2967 5790 nominaveris,
2990 5717 3131 5790 Deus
3151 5727 3233 5773 est
3252 5716 3537 5785 Christus,

1943 5794 2307 5867 quidquitlude
2334 5806 2401 5847 eo
2436 5788 2669 5859 dicatur,
2696 5789 2955 5861 quidquid
2974 5789 3041 5846 dc
3070 5788 3293 5849 homine
3314 5790 3534 5861 dicitur.

1944 5864 2012 5928 de
2045 5864 2152 5927 Deo
2179 5864 2396 5923 dicitur.

2865 5961 2899 6020 2
