3970 6344
413 279 486 340 43

746 255 778 286 '
1746 271 2028 332 JOANNIS
2060 266 2372 334 CASSIANI
3627 279 3714 343 ιι

412 395 590 456 nostri
624 394 799 468 gratia
825 389 990 465 paulo
1017 385 1270 464 superius
1291 386 1442 460 loqui
1469 386 1766 458 coepimus,
1793 388 1919 446 volo
1948 400 2006 448 ut
2033 390 2081 450 A
2111 387 2232 458 quis
2260 403 2343 454 es,
2386 402 2418 444 o
2451 387 2726 455 haeretica,
2753 388 2998 450 scribens
3023 389 3142 448 haec
3169 391 3236 448 ad
3267 391 3537 451 Ecclesia:
3562 395 3711 454 Pau-

413 492 484 550 de
511 490 702 548 eadem
734 504 794 554 re
820 487 994 554 adhuc
1026 502 1091 544 ex
1123 483 1444 540 lectionibus
1483 482 1656 538 sacris
1694 482 1871 554 aliqua
1916 483 2001 544 di-

413 601 620 642 camus.
653 582 906 660 Legimus
929 581 981 636 in
1010 578 1230 635 Actibus
1258 574 1668 646 Apostolorum,
1699 577 2000 648 apostolum

412 679 636 736 Petrum
666 691 760 732 eos
797 674 910 752 qui,
958 670 1308 742 Evangelium
1341 669 1690 741 recipientes,
1728 668 2002 726 nihilomi-

412 788 515 838 nus
543 782 721 828 tamen
745 753 932 846 jugttm
958 773 1188 826 vetustte
1220 763 1352 836 legis
1376 763 1699 833 portandum
1731 777 1854 828 esse
1875 779 2003 826 ceu.

412 869 626 936 sebant,
686 866 758 921 ita
811 861 1230 936 redargttentem
1277 858 1486 930 :Quiti,
1544 859 1737 928 inquit,
1795 859 2002 920 tentati;

409 941 602 1027 Deum,
636 959 895 1029 imponere
932 955 1114 1029 iugum
1143 969 1298 1022 super
1339 952 1556 1024 cervices
1605 952 2000 1022 discipulorum,

410 1056 552 1126 quod
573 1068 732 1122 neque
757 1055 932 1122 patres
955 1049 1142 1120 nostri,
1164 1064 1326 1120 neque
1355 1063 1453 1108 uasa
1469 1055 1676 1120 portare
1705 1046 2002 1116 politianus?

409 1150 520 1206 Sed
543 1163 631 1222 per
657 1146 882 1222 gratiam
914 1143 1124 1210 Domini
1156 1145 1320 1208 nostri
1347 1141 1477 1198 Jesu
1521 1141 1715 1210 Christi
1738 1141 2001 1200 credimus

406 1242 618 1312 saluari,
669 1239 1100 1312 quemadmodum
1148 1247 1194 1296 et
1246 1238 1325 1294 illi
1367 1237 1586 1310 (Artor.
1641 1234 1754 1306 xv).
1789 1236 1997 1302 Donum

405 1347 556 1413 certe
583 1336 770 1408 gratia:
806 1333 966 1406 huius
995 1347 1090 1404 per
1116 1332 1302 1390 Jesum
1333 1328 1609 1400 Christum
1644 1329 1826 1390 datum
1868 1343 1999 1396 apo.

405 1433 579 1507 stolus
608 1430 762 1486 dicit.
794 1426 1088 1498 Responde
1118 1426 1250 1486 mihi
1284 1440 1448 1500 nunc,
1472 1424 1516 1488 si
1550 1423 1748 1494 placet,
1767 1419 1997 1493 gratiam

403 1529 547 1587 hanc
583 1541 702 1598 quae
732 1523 798 1584 ad
828 1523 1059 1582 salutem
1108 1521 1348 1577 omnium
1377 1517 1499 1578 data
1527 1524 1629 1581 est,
1659 1515 1727 1584 ab
1755 1513 1996 1580 homine,

405 1639 474 1680 an
508 1637 536 1676 a
565 1601 678 1694 Deo
705 1617 883 1688 datam
915 1613 1238 1686 existimes?
1261 1612 1318 1670 Si
1361 1611 1429 1682 ab
1458 1610 1696 1680 homine,
1739 1607 1998 1680 reclamat

403 1715 502 1773 tibi
521 1715 625 1770 Vas
656 1714 752 1770 Dei
776 1711 997 1786 Paulus,
1031 1708 1219 1782 dicens
1243 1723 1259 1763 ε
1282 1704 1544 1780 Apparuit
1564 1703 1735 1778 gratia
1764 1701 1860 1756 Dei
1882 1699 1999 1757 Sal-

2108 481 2211 547 ius,
2241 481 2369 553 quid
2419 481 2501 542 his
2550 483 2876 553 precabatur
2917 484 2986 540 ad
3011 500 3147 556 quos
3174 486 3488 551 scribebati
3517 488 3712 547 Gratia

2107 575 2273 643 enim,
2323 576 2530 646 inquit,
2569 574 2785 634 Domini
2815 580 2979 634 nostri
3024 577 3151 636 Iesu
3180 581 3377 637 Christi
3416 584 3705 642 uobiscum.

2107 666 2164 724 Si
2183 668 2347 732 homo
2371 679 2396 708 α
2410 670 2686 734 solitarius
2707 671 2865 730 Jesus
2881 671 3156 740 Christus,
3181 690 3314 746 ergo
3334 685 3385 732 et
3400 677 3494 733 illo
3507 688 3710 749 optans

2107 763 2223 826 dari
2254 765 2509 832 Ecclesiis
2535 766 2763 837 gratiam
2789 767 3024 837 Christi,
3057 770 3286 840 gratiam
3315 771 3434 828 dari
3464 772 3706 832 hominis

2104 859 2359 928 aptabat;
2395 867 2452 916 et
2472 859 2686 928 dicens,
2713 863 2882 933 gratia
2907 861 3403 936 Claristiuobiscum,
3429 867 3531 924 hoc
3553 867 3709 924 dice-

2106 951 2219 1020 hat,
2237 954 2410 1028 gratia
2425 955 2664 1013 hominis
2681 957 2979 1025 vobiscum,
3003 960 3173 1029 gratia
3193 961 3376 1018 carnis
3392 962 3700 1032 vobiscum,

2104 1048 2276 1118 gratia
2307 1049 2704 1114 imbecillitatis
2736 1065 3040 1123 corporeae,
3067 1055 3239 1127 gratia
3267 1053 3574 1127 fragilitatis
3603 1057 3706 1112 hu-

2106 1156 2282 1200 mana:
2332 1141 2441 1197 Aut
2491 1157 2588 1199 cur
2629 1145 2857 1200 omnino
2885 1162 3077 1204 nomen
3109 1147 3296 1218 gratia:
3327 1149 3495 1218 ipsius
3527 1149 3705 1206 nomi-

2105 1243 2282 1303 naret,
2317 1236 2361 1292 si
2390 1236 2618 1304 gratiam
2649 1237 2882 1294 hominis
2910 1250 3146 1311 optaret,
3189 1242 3315 1312 quia
3345 1243 3566 1313 optandi
3613 1259 3705 1300 ra—

2105 1321 2181 1376 tio
2214 1337 2318 1386 non
2361 1321 2714 1392 subsistebat,
2765 1324 2855 1380 ubi
2903 1329 3008 1381 utin
3039 1335 3158 1390 erat
3202 1327 3347 1398 quod
3389 1339 3700 1400 optaretur,

2105 1431 2207 1474 nec
2234 1417 2566 1485 precandum
2611 1426 2729 1476 erat
2759 1428 2822 1475 ut
2856 1420 2979 1490 eius
3003 1423 3176 1493 gratia
3215 1421 3299 1478 his
3330 1423 3702 1494 contingeret,

2102 1515 2196 1586 qui
2243 1517 2628 1584 substantiam,
2677 1526 2737 1573 ut
2763 1518 2862 1583 ais,
2911 1519 3082 1590 ipsius
3112 1535 3230 1591 qua:
3259 1519 3552 1590 optabatur
3576 1537 3705 1592 gra-

2103 1611 2191 1666 tim
2223 1626 2332 1666 non
2352 1611 2620 1672 haberet?
2649 1612 2790 1683 Ergo
2813 1613 2966 1669 vides
2987 1613 3104 1670 haec
3133 1613 3298 1670 stulta
3329 1628 3452 1670 esse
3482 1615 3706 1684 penitus

2101 1712 2154 1760 et
2183 1703 2439 1770 ridicula;
2473 1706 2639 1760 immo
2669 1707 2848 1775 potius
2869 1721 2976 1767 non
3000 1707 3250 1777 ridicula,
3277 1707 3375 1764 sed
3412 1706 3699 1766 deﬂenda:

402 1811 592 1869 valoris
623 1807 785 1870 nostri
815 1805 944 1878 (Tit.
980 1803 1063 1874 ιι).
1096 1801 1270 1860 Divini
1298 1815 1420 1875 esse
1460 1797 1688 1873 gratiam
1722 1797 1859 1856 hanc
1904 1794 1994 1851 do-
2030 1795 2080 1868 Β
2107 1810 2170 1852 ea
2217 1795 2363 1853 enim
2391 1811 2510 1865 quae
2555 1797 2878 1867 quibusdam
2913 1798 3251 1856 facilioribus
3283 1810 3408 1856 sunt
3436 1799 3698 1865 ridicula;

401 1914 492 1978 eet
538 1902 801 1978 muneris,
852 1914 957 1962 non
1002 1893 1394 1968 imbecillitatis
1438 1892 1708 1958 humanm.
1745 1891 1811 1947 Et
1860 1902 1995 1948 sane

400 1974 568 2062 etiam
600 1997 644 2060 si
672 1974 887 2064 sacrum
935 1989 1302 2048 testimonium
1355 2002 1463 2052 non
1513 1991 1848 2061 suppeteret,
1879 1981 1996 2054 ipsa

401 2093 480 2149 rei
514 2089 721 2154 veritas
755 2085 1064 2162 testimonio
1095 2091 1234 2150 erat,
1265 2081 1390 2154 quia
1423 2088 1682 2150 praestare
1724 2093 1838 2148 rem
1871 2090 1994 2147 pero

400 2185 549 2257 petui
581 2193 636 2240 et
665 2181 986 2240 immortalis
1009 2179 1138 2236 boni
1166 2177 1381 2250 fragilia
1405 2184 1460 2232 et
1489 2183 1709 2250 terrena
1738 2187 1846 2230 non
1872 2184 1994 2244 pos-

399 2287 547 2346 sunt,
577 2292 674 2346 nec
705 2275 838 2334 dare
877 2273 1159 2344 quisquam
1191 2271 1348 2330 alteri
1394 2268 1541 2344 valet
1588 2281 1694 2340 quo
1747 2266 1868 2338 ipse
1908 2265 1992 2328 in-

399 2372 566 2446 diget,
617 2376 710 2438 aut
755 2368 992 2424 tribuere
1030 2365 1178 2428 illius
1215 2364 1293 2436 rei
1325 2362 1540 2434 copiam
1573 2359 1725 2431 cuius
1756 2359 1833 2420 rei
1880 2359 1997 2430 ino-

398 2465 542 2536 piam
595 2461 865 2534 sustinere
913 2457 1167 2516 fateatur.
1219 2454 1266 2514 A
1311 2455 1426 2522 Deo
1478 2468 1608 2524 ergo
1645 2465 1870 2532 necesse
1911 2458 1998 2516 est

398 2559 626 2632 gratiam
673 2557 853 2618 datam
886 2571 993 2626 non
1027 2567 1212 2623 neges.
1248 2552 1388 2624 Deus
1419 2565 1549 2624 ergo
1581 2555 1667 2612 est
1695 2547 1786 2622 qui
1819 2545 1993 2612 dedit,

399 2655 526 2722 data
556 2663 735 2714 autem
764 2657 848 2708 est
875 2663 970 2720 per
1000 2647 1291 2704 Dominum
1321 2653 1565 2704 nostrum
1592 2642 1778 2710 Jesum
1809 2640 1992 2704 Chris-

399 2727 545 2824 itim;
581 2761 710 2820 ergo
737 2745 1002 2804 Dominus
1031 2743 1191 2818 Jesus
1232 2739 1486 2810 Christus
1527 2738 1692 2806 Deus.
1720 2736 1776 2792 Si
1814 2743 1994 2806 autem

399 2853 482 2908 est
512 2841 628 2914 ille,
656 2841 841 2912 utique
873 2848 931 2918 ut
955 2847 1059 2908 est,
1089 2837 1252 2904 Deus,
1282 2850 1412 2912 ergo
1435 2835 1527 2890 illa
1559 2848 1684 2908 qua:
1706 2832 1875 2904 Deum
1903 2846 1995 2903 pe-

399 2940 560 3009 perit,
592 2935 924 3014 Tlteotoeos,
958 2932 1010 2988 id
1061 2939 1164 2998 est,
1197 2929 1438 3006 genitrix
1470 2928 1586 2990 Dei.
1613 2925 1726 2994 Nisi
1758 2925 1896 2988 lorte
1927 2923 1995 2990 ad

2099 1889 2202 1958 piis
2229 1903 2292 1944 ac
2324 1889 2572 1946 ﬁdelibus
2604 1889 2781 1946 ﬂenda
2820 1901 2968 1958 sunt,
3002 1893 3128 1964 quia
3160 1894 3214 1948 in
3246 1893 3476 1950 stultitia
3498 1902 3702 1950 vestra

2099 1980 2439 2044 inﬁdelitatis
2478 1982 2556 2042 illi
2587 1983 2875 2052 eli'undunt
2905 1986 3176 2059 lacrymas
3204 1987 3508 2054 charitatis,
3542 1997 3596 2044 et
3644 1989 3700 2044 in

2098 2073 2411 2144 insipientia
2437 2075 2731 2146 impietatis
2753 2078 2946 2138 alienae
2968 2079 3044 2134 illi
3073 2080 3276 2138 habent
3295 2080 3562 2153 lacrymas
3584 2080 3702 2152 pie-

2099 2169 2223 2230 tatis
2251 2183 2385 2225 suin.
2415 2169 2821 2240 Resipiscamus
2849 2187 2982 2244 ergo
3023 2173 3338 2246 aliquando,
3372 2183 3427 2230 et
3458 2175 3700 2247 respire-

2099 2277 2243 2325 luus,
2288 2263 2412 2334 quia
2459 2277 2658 2320 sensus
2713 2265 2801 2320 hic
2846 2281 2952 2320 non
3001 2267 3266 2337 sapientia
3319 2276 3551 2335 tantum,
3597 2266 3698 2324 sed

2098 2356 2262 2416 etiam
2277 2357 2476 2426 spiritu
2493 2367 2639 2413 caret
2659 2372 2782 2413 cum
2799 2358 2870 2413 sit
2894 2359 3080 2429 utique
3099 2369 3154 2416 et
3174 2360 3409 2432 spiritali
3428 2359 3696 2432 sapientia

2097 2462 2326 2517 vacuus,
2359 2458 2415 2508 et
2444 2450 2642 2521 spiritu
2673 2450 2864 2505 saltuis
2888 2451 3121 2508 alienus.

2713 2565 2942 2622 CAPUT
2991 2566 3078 2622 Vl.

2099 2656 2305 2732 Diuina:
2327 2660 2510 2730 gratim
2535 2675 2627 2713 con
2637 2660 2863 2732 ferenda
2883 2660 3183 2731 facultatem
3211 2678 3312 2717 non
3338 2661 3612 2717 accersisse
3642 2662 3699 2716 in

2191 2729 2380 2792 ἰὰν-ἱδιο
2411 2729 2652 2804 temporis
2681 2729 2979 2803 progressu,
3016 2733 3106 2788 sed
3145 2734 3209 2788 ab
3240 2735 3353 2806 ipso
3401 2746 3516 2789 ortu
3544 2733 3624 2788 illi

2617 2806 2948 2877 congenitam
2986 2807 3164 2876 fuisse.

2172 2918 2281 2980 Sed
2325 2919 2482 2977 dicas
2533 2919 2760 2977 forsitan
2809 2921 3042 2993 gratiam
3091 2922 3234 2982 hanc
3281 2922 3491 2979 Domini
3521 2921 3699 2978 nostri

397 3039 512 3096 tam
541 3011 825 3096 riqieulam
854 3009 1209 3095 blasphemia:
1253 3020 1740 3096 contradictionem
1770 3018 1996 3078 tendere
2099 3012 2230 3070 Jesu
2261 3014 2484 3082 Christi,
2512 3015 2580 3071 de
2608 3031 2712 3085 qua
2735 3009 3028 3085 Apostolus
3050 3016 3264 3086 scribit,
3301 3031 3410 3074 non
3432 3031 3550 3071 cum
3576 3015 3700 3086 ipso

399 3123 556 3192 velis,
589 3130 646 3194 ut
679 3121 825 3186 illam
858 3133 924 3174 ex
967 3133 1068 3190 qua
1105 3118 1246 3182 Deus
1276 3121 1437 3178 natus
1468 3123 1574 3181 est,
1621 3111 1719 3176 Dei
1764 3123 1994 3172 matrem
2099 3117 2307 3180 natam.
2367 3107 2462 3164 sed
2517 3118 2705 3179 postea
2737 3109 2787 3164 ei
2832 3108 3027 3179 illapsu
3079 3108 3376 3164 divinitatis
3421 3107 3695 3175 iniusatn;

399 3229 601 3292 neges:
627 3228 750 3276 cum
798 3211 951 3269 illum
979 3210 1072 3281 qui
1101 3218 1264 3266 natus
1290 3215 1398 3275 est,
1427 3207 1603 3266 Deum
1648 3219 1850 3284 negare
1887 3219 1993 3276 non
2023 3197 2072 3264 G
2099 3200 2224 3270 quia
2253 3208 2308 3260 et
2342 3199 2503 3257 homo
2544 3201 2663 3270 ipse
2691 3215 2720 3255 a
2753 3211 2807 3256 te
2838 3201 3100 3257 Dominus
3134 3210 3324 3260 noster
3356 3201 3516 3258 Iesus
3540 3199 3698 3256 Chri-

402 3308 604 3388 possis.
630 3307 737 3372 Sed
767 3305 1045 3368 videamus
1071 3313 1253 3362 tamen
1277 3301 1406 3374 quid
1433 3300 1501 3356 de
1526 3300 1626 3360 hac
1654 3298 1843 3362 eadem
1885 3297 1995 3364 Do-

401 3403 535 3480 mini
568 3401 737 3476 nostri
768 3400 938 3478 gratia
985 3398 1149 3468 etiam
1205 3395 1557 3470 Evangelium
1611 3394 1705 3459 Dei
1735 3390 1995 3460 senserit.

404 3495 611 3568 Gratia,
646 3493 841 3572 inquit,
889 3503 938 3550 et
967 3493 1156 3558 ueritas
1201 3507 1293 3562 per
1322 3489 1509 3550 Iesum
1545 3487 1810 3555 Christum
1858 3488 2000 3560 facta

404 3601 479 3656 est
510 3571 697 3664 (Joan.
723 3587 787 3661 ι).
820 3587 878 3656 Si
914 3585 1188 3652 solitarius
1218 3585 1383 3642 homo
1410 3582 1693 3654 Christus,
1725 3581 1999 3653 quomodo

404 3685 523 3742 haec
555 3683 694 3760 facta
723 3699 820 3760 per
848 3681 1163 3739 Christum?
1192 3679 1348 3738 Unde
1389 3679 1444 3734 in
1485 3692 1551 3740 eo
1580 3676 1756 3740 virtus
1792 3675 1997 3748 divina,

404 3779 449 3834 si
483 3777 537 3836 in
561 3793 629 3838 eo
663 3777 802 3844 sola,
834 3786 892 3841 ut
917 3774 1019 3843 ais,
1055 3775 1290 3844 humana
1315 3770 1591 3828 conditio?
1623 3770 1780 3827 Unde
1807 3770 1996 3828 coeles-

407 3875 474 3934 tis
508 3871 750 3946 largitas,
787 3871 832 3936 si
850 3877 1070 3926 terrena
1093 3865 1420 3938 paupertas?
1442 3864 1616 3923 Nemo
1644 3864 1788 3924 enim
1815 3870 2002 3935 potest

406 3969 644 4038 tribuere.
673 3965 816 4040 quod
850 3979 954 4032 non
987 3962 1168 4030 habet.
1219 3962 1364 4022 Datis
1406 3976 1536 4033 ergo
1597 3959 1839 4026 divinam
1870 3974 1999 4030 gra-

404 4064 533 4124 tiam
564 4059 832 4130 Christus,
863 4056 1050 4118 habuit
1091 4054 1242 4129 quod
1285 4054 1455 4120 dedit.
1487 4053 1674 4128 Neque
1703 4052 1847 4113 enim
1901 4068 1997 4122 po-

405 4164 512 4210 test
545 4155 733 4232 harum
763 4151 1257 4214 diversissimarum
1281 4149 1424 4205 inter
1445 4164 1507 4208 se
1535 4163 1717 4226 rerum
1749 4147 1872 4217 quis
1894 4145 2000 4208 dif-5

403 4249 692 4326 terentium
715 4247 1012 4324 susiinere,
1035 4253 1093 4300 ιιι
1113 4243 1280 4300 simul
1306 4252 1361 4302 et
1389 4241 2001 4320 patiaturindigentiam

405 4345 607 4420 inopis,
655 4354 710 4400 et
747 4341 944 4412 habeat
974 4338 1404 4414 muniﬁcentiam
1435 4337 1736 4417 largientis.
1770 4335 1841 4406 Et
1880 4335 2002 4393 ideo

406 4437 589 4508 sciens
616 4435 896 4508 apostolus,
927 4434 1126 4492 Paulus
1144 4447 1336 4490 omnes
1365 4431 1677 4489 divitiarum
1702 4430 2002 4500 cmleStium

406 4529 698 4585 thesauros
745 4529 797 4583 in
847 4526 1064 4582 Christo
1095 4540 1240 4593 esse,
1269 4534 1418 4581 recte
1448 4524 1518 4588 ad
1562 4525 1830 4582 Ecelesias
1868 4524 2006 4582 scri-

2103 3303 2238 3361 stus,
2269 3311 2429 3366 quem
2461 3295 2766 3354 solitarium
2789 3295 2946 3363 dicis,
2967 3311 3074 3352 non
3107 3312 3230 3353 cum
3249 3296 3360 3354 Deo
3392 3305 3575 3364 natus,
3599 3293 3702 3351 sed

2103 3399 2292 3461 postea
2320 3407 2352 3450 ει
2378 3391 2493 3449 Deo
2517 3390 2731 3448 dicatur
2760 3400 3093 3462 assumptus,
3127 3407 3192 3448 ac
3225 3408 3319 3462 per
3351 3391 3457 3446 hoc
3497 3398 3698 3457 totum,

2105 3487 2311 3546 homini
2338 3488 2416 3543 illi
2441 3487 2669 3559 gratiam
2692 3488 2910 3559 quando
2930 3499 2986 3545 et
3005 3487 3342 3544 divinitatem
3365 3485 3575 3542 datam!
3595 3485 3699 3540 Ne-

2103 3596 2208 3652 que
2235 3597 2337 3640 nos
2362 3581 2510 3637 aliud
2541 3582 2776 3638 dicimus
2798 3597 2960 3650 quam
2991 3581 3136 3652 quod
3165 3580 3345 3636 divina
3373 3580 3547 3650 gratia
3574 3592 3702 3634 cum

2105 3676 2396 3734 divinitate
2423 3676 2794 3745 descenderit,
2824 3677 2952 3747 quia
2993 3685 3049 3732 et
3077 3675 3256 3732 divina
3285 3675 3458 3744 gratia
3495 3673 3589 3730 Dei
3629 3673 3708 3730 sit

2104 3787 2161 3836 et
2186 3777 2398 3849 largitio
2428 3776 2830 3848 quodammodo
2868 3776 3038 3846 ipsius
3064 3775 3365 3831 divinitatis
3405 3789 3469 3830 ac
3495 3773 3702 3828 donum

2105 3871 2473 3927 munificentia
2501 3871 2818 3942 gratiarum.
2845 3868 3132 3940 Temporis
3152 3883 3286 3941 ergo
3306 3868 3452 3925 inter
3468 3882 3571 3922 nos
3599 3866 3708 3922 for-

2103 3966 2248 4021 sitan
2276 3974 2496 4036 putetur
2523 3967 2696 4038 magis
2723 3980 2883 4037 quam
2911 3965 2992 4021 rei
3023 3979 3144 4021 esse
3165 3963 3446 4030 distantia,
3476 3963 3600 4033 quia
3624 3961 3707 4017 di-

2104 4059 2392 4114 vinitatem
2435 4074 2598 4130 quam
2642 4075 2741 4115 nos
2769 4075 2892 4116 cum
2929 4060 3163 4117 Domino
3200 4059 3328 4115 Jesu
3354 4056 3574 4114 Christo
3607 4072 3706 4113 na-

2106 4159 2239 4220 tam,
2273 4161 2328 4208 tu
2359 4164 2548 4222 postea
2578 4152 2730 4208 dicas
2785 4152 3040 4209 infusam.
3097 4153 3204 4209 Sed
3251 4152 3385 4208 illud
3416 4159 3500 4209 est
3555 4150 3706 4222 quod

2106 4255 2291 4302 natam
2324 4261 2446 4302 cum
2473 4246 2710 4302 Domino
2736 4246 3076 4302 divinitatem
3110 4260 3332 4318 negans,
3385 4260 3484 4302 nec
3513 4254 3703 4316 postea

2105 4340 2339 4398 lideliter
2365 4342 2615 4398 conﬁteri
2649 4352 2825 4412 potes,
2850 4342 2975 4412 quia
3005 4357 3112 4398 non
3143 4350 3322 4415 potest
3353 4356 3456 4397 una
3483 4340 3706 4396 eadem-

2104 4450 2210 4505 que
2241 4449 2329 4488 res
2359 4435 2416 4489 in
2445 4443 2600 4506 parte
2626 4449 2749 4490 esse
2778 4436 2964 4505 impia,
2994 4442 3050 4490 et
3079 4435 3132 4490 in
3166 4445 3322 4506 parte
3349 4433 3565 4505 probari
3590 4433 3702 4503 pia,

2107 4537 2166 4586 et
2190 4527 2378 4584 eadem
2411 4529 2463 4584 in
2494 4529 2740 4599 portione
2775 4529 2898 4586 ﬁdei
2927 4538 2980 4585 et
3011 4531 3062 4585 in
3095 4513 3506 4599 portione-esse
3533 4526 3705 4598 perti-

406 4622 489 4678 bit
512 4639 525 4676 :
545 4620 730 4677 Gratia
746 4617 959 4674 Domini
984 4619 1146 4676 nostri
1163 4616 1293 4676 Iesu
1310 4617 1505 4674 Christi
1529 4619 1793 4672 uobiscum
1816 4617 1998 4690 (lCor.
2027 4601 2084 4663 Ῑ)
2111 4621 2236 4677 dim.
2269 4621 2508 4680 Primum
2538 4638 2668 4694 ergo
2695 4622 2824 4678 illud
2849 4639 2877 4678 a
2902 4634 2952 4678 te
2979 4623 3197 4694 requiro
3221 4640 3235 4676 :
3267 4623 3550 4677 Dominum
3579 4635 3710 4676 nos-

407 4717 548 4786 ινι).
603 4715 703 4783 Qui
752 4713 964 4770 scilicet
1019 4713 1217 4782 smpius
1263 4711 1376 4782 jam
1431 4711 1696 4766 docuerat
1747 4712 2000 4766 eumdem

406 4810 579 4869 Deum
607 4822 731 4863 esse
760 4821 921 4877 quem
944 4805 1243 4869 Christum,
1277 4814 1640 4874 cunctamque
1675 4805 1727 4859 in
1765 4805 1856 4858 illo
1885 4820 2001 4859 ma-

407 4902 658 4974 iestatem
689 4898 907 4955 deitatis
935 4912 1078 4965 esse,
1109 4906 1162 4952 et
1203 4913 1419 4952 omnem
1447 4897 1500 4952 in
1539 4913 1606 4954 eo
1637 4899 2002 4967 corporaliter

407 4993 805 5068 plenitudinem
848 4989 1155 5046 Divinitalis
1187 4988 1465 5056 habitare,
1494 4996 1647 5046 recte
1677 4989 1861 5060 utique
1886 4989 1999 5060 jam

408 5090 531 5147 sine
559 5087 858 5157 adiectione
887 5082 1122 5139 nominis
1152 5081 1247 5137 Dei
1272 5080 1442 5136 solam
1483 5089 1732 5151 precatur
1763 5084 1993 5156 gratiam

411 5182 639 5246 Christi.
667 5179 806 5251 Quia
833 5194 954 5242 cum
986 5176 1233 5234 eamdem
1274 5175 1521 5232 docuerit
1547 5177 1746 5246 saepius
1774 5177 2005 5250 gratiam

410 5281 513 5338 Dei
559 5293 682 5348 esse
707 5290 868 5346 quam
895 5271 1122 5336 Christi,
1152 5271 1469 5342 plenissime
1497 5286 1640 5327 nunc
1664 5272 1839 5328 solam
1877 5287 2006 5342 pre-

411 5382 568 5428 catur
597 5370 825 5442 gratiam
857 5365 1080 5432 Christi,
1105 5363 1317 5436 quia'in
1345 5364 1515 5435 gratia
1544 5363 1745 5421 ChriSti
1790 5381 2004 5423 omnem

412 5467 518 5524 scit
546 5464 643 5526 Dei
671 5462 898 5537 gratiam
930 5457 1218 5516 contineri.
1253 5455 1436 5514 Gratia
1464 5473 1615 5530 ergo,
1649 5458 1855 5530 inquit,
1893 5459 2003 5516 Do-

339 5587 344 5632 ς
415 5559 544 5616 mini
572 5558 736 5616 nostri
757 5555 887 5613 λειω
906 5551 1097 5608 Christi
1127 5549 1406 5609 uobiscum.
1445 5549 1724 5623 interrogo
1753 5563 1826 5618 te,
1855 5556 2006 5625 quis-

2112 4725 2254 4771 trum
2285 4715 2468 4771 .Iesum
2501 4717 2809 4782 Christum,
2847 4717 2939 4786 qui
2979 4732 3045 4773 ex
3089 4716 3253 4771 Maria
3303 4715 3511 4786 virgine
3549 4723 3708 4768 natus

2111 4818 2214 4875 est,
2251 4809 2488 4864 hominis
2519 4818 2728 4864 tantum
2764 4809 2955 4875 Ill-ium,
2987 4824 3056 4863 an
3106 4811 3268 4864 etiam
3317 4807 3414 4862 Dei
3443 4807 3591 4862 dicas
3618 4805 3711 4860 Fi-

2108 4902 2276 4958 lium?
2307 4903 2416 4958 Nos
2443 4903 2612 4967 enim,
2642 4902 2694 4957 id
2725 4914 2832 4970 est,
2863 4902 3258 4958 catholicorum
3278 4899 3520 4956 omnium
3545 4898 3706 4965 ﬁdes,

2114 5012 2237 5064 nos,
2270 4997 2510 5067 inquam,
2548 5011 2742 5052 omnes
2793 5006 3084 5068 utrttmque
3114 4997 3218 5052 hoc
3247 5004 3304 5051 et
3327 4994 3622 5060 credimus,
3654 5002 3712 5048 et

2111 5090 2490 5162 intelligimus,
2535 5097 2592 5146 et
2629 5090 2855 5156 scimus,
2891 5099 2945 5144 et
2971 5088 3318 5156 conﬁtemur,
3353 5085 3497 5158 quod
3527 5094 3582 5141 et
3612 5084 3714 5139 ho-

2115 5185 2276 5243 minis
2306 5193 2392 5246 est
2423 5184 2583 5251 ﬁlius,
2609 5185 2735 5254 quia
2766 5199 2832 5240 ex
2861 5183 3080 5242 homine
3108 5191 3264 5240 natus
3288 5191 3392 5248 est,
3427 5191 3480 5237 et
3500 5180 3592 5236 Dei
3619 5177 3715 5233 Εἰς

2117 5280 2240 5345 lius,
2274 5279 2399 5350 quia
2441 5293 2506 5334 ex
2542 5276 2834 5332 Divinitate
2873 5286 3187 5345 conceptus.
3224 5274 3305 5340 Tu
3334 5288 3465 5345 ergo
3498 5282 3712 5327 utrum-

2115 5389 2220 5445 que
2249 5374 2372 5438 hoc,
2408 5373 2460 5428 id
2490 5379 2577 5430 est
2606 5373 2702 5444 Dei
2736 5371 2932 5427 Filium
2965 5380 3128 5442 atque
3170 5368 3429 5448 hominis,
3472 5381 3539 5428 an
3596 5376 3714 5420 tan-

2115 5474 2224 5522 tum
2261 5468 2494 5524 hominis
2517 5482 2639 5530 esse
2661 5465 2896 5522 asseris?
2927 5465 2984 5522 Si
3010 5472 3218 5524 tantum
3247 5460 3506 5532 hominis,
3536 5457 3715 5528 recla-

2115 5568 2267 5615 mant
2313 5561 2406 5616 tibi
2457 5559 2717 5631 apostoli,
2767 5557 3070 5615 reclamant
3098 5555 3403 5628 propheta,
3452 5552 3717 5610 reclamat

1486 5687 1746 5751 ALARDI
1782 5689 2020 5750 ΟΛΖΑΞΙ
2059 5692 2639 5756 COMMENTARIUS.

491 5783 1076 5880 f_iti_est,na:_l).ei.tato
1103 5781 1399 5853 seiunctus,
1443 5783 1527 5839 vel
1566 5799 1732 5854 purus
1763 5784 1945 5857 homo,
1983 5795 2041 5845 ut
2069 5804 2254 5863 supra,
2293 5800 2350 5848 et
2389 5790 2520 5849 alias
2545 5791 2843 5880 sanissimo
2880 5792 2933 5848 in
2961 5791 3062 5850 hoc
3094 5800 3348 5866 tractatu,
3375 5788 3519 5880 quod
3541 5786 3720 5876 semei

428 5859 702 5928 monuisse
735 5855 871 5914 satis
898 5855 991 5910 sit.
