3970 6344
214 323 288 390 ιι
1238 317 1329 381 ne
1368 317 1885 379 incanstrtons
1923 316 2200 378 CliRiSTl
2238 319 2368 377 ua.
2409 319 2476 377 ιι.
3431 325 3506 388 to

217 441 443 515 denique
472 440 591 514 ipse
611 451 639 483 ι
668 454 769 514 per
795 452 956 514 quem
985 448 1072 496 est
1098 438 1236 496 facta
1265 439 1550 510 conceptio
1572 436 1810 510 Spiritus
1838 441 1887 501 Α
1916 437 2051 493 riam
2077 436 2338 509 virginem
2363 435 2456 493 Dei
2487 441 2715 492 matrem
2743 453 2756 492 :
2787 432 3043 508 Spiritus,
3069 437 3265 511 inquit,
3294 448 3507 502 sanctus

216 548 454 598 sanctus.
487 535 1296 610 Obruiturimpudentissimum
1319 550 1382 591 os
1415 543 1566 591 tuum
1597 533 1808 600 eunetis

215 631 513 688 divinorum
561 631 771 702 apicum
806 628 1170 696 testimoniis;
1223 627 1476 684 obruitur
1505 627 1681 683 sacris
1708 641 1804 682 vo-

214 723 516 783 luminibus
586 725 789 780 sanctis
841 723 1100 789 testibus;
1134 723 1383 779 obruitur
1425 721 1659 792 denique
1687 721 1806 792 ipso

216 820 308 875 Dei
339 818 657 889 Evangelia,
691 819 845 888 quasi
873 818 1054 874 divina
1095 833 1280 872 manu.
1321 817 1388 873 Et
1439 817 1662 874 Gabriel
1719 815 1810 872 ille

213 925 456 982 Magnus,
490 911 580 982 qui
611 911 666 966 in
697 911 960 967 lacuaria
1005 926 1192 968 vocem
1241 909 1578 968 incredulam
1610 909 1811 966 virtute

216 1006 370 1062 verbi
401 1008 481 1062 sui
532 1007 797 1072 coercuit,
843 1006 1016 1062 multo
1064 1005 1238 1078 magis
1267 1007 1318 1061 in
1353 1015 1406 1062 te
1435 1004 1810 1076 blasphemam

158 1083 164 1094 ’
214 1111 374 1171 atque
400 1098 623 1171 impiam
654 1113 758 1156 suo
785 1099 904 1171 ipso
932 1114 1028 1157 ore
1053 1100 1351 1165 damnavit,
1384 1098 1576 1154 dicens
1602 1098 1670 1153 ad
1699 1099 1812 1152 Ma-

1915 531 2081 586 veniet
2107 532 2160 586 in
2186 540 2255 600 te,
2303 540 2350 586 et
2388 532 2551 586 virtus
2584 531 2836 587 Διεξδεὶηή
2875 532 3192 590 obambrabit
3224 537 3334 592 tibi.
3377 538 3506 598 Ideo

1916 633 1964 680 et
1991 624 2132 696 quod
2163 633 2404 680 nascetur
2428 641 2493 680 ex
2518 635 2566 680 te
2593 634 2854 694 sanctum,
2903 629 3164 683 vocabitur
3207 627 3381 686 Filius
3411 631 3511 689 Dei

1916 720 2100 791 (Luca:
2130 722 2192 792 ι).
2224 720 2389 777 Vides
2413 721 2560 792 quod
2590 730 2650 778 ut
2673 722 2973 778 secundum
3016 739 3238 780 carnem
3273 727 3510 786 hominis

1916 812 2075 868 ﬁeret
2111 813 2252 869 illius
2277 812 2436 869 Jesus
2467 814 2735 883 Christus,
2761 825 2888 872 ante
2917 826 3000 872 est
3028 816 3201 875 Filius
3231 821 3324 876 Dei
3367 837 3510 892 prte-

1919 905 2169 962 dieatus?
2221 905 2469 964 Paritura
2521 907 2669 963 enim
2740 909 3028 966 Dominum
3091 912 3243 984 virgo
3301 913 3510 981 Maria,

1860 1055 1871 1067 ,
1919 1010 2109 1058 sancto
2138 1003 2191 1057 iu
2224 1018 2284 1059 se
2311 1002 2516 1074 Spiritu
2544 1002 2912 1062 descendente
2931 1015 2988 1061 et
3020 1005 3220 1062 virtute
3248 1006 3516 1066 Altissimi

1922 1103 2253 1166 cooperante
2301 1095 2574 1166 concepit.
2618 1095 2697 1152 Ac
2730 1110 2827 1167 per
2854 1096 2959 1154 hoc
3006 1096 3265 1176 intelligis
3293 1096 3322 1138 ι’
3369 1100 3517 1170 quod

1281 1215 1540 1272 ALARDI
1581 1213 1814 1271 GAZXEI
1849 1210 2431 1272 COMMENTARIUS.

279 1321 305 1351 ⁸
336 1313 634 1383 Conceptio
684 1313 894 1374 scilicet
953 1312 1176 1379 Christi,
1225 1329 1346 1384 qua:
1399 1329 1494 1383 per
1541 1310 1806 1380 Spiritum

213 1393 455 1442 sanctum
483 1386 683 1441 dicitur
704 1387 866 1451 facta,
893 1385 1018 1455 quia
1048 1402 1153 1441 non
1187 1383 1350 1456 opere
1382 1385 1544 1447 virili,
1571 1383 1667 1438 sed
1702 1385 1807 1436 vir-

215 1467 326 1514 tute
380 1467 437 1512 et
471 1458 788 1528 Operatiaue
832 1458 1064 1528 Spiritus
1115 1459 1289 1513 sancti
1345 1464 1670 1526 conceptum
1696 1497 1710 1518 ,
1754 1465 1812 1510 et

215 1530 506 1600 formatum
531 1538 616 1594 est
642 1531 696 1585 in
725 1541 883 1596 utero
907 1529 1144 1600 Virginis
1176 1545 1378 1600 corpus
1410 1529 1539 1584 illud
1570 1528 1712 1596 quod
1757 1528 1812 1584 in

213 1601 226 1657 i
267 1615 322 1654 sa
349 1603 434 1655 sui
458 1599 782 1660 formatione
815 1612 868 1656 et
898 1599 1252 1666 coIICeptiOue
1275 1599 1436 1656 Simul
1466 1616 1588 1654 cum
1629 1599 1813 1663 anima

214 1617 466 1729 rationali
501 1685 840 1729 assumptum
873 1684 954 1728 est
985 1688 1012 1725 a
1043 1673 1225 1729 Verbo
1251 1688 1344 1726 seu
1376 1671 1516 1726 Filio
1556 1672 1672 1726 Dei.
1703 1673 1813 1726 iloc

243 1671 466 1727 rationali
501 1685 840 1743 assumptum
873 1684 954 1728 est
985 1688 1012 1725 a
1043 1673 1225 1729 Verbo
1251 1688 1344 1726 seu
1376 1671 1516 1726 Filio
1556 1672 1672 1726 Dei.
1703 1673 1813 1726 lloc

214 1745 412 1825 ῳίρεζο
439 1759 606 1825 sensu
634 1744 919 1825 Christum
946 1744 1362 1825 cgnosptumje
1390 1744 1604 1825 Spiritu
1627 1753 1814 1798 sancto
1844 1764 1892 1825 Β

213 1816 479 1886 signiﬁcat
526 1817 903 1886 Evangeiista,
964 1816 1151 1872 dicens
1203 1833 1215 1868 :
1261 1815 1488 1870 Mariam
1536 1826 1814 1883 antequam

213 1888 538 1941 convenirent
565 1888 800 1956 (scilicet
828 1890 942 1957 ipsa
971 1897 1025 1942 et
1053 1887 1251 1952 Joseph
1286 1889 1337 1942 in
1368 1902 1506 1953 opus
1537 1890 1818 1942 matrimo-

215 1958 306 2030 nii)
327 1960 594 2014 inventam
620 1963 672 2011 in
704 1970 850 2013 utero
868 1959 1054 2013 habere
1078 1960 1140 2013 de
1173 1959 1374 2030 Spiritu
1396 1970 1575 2013 sancto
1595 1958 1812 2028 (Matth.

215 2030 272 2102 ι).
297 2033 362 2102 Et
409 2032 648 2102 mucius
675 2030 914 2100 inceptio
950 2049 962 2086 ι
997 2031 1147 2097 Quod
1176 2032 1315 2086 enirn
1339 2032 1393 2085 in
1428 2048 1491 2087 ea
1531 2041 1710 2086 natum
1741 2040 1818 2086 est

220 2101 276 2168 de
301 2101 520 2172 Spiritu
548 2113 730 2164 sancto
757 2112 852 2162 est.
881 2103 948 2158 Et
975 2103 1044 2162 ad
1069 2106 1242 2172 ipsam
1289 2102 1557 2164 “omnem
1603 2120 1616 2156 :
1645 2103 1821 2170 Spiri-

221 2184 292 2230 tus
312 2184 537 2239 metu;
559 2176 882 2244 tumuerint
901 2175 955 2230 in
980 2184 1048 2240 te,
1072 2187 1122 2230 st
1160 2176 1326 2238 virtus
1358 2175 1613 2238 Altissimi
1639 2178 1816 2228 obum-

222 2245 376 2300 hmbit
409 2248 540 2313 tibi;
580 2250 720 2317 quod
763 2248 899 2304 enim
947 2256 1186 2303 nascetur
1215 2263 1279 2301 ex
1319 2258 1365 2301 te
1410 2255 1663 2312 sanctum,
1708 2256 1814 2304 etc.

224 2317 360 2378 Unde
421 2319 481 2390 in
536 2319 797 2390 Symboio
843 2319 1195 2389 proﬁtentur,
1250 2317 1451 2374 Filium
1499 2317 1598 2372 Dei
1641 2334 1820 2372 conce-

225 2399 350 2458 »ιω
445 2389 516 2454 de
582 2389 787 2456 Spiritu
849 2390 1064 2450 Sancta.
1142 2390 1312 2447 Porro
1372 2391 1440 2448 ad
1499 2390 1819 2457 ampliorem

221 2461 366 2531 luitis
422 2461 504 2524 rei
550 2462 1007 2527 decusationem,
1048 2472 1174 2519 sunt
1213 2464 1394 2530 aliqua
1439 2461 1544 2517 hoc
1581 2463 1700 2516 locu
1724 2478 1820 2516 an-

220 2533 472 2597 notaada.
510 2533 748 2594 Primum
787 2550 927 2604 opus
966 2533 1361 2592 lnearnationis
1398 2534 1692 2588 Dominicze
1725 2535 1819 2588 toti

389 2605 656 2671 Tt‘ituitati
721 2607 1147 2671 ascrilteadum,
1217 2617 1488 2676 tamquam
1561 2605 1819 2662 etleetrici

222 2692 420 2744 causa,
443 2677 597 2747 juxta
623 2679 894 2748 vulgatam
938 2679 1220 2736 catholicis
1263 2677 1388 2733 tidei
1412 2679 1684 2748 regulam,
1717 2693 1820 2748 qua

221 2749 477 2814 traditur.
534 2748 706 2817 Opera
762 2749 1030 2809 Trinitatis
1078 2766 1189 2806 esse
1229 2749 1482 2814 indivisa;
1545 2765 1709 2814 nam,
1764 2758 1826 2805 ut

221 2821 285 2886 ait
311 2819 377 2876 Ι).
416 2821 757 2891 Augustinus
783 2821 878 2880 lib.
912 2839 925 2874 I
959 2823 1026 2876 de
1059 2821 1326 2880 Trin-litate
1369 2819 1524 2892 (Cap.
1556 2822 1616 2889 ὦ)
1645 2838 1659 2875 :
1691 2821 1824 2875 Per-

219 2908 350 2952 sona
373 2893 495 2952 illa
520 2893 711 2953 diuinis
730 2894 862 2952 sicut
888 2893 1280 2962 insopiti-abitas.
1311 2895 1386 2947 ita
1434 2895 1590 2946 etiam
1618 2895 1826 2962 insepa—

220 2965 457 3036 rabiliter
484 2975 786 3036 operantur.
825 2966 888 3020 Et
927 2964 983 3020 S.
1011 2964 1122 3020 Leo
1145 2965 1339 3034 (Serm.
1370 2964 1486 3019 ﬁde
1518 2963 1818 3034 Pent-eam):

225 3034 369 3094 Nihil
392 3077 408 3098 .
449 3034 651 3107 induit,
682 3037 750 3094 ibi
780 3037 930 3092 estin
958 3038 1162 3094 actione
1187 3037 1437 3107 diviseris,
1473 3036 1560 3107 ubi
1589 3035 1722 3094 nihil
1751 3046 1826 3089 est

224 3109 272 3162 in
315 3105 590 3162 roluntate
641 3108 917 3186 diversum.
965 3107 1100 3163 Cum
1147 3121 1275 3175 ergo
1315 3105 1487 3186 Filius
1522 3106 1592 3186 de
1619 3107 1825 3186 Spiritu

227 3189 413 3236 saneto
439 3189 738 3249 conceptus
767 3180 856 3241 sit,
890 3194 995 3234 non
1027 3187 1298 3247 tamquam
1328 3178 1396 3232 de
1418 3178 1822 3249 genitore'(non

228 3251 361 3306 enim
412 3250 654 3319 Spiritus
688 3260 908 3306 sanctus
935 3266 1086 3306 suam
1138 3252 1188 3304 ei
1234 3249 1651 3306 oornmuuicavit
1697 3252 1824 3306 sub-

228 3323 514 3386 stantiam.
544 3322 686 3393 quod
732 3323 798 3378 ad
845 3323 1112 3380 rationem
1155 3320 1400 3390 parentis
1429 3329 1522 3375 aut
1561 3320 1828 3390 genitoris

225 3395 516 3464 pertinet),
565 3394 662 3450 sed
693 3402 966 3464 tamquam
1011 3395 1078 3448 de
1108 3393 1365 3450 eil'uetore
1405 3404 1458 3448 et
1504 3393 1827 3450 fabricatore

225 3465 450 3527 humani
480 3471 533 3522 in
588 3481 654 3521 eo
684 3467 1022 3531 corpusculi;
1057 3466 1300 3536 sequitur
1341 3464 1822 3536 eumticmropera-

229 3537 436 3598 tionem
461 3537 694 3607 perinde
713 3553 744 3592 a
768 3537 928 3602 Patre
948 3547 1110 3607 atque
1134 3535 1162 3590 a
1188 3535 1327 3592 Filio
1347 3551 1476 3592 esse
1496 3535 1824 3606 profectam:

227 3607 342 3675 ideo
362 3626 462 3676 tuo
490 3625 618 3669 eum
643 3608 699 3666 in
727 3611 830 3667 hoc
858 3624 1028 3679 opera
1055 3608 1292 3678 Spit-itus
1319 3618 1538 3663 sanctus
1576 3610 1824 3665 nomina-

229 3691 328 3745 tur,
356 3691 588 3746 caeteras
615 3697 827 3752 quoque
875 3696 1121 3751 personae
1149 3681 1348 3736 delicat
1379 3680 1639 3752 intelligi;
1666 3683 1827 3736 sicuti

228 3755 380 3814 etiam
417 3752 518 3810 ubi
548 3755 597 3816 in
631 3753 813 3823 aliquo
839 3767 1008 3821 opere
1040 3754 1349 3808 nominatur
1374 3751 1521 3805 solus
1550 3752 1710 3806 Pater
1733 3762 1827 3807 aut

228 3826 366 3882 solus
396 3823 599 3888 Filius,
630 3842 738 3880 non
761 3824 924 3882 debet
950 3823 1164 3881 excludi
1196 3823 1432 3891 Spiritus
1458 3832 1695 3879 sanctus.
1725 3826 1828 3880 Se-

229 3897 424 3962 cundo,
461 3897 712 3967 quamvis
748 3897 1076 3962 incarnatio,
1111 3904 1171 3951 ut
1218 3904 1302 3951 est
1329 3895 1476 3950 actio
1503 3897 1752 3964 qnzedam
1773 3904 1830 3952 et

228 3970 506 4036 operatio.
557 3969 868 4027 comnotus
894 3970 964 4024 sit
995 3967 1167 4028 tribus
1215 3967 1482 4036 personis,
1533 3976 1710 4021 tamen
1741 3983 1832 4022 so-

229 4038 333 4094 lum
364 4041 471 4096 Dei
521 4039 721 4098 Filium
763 4043 1100 4095 iuearnatum
1135 4055 1258 4094 esse
1287 4047 1434 4094 tenet
1465 4038 1598 4094 ﬁdes
1635 4042 1829 4093 catho-

229 4111 345 4176 lica.
377 4120 444 4174 ut
469 4113 665 4172 merito
691 4113 806 4180 iatn
832 4113 961 4166 olim
984 4111 1226 4166 damnati
1248 4115 1360 4165 sint
1389 4109 1686 4166 Sabelliani
1713 4110 1828 4165 iue-

228 4184 397 4252 retici,
462 4184 561 4253 qui
597 4185 812 4243 Patrem
852 4184 1020 4240 etiam
1065 4182 1406 4242 inearnatum
1455 4192 1522 4253 et
1561 4183 1614 4235 in
1664 4196 1832 4239 carne

231 4270 452 4324 passum
483 4255 831 4321 asserebant,
875 4270 982 4311 non
1027 4255 1205 4310 minus
1231 4269 1394 4323 quam
1427 4252 1622 4308 Filium
1662 4255 1834 4321 (unde

230 4338 280 4379 et
310 4327 766 4395 Patrouaseliitaa,
804 4329 920 4384 sive
945 4326 1331 4395 Patripassiaui
1364 4337 1491 4382 sunt
1521 4326 1777 4394 appellati
1787 4334 1827 4395 t,

233 4410 524 4467 propterea
554 4398 698 4466 quod
729 4413 989 4468 personas
1016 4398 1074 4454 in
1109 4399 1226 4452 Deo
1258 4414 1366 4453 non
1411 4397 1828 4465 distinguerent.

231 4470 397 4538 liuius
417 4479 610 4524 autem
635 4470 882 4525 veritatis
910 4470 1050 4524 ratio
1074 4478 1129 4523 et
1158 4469 1452 4538 explicatio
1480 4469 1535 4522 in
1557 4483 1628 4524 eo
1655 4471 1826 4533 posita

1915 1309 2151 1376 venitur,
2184 1307 2407 1380 Spiritui
2439 1313 2630 1364 sancto
2655 1307 2930 1362 tribuitur.
2958 1305 3112 1364 Unde
3139 1317 3194 1368 et
3223 1309 3289 1366 ad
3319 1309 3519 1376 Roma-

1917 1395 2019 1436 nos
2067 1396 2120 1447 ι,
2180 1379 2411 1445 Spiritus
2468 1379 2893 1448 sanctiﬁcationis
2940 1391 3184 1447 vocatur.
3254 1381 3319 1436 Et
3379 1383 3520 1442 hanc

1917 1453 2188 1508 rationem
2236 1452 2544 1525 insinuasse
2602 1451 2827 1525 videtur,
2883 1454 3120 1522 Angelus
3185 1451 3366 1525 (Lucae
3415 1456 3518 1524 It),

1918 1525 2135 1596 quando
2167 1532 2288 1594 post
2319 1524 2409 1597 illa
2443 1525 2609 1588 verba
2635 1523 2915 1597 :_Spiritus
2952 1534 3162 1597 sanctus
3195 1523 3524 1597 superveniet

1918 1593 1972 1650 in
2001 1608 2070 1667 te,
2101 1593 2233 1666 etc),
2278 1595 2507 1664 subjecit
2534 1595 2677 1664 quod
2715 1593 2964 1669 Sequitur
2993 1612 3007 1650 :
3050 1593 3282 1669 Ideoque
3308 1608 3355 1656 et
3384 1601 3524 1669 quod

1917 1679 2156 1722 nascetur
2185 1684 2251 1722 ea:
2277 1679 2323 1721 te
2350 1679 2608 1731 sanctum,
2654 1677 2759 1722 etc.
2797 1668 3079 1734 Nascetur,
3126 1668 3328 1736 inquit,
3373 1668 3436 1724 ea:
3476 1681 3524 1726 te

1921 1751 2178 1803 sanctum,
2209 1741 2334 1808 quia
2365 1739 2571 1806 Spiritu
2602 1746 2793 1793 saneto
2839 1740 3258 1808 superveniente
3282 1755 3522 1811 concep-

1922 1820 2058 1879 tum,
2084 1811 2225 1866 nulla
2250 1812 2476 1865 omnino
2503 1826 2597 1879 per
2617 1826 2782 1866 sexus
2808 1811 3252 1866 commixtioncm
3281 1812 3522 1871 libidinis

1923 1881 2269 1938 immunditie
2309 1891 2688 1944 concurrente.
2722 1882 2840 1936 Non
2871 1897 3000 1950 emo
3048 1882 3385 1938 immundum
3419 1885 3526 1942 erit

1921 1956 2062 2025 quod
2112 1963 2383 2027 nascetur,
2413 1955 2557 2027 Aquia
2603 1970 2709 2008 non
2751 1953 2835 2027 de
2866 1954 3142 2009 immundo
3184 1956 3526 2027 concipiatur

1922 2028 2154 2088 semine,
2187 2025 2283 2079 sed
2309 2025 2380 2080 de
2406 2025 2640 2094 Spiritus
2668 2025 2842 2080 sancti
2876 2027 3100 2082 virtute.
3135 2027 3318 2083 Altera
3348 2025 3521 2097 ratio,

1923 2108 1982 2152 ut
2003 2098 2341 2167 signiﬁcetur
2361 2097 2559 2167 duplex
2588 2098 2938 2164 beneﬁcium,
2965 2108 3018 2152 et
3042 2109 3329 2169 utrumque
3356 2102 3527 2155 maxi-

1924 2186 2094 2233 mum,
2128 2185 2221 2237 per
2250 2168 2689 2224 incarnationem
2714 2169 2872 2224 nobis
2898 2186 2926 2223 a
2951 2171 3060 2225 Deo
3077 2168 3359 2238 collatum,
3391 2174 3528 2228 aite-

1923 2257 2044 2296 rum
2073 2240 2292 2296 Christo
2323 2241 2548 2307 homini,
2576 2241 2690 2296 sive
2721 2240 3020 2298 secundum
3051 2241 3339 2297 humanam
3369 2254 3530 2299 natu-

1923 2330 2062 2379 ram,
2081 2314 2133 2368 in
2155 2328 2222 2368 eo
2243 2313 2384 2382 quod
2410 2313 2641 2367 humana
2672 2323 2890 2381 natura,
2911 2314 3068 2367 nullis
3094 2315 3528 2381 praecedentibus

1925 2387 2156 2450 meritis,
2199 2386 2254 2439 in
2286 2395 2492 2440 tantum
2543 2383 2808 2440 honorem
2841 2386 3097 2440 subvecta
3146 2395 3250 2455 est,
3284 2394 3347 2441 ut
3389 2388 3528 2442 Filio

1925 2457 2023 2512 Dei
2050 2456 2100 2511 in
2129 2472 2375 2526 persona:
2403 2456 2662 2511 unitatem
2682 2457 3021 2528 jungeretur,
3047 2467 3099 2512 et
3128 2458 3197 2512 ab
3218 2459 3364 2513 omni
3392 2473 3529 2514 con-

1929 2531 2073 2600 tagio
2123 2528 2445 2584 redderetur
2473 2529 2731 2600 omniex
2761 2537 2910 2600 parte
2959 2529 3256 2598 immunis;
3294 2532 3526 2586 alterum

1929 2599 2026 2656 toti
2057 2601 2297 2655 humano
2327 2600 2537 2670 generi,
2571 2599 2778 2655 scilicet
2823 2601 3146 2655 beneﬁcium
3188 2602 3529 2672 redemptio-

1928 2674 2038 2739 nis,
2073 2687 2166 2741 per
2193 2673 2622 2727 incarnationem
2652 2681 2706 2728 et
2729 2672 3191 2740 dispensationem
3218 2673 3532 2732 Mediatoris

1928 2755 2312 2814 procuratum:
2345 2746 2522 2801 solent
2549 2741 2693 2798 enim
2721 2744 2774 2798 in
2805 2743 3102 2814 Scripturis
3135 2744 3360 2813 Spiritui
3401 2763 3532 2801 san-

1929 2824 2018 2871 cto
2045 2816 2269 2871 attribui
2313 2816 2454 2872 dona
2494 2817 2813 2886 gratiarum.
2847 2826 2901 2870 et
2931 2831 3287 2887 quiscumque
3333 2818 3400 2873 ad
3436 2817 3536 2873 ho-

1932 2887 2138 2942 minum
2190 2887 2676 2943 sanctiﬁcationem
2710 2887 2998 2960 pertinent.
3035 2886 3169 2942 Cum
3202 2886 3338 2960 ergo
3384 2891 3536 2956 nulla

1932 2960 2004 3013 sit
2037 2960 2210 3031 major
2239 2961 2434 3028 gratia,
2467 2960 2674 3014 nullum
2721 2958 3067 3029 prta-stantius
3108 2958 3334 3025 donum,
3368 2976 3533 3031 quam

1931 3030 2076 3098 quod
2108 3031 2158 3084 in
2193 3031 2445 3100 Mysterio
2471 3031 2863 3102 [incarnationis
2889 3032 3220 3097 continetur,
3248 3030 3535 3102 aptissime

1933 3111 2140 3156 tantum
2175 3103 2496 3158 benelicium
2537 3101 2757 3171 Spiritui
2793 3113 2982 3157 sancto
3026 3101 3360 3158 attribuitdr.
3400 3105 3534 3162 Vide

1933 3173 2379 3246 S._Attaustinum
2414 3175 2634 3246 Enchir.
2665 3190 2784 3246 cap.
2818 3173 2909 3230 56.

2007 3243 2034 3284 δ
2060 3245 2258 3300 Fateor
2288 3261 2374 3301 me
2397 3245 2490 3300 diu
2523 3243 2860 3315 multumque
2893 3247 2946 3300 in
2981 3245 3138 3315 hujus
3167 3246 3267 3302 loci
3295 3247 3538 3305 elucida-

1936 3317 2086 3372 tione
2115 3316 2362 3380 haesisse,
2395 3333 2495 3371 nec
2539 3326 2774 3372 mentem
2811 3318 3061 3373 Auctoris
3103 3318 3234 3382 satis
3281 3335 3379 3388 pro
3408 3332 3537 3380 voto

1936 3397 2398 3463 {necassecutum
2426 3388 2614 3454 fuisse,
2637 3401 2925 3463 anteanam
2955 3389 3005 3443 in
3033 3390 3331 3463 doctissimi
3365 3394 3535 3463 patris

1934 3459 2226 3514 Maidonati
2254 3464 2704 3515 commentarium
2730 3459 2820 3530 (In
2843 3478 2960 3530 cap.
2987 3476 3004 3516 ι
3027 3461 3184 3532 Luc.)
3213 3459 3531 3530 inciderem;

1934 3533 2089 3600 cujus
2141 3533 2366 3602 proinde
2396 3533 2720 3587 sententiam
2769 3534 3031 3602 integram
3083 3534 3170 3588 hic
3218 3537 3448 3590 recitare
3484 3544 3540 3596 ct

1937 3618 2058 3657 cum
2090 3605 2193 3659 hoc
2209 3603 2453 3677 Cassiani
2476 3607 2593 3677 loco
2616 3607 2866 3660 conferre
2898 3609 3068 3677 visum
3094 3616 3178 3660 est
3203 3620 3384 3676 operat
3418 3623 3539 3677 pre-

1937 3677 2093 3740 tium,
2125 3692 2228 3730 nec
2258 3676 2447 3731 lectori
2471 3676 2584 3730 fure
2610 3678 2900 3745 ingratum.
2929 3676 3017 3732 Sic
3039 3676 3201 3746 igitur
3231 3679 3320 3734 ille
3345 3676 3537 3746 expla-

1935 3762 2074 3802 nans
2099 3749 2263 3802 verba
2287 3748 2480 3818 Angeli
2504 3748 2571 3802 ad
2599 3748 2872 3820 Virgine_m
2905 3767 2918 3801 :
2945 3747 3177 3820 Ideoque
3198 3753 3336 3820 quod
3363 3768 3542 3806 nasce-

1936 3827 2020 3872 tur
2048 3837 2112 3873 ex
2141 3829 2186 3873 te
2212 3817 2476 3888 sanctum,
2509 3820 2770 3874 vocabitur
2797 3817 2975 3875 Filius
3005 3817 3122 3873 Dei.
3167 3817 3297 3876 l’ost
3325 3823 3537 3876 refuta-

1936 3899 2044 3944 tam
2077 3891 2352 3963 Enthymii
2387 3894 2735 3954 sententiam,
2759 3894 2846 3961 qui
2875 3902 3080 3945 tantum
3104 3892 3354 3963 intelligit
3384 3893 3542 3950 Curi-

1934 3972 2078 4017 stum
2125 3967 2428 4019 vocandum
2473 3964 2543 4018 ab
2591 3963 2900 4018 hominibus
2928 3963 3120 4018 Filium
3170 3964 3265 4018 Dei
3314 3976 3544 4035 propter

1934 4035 2250 4106 admiranda
2301 4046 2463 4106 atque
2512 4035 2691 4090 divina
2737 4051 2899 4105 opera
2945 4049 3067 4106 quae
3116 4036 3355 4091 facturus
3399 4047 3538 4105 erat,

1935 4105 2063 4173 Alii,
2098 4110 2302 4180 inquit,
2340 4105 2692 4180 oinnes,_quos
2720 4107 2934 4160 viderim
2956 4105 2977 4174 ,ί
3003 4111 3074 4180 ita
3117 4110 3538 4180 interpretantur,

1935 4181 2086 4248 quasi
2109 4181 2172 4232 de
2193 4177 2418 4242 Christo,
2455 4189 2510 4232 ut
2536 4176 2670 4244 Deo,
2700 4187 2789 4232 aut
2811 4188 2944 4232 certe
2963 4188 3019 4232 ut
3047 4176 3275 4239 homine,
3307 4181 3362 4234 in
3384 4199 3542 4236 unam

1936 4265 2054 4303 cum
2082 4249 2194 4305 Deo
2219 4267 2488 4320 personam
2519 4260 2806 4318 assumpto,
2833 4250 3078 4321 loquatur
3105 4251 3366 4321 Angelus;
3397 4263 3540 4306 utra-

1935 4338 2031 4390 que
2061 4326 2196 4375 enim
2225 4324 2431 4376 ratione
2459 4321 2696 4376 Christus
2725 4337 2891 4387 verus,
2929 4322 3287 4392 naturalisque
3313 4322 3409 4378 Dei
3444 4323 3542 4378 Fi-

1938 4394 2036 4466 lius
2063 4405 2174 4446 est:
2211 4403 2266 4466 ut
2312 4395 2450 4446 Deus
2480 4393 2709 4466 quidem.
2741 4394 2861 4460 quia
2892 4402 3087 4466 (eterna
3119 4409 3150 4445 a
3191 4393 3300 4448 Deo
3329 4413 3541 4466 genera-

1937 4465 2074 4539 tione
2126 4465 2449 4539 productus;
2504 4473 2561 4517 ut
2611 4463 3157 4539 homo,_quia__l_icet
3212 4467 3264 4518 in
3316 4463 3542 4539 tempore

233 4533 322 4596 est.
369 4542 528 4610 quod
576 4543 706 4604 uitio
752 4542 846 4600 illa
894 4551 1102 4598 naturae
1152 4533 1404 4613 humanae
1452 4556 1576 4600 cum
1625 4541 1825 4613 divina,
1861 4553 1916 4613 ι)
1939 4533 2162 4605 genitus,
2188 4538 2245 4613 in
2274 4553 2431 4590 unam
2461 4545 2634 4613 tamen
2663 4551 2778 4613 cum
2805 4533 2916 4613 Deo
2947 4533 3093 4590 Filio
3124 4552 3399 4613 personam
3419 4533 3539 4591 'uni.

230 4628 385 4684 quam
413 4613 853 4675 lncarnationam
877 4627 1158 4678 vocamus,
1187 4613 1330 4666 facta
1353 4612 1510 4684 sitae
1543 4611 1832 4684 terminata

231 4682 294 4737 ad
344 4687 525 4748 solam
575 4685 696 4744 Filii
749 4700 1077 4754 personam;
1129 4683 1353 4752 proinde
1405 4682 1530 4736 licet
1586 4683 1836 4737 eamdem

231 4756 495 4811 unionem
521 4765 634 4810 tres
666 4771 912 4824 personui
943 4767 1251 4825 coeperam
1280 4757 1408 4823 sint,
1464 4754 1612 4807 solus
1657 4764 1834 4808 tamen

234 4825 404 4884 Filius
437 4829 756 4884 incarnatus
801 4828 1059 4897 solusque
1105 4841 1325 4883 carnem
1359 4825 1726 4890 assumpsisse
1750 4825 1830 4879 iii-

232 4900 440 4956 cendus
470 4913 586 4962 est,
618 4898 762 4967 quod
804 4899 1057 4968 exemplo
1084 4899 1176 4952 illo
1203 4897 1411 4965 vulgari
1456 4897 1596 4951 solet
1622 4898 1834 4964 aliqua-

233 4978 388 5028 tenus
411 4971 722 5028 declarari:
749 4969 794 5024 si
810 4980 918 5026 tres
939 4969 1184 5025 homines
1207 4971 1273 5024 ad
1299 4968 1638 5022 vestiendum
1668 4984 1834 5024 unum

232 5057 297 5098 es
327 5043 466 5111 ipsis
495 5051 848 5110 concurrant,
884 5041 972 5096 hic
995 5043 1142 5098 enim
1173 5056 1312 5095 unus
1347 5052 1402 5096 et
1427 5039 1580 5095 solus
1609 5041 1713 5094 sibi
1743 5057 1835 5095 ve-

233 5123 367 5167 stem
401 5113 602 5177 induit,
636 5128 806 5182 eaque
835 5129 931 5182 per
967 5127 1310 5180 consequens
1344 5112 1604 5175 induitur,
1639 5126 1831 5181 quam-

236 5184 312 5238 vis
333 5186 504 5246 etum
532 5184 627 5240 alii
653 5189 716 5240 ad
741 5184 1088 5241 vesﬁtionem
1111 5193 1458 5240 concurrant.
1478 5182 1569 5238 Sic
1593 5185 1644 5237 in
1669 5199 1837 5252 opere

233 5255 636 5314 incarnationis
673 5269 728 5312 et
752 5257 1122 5326 assumptione
1165 5255 1418 5310 humanus
1455 5262 1683 5322 naturic,
1727 5264 1838 5311 tres

234 5329 458 5396 quidem
488 5342 736 5396 personas
775 5329 974 5384 divina:
1004 5328 1206 5398 pariter
1230 5327 1508 5397 operando
1545 5342 1837 5384 concurre-

234 5409 382 5463 runt,
431 5401 552 5456 sola
584 5407 766 5458 tamen
822 5415 1056 5469 persona
1088 5398 1212 5457 Filii
1255 5415 1476 5455 carnem
1516 5399 1831 5470 assumpsit,

234 5471 456 5540 sibiqua
490 5473 688 5528 univit.
740 5471 947 5539 Tertio,
993 5487 1093 5528 cur
1130 5482 1310 5530 autem
1369 5471 1696 5537 lncarnatio,
1743 5487 1840 5527 seu

236 5547 526 5613 conceptio
560 5541 682 5598 Filii
709 5543 1058 5612 peculiariter
1080 5545 1347 5600 tribuatur
1374 5542 1598 5613 Spiritui
1625 5554 1836 5610 sancto,

237 5627 360 5668 cum
392 5614 467 5669 de
496 5614 703 5684 Spiritu
727 5626 918 5672 sancto
939 5628 1234 5685 conceptus
1255 5617 1489 5680 dicatur,
1519 5616 1640 5669 duas
1670 5616 1839 5670 ratio-

240 5700 334 5742 nes
381 5691 677 5756 pracipuat
718 5703 748 5740 a
792 5687 1042 5747 Patribtts
1089 5689 1455 5757 assignantur.
1513 5687 1725 5751 Prima,
1780 5694 1842 5742 ut

240 5757 416 5830 sancti
437 5757 684 5830 Spiritus
700 5758 888 5817 audito
913 5760 1154 5822 nomine,
1183 5759 1555 5827 conceptionis
1584 5759 1740 5830 hujus
1772 5760 1840 5813 ab

241 5829 390 5901 cunni
422 5831 626 5898 peccati
675 5829 795 5886 labe
838 5832 1127 5886 mundities
1156 5841 1211 5886 ct
1251 5831 1514 5886 sanctitas
1550 5834 1838 5901 cogitetur.

241 5897 602 5961 Peculiariter
631 5902 776 5958 enim
807 5902 1062 5966 quidquid
1095 5914 1342 5958 sanctum
1371 5901 1424 5958 iu
1457 5897 1719 5958 creaturis
1753 5904 1837 5958 in-

1942 4617 2022 4660 tus
2053 4617 2145 4661 est.
2185 4609 2358 4680 Quare
2384 4625 2490 4662 non
2533 4607 2634 4661 duo
2662 4607 2796 4676 ﬁlii,
2828 4607 2959 4660 sicut
2988 4624 3091 4662 non
3128 4608 3245 4660 dua:
3275 4626 3543 4680 personet;

1939 4681 2028 4732 sed
2074 4695 2205 4733 unus
2238 4679 2430 4744 Filius,
2461 4681 2593 4734 sicut
2649 4695 2752 4731 una
2807 4694 3024 4746 persona
3066 4688 3160 4734 est.
3197 4679 3542 4744 Quamobrem

1941 4752 2142 4822 antiqui
2168 4752 2250 4805 illi
2290 4759 2523 4806 auctores
2566 4749 2799 4805 Nestorii
2841 4750 3077 4805 hwresim
3101 4751 3230 4804 duos
3259 4753 3311 4804 in
3337 4751 3542 4808 Christo

1941 4820 2131 4888 Filios,
2165 4824 2299 4876 sicut
2338 4824 2489 4894 _duas
2532 4839 2779 4894 personas
2808 4822 3068 4894 ﬁngentis,
3103 4838 3167 4877 ea:
3201 4821 3296 4876 hoc
3323 4825 3434 4878 loco
3460 4841 3543 4879 re-

1941 4899 2198 4963 futarunt,
2229 4905 2283 4948 ut
2321 4891 2603 4966 Gregorius
2640 4893 2732 4947 lib.
2760 4891 3024 4966 γχιΧ-Μον.
3056 4910 3170 4966 cap.
3199 4894 3286 4957 37,
3321 4905 3369 4951 et
3399 4895 3542 4950 Beda

1939 4969 1994 5039 in
2044 4964 2438 5020 commentariis
2475 4965 2634 5038 hujus
2668 4965 2787 5020 loci.
2840 4964 3162 5039 Quamquam
3183 4982 3299 5039 _ego
3334 4969 3544 5039 quidem

1940 5036 2105 5091 alium
2153 5039 2376 5092 arbitror
2422 5036 2783 5109 essesensum,
2814 5048 2869 5090 ut
2902 5055 3003 5092 non
3055 5037 3120 5091 de
3168 5036 3394 5104 Christo,
3441 5058 3544 5109 qua

1940 5109 2105 5175 Deus,
2140 5123 2304 5178 neque
2356 5125 2459 5179 qua
2513 5107 2666 5182 homo
2699 5125 2934 5179 pet-some
2976 5111 3284 5182 conjunctus
3333 5107 3540 5180 divinis,

1941 5183 2030 5236 sed
2058 5183 2122 5234 de
2166 5183 2279 5235 sola
2315 5180 2667 5254 conceptione,
2723 5180 3406 5254 hurnanaque'generatione
3447 5185 3544 5237 hoc

1941 5254 2284 5326 intelliggtur,
2317 5252 2635 5326 quasidicat
2672 5252 2936 5322 Angelus:
2973 5255 3313 5319 Vocnnn‘un,
3354 5256 3408 5309 id
3444 5265 3540 5323 est,

1943 5340 2069 5380 Elli'l'
2112 5324 2286 5378 Filius
2331 5325 2448 5390 Dei,
2482 5325 2603 5394 quia
2635 5342 2735 5378 non
2766 5343 2796 5377 a
2828 5327 2959 5391 viro,
3003 5327 3093 5380 sed
3135 5344 3166 5379 (ι
3197 5326 3325 5384 Deo.
3359 5327 3546 5381 virtute

1945 5397 2174 5468 Spiritus
2201 5397 2365 5451 sancti
2385 5395 2733 5467 generabilur.
2767 5395 2949 5468 Neque
2974 5398 3110 5454 enim
3137 5399 3199 5451 de
3225 5396 3418 5454 Christi
3450 5417 3546 5453 na«

1946 5477 2091 5534 tura,
2127 5469 2218 5524 sed
2266 5468 2332 5522 de
2380 5468 2531 5520 modo
2571 5468 3176 5540 generationisiAngelus
3221 5470 3444 5538 agebat;
3494 5479 3548 5526 et

1941 5559 2100 5596 causa
2129 5557 2286 5612 quam
2329 5540 2500 5594 reddit
2531 5541 2860 5610 quamobrem
2903 5539 3072 5596 Filius
3107 5539 3204 5593 Dei
3227 5544 3434 5612 futurus
3455 5545 3542 5610 sit,

1944 5614 2079 5685 quod
2100 5609 2334 5686 Spiritus
2349 5621 2566 5686 sanctus
2590 5621 2994 5686 superventm'us
3010 5622 3146 5686 esset
3173 5609 3237 5670 in
3259 5609 3546 5684 Virginem,

1945 5684 2157 5755 eamque
2186 5684 2551 5739 obumbratura
2580 5687 2741 5757 virtus
2766 5684 3041 5757 Allissimi,
3067 5701 3170 5757 ηρῃ
3199 5695 3308 5739 erat
3336 5696 3456 5757 apta
3477 5704 3549 5741 an

1945 5757 2267 5829 probandum
2305 5773 2371 5814 eo
2415 5772 2566 5829 sensu
2620 5756 2878 5811 Christum
2929 5755 3028 5809 Dei
3079 5755 3277 5810 Filium
3313 5755 3549 5827 futurum

1948 5826 2129 5898 fuisse,
2159 5837 2412 5898 quatenus
2457 5826 2601 5882 Deus
2633 5839 2722 5883 aut
2753 5835 3003 5898 quatenus
3049 5828 3199 5882 homo
3237 5831 3288 5882 in
3315 5826 3545 5883 eamdem

1949 5917 2067 5955 cum
2091 5900 2198 5956 Deo
2215 5917 2494 5967 personant
2513 5911 2839 5968 assumptus;
2868 5902 2991 5972 quia
3010 5902 3177 5975 potuit
3203 5899 3355 5956 etiam
3382 5917 3540 5972 purus
