3970 6344
557 178 563 181 -
583 180 589 185 .
629 170 714 188 μετ’»
725 169 734 171 λ’

341 258 416 320 67
1433 284 1445 301 υ
1689 248 1960 310 ιοΑΝΝιε

2070 244 2325 308 lSSlANi
2559 270 2639 299 ης
3569 251 3687 328 ιι

346 376 562 440 Domini
591 374 1000 450 Salvatorisque
1053 376 1225 434 nostri
1267 374 1395 434 inde
1439 381 1528 432 est
1570 375 1748 447 origo,
1800 378 1947 432 unde

321 457 331 486 ²
347 482 686 546 conceptus;
719 482 777 532 et
814 489 938 530 cum
965 471 1340 531 descendente
1382 467 1439 524 in
1470 467 1750 540 Virginem
1785 469 1951 526 totius

348 565 659 625 Divinitaiis
687 567 1028 639 plenitudine
1054 573 1208 621 natus
1233 563 1328 627 sit,
1371 562 1515 617 lilius
1547 577 1672 620 esse
1716 562 1950 620 hominis

350 679 460 720 non
504 671 737 734 poterat,
791 662 894 718 nisi
930 660 1079 732 prius
1111 656 1205 713 Dei
1249 655 1420 712 Filius
1461 655 1678 726 fuisset,
1725 666 1781 714 et
1825 655 1951 713 ideo

352 758 555 814 missus
579 756 646 812 ad
669 753 1097 813 annuntiandam
1128 750 1270 807 sacri
1301 759 1455 806 ortus
1481 749 1817 807 nativitatem
1850 764 1951 805 an-

348 852 504 924 gelus
527 851 642 912 Dei.
673 865 795 906 cum
815 856 1214 904 sacramentum
1239 844 1610 916 conceptionis
1635 852 1765 900 ante
1781 844 1954 900 dixis-

349 954 456 1010 set,
500 944 675 1016 partui
705 940 807 1012 ipsi
832 955 1032 996 nomen
1079 939 1364 1010 imposuit,
1409 937 1637 998 dicens:
1670 946 1697 974 ⁸
1724 934 1854 991 Ideo
1901 944 1950 991 et

350 1039 490 1112 quod
520 1047 762 1093 nascetur
807 1050 872 1090 ea:
923 1045 972 1089 te
1027 1045 1288 1100 sanctum,
1314 1033 1582 1088 vocabitur
1626 1029 1803 1086 Filius
1851 1030 1952 1086 Dei

353 1130 482 1206 (hoc
505 1141 606 1196 est,
648 1128 799 1184 illius
834 1127 1004 1184 Filius
1037 1126 1439 1199 nuncupabitur
1463 1125 1492 1165 δ
1521 1140 1629 1196 quo
1658 1134 1953 1197 generante

352 1234 436 1282 est
465 1222 801 1294 generatus).
834 1220 930 1278 Dei
951 1237 1084 1294 ergo
1115 1221 1288 1278 Filius
1332 1219 1490 1276 Jesus
1515 1217 1788 1284 Christus,
1826 1217 1952 1289 quia

351 1326 407 1374 et
436 1331 466 1370 a
498 1316 782 1372 divinitate
811 1315 1050 1388 genitus,
1083 1323 1135 1370 et
1171 1325 1195 1353 ο
1225 1329 1254 1368 a
1295 1312 1578 1368 divinitate
1632 1317 1952 1381 conceptus.

351 1405 382 1448 δ
415 1407 473 1466 Si
503 1420 686 1465 autem
737 1408 836 1464 Dei
867 1407 1060 1473 Filius,
1111 1422 1243 1479 ergo
1286 1404 1662 1461 indubitanter
1693 1403 1868 1469 Deus;
1909 1401 1958 1459 si

352 1515 537 1561 autem
569 1503 732 1569 Deus,
760 1518 892 1575 ergo
918 1502 1088 1573 gratia
1120 1501 1214 1558 Dei
1243 1515 1350 1557 non
1369 1515 1588 1567 carens,
1614 1513 1790 1570 neque
1810 1497 1956 1555 enim

354 1610 420 1652 ea
441 1612 503 1653 re
527 1611 785 1667 umquam
827 1595 1004 1652 caruit
1042 1609 1202 1666 quam
1254 1595 1370 1663 ipse
1401 1592 1548 1650 fecit.
1583 1593 1765 1648 Gratia
1810 1591 1958 1648 enim

357 1699 406 1746 st
435 1691 620 1748 veritas
646 1707 739 1764 per
757 1688 938 1746 Iesum
968 1687 1230 1746 Christum
1255 1690 1396 1758 facta
1423 1697 1520 1745 est.

2054 467 2353 540 Perfectum
2403 469 2468 524 ab
2507 476 2698 525 artemo
2748 469 2938 540 fuisse,
2980 483 3088 523 esse
3126 475 3176 522 et
3215 469 3325 537 {ore
3359 464 3415 520 in
3444 461 3656 519 Christo

2124 541 2462 610 divinitatem,
2494 543 2834 615 majestatem,
2859 541 3160 612 potentiam,
3188 540 3450 602 uirtutem,
3469 544 3575 592 etc.

2123 657 2317 715 Omnis
2343 673 2475 729 ergo
2502 657 2557 713 in
2584 672 2651 714 eo
2679 657 2877 728 gratia,
2909 655 3086 710 omnis
3116 653 3317 716 virtus,
3349 650 3528 708 omnis
3553 663 3684 723 po-‘

2053 751 2246 820 tentia,
2279 752 2458 808 omnis
2487 750 2767 818 divinitas,
2799 749 2979 805 omnis
3009 746 3241 818 denique
3261 744 3563 802 divinitatis
3585 758 3652 800 ac

2057 844 2361 915 maiestatis
2389 843 2558 916 ipsius
2586 840 2866 914 plenitudo
2885 856 3010 898 cum
3032 854 3099 896 eo
3124 848 3287 909 atque
3314 837 3369 893 in
3407 853 3475 892 eo
3509 851 3657 892 sem-

2055 954 2154 1012 per
2205 939 2452 1008 l'uerunt,
2501 939 2616 994 sive
2661 938 2719 994 in
2765 937 2930 1006 caelo,
2972 935 3088 992 sive
3125 935 3179 990 in
3225 943 3393 998 terra,
3443 931 3558 986 sive
3600 930 3656 985 in

2057 1043 2234 1098 utero,
2283 1031 2396 1088 sive
2432 1032 2486 1086 in
2516 1040 2682 1087 ortu:
2721 1029 2856 1085 nihil
2895 1043 3147 1100 umquam
3184 1026 3297 1082 Deo
3325 1024 3392 1081 de
3419 1024 3531 1080 Deo
3557 1022 3660 1079 de-

2057 1125 2187 1191 fuit;
2213 1140 2433 1196 semper
2453 1125 2597 1182 enim
2621 1139 2744 1181 cum
2764 1123 2878 1179 Deo
2903 1121 3098 1185 deitas,
3124 1135 3230 1176 non
3257 1119 3376 1175 loco
3402 1130 3654 1187 umquam

2057 1219 2126 1274 ab
2155 1234 2244 1288 eo,
2279 1233 2387 1274 non
2412 1229 2657 1288 tempore
2685 1227 2931 1288 separata
2958 1232 2974 1273 :
3004 1213 3207 1285 ubique
3231 1211 3376 1267 enim
3409 1209 3554 1266 Deus
3576 1221 3661 1265 to-

2062 1320 2169 1381 tus,
2206 1313 2408 1383 ubique
2438 1314 2729 1383 perfectus,
2771 1325 2877 1366 non
2907 1307 3140 1370 divisus,
3188 1320 3295 1362 non
3327 1303 3662 1370 demutatus,

2063 1419 2170 1460 non
2197 1404 2517 1460 imminutus
2545 1413 2661 1469 est;
2692 1403 2817 1475 quia
2847 1415 2950 1458 nec
2977 1398 3100 1456 addi
3132 1411 3386 1469 umquam
3419 1395 3529 1450 Deo
3559 1406 3666 1450 nec

2060 1495 2279 1553 detrahi
2325 1495 2616 1566 quidquam
2656 1501 2875 1567 potest:
2920 1491 3002 1548 sic
3039 1489 3187 1548 enim
3227 1487 3667 1544 imminutionem

2062 1591 2286 1649 deitatis
2311 1605 2418 1647 non
2452 1590 2637 1658 habet,
2659 1590 2801 1646 sicut
2829 1603 2929 1643 nec
2952 1593 3326 1658 augmentum.
3352 1581 3500 1638 idem
3530 1593 3669 1651 ergo

2063 1685 2120 1741 in
2147 1685 2309 1742 terris
2333 1682 2454 1752 fuit,
2476 1684 2570 1754 qui
2595 1695 2652 1741 et
2673 1685 2726 1740 in
2749 1681 2942 1748 cmlis;
2977 1680 3123 1739 idem
3145 1679 3201 1737 in
3227 1675 3543 1744 humilibus,
3568 1672 3670 1745 qui

1428 1860 1685 1920 ALARDI
1725 1858 1964 1918 GAZASI
2001 1857 2566 1919 COMMENTARIUS.

359 1988 542 2048 homo.
574 1985 780 2054 Spiritu
834 1990 1015 2038 sancto
1057 1982 1444 2052 superveniente
1479 1989 1526 2036 et
1567 1980 1752 2036 virtute
1789 1982 1954 2054 Altis-
1984 1981 2033 2042 B
2061 1978 2258 2054 inquit,
2292 1992 2486 2038 nostra:
2512 1982 2798 2037 nativitatis
2821 1979 2981 2037 Jesus
3023 1989 3235 2037 sanctus
3261 1980 3554 2036 nasciturus
3577 1997 3674 2036 as-

359 2061 475 2113 simi
527 2053 788 2124 Virginem
837 2055 1190 2118 obumbrante,
1237 2054 1462 2124 concipi.
1505 2055 1594 2123 qui
1638 2063 1818 2107 neutro
1863 2053 1955 2106 illo

360 2130 511 2186 modo
539 2122 713 2182 Filius
763 2136 888 2181 esset
919 2125 1037 2190 Dei,
1066 2139 1182 2179 cum
1208 2140 1368 2196 neque
1388 2122 1394 2124 “
1413 2122 1553 2179 Deus
1596 2134 1748 2187 esset,
1797 2141 1960 2195 neque

359 2203 550 2258 divina!
572 2202 877 2270 conjunctus
916 2211 1168 2270 personae.
1213 2195 1293 2250 Ad
1330 2197 1651 2270 probandum
1679 2207 1873 2259 autem,
1907 2195 1962 2250 id

360 2277 497 2344 quod
517 2266 838 2326 nasciturum
869 2266 974 2324 erat
1003 2285 1068 2324 ea:
1100 2266 1335 2344 Virgine.
1354 2269 1469 2344 _Dei
1498 2267 1706 2344 Filium
1726 2272 1963 2344 futurum

362 2339 392 2417 f
392 2348 524 2400 uisse
545 2361 603 2398 eo
628 2360 781 2417 sensu
801 2359 901 2412 quo
921 2341 1154 2417 exposui.
1179 2339 1454 2417 aptissima
1476 2341 1612 2417 ratio
1631 2339 1727 2417 erit
1754 2339 1959 2412 Angeli,

362 2410 488 2485 quia
513 2431 615 2470 non
644 2430 707 2468 ea:
735 2410 864 2485 viro,
916 2411 1005 2467 sed
1037 2411 1239 2485 ea:_solo
1271 2410 1380 2465 Deo
1411 2410 1780 2485 concipiendas
1828 2410 1959 2464 erat.

364 2481 551 2558 Itaque
593 2486 794 2540 etiamsi
825 2484 1059 2558 Christus
1091 2481 1232 2558 Deus
1283 2499 1400 2558 non
1433 2482 1756 2558 fuissetLillo
1793 2493 1963 2537 tamen

363 2551 518 2616 modo
543 2558 742 2629 genitus
771 2573 871 2623 quo
895 2556 1098 2629 genitus
1125 2555 1248 2626 fuit,
1275 2555 1455 2629 merito
1482 2552 1576 2607 Dei
1605 2551 1778 2629 ilius
1805 2570 1962 2629 voca-

365 2640 448 2687 tus
477 2625 682 2702 fuisset,
716 2645 818 2702 non
845 2625 1015 2702 solum
1050 2637 1106 2680 ut
1131 2627 1302 2702 caueri
1330 2626 1425 2679 viri
1451 2627 1638 2702 sancti,
1682 2626 1749 2702 de
1780 2625 1964 2702 quibus

365 2694 562 2758 dictum
602 2713 674 2755 est
709 2697 882 2770 (Psal.
916 2713 1102 2764 LXXXI,
1130 2707 1176 2750 et
1212 2694 1372 2770 Joan.
1414 2697 1472 2763 ll)
1499 2713 1516 2753 :
1546 2694 1666 2770 _Ego
1697 2696 1840 2770 diri,
1877 2697 1964 2752 Dii

366 2775 508 2835 estis,
539 2783 586 2828 et
612 2768 737 2826 Filii
771 2769 978 2825 Επειεὶ
1017 2784 1226 2834 omnes;
1262 2769 1353 2822 sed
1377 2768 1635 2838 singulari
1663 2768 1884 2836 quadam
1916 2779 1965 2822 et

366 2846 582 2917 propria
617 2845 839 2917 ratione,
877 2841 1017 2917 quod
1048 2857 1151 2895 non
1184 2841 1348 2917 alium
1375 2855 1528 2910 quam
1561 2837 1723 2892 Deum
1756 2840 1966 2917 haberet

365 2912 601 2982 Patrem,
641 2932 745 2970 non
773 2912 836 2967 ab
886 2914 992 2966 alio
1019 2929 1175 2981 quam
1223 2912 1286 2966 ab
1317 2928 1376 2966 eo
1419 2921 1696 2982 generatus
1726 2926 1746 2964 :
1777 2912 1965 2982 eodem

365 2980 756 3063 ρνονειιέηιοάο
771 3001 872 3063 _quo
894 2980 1063 3038 Lucas
1080 2983 1223 3063 infra
1242 3001 1357 3063 cap.
1380 2980 1461 3063 ut,
1486 2982 1742 3063 Adam-um
1765 2980 1966 3063 ilium

366 3054 467 3115 Dei
488 3069 651 3125 vocat,
695 3054 815 3127 quia
843 3073 947 3110 non
983 3073 1014 3108 a
1042 3056 1296 3127 virotsed
1335 3072 1369 3108 a
1404 3054 1516 3127 Deo,
1544 3055 1746 3127 genitus
1772 3055 1963 3127 fuerat.

369 3132 470 3198 Qui
498 3131 597 3200 fuit
638 3124 878 3190 Catinam,
923 3127 1009 3200 qui
1042 3127 1148 3200 _fuit
1183 3125 1390 3200 lienes,
1414 3126 1519 3200 qui
1548 3124 1656 3200 fuit
1687 3124 1810 3180 Seth
1832 3167 1846 3189 ,
1878 3127 1966 3196 qui

367 3196 468 3331 {ait
498 3196 704 3265 'Adam,
747 3200 835 3270 qui
884 3198 982 3266 fuit
1033 3196 1150 3251 Dei.
1198 3196 1512 3267 lntelligitur
1554 3196 1688 3250 enim
1739 3213 1962 3258 nomen,

396 3273 581 3331 ‘tuus.
625 3273 762 3326 sicut
806 3271 858 3324 in
891 3270 1122 3323 omnibus
1163 3267 1538 3331 superioribus.
1585 3267 1726 3331 Quid
1763 3269 1962 3331 igitur?

396 3273 581 3340 t‘tuus,
625 3267 769 3326 sicut
806 3271 858 3324 in
891 3270 1122 3323 omnibus
1163 3267 1538 3340 superioribus.
1585 3267 1726 3334 Quid
1763 3269 1968 3335 igitur?

369 3337 633 3402 Peribitne
654 3343 800 3398 nobis
823 3340 905 3394 hic
930 3339 1097 3405 locus,
1118 3348 1168 3394 et
1195 3350 1376 3393 contra
1404 3337 1741 3392 Nestorianos
1765 3340 1964 3396 inutilis

367 3418 500 3473 erit?
523 3415 646 3470 Non
675 3414 804 3481 perit
829 3431 842 3466 :
866 3429 988 3467 nam
1008 3429 1108 3466 non
1134 3410 1318 3466 desunt
1340 3411 1484 3464 nobis
1511 3410 1800 3471 Scriptura:
1825 3413 1967 3466 testi-

368 3490 564 3550 monia,
587 3487 770 3555 quibus
792 3501 904 3538 eum
935 3482 1168 3539 Nestorii
1191 3499 1419 3537 errorem
1447 3482 1753 3551 refutemns,
1784 3492 1834 3538 et
1853 3485 1971 3554 qui-

368 3561 463 3615 bus
517 3560 698 3614 melius
727 3573 791 3611 ea:
822 3556 918 3610 hoc
967 3557 1079 3618 ipso
1135 3555 1249 3608 loco
1309 3565 1356 3608 et
1399 3569 1463 3608 ea
1507 3555 1756 3624 proximis
1803 3556 1970 3612 verbis

368 3630 653 3702 Gregorius
667 3629 915 3702 refutauit
938 3627 1026 3702 lib.
1056 3643 1108 3682 ix
1134 3624 1358 3702 Ifegistri
1389 3623 1539 3697 epist.
1569 3623 1659 3680 61.
1687 3623 1968 3702 Natarum

369 3695 596 3771 Ang'elus
641 3695 776 3754 dicat
819 3701 914 3771 hoc
940 3700 1050 3771 loco
1076 3713 1114 3771 :7
1141 3695 1293 3771 Quod
1324 3695 1558 3771 nascetur
1589 3713 1652 3751 ea:
1679 3708 1756 3771 te,
1792 3695 1968 3771 Elisu-

370 3768 486 3828 beth
516 3789 664 3828 versu
684 3772 754 3827 65
793 3770 958 3824 dicit:
995 3769 1146 3825 Unde
1186 3768 1282 3822 hoc
1313 3769 1460 3826 mihi.
1489 3777 1545 3822 ut
1591 3769 1761 3822 veniat
1801 3768 1969 3826 Mater

368 3844 585 3901 Domini
615 3844 712 3898 mei
738 3843 806 3896 ad
845 3842 962 3897 me?
1002 3840 1152 3897 Unde
1173 3838 1381 3913 colligit
1421 3838 1702 3910 Gregorius
1736 3844 1968 3896 eamdem

370 3919 618 3986 virginem
659 3925 706 3970 et
737 3924 950 3968 matrem
980 3912 1230 3986 hominis,
1276 3912 1339 3986 de
1363 3928 1462 3986 quo
1493 3912 1742 3986 Angelus,
1786 3923 1833 3966 et
1859 3931 1968 3968 ma—

369 3982 499 4043 trem
554 3987 670 4055 Dei,
721 3986 786 4039 de
827 4001 928 4056 quo
972 3982 1236 4056 Elisabeth
1267 3983 1530 4056 loquitur,
1568 3984 1726 4036 simul
1764 3986 1966 4053 fuisse:

369 4077 530 4131 quare
555 4051 665 4113 non
685 4051 981 4131 duos,__sed
1011 4072 1170 4131 unum
1200 4055 1358 4131 fuisse
1388 4051 1630 4131 Filium;
1681 4051 1782 4131 non
1830 4058 1967 4111 enim

370 4125 479 4186 alia
520 4131 584 4186 de
641 4145 801 4183 causa
847 4126 1124 4184 Nestorius
1178 4125 1394 4197 negabat
1452 4125 1652 4179 beatam
1706 4125 1966 4197 Virginem

368 4203 609 4265 Θεοτόκον.
656 4201 710 4255 id
748 4209 844 4264 est,
887 4199 983 4254 Dei
1024 4207 1340 4269 matremiac
1369 4197 1663 4269 genitricem
1695 4214 1826 4261 esse,
1868 4201 1966 4256 nisi

369 4277 494 4348 quia
513 4275 646 4348 duos
668 4276 720 4328 in
745 4271 948 4328 Christo
975 4270 1194 4348 ponebat
1221 4268 1400 4348 _ﬁlios._
1427 4268 1721 4348 litterisque
1759 4269 1965 4348 Maltin-

371 4341 552 4403 iiatus.
582 4346 658 4401 Ex
680 4347 834 4413 cujus
858 4341 1125 4399 sententia
1147 4341 1361 4395 videtur
1389 4341 1474 4394 hic
1504 4341 1653 4394 locus
1675 4343 1809 4396 satis
1829 4343 1966 4398 alio-

371 4421 503 4487 quin
531 4417 800 4472 obscurus
821 4424 876 4470 et
899 4413 1181 4487 intricatus
1211 4412 1478 4487 sicposse
1508 4413 1804 4487 elucidori;
1841 4413 1967 4471 Sal-

369 4485 564 4544 uatoris
592 4488 754 4542 nostri
781 4487 898 4539 inde
919 4495 990 4557 est
1016 4486 1195 4557 origo;
1220 4485 1425 4539 scilicet
1452 4487 1746 4539 secundum
1777 4485 1967 4543 huma.

370 4575 495 4615 nam
553 4569 824 4620 naturam,
879 4556 1017 4610 unde
1070 4567 1347 4625 conceptus
1393 4557 1501 4625 ipse
1552 4564 1647 4620 est,
1703 4573 1895 4623 netnpe
1933 4574 1966 4615 a

368 4631 572 4697 Spiritu
612 4640 821 4686 sancto.
859 4626 1028 4682 immo
1075 4642 1104 4680 a
1159 4635 1267 4680 tota
1323 4625 1610 4692 Trinitale,
1663 4641 1759 4682 seu
1809 4630 1964 4686 totius

369 4703 654 4758 divinitatis
683 4700 1025 4773 plenitudine.
1072 4708 1132 4773 ut
1161 4699 1248 4752 hic
1277 4698 1500 4773 dicitur.
1527 4697 1648 4773 _Ubi
1689 4710 1964 4773 conceptus

369 4784 550 4848 potest
579 4761 1270 4848 ességvelusubstantivum.
1297 4767 1629 4848 _ut_s_it_idem
1663 4771 1802 4848 quod
1835 4761 1965 4828 con-
1987 4761 2044 4825 D

368 4840 589 4912 captio;
641 4845 726 4901 vel
762 4841 1110 4912 adjectivum,
1152 4850 1210 4895 ut
1245 4841 1312 4896 ad
1357 4840 1634 4896 Christum
1676 4841 1960 4909 referatur,

367 4921 459 4988 qui
492 4932 554 4973 et
590 4914 795 4983 Spiritu
821 4922 1010 4969 sancto
1033 4921 1355 4988 conceptus
1379 4921 1434 4988 et
1466 4921 1624 4988 natus
1650 4922 1756 4968 est.
1790 4915 1857 4988 ιρι
1891 4917 1962 4984 [i-

368 4983 470 5044 lius
499 4989 720 5043 hominis
764 5003 872 5042 esse
917 5002 1021 5039 non
1051 4993 1268 5048 poterat,
1300 4984 1404 5038 nisi
1445 4983 1588 5050 prius
1612 4995 1743 5039 esset
1790 4983 1962 5043 Filius

367 5058 489 5126 per.
522 5060 647 5127 quia
688 5062 803 5124 ipse
848 5057 943 5112 Dei
993 5055 1164 5111 Filius
1191 5070 1251 5109 se
1294 5055 1422 5110 fecit
1467 5054 1636 5127 lilium
1685 5057 1958 5127 hominis;

367 5142 487 5188 erat
509 5126 671 5201 igitur
695 5130 787 5185 Dei
823 5128 990 5185 Filius
1011 5136 1306 5201 antequam
1334 5135 1480 5201 esset
1505 5126 1648 5182 lilius
1679 5126 1915 5184 hominis
1942 5149 1955 5185 :

367 5218 491 5260 esst:
522 5195 665 5258 cnim
706 5201 856 5270 prim
887 5213 974 5271 est
999 5199 1216 5271 (saltem
1259 5195 1476 5270 natura)
1519 5213 1678 5271 quam
1718 5203 1957 5271 operari,

365 5275 665 5331 secundum
700 5270 1116 5340 Philosophum.
1170 5270 1228 5326 Et
1260 5272 1508 5339 quamvis
1537 5285 1604 5325 ex
1643 5270 1750 5325 ἰιιὶς
1779 5272 1960 5328 vorhis

368 5348 558 5416 Angeli
606 5361 710 5399 non
761 5353 1128 5416 possetcerto
1165 5342 1344 5413 eolligi
1393 5341 1569 5416 ipsum
1612 5356 1734 5398 esse
1763 5341 1956 5399 Filium

368 5414 478 5473 Dei
501 5417 800 5472 naturalem
823 5455 839 5480 ,
870 5414 963 5470 sed
1006 5429 1067 5468 ea
1099 5414 1380 5468 dumtaxat
1428 5415 1636 5468 ratione
1670 5417 1956 5483 peculiari,

367 5489 509 5559 quod
545 5505 649 5541 non
697 5503 729 5542 a
757 5488 893 5552 viro,
941 5485 1034 5539 sed
1063 5501 1092 5538 a
1138 5489 1256 5559 solo
1292 5485 1402 5539 Deo
1447 5485 1663 5555 genitus
1692 5493 1812 5559 _est,
1858 5503 1958 5544 nec

367 5556 532 5614 alium
567 5559 751 5612 habuit
777 5566 982 5624 patrem
1017 5571 1176 5625 quam
1211 5558 1409 5621 Deum,
1441 5573 1547 5626 quo
1580 5556 1743 5611 modo
1783 5559 1953 5614 Adam

366 5633 532 5687 etiam
583 5628 677 5684 Dei
711 5629 850 5683 lilius
894 5637 1258 5696 nuncupatur,
1311 5639 1488 5684 tamen
1519 5644 1586 5683 ex
1619 5629 1737 5683 aliis
1767 5629 1956 5696 Scrip-

367 5712 506 5786 tura:
538 5701 668 5756 locis
711 5699 874 5756 simul
926 5699 1138 5756 collatis
1161 5699 1213 5755 id
1242 5699 1444 5754 atl'atim
1475 5710 1531 5756 et
1566 5714 1752 5770 aperte
1801 5702 1956 5758 colli-

367 5785 532 5849 Βίίυῖε

445 5853 470 5884 ι
499 5841 763 5902 Venerab.
789 5841 934 5901 Beda
962 5843 1017 5902 in
1046 5842 1191 5902 hunc
1212 5842 1387 5903 locum
1413 5863 1423 5898 :
1446 5846 1526 5901 Ad
1555 5846 1955 5909 distinctionem,

1991 3373 2039 3437 C

2065 2053 2259 2125 seritur
2283 2070 2302 2108 :
2351 2071 2443 2109 nos
2473 2055 2664 2123 quippe
2689 2055 2783 2109 etsi
2817 2054 2988 2108 sancti
3030 2053 3296 2125 efﬁcimur,
3348 2069 3449 2106 non
3495 2064 3677 2110 tamen

2065 2124 2351 2194 nascimur,
2407 2127 2530 2197 quia
2568 2127 2686 2196 ipsa
2737 2137 2935 2180 natura:
2979 2124 3331 2197 corruptibilis
3369 2126 3672 2180 conditione

2067 2195 2510 2268 constringimur;
2543 2195 2598 2268 ut
2630 2199 2814 2252 merito
2837 2213 2953 2268 cum
2983 2195 3251 2264 Propheta
3271 2207 3529 2268 gementes
3558 2197 3677 2252 sin-

2067 2267 2181 2336 guli
2231 2271 2470 2324 dicamus
2515 2267 2696 2340 (Psal.
2727 2268 2782 2330 L)
2812 2285 2827 2323 :
2861 2267 2997 2322 Ecce
3039 2270 3178 2324 enim
3220 2267 3283 2322 in
3309 2269 3680 2337 iniquitatibus

2068 2350 2345 2419 conceptus
2374 2358 2512 2419 sum,
2544 2352 2592 2396 et
2635 2343 2691 2396 in
2727 2340 2932 2419 delictis
2961 2340 3194 2410 concepit
3221 2356 3302 2394 me
3333 2351 3678 2419 mater_mea;

2068 2411 2159 2464 ille
2205 2423 2378 2467 autem
2427 2413 2570 2468 solus
2617 2414 2869 2468 veraciter
2896 2421 3104 2467 sanctus
3148 2421 3245 2478 est,
3283 2412 3373 2483 qui
3400 2420 3453 2464 ut
3499 2413 3680 2478 ipsam

2069 2484 2422 2551 corruptibilis
2448 2495 2648 2539 natura:
2675 2485 3023 2540 conditionem
3050 2485 3290 2547 vinceret,
3325 2499 3390 2538 ea:
3417 2485 3678 2539 commist-

2069 2553 2212 2634 tione
2263 2556 2491 2634 carnalis
2541 2557 2747 2634 cap-ulte
2785 2564 3062 2634 conceptus
3091 2571 3215 2634 non
3251 2564 3344 2634 est.
3370 2553 3675 2634 _Sattctum,

2068 2625 2256 2694 inquit,
2304 2627 2572 2682 vocabitur
2620 2627 2799 2682 Filius
2844 2625 2964 2682 Dei.
3001 2627 3140 2692 Quid
3160 2625 3245 2681 hic
3277 2628 3432 2690 dicis.
3477 2625 3678 2682 Nesto-

2071 2697 2265 2751 riane.’
2299 2700 2385 2766 qui
2427 2698 2628 2754 beatam
2668 2699 2896 2754 Mariam
2931 2699 3026 2754 Dei
3071 2714 3261 2766 negans
3305 2715 3414 2770 esse
3455 2700 3680 2770 genitri-

2071 2783 2199 2849 cem.
2225 2780 2403 2838 aperte
2439 2770 2621 2825 niteris
2654 2770 3312 2849 ἱιηρμρᾷηαςεηυειυὶιαιεηι,2
3340 2768 3473 2825 Ecce
3502 2769 3677 2849 D_eum

2071 2840 2202 2913 dixit
2241 2852 2693 2913 superventurum,
2727 2840 2841 2913 per
2892 2841 3094 2896 Filium
3143 2842 3480 2895 nasciturum.
3513 2842 3676 2913 _Quo-

2070 2912 2226 2965 modo
2255 2911 2428 2968 autem
2466 2923 2555 2967 aut
2589 2914 2684 2968 Dei
2730 2912 2908 2968 Filius
2955 2929 3063 2968 non
3085 2922 3309 2978 est;aut
3332 2927 3449 2982 quc
3502 2911 3675 2968 Deum

2070 2982 2250 3050 edidit,
2279 2986 2538 3054 quomodo
2567 2987 2818 3052 Θεοτὸκος,
2841 2987 2899 3039 id
2922 2986 2994 3040 est
3023 2983 3118 3038 Dei
3147 2985 3392 3054 genitrix,
3429 3001 3529 3039 non
3553 3001 3674 3040 esse

2071 3043 2430 3126 potest:?'Ha2c
2464 3056 2627 3117 Beda.
2658 3043 2712 3112 et
2744 3043 2933 3112 eadem
2979 3055 3094 3111 fere
3128 3043 3422 3126 Gregorius
3453 3056 3540 3110 ubi
3573 3071 3673 3112 su-

2072 3140 2168 3201 pra
2203 3125 2342 3198 (Lib.
2367 3143 2524 3195 xvm,
2561 3128 2756 3183 Moral.
2786 3145 2902 3201 cap.
2935 3127 3050 3195 57).
3096 3125 3277 3201 Porro,
3302 3129 3510 3201 _vocari,
3564 3129 3675 3184 hoc

2074 3195 2220 3268 loco,
2267 3214 2364 3267 pro
2417 3215 2540 3254 esse
2593 3202 2812 3268 ponitur
2849 3195 3204 3254 Hebrmornm
3266 3197 3557 3261 idiomate.
3609 3207 3676 3254 ut

2071 3266 2213 3324 idem
2244 3266 2336 3336 sit,
2371 3266 2631 3325 vocabitur
2671 3269 2843 3326 Filius
2879 3271 2993 3336 Dei,
3035 3271 3143 3336 vel,
3184 3269 3350 3326 Filius
3388 3269 3673 3336 Altissimi,

2073 3354 2137 3393 ac
2189 3343 2294 3396 erit
2346 3358 2531 3396 revera
2576 3343 2750 3398 Filius
2780 3343 2873 3397 Dei
2918 3342 3211 3404 Altissimi;
3266 3352 3324 3396 ut
3353 3342 3544 3397 merito
3587 3343 3669 3398 sic

2073 3413 2253 3466 vocari
2302 3414 2516 3470 delicat.
2573 3417 2662 3470 Sic
2705 3414 2846 3484 apud
2895 3413 3087 3468 lsaiam
3136 3428 3255 3485 cap.
3288 3428 3307 3468 ι
3339 3432 3352 3468 :
3389 3411 3518 3485 Post
3560 3415 3672 3468 hare

2072 3485 2334 3558 vocaberis
2362 3487 2541 3558 civitas
2556 3487 2710 3558 justi,
2745 3483 2864 3540 urbs
2893 3487 3086 3555 ﬁdelis,
3107 3485 3173 3558 rid
3203 3483 3304 3558 est,
3339 3483 3459 3558 eris
3476 3485 3670 3558 civitas

2066 3553 2220 3625 justi.
2239 3555 2388 3612 Isaia:
2410 3573 2496 3612 tv.
2519 3553 2583 3611 Et
2604 3559 2722 3623 erit,
2749 3553 3017 3628 omnisqui
3037 3557 3248 3612 relictus
3267 3557 3424 3622 fuerit
3442 3556 3497 3609 in
3513 3556 3670 3624 Sion,

2071 3635 2119 3680 et
2149 3631 2386 3683 residuus
2415 3632 2467 3682 in
2494 3628 2809 3687 Jermalem.
2857 3639 3066 3684 sanctus
3119 3629 3402 3694 vocabitur,
3456 3627 3508 3682 id
3554 3637 3664 3694 est,

2071 3698 2193 3770 erit.
2226 3699 2304 3754 Ne
2331 3703 2450 3770 quis
2498 3717 2628 3757 vero
2659 3702 2744 3755 hic
2777 3700 3002 3762 Intereat,
3037 3706 3094 3753 ut
3128 3699 3348 3768 Ariani,
3393 3700 3445 3754 in
3498 3699 3669 3754 verbo

2070 3767 2234 3824 lueuri
2269 3767 2549 3836 tenuioris,
2583 3773 2870 3837 vocabitur,
2902 3771 3056 3841 quasi
3084 3781 3372 3838 antequam
3408 3785 3666 3825 nascere-

2073 3849 2180 3906 tur,
2217 3843 2308 3898 Dei
2356 3843 2528 3899 Filins
2555 3859 2659 3898 non
2691 3852 2859 3910 esset,
2905 3841 3305 3898 observandum
3350 3853 3436 3897 est
3467 3841 3552 3897 hic
3579 3841 3668 3910 agi

2069 3911 2139 3968 de
2169 3914 2390 3972 homine
2415 3932 2578 3983 quem
2605 3928 2934 3980 conceptura
2965 3924 3022 3970 et
3053 3922 3293 3985 paritura
3323 3923 3442 3985 erat
3477 3914 3664 3983 Virgo,

2069 3985 2477 4058 quianlequam
2507 3989 2914 4056 conciperetur,
2961 3984 3066 4041 non
3116 3987 3276 4042 modo
3320 3984 3497 4040 Filius
3544 3985 3665 4052 Dei,

2069 4056 2167 4130 sed
2199 4072 2268 4114 ne
2321 4056 2483 4114 homo
2509 4059 2726 4130 quidem
2780 4067 2918 4114 erat.
2964 4061 3306 4130 Conceptura
3349 4058 3513 4130 enim,
3543 4065 3665 4111 erat

2070 4126 2238 4199 Virgo
2267 4145 2374 4184 non
2399 4126 2598 4186 nudum
2623 4131 2815 4194 Deum,
2841 4132 2934 4185 sed
2962 4126 3238 4185 hominem
3267 4130 3467 4193 Deum;
3503 4129 3667 4199 homo

2069 4198 2252 4271 autem
2288 4202 2428 4256 Deus
2475 4219 2580 4258 non
2623 4203 2720 4257 fuit
2760 4211 3052 4271 antequam
3102 4201 3489 4268 conciperetur
3517 4215 3533 4255 :
3565 4198 3667 4256 sed

2071 4267 2237 4346 homo
2265 4286 2588 4346 conreptus,
2623 4267 2920 4346 factusfest'
2939 4272 3114 4337 Dens,
3144 4267 3273 4346 quia
3298 4272 3352 4346 in
3385 4271 3507 4336 ipso
3530 4285 3667 4346 con-

2068 4343 2336 4412 ceptionis
2383 4341 2682 4412 momento,
2733 4361 2764 4400 a
2805 4345 2919 4402 Deo
2951 4347 3003 4400 in
3040 4341 3287 4401 eamdem
3323 4341 3664 4416 bypostasim

2068 4423 2154 4488 est
2186 4429 2519 4488 assumptus.

2112 4485 2169 4568 ,ιι
2193 4486 2248 4568 l_d
2277 4485 2392 4568 est;
2410 4505 2519 4561 quo
2560 4497 2822 4554 operante
2859 4495 2915 4543 et
2953 4487 3470 4568 producentetnon
3516 4485 3664 4568 enim

2071 4557 2159 4631 hic
2188 4559 2256 4614 de
2287 4557 2465 4616 divina
2500 4571 2555 4616 et
2581 4575 2782 4616 aeterna
2814 4561 3165 4631 generatione
3195 4577 3222 4614 a
3256 4560 3439 4623 Patre,
3472 4560 3566 4614 seti
3592 4560 3665 4614 de

2070 4629 2304 4712 humana
2334 4633 2533 4690 Christi
2556 4629 2912 4702 conceptione
2944 4642 2998 4686 et
3029 4641 3220 4688 exortu
3252 4631 3340 4686 hic
3373 4632 3576 4702 agitur,
3605 4639 3666 4684 ut

2067 4700 2270 4756 dictum
2301 4713 2406 4761 est.

2109 4843 2122 4855 θ
2147 4783 2170 4812 ο
2199 4773 2255 4828 ld
2283 4785 2384 4842 est,
2408 4791 2442 4855 _a
2475 4777 2611 4840 Deo,
2639 4792 2738 4855 seu
2761 4774 3323 4855 _operationcdivina;
3359 4788 3481 4855 nam
3519 4769 3664 4827 divi--

2070 4845 2457 4920 nitas_pr0prie
2504 4863 2605 4904 nec
2629 4845 2934 4917 gignit'nec
2963 4847 3221 4920 gignitur,
3266 4857 3322 4920 nt
3348 4845 3667 4920 docetsan-

2068 4925 2189 4992 etiis
2205 4914 2442 4992 Tlioiitas
2465 4921 2503 4986 (ι
2528 4937 2581 4986 ρ.
2605 4914 2659 4989 (γ’.
2685 4922 2773 4982 59,
2793 4933 2890 4976 art.
2920 4914 2986 4992 5)“
3007 4914 3128 4990 post
3149 4918 3460 4992 Magistrum
3485 4914 3661 4989 (Mog.

2069 4987 2158 5074 lib.
2201 4990 2371 5074 rdist.
2416 4991 2495 5062 5).
2542 4987 2674 5045 Nam
2714 4987 2978 5062 generare
3009 4987 3078 5047 et
3113 4988 3366 5062 generari
3413 4987 3663 5056 personae

2067 5073 2422 5118 conveniunt.
2453 5078 2559 5117 non
2592 5074 2818 5118 tiaturm.

2139 5129 2166 5170 ά
2196 5132 2274 5187 Eo
2303 5134 2513 5190 scilicet
2541 5135 2701 5189 modo
2739 5135 2883 5191 Dens
2913 5151 3020 5204 quo
3055 5133 3150 5188 Dei
3189 5131 3370 5204 Filius
3401 5128 3663 5204 intelligi-

2067 5210 2174 5257 tur.
2206 5204 2337 5260 Nam
2370 5207 2414 5261 si
2459 5205 2554 5260 Dei
2586 5205 2752 5260 Filius
2782 5223 2844 5262 ea
2880 5202 3113 5271 ratione,
3164 5219 3269 5274 qua
3323 5202 3663 5274 Maldonatus

2064 5279 2337 5343 exposuit,
2392 5293 2496 5331 non
2553 5278 2767 5344 proprie
2813 5291 2869 5334 et
2921 5273 3289 5333 essentialiter
3342 5273 3507 5337 Deus,
3561 5273 3659 5327 sed

2065 5350 2426 5417 nuncupative
2447 5349 2726 5404 dumtaxat
2745 5390 2759 5414 ,
2786 5365 2907 5405 cum
2931 5349 3134 5404 idcirco
3158 5347 3250 5402 Dei
3278 5345 3448 5417 Filius
3475 5344 3664 5417 appelo

2064 5416 2225 5483 letur,
2255 5416 2380 5486 quia
2411 5435 2480 5477 eo
2508 5423 2687 5477 modo.
2719 5423 2767 5475 id
2794 5431 2897 5485 est,
2927 5437 3032 5473 non
3063 5434 3131 5474 ex
3161 5421 3299 5484 viro,
3323 5416 3418 5472 sed
3443 5431 3506 5470 er
3538 5416 3662 5486 Spi-

2061 5491 2170 5544 ritu
2219 5501 2408 5546 stvncto
2455 5501 2750 5561 conceptus
2791 5502 2893 5546 est.
2930 5491 2987 5547 Si
3020 5505 3164 5561 vero,
3191 5505 3258 5545 eo
3305 5502 3467 5561 sensu
3499 5502 3659 5561 quem

2061 5561 2152 5616 alii
2181 5571 2429 5618 auctores
2465 5557 2831 5627 tradiderunt,
2867 5562 3040 5617 Filius
3077 5560 3171 5616 Dei
3204 5559 3465 5614 naturalis
3500 5557 3662 5613 intel-

2060 5629 2280 5704 ligatur,
2332 5645 2388 5689 et
2418 5635 2558 5688 Patri
2603 5635 3107 5704 consubstantialis,
3141 5643 3286 5686 certe
3317 5631 3363 5685 is
3393 5643 3526 5704 esse
3548 5644 3663 5704 non

2070 5701 2250 5774 potest
2279 5706 2384 5760 nisi
2412 5707 2573 5762 Deus.
2599 5704 2835 5764 Proinde
2857 5706 2902 5763 si
2926 5705 3025 5763 Dei
3055 5703 3248 5771 Filius,
3283 5716 3412 5773 ergo
3441 5701 3660 5758 indubi-

2072 5785 2248 5831 tanter
2277 5778 2436 5831 Deus.

2072 5785 2248 5834 tautcr
2277 5785 2436 5833 Deus.
