3970 6344
238 412 310 470 ιθ
1249 409 1338 467 DE
1380 408 1893 466 INCARNATIONE
1934 408 2216 468 CHRISTI
2256 404 2386 468 LIB.
2430 411 2520 467 III.
3467 412 3535 469 5O

232 530 288 586 ln
317 525 587 596 excelsis;
615 525 761 585 idem
789 527 846 584 in
881 527 1120 586 hominis
1149 529 1471 600 exiguitate,
1506 531 1599 602 qui
1636 530 1692 585 in
1728 529 1821 586 Dei
1849 531 1905 595 Α
1930 529 1983 585 in
2017 529 2359 601 Evangeliis:
2393 531 2544 600 Quod
2589 547 2650 585 ea:
2677 539 2725 587 te
2765 542 3002 587 nascetur
3029 539 3297 601 sanctum,
3331 528 3535 587 uocabl-
3578 590 3584 611 α

231 623 530 695 majestate.
566 623 636 680 Et
686 622 809 679 ideo
837 623 977 681 bene
1020 625 1316 696 Apostolus
1358 624 1561 682 Christi
1601 625 1824 696 gratiam

229 718 516 779 nominans
566 716 613 791 (l
641 715 841 773 Corint.
872 717 1012 791 xvr),
1066 718 1163 775 Dei
1208 720 1440 791 gratiam
1489 718 1823 788 nominabat,

226 814 352 884 quia
380 809 634 866 Christus
662 821 833 867 totum
861 823 979 867 erat
1008 812 1152 879 quod
1187 812 1330 868 Deus
1359 829 1373 865 :
1413 812 1591 867 omnis
1621 812 1674 867 iu
1710 813 1825 882 ipsa

226 905 406 961 statim
443 904 681 960 hominis
709 905 1063 975 conceptione
1092 904 1190 961 Dei
1235 905 1437 971 virtus,
1478 905 1655 960 omnis
1683 905 1827 960 divi-

225 998 406 1054 nitatis
435 998 583 1053 venit
614 999 913 1067 plenitudo.
940 997 1072 1055 Inde
1101 1000 1247 1055 enim
1292 998 1372 1054 illi
1400 999 1579 1054 omnis
1627 998 1824 1055 divini-

224 1093 347 1147 tatis
381 1089 678 1161 perfectio,
708 1091 851 1147 unde
882 1103 936 1149 et
965 1094 1139 1164 origo.
1173 1091 1361 1164 Neque
1389 1094 1533 1149 enim
1568 1108 1820 1163 umquam

221 1184 339 1240 sine
393 1184 504 1239 Deo
553 1182 731 1240 fuerat
762 1184 924 1241 homo
975 1186 1089 1251 ille,
1130 1187 1220 1258 qui
1275 1187 1459 1256 utique
1511 1187 1613 1242 hoc
1645 1186 1821 1258 ipsum

221 1277 365 1349 quod
415 1287 556 1345 erat,
592 1292 623 1332 a
672 1278 786 1334 Deo
831 1288 1135 1350 acceperat.
1189 1280 1302 1336 Hoc
1335 1283 1517 1350 itaque
1566 1283 1819 1351 primum,

221 1371 375 1440 velis,
406 1372 569 1441 nolis,
606 1388 806 1445 negare
838 1391 942 1429 non
976 1386 1155 1446 potes,
1199 1375 1344 1446 quod
1375 1376 1638 1432 Dominus
1663 1376 1823 1434 Iesus

221 1465 465 1525 Christus
494 1468 666 1525 Filius
690 1468 783 1525 Dei
816 1468 885 1525 sit
913 1485 927 1536 ;
958 1472 1303 1542 Arcbangelo
1332 1472 1521 1542 utique
1550 1472 1824 1529 clamante

1935 636 2021 678 tur
2050 622 2221 679 Filius
2252 623 2348 677 Dei
2384 623 2563 693 (Lacte
2589 624 2653 694 ι).
2700 623 2816 681 Hoc
2846 635 3027 680 autem
3063 627 3268 696 posito,
3308 623 3443 679 scito
3480 632 3537 681 to
3580 614 3581 617 “

1932 717 2195 789 quidquid
2242 717 2310 773 de
2337 714 2557 774 Christo
2609 718 2829 789 legeris,
2885 718 2955 775 de
2986 719 3083 775 Dei
3138 718 3275 774 Filio
3310 718 3530 788 legere;

1932 813 2196 885 quidquid
2248 813 2317 870 de
2349 813 2577 869 Domino
2626 824 2718 870 aut
2768 814 2898 871 Jesu
2948 813 3167 885 legeris,
3202 811 3299 869 Dei
3331 810 3526 867 Filium

1930 910 2255 965 nominaut:
2290 910 2469 963 omnia
2507 907 2623 964 lnec
2670 910 2788 979 ejus
2836 908 3131 975 vocabula,
3179 907 3376 964 Filium
3433 904 3531 964 Dei

1929 1004 2187 1059 clamant.
2219 1003 2285 1058 Et
2311 1002 2434 1059 ideo
2467 1013 2523 1058 tu
2562 1004 2615 1059 in
2658 1004 2740 1059 his
2767 1005 3017 1060 omnibus
3048 1016 3407 1075 quaecumque
3434 1017 3531 1057 au‘

1930 1095 2129 1163 dieris,
2165 1112 2358 1153 nomen
2401 1097 2699 1152 divinitatis
2743 1111 3066 1168 agnoscens,
3096 1111 3219 1152 cum
3263 1094 3320 1149 in
3346 1092 3530 1149 omni-

1929 1188 2029 1244 bus
2055 1189 2243 1246 videas
2275 1200 2328 1245 te
2376 1190 2468 1245 Dei
2510 1190 2707 1245 Filium
2765 1190 3064 1260 intelligere
3112 1188 3334 1254 debere,
3367 1199 3529 1255 argu-

1929 1294 2197 1352 mentare,
2221 1284 2265 1339 si
2298 1284 2501 1355 placet,
2517 1283 2789 1355 quomodo
2809 1283 2982 1340 Deum
3006 1283 3189 1338 valeas
3212 1296 3240 1335 a
3272 1279 3365 1337 Dei
3386 1277 3529 1336 Filio

1928 1393 2206 1449 separare.

1191 1652 1675 1761 LIBER
1775 1651 2082 1759 TER
2104 1654 2290 1761 TI
2300 1655 2413 1762 Π
2406 1656 2521 1766 S.

737 1930 968 1989 CAPUT
1007 1930 1299 1988 PRIMUM.

222 2070 484 2127 Christum
526 2070 759 2123 eumdem
791 2069 1054 2123 hominem
1092 2086 1152 2123 ac
1182 2069 1349 2123 Deum
1387 2070 1667 2123 secundum
1705 2086 1821 2124 car-

365 2158 489 2195 nem
521 2157 586 2196 ea:
616 2138 787 2196 Israel
813 2151 862 2195 et
889 2142 1083 2212 virgine
1112 2139 1289 2194 Maria
1320 2140 1513 2196 editum
1536 2158 1663 2196 esse.

282 2306 551 2362 Scriberis
583 2305 839 2362 Romanis
869 2305 1084 2362 divinus
1116 2306 1210 2362 ille
1242 2305 1606 2363 Ecclesiarum
1652 2311 1824 2382 magi-

226 2411 339 2469 ster,
403 2416 534 2457 cum
585 2412 851 2472 argueret,
902 2402 1069 2456 immo
1117 2402 1343 2459 deﬁeret
1382 2402 1719 2471 Iudaeorum,
1768 2406 1821 2460 id

222 2506 314 2564 est,
346 2494 588 2552 fratrum
639 2510 858 2551 suorum
908 2495 1304 2563 infidelitatem,
1354 2496 1441 2552 his
1474 2498 1653 2553 verbis
1693 2513 1824 2555 usus

220 2601 325 2646 est:
376 2600 405 2627 ει
445 2590 727 2658 Optabam,
773 2591 977 2662 inquit,
1024 2592 1301 2646 anathema
1350 2609 1460 2649 esse
1503 2595 1614 2665 ipse
1653 2612 1745 2667 ego
1790 2612 1823 2649 a

222 2685 427 2740 Christo
472 2701 570 2757 pro
600 2684 850 2757 fratribus
878 2687 1027 2751 meis,
1058 2688 1149 2757 qui
1187 2696 1307 2741 sunt
1353 2690 1559 2758 cognati
1601 2691 1700 2745 mei
1744 2707 1824 2745 se-

220 2779 445 2832 cundum
473 2794 702 2845 carnem,
744 2780 831 2848 qui
872 2788 993 2833 sunt
1026 2776 1311 2846 Israelita,
1345 2798 1567 2852 quorum
1608 2784 1822 2853 adoptio

219 2880 285 2926 est
314 2870 577 2939 ﬁliorum,
608 2882 653 2924 et
680 2872 870 2942 gloria,
898 2881 945 2925 et
973 2880 1352 2938 testamentum,
1383 2883 1431 2928 et
1462 2874 1745 2945 legislatio,
1772 2886 1822 2931 et

218 2968 537 3035 obsequium.
571 2980 616 3023 et
645 2969 1043 3037 promissiones;
1072 2969 1097 3007 δ
1122 2986 1344 3040 quorum
1377 2979 1578 3040 patres,
1618 2987 1682 3025 ea:
1707 2972 1824 3043 qui-

217 3060 302 3117 bus
329 3061 574 3115 Christus
617 3062 903 3116 secundum
949 3078 1186 3127 carnem,
1217 3064 1307 3132 qui
1338 3073 1413 3117 est
1443 3079 1596 3135 super
1650 3065 1824 3119 omnia

218 3153 352 3210 Deus
383 3154 688 3210 benedictus
716 3156 768 3209 in
797 3154 988 3211 stecula
1018 3156 1198 3228 (Rom.
1230 3156 1335 3227 ιχ).
1388 3156 1432 3211 Ο
1462 3155 1735 3225 allectum,
1768 3171 1825 3214 et

219 3247 520 3303 ﬁdelissimi
548 3250 802 3319 apostoli,
828 3259 881 3304 et
908 3249 1136 3320 piissimi
1168 3251 1477 3321 propinqui,
1504 3251 1591 3321 qui
1618 3252 1823 3307 inaesti-

1848 1939 1898 1999 B
1927 1946 2014 1992 tus
2040 1944 2147 2004 est,
2177 1935 2324 1992 Deus
2353 1943 2458 1993 est.
2482 1935 2624 2006 Quid
2646 1937 2946 1994 circumis?
2969 1938 3099 2011 quid
3124 1939 3525 2010 tergiversaris!

1928 2027 2204 2085 Christum
2235 2044 2304 2085 ex
2332 2028 2503 2085 Israel
2544 2037 2729 2085 natum
2772 2030 3068 2087 secundum
3107 2046 3327 2088 carnem
3358 2031 3531 2089 Deum

1927 2139 2050 2181 esse
2078 2124 2374 2196 Apostolus
2399 2124 2552 2181 dicit.
2580 2125 2659 2181 Tu
2685 2125 2821 2182 doce
2840 2127 3055 2198 quando
3086 2142 3193 2182 nou
3226 2126 3405 2184 fuerit.
3437 2123 3525 2184 Ea:

1925 2216 2108 2285 quibus
2136 2216 2392 2284 Christus,
2426 2218 2624 2289 inquit,
2654 2219 2941 2274 secundum
2966 2235 3193 2287 carnem,
3220 2222 3307 2292 qui
3327 2230 3401 2277 est
3436 2236 3529 2276 su-

1926 2326 2019 2381 per
2060 2312 2234 2366 omnia
2271 2310 2431 2368 Deus.
2465 2312 2626 2368 Vides
2656 2314 2783 2384 quia
2826 2313 2930 2370 hoc
2968 2312 3261 2384 Apostolus
3314 2315 3526 2371 unitate

1925 2404 2307 2473 conjunxerit,
2360 2406 2603 2476 separari
2657 2406 2882 2462 omnino
2933 2421 3040 2462 non
3085 2417 3263 2477 potest
3311 2407 3453 2465 Deus
3497 2424 3530 2464 a

1924 2493 2159 2552 Christo.
2220 2497 2375 2553 Sicut
2427 2497 2572 2553 enim
2620 2512 2686 2553 ex
2735 2498 2840 2553 illis
2898 2498 3174 2555 Christum
3228 2500 3527 2570 Apostolus

1926 2588 2209 2658 praedicat,
2243 2590 2315 2644 ita
2362 2588 2530 2643 Deum
2563 2589 2617 2644 in
2668 2586 2888 2645 Christo
2926 2606 3049 2647 esse
3078 2592 3385 2648 conlirmat.
3418 2592 3527 2648 Aut

1927 2696 2216 2755 utrumque
2264 2683 2365 2739 hoc
2396 2698 2561 2755 neges
2593 2697 2821 2751 necesse
2864 2693 2967 2751 est,
3001 2694 3095 2740 aut
3124 2695 3413 2756 utrumque
3440 2687 3519 2741 fa-

1928 2780 2093 2834 tearis
2146 2777 2315 2834 Natus
2342 2776 2639 2834 secundum
2672 2793 2891 2833 carnem
2923 2776 3174 2835 Christus
3204 2794 3273 2835 ex
3305 2779 3412 2835 illis
3447 2777 3530 2834 tli-

1926 2869 2087 2936 citur,
2122 2870 2216 2925 sed
2251 2870 2393 2926 idem
2426 2871 2479 2925 in
2508 2868 2729 2926 Christo
2755 2870 2899 2926 Deus
2928 2871 2997 2926 ab
3024 2869 3287 2941 Apostolo
3332 2872 3531 2941 praedi-

1925 2973 2099 3017 catur.
2124 2961 2279 3019 Unde
2304 2972 2356 3018 et
2383 2963 2511 3017 alibi
2537 2979 2551 3016 :
2582 2962 2722 3018 Deus
2753 2964 2890 3017 enim
2917 2972 3026 3017 erat
3056 2965 3109 3017 in
3140 2961 3346 3018 Christo
3377 2980 3529 3017 mun-

1927 3058 2049 3110 dum
2078 3056 2420 3111 reconcilians
2449 3057 2546 3110 sibi
2579 3056 2600 3130 (
2628 3056 2673 3111 Il
2704 3055 2827 3112 Cor.
2858 3058 2953 3129 ν).
2991 3057 3165 3112 Dividi
3205 3058 3305 3114 hoc
3345 3057 3415 3114 ab
3444 3058 3531 3113 al-

1930 3157 2137 3203 terutro
2182 3162 2516 3220 nequaquam
2571 3158 2772 3219 potest.
2822 3149 2931 3205 Aut
2976 3149 3253 3204 Christum
3294 3166 3363 3206 ex
3417 3149 3528 3206 illis

1927 3241 2131 3296 editum
2179 3239 2407 3310 denega,
2453 3247 2546 3295 aut
2589 3255 2657 3296 ex
2714 3239 2939 3312 Virgine
2985 3242 3155 3296 Deum
3203 3242 3256 3296 in
3308 3241 3530 3298 Christo

218 3343 400 3398 mabili
438 3342 706 3399 charitate
738 3344 873 3399 mori
899 3344 1031 3411 vult,
1061 3354 1117 3400 et
1151 3360 1247 3413 pro
1277 3345 1519 3414 cognatis
1550 3354 1608 3399 ut
1636 3347 1825 3415 proxi-

1936 3332 2135 3386 editum
2175 3330 2437 3387 confitere
2462 3350 2474 3386 :
2505 3331 2608 3400 Qui
2636 3341 2732 3399 est,
2765 3331 2959 3403 inquit,
2988 3349 3145 3404 super
3168 3334 3343 3389 omnia
3386 3332 3532 3391 Deus

222 3451 349 3503 mus,
396 3446 459 3490 et
483 3450 583 3508 pro
608 3437 889 3507 di~cipulis
922 3446 979 3492 ut
1009 3437 1290 3507 magister.
1334 3437 1401 3492 Et
1438 3452 1557 3508 quae
1604 3438 1823 3494 tandem

221 3544 372 3585 causa
408 3539 474 3586 ut
503 3530 643 3585 mori
676 3530 881 3587 vellet?
922 3547 1027 3585 una
1067 3531 1273 3601 utique,
1327 3540 1384 3584 ut
1429 3529 1505 3585 illi
1556 3530 1821 3586 viverent.

221 3620 335 3676 Vita
368 3632 563 3677 autem
592 3638 778 3678 eorum
808 3624 859 3677 in
892 3638 1000 3692 quo
1022 3623 1437 3678 continebatur?
1469 3622 1520 3676 in
1554 3623 1656 3677 hoc
1677 3624 1827 3678 scili-

220 3722 319 3782 cet,
342 3725 407 3769 ut
460 3717 578 3786 ipse
608 3717 705 3781 ait,
756 3723 815 3769 ut
844 3715 1013 3771 Deum
1066 3714 1341 3770 Christum
1371 3715 1673 3770 secundum
1705 3730 1826 3771 car-

222 3821 335 3861 nem
365 3814 567 3861 natnm
599 3822 663 3862 ex
695 3823 788 3862 sua
822 3823 987 3863 carne
1026 3815 1437 3878 cognoscerent.
1472 3808 1537 3863 Et
1569 3808 1689 3863 ideo
1715 3808 1823 3864 uti-

220 3916 319 3968 que
344 3901 653 3971 Apostolus
683 3900 804 3970 plus
841 3901 1080 3968 dolebat,
1114 3903 1237 3973 quia
1270 3918 1393 3958 eutn
1422 3918 1488 3957 ex
1517 3901 1680 3958 Israel
1730 3917 1827 3957 na-

222 4001 327 4045 tum
356 4008 477 4047 non
510 3992 900 4065 intelligerent,
925 3995 1015 4063 qui
1039 4010 1107 4049 ex
1128 3995 1242 4049 suis
1265 3995 1468 4049 editum
1503 3995 1618 4064 plus
1640 4010 1827 4051 amare

220 4084 511 4142 deberent.
547 4084 633 4141 Ea:
657 4088 840 4159 quibus
868 4088 1126 4157 Christus,
1154 4088 1359 4159 inquit,
1392 4090 1671 4144 secundum
1707 4106 1827 4144 car-

220 4194 346 4243 nem,
385 4180 487 4250 qui
531 4188 603 4233 est
646 4196 798 4251 super
829 4180 1001 4235 omnia
1052 4179 1187 4235 Deus
1221 4180 1510 4235 benedictus
1552 4183 1604 4234 in
1629 4182 1828 4235 swcula

221 4272 401 4340 (Rom.
439 4278 545 4344 lx).
594 4274 727 4329 Eum
757 4276 969 4331 scilicet
998 4291 1061 4331 ex
1094 4276 1198 4330 illis
1219 4274 1492 4331 Christum
1539 4287 1719 4331 natum
1748 4277 1826 4331 ait

227 4367 527 4422 secundum
560 4382 803 4435 carnem,
833 4369 924 4438 qui
955 4369 1025 4423 sit
1055 4384 1220 4437 super
1265 4371 1445 4425 omnia
1476 4370 1614 4424 Deus
1659 4370 1826 4425 bene-

222 4460 395 4514 dictus
431 4461 487 4513 in
512 4460 731 4515 saecula.
760 4459 1035 4515 Christum
1068 4462 1252 4527 utique
1275 4460 1571 4516 secundum
1601 4476 1820 4517 carnem

224 4562 403 4607 natum
440 4568 507 4607 ex
542 4552 646 4607 illis
675 4567 779 4606 non
805 4567 1006 4623 negas:
1040 4552 1132 4608 sed
1165 4552 1304 4608 idem
1337 4554 1426 4623 qui
1471 4569 1535 4608 ex
1584 4554 1688 4607 illis
1722 4569 1817 4608 na-

1930 3425 2224 3481 benedictus
2253 3425 2309 3480 in
2334 3426 2550 3481 saecula.

2560 3517 2789 3577 CAPUT
2829 3519 2894 3576 II.

1932 3615 2031 3670 Dei
2063 3613 2349 3686 appellatio
2388 3614 2541 3669 aliter
2578 3612 2806 3678 Christo,
2838 3614 2990 3669 aliter
3016 3611 3312 3669 hominibus
3344 3610 3535 3669 tributa

2690 3693 2785 3740 est.

2005 3801 2268 3859 Sufﬁcere
2293 3801 2512 3872 quidem
2538 3799 2787 3856 ﬁdelibus
2815 3798 2883 3855 ad
2912 3799 3252 3856 indicandam
3283 3799 3536 3870 majesta-

1931 3906 2040 3952 tem
2080 3894 2378 3951 divinitatis
2416 3909 2618 3951 nomen
2656 3895 2753 3949 Dei
2790 3894 3002 3950 abunde
3033 3895 3205 3965 potuit
3251 3912 3263 3947 :
3304 3894 3397 3949 sed
3434 3891 3535 3948 ad-

1930 3988 2131 4057 dendo,
2172 4005 2328 4061 super
2379 3990 2555 4043 omnia
2598 3986 2738 4041 Deus
2780 3987 3095 4053 benedictus,
3140 3985 3536 4057 blasphemiam

1931 4082 2155 4152 perfida:
2182 4081 2504 4137 assertionis
2534 4080 2799 4145 exclusit;
2830 4096 2898 4136 ne
2933 4080 3053 4148 quis
3089 4080 3299 4136 scilicet
3342 4080 3535 4151 impio-

1931 4192 2052 4232 rum
2083 4177 2404 4231 vocabulum
2452 4175 2550 4231 Dei
2575 4175 2845 4231 interdum
2866 4176 3027 4231 etiam
3055 4175 3367 4231 hominibus
3396 4188 3538 4232 tem-

1933 4271 2152 4341 porarie
2178 4270 2322 4326 dono
2352 4269 2549 4326 divina:
2579 4269 3002 4340 dispensationis
3025 4269 3322 4335 indultum,
3353 4269 3419 4325 ad
3454 4272 3536 4325 in-

1928 4365 2125 4435 juriam
2144 4380 2368 4420 summa:
2390 4364 2695 4418 divinitatis
2712 4374 3036 4428 aSsunteret,
3056 4374 3111 4420 et
3125 4364 3536 4421 contumeliosis

1932 4458 2043 4513 Deo
2087 4457 2588 4527 comparationibus
2624 4465 2927 4527 coaptaret,
2977 4457 3116 4512 sicut
3159 4456 3348 4527 utique
3396 4455 3533 4512 illud

1926 4552 2018 4609 ubi
2047 4552 2113 4606 ad
2143 4550 2363 4623 Moysen
2392 4551 2524 4608 dicit
2552 4551 2698 4608 Deus
2731 4570 2747 4608 :
2782 4562 2802 4591 ε
2834 4550 2971 4607 Dedi
3001 4563 3049 4607 te
3077 4551 3231 4607 deum
3264 4548 3537 4607 Pharaoni

1312 4669 1569 4725 ALABDI
1610 4669 1845 4727 GAZEI
1883 4668 2454 4727 COMMENTARIUS.

296 4770 320 4796 ι
347 4761 586 4835 Egregie
620 4762 763 4817 hunc
794 4762 971 4817 locum
1004 4762 1307 4835 elucidavit
1332 4762 1489 4835 Joan.
1533 4764 1823 4835 Gagna'ius
1854 4767 1905 4828 ι)
1931 4765 2060 4829 sim,
2091 4764 2323 4833 optarim
2354 4763 2639 4819 anathema
2672 4778 2815 4828 esse,
2849 4772 2913 4835 et
2938 4764 3078 4830 quod
3124 4764 3300 4821 Graeci
3345 4764 3538 4820 dicunt

226 4831 325 4886 hoc
356 4833 521 4887 brevi
544 4837 971 4888 commentario:
999 4833 1055 4889 Si
1078 4835 1145 4889 de
1175 4833 1575 4889 abalienatione
1601 4831 1639 4888 ά
1664 4837 1817 4891 Chri-

225 4906 288 4956 sti
333 4904 518 4976 gloria
566 4906 935 4974 intelligimus,
986 4906 1330 4976 hyperbolica
1374 4918 1453 4960 esr
1488 4906 1711 4971 locutio,
1757 4908 1823 4962 ad

226 4991 377 5029 suum
404 4976 461 5029 iu
491 4974 711 5030 Juda-os
741 4977 991 5031 allectum
1022 4974 1434 5045 designandum.
1465 4978 1652 5045 Neque
1682 4980 1824 5033 enim

227 5047 313 5115 qui
347 5047 512 5115 paulo
542 5058 667 5101 ante
694 5048 823 5121 dixit
851 5066 861 5100 :
893 5047 1015 5121 Scio
1043 5049 1180 5119 quod
1208 5049 1353 5102 nulla
1376 5058 1613 5121 creatura
1643 5050 1829 5121 poterit

229 5134 304 5169 me
328 5134 582 5185 separare
609 5135 639 5171 a
667 5119 913 5172 rharitate
950 5118 1061 5182 Dei,
1090 5135 1207 5190 quae
1232 5131 1304 5173 est
1331 5122 1383 5173 in
1415 5118 1618 5174 Christo
1643 5118 1825 5189 (Rom.

228 5192 370 5262 vin),
399 5191 587 5243 statim
618 5204 805 5245 revera
836 5192 903 5245 ab
929 5206 995 5245 eo
1017 5192 1200 5245 divelli
1228 5200 1479 5257 Optaret;
1509 5194 1600 5246 sed
1637 5192 1833 5262 hyper-

228 5260 445 5334 bolicos
489 5276 669 5315 sermo
714 5272 819 5327 est,
866 5262 1040 5331 qualis
1083 5263 1174 5317 ille
1218 5262 1388 5334 Moysi
1421 5262 1594 5318 Exod.
1638 5260 1829 5318 xkxn:

230 5335 327 5404 Aut
356 5331 563 5387 dimitte
591 5334 664 5387 eis
696 5334 827 5387 hanc
858 5349 1080 5396 noxam;
1108 5342 1198 5387 aut
1229 5335 1271 5388 si
1305 5331 1403 5388 non
1430 5335 1583 5404 facis,
1617 5336 1728 5388 dele
1754 5350 1834 5387 me

229 5402 290 5456 de
335 5404 476 5478 libro
526 5414 639 5478 tuo.
687 5404 909 5461 Videtur
962 5418 1141 5460 antem
1162 5405 1316 5478 gmihi
1369 5402 1488 5478 sine
1539 5406 1834 5478 hyperbole

230 5488 395 5542 posse
435 5476 556 5545 legi.
596 5475 728 5530 Nam
775 5478 1115 5531 anathemata
1147 5476 1354 5532 Grazcis
1392 5475 1644 5531 dicuntur
1690 5478 1832 5531 sacri

231 5547 565 5618 scelestique
604 5548 873 5618 homines,
906 5550 995 5618 qui
1026 5550 1091 5604 ad
1134 5549 1285 5602 urbis
1324 5549 1696 5603 lustrationem
1730 5550 1835 5602 diis

232 5615 485 5689 Manibus
510 5626 563 5671 et
592 5617 781 5673 inferis
812 5615 1206 5682 nunciabantur,
1241 5622 1283 5673 si
1316 5635 1436 5689 qua:
1471 5620 1587 5673 lues
1616 5633 1706 5673 aut
1738 5635 1834 5675 ca-

230 5684 453 5759 lamitas
481 5689 777 5757 ingrueret,
811 5704 970 5759 quam
1003 5691 1309 5759 Ilujusmodi
1337 5684 1618 5744 hominum
1661 5694 1832 5745 inter-

232 5756 486 5821 neciune,
504 5761 729 5831 placatis
749 5756 875 5827 diis,
890 5756 1134 5817 sedatum
1167 5762 1230 5816 iri
1262 5760 1543 5830 putabant,
1570 5762 1633 5815 ad
1655 5762 1836 5831 ruins-

231 5832 379 5899 modi
422 5830 686 5886 sacriﬁcia
716 5834 959 5888 alludens
1000 5833 1198 5888 Paulus
1244 5850 1256 5885 :
1301 5831 1481 5899 Usque
1523 5833 1660 5886 adeo
1702 5830 1835 5889 mihi

232 5898 409 5965 dolet,
456 5900 649 5974 inquit,
690 5903 997 5960 Judacorum
1040 5906 1293 5969 abjectio,
1336 5898 1477 5974 quod
1516 5904 1560 5958 si
1611 5904 1706 5959 Dei
1741 5906 1836 5960 ad-

233 5984 461 6033 versum
490 5974 610 6033 illos
639 5973 777 6034 iram
807 5977 889 6034 vel
915 5977 1103 6043 quovis
1134 5991 1257 6035 meo
1289 5973 1432 6033 Inalo
1456 5974 1672 6050 placare
1700 5991 1830 6049 pos-

1936 4837 2408 4907 ἁναθεματίζεσθαι,
2441 4835 2493 4889 id
2525 4834 3087 4907 est,ipessnmdari_et
3116 4836 3469 4891 exterminari
3504 4851 3538 4892 a

1935 4904 2179 4979 Christo,
2208 4908 2369 4961 modo
2393 4908 2475 4962 vel
2500 4907 2578 4961 sic
2605 4906 2713 4961 illis
2738 4908 2962 4979 prosim.
2987 4904 3149 4979 Certe
3172 4907 3537 4979 Hieronymus

1938 4977 2223 5032 anathema
2275 4979 2440 5032 sumit
2491 4993 2585 5046 pro
2634 4977 2900 5044 corporali
2947 4978 3237 5033 occisione.
3287 4977 3390 5034 Sic‘
3417 4980 3534 5035 ille.

1937 5049 2074 5104 Vide
2104 5058 2302 5103 cmtera
2341 5051 2394 5103 in
2424 5048 2667 5104 eamdem
2701 5050 3023 5104 sententiam
3053 5050 3181 5104 alibi
3214 5059 3392 5104 notata
3421 5050 3539 5113 (Ad

1940 5118 2117 5173 collat.
2158 5120 2191 5175 9
2231 5137 2348 5189 cap.
2384 5120 2475 5187 18,
2517 5131 2564 5175 et
2601 5122 2777 5175 collat.
2813 5119 2881 5174 15
2907 5137 3023 5189 cap.
3066 5122 3169 5192 6);
3202 5132 3255 5176 et
3288 5123 3437 5184 plora
3468 5122 3538 5177 de

1941 5194 2288 5264 anathemate
2316 5192 2542 5260 ejusque
2584 5192 2734 5247 varia
2761 5192 3156 5262 signiﬁcatione
3184 5192 3324 5264 apud
3357 5192 3533 5247 Baro-

1941 5263 2088 5316 uium
2122 5263 2214 5317 lib.
2246 5280 2263 5319 ι
2300 5264 2606 5318 Annalium.

2015 5334 2039 5371 δ
2074 5334 2305 5400 Quorum
2336 5348 2529 5403 patres,
2571 5334 2623 5389 id
2662 5343 2766 5402 est,
2807 5336 2875 5390 de
2905 5351 3137 5406 quorum
3167 5343 3326 5406 gente
3354 5344 3535 5403 patres

1940 5412 1996 5460 et
2035 5409 2358 5477 patriarcha:
2403 5407 2744 5476 prodierunt,
2796 5422 2865 5462 ex
2911 5407 3107 5475 quibus
3150 5408 3398 5462 Cluisms
3445 5422 3535 5462 se-

1939 5478 2176 5532 cundum
2210 5494 2427 5532 carnem
2462 5478 2789 5547 progenitus.
2826 5478 2979 5535 Hunc
3008 5480 3168 5535 etiam
3204 5480 3378 5531 locum
3408 5477 3534 5534 Ori-

1938 5564 2128 5615 gerres,
2161 5550 2499 5615 Ambrosius,
2534 5550 2976 5621 Chrysoslomus,
3008 5561 3062 5606 et
3101 5551 3187 5603 alii
3218 5549 3298 5604 sic
3334 5549 3538 5605 intelli-

1939 5630 2093 5688 gunt,
2125 5631 2184 5674 ut
2212 5621 2695 5693 (lhristnsrtlicatur
2724 5637 2879 5674 verus
2911 5622 3065 5693 Dens.
3098 5622 3535 5693 quandoquidem

1939 5706 2102 5759 super
2133 5694 2314 5745 omnia
2346 5692 2477 5746 nihil
2506 5703 2611 5758 est,
2649 5692 2747 5745 nisi
2778 5708 3019 5746 summus
3048 5692 3208 5748 Deus.

2014 5774 2035 5799 ε
2075 5761 2329 5823 Vulgatns
2374 5773 2554 5817 textus
2600 5782 2612 5815 :
2665 5761 2798 5816 Ecce
2836 5764 3075 5816 constitui
3115 5774 3163 5818 te
3208 5765 3357 5820 deum
3391 5763 3539 5819 Pha-

1943 5835 2118 5908 raonis
2143 5832 2341 5903 (Exod.
2368 5835 2485 5908 vn).
2514 5834 2983 5908 Deus_Phara_onis
3004 5835 3180 5908 dictus
3206 5848 3291 5891 est
3317 5837 3533 5908 Moyses

1941 5904 2148 5960 ratione
2190 5905 2469 5974 potestatis
2497 5906 2544 5960 ei
2580 5921 2611 5960 a
2652 5904 2761 5961 Deo
2792 5906 2998 5960 eollaue
3040 5907 3105 5961 ad
3144 5904 3533 5964 coiiterendam

1942 5976 2241 6036 Pharaonis
2268 5977 2601 6047 superbiam,
2637 5986 2693 6033 ut
2722 5976 2815 6050 qui
2844 5976 2954 6036 Deo
2984 5978 3176 6050 subjici
3203 5979 3393 6048 nollet,
3424 5977 3532 6042 ho-

3555 5888 3567 5929 i
