3970 6344
284 303 360 368 ss
713 323 726 346 -
1290 307 1382 364 nn
1423 287 1874 364 INCARNATlO)

1985 299 2244 364 CiiliiS'l‘l
2289 307 2420 364 LIB.
2463 308 2550 364 Ill.
3501 310 3573 373 δι

279 417 551 479 secundum
577 417 786 476 carnem
809 411 1090 488 Christum,
1117 409 1206 476 ied
1226 417 1363 476 nunc
1376 417 1492 492 jam
1516 436 1617 474 non
1640 421 1870 474 novimus
1898 423 1947 484 Α
1978 413 2162 475 uitatis
2210 412 2481 491 exposuit.
2535 411 2730 479 Diccns
2784 427 2970 493 entin,
3028 414 3098 482 Et
3147 439 3192 482 st
3240 423 3576 499 cognouimus

281 505 362 586 (li
385 505 500 570 ων.
535 513 565 569 ‘v
586 513 628 587 ).
667 509 813 572 bene
843 503 945 571 sibi
971 507 1167 572 cuncta
1202 515 1342 572 sacri
1374 515 1642 571 sermonis
1674 511 1873 582 scripta

279 599 634 676 c'bitiéiiiiiht,
665 601 722 664 et
750 605 803 663 in
835 603 983 664 οὕπιιὶ
1015 600 1229 679 pchittts
1256 609 1338 663 sui
1374 606 1548 677 parte,
1584 603 1747 661 etiam
1780 606 1873 662 ubi

276 692 570 757 verboi‘um
593 691 770 772 specie
788 695 896 757 litin
919 695 1242 769 consonant,
1275 695 1455 758 rerum
1481 709 1660 756 tamen
1681 700 1876 756 virtute

271 783 608 851 concordiht
645 809 660 848 :
698 784 837 849 sicut
867 794 921 849 in
961 783 1066 850 hoc
1095 779 1240 867 quod
1269 787 1363 863 :iit,
1399 787 1447 848 et
1477 791 1522 849 si
1544 789 1874 865 cognovimus

270 881 540 945 cunnum
581 885 867 945 secltndum
905 891 1133 957 carnem,
1182 885 1272 945 sed
1313 903 1452 943 nunc
1483 889 1602 962 jam
1640 883 1743 942 non
1785 901 1877 942 no-

211 978 221 1024 ἷ
268 981 475 1052 vimus;
503 975 871 1039 test'itiiottidm
898 981 1055 1054 enim
1077 981 1204 1039 dicti
1231 976 1514 1054 prasscntis
1535 981 1878 1038 continuatio

267 1066 575 1146 superioris
596 1067 698 1144 est,
723 1087 831 1148 quo
855 1068 1012 1142 dixit,
1036 1051 1121 1130 iis
1140 1051 1322 1148 quibus
1345 1071 1578 1131 Christus
1599 1067 1879 1130 secundum

267 1173 502 1237 carnem,
535 1163 719 1240 quiest
744 1171 901 1243 super
928 1171 1102 1224 omnia
1124 1163 1264 1225 Deus
1293 1167 1591 1224 benedictus
1613 1163 1665 1222 in
1688 1163 1878 1223 stecula

268 1263 457 1335 (Rom.
486 1265 585 1336 is).
612 1263 727 1321 Illic
747 1265 894 1322 enim
921 1255 1117 1336 posuit,
1146 1263 1409 1336 exquibus
1432 1262 1671 1318 Christus
1697 1279 1880 1318 secun-

270 1357 399 1412 dum
435 1375 682 1424 carnem;
714 1357 804 1414 hic
841 1351 1046 1425 autem,
1091 1365 1137 1413 et
1181 1357 1225 1414 si
1255 1358 1586 1432 COgnovimtts‘
1615 1353 1881 1413 Christum

269 1453 562 1508 secundum
603 1453 852 1522 carnem;
900 1447 1030 1523 iilic,
1065 1453 1154 1523 qui
1183 1463 1257 1509 est
1288 1469 1443 1526 super
1483 1454 1656 1507 omnia
1709 1451 1878 1520 Deus;

267 1545 354 1603 hic
387 1545 598 1616 autem,
630 1543 894 1604 Christum
925 1548 1209 1602 secundum
1246 1563 1453 1602 carnem
1479 1559 1616 1601 nunc
1637 1548 1752 1620 jam
1774 1561 1880 1601 non

268 1639 531 1696 novimus.
563 1635 787 1711 Species
817 1627 1108 1696 verborum
1153 1649 1236 1696 est
1279 1641 1406 1706 alia,
1451 1639 1544 1695 sed
1591 1640 1667 1695 rei
1707 1639 1880 1694 virtus

266 1727 408 1801 una;
459 1731 709 1791 eumdem
753 1732 897 1790 enim
947 1749 1106 1805 quem
1151 1731 1264 1790 illic
1307 1734 1603 1791 secundum
1656 1733 1876 1790 carnem

1978 509 2240 567 Christum
2287 513 2567 569 secundum
2617 521 2844 587 carnem,
2899 521 3300 575 sacramentum
3358 515 3468 574 nati
3517 515 3570 576 in

1977 619 2140 662 carne
2184 599 2281 663 Dei
2322 605 2535 666 locutus
2567 621 2685 677 eSt;
2727 605 2987 682 adjiciens
3031 609 3237 679 autem,
3280 609 3437 667 Nune
3467 609 3577 684 {ain

1978 716 2084 756 non
2113 701 2372 769 novimus,
2399 703 2507 758 vim
2534 703 2794 776 depositae
2821 706 3152 763 infirmitatis
3183 699 3466 780 explicuit.
3497 707 3577 764 Ac

1979 809 2077 865 per
2107 791 2210 850 hoc
2231 789 2470 865 cognitio
2509 795 2601 852 illa
2633 799 2814 855 carnis
2851 795 2917 855 ad
2959 799 3407 872 significationem
3444 798 3577 872 pcr-

1981 883 2113 945 tinet
2140 889 2395 959 hominis,
2426 887 2692 962 ignaratio
2724 904 2900 949 autem
2931 889 2998 950 ad
3028 896 3287 952 honorem
3321 895 3577 952 divinita-

1979 981 2050 1040 tis
2085 1003 2098 1040 :
2131 983 2247 1042 Hoc
2275 993 2364 1041 est
2391 985 2532 1042 enim
2561 986 2765 1056 dicere,
2798 985 3164 1060 Cogun’vimus
3191 988 3458 1046 Christum
3489 1001 3579 1046 se-

1980 1075 2218 1134 cundum
2258 1093 2502 1147 carnem,
2534 1079 2791 1151 quamdiu
2832 1082 2974 1152 quod
3015 1083 3312 1138 secundum
3352 1097 3577 1138 carnem

1981 1169 2390 1242 agnosceretur,
2424 1171 2562 1232 fuit:
2588 1189 2726 1228 nunc
2752 1173 2866 1245 jam
2899 1190 3000 1228 non
3030 1169 3262 1229 novimus
3287 1183 3574 1244 postquam

1981 1277 2103 1320 esse
2131 1265 2347 1321 desivit.
2377 1253 2406 1304 δ
2434 1259 2636 1322 Natura
2661 1267 2803 1321 enim
2829 1266 3008 1322 carnis
3039 1265 3091 1320 in
3129 1268 3461 1337 Spiritnalem
3493 1275 3580 1322 est

1983 1359 2242 1416 translata
2269 1361 2660 1427 substantiam;
2690 1364 2743 1417 ct
2770 1359 2898 1417 illud
2922 1361 3064 1433 quod
3097 1355 3272 1417 fuerat
3303 1359 3572 1431 quondam

1985 1445 2239 1521 hominis,
2264 1453 2463 1510 factum
2488 1461 2572 1511 est
2606 1461 2774 1510 totum
2807 1447 2926 1511 Dei.
2954 1453 3020 1510 Et
3050 1453 3171 1510 ideo
3195 1467 3301 1510 non
3326 1455 3580 1510 novimus

1982 1547 2257 1604 Christum
2292 1550 2590 1606 secundum
2633 1565 2874 1617 carnctn,
2917 1551 3039 1621 quia
3072 1549 3326 1622 absorpta
3372 1543 3468 1618 per
3495 1541 3579 1604 di-

1983 1645 2161 1699 vinam
2197 1644 2532 1713 maiestatem
2566 1645 2880 1700 infirmitate
2921 1659 3206 1714 corporea,
3247 1641 3381 1698 nihil
3421 1656 3580 1698 sacro

1983 1735 2186 1794 resedit
2214 1739 2430 1808 corpori
2463 1749 2530 1793 ex
2555 1747 2662 1808 quo
2692 1735 3035 1793 imbecillitas
3074 1729 3125 1792 in
3153 1749 3217 1792 eo
3248 1733 3428 1791 carnis
3453 1743 3581 1803 pas-

267 1840 462 1885 natum
492 1827 663 1885 Deum
701 1845 865 1900 super
903 1831 1083 1885 omnia
1121 1827 1402 1899 praedicat,
1446 1827 1536 1885 hic
1576 1815 1875 1884 secundum
1906 1835 1955 1898 Β
1983 1828 2054 1884 sit
2094 1830 2334 1900 agnosci.
2378 1831 2455 1885 Ac
2489 1845 2582 1900 per
2619 1829 2720 1885 hoc
2758 1818 3017 1901 quidquid
3059 1825 3238 1885 fuerat
3277 1826 3425 1897 prius
3451 1826 3580 1882 Sub-

266 1939 496 1979 carnem
541 1938 601 1979 se
625 1922 738 1993 jam
780 1937 887 1977 non
929 1937 1092 1978 nosse
1123 1922 1439 1992 ,conlirmat.
1484 1917 1614 1978 ideo
1643 1921 1874 1992 scilicet,

270 2016 398 2087 quia
433 2016 688 2073 eumdem
724 2031 884 2087 quem
924 2026 1110 2072 natum
1142 2017 1196 2071 in
1225 2031 1393 2072 carne
1425 2021 1649 2072 noverat
1683 2001 1874 2084 Deum,

268 2109 317 2165 in
356 2109 572 2164 saecula
610 2109 924 2177 conﬁtetur,
968 2119 1024 2166 et
1061 2108 1184 2165 ideo
1215 2124 1246 2164 a
1275 2123 1334 2166 se
1373 2124 1496 2165 eum
1529 2109 1766 2181 ignorari
1795 2124 1881 2166 se-

269 2202 514 2258 cundum
539 2217 784 2270 carnem,
814 2202 939 2274 quia
957 2202 1027 2259 sit
1049 2220 1205 2274 super
1224 2203 1400 2257 omnia
1425 2197 1564 2258 Deus
1582 2202 1880 2258 benedictus

274 2298 317 2350 in
342 2297 589 2362 swcula;
616 2311 680 2353 ac
701 2312 799 2368 per
826 2298 928 2353 hoc
953 2304 1008 2352 et
1040 2297 1172 2351 illud
1197 2297 1290 2362 ibi,
1310 2298 1397 2367 qui
1425 2308 1499 2352 est
1528 2313 1683 2369 super
1706 2297 1881 2352 omnia

272 2390 429 2452 Deus,
479 2399 534 2445 et
573 2390 677 2445 hoc
717 2389 869 2456 dicit,
918 2389 1043 2444 Non
1076 2392 1308 2446 nouimus
1337 2391 1452 2462 jam
1495 2390 1759 2444 Christum
1802 2406 1881 2445 se-

268 2482 505 2538 cundum
541 2498 772 2551 carnem,
806 2481 932 2552 quia
964 2491 1036 2537 est
1068 2479 1210 2538 Deus
1235 2483 1528 2538 benedictus
1573 2483 1626 2538 in
1663 2484 1877 2538 sa'cuta.

270 2574 539 2631 Ascendit
559 2591 688 2647 ergo
712 2575 1131 2647 quodammodo,
1147 2575 1299 2645 quasi
1316 2575 1367 2631 in
1391 2575 1635 2631 altiorem
1655 2576 1881 2647 gradum

271 2663 542 2723 doctrina:
588 2667 903 2738 apostolica:
945 2665 1282 2738 praedicatio,
1324 2676 1379 2723 et
1415 2667 1546 2723 licet
1576 2668 1677 2724 sibi
1716 2682 1880 2725 sensu

275 2760 324 2812 iu
356 2757 603 2830 utroque
633 2761 940 2827 conveniat,
971 2769 1373 2816 sacramentum
1409 2771 1588 2816 tamen
1622 2762 1882 2832 perfectae

269 2853 389 2909 tld’ei
436 2856 595 2925 quasi
630 2855 898 2912 sententia
931 2857 1272 2925 expressiore
1306 2853 1612 2926 confirmat,
1646 2855 1832 2914 dicens
1865 2876 1879 2914 :

274 2947 334 3000 Et
385 2951 436 3003 si
487 2950 824 3021 cognovimus
872 2949 1154 3003 secundum
1201 2966 1407 3005 carnent
1457 2948 1742 3019 Christum,
1789 2955 1881 3008 sed

272 3053 292 3078 ·
323 3059 470 3096 nunc
505 3045 623 3116 jam
661 3061 765 3097 non
808 3044 1062 3113 novimus,
1098 3043 1373 3110 videlicet,
1413 3045 1536 3115 quia
1565 3046 1719 3117 prius
1754 3062 1882 3104 eum

269 3143 319 3189 et
349 3133 636 3190 hominem
667 3136 872 3191 scimus
911 3141 966 3191 et
1005 3136 1194 3204 Deum,
1239 3153 1386 3192 nunc
1426 3143 1638 3193 tantum
1685 3139 1874 3194 Deum.

1987 1924 2204 1979 stantim
2233 1923 2484 1994 duplicis,
2517 1924 2716 1979 factum
2747 1935 2830 1980 est
2853 1924 3064 1980 virtutis
3093 1924 3276 1978 unius.
3310 1919 3443 1977 Cum
3474 1922 3581 1977 uti-

1982 2033 2089 2089 que
2130 2023 2236 2073 una
2277 2019 2347 2073 sit
2379 2018 2602 2074 dubium
2645 2016 2918 2073 Chrismm
2947 2016 3036 2089 qui
3069 2015 3367 2072 erucitixus
3395 2024 3476 2071 cst
3503 2028 3579 2071 ex

1984 2110 2296 2167 infirmitate
2321 2117 2524 2176 nostra,
2557 2110 2726 2166 totum
2758 2111 2942 2166 vivere
2962 2117 3030 2166 ex
3061 2108 3344 2180 majestate
3371 2102 3601 2178 divitia,~

2592 2223 2824 2281 CAPUT
2865 2221 2957 2280 IV.

1989 2319 2070 2374 Ea:
2091 2335 2148 2372 ea
2170 2336 2285 2390 qua:
2314 2320 2383 2372 ad
2411 2317 2627 2372 Galatas
2655 2329 2728 2373 est
2756 2315 3208 2390 Epistolaprofert
3228 2310 3608 2390 testimonium°

2054 2407 2154 2461 quo
2181 2387 2360 2461 probat
2400 2389 2756 2460 inﬁrmitatem
2785 2387 2955 2444 carnis
2988 2389 3040 2443 in
3075 2387 3282 2444 Christo
3313 2403 3406 2461 per
3439 2387 3578 2443 divi-

2057 2464 2273 2518 nitatem
2301 2462 2594 2532 absorptam
2617 2478 2746 2516 esse.

2055 2579 2205 2648 Quod
2246 2577 2455 2635 scilicet
2481 2577 2778 2649 Apostolus
2809 2577 2956 2632 omni
2986 2575 3320 2645 scriptorum
3347 2583 3576 2629 suorum
3602 2581 3606 2585 ’

1983 2689 2213 2746 corpore
2243 2674 2573 2743 praedicans,
2605 2673 2744 2729 bene
2783 2671 2947 2728 etiam
2987 2671 3052 2727 ad
3081 2669 3300 2727 Galatas
3328 2669 3582 2726 scribens

1985 2769 2102 2823 ait:
2138 2767 2340 2823 Paulus
2381 2767 2652 2837 apostolus
2701 2782 2802 2820 non
2847 2763 2910 2820 ab
2954 2763 3246 2819 hominibus
3291 2779 3452 2834 neque
3488 2776 3579 2832 per

1985 2861 2258 2927 hominem,
2295 2855 2382 2914 sed
2425 2875 2517 2928 per
2554 2853 2734 2912 Jesttm
2782 2855 3044 2910 Christum
3073 2864 3121 2910 et
3170 2851 3336 2908 Deum
3365 2851 3581 2907 Patrem

1987 2953 2189 3028 (Galat.
2220 2956 2283 3024 ι).
2310 2952 2476 3008 Vides
2522 2968 2680 3022 quam
2723 2951 2865 3006 bene
2897 2950 3001 3006 sibi
3042 2949 3097 3004 in
3138 2947 3410 3020 prioribus
3438 2963 3581 3017 pra:-

1985 3048 2340 3116 sentibusque
2390 3045 2702 3101 conveniat.
2751 3043 2866 3098 Illic
2916 3042 3063 3098 enim
3109 3041 3262 3107 dicit,
3295 3057 3434 3094 nunc
3463 3042 3580 3111 jam

1985 3157 2087 3195 non
2133 3142 2368 3194 novimus
2413 3137 2680 3192 Christum
2724 3135 3011 3190 secundum
3061 3149 3304 3198 carnem;
3332 3131 3422 3186 hic
3479 3130 3579 3202 ait,

270 3227 539 3284 Cessante
566 3231 709 3285 enim
731 3229 1045 3286 infirmitate
1067 3230 1271 3299 carnis,
1303 3229 1433 3286 nihil
1465 3231 1520 3286 in
1549 3247 1616 3288 eo
1640 3230 1751 3303 jam
1782 3249 1880 3288 no-
1904 3239 1950 3302 ρ
1985 3251 2086 3288 non
2117 3251 2181 3288 ea:
2209 3230 2525 3297 hominibus,
2548 3247 2710 3301 neque
2739 3238 2828 3299 per
2860 3227 3248 3296 hominem,sed
3279 3243 3370 3297 per
3397 3225 3579 3281 Iesum

271 3323 451 3377 vimus
501 3323 606 3377 nisi
655 3323 908 3378 virtutem
957 3323 1286 3394 divinitatis;
1334 3326 1460 3395 quia
1505 3334 1678 3382 totum
1719 3327 1771 3381 in
1813 3341 1880 3384 eo

269 3415 438 3472 virtus
464 3423 552 3471 est
575 3417 874 3487 majestatis
890 3417 1110 3487 divinae,
1137 3417 1229 3473 ubi
1251 3431 1373 3474 esse
1401 3417 1564 3474 desiit
1593 3418 1879 3478 infirmitas

268 3511 662 3568 imbecillitatis
696 3509 965 3568 humanas.
997 3512 1170 3570 Omne
1199 3527 1327 3584 ergo
1356 3514 1571 3585 penitus
1602 3515 1704 3570 hoc
1727 3515 1880 3572 testi-

267 3607 452 3663 monio
482 3609 806 3681 mysterium
829 3618 882 3665 et
909 3616 1142 3680 sumptae
1165 3611 1349 3666 carnis
1379 3617 1434 3666 et
1458 3610 1712 3680 perfectae
1741 3610 1878 3666 divi-

1983 3325 2266 3382 Christum.
2303 3326 2457 3381 Patet
2477 3322 2938 3395 quemadmodum
2960 3321 3124 3378 etiam
3155 3321 3246 3376 hic
3269 3320 3411 3375 idem
3432 3319 3580 3390 quod

1985 3422 2038 3475 in
2093 3417 2466 3488 superioribus
2502 3417 2720 3472 doceat.
2775 3416 2973 3471 Dicens
3023 3413 3193 3480 enim,
3244 3413 3474 3467 missum
3514 3425 3577 3468 se

1985 3530 2090 3570 non
2117 3529 2211 3583 per
2255 3512 2556 3576 hominem,
2589 3509 2691 3563 hoc
2717 3505 2869 3576 dicit,
2896 3522 2997 3562 non
3029 3507 3262 3560 novimus
3302 3501 3572 3558 Christum

1982 3606 2262 3663 secundum
2290 3619 2533 3668 carnem;
2557 3612 2613 3658 et
2655 3600 2779 3658 ideo
2809 3611 2832 3642 ο
2864 3614 2970 3656 non
3005 3614 3103 3670 per
3127 3597 3408 3654 hominum
3441 3595 3579 3652 mis-

1360 3767 1616 3824 ALARDI
1658 3767 1891 3826 GAZ/El
1930 3762 2499 3824 COMMENTARIUS.

270 3879 466 3948 Ecquis
495 3881 640 3936 istud
682 3883 832 3937 illum
881 3884 1150 3954 ignorasse
1193 3882 1362 3938 dicere
1392 3881 1620 3938 audeat?
1657 3882 1875 3949 Qualem

269 3970 492 4024 namque
519 3954 574 4007 in
592 3955 779 4024 caelum
807 3955 1120 4015 ascendisse,
1145 3971 1208 4008 ac
1227 3955 1350 4008 olim
1379 3955 1498 4009 inde
1524 3972 1730 4009 rursum
1758 3972 1877 4009 ven-

269 4023 440 4079 turum
473 4023 686 4098 sciebat,
716 4025 872 4098 talem
915 4038 960 4081 et
996 4027 1059 4098 in,
1088 4026 1182 4080 illo
1222 4043 1437 4098 quoque
1465 4028 1680 4081 existere
1709 4028 1880 4080 neuti-

269 4113 419 4167 quam
469 4095 765 4167 ignorabat.
825 4097 1095 4163 Quomodo
1141 4095 1300 4168 igitur
1337 4095 1548 4150 Filium
1600 4097 1878 4152 secundant

270 4184 477 4222 carnem
508 4184 564 4223 se
591 4185 742 4223 nosse
779 4169 966 4239 negat?
1002 4169 1260 4235 Quoniam
1287 4169 1446 4224 simul
1473 4180 1622 4240 atque
1649 4185 1712 4223 ea:
1741 4187 1879 4222 mor-

270 4242 366 4293 tuis
400 4241 689 4302 reuixerat,
722 4243 884 4294 satius
913 4253 1020 4294 erat
1052 4257 1115 4294 ex
1143 4241 1317 4294 divina
1339 4240 1618 4296 eminentia
1646 4240 1796 4295 illum
1826 4251 1872 4295 et

272 4327 418 4394 nosse
464 4322 511 4365 et
529 4307 800 4394 proﬁteri,
829 4329 986 4394 quam
1014 4329 1077 4366 ex
1107 4313 1275 4394 cqrnis
1301 4312 1624 4394 inﬁrmitate.
1661 4309 1872 4394 Etenim

271 4383 678 4454 dispensationis
723 4384 966 4453 mysterio
1025 4383 1254 4437 nondum
1301 4383 1538 4454 expleto,
1590 4385 1875 4439 secundum

271 4453 482 4528 carnem
519 4455 923 4528 praedicabatur,
972 4471 1072 4525 quo
1113 4456 1357 4508 nimirum
1400 4453 1710 4528 Unigenitus
1752 4471 1874 4509 caro

271 4525 441 4593 factus
471 4525 790 4599 crederetur.
822 4529 883 4580 At
905 4543 1022 4599 uero
1046 4537 1360 4599 sacramento
1387 4528 1480 4581 hoc
1498 4525 1611 4599 jam
1635 4543 1875 4581 consum-

273 4608 431 4668 mato,
472 4595 756 4665 prastabat
794 4614 857 4652 ex
891 4597 1162 4652 divinitate
1189 4595 1340 4652 illum
1370 4595 1642 4668 agnoscere
1668 4615 1728 4651 ac
1758 4616 1874 4660 pro-

273 4667 429 4737 ﬁteri,
466 4684 620 4736 quam
652 4685 715 4722 ea:
744 4669 911 4723 carnis
937 4669 1228 4723 humilitate
1257 4679 1303 4722 et
1330 4667 1694 4724 ea‘inanitione.
1727 4669 1875 4725 Unus

273 4715 448 4811 ἒὶᾶᾴιὶξ
468 4715 818 4795 Echini;
835 4715 1873 4811 suam;tisana};omnis;
1901 4715 1953 4777 Π

345 4805 371 4847 ί
399 4805 522 4865 Non
578 4811 720 4880 quod
781 4812 956 4883 homo
993 4805 1116 4866 esse
1164 4807 1406 4878 desierit,
1436 4809 1528 4867 sed
1571 4814 1694 4883 quia
1731 4811 1868 4866 nihil

280 4881 602 4954 humanum,
633 4883 685 4936 id
737 4892 843 4952 est,
879 4882 1155 4938 infirmum
1186 4891 1242 4938 et
1274 4883 1498 4939 mortale
1530 4881 1650 4954 post
1683 4900 1866 4939 resur-

277 4953 580 5009 rcctionem
623 4969 778 5009 suam
832 4955 1076 5022 retinuit,
1110 4954 1202 5009 sed
1235 4970 1451 5011 omnem
1493 4953 1872 5010 infirmitatem

279 5024 634 5094 mortalitatis
684 5024 932 5081 humana:
963 5024 1231 5093 deposuit,
1264 5035 1322 5081 ttt
1365 5027 1502 5080 infra
1555 5029 1872 5094 exponitur.

324 5093 352 5132 δ
374 5095 495 5150 Non
519 5097 663 5168 quod
678 5112 801 5152 vera
821 5112 946 5152 caro
959 5107 1013 5152 et
1032 5113 1292 5168 corporea
1308 5113 1427 5168 esse
1443 5093 1880 5165 desierit,secuu-

277 5163 400 5241 dum
419 5183 499 5241 se,
515 5161 612 5223 s‘ed
632 5169 754 5237 quia
773 5169 1029 5241 spiritalis
1042 5161 1253 5241 effecta,
1274 5163 1324 5226 id
1337 5181 1438 5238 est,
1456 5161 1879 5241 incorruptibilis

280 5237 576 5310 etgloriosa
590 5250 644 5294 et
665 5239 1184 5295 omnisinfirmitatis
1199 5237 1872 5310 expers,queutadtnodum

278 5307 408 5385 dicit
439 5312 726 5379 Apostolus
758 5310 779 5382 ι
815 5312 1164 5385 Coriutaxv“:
1197 5307 1492 5368 Setitinatur
1519 5331 1703 5385 corpus
1747 5313 1866 5368 ani-

280 5379 433 5454 atate,
447 5390 624 5454 surget
640 5379 824 5454 corpus
845 5381 1096 5454 spiritale.
1116 5379 1440 5439 Resurrectio
1462 5387 1593 5454 enim
1609 5379 1862 5451 'Domim',

280 5448 440 5527 ait‘S.
477 5448 587 5527 Leo
611 5448 850 5527 pontifex
873 5448 1079 5527 '(Serm,
1124 5457 1148 5527 i
1182 5456 1244 5512 de
1276 5473 1440 5510 resur.
1472 5448 1728 5526 Domini),
1762 5448 1864 5511 non

280 5515 399 5591 finis
431 5515 624 5599 carnis,
649 5515 737 5580 sed
753 5515 1099 5600 commutatio
1131 5523 1253 5600 fuit,
1273 5544 1371 5600 nec
1393 5528 1594 5581 virtutis
1621 5515 1867 5598 auqnten-

282 5595 688 5667 inconsumpta
736 5595 1023 5651 substantia
1073 5595 1167 5652 est.
1218 5598 1455 5664 Qualitas
1502 5595 1722 5664 transiit,
1757 5616 1860 5652 non

282 5657 474 5742 natura
503 5657 796 5742 defecit;et
824 5673 1020 5738 factum
1050 5680 1122 5724 est
1152 5657 1340 5742 cor'pus
1370 5657 1857 5742 impassibile,’quod

287 5735 451 5813 potuit
509 5735 772 5813 cruciﬁgi;
818 5735 1011 5810 factum
1050 5753 1123 5795 est
1171 5735 1482 5802 immortale,
1514 5744 1652 5813 quod
1694 5735 1864 5813 potuit

287 5809 452 5892 occidi
471 5826 486 5863 :
518 5808 1238 5892 factumestincorruptibile,
1264 5813 1401 5884 quod
1431 5808 1592 5884 potuit
1625 5808 1862 5892 vultu-a—

284 5881 345 5935 ri.
376 5878 446 5938 Et
477 5878 652 5940 merito
679 5884 865 5941 dicitur
896 5900 1014 5941 caro
1037 5878 1229 5941 Christi
1257 5878 1307 5941 in
1336 5900 1394 5942 eo
1416 5878 1552 5941 statu
1580 5901 1678 5949 quo
1692 5886 1860 5949 fuerit

1986 3893 2107 3937 nota
2136 3882 2344 3956 nesciri,
2377 3882 2500 3956 quia
2538 3879 2669 3956 nihil
2691 3879 2743 3933 in
2778 3896 2837 3956 ea
2866 3875 3290 3956 passibile,_nihil
3326 3875 3577 3956 remansit

1986 3957 2038 4009 in
2059 3972 2121 4009 ea
2148 3947 2434 4023 inﬁrmum,
2466 3961 2519 4007 ut
2550 3963 2595 4006 et
2626 3953 2740 4019 ipsa
2766 3951 2833 4005 sit
2853 3968 2942 4022 per
2971 3950 3266 4023 essentiam,
3293 3951 3339 4000 et
3371 3963 3473 4023 non
3506 3947 3576 4002 sit

1985 4028 2099 4095 ipsa
2137 4019 2225 4098 per
2261 4025 2499 4098 gloriam.
2533 4023 2687 4098 Quod
2724 4019 2896 4098 autem
2929 4022 3138 4098 mirum,
3168 4021 3212 4098 si
3237 4019 3333 4098 hoc
3366 4019 3429 4072 de
3459 4034 3578 4098 cor-

1989 4088 2356 4165 pore'Chrvisti
2412 4095 2686 4166 proﬁtetur
2740 4088 3068 4166 (Apostolus)
3095 4091 3182 4161 qui
3226 4093 3287 4145 de
3331 4088 3570 4166 omnibus

1989 4159 2296 4223 Christianis
2327 4159 2649 4236 spiritalibus
2680 4159 2851 4219 dicit:
2883 4159 3071 4236 Itaque
3106 4159 3200 4218 nos
3243 4179 3306 4236 ex
3335 4159 3452 4236 hoc,
3480 4179 3574 4236 ne-

1991 4242 2177 4295 minem
2194 4233 2428 4294 novimus
2444 4233 2732 4292 secundum
2758 4233 3086 4290 carnemJEx
3115 4235 3231 4302 hoc,
3255 4233 3442 4303 inquit,
3473 4233 3575 4286 ini-

1985 4315 2114 4365 tium
2145 4312 2289 4364 nobis
2319 4311 2513 4378 factum
2539 4319 2611 4364 est
2635 4308 3024 4362 resurrectionis
3056 4307 3107 4359 in
3127 4303 3354 4378 Christo,
3378 4321 3440 4358 ea:
3468 4320 3571 4375 quo

1983 4385 2036 4437 in
2069 4400 2148 4446 eo,
2180 4383 2269 4452 qui
2291 4376 2384 4452 pro
2408 4381 2642 4435 omnibus
2668 4389 2899 4432 mortuus
2928 4387 3026 4445 est,
3055 4378 3210 4432 totius
3237 4376 3349 4445 spei
3375 4385 3568 4430 nostra:

1985 4455 2150 4524 forma
2181 4454 2459 4524 prazcessit,
2483 4460 2588 4507 etc.

2060 4538 2080 4564 π
2110 4518 2212 4580 Per
2244 4518 2542 4587 hominem,
2571 4539 2762 4594 purum
2795 4522 2999 4594 scilicet
3044 4529 3100 4575 et
3134 4518 3572 4594 mortalem,_sed

1983 4613 2080 4668 per
2126 4597 2307 4652 Jesum
2364 4591 2654 4668 Christum
2687 4612 2874 4668 verum
2925 4593 3118 4648 Deuun
3156 4593 3332 4648 Utitur
3362 4591 3568 4668 eodem

1983 4663 2308 4740 argumento
2337 4666 2574 4740 Cyrillus
2594 4665 2658 4722 ad
2689 4663 3573 4740 eumdem‘scopum_quo_Cassia-

1982 4735 2101 4803 nus,
2154 4741 2220 4796 ad
2275 4735 2610 4810 probandam
2669 4737 2882 4794 scilicet
2927 4735 3128 4794 Christi
3182 4735 3564 4810 divinitatem;

1979 4816 2184 4882 Annon.
2222 4805 2439 4882 inquitt
2461 4805 2627 4864 Deum
2675 4813 3025 4882 incarnatum,
3060 4825 3318 4882 unumque
3361 4806 3566 4882 utrobi-

1976 4902 2073 4954 que
2102 4877 2308 4940 Fitiuni
2331 4894 2377 4938 et
2412 4881 2688 4937 Dominum
2723 4899 2811 4950 per
2834 4881 2943 4937 lucc
2982 4880 3127 4935 nobis
3167 4879 3399 4933 insinuat
3429 4879 3568 4954 Apo-

1975 4949 2175 5012 stolas?
2203 4955 2342 5023 Quid
2369 4955 2576 5027 planius
2605 4949 2737 5008 enim
2765 4954 2865 5006 dici
2888 4962 3070 5025 potest,
3091 4967 3256 5027 quam
3285 4967 3473 5027 senon
3502 4949 3566 5002 ab

1982 5018 2332 5094 hominefnec
2370 5018 2460 5097 'per
2505 5018 2898 5089 huminem,sed
2942 5040 3031 5096 per
3076 5018 3254 5076 Iesum
3301 5018 3564 5097 Christum

1983 5091 2202 5153 missum
2215 5115 2323 5152 esse
2339 5091 2380 5153 ἶ
2396 5098 2532 5164 Quid
2558 5115 2677 5164 erqo
2695 5099 2719 5150 ?
2739 5091 2986 5165 numquid
3017 5111 3152 5159 eum,
3185 5109 3335 5165 quem
3354 5091 3569 5165 nuit-er-

1983 5188 2041 5224 so
2069 5169 2180 5224 orbi
2211 5161 2568 5234 annuntiarat,
2604 5161 2856 5222 hominem
2875 5161 2996 5220 esse
3022 5161 3330 5238 ignorabat?
3353 5163 3566 5238 Nequa-

1980 5257 2162 5312 quam.
2199 5239 2373 5312 Norat
2399 5231 2572 5312 utique
2604 5231 3132 5312 hominemesseﬁat
3163 5253 3264 5291 non
3292 5231 3567 5312 hominem

1980 5261 2162 5312 quam.
2199 5261 2369 5295 noras
2399 5261 2470 5295 illi
2512 5261 2572 5296 uc
2604 5261 2857 5294 uomtm’m
2897 5261 3037 5305 esse;
3081 5261 3131 5291 ut
3163 5261 3264 5291 non
3305 5261 3563 5288 uummem

1977 5316 2170 5380 solum,
2204 5312 2315 5382 sed.
2344 5311 2442 5367 Dei
2476 5261 2704 5368 ‘i’erbum
2743 5311 3002 5382 hominem
3043 5309 3258 5382 factum.
3282 5307 3411 5382 Cum
3441 5321 3563 5382 ergo

1975 5402 2030 5439 se
2060 5375 2167 5439 non
2195 5385 2256 5438 ab
2298 5375 2525 5448 homine,
2554 5384 2644 5438 sed
2686 5400 2776 5452 per
2815 5377 2996 5436 Iesum
3024 5375 3236 5452 missum
3276 5375 3421 5446 dicit,
3449 5375 3567 5452 quis

1977 5456 2171 5527 dubitet
2198 5456 2323 5527 quin
2339 5454 2375 5509 Ι
2379 5447 2521 5527 esum
2533 5447 2793 5527 Christum
2818 5470 2991 5508 verum
3005 5447 3180 5527 Deum
3203 5466 3308 5527 esse
3331 5448 3567 5527 statuat?

1973 5539 2080 5596 etc.
2105 5511 2370 5584 Siitiiiiter
2400 5539 2452 5581 et
2475 5519 2546 5597 AD.
2588 5511 2951 5597 iiierqnymus
3003 5524 3055 5597 in
3098 5517 3564 5597 euntdetulocum

1973 5593 2217 5665 Apostoli
2254 5595 2628 5668 rontmentans
2664 5618 2677 5652 :
2712 5587 2813 5652 Ex.
2839 5613 2962 5669 quo,
3004 5595 3200 5669 inquit,
3239 5589 3562 5669 approbatur

1968 5659 2185 5726 Ebionis
2214 5682 2258 5724 et
2287 5661 2496 5727 Photini
2523 5672 2675 5725 etiam
2700 5671 2816 5722 hinc
2841 5659 3047 5734 hmresis
3069 5659 3406 5726 retundendo,
3425 5663 3566 5734 quod

1973 5742 2224 5797 Dominus
2257 5753 2427 5797 noster
2456 5739 2607 5796 Iesus
2636 5735 2867 5795 Christus
2895 5735 3039 5808 Deus
3065 5739 3161 5809 sit,
3193 5737 3319 5792 dum
3341 5735 3564 5809 Aposto-

1971 5815 2072 5881 lus,
2105 5817 2246 5887 quia
2279 5813 2485 5869 Christo
2521 5814 2587 5868 ad
2625 5806 3043 5887 primi-irationem
3083 5803 3356 5885 Euangelii
3377 5803 3567 5863 missus

1973 5895 2066 5953 est,
2101 5881 2252 5954 negat
2284 5903 2337 5942 sc
2355 5888 2567 5944 missum
2592 5881 2698 5940 ease
2719 5881 2783 5937 ab
2815 5883 3043 5940 homine.
