3970 6344
438 289 516 353 5'5
1786 281 2069 343 JOANNIS
2105 282 2419 342 CASSIANI
3262 340 3271 355 ,
3682 284 3755 345 56

421 372 589 478 sum,
618 405 717 464 sed
745 418 844 479 per
874 403 1229 478 Jesum,quia
1256 415 1354 475 per
1380 400 1660 460 Christum
1679 400 1904 472 missus,
1924 417 2033 458 non
2059 406 2116 469 Α
2140 411 2231 458 aut
2260 401 2425 459 homo
2453 402 2673 475 penitus
2698 403 2819 462 sine
2846 402 2983 472 Deo,
3010 413 3109 463 aut
3148 404 3289 463 Deus
3334 417 3471 462 stne
3524 401 3754 462 homine

396 502 545 571 ’,βει-
571 499 853 558 hominem
893 499 1093 557 missus
1138 514 1279 564 sum,
1308 497 1406 555 sed
1451 512 1550 569 per
1591 497 1803 565 Deum;
1833 512 2037 555 nomen

409 578 598 650 "enim
622 595 677 649 in
704 608 771 650 eo
789 594 900 665 iam
928 592 1167 649 hominis
1194 606 1311 648 non.
1328 590 1500 660 cadit,
1524 590 1579 647 iu
1602 607 1710 663 quo
1734 600 1906 649 totum
1933 590 2039 649 sibi

448 686 711 745 divinitas
753 687 1064 743 vindicavit.
1094 684 1163 740 Et
1205 683 1328 740 ideo
1357 699 1479 741 cum
1530 683 1763 742 dixisset
1809 685 2037 741 missum

441 793 509 836 se
547 763 653 835 non
693 778 759 833 ab
799 778 1113 846 hominibus,
1143 792 1310 849 neque
1343 794 1436 851 per
1473 777 1769 847 hominem,
1811 778 1901 834 sed
1946 794 2040 848 per

442 873 628 931 Iesum
657 871 941 940 Christum,
969 871 1115 929 bene
1144 870 1374 940 addidit,
1396 878 1444 928 et
1464 869 1633 929 Deum
1658 870 1875 928 Patrem
1891 888 1911 939 ;
1935 870 2039 930 hoc

444 978 553 1036 est,
579 971 805 1025 missum
835 981 894 1025 se
915 981 945 1021 a
970 965 1082 1022 Deo
1108 965 1271 1023 Patre
1296 976 1352 1024 et
1372 980 1404 1022 a
1431 966 1549 1023 Deo
1576 965 1716 1022 Filio
1742 980 1868 1023 esse
1896 965 2040 1022 desi-

445 1077 639 1135 gnans.
691 1060 750 1115 ln
796 1060 996 1131 quibus
1042 1059 1234 1132 utique
1277 1059 1405 1116 licet
1444 1069 1668 1132 propter
1710 1058 2038 1131 mysterium

446 1170 617 1213 sacrm
632 1164 689 1212 et
706 1152 1002 1212 ineil‘abilis
1028 1153 1418 1226 generationis,
1444 1153 1648 1225 duplex
1675 1151 1746 1208 sit
1768 1167 2003 1222 persona
2020 1193 2038 1220 ,

446 1248 765 1321 generantis
794 1254 855 1304 et
877 1248 1079 1318 geniti,
1112 1261 1218 1303 una
1246 1254 1427 1303 tamen
1455 1258 1544 1302 est
1572 1246 1743 1302 virtus
1772 1245 2039 1302 mittentis

444 1339 567 1396 Dei.
599 1340 668 1396 Et
696 1339 821 1396 ideo
851 1340 945 1396 ille
974 1340 1202 1396 missum
1230 1353 1291 1394 se
1321 1354 1351 1394 a
1381 1338 1499 1394 Deo
1527 1338 1690 1395 Patre
1719 1345 1776 1394 et
1810 1338 1920 1394 Deo
1949 1336 2041 1394 Fi-

444 1428 523 1488 lio
552 1430 765 1501 dicens,
793 1432 847 1487 in
880 1432 1137 1503 personis
1162 1428 1382 1501 quidem
1421 1429 1637 1487 dualem
1667 1429 1907 1486 ostendit
1934 1444 2039 1485 nu-

443 1540 681 1594 merum,
713 1523 815 1583 sed
844 1524 900 1582 in
928 1523 1192 1582 missione
1218 1539 1380 1581 unam
1407 1523 1593 1581 docuit
1617 1531 1965 1595 potestatem.

1100 1636 1302 1695 .APUT
1343 1637 1408 1694 V.

2140 494 2418 553 credatur.
2449 496 2600 555 Bene
2638 511 2771 571 ergo
2822 498 3120 571 Apostolus
3158 497 3394 556 missum
3437 511 3506 554 se
3550 496 3697 555 sicut
3721 512 3755 556 ε

2141 588 2257 647 Deo
2281 590 2467 660 Patre,
2497 592 2572 649 ita
2599 600 2657 650 et
2683 607 2716 649 a
2744 592 2857 651 Deo
2885 593 3025 652 Filio
3065 594 3401 665 praedicans,
3432 592 3749 651 confessio-

2140 697 2265 739 nem
2317 684 2501 741 statim
2553 685 2851 744 Dominica‘.
2890 685 3286 744 lncarnationis
3340 684 3635 758 adiunxit,
3666 685 3753 743 di-

2139 788 2270 833 cens
2302 792 2316 831 :
2345 776 2448 845 Qui
2493 777 2763 833 suscitavit
2805 793 2922 833 eum
2947 794 2982 834 a
3005 778 3256 845 mortuis;
3284 792 3494 837 verum
3540 775 3756 834 scilicet

2141 869 2405 928 incarnati
2453 871 2552 929 Dei
2602 886 2806 944 corpus
2851 872 3167 930 suscitatam
3199 887 3230 928 a
3259 871 3509 930 mortuis
3551 872 3756 929 docens

2135 965 2290 1037 juxta
2333 966 2466 1023 illud
2498 982 2514 1021 :
2546 965 2618 1022 Et
2660 968 2706 1022 si
2753 967 3086 1040 cognovimus
3126 965 3401 1023 Christum
3460 964 3756 1021 secundum

2138 1074 2382 1126 carnem;
2410 1058 2551 1116 bene
2594 1058 2821 1127 addens,
2852 1059 2944 1115 sed
2981 1062 3100 1133 jam
3147 1074 3254 1115 non
3305 1058 3584 1114 novimus.
3639 1055 3755 1113 Hoc

2140 1153 2290 1209 enim
2316 1165 2378 1208 se
2407 1151 2462 1208 in
2490 1165 2557 1208 eo
2597 1166 2763 1208 nosse
2800 1152 2931 1208 dicit
2978 1151 3279 1208 secundum
3317 1164 3585 1216 carnem,
3611 1147 3755 1220 quod

2141 1245 2216 1302 sit
2243 1260 2273 1300 a
2299 1245 2529 1302 mortuis
2552 1245 2869 1302 suscitatus.
2893 1244 2953 1301 In
2982 1259 3051 1302 eo
3082 1258 3215 1302 vero
3241 1259 3303 1302 se
3330 1258 3467 1303 eum
3489 1242 3607 1314 iam
3641 1255 3752 1298 non

2140 1352 2306 1397 nosse
2332 1339 2631 1395 secundum
2662 1352 2911 1406 carnem,
2944 1337 3091 1409 quod
3122 1347 3382 1393 cessante
3416 1334 3610 1392 carnis
3643 1334 3753 1390 fra-

2139 1434 2371 1505 gilitate,
2397 1433 2455 1489 in
2481 1432 2598 1489 sola
2629 1447 2755 1489 eum
2781 1432 2996 1489 noverit
3024 1432 3121 1488 Dei
3149 1446 3274 1488 esse
3313 1430 3559 1486 virtute.
3596 1427 3729 1486 Fide

2142 1527 2211 1583 lis
2236 1524 2450 1581 scilicet
2478 1523 2839 1595 praedicandre
2858 1524 3154 1580 Dominicaa
3181 1522 3503 1579 divinitatis
3527 1529 3587 1577 et
3616 1520 3754 1577 satis

2142 1615 2376 1671 idoneus
2399 1615 2575 1682 testis,
2604 1615 2697 1687 qui
2730 1617 2784 1671 in
2817 1614 3090 1687 principio
3111 1615 3420 1672 vocationis
3450 1629 3571 1670 sua:
3603 1613 3755 1670 cceli-

410 1679 417 1699 .
447 1735 596 1794 Sicut
625 1733 945 1809 blasphemia
964 1741 1049 1809 est
1082 1731 1301 1809 Christo
1335 1733 1564 1788 adimere
1593 1731 1937 1809 divinitatem,
1956 1732 2040 1809 ita
2070 1803 2106 1809 _
2143 1717 2231 1809 “1?
2259 1707 2579 1809 φδίίεκξιξεν
2619 1707 2958 1809 ωὲξθξίδξθίη
3004 1708 3249 1809 Wffin“
3277 1724 3309 1764 ³
3350 1707 3602 1809 monui“
3625 1706 3753 1809 ’θος

518 1825 719 1880 quoque
737 1799 925 1864 'verum
954 1806 1213 1863 hominem
1238 1804 1392 1860 illum
1428 1821 1537 1860 esse
1565 1820 1777 1878 negare,
1800 1801 2041 1877 blasphe-
2066 1803 2117 1868 Β
2143 1802 2276 1861 mini
2314 1803 2486 1860 nostri
2508 1803 2640 1860 Iesu
2664 1802 2887 1871 Christi,
2922 1818 3029 1859 non
3066 1802 3171 1860 fide
3214 1813 3428 1859 tantum
3463 1800 3641 1857 animi
3669 1799 3753 1856 sui

520 1897 662 1935 mum
692 1887 785 1936 est.

520 1993 630 2052 Sed
652 2010 742 2065 per
769 1992 1053 2063 Christum,
1078 1993 1274 2065 inquit,
1300 1990 1505 2060 Iesum,
1531 2001 1580 2047 et
1601 1991 1769 2049 Deum
1800 1990 2039 2058 Patrem,

446 2089 539 2163 qui
561 2088 828 2145 suscitauit
864 2103 981 2144 eum
1017 2104 1050 2142 a
1080 2089 1314 2144 mortuis.
1337 2087 1642 2144 Praeclarus
1662 2092 1848 2158 utique
1870 2096 1927 2145 et
1944 2086 2043 2144 ad-

447 2181 715 2238 mirabilis
739 2181 1016 2252 magister,
1031 2182 1212 2238 sciens
1239 2180 1526 2237 Dominum
1550 2181 1734 2238 Iesum
1763 2180 2037 2238 Christum

445 2275 590 2333 sicut
617 2290 808 2332 verum
836 2275 1031 2342 Deum,
1084 2276 1157 2332 ita
1196 2283 1251 2333 et
1291 2290 1479 2333 verum
1527 2276 1801 2333 hominem
1835 2276 2035 2347 praedi-

447 2368 706 2435 candum,
737 2369 812 2424 ita
851 2383 1069 2439 semper
1108 2369 1450 2440 maiestatem
1502 2370 1801 2427 divinitatis
1864 2371 1916 2426 in
1969 2385 2037 2427 eo

448 2460 741 2532 praedicat,
784 2469 841 2516 ut
898 2460 1299 2518 lncarnationis
1350 2460 1757 2518 confessionem
1819 2462 2041 2532 penitus

448 2568 559 2609 non
604 2553 916 2625 relinquat:
948 2552 1248 2611 excludens
1294 2554 1482 2626 utique
1536 2563 1592 2610 et
1641 2563 1667 2592 α
1711 2553 2036 2625 phantasma

450 2646 740 2703 Marcionis
772 2647 1153 2705 lncarnatione
1180 2660 1333 2711 vera.
1362 2656 1419 2705 et
1445 2647 1474 2688 ι)
1502 2657 1877 2720 paupertatem
1928 2649 2038 2705 He-

450 2739 627 2795 bionis
645 2739 931 2797 divinitate
956 2739 1234 2813 perfecta;
1264 2756 1332 2799 ne
1357 2740 1564 2798 scilicet
1591 2754 1690 2813 per
1711 2740 2032 2796 alterutram

450 2833 804 2905 blasphemia:
843 2834 1259 2906 perversitatem
1299 2818 1561 2895 Dominus
1589 2835 1754 2894 Iesus
1779 2835 2035 2893 Christus

2141 1897 2428 1966 crederet,
2478 1897 2574 1954 sed
2633 1908 2656 1937 ο
2692 1896 2858 1953 etiam
2900 1898 3071 1955 oculis
3115 1897 3507 1970 corporalibus
3557 1910 3752 1969 appro~

2141 1988 2345 2048 basset.

2757 2060 2989 2119 CAPUT
3033 2062 3116 2118 Vl.

2145 2174 2227 2231 Ea:
2252 2176 2579 2247 apparitione
2617 2173 2829 2242 Christi,
2852 2193 2968 2246 quae
2997 2177 3245 2248 Apostolo
3272 2175 3619 2249 persequenti
3650 2172 3753 2249 Ec-

2212 2249 2423 2302 clesiam
2469 2251 2609 2317 facta
2657 2259 2753 2315 est,
2784 2246 3058 2320 utramque
3100 2246 3343 2303 naturam
3391 2246 3452 2303 in
3484 2263 3547 2302 eo
3592 2246 3751 2319 fuisse

2213 2320 2551 2375 demonstrat.

2215 2458 2371 2516 Unde
2405 2461 2569 2515 etiam
2613 2456 2640 2498 δ
2671 2459 2812 2531 apud
2851 2460 3147 2532 Agrippam
3188 2472 3371 2529 regem
3415 2464 3472 2513 et
3524 2463 3751 2511 caeteros

2146 2554 2331 2609 mundi
2361 2554 2574 2624 iudices
2604 2553 2901 2620 disserens,
2928 2554 3003 2609 ita
3037 2555 3114 2609 ait
3142 2572 3155 2607 :
3187 2551 3327 2607 Dum
3355 2552 3493 2605 irem
3522 2548 3747 2603 Damas-

2144 2664 2261 2701 cum
2292 2664 2411 2701 cum
2450 2655 2703 2718 potestate
2746 2657 2794 2703 et
2823 2648 3079 2721 permissu
3109 2646 3363 2719 principis
3390 2642 3750 2708 sacerdotum,

2146 2743 2229 2796 die
2257 2743 2432 2796 media
2453 2744 2507 2797 in
2545 2744 2628 2797 uia
2654 2743 2782 2810 ridi,
2807 2760 2921 2810 rex,
2946 2742 3011 2799 de
3041 2743 3168 2799 calo
3210 2757 3374 2813 supra
3423 2736 3751 2812 splendorem

2144 2837 2268 2892 solis
2314 2837 2725 2909 circumfulsisse
2772 2854 2852 2894 me
2894 2839 3087 2906 lumen,
3115 2845 3161 2893 et
3209 2853 3383 2893 omnes
3415 2835 3510 2906 qui
3551 2846 3749 2888 mecum

1517 2991 1779 3050 ALARDI
1816 2991 2062 3059 GAZiEl,
2086 2991 2655 3053 COMMENTARIUS.

526 3137 549 3166 α
583 3130 794 3186 Cerdon
843 3140 899 3187 ct
944 3130 1186 3199 Μαι-οἰοή
1237 3131 1633 3198 Ιιωτθείποιὶω,
1676 3138 1734 3186 et
1774 3140 1895 3201 post
1936 3130 2037 3186 hos

449 3201 799 3271 Manichmus,
834 3203 1137 3260 docuerunt
1157 3203 1432 3260 Christum
1456 3219 1564 3259 non
1595 3216 1782 3257 verum
1812 3216 2037 3271 corpus,

449 3281 544 3328 aut
572 3288 757 3327 veram
807 3288 1050 3340 carnem,
1080 3275 1173 3331 sed
1211 3272 1605 3345 phantasticam
1649 3274 2036 3342 assumpsisse,

2145 3133 2328 3198 stolas,
2372 3142 2421 3187 et
2473 3134 2703 3188 narravit
2740 3133 2853 3189 illis
2893 3132 3151 3203 quomodo
3180 3130 3391 3203 vidisset
3439 3127 3751 3203 Dominum.

2147 3204 2333 3259 Tertio
2388 3205 2589 3260 Paulus
2629 3207 2743 3274 ipse
2774 3206 2795 3261 ι
2838 3199 3046 3260 Cdrint.
3082 3219 3134 3259 ιχ
3166 3206 3243 3274 ait
3274 3221 3284 3257 :
3315 3199 3747 3274 Numquide

2148 3293 2262 3329 sum
2321 3270 2864 3345 Apostolustonne
2911 3273 3095 3330 Iesum
3145 3273 3406 3330 Christum
3444 3270 3753 3345 ‘Dominum

449 3354 739 3418 propterea
765 3347 1150 3418 quodicarncm
1174 3340 1277 3418 sua
1296 3356 1499 3418 natura
1524 3344 1721 3418 malam
1745 3340 1867 3398 esse
1890 3353 1941 3398 et
1971 3361 2039 3399 ex
2065 3341 2114 3405 C
2147 3340 2385 3401 nostrum
2427 3347 2580 3418 pidi?
2618 3348 2860 3418 Denique
2919 3347 3061 3401 idem
3102 3345 3396 3416 Apostolus
3443 3343 3467 3397 ι
3519 3340 3651 3418 Cor.
3684 3357 3751 3418 ,εν

452 3414 598 3470 malo
627 3414 802 3498 ariam
849 3416 1119 3498 principio
1160 3416 1551 3498 fabularentur.
1580 3414 2039 3498 Quemﬁri‘orem

452 3500 519 3542 ex
578 3485 1139 3555 professo'rel‘ellunt
1179 3486 1546 3542 Tertullianus
1596 3485 1687 3542 lib.
1750 3485 1819 3541 de
1862 3487 2043 3541 Carne

450 3557 676 3640 ChriSti,
703 3557 942 3643 Irenmus
966 3560 1060 3614 lib.
1095 3559 1385 3643 19%;)..29,
1416 3558 1758 3643 AnguStinus
1789 3558 2042 3614 innume-

450 3630 902 3756 Πδδβέῖῗιῗιῗιίίθξξῗ
921 3640 1126 3756 ἔδειξὲ
1148 3630 1877 3771 οίῗιιὲἓρὰιέῗὲἓίεθ
1908 3714 2043 3771 pau-

451 3785 638 3841 perem
666 3786 764 3828 seu
794 3772 1007 3841 inopem
1036 3772 1324 3842 signiﬁcat.
1351 3770 1529 3828 Sic’B.
1559 3770 1797 3842 lgnatius
1829 3770 2044 3839 episco-

449 3857 551 3915 pus
595 3853 651 3915 et
690 3852 896 3915 martyr
938 3846 992 3899 in
1033 3843 1264 3914 epistola
1302 3843 1369 3899 ad
1400 3844 1907 3915 Philadelphienses
1939 3861 1951 3896 :
1980 3844 2043 3899 Si

449 3914 584 3987 quis,
617 3914 982 3987 inquitpdicat
1030 3931 1190 3969 unum
1244 3931 1349 3971 esse
1405 3914 1600 3981 Deum,
1633 3924 1683 3970 et
1733 3915 2043 3983 conﬁteatur

451 3984 719 4042 Christum
744 3984 946 4049 Iesum,
976 3988 1068 4043 sed
1118 3987 1352 4041 eumdem
1400 3987 1598 4040 nudum
1639 4002 1745 4041 esse
1785 3987 2043 4040 hominem

449 4066 612 4131 putet.
633 4057 941 4131 hujusmodi
964 4074 1169 4131 serpens
1198 4067 1292 4122 est,
1325 4057 1560 4131 fraudem
1590 4067 1636 4113 et
1658 4073 1879 4131 errorem
1907 4073 2043 4129 prte-

452 4130 634 4184 dicans
652 4129 717 4183 in‘
736 4130 951 4184 exitium
970 4129 1257 4201 hominum!
1289 4138 1336 4182 et
1350 4140 1431 4201 est
1459 4130 1715 4201 ejusmodi
1746 4130 1896 4201 inops
1919 4145 2039 4183 sen-

450 4218 536 4271 gu.
589 4210 923 4271 cognomento
974 4200 1166 4255 Ebion.
1220 4199 1287 4255 Et
1340 4199 1398 4256 S.
1444 4199 1803 4269 Hieronymus
1848 4200 1905 4271 in
1948 4214 2041 4254 c.t

450 4269 604 4327 Isaia:
633 4269 825 4337 :_Arat,
858 4273 1050 4343 inquit,
1083 4273 1136 4325 in
1181 4273 1301 4326 bove
1351 4279 1400 4325 et
1449 4272 1599 4327 asino
1632 4271 1819 4335 Ebion,
1851 4269 2041 4343 dignus

452 4359 549 4410 pro
580 4344 870 4415 humilitate
891 4341 1091 4407 sensus.
1114 4352 1426 4415 paupertate
1452 4344 1674 4398 nominis
1712 4343 1831 4407 sui;
1861 4341 1949 4409 qui
1970 4343 2042 4395 sic

448 4415 630 4487 recipit
647 4414 1006 4487 Evangelium,
1020 4424 1076 4469 ut
1098 4413 1442 4469 Iudaicarum
1467 4415 1914 4487 superstitionum,
1929 4429 2042 4481 quas

451 4486 507 4538 in
556 4486 736 4538 umbra
780 4485 829 4538 et
867 4487 1091 4555 imagine
1132 4499 1523 4555 prteresserunt,
1571 4485 1908 4542 caeremonias
1937 4500 2041 4538 non

451 4554 730 4625 relinquat.
768 4556 837 4610 Et
854 4554 1066 4625 χιιι-ἐπε
1090 4554 1143 4611 in
1176 4570 1296 4623 cap.
1332 4572 1453 4611 LXVI
1484 4557 1641 4611 lsaim
1677 4576 1689 4608 :
1722 4555 1921 4618 Iudaei,
1957 4556 2040 4609 in-

450 4618 679 4698 quit,'et
714 4618 929 4680 IudaTci
971 4628 1164 4681 erroris
1210 4618 1444 4682 hteredes
1496 4625 1775 4691 Ebionitte,
1820 4627 1909 4696 qui
1946 4642 2041 4698 pro

448 4696 742 4770 humilitate
795 4714 976 4752 sensus
1028 4713 1215 4751 nomen
1264 4707 1607 4770 acceperunt.
1653 4696 2040 4770 Paupertatem

449 4769 635 4839 itaque
666 4767 892 4824 Ebionis
914 4781 1072 4823 vocat
1099 4770 1302 4824 Auctor
1327 4767 1528 4824 futuam
1555 4769 1703 4824 illius
1730 4769 1800 4824 de
1822 4768 2044 4823 Christo

450 4847 727 4909 tamquam
774 4839 841 4895 de
883 4855 1017 4909 puro
1048 4841 1267 4895 homine
1293 4842 1782 4908 existimationem,
1812 4854 1878 4895 ex
1910 4853 2045 4909 pau-

448 4918 662 4982 pertate
697 4925 893 4982 sensus
928 4918 985 4965 et
1008 4910 1198 4981 iudicii
1229 4912 1439 4982 inopia,
1470 4910 1569 4967 sed
1597 4910 1772 4982 magis
1798 4925 1865 4966 ex
1895 4925 2045 4966 sanae

450 4981 714 5037 doctrinae
765 4980 983 5038 deiectu
1011 4980 1235 5049 ortam,
1266 4980 1345 5038 de
1386 4997 1493 5054 qua
1542 4980 1797 5054 superius
1835 4982 2044 5038 dictum

449 5062 555 5108 est.

529 5135 551 5163 ε
578 5123 734 5197 Quod
756 5123 957 5180 Paulus
977 5125 1151 5197 oculis
1177 5126 1340 5197 etiam
1370 5125 1750 5197 corporalibus
1781 5124 2044 5197 majesta-

448 5203 579 5268 tem,
615 5194 668 5251 id
690 5206 795 5262 est,
829 5210 1048 5252 carnem
1080 5194 1280 5252 Christi
1303 5194 1620 5268 gloriosam,
1645 5211 1743 5253 seu
1765 5195 2039 5254 Christum

445 5266 506 5321 in
538 5281 704 5323 carne
752 5275 1081 5337 praesentem
1119 5277 1178 5324 et
1205 5266 1585 5326 sibi—vicinum
1616 5268 1836 5334 viderit,
1869 5272 2040 5327 Acto-

388 5352 398 5390 t
445 5351 767 5411 rum_nono
792 5337 1084 5408 colligitur.
1116 5339 1301 5411 Primo
1329 5356 1395 5396 ex
1426 5342 1548 5397 luce
1587 5356 1709 5411 quae
1747 5340 1895 5395 illum
1929 5342 2039 5397 cir-

443 5408 749 5473 cumfulsit,
777 5416 891 5464 tum
921 5425 993 5481 ex
1022 5410 1267 5466 caecitate
1288 5427 1447 5481 quam
1479 5429 1547 5468 ex
1579 5408 1744 5467 nimia
1774 5412 1895 5480 ejus
1924 5414 2041 5468 cla-

441 5481 905 5555 ritate_incurrit.
951 5480 1206 5555 Secundo
1241 5480 1522 5555 exverbis
1561 5484 1808 5553 Ananiae,
1837 5483 2035 5555 quibus

442 5553 523 5631 ait
552 5569 579 5631 ε·
605 5551 771 5631 Stiule
810 5557 997 5631 frater,
1031 5550 1287 5631 Dominus
1335 5552 1630 5631 Iesus,_qui
1666 5550 1915 5631 apparuit
1944 5558 2035 5611 tibi

435 5622 634 5696 inpia.
662 5624 718 5679 Si
749 5622 1004 5696 apparuit
1034 5622 1223 5689 Saulo,
1246 5634 1396 5692 certe
1425 5622 1787 5683 visibilem's'e
1815 5628 1866 5681 in
1900 5642 2030 5696 pro-

439 5693 752 5770 pri_a_carne
773 5693 829 5750 et
855 5695 1329 5770 specieexhibuit.
1364 5697 1430 5753 Et
1451 5700 1692 5770 apertius
1718 5714 1786 5755 ex
1815 5693 2029 5770 Grieco,

442 5764 537 5841 tibi
565 5764 795 5841 habetur
826 5780 847 5841 :_
873 5765 898 5823 ὃ
926 5767 1088 5841 ὀφθείς
1107 5790 1214 5841 σοι.
1266 5771 1391 5841 Qui
1410 5764 1548 5827 visus
1578 5781 1653 5827 est
1687 5771 1801 5826 tibi.
1832 5769 1903 5826 Et
1925 5764 2028 5825 ihi4

439 5833 568 5893 dem
601 5852 615 5894 :
648 5834 919 5896 Harnabas
946 5833 1328 5913 apprehensum
1358 5839 1588 5900 Paulum
1617 5842 1770 5900 duxit
1793 5842 1862 5898 ad
1902 5857 2030 5911 apo-

1404 5973 1431 6007 ’9

2152 3427 2385 3473 testatur
2410 3416 2692 3474 Christum
2729 3412 2852 3487 post
2895 3412 3360 3474 resurrectionem
3387 3431 3548 3471 suam
3582 3412 3752 3487 pluri-

2151 3489 2252 3543 tuis
2284 3491 2624 3559 apparuisse,
2654 3491 2706 3544 id
2731 3484 2839 3556 est,
2871 3491 3046 3545 visum
3074 3503 3216 3554 esse,
3252 3489 3308 3543 in
3339 3502 3513 3559 carne
3542 3484 3753 3559 scilicet

2148 3555 2438 3615 visibil'i‘et
2466 3562 2806 3630 aspectabili,
2838 3571 2891 3617 et
2933 3559 3095 3616 modo
3125 3559 3232 3626 his,
3270 3557 3434 3613 modo
3481 3555 3611 3630 aliis
3641 3556 3748 3610 dis-

2147 3631 2387 3701 cipulis:
2425 3626 2718 3709 Nouissime
2759 3626 2951 3697 autem,
2999 3634 3193 3709 inquit,
3239 3631 3499 3709 omnium.
3536 3626 3588 3682 id
3641 3635 3750 3709 esi,

2149 3698 2267 3770 post
2300 3718 2489 3758 Omnes
2521 3706 2681 3766 alios.
2699 3715 2958 3771 tamquam
2980 3698 3213 3758 abortivo
3240 3703 3382 3757 visus
3412 3710 3495 3758 est
3527 3709 3579 3755 et
3601 3698 3750 3753 mihi.

2148 3774 2301 3841 Quod
2344 3791 2451 3830 non
2503 3775 2610 3831 nisi
2652 3776 2722 3831 de
2768 3790 3032 3844 corporea
3063 3775 3275 3829 visione
3305 3780 3360 3829 et
3390 3772 3746 3844 apparitione

2148 3846 2374 3916 intelligi
2418 3858 2617 3917 potest.
2648 3848 2945 3903 Enumerat
2989 3845 3259 3915 siquidem
3294 3847 3395 3900 hoc
3429 3845 3561 3917 loco
3585 3849 3752 3917 tesies

2147 3911 2566 3973 resurrectionis
2605 3920 2696 3990 qui
2728 3918 3019 3990 Dominum
3052 3911 3227 3972 oculis
3265 3911 3753 3990 corporeisvides

2149 3997 2295 4053 rant,
2324 3998 2379 4043 et
2409 4004 2468 4046 se
2495 3984 2639 4046 inter
2661 4005 2757 4045 eos
2786 3990 2958 4059 ponit.
2990 3989 3071 4042 An
3103 4003 3235 4043 vero
3266 3984 3467 4042 Paulus
3508 3984 3677 4059 alias,
3699 3989 3752 4037 et

2146 4075 2285 4129 quas
2326 4060 2584 4116 habuerit
2614 4055 2816 4117 Christi
2852 4060 3093 4116 visiones
3118 4069 3172 4114 et
3194 4059 3598 4130 apparitiones,
3634 4055 3750 4130 sive

2147 4123 2523 4255 imaginarius,
2549 4133 2664 4188 sive
2720 4130 3141 4200 iutellectunles,
3174 4123 3281 4185 no'ti
3313 4138 3396 4184 est
3430 4123 3595 4201 hujus
3636 4123 3746 4180 loci

2187 4211 2443 4255 tscutere.

2187 4211 2443 4258 iscutere.

2219 4271 2247 4346 f‘
2287 4273 2422 4346 Tres
2460 4273 2711 4344 Agrippa:
2748 4273 2889 4346 apud
2919 4272 3141 4330 Iudaeos
3171 4287 3440 4346 regnasse
3466 4272 3745 4346 leguntur.

2149 4342 2364 4416 Primus
2395 4341 2688 4402 Aris—tubuli
2736 4341 2905 4415 illius,
2939 4347 3115 4416 magni
3156 4341 3387 4402 Herodis
3414 4341 3750 4416 Ascalonilée

2151 4413 2511 4489 ((Ιυίᾲρτὶιηιιε
2542 4416 2851 4489 alienigena
2879 4412 3150 4489 sceptrum
3183 4416 3336 4489 regni
3365 4415 3581 4489 Iudaici
3611 4412 3748 4469 obti-

2149 4487 2298 4561 nuit)
2325 4502 2514 4561 nepos.
2545 4487 2767 4557 quem‘a
2797 4487 3014 4544 Tiberio
3060 4488 3257 4561 imper.
3286 4487 3343 4561 in
3368 4488 3594 4561 ivincuia
3622 4498 3748 4540 con-

2149 4502 2298 4557 nutt)
2325 4502 2514 4615 ηεὲιθε,
2545 4504 2708 4557 quem
2737 4503 2767 4543 a
2798 4502 3014 4544 'Itoerto
3060 4503 3257 4561 imper.
3289 4505 3343 4543 in
3375 4502 3594 4544 vmcuta
3622 4502 3745 4540 con-

2142 4556 2350 4627 jectum
2426 4600 2438 4614 .
2467 4558 2709 4631 Caligula
2743 4561 2925 4625 solvit,
2961 4574 3250 4631 regemque
3278 4559 3745 4631 Judmorumeon-

2149 4631 2453 4703 siituit;_de
2484 4627 2890 4703 quo'Iosephus
2920 4627 3195 4703 libfxvttir
3218 4631 3407 4703 Antiq.
3437 4646 3561 4703 cap.
3599 4627 3747 4703 ψει

2070 4734 2126 4796 1)
2152 4697 3747 4796 lisfusiiﬂts,.!iP}__"..E§P;.§;_.§E‘i‘1'.'fii'i-;'1€'2flff

2152 4770 2412 4848 Agtfippa,
2447 4774 2608 4843 primi
2643 4774 2824 4829 itidem
2855 4770 3084 4848 Herodis
3106 4772 3417 4829 Judzeorum
3439 4771 3583 4843 regis
3608 4770 3744 4848 ﬁlius

2153 4855 2185 4914 a
2210 4842 2433 4900 Claudio
2452 4842 2654 4911 imper.
2684 4860 2905 4914 regnum
2933 4844 3246 4899 Iudaeorum
3278 4842 3630 4907 consecutus,
3656 4842 3743 4909 qui

2154 4912 2412 4985 Iacobum
2443 4912 3011 4985 apostolum—occidit,
3051 4924 3106 4970 et
3135 4914 3354 4970 Petrum
3386 4914 3439 4969 in
3469 4924 3743 4970 carcerem

2155 4984 2418 5055 coniecit,
2451 4984 2511 5042 ac
2538 4987 2754 5042 demum
2774 5027 2788 5049 ,
2817 4985 2888 5040 ob
2915 4986 3170 5041 donatum
3215 4985 3318 5041 sibi
3350 5000 3380 5040 a
3408 4984 3608 5055 populo
3648 4993 3743 5037 nec

2157 5058 2834 5145 reiiudiatum_divinitatis
2872 5058 3134 5140 honorem
3145 5098 3163 5145 ,
3205 5056 3503 5145 tib‘angelo.
3521 5066 3784 5145 percit-in

2158 5142 2272 5204 sus,
2294 5144 2323 5183 a
2351 5129 2631 5204 vermibus
2657 5143 2931 5204 corruens,
2960 5130 3181 5204 interiit,
3208 5126 3328 5204 Aci.
3353 5125 3455 5204 sit,
3475 5125 3743 5204 ιρξερῃειε

2157 5193 2266 5252 lib.
2285 5215 2377 5255 xtx
2404 5199 2795 5269 Autiquitatum
2826 5193 3168 5255 Iudaicarum
3200 5214 3250 5254 c.
3278 5200 3332 5265 7,
3361 5193 3625 5269 Eusebius
3647 5193 3736 5269 lib.

2145 5285 2321 5339 ucap.
2351 5271 2405 5325 9.
2436 5266 2653 5326 Tertius
2682 5270 2916 5340 denique
2944 5269 3101 5341 huius
3130 5270 3272 5325 lilius
3304 5271 3540 5341 Agrippa
3559 5266 3739 5340 iunior

2142 5337 2343 5408 dictus,
2378 5343 2443 5397 tle
2485 5356 2593 5412 quo
2638 5342 2725 5397 hic
2772 5337 2965 5412 agitur,
3014 5337 3156 5410 apud
3197 5337 3376 5412 quem'
3403 5337 3735 5412 et'Festnm.

2141 5412 2346 5468 Iudaea:
2378 5410 2698 5489 praesidem)
2733 5410 2999 5489 praesente
3028 5414 3191 5467 etiam
3218 5410 3457 5489 Ber_nice
3485 5410 3738 5489 Agrippa:

2138 5499 2355 5549 sorore,
2380 5480 2581 5539 Paulus
2603 5498 2633 5538 a
2654 5480 2855 5539 Iudaeis
2873 5492 3180 5549 accusatus,
3204 5484 3511 5539 orationem
3542 5480 3737 5549 habuit

2137 5564 2195 5611 et
2215 5547 2433 5610 causam
2465 5569 2617 5609 suam
2647 5556 2775 5625 egit,
2806 5556 2927 5611 Act.
2960 5547 3171 5625 xxtv_et
3197 5570 3327 5610 xxv.
3357 5553 3461 5609 Hic
3494 5547 3738 5623 usquead

2138 5626 2516 5703 sitbversionem
2549 5623 3034 5703 Hierosolymorum
3070 5623 3277 5703 Iudam
3312 5642 3530 5697 regnum
3558 5627 3734 5703 tenuit,

2140 5697 2393 5822 liomtlmii
2442 5712 2642 5767 semper
2686 5695 2903 5767 amicus,
2952 5698 3027 5752 ait
3071 5695 3215 5752 Beda
3246 5698 3302 5753 in
3347 5695 3737 5753 conmentario

2140 5782 2255 5822 eius
2309 5783 2415 5822 oct.

2137 5782 2255 5843 eius
2290 5782 2415 5830 toct.
