3970 6344
230 313 299 372 In
1249 308 1341 365 DE
1379 302 1890 363 INUARNATIONE
1929 303 2201 365 CHRISTI
2239 306 2373 366 LIB.
2414 307 2505 368 ιιι.

228 428 381 487 simul
406 432 550 484 erant
582 441 602 483 :
628 440 904 498 amnesque
945 440 1038 481 nos
1066 440 1185 478 cum
1215 422 1581 478 decidissemus
1627 420 1679 475 in
1712 426 1816 474 ter-
1840 422 1896 483 Α
1922 420 2104 477 nantis
2145 422 2385 493 desuper
2426 424 2727 494 maiestatis
2769 434 3015 497 urgeret,
3048 426 3272 485 audires
3295 443 3517 503 quoque

235 521 570 593 "am,audiri
618 536 791 577 vocem
828 518 1081 574 dicentem
1129 517 1257 572 mihi
1306 514 1569 573 Hebraica
1617 514 1816 587 lingua,

231 616 414 683 Saufe,
449 614 631 681 Saule,
672 614 796 686 quid
834 629 914 667 me
960 612 1326 686 persequeris?
1379 612 1571 666 durum
1609 617 1681 665 est
1732 609 1822 663 tibi

232 717 407 763 contra
433 709 699 763 stimulum
728 706 1015 761 calcitrare.
1048 705 1163 779 Ego
1192 712 1367 761 autem
1390 704 1501 759 dixi
1531 720 1549 759 :
1580 703 1710 769 Quis
1741 720 1816 771 es,

224 776 488 855 ‘Domine?
517 799 770 855 Dominus
798 810 971 854 autem
1007 776 1140 855 dixit
1179 800 1246 853 ad
1285 816 1366 854 me
1392 798 1547 871 :Ego
1576 815 1691 853 sum
1721 796 1855 851 Je-.

229 914 312 951 sus
382 894 719 961 Nazareuus,
774 912 923 966 quem
964 906 1019 950 tu
1059 895 1375 967 persequeris
1422 895 1576 965 (Act.
1623 891 1812 962 tum).

210 989 391 1048 lVides
419 990 561 1061 quod
588 1005 714 1045 eum
745 989 1059 1059 Apostolus,
1095 1004 1253 1060 quem
1290 989 1343 1044 in
1372 997 1523 1044 tanto
1549 987 1813 1057 majesta-

221 1083 289 1137 tis
320 1082 537 1153 fulgore
569 1081 801 1149 viderat,
832 1090 980 1139 recte
1002 1082 1113 1153 jam
1155 1098 1215 1139 se
1252 1083 1549 1139 secundum
1590 1097 1813 1138 carnem

217 1190 329 1231 non
359 1191 525 1232 nosse
560 1175 804 1231 dicebat.
834 1176 970 1231 Cum
998 1176 1143 1233 enim
1164 1176 1331 1247 jubar
1359 1176 1489 1231 illud
1530 1175 1699 1231 divini
1733 1175 1813 1230 lu-

214 1272 381 1327 minis
404 1272 547 1344 quod
578 1274 851 1328 sustinere
878 1287 987 1327 non
1022 1273 1217 1341 potuit,
1249 1272 1303 1327 in
1328 1273 1445 1342 ipsa
1465 1271 1548 1327 sui
1577 1279 1809 1340 prestra-

212 1364 363 1418 tione
405 1364 653 1431 vidisset,
686 1379 793 1421 vox
831 1364 949 1422 haec
986 1374 1173 1421 secuta
1227 1374 1311 1420 est
1345 1382 1358 1418 :
1391 1364 1578 1432 Saule,
1613 1362 1801 1429 Saute,

208 1458 336 1530 quid
380 1475 462 1514 me
500 1461 859 1531 persequeris?
888 1460 987 1515 Cui
1031 1457 1302 1530 quaerenti
1340 1462 1461 1528 quis
1510 1466 1673 1523 esset,
1733 1460 1807 1512 ita

208 1553 451 1609 evidenti
502 1554 767 1609 Dominus
812 1568 1065 1624 personae
1107 1566 1222 1608 suae
1272 1551 1671 1622 significatione
1713 1566 1804 1606 re-

206 1648 427 1719 spondit
460 1667 474 1701 :
510 1646 626 1721 Ego
666 1666 783 1703 sum
818 1646 976 1704 Jesus
1002 1648 1337 1716 Nazarenus,
1362 1664 1512 1718 quem
1545 1658 1599 1701 tu
1631 1664 1805 1719 perse-

204 1740 392 1810 queris.
424 1740 530 1808 Te,
562 1749 638 1807 te,
666 1741 908 1811 inquam,
942 1740 1219 1809 bteretice,
1249 1754 1394 1795 nunc
1416 1741 1717 1809 interrogo,
1752 1749 1805 1794 te

1928 514 2058 571 illud
2090 515 2144 572 in
2169 526 2313 573 tanta
2347 519 2543 574 mentis
2565 519 2881 576 confusione
2906 519 3129 592 dignum
3161 522 3387 593 perfidia
3420 532 3510 579 tua

1925 626 2151 679 nomen,
2178 610 2364 679 Saule,
2398 613 2583 682 Saufe,
2611 616 2737 686 quid
2768 632 2847 670 me
2887 618 3240 688 persequeris?
3268 628 3321 673 et
3360 632 3510 690 qua?-

1922 707 2063 762 renti
2090 707 2181 761 tibi
2207 708 2328 777 quis
2355 716 2523 775 esset,
2548 710 2973 781 responderetur
2995 729 3022 764 a
3052 710 3191 768 coelo
3220 730 3231 765 :
3257 711 3369 783 Ego
3393 726 3511 767 sum

1920 798 2073 856 Iesus
2108 800 2437 868 Nazarenus,
2461 819 2611 872 quem
2634 812 2689 857 tu
2720 806 3068 876 persequeris;
3090 805 3217 877 quid
3261 805 3509 861 dict-res?

1920 894 2138 964 Nescio,
2197 910 2305 950 non
2349 895 2415 950 ad
2463 895 2683 966 plenum
2744 897 2921 953 adhuc
2969 897 3154 966 credo,
3204 897 3508 954 deliberare

1918 989 2153 1058 amplius
2207 1003 2417 1045 mecum
2472 990 2596 1043 volo
2644 1004 2803 1059 quem
2871 998 2925 1045 te
2987 1005 3110 1047 esse
3165 989 3501 1057 existimem,

1916 1083 2008 1154 qui
2057 1097 2088 1138 e
2146 1082 2289 1139 ctelo
2344 1083 2605 1154 loqueris,
2663 1085 2750 1153 qui
2804 1098 2891 1138 me
2944 1084 3150 1155 fulgore
3210 1094 3317 1140 tute
3366 1083 3506 1139 divi-

1918 1176 2104 1233 nitatis
2126 1176 2334 1246 obruis,
2360 1179 2513 1247 cujus
2544 1192 2729 1233 vocem
2759 1178 2921 1234 audio
2951 1186 3007 1234 et
3031 1178 3368 1249 majestatem
3397 1178 3504 1233 fer-

1916 1286 1976 1327 re
2026 1286 2131 1326 non
2164 1286 2405 1341 possum.
2439 1269 2799 1325 Tractandum
2846 1269 2978 1324 mihi
3018 1270 3087 1326 de
3134 1270 3237 1326 hoc
3285 1271 3501 1341 negotio

1914 1372 2019 1430 est,
2049 1364 2379 1421 credendum
2424 1364 2519 1419 tibi
2549 1367 2639 1433 sit,
2672 1380 2741 1419 an
2782 1378 2888 1420 non
2931 1363 3293 1429 credendum;
3333 1363 3495 1418 Chri-

1913 1472 2031 1517 stus
2054 1463 2130 1517 sis
2148 1470 2312 1527 tu,an
2338 1461 2482 1517 Deus
2511 1461 2587 1516 :si
2620 1460 2761 1515 Deus
2791 1459 2941 1517 solus
2970 1459 3146 1526 sis,an
3168 1458 3222 1513 in
3255 1457 3492 1524 Christo;

1911 1556 1958 1610 si
1987 1554 2237 1610 Christus
2268 1555 2418 1610 solus
2446 1558 2543 1621 sis,
2574 1569 2640 1608 an
2674 1554 2728 1609 in
2758 1553 2893 1610 Deo.
2922 1552 3319 1608 Discretionem
3352 1551 3492 1606 hanc

1909 1650 2182 1704 subtiliter
2234 1647 2511 1703 observari
2545 1656 2602 1704 et
2645 1646 2938 1717 diligenter
2982 1643 3317 1701 considerari
3349 1640 3477 1697 volo

1909 1741 2041 1809 quid
2069 1740 2373 1796 credendus
2400 1741 2495 1806 sis,
2528 1739 2657 1811 quid
2697 1738 3026 1809 iudicandus
3056 1739 3155 1793 sis.
3179 1735 3315 1792 Nolo
3349 1734 3499 1790 enim

201 1832 421 1903 appello
449 1853 463 1886 :
501 1834 681 1892 credis
708 1836 778 1889 de
800 1850 862 1890 se
887 1835 1167 1903 Apostolo,
1198 1844 1293 1889 aut
1321 1849 1426 1889 non
1456 1832 1675 1889 credis?
1696 1833 1803 1889 Aut
1832 1841 1881 1901 Β
1908 1834 2115 1904 aliquid
2143 1834 2211 1890 de
2237 1834 2421 1889 ofﬁcio
2460 1848 2581 1889 meo
2624 1833 2874 1904 perdere,
2909 1841 2967 1888 ut
3002 1847 3124 1888 cum
3155 1839 3208 1886 te
3238 1840 3295 1885 ut
3325 1829 3498 1885 homi-

199 1929 241 1983 si
282 1945 482 1998 parum
518 1929 570 1984 id
602 1930 863 1996 aestimas,
895 1929 1075 1986 credis
1106 1930 1175 1985 de
1202 1944 1262 1985 se
1290 1928 1543 1994 Domino,
1572 1936 1665 1982 aut
1690 1943 1800 1984 non

198 2020 384 2076 credis
405 2022 431 2075 ?
461 2023 520 2076 Si
547 2024 747 2091 credis,
780 2021 927 2078 finita
958 2025 1190 2094 quaestio
1229 2029 1334 2079 est.
1370 2022 1487 2077 Hoc
1517 2022 1661 2076 enim
1706 2036 1801 2077 ne-

198 2126 350 2169 cesse
414 2123 509 2169 est
552 2115 697 2185 quod
744 2130 845 2171 nos
886 2115 1181 2182 credimus,
1208 2115 1426 2187 credas.
1475 2115 1586 2171 Nos
1627 2116 1795 2185 enim,

204 2205 346 2275 iuxta
378 2207 736 2275 Apostolum,
769 2219 815 2262 et
865 2208 909 2263 si
939 2209 1267 2280 cognovimus
1312 2207 1576 2263 Christum
1618 2226 1801 2264 secun-

214 2298 323 2352 dum
345 2315 580 2366 carnem,
609 2302 700 2355 sed
732 2318 869 2355 nunc
907 2304 1016 2373 iam
1048 2318 1152 2355 non
1194 2301 1447 2355 novimus.
1482 2300 1590 2357 Nos
1628 2299 1796 2357 Chri-

212 2400 343 2446 stum
374 2394 735 2449 contumeliis
763 2409 869 2449 non
898 2393 1191 2463 allicimus,
1227 2409 1326 2450 nos
1362 2408 1581 2449 carnem
1622 2409 1650 2448 a
1684 2396 1798 2450 Deo

203 2500 305 2539 non
328 2500 682 2556 separamus,
711 2498 764 2544 et
795 2497 966 2544 totum
991 2488 1132 2560 quod
1162 2488 1413 2545 Christus
1444 2498 1551 2558 est,
1583 2504 1706 2546 esse
1739 2492 1794 2546 in

207 2579 310 2636 Deo
340 2582 740 2638 credimus.1‘u
769 2599 901 2655 ergo
933 2585 977 2639 si
1013 2584 1160 2639 idem
1191 2583 1331 2653 quod
1361 2599 1459 2639 nos
1489 2585 1798 2653 credimus,

208 2674 397 2741 credis,
420 2675 617 2731 eadem
651 2692 875 2733 necesse
906 2686 987 2733 est
1021 2676 1144 2732 fidei
1177 2688 1521 2732 sacramenta
1548 2677 1793 2735 fatearis.

210 2767 260 2822 Si
282 2778 460 2823 autem
496 2784 525 2823 a
560 2770 718 2825 nobis
738 2769 990 2835 dissides,
1015 2771 1059 2825 si
1088 2785 1265 2839 neque
1298 2770 1584 2837 Ecciesiis,
1613 2787 1790 2843 neque

214 2860 467 2930 apostolo,
503 2876 683 2933 neque
716 2861 817 2932 ipsi
844 2862 1078 2934 denique
1123 2862 1191 2919 de
1234 2877 1295 2918 se
1327 2862 1440 2919 Deo
1464 2863 1667 2930 credis,
1699 2880 1793 2919 os-

214 2953 361 3008 tende
389 2956 549 3009 nobis
597 2956 650 3009 in
697 2956 798 3011 hoc
841 2956 986 3027 quod
1033 2956 1332 3027 Apostolus
1370 2956 1527 3023 vidit,
1560 2958 1687 3028 quid
1721 2959 1794 3013 sit

215 3060 350 3111 caro,
380 3055 434 3101 et
480 3047 609 3118 quid
665 3048 736 3102 sit
783 3047 946 3104 Deus.
998 3049 1110 3120 Ego
1161 3049 1308 3105 enim
1357 3049 1443 3104 hic
1472 3050 1792 3106 discernere

218 3137 333 3193 nihil
359 3140 552 3195 valeo:
573 3140 736 3196 video
767 3140 1096 3197 ineffabilem
1122 3142 1599 3208 illuminationem,
1626 3142 1791 3199 video

1909 1945 2032 1986 nem
2060 1928 2383 1997 despiciam,
2417 1927 2621 1998 aliquid
2656 1928 2752 1983 tibi
2798 1926 2962 1982 divini
3010 1925 3235 1982 honoris
3290 1925 3497 1995 impen-

1904 2024 2053 2080 dam.
2081 2022 2139 2079 Si
2179 2038 2309 2093 ergo
2353 2030 2415 2077 ut
2452 2022 2651 2077 Paulus
2683 2032 2808 2077 tunc
2837 2018 3121 2091 apostolus
3140 2017 3334 2089 jacuit.
3364 2033 3494 2089 pro-

1903 2129 2108 2175 stratus
2137 2117 2284 2173 bumi
2310 2119 2618 2188 jaceres,et
2646 2117 2858 2187 fulgore
2887 2114 3056 2171 divini
3086 2113 3305 2168 luminis
3332 2112 3491 2167 obru-

1904 2219 1993 2266 tus
2038 2220 2315 2267 extremos
2346 2210 2569 2281 spiritus
2617 2223 2829 2281 ageres,
2870 2207 2988 2263 haec
3037 2206 3217 2262 forsan
3259 2206 3491 2270 diceres,

1904 2304 2009 2359 hac
2067 2304 2241 2358 otiosa
2287 2302 2633 2373 loquacitatis
2694 2300 3015 2371 garrulitate
3057 2299 3329 2370 gannires.
3383 2295 3491 2354 Sed

1902 2400 2029 2473 quid
2070 2400 2295 2455 facimus
2316 2401 2340 2453 τ
2363 2397 2507 2469 quod
2548 2397 2694 2452 aliud
2725 2407 2853 2451 tunc
2883 2394 3146 2466 Apostolo
3170 2394 3345 2447 visum
3386 2400 3490 2446 est.

1901 2496 2115 2551 Etcum
2146 2504 2381 2549 tremens
2411 2507 2473 2547 ac
2500 2491 2838 2547 semianimis
2862 2488 3211 2554 concidisset,
3240 2485 3491 2541 dissimu-

1902 2591 2122 2646 landum
2158 2589 2298 2644 ultra
2344 2604 2452 2643 non
2494 2587 2736 2652 censuit,
2791 2583 3209 2640 deliberandum
3261 2581 3491 2650 amplius

1901 2699 2011 2737 non
2043 2683 2279 2753 putavit;
2309 2680 2627 2751 suffecitque
2658 2679 2704 2733 ei
2754 2677 2898 2749 quod
2933 2674 3296 2732 ineliabilibus
3325 2689 3490 2743 expe-

1900 2780 2153 2836 rimentis
2202 2793 2362 2850 quem
2422 2777 2679 2847 ignorans
2731 2774 3012 2828 hominem
3062 2786 3184 2827 esse
3231 2768 3486 2837 credidit,

1899 2872 2213 2927 admonitus
2253 2872 2422 2925 Deum
2463 2883 2587 2923 esse
2622 2866 2879 2938 cognovit
2916 2880 3064 2921 :non
3101 2861 3483 2929 dissimulavit,

1898 2982 2007 3023 non
2035 2965 2285 3029 distulit;
2328 2977 2430 3018 nec
2471 2961 2609 3017 male
2646 2972 2968 3030 conceptum
3011 2972 3253 3015 errorem
3286 2953 3487 3010 infideli

1898 3060 2129 3130 amplius
2156 3056 2554 3112 deliberatione
2583 3052 2893 3124 suspendit,
2923 3052 3021 3107 sed
3049 3050 3235 3105 audito
3263 3063 3293 3104 e
3332 3046 3488 3103 caelis

1898 3154 2028 3209 Jesu
2058 3152 2267 3207 Domini
2296 3151 2376 3205 sui
2402 3150 2642 3216 nomine,
2670 3146 2886 3202 subdita
2905 3155 2963 3199 ut
2987 3144 3243 3209 famulus,
3276 3141 3486 3211 trepida

220 3234 645 3303 inexplicabilem
668 3237 996 3305 claritatem,
1028 3239 1187 3294 video
1217 3239 1571 3309 splendorem
1598 3238 1789 3294 huma«
1818 3230 1866 3296 C
1900 3258 1959 3304 ut
1989 3246 2316 3316 ﬂagellatus,
2349 3244 2548 3299 devota
2579 3251 2642 3297 ut
2668 3254 2965 3296 conversus
2994 3253 3131 3293 voce
3161 3234 3440 3307 respondit
3472 3254 3485 3290 :

218 3345 287 3382 nae
321 3328 601 3401 fragilitati
641 3331 1069 3400 intolerabilem,
1104 3342 1161 3389 et
1188 3350 1350 3404 supra
1383 3334 1439 3389 id
1468 3334 1612 3405 quod
1642 3334 1789 3391 ferre

216 3425 454 3480 mortales
500 3426 645 3481 oculi
676 3437 905 3498 queunt,
939 3428 1372 3484 inaestimabilem
1415 3429 1786 3499 maiestatem,

215 3515 297 3571 Dei
341 3517 455 3573 luce
486 3517 801 3589 fulgentem.
848 3520 980 3589 Qua)
1012 3520 1103 3577 hic
1132 3521 1353 3590 divisio,
1383 3536 1503 3592 quae
1543 3520 1632 3577 hic
1677 3521 1788 3576 dis-

210 3611 366 3667 cretio
413 3613 537 3668 est?
567 3613 625 3669 In
669 3630 800 3671 voce
843 3614 1027 3671 Jesum
1074 3614 1345 3683 audimus,
1394 3616 1449 3670 in
1500 3616 1787 3686 majestate

209 3704 365 3760 Deum
409 3708 723 3775 cernimus;
757 3708 884 3780 quid
916 3716 999 3764 est
1041 3709 1210 3777 aliud,
1238 3710 1339 3765 nisi
1381 3721 1440 3765 ut
1467 3711 1519 3765 in
1552 3727 1656 3766 uua
1688 3726 1787 3767 ea-

206 3798 426 3869 demque
450 3800 755 3856 substantia
789 3801 959 3856 Deum
991 3810 1047 3856 et
1090 3801 1275 3857 Jesum
1308 3818 1429 3859 esse
1472 3803 1785 3858 credamus?

206 3890 331 3947 Volo
363 3905 541 3950 tamen
573 3894 643 3950 de
691 3895 792 3950 hoc
824 3894 1017 3951 eodem
1059 3895 1237 3951 adhuc
1288 3895 1497 3967 aliquid
1540 3896 1681 3967 apud
1730 3906 1784 3952 te

208 3983 363 4053 loqui.
416 3986 513 4041 Dic
560 3987 714 4054 mihi,
747 4003 955 4058 qumso,
995 3989 1042 4044 si
1092 3989 1186 4044 tibi
1237 4005 1383 4045 nunc
1430 3992 1782 4059 persequenti

208 4078 352 4133 fidem
382 4080 709 4137 catholicam
739 4081 791 4136 id
830 4093 1117 4153 appareret
1149 4083 1293 4154 quod
1325 4084 1597 4155 ignoranti
1638 4087 1784 4156 Apo-

205 4171 332 4226 stolo
350 4180 476 4228 tunc
504 4174 837 4245 apparuit,si
866 4190 917 4232 te
939 4176 1309 4247 inopinantem
1334 4187 1497 4249 atque
1523 4194 1779 4235 securum

204 4260 366 4333 fulgor
390 4264 481 4320 ille
507 4265 894 4338 circumdaret,
929 4276 986 4324 et
1024 4269 1334 4338 perculsum
1367 4282 1531 4341 atque
1564 4280 1778 4341 perter-

201 4356 348 4411 ritum
381 4359 644 4428 splendor
672 4361 920 4416 immensi
956 4362 1178 4417 luminis
1207 4372 1610 4434 consterneret,
1632 4365 1779 4436 iace-

204 4463 384 4521 resque
414 4451 466 4506 in
498 4452 737 4508 tenebris
756 4454 1037 4510 oculorum
1070 4464 1235 4526 atque
1265 4472 1513 4513 errorum
1536 4468 1773 4526 tuorum,

197 4557 323 4611 quas
368 4545 459 4600 tibi
520 4547 814 4602 immensas
865 4559 919 4603 et
961 4548 1264 4605 ineffabiles
1294 4553 1571 4621 angustias
1606 4568 1774 4621 pavor

198 4638 382 4691 mentis
409 4643 663 4707 augeret!
696 4640 791 4694 Dic
844 4640 1001 4706 mihi,
1034 4642 1286 4709 obsecro,
1323 4660 1443 4697 cum
1479 4654 1533 4698 te
1588 4646 1767 4701 immi-

196 4730 363 4785 nentis
401 4733 596 4788 mortis
632 4731 868 4789 formido
912 4743 1204 4805 premeret,
1240 4743 1296 4791 et
1327 4744 1502 4791 terror
1540 4741 1771 4794 commi-

1901 3340 2040 3406 Quid
2068 3340 2285 3409 faciam,
2314 3335 2579 3391 Domine?
2604 3334 2793 3405 itaque
2824 3332 3167 3402 paratissima
3210 3343 3273 3383 ac
3314 3327 3487 3383 devo-

1903 3433 2112 3489 tissima
2142 3430 2247 3487 fide
2280 3431 2332 3485 id
2363 3430 2545 3485 statim
2580 3427 2799 3493 meruit,
2828 3436 2884 3480 ut
2910 3440 3074 3495 quem
3106 3421 3340 3478 ﬁdeliter
3368 3436 3487 3476 cre-

1895 3526 2050 3593 didit,
2080 3542 2146 3582 eo
2173 3528 2292 3596 ipso
2312 3524 2515 3596 jugiter
2549 3540 2655 3578 non
2682 3530 2930 3587 careret;
2953 3529 3007 3574 et
3028 3518 3097 3574 ad
3130 3532 3291 3589 quem
3320 3516 3485 3571 corde

1895 3622 2209 3687 transierat,
2262 3621 2308 3674 is
2360 3619 2412 3673 in
2454 3633 2549 3673 cor
2594 3617 2714 3686 ejus
2763 3617 2879 3685 ipse
2936 3613 3218 3679 transiret,
3267 3611 3486 3665 dicente

1891 3717 2012 3786 ipso
2038 3714 2107 3770 de
2158 3729 2217 3769 se
2258 3712 2521 3783 Apostoio
2553 3728 2566 3765 :
2600 3712 2682 3765 An
2731 3709 3133 3781 experimentum
3164 3715 3191 3742 ⁸
3233 3704 3470 3776 ᾳιιαετὶιὶε

1890 3810 2002 3881 ejus
2023 3810 2111 3880 qui
2142 3809 2195 3862 in
2222 3824 2298 3863 me
2323 3807 2575 3876 loquitur,
2606 3803 2842 3861 Christus
2870 3801 3076 3875 (llCor.
3111 3800 3271 3868 xm)?

2490 3961 2720 4020 CAPUT
2757 3960 2866 4016 Vll.

1888 4063 2015 4118 Aliis
2055 4077 2263 4116 rursum
2295 4059 2530 4130 Apostoli
2561 4055 2860 4139 testimoniis
2887 4052 3150 4109 Christum
3179 4048 3345 4105 Deunt
3368 4061 3481 4103 esse

2517 4136 2838 4201 pronuntiat.

1955 4272 2073 4339 Quo
2111 4272 2233 4325 loco
2275 4269 2419 4333 volo,
2470 4265 2747 4330 hzeretice,
2782 4272 2839 4319 ut
2869 4262 3001 4317 mibi
3039 4261 3296 4325 disseras,
3330 4256 3473 4312 hunc

1881 4382 2041 4438 quem
2082 4364 2228 4434 loqui
2266 4360 2584 4431 Apostolum
2628 4358 2770 4411 intra
2815 4370 2875 4411 se
2914 4354 3077 4419 dicit,
3112 4353 3274 4407 homo
3303 4351 3375 4406 sit
3403 4364 3474 4405 an

1885 4460 2058 4514 Deus?
2082 4458 2137 4513 Si
2170 4457 2354 4519 homo,
2380 4451 2651 4524 quomodo
2681 4451 2732 4504 in
2759 4448 2925 4506 corde
2956 4448 3072 4519 ejus
3097 4459 3301 4515 corpus
3324 4442 3475 4515 loqui

1881 4561 2089 4622 poterat
2112 4549 2373 4605 alterius?
2405 4548 2459 4605 Si
2492 4547 2657 4613 Deus,
2691 4559 2823 4613 ergo
2844 4543 2954 4613 jam
2985 4556 3091 4596 non
3123 4539 3288 4594 homo
3313 4536 3476 4592 Chri-

1800 4624 1851 4683 D
1880 4655 2015 4711 stus,
2051 4643 2145 4699 sed
2178 4643 2323 4699 Deus
2347 4660 2361 4695 :
2387 4641 2511 4712 quia
2541 4654 2664 4693 cum
2692 4638 2906 4692 loculus
2934 4635 2987 4689 in
3019 4628 3286 4702 Apostolo
3313 4627 3473 4685 Chri-

1881 4748 1995 4794 stus
2016 4740 2107 4803 sit,
2132 4748 2186 4793 et
2216 4736 2240 4774 b
2268 4736 2413 4807 loqui
2448 4736 2499 4790 in
2529 4748 2594 4790 co
2625 4746 2730 4787 non
2761 4728 2999 4802 potuerit
3023 4726 3126 4782 nisi
3154 4725 3319 4791 Deus,
3343 4738 3474 4793 ergo

1251 4843 1509 4901 ALAllDl
1544 4846 1778 4903 GAZAEI
1815 4848 2385 4905 COMMENTARIUS.

252 4942 277 4970 ι
313 4931 426 4988 Hoc
454 4942 559 5007 est,
596 4935 759 4993 vultis
788 4936 1170 5007 experimento
1202 4937 1433 5007 probare
1463 4949 1659 5007 quanta
1701 4944 1771 4996 sit

187 5014 416 5073 potestas
442 5005 728 5082 judiciaria
756 5008 887 5062 mihi
916 5023 945 5061 a
972 5005 1190 5063 Christo
1205 5005 1408 5064 collata
1429 5052 1441 5070 .
1476 5005 1566 5082 qui
1598 5012 1649 5065 iu
1680 5028 1767 5068 me

184 5088 232 5130 et
258 5093 351 5143 per
372 5092 458 5158 me
488 5078 746 5158 linquitur,
776 5090 833 5133 ut
867 5095 963 5147 per
998 5094 1152 5158 suum
1197 5078 1509 5135 tuiniSIrum
1535 5095 1586 5137 et
1610 5099 1768 5154 orga-

185 5164 302 5203 num
332 5165 347 5204 :
374 5150 516 5202 sicut
545 5164 643 5205 rex
676 5152 725 5205 in
762 5165 861 5205 suo
889 5150 1121 5205 CthlliO
1156 5161 1210 5205 et
1238 5164 1425 5207 senatu
1458 5165 1511 5208 et
1546 5170 1641 5220 per
1678 5150 1765 5211 se-

184 5223 541 5295 uatum_|oqui
574 5234 631 5295 et
669 5222 964 5295 decernere
994 5222 1194 5277 dicitur
1235 5225 1488 5295 quidquid
1524 5234 1761 5292 senatus,

183 5292 498 5347 auctoritate
524 5294 687 5362 regis,
713 5293 950 5359 lotiuitur
969 5294 1310 5349 etdecernit.
1346 5292 1409 5348 D'.
1446 5299 1764 5355 Ambrosius

185 5362 342 5439 legit:
379 5363 651 5439 Quomodo
695 5367 1057 5439 probationem
1087 5367 1316 5439 quwritis
1352 5371 1465 5439 ejus
1492 5371 1575 5437 qui
1603 5371 1653 5422 in
1686 5386 1764 5423 me

186 5434 401 5510 loquitur
435 5433 715 5510 Christus?
741 5450 849 5491 etc.
894 5437 959 5491 Et
984 5438 1163 5490 subdit
1194 5454 1205 5489 :
1242 5433 1602 5493 Prob'ationem
1634 5457 1773 5510 quc-

184 5504 515 5582 runt__Christi
533 5509 801 5582 loquentis
837 5510 889 5561 in
917 5510 1186 5582 Apostolo,
1217 5510 1340 5562 dum
1367 5504 1769 5582 prceceptis'non

187 5576 436 5652 obediunt,
456 5579 686 5633 volentes
714 5576 1012 5652 probare,si
1039 5582 1174 5634 ausit
1205 5576 1487 5649 vindicare,
1517 5576 1571 5635 ut
1602 5601 1692 5652 per
1714 5584 1768 5637 id

183 5648 487 5718 intelligatur
534 5666 646 5705 esse
697 5651 812 5705 fida:
864 5652 1204 5719 auctoritatis,
1254 5668 1316 5706 ac
1364 5653 1428 5707 de
1474 5648 1659 5710 stetere
1699 5657 1765 5710 li-

183 5732 389 5775 ιιωησ.

246 5791 270 5830 ⁵
310 5793 619 5882 Quomodo,
654 5796 884 5882 inquies,
920 5811 1042 5882 non.
1060 5799 1233 5882 potuit
1276 5797 1506 5882 quuioin
1538 5812 1625 5882 eo,
1659 5798 1762 5882 nisi

186 5864 333 5939 Deus,
366 5878 490 5926 cum
512 5875 571 5925 et
594 5864 775 5945 angeli
804 5868 857 5951 in
889 5864 1171 5947 prophetis
1197 5864 1363 5929 locuti
1392 5872 1531 5939 sint,
1559 5868 1761 5931 Zacha-

1876 4943 1969 4996 riae
2001 4958 2036 4997 tt
2072 4960 2085 4998 :
2122 4942 2349 5013 Angelus
2392 4944 2481 5012 qui
2525 4940 2829 5013 loquebatur
2872 4940 2925 4992 in
2963 4952 3069 5013 me,
3098 4945 3168 5013 _et
3196 4934 3475 5013 daemones

1876 5015 2175 5082 smpissime
2206 5007 2506 5084 loquantur
2554 5007 2606 5067 in
2657 5009 3051 5066 dmmoniacis?
3096 5007 3425 5084 ReSpondeo
3458 5026 3471 5061 :

1876 5079 2303 5155 Argumentatur
2328 5089 2531 5140 Auctor
2561 5100 2625 5139 ex
2655 5085 2977 5152 suppositis;
3012 5080 3293 5155 suppoui_t_
3324 5079 3467 5132 enirn

1874 5151 2015 5226 quod
2057 5161 2219 5211 etiam
2262 5168 2345 5212 est
2374 5151 2784 5226 supponendum
2805 5197 2819 5221 ,
2855 5154 3128 5209 Christum
3159 5151 3250 5226 qui
3279 5151 3467 5226 loque-

1874 5221 2031 5281 liatur
2064 5230 2114 5281 in
2166 5221 2456 5298 Apostolo,
2482 5221 2599 5281 'non
2652 5240 2777 5298 esse
2804 5227 3077 5298 angelum,
3128 5225 3325 5277 nedum
3353 5221 3469 5298 dia-

1874 5300 2077 5361 bolum,
2109 5292 2252 5369 quo'd
2285 5292 2457 5369 neque
2499 5297 2749 5353 Nestorio
2792 5292 2937 5352 venit
2975 5297 3027 5351 in
3059 5304 3317 5369 utentem.
3354 5292 3465 5369 Hoc

1872 5362 2169 5441 supposito,
2212 5362 2437 5427 necesse
2483 5370 2582 5425 fuit
2622 5370 2933 5435 Christum,
2981 5368 3071 5438 qui
3115 5368 3167 5421 in
3201 5362 3466 5441 Apostofo

1881 5434 2220 5513 loquebatur,
2248 5453 2513 5517 AﬂlltifBSSe
2543 5443 2728 5517 Deum,
2759 5434 3038 5517 autcerfe
3070 5454 3273 5517 purum.
3295 5434 3466 5517 homio

1878 5506 2025 5579 nem,
2044 5523 2100 5568 ut
2122 5506 2336 5570 volebat
2365 5513 2667 5570 Nestorius.
2698 5514 2768 5566 At
2795 5512 2839 5565 si
2865 5513 3027 5567 homo
3056 5506 3219 5579 purus
3250 5506 3464 5575 luisset,

1875 5601 1980 5640 non
2015 5590 2280 5657 potuisset
2303 5587 2447 5655 loqui
2478 5588 2528 5640 in
2553 5585 2840 5653 Apostoio,
2865 5584 3115 5652 quoniam
3142 5582 3466 5657 oportuisset

1873 5653 2142 5712 eum-suo
2182 5653 2409 5724 corpore
2462 5669 2747 5727 penetrare
2790 5670 2988 5723 corpus
3022 5653 3286 5727 Apustoli,
3317 5653 3464 5727 quod

1871 5731 2165 5784 secundum
2198 5740 2444 5784 naturam
2468 5725 2539 5783 et
2580 5729 2812 5783 humana
2855 5727 3051 5780 virtute
3097 5725 3210 5779 fieri
3254 5725 3463 5794 nequit;

1870 5812 1987 5855 erat
2024 5802 2186 5871 igitur
2211 5800 2460 5857 Christus
2492 5804 2653 5868 Deus,
2697 5799 2787 5872 qui
2823 5798 3146 5872 loquebatur
3188 5796 3242 5854 in
3268 5795 3457 5870 Paulo,

1867 5882 1921 5933 et
1956 5887 2058 5931 non
2098 5888 2263 5953 purus
2304 5874 2487 5933 homo.
