3970 6344
1867 340 2146 400 JOANNIS
2183 341 2498 402 CASSIANI
3761 337 3821 395 σι

533 449 688 509 Pauli
720 451 951 524 apostoli
975 453 1321 526 praedicatio,
1351 465 1442 511 aut
1487 458 1710 529 paganis
1751 461 2004 528 stultitia,
2031 467 2203 529 autA
2227 475 2334 521 tus.
2385 465 2477 521 llle
2513 479 2673 536 quem
2703 463 2875 520 Judaei
2918 462 3169 520 insectati
3213 467 3375 530 sunt,
3415 471 3582 530 quem
3613 460 3822 531 gentiles

533 539 741 601 Judais
769 546 1085 602 scandalum
1112 547 1254 603 fuit?
1282 550 1542 620 numquid
1576 564 1824 624 patuerat
1844 555 2124 614 offendere

535 635 807 705 homines,
828 641 873 696 si
897 639 1194 708 Christum,
1226 651 1284 698 ut
1315 651 1371 699 tu
1411 648 1638 712 asseris,
1669 650 1971 705 solitarium
2003 667 2124 709 esse

537 729 814 789 hominem
841 736 1002 790 etiam
1048 735 1163 807 ipse
1208 736 1521 796 docuisset?
1551 743 1639 797 cui
1679 744 1824 798 enim
1870 746 2126 802 nativitas

533 827 704 894 illius,
721 828 806 885 cui
836 829 1148 900 passio,cui
1178 834 1436 902 crux,cui
1461 836 1765 907 peremptio
1788 837 2124 896 incredibilis

538 929 634 977 aut
660 920 847 992 gravis
870 936 997 978 esse
1024 927 1332 992 potuisset?
1352 939 1439 983 aut
1465 930 1594 1000 quid
1623 932 1750 986 novi
1781 932 1865 987 vel
1895 934 2124 990 inauditi

534 1015 661 1072 inse
674 1015 826 1071 Pauli
847 1017 1165 1088 praedicatio
1182 1020 1466 1092 habuerat,
1484 1024 1527 1078 si
1544 1024 1593 1079 id
1610 1041 1827 1096 passum
1845 1027 2124 1085 hominem

533 1107 808 1165 Christum
831 1125 955 1168 esse
984 1112 1238 1183 dixisset,
1271 1117 1416 1186 quod
1447 1117 1648 1188 passim
1671 1121 1914 1191 quotidie
1943 1122 1997 1177 in
2031 1123 2127 1178 lto-

532 1201 773 1260 minibus
795 1206 1039 1263 conditio
1066 1207 1300 1264 humana
1331 1211 1624 1268 toleraret?
1647 1212 1752 1269 Sed
1784 1213 1915 1270 illud
1945 1219 2128 1286 utique

533 1308 653 1354 erat
678 1299 821 1370 quod
852 1303 1069 1372 gentilis
1097 1304 1326 1361 stultitia
1360 1321 1472 1363 non
1497 1309 1840 1378 recipiebat,
1871 1309 2130 1380 quodJu-

535 1390 691 1448 daica
721 1393 1014 1452 inﬁdelitas
1043 1399 1356 1468 respuebat,
1404 1400 1550 1470 quod
1598 1401 1873 1457 Christum
1908 1405 2128 1474 utique,

533 1500 696 1556 quem
717 1485 824 1556 illi,
853 1497 911 1543 ut
946 1500 1023 1556 tu,
1055 1490 1357 1546 solitarium
1389 1491 1665 1550 hominem
1702 1495 2124 1565 arbitrabantur,

533 1579 827 1652 Apostolus
861 1581 1027 1639 Deum
1060 1599 1182 1640 esse
1209 1584 1448 1642 dicebat.
1481 1586 1599 1644 Hoc
1622 1597 1741 1644 erat
1771 1589 1954 1660 utique
1984 1590 2131 1661 quod

533 1675 828 1748 impiorum
864 1691 1057 1734 sensus
1077 1679 1354 1736 refutabat
1374 1725 1388 1750 ,
1420 1682 1568 1753 quod
1611 1681 1943 1753 perfidorum
1969 1699 2130 1740 aures

534 1768 680 1827 ferre
731 1786 839 1826 non
888 1779 1177 1841 poterant,
1232 1772 1288 1828 in
1319 1774 1538 1830 homine
1585 1773 1713 1831 Jesu
1764 1774 1984 1831 Christo
2037 1776 2130 1832 Dei

2227 560 2482 625 riserunt,
2515 574 2675 630 quem
2710 568 2767 614 tu
2804 572 2928 614 cum
2967 557 3073 612 illis
3104 557 3234 627 ipse
3267 553 3674 626 persequeris;
3703 553 3785 610 ille
3810 595 3823 621 ,

2227 656 2472 728 inquam,
2501 656 2590 726 qui
2617 663 2673 710 et
2699 654 2919 725 paganis
2949 652 3187 709 stultitia
3221 658 3339 719 est,
3375 655 3434 705 et
3462 645 3668 705 Iudaeis
3692 663 3827 705 scan-

2227 751 2503 821 dalum,et
2527 750 2620 805 tibi
2651 757 2969 818 utrumque;
2997 747 3107 814 ille,
3127 747 3394 817 inquam,
3420 750 3511 798 est
3535 740 3634 798 Dei
3655 742 3827 809 virtus,

2227 856 2281 901 et
2312 845 2409 900 Dei
2459 844 2745 915 sapientia.
2795 842 2933 910 Quid
2991 840 3162 897 habes
3216 836 3372 908 quod
3407 834 3590 905 agas?
3634 835 3828 890 claudes

2227 937 2459 994 fortasse
2498 952 2659 993 aures
2700 951 2768 994 ne
2809 934 3020 990 audias.
3075 934 3195 989 Hoc
3247 941 3308 986 et
3355 929 3564 993 Judaei,
3593 927 3830 997 Apostqu

2228 1030 2583 1101 praedicante,
2610 1029 2876 1085 fecerunt.
2929 1025 3209 1095 Quidlibet
3261 1021 3438 1078 facias
3460 1063 3477 1088 ,
3510 1018 3751 1076 Christus
3786 1020 3828 1075 in

2227 1125 2369 1181 ccelo
2399 1135 2505 1191 est,
2531 1131 2590 1178 et
2614 1123 2667 1178 in
2697 1124 2830 1188 Deo,
2861 1130 2916 1176 et
2943 1135 3065 1176 cum
3091 1134 3181 1184 eo,
3213 1125 3391 1187 atque
3425 1115 3484 1171 in
3514 1129 3582 1169 eo
3609 1113 3662 1169 in
3689 1128 3831 1182 supe-

2228 1219 2490 1285 rioribus,
2521 1217 2575 1273 in
2602 1232 2710 1288 quo
2730 1224 2785 1273 et
2812 1215 2866 1271 in
2892 1215 3248 1271 inferioribus
3278 1212 3412 1278 fuit,
3443 1209 3695 1281 persequi
3721 1223 3826 1264 eum

2225 1313 2337 1385 jam
2369 1327 2490 1368 cum
2531 1310 2734 1368 Judteis
2763 1325 2874 1365 non
2906 1319 3081 1380 potes.
3125 1306 3241 1364 Sed
3289 1304 3431 1360 facis
3469 1317 3639 1358 unum
3670 1310 3828 1356 tamen

2229 1404 2374 1477 quod
2408 1413 2586 1474 potes,
2615 1401 2960 1473 persequeris
2989 1416 3113 1457 eum
3145 1400 3202 1454 in
3235 1397 3376 1462 (ide,
3425 1392 3758 1468 persequeris
3780 1393 3826 1449 in

2231 1497 2500 1564 Ecclesia,
2542 1496 2883 1567 persequeris
2920 1493 3197 1566 opinionis
3239 1491 3434 1560 impiae
3474 1489 3618 1554 telo,
3649 1501 3826 1558 perse-

2231 1591 2412 1663 queris
2435 1591 2587 1662 pravi
2609 1589 2876 1660 dogmatis
2896 1586 3099 1658 gladio.
3119 1586 3257 1640 Plus
3283 1584 3440 1639 forte
3467 1579 3667 1652 aliquid
3684 1593 3825 1652 quam

2231 1684 2452 1756 quidam
2477 1695 2722 1740 veterum
2749 1681 3060 1738 Judteorum
3084 1679 3220 1736 facis
3250 1697 3264 1732 :
3301 1676 3590 1734 Christum
3620 1682 3676 1728 tu
3705 1688 3826 1728 nunc

2234 1777 2601 1851 persequeris,
2634 1789 2917 1848 postquam
2950 1789 3074 1831 eum
3102 1777 3278 1829 etiam
3326 1770 3412 1826 illi
3458 1768 3552 1840 qui
3585 1763 3826 1839 persecuti

534 1862 830 1934 praedicare
869 1865 1239 1933 nativitatem,
1286 1866 1382 1923 Dei
1422 1870 1594 1924 asseri
1645 1868 1984 1939 passionem,
2033 1869 2127 1926 Dei
2157 1871 2208 1934 B
2235 1873 2450 1930 fuerant
2502 1871 2876 1928 crediderunt.
2919 1868 3025 1926 Sed
3077 1865 3319 1923 minoris
3375 1862 3628 1919 criminis
3670 1861 3827 1916 forsan

535 1957 862 2014 annuntiare
888 1973 1127 2015 crucem.
1161 1959 1276 2016 Hoc
1304 1960 1490 2033 utique
1530 1971 1648 2016 erat
1685 1977 1869 2032 grave,
1915 1962 2019 2018 hoc
2050 1964 2131 2018 in-

536 2049 824 2120 credibile,
850 2050 977 2122 quia
1003 2051 1106 2108 hoc
1127 2062 1244 2108 erat
1265 2053 1601 2110 incredulum
1630 2053 1882 2111 humanae
1907 2056 2136 2112 audien-

538 2144 648 2210 tize,
671 2144 816 2217 quod
841 2145 1142 2202 inauditum
1171 2147 1346 2204 fuerat
1367 2149 1564 2204 divinae
1585 2149 1880 2221 contigisse
1903 2161 2128 2206 naturas.

537 2235 725 2311 Itaque
753 2253 983 2297 securus
1021 2255 1082 2298 es
1124 2243 1220 2298 tali
1268 2241 1630 2300 afﬁrmatione
1663 2255 1826 2315 atque
1853 2244 2132 2316 doctrina,

540 2333 684 2405 quod
711 2350 1006 2406 numquam
1030 2337 1339 2407 praedicatio
1369 2345 1461 2394 tua
1485 2347 1577 2394 aut
1599 2340 1850 2410 gentibus
1883 2340 2133 2409 stultitia,

542 2438 639 2483 aut
684 2427 893 2485 Judaais
930 2429 1246 2487 scandalum
1292 2433 1418 2488 erit.
1465 2432 1767 2502 Numquam
1798 2445 1852 2490 tu
1883 2451 1911 2488 a
1937 2434 2142 2491 Judaeis

545 2532 714 2594 atque
735 2524 989 2594 gentibus
1010 2537 1101 2580 aut
1130 2541 1253 2582 cum
1269 2525 1433 2582 Petro
1461 2527 1818 2598 cruciﬁgeris,
1843 2537 1871 2566 α
1902 2539 2142 2585 autcum

546 2617 753 2675 Jacobo
785 2620 1129 2692 lapidaberis,
1163 2630 1256 2676 aut
1296 2637 1418 2678 cum
1447 2622 1615 2678 Paulo
1653 2625 1832 2693 capite
1864 2623 2141 2694 plecteris.

553 2713 670 2770 Non
697 2715 842 2769 enim
877 2714 1038 2770 habet
1059 2715 1372 2786 praedicatio
1400 2724 1490 2770 tua
1523 2717 1742 2771 illorum
1766 2716 2144 2773 oll‘ensionem.

549 2807 862 2864 Solitarium
888 2808 1162 2865 hominem
1190 2820 1400 2878 natum,
1430 2811 1734 2865 solitarium
1759 2825 1975 2879 passum
1998 2826 2152 2867 asse-

550 2900 650 2958 ris.
673 2901 893 2960 Timere
925 2918 1032 2959 non
1067 2915 1221 2974 potes
1245 2946 1260 2971 ,
1305 2921 1373 2962 ne
1424 2906 1807 2976 persecutione
1835 2923 1930 2962 sua
1980 2917 2031 2964 te
2070 2907 2153 2964 illi

553 2993 772 3062 ltedant,
805 3010 931 3053 cum
963 3005 1020 3052 tu
1042 3011 1138 3053 eos
1161 3008 1252 3052 tua
1282 2997 1670 3068 praedicatione
1696 2999 2008 3057 conﬁrmes.

1193 3110 1420 3169 CAPUT
1451 3111 1522 3170 X.

561 3203 836 3272 Quomodo
879 3204 1143 3262 Christum
1174 3207 1270 3262 Dei
1318 3211 1562 3265 virtutem
1605 3219 1654 3266 et
1700 3209 1802 3266 Dei
1845 3212 2155 3282 sapientiam

1086 3289 1281 3334 asserat
1317 3282 1620 3350 Apostolus.

633 3370 744 3429 Sed
788 3372 1072 3430 videamus
1109 3384 1287 3432 tamen
1313 3375 1503 3446 ,adhuc
1548 3376 1751 3448 aliquid
1778 3378 1845 3435 de
1877 3379 1982 3436 hoc
2015 3381 2151 3450 ipso.

569 3463 818 3522 Christus
861 3481 1023 3538 ergo,
1055 3467 1216 3539 juxta
1259 3467 1607 3540 Apostolum,
1644 3471 1816 3527 virtus
1855 3471 1952 3527 Dei
1978 3481 2033 3528 et
2060 3487 2155 3528 sa-

565 3559 768 3631 pientia
801 3558 896 3616 Dei
927 3571 1029 3617 est.
1063 3562 1200 3629 Quid
1233 3563 1399 3618 babes
1427 3563 1570 3632 quod
1621 3565 1999 3634 respondeas?
2026 3565 2158 3634 quid

564 3651 736 3712 habes
765 3670 875 3726 quo
906 3666 958 3712 te
991 3656 1281 3714 conferas?
1311 3658 1474 3714 Exire
1520 3658 1649 3716 hinc
1676 3668 1732 3714 et
1754 3661 2004 3732 progredi
2029 3675 2159 3717 nus-

567 3763 728 3821 quam
757 3760 931 3822 potes.
965 3750 1213 3809 Christus
1254 3751 1350 3809 Dei
1388 3753 1655 3824 sapientia
1681 3763 1795 3821 est,
1829 3763 1884 3810 et
1920 3755 2016 3812 Dei
2050 3756 2160 3811 vir-

2233 1981 2392 2042 putas
2419 2013 2434 2038 ,
2470 1967 2618 2039 quod
2669 1967 2894 2036 injicere
2924 1967 2978 2020 in
3009 1978 3131 2020 eum
3157 1962 3281 2032 jam
3311 1972 3514 2014 manus
3541 1971 3645 2010 non
3675 1964 3824 2025 potes.

2234 2063 2352 2120 Non
2403 2064 2600 2132 minus,
2635 2063 2880 2133 inquam,
2923 2075 3029 2115 non
3083 2058 3272 2113 minus
3305 2053 3388 2110 illi
3421 2052 3607 2124 gravis
3648 2050 3731 2104 illa
3757 2057 3830 2104 est

2237 2157 2569 2228 persecutio,
2600 2156 2653 2210 in
2694 2170 2799 2224 qua
2829 2170 2951 2210 eum
2985 2153 3040 2208 in
3073 2152 3186 2207 suis
3219 2147 3384 2219 impii
3430 2152 3827 2218 persequuntur.

2238 2251 2347 2308 Sed
2379 2250 2603 2306 oli'endit
2630 2260 2682 2305 te
2721 2248 3014 2303 Dominica:
3045 2245 3230 2302 crucis
3273 2256 3516 2306 nomen,
3550 2238 3651 2293 hoc
3677 2245 3730 2292 et
3751 2235 3830 2290 lu-

2240 2344 2388 2400 dteos
2440 2359 2658 2412 semper
2706 2341 2953 2396 offendit.
3002 2335 3382 2395 Exliorrescis
3439 2332 3616 2388 Deum
3669 2328 3830 2383 audire

2245 2453 2500 2510 passum,
2552 2436 2656 2492 hoc
2701 2446 2756 2492 et
2805 2435 3022 2506 gentilis
3056 2448 3218 2489 error
3266 2427 3466 2486 irrisit.
3505 2427 3696 2494 Quaero
3718 2436 3829 2493 ergo

2248 2547 2413 2598 nunc,
2449 2531 2501 2585 in
2528 2545 2636 2602 qua
2665 2530 2733 2583 ab
2761 2529 2867 2584 illis
2894 2537 3044 2598 parte
3067 2525 3370 2591 dissideas,
3403 2536 3530 2577 cum
3553 2521 3604 2574 in
3633 2517 3727 2572 hac
3750 2514 3830 2570 tibi

2247 2635 2407 2696 atque
2434 2625 2539 2679 illis
2570 2621 2923 2693 perversitate
2950 2619 3243 2676 conveniat
3262 2619 3288 2673 2
3317 2615 3429 2674 Sed
3469 2629 3572 2685 ego
3602 2610 3832 2683 pradica-

2251 2722 2456 2777 tionem
2493 2722 2631 2775 hanc
2653 2734 2819 2774 sacra:
2849 2717 3052 2782 crucis,
3092 2713 3554 2786 praedicationem
3588 2711 3716 2762 hanc
3745 2705 3833 2760 Do-

2254 2816 2466 2870 minica:
2519 2812 2785 2884 passionis
2825 2826 2932 2865 non
2982 2808 3158 2865 solum
3198 2822 3314 2862 non
3365 2803 3666 2866 imminuo,
3713 2795 3829 2858 sed.

2254 2916 2516 2981 quantum
2545 2909 2594 2961 in
2626 2914 2754 2961 voto
2781 2914 2865 2960 est
2891 2920 2955 2960 ac
2981 2900 3290 2962 substantia
3316 2913 3465 2963 mea,
3495 2908 3681 2966 augeo.
3705 2891 3833 2946 Hunc

2257 3001 2399 3058 enim
2430 3002 2520 3070 qui
2555 2996 2849 3054 crucifixus
2885 3004 2990 3063 est,
3039 3009 3146 3050 non
3177 2993 3365 3049 solum
3395 2990 3652 3045 virtutem
3683 2997 3740 3037 ac
3762 2998 3832 3036 sa-

2261 3095 2517 3164 pientiam
2544 3092 2662 3160 Dei,
2703 3107 2806 3161 qua
2843 3089 2978 3146 nihil
3007 3088 3180 3158 majus
3216 3095 3333 3154 est,
3367 3083 3466 3140 sed
3497 3082 3658 3138 etiam
3697 3075 3834 3132 totius

2263 3189 2561 3244 divinitatis
2591 3202 2653 3243 ac
2684 3186 2985 3256 majestatis
3028 3183 3329 3239 Dominum
3387 3173 3708 3250 prtrdicabo.
3739 3170 3831 3224 Hoc

2182 3264 2229 3330 (ἶ
2262 3286 2453 3356 magis,
2469 3281 2613 3354 quod
2637 3283 2724 3338 hic
2748 3296 2928 3337 sermo
2946 3292 3098 3335 meus
3125 3275 3380 3332 doctrina
3411 3273 3504 3328 Dei
3523 3279 3625 3332 est,
3647 3265 3877 3356 dicente.

2271 3352 2564 3448 Apostolvo:
2595 3375 2624 3415 δ
2657 3375 2980 3447 Sapientiam
3004 3373 3264 3443 loquimur
3295 3372 3434 3425 inter
3464 3367 3733 3436 perfectos:
3757 3352 3832 3410 sed

2268 3474 2573 3546 sapientiam
2603 3489 2706 3526 non
2737 3471 2893 3542 hujus
2919 3468 3120 3534 saculi,
3171 3483 3341 3535 neque
3387 3461 3678 3537 principum
3704 3452 3835 3523 Ml”

2265 3568 2462 3634 surculi,
2501 3569 2591 3638 qui
2618 3569 2988 3629 destruantur;
3018 3563 3106 3618 sed
3138 3563 3409 3631 loquimur
3437 3557 3536 3612 Dei
3562 3547 3833 3616 sapientiam

2267 3665 2322 3717 in
2349 3663 2614 3733 mysterio,
2644 3676 2760 3732 quas
2803 3658 3105 3713 abscondita
3134 3664 3205 3710 est
3228 3697 3242 3720 ,
3275 3669 3440 3726 quam
3486 3637 3835 3720 prcedestinarit

2268 3754 2406 3810 Deus
2453 3764 2574 3809 ante
2599 3753 2794 3810 stecula
2824 3755 2878 3807 in
2928 3752 3146 3824 gloriam
3194 3761 3449 3809 nostram,
3480 3755 3501 3784 ο
3532 3755 3679 3814 quam
3709 3747 3833 3790 nemo

1640 3869 1900 3926 ALARDI
1937 3870 2170 3928 GAZEI
2208 3869 2781 3929 COMMENTARIUS.

644 3961 671 3993 '
697 3962 976 4030 Suspicari
1003 3973 1186 4034 posset
1210 3961 1476 4034 quispiam
1514 3961 1777 4018 Iacobum
1811 3963 1896 4017 hic
1923 3966 2161 4032 positum

573 4047 673 4107 pro
703 4036 978 4106 Stephano
1009 4045 1428 4107 protomartyre,
1457 4050 1617 4105 quem
1646 4047 1857 4089 Cthlal
1885 4035 2050 4107 fuisse
2081 4037 2162 4089 la-

615 4105 841 4175 idatuni,
873 4108 1014 4177 quod
1044 4110 1112 4163 de
1135 4105 1340 4162 Jacobo
1363 4108 1611 4176 apostolo
1644 4121 1747 4160 non
1773 4107 1843 4160 ita
1875 4106 2060 4174 liquet.
2093 4109 2167 4161 At

616 4181 702 4235 uic
729 4179 1021 4248 suspicioni
1051 4185 1346 4250 repugnat,
1379 4179 1542 4233 immo
1590 4193 1708 4233 eam
1743 4178 2166 4250 penitusexclu-

575 4249 686 4314 dit,
713 4252 856 4322 quod
890 4252 1048 4308 nimis
1093 4249 1389 4322 incongrue
1420 4251 1563 4305 inter
1593 4251 1730 4305 duos
1761 4249 2035 4319 apostolos
2062 4292 2075 4314 ,
2110 4257 2166 4305 et

574 4327 944 4386 apostolorum
976 4323 1268 4393 principes,
1292 4323 1507 4377 Petrum
1538 4332 1592 4377 et
1624 4322 1871 4384 Paulum,
1896 4322 2165 4393 posuisset

575 4393 780 4465 1Auctor
801 4392 1132 4465 Stephanum
1158 4396 1394 4450 medium
1410 4393 1600 4449 ordine
1618 4393 1894 4463 dignitatis
1912 4392 2158 4465 confuso.

577 4463 810 4522 Proinde
835 4463 940 4521 non
987 4467 1125 4522 alius
1152 4483 1313 4536 quam
1361 4465 1592 4521 Jacobus
1616 4469 1896 4535 apostolus
1939 4464 2163 4534 intelligi

578 4536 761 4600 debet,
791 4539 879 4607 qui
911 4536 1076 4594 frater
1101 4539 1330 4601 Domini,
1353 4537 1558 4597 Justus.
1592 4537 1840 4606 idemque
1882 4536 2057 4590 minor
2083 4545 2168 4591 est

581 4608 915 4676 appellatus,
964 4619 1019 4662 et
1064 4610 1268 4678 primus
1301 4609 1798 4678 HierosMymornm
1825 4608 2112 4676 epiSropus
2135 4622 2166 4661 a

2267 3974 2483 4018 mortem
2531 3963 2688 4022 obiit,
2716 3961 2806 4016 sed
2836 3959 2978 4014 vultu
3025 3974 3228 4031 sursum
3269 3955 3512 4031 sublato,
3559 3948 3836 4031 genibusque

2268 4038 2417 4105 ﬂexis
2449 4036 2581 4089 dixit
2606 4050 2623 4086 :
2659 4018 2903 4093 Obsecro,
2932 4032 3158 4105 Domine
3181 4027 3326 4084 Deus
3351 4018 3527 4088 Pater,
3559 4018 3627 4075 lla
3652 4018 3837 4105 illisque:

2269 4101 2426 4171 niam,
2454 4106 2684 4159 nesciunt
2703 4103 2975 4174 enimquid
2998 4103 3214 4174 faciunt,
3241 4106 3505 4174 coeperunt
3532 4101 3716 4148 sarain
3741 4101 3836 4174 eum

2269 4167 2539 4240 coniicere.
2563 4175 2789 4246 Cumque
2813 4167 3074 4244 lapidibus
3094 4167 3561 4246 illornm'obterere
3576 4167 3833 4246 pergetfnl.

2272 4229 2505 4304 miliae
2533 4229 2886 4302 sacerdotibus
2917 4263 2981 4300 ex
3009 4247 3134 4314 ﬁliis
3177 4242 3410 4306 Rechab,
3458 4240 3546 4309 qui
3575 4229 3839 4314 suntlerc-

2271 4323 2387 4374 mite
2431 4322 2722 4375 testimonio
2767 4311 3131 4384 commendati,
3179 4332 3301 4370 voce
3351 4315 3538 4369 emissa
3584 4311 3838 4384 contentius

2275 4393 2441 4447 dixit:
2495 4392 2634 4456 Quid
2665 4392 2816 4462 agitis
2838 4393 2863 4445 1’
2904 4388 3089 4462 Justus
3119 4381 3218 4462 pro
3247 4386 3385 4440 robis
3414 4384 3573 4437 Deum
3603 4381 3837 4462 precalllf:

2278 4455 2526 4518 Attamen,
2545 4480 2677 4516 unus
2701 4455 2765 4516 Ea:
2789 4463 2913 4524 illis,
2939 4464 3024 4531 qui
3049 4455 3180 4525 {ulla
3200 4469 3331 4518 erat.
3361 4463 3566 4531 ςιννερξο
3590 4459 3735 4531 “af,
3755 4455 3840 4531 ᾞῨῨ

2275 4509 3028 4600 ὖὲέὲξῖξοὶὲὀᾶἱιἷᾙὶιῖξῆιέἕέζ
3049 4509 3298 4594 nam
3318 4509 3494 4600 ’.Ιιιεεί
3518 4518 3734 4600 impeg-
3748 4509 3838 4600 ll“

2275 4589 2430 4660 uitam
2458 4609 2600 4661 beato
2629 4617 2677 4660 et
2710 4589 2847 4671 {elici
2869 4589 3106 4673 martyrii
3129 4589 3367 4656 cruciatu
3387 4597 3598 4673 a/fectus
3623 4589 3837 4673 ualidus:

582 4661 838 4771 83.5.:er
858 4661 1415 4771 vord‘inaiu‘smequo
1436 4661 1635 4732 Paulus
1663 4661 1958 4771 Apostolus
1981 4661 2170 4771 scribit
2200 4711 2253 4771 Β
2276 4680 2594 4771 que'fimisit.
2627 4661 3050 4771 ltu'EgcsipIpp‘s.
3083 4674 3320 4771 ldipsutn
3372 4661 3839 4771 etiat'nmcnf‘llllgilmzl‘

582 4751 646 4804 ad
671 4751 887 4806 Galatas
911 4749 1067 4822 (Cap.
1097 4752 1169 4820 t):
1202 4752 1373 4805 Alium
1415 4761 1587 4803 autem
1627 4750 1920 4822 apostolum
1950 4751 2054 4804 vidi
2086 4766 2175 4804 ne-

583 4822 791 4887 minem,
823 4823 925 4876 nisi
943 4821 1201 4878 Jacobum
1222 4825 1435 4890 fratrem
1469 4821 1694 4876 Domini.
1733 4822 1796 4875 Et
1825 4821 2068 4888 ejusdem
2093 4829 2176 4876 est

2281 4733 2343 4804 ll.
2374 4751 2735 4820 Hieronymus
2756 4733 2980 4814 Iosephi
3005 4733 3339 4820 testimonio,
3364 4739 3512 4820 quod
3527 4733 3835 4820 apud

2619 4798 2777 4875 "Vide
2797 4798 3152 4874 admunus
3185 4798 3403 4891 Βᾳτοῖήῖ
3447 4812 3513 4865 ad
3541 4798 3836 4873 Martyrolo-

582 4893 814 4964 epistola
840 4897 993 4948 unica
1019 4910 1140 4964 qua:
1173 4899 1311 4949 inter
1357 4904 1565 4962 septem
1605 4893 1894 4947 canonicas
1927 4908 2180 4947 numera-
2281 4894 2425 4964 gium
2462 4895 2632 4957 primo
2663 4891 2806 4964 Maii.

585 4963 674 5036 tur
696 5007 710 5026 ,
742 4975 964 5036 auctore
992 4963 1157 5021 etiam
1211 4967 1272 5020 D.
1304 4965 1632 5036 Hieronymo
1686 4963 1832 5035 (Lib.
1864 4966 1927 5016 de
1974 4966 2170 5032 Script.

2356 4937 3152 5031 interpretatur
3177 4961 3380 5031 Auctor
3398 4952 3492 5031 vel
3524 4937 3837 5031 ipsum

585 5009 787 5092 Eccles.
813 5009 890 5091 “in
929 5009 1171 5108 Iacob-0).
1205 5009 1274 5091 Ai.
1302 5009 1571 5104 quomodo
1601 5009 1702 5091 hic\
1734 5037 2041 5091 insinuetur
2086 5009 2182 5089 aut
2281 5009 2638 5108 stutn_rerutn
2668 5035 2832 5108 Deum
2865 5009 3246 5108 etrhoininem,
3278 5030 3364 5085 vel
3397 5009 3560 5108 idem;
3590 5015 3839 5108 gl

585 5114 921 5176 supponatur
963 5107 1253 5178 lapidatus,
1285 5108 1542 5162 nonnulla
1569 5107 1867 5163 difﬁcultas
1894 5116 2008 5170 est,
2053 5121 2178 5161 cum

584 5179 640 5234 in
670 5179 1050 5251 Martyrologio
1093 5179 1251 5234 Rom.
1280 5195 1311 5235 e
1343 5181 1500 5248 pinna
1547 5179 1731 5248 templi
1768 5180 2132 5248 praecipitatus
2159 5219 2174 5244 ,

586 5249 881 5306 confractis
913 5252 1183 5321 cruribus,
1213 5261 1268 5305 et
1291 5252 1510 5305 fullonis
1538 5261 1689 5305 vecte
1722 5253 1772 5304 in
1803 5252 2029 5305 cerebro
2058 5265 2180 5318 per-

586 5337 779 5392 cn~sus
815 5323 1133 5377 occubuisse
1163 5324 1405 5385 dicatur;
1447 5321 1898 5392 quemadmodum
1923 5321 2082 5375 etiam
2113 5336 2180 5374 ex

587 5391 868 5450 Clemente
897 5393 1262 5448 Alexandrino
1285 5391 1771 5458 refert’Eusehius,
1799 5393 1894 5446 lib.
1915 5408 1948 5444 Il
1975 5392 2178 5445 llistor.

587 5480 709 5535 cap.
728 5465 821 5520 22.
842 5465 910 5521 At
937 5465 1075 5519 hanc
1089 5465 1461 5520 difﬁcultatem
1481 5465 1696 5522 sustulit
1725 5464 1868 5535 idem
1892 5463 2177 5527 Eusebius,

589 5533 883 5592 ostiendens
912 5538 1191 5592 historiam
1235 5538 1481 5609 martyrii
1502 5536 1620 5605 ejus
1650 5537 1718 5588 ab
1761 5533 2050 5603 Egesippo,
2075 5535 2181 5609 qui

589 5612 732 5664 aetati
756 5609 1136 5680 Apostolorum
1161 5606 1439 5680 proximus
1454 5606 1578 5680 fuit,
1606 5608 1826 5661 uberius
1851 5606 2180 5680 accuratius—

589 5693 696 5753 que
729 5677 1054 5753 descriptam
1077 5720 1093 5746 ,
1133 5677 1356 5750 etquod
1386 5699 1410 5730 ;ι
1437 5678 1717 5753 Clemente
1756 5677 2178 5753 praetermissum

588 5748 693 5820 est,
719 5751 788 5806 ab
815 5768 881 5808 eo
901 5748 1209 5821 suppletum
1229 5748 1635 5821 eteXpressutn.
1663 5749 1855 5804 Narrat
1877 5750 2020 5803 enim
2049 5748 2181 5817 lige-

588 5823 777 5897 s_ippus
793 5821 1053 5897 Jacobum
1070 5826 1245 5897 primo
1258 5825 1324 5879 de
1349 5823 1510 5897 pinna
1533 5823 1722 5892 templi
1753 5821 2176 5897 praecipitatum:

589 5891 664 5956 Et
680 5891 967 5967 quoniam,
997 5891 1196 5967 inquit,
1229 5891 1455 5969 dejectus
1481 5895 1535 5951 in
1560 5891 1787 5967 praicep’s
1859 5891 1959 5947 non
2004 5891 2177 5946 statim

2439 5087 2832 5160 [incarnationis
2873 5104 3117 5172 ejusdem
3141 5143 3157 5167 ,
3189 5087 3349 5169 (illam
3392 5093 3674 5170 Αβοδιοίιβ
3701 5087 3835 5172 voci?

2285 5175 2382 5231 Dei
2426 5177 2735 5242 sapientiam
2784 5177 2838 5228 in
2880 5167 3123 5244 mysterio
3166 5167 3537 5229 absconditam,
3585 5167 3701 5232 quia
3746 5167 3834 5208 "0"

2287 5258 2463 5318 p0lest
2489 5249 2719 5302 naturali
2751 5247 2959 5318 ratione
2988 5245 3264 5318 cognosci.
3456 5307 3507 5318 Μ
3634 5245 3847 5318 ΛΜΗ-,⁷

2362 5329 2382 5357 ο
2443 5319 2722 5384 Principes
2778 5316 2964 5371 szcculi
3018 5307 3406 5384 iu'terpretatur
3447 5307 3834 5384 Chrysostolt‘nllf

2291 5391 2554 5446 llerodem
2575 5432 2590 5454 ,
2621 5367 2882 5452 Pilatum,
2915 5397 2970 5443 et
2998 5367 3213 5442 Judaabs
3238 5428 3254 5453 ,
3286 5387 3376 5453 qui
3405 5381 3503 5437 etsi
3551 5367 3833 5454 nonnullam

2287 5461 2487 5517 Christi
2516 5451 2879 5529 cognitimtem
2913 5459 3220 5526 habuerint,
3243 5451 3540 5525 numquam
3573 5451 3835 5529 tamennon:

2287 5519 2751 5600 gnovcruntvesse'
2769 5533 2954 5594 Deum,
2983 5536 3108 5600 quia
3134 5531 3177 5582 si
3199 5519 3572 5600 cognovissent,
3585 5519 3831 5600 numquallf

2288 5589 2572 5677 Dominum
2596 5605 2776 5674 gloria:
2797 5589 3171 5677 cruciﬁiissent
3202 5589 3501 5677 (IjCorintlt.
3524 5592 3578 5656 tt)
3599 5606 3612 5654 ;

2290 5677 2438 5731 Actis
2461 5678 2533 5728 ait
2560 5658 2749 5728 Pctrus
2775 5692 2785 5726 :
2823 5658 3100 5742 Scio'quod
3142 5658 3603 5746 pei‘ignorantiatn‘

2290 5749 2420 5800 sicut
2446 5746 2699 5815 principes
2730 5746 2882 5799 vestri
2905 5731 3042 5812 (Act.
3076 5731 3178 5810 uti.
3201 5731 3509 5815 Ambrosius
3538 5731 3828 5815 i-ttter‘prtilfl‘:

2291 5828 2376 5872 tur
2401 5801 2465 5872 de
2485 5801 2836 5884 dwnionibus,
2869 5801 2958 5886 diti
2985 5819 3026 5868 si
3053 5801 3179 5870 vere
3201 5815 3368 5869 Deum
3393 5818 3440 5865 et
3458 5801 3832 5914 [ιριιξέιὲῇξυτἭδ

2291 5899 2514 5914 ηληκη...
2588 5903 2874 5914 ..ηηηιηηηι
2922 5886 3033 5914 ,ιε-η
3089 5895 3319 5914 ...η-..Ληι
3353 5892 3564 5914 ηιαηηιινςι
3613 5890 3652 5914 '-
3714 5903 3726 5914 .
3815 5892 3828 5912 ο

2286 5899 2536 5954 nossent,
2588 5876 3036 5958 nuniquain'ejus
3089 5895 3319 5944 mortem
3353 5876 3726 5955 procurassent.
3774 5876 3828 5914 υ.
