3970 6344
125 354 196 417 63
1126 354 1215 414 DE
1256 350 1688 414 INCARNATIOI

1807 352 2086 416 CHRISTI
2126 358 2256 416 LIB.
2300 356 2389 416 III.
3339 358 3410 424 ω

86 498 97 537 t
126 473 403 548 principum
439 472 620 529 seculi
649 471 807 545 hujus
855 474 1107 547 cognovit.
1144 475 1203 531 Si
1237 477 1379 532 enim
1434 477 1702 546 cognovis-
1728 482 1784 541 Α
1811 477 2062 549 ﬁgebant.
2098 478 2308 534 Habent
2338 493 2469 550 ergo
2490 477 2585 550 qui
2606 478 2936 538 conﬁtentur
2962 494 3087 540 cum
3113 480 3410 542 conﬁtente

114 573 260 635 'sent,
306 584 584 639 numquam
634 567 914 623 Dominum
977 570 1264 639 majestatis
1330 570 1707 641 cruci/ixissent

122 661 163 733 (I
184 662 296 715 Cor.
323 658 402 730 tt).
438 659 571 725 Sed,
606 661 744 716 sicut
784 661 1041 732 scriptum
1074 671 1192 728 est,
1230 662 1379 730 Quod
1403 664 1579 717 oculus
1606 680 1708 718 non

117 755 257 819 sidit,
289 769 379 806 nec
416 754 563 808 auris
593 754 815 817 audivit,
852 771 941 809 nec
968 754 1021 807 in
1053 771 1139 808 cor
1184 755 1405 809 hominis
1453 755 1703 823 ascendit,

114 862 223 916 qua:
265 848 572 917 prwparavit
602 846 739 901 Deus
778 846 860 901 his
885 848 973 917 qui
1014 849 1241 922 diligunt
1288 868 1403 904 eum
1455 849 1620 922 (Ibid.
1659 860 1708 906 et

112 938 264 995 Isaia
284 953 409 995 utv
429 938 471 1009 ).
507 938 670 995 Vides
708 956 867 1011 quam
920 941 1157 997 breviter
1196 958 1380 998 sermo
1428 944 1702 1013 Apostoli-

109 1047 198 1089 cus
239 1041 437 1102 quanta
487 1033 732 1090 dixerit?
762 1034 1094 1103 Sapientiam
1127 1053 1187 1094 se
1230 1037 1374 1109 loqui
1424 1038 1575 1107 dicit,
1609 1040 1705 1095 sed

108 1124 421 1198 sapientiam
447 1142 610 1197 quam
645 1126 869 1193 perfecti
908 1130 1279 1185 tantummodo
1328 1133 1499 1186 sciant
1528 1175 1540 1199 ,
1573 1148 1702 1203 pru-

108 1220 288 1273 dentes
333 1219 523 1275 saeculi
576 1221 843 1275 nesciant.
887 1221 981 1278 Dei
1012 1224 1159 1278 enim
1192 1224 1327 1279 hanc
1361 1226 1432 1279 ait
1463 1242 1583 1281 esse
1615 1242 1704 1282 sa-

108 1311 380 1383 pientiam,
404 1328 527 1383 qua:
556 1313 627 1368 sit
654 1314 837 1369 divino
867 1324 1005 1370 tecta
1040 1318 1321 1387 mysterio,
1356 1328 1407 1372 et
1435 1326 1559 1373 ante
1588 1334 1706 1374 om-

108 1407 187 1461 nia
210 1406 409 1462 sacula
436 1408 492 1461 in
517 1418 825 1463 sanctorum
850 1409 1072 1480 gloriam
1096 1410 1511 1480 prtedestinata;
1540 1422 1704 1481 atque

111 1500 225 1557 ideo
252 1516 369 1555 eam
402 1501 487 1555 bis
520 1510 726 1558 tantum
779 1503 869 1574 qui
901 1504 1068 1559 Deum
1123 1504 1339 1575 sapiunt
1369 1521 1488 1561 esse
1518 1507 1702 1577 cogni-

110 1606 239 1657 tam,
269 1595 610 1665 principibus
640 1608 820 1652 autem
868 1599 1054 1653 seaculi
1088 1598 1249 1669 hujus
1293 1600 1506 1669 penitus
1554 1601 1704 1671 igno-

111 1698 229 1744 tam.
259 1687 490 1744 Causam
524 1701 704 1745 autem
753 1690 1027 1760 subdidit,
1083 1707 1187 1759 qua
1240 1704 1528 1764 utrumque
1558 1693 1701 1763 quod

111 1782 301 1839 dixerat
332 1782 745 1851 comprobaret,
770 1783 997 1839 dicens:
1052 1784 1115 1841 Si
1143 1787 1287 1841 cnim
1317 1788 1697 1857 cognovissent,

1810 572 2076 642 Apostolo
2108 582 2336 644 partem,
2371 573 2574 629 habeas
2607 584 2658 631 tu
2689 590 2918 633 necesse
2956 584 3043 633 est
3075 591 3196 632 cum
3224 591 3407 650 perse-

1807 667 2100 736 quentibus
2143 666 2468 737 portionem.
2512 667 2652 737 Quid
2683 684 2814 741 ergo
2860 679 2945 726 est
2981 669 3068 726 hic
3093 669 3204 741 jam
3257 669 3403 741 quod

1809 758 1917 814 dici
1952 760 2160 831 queat?
2193 758 2479 815 Dominum
2511 761 2808 832 majestatis
2833 763 3149 820 cruciﬁxum
3174 764 3408 837 Aposto-

1808 852 1892 907 lus
1921 853 2053 909 dicit
2079 874 2091 906 :
2123 852 2348 908 immuta
2375 852 2478 909 hoc
2505 856 2551 909 si
2587 865 2768 925 potes;
2802 872 2993 929 separa
3038 874 3206 925 nunc,
3236 858 3281 914 si
3311 873 3405 914 va-

1810 947 1891 1003 les
1915 991 1929 1013 ,
1963 948 2147 1004 Jesutn
2178 963 2209 1003 a
2239 947 2370 1004 Deo.
2402 948 2735 1004 Cruciﬁxutn
2784 959 2933 1007 certe
2955 966 2986 1007 ξι
3013 950 3220 1007 Judzeis
3244 950 3406 1008 Chri-

1810 1050 1951 1096 stum
1982 1058 2183 1113 negare
2211 1058 2316 1099 non
2350 1051 2524 1115 potes.
2576 1042 2681 1100 Sed
2722 1042 2979 1100 Dominus
3005 1046 3303 1117 majestatis
3324 1054 3406 1105 est

1807 1135 1896 1206 qui
1948 1136 2241 1193 crucifixus
2277 1147 2400 1204 est,
2445 1152 2577 1209 ergo
2618 1152 2840 1194 necesse
2866 1147 2949 1194 est
2997 1148 3088 1194 aut
3132 1139 3403 1196 Christum

1807 1228 2025 1285 aftixum
2070 1246 2193 1287 esse
2234 1231 2288 1287 in
2318 1246 2482 1288 cruce
2523 1231 2797 1303 deneges,
2828 1242 2921 1287 aut
2962 1229 3128 1288 Deum
3176 1230 3403 1289 afﬁxum

1806 1335 1929 1378 esse
1952 1321 2193 1380 fatearis.

2420 1393 2648 1453 CAPUT
2697 1394 2794 1452 XI.

1807 1485 2139 1560 Evangelicis
2169 1488 2470 1544 testimoniis
2497 1490 2730 1544 eamdem
2766 1488 3058 1544 doctrinam
3083 1489 3401 1548 corroborat.

1878 1601 1983 1658 Sed
2010 1603 2145 1657 forte
2165 1603 2389 1658 offendit
2411 1612 2462 1659 te
2482 1602 2625 1675 quod
2650 1602 2855 1659 tamdiu
2875 1602 3035 1659 unius
3055 1601 3143 1658 vel
3168 1602 3403 1661 maxime

1812 1695 1959 1750 Pauli
1984 1697 2215 1765 apostoli
2248 1696 2573 1753 testimoniis
2604 1696 2815 1768 loquor.
2845 1695 2990 1752 Satis
3016 1694 3149 1752 mibi
3175 1695 3402 1754 idoneus

1808 1796 1895 1843 est.
1923 1804 2082 1857 quem
2126 1789 2288 1860 elegit
2313 1789 2489 1859 Deus;
2534 1804 2634 1846 nec
2659 1790 2803 1846 enim
2836 1789 3101 1846 erubesco
3126 1805 3248 1846 eum
3277 1789 3402 1848 ﬁdei

112 1893 375 1949 numquam
431 1874 716 1931 Dominum
784 1879 1069 1951 majcstatis
1135 1880 1531 1949 cruciﬁxissent.
1594 1880 1699 1936 Sed
1730 1890 1780 1952 Β
1807 1896 1940 1937 meae
1968 1881 2166 1939 habere
2197 1893 2413 1952 testem,
2447 1899 2608 1955 quem
2642 1883 2784 1939 Deus
2814 1883 2983 1938 voluit
3015 1884 3200 1941 mundi
3237 1886 3402 1942 totius

114 1971 349 2041 scriptum
385 1979 509 2025 est:
539 1970 690 2037 Quod
718 1972 898 2025 oculus
930 1989 1031 2026 non
1060 1972 1210 2038 vidit,
1246 1990 1336 2028 nec
1368 1974 1509 2027 auris
1538 1974 1695 2027 audi-

118 2066 194 2129 rit,
218 2079 301 2117 nec
327 2064 382 2116 in
416 2080 508 2117 cor
540 2064 761 2118 hominis
792 2065 1040 2130 ascendit,
1077 2082 1191 2135 qua:
1219 2066 1530 2137 preparavit
1560 2064 1697 2121 Deus

122 2156 187 2210 his
208 2156 283 2227 qui
317 2155 551 2226 diligunt
583 2172 719 2210 eum.
754 2155 916 2212 Vides
961 2174 1090 2228 ergo
1137 2158 1278 2228 quod
1304 2158 1566 2227 sapientia
1599 2158 1697 2214 Dei

129 2252 173 2303 in
194 2251 437 2323 mysterio
460 2251 800 2318 abscondita,
837 2262 890 2306 et
915 2264 1042 2307 ante
1067 2254 1265 2308 saecula
1294 2255 1695 2323 praedeStinata,

138 2342 300 2399 Itisfuit
324 2344 618 2414 incognita,
649 2344 739 2415 qui
769 2345 1068 2415 majestatis
1098 2346 1386 2401 Dominum
1413 2348 1696 2403 crucifixe-

131 2448 231 2490 runt
253 2436 271 2488 ?
291 2434 369 2490 his
403 2447 597 2492 autem
624 2438 836 2510 cognita
870 2440 959 2510 qui
991 2448 1353 2509 susceperunt
1385 2441 1405 2492 ?
1436 2440 1582 2497 Bene
1604 2458 1699 2497 au-

129 2539 210 2586 tem
229 2532 273 2585 in
294 2531 564 2603 mysterio
587 2531 961 2587 absconditam
992 2533 1125 2587 dicit
1154 2532 1249 2589 Dei
1283 2535 1451 2589 fuisse
1479 2535 1699 2603 sapien-

122 2625 241 2688 tiam,
270 2625 393 2695 quia
445 2625 645 2681 nullius
685 2626 785 2681 hoc
815 2643 1069 2697 umquam
1104 2626 1341 2683 hominis
1395 2628 1482 2683 vel
1511 2629 1698 2683 oculus

118 2719 301 2784 videre,
357 2718 449 2774 vel
499 2719 688 2774 audire
731 2720 914 2787 auris,
966 2720 1050 2774 vel
1080 2736 1175 2774 cor
1203 2721 1374 2788 potuit
1416 2722 1694 2790 cogitare,

117 2811 231 2880 quod
276 2812 587 2882 majestatis
634 2813 892 2867 Dominus
934 2814 1020 2867 vel
1073 2812 1383 2869 nasciturus
1432 2825 1576 2870 esset
1624 2833 1695 2872 ex

116 2905 325 2975 Virgine,
363 2907 454 2960 vel
487 2917 752 2961 venturus
782 2906 838 2961 itt
865 2922 1050 2973 carne,
1095 2908 1183 2961 vel
1214 2910 1359 2961 omni
1383 2908 1698 2965 afficiendus

115 3012 260 3065 ρωιιω
286 3006 342 3053 et
371 2998 728 3053 contumeliae
760 2999 1032 3069 passione.
1086 2998 1192 3054 Sed
1226 3000 1343 3054 haec
1386 3001 1571 3070 utique
1604 3003 1695 3059 Dei

114 3090 247 3159 dona,
275 3090 428 3146 sicut
461 3107 621 3147 nemo
646 3093 866 3162 estqui,
916 3108 1036 3146 cum
1066 3103 1252 3147 essent
1290 3094 1606 3149 abscondita
1642 3096 1694 3150 in

114 3187 371 3254 mysterio,
411 3198 611 3254 sapere
635 3201 888 3254 umquam
920 3200 1015 3255 per
1036 3200 1095 3239 se
1129 3185 1387 3255 potuerit,
1415 3188 1484 3239 ita
1507 3188 1695 3242 beatus

1802 1991 1922 2032 esse
1953 1976 2255 2032 doctorem.
2291 1976 2398 2035 Sed
2428 1985 2611 2033 tamen
2641 1984 2701 2032 ut
2728 1977 3068 2048 acquiescam
3099 1979 3153 2033 in
3176 1977 3281 2035 hoc
3307 1994 3399 2035 νος

1800 2068 1992 2125 luntati
2028 2080 2152 2138 tuae,
2182 2074 2271 2141 qui
2306 2070 2505 2127 habere
2536 2087 2622 2127 me
2646 2070 2832 2126 forsan
2863 2071 2998 2127 alios
3025 2087 3253 2143 quorum
3281 2083 3401 2132 utar

1800 2164 2129 2220 testimoniis
2157 2181 2264 2219 non
2304 2165 2611 2232 arbitraris,
2658 2163 2784 2220 audi
2816 2164 3113 2235 perfectum
3148 2165 3399 2224 humanas

1800 2256 1987 2313 salutis
2039 2268 2094 2313 et
2148 2259 2492 2328 sempiterna:
2552 2256 2900 2314 beatitudinis
2954 2269 3395 2331 sacramentum,

1800 2349 2067 2405 Mai-Ibam
2103 2353 2156 2404 in
2184 2349 2479 2421 Evangelio
2510 2350 2911 2420 praedicantem.
2947 2350 3084 2420 Quid
3110 2352 3255 2407 enim
3286 2351 3400 2408 ait!

1804 2444 2014 2517 Utique,
2050 2446 2287 2511 Dontine,
2318 2454 2344 2482 ⁸
2372 2461 2463 2517 ego
2493 2445 2689 2499 credidi
2716 2446 2838 2515 quia
2876 2454 2931 2499 tu
2955 2462 3010 2501 es
3041 2443 3274 2502 Christus
3303 2443 3400 2502 Fi-

1800 2539 1901 2594 lius
1932 2537 2029 2593 Dei
2055 2539 2174 2601 vivi,
2202 2539 2291 2605 qui
2317 2540 2371 2591 in
2400 2538 2534 2592 hunc
2566 2537 2811 2591 mundum
2854 2539 3030 2593 venisti
3059 2537 3255 2612 (Joan.
3285 2539 3398 2613 ιι).

1803 2632 1960 2689 Disce
2003 2649 2031 2687 a
2078 2631 2308 2687 muliere
2359 2631 2519 2685 ﬁdem
2566 2646 2774 2698 veram,
2822 2631 2974 2688 disce
3020 2640 3239 2690 acterna:
3282 2633 3399 2705 spei

1802 2724 2227 2783 confessionem.
2276 2725 2454 2780 Habes
2499 2734 2677 2780 tamen
2719 2724 2926 2794 grande
2973 2725 3259 2793 solatium;
3290 2743 3398 2789 non

1802 2819 2093 2875 erubescas
2125 2817 2193 2872 ab
2232 2833 2295 2872 ea
2324 2826 2723 2873 sacramentum
2769 2816 2959 2872 salutis
3008 2832 3327 2891 agnoscere,
3367 2835 3397 2882 ιι

1800 2926 1905 2982 qua
1944 2910 2314 2967 testimonium
2349 2911 2490 2965 Deus
2519 2925 2624 2963 non
2664 2908 2921 2965 refutavit
2946 2910 3216 2981 accipere.

2397 3021 2625 3078 CAPUT
2666 3021 2782 3077 XII.

1804 3121 1884 3176 Ex
1913 3118 1978 3174 Β.
2012 3117 2158 3173 Petri
2187 3116 2545 3172 laudatissima
2574 3116 2893 3200 confessione
2930 3115 3190 3172 Christum
3227 3116 3395 3177 Deum

2395 3205 2504 3244 esse
2534 3197 2806 3244 convincit.

115 3279 279 3347 estqui
311 3280 565 3332 revelata
593 3280 864 3348 cognovit.
902 3278 1055 3335 Unde
1081 3281 1409 3351 quicumque
1437 3296 1554 3337 eam
1586 3298 1693 3338 non
1721 3287 1768 3351 C
1872 3287 2025 3355 Quod
2068 3287 2113 3342 si
2157 3283 2452 3340 auctoritas
2498 3281 2592 3335 tibi
2644 3278 2828 3335 forsan
2875 3294 3122 3351 personae
3172 3283 3399 3356 majoris

114 3380 465 3441 agnoverunt,
517 3387 737 3427 necesse
786 3373 1087 3428 habeantur
1120 3376 1258 3429 inter
1291 3376 1561 3447 principes
1590 3394 1696 3434 sa:-

113 3466 223 3531 culi;
258 3469 347 3537 qui
384 3480 579 3522 autem
610 3478 1017 3537 cognoverunt,
1067 3469 1211 3525 inter
1254 3472 1527 3542 sapientes
1573 3474 1689 3529 Dei.

112 3558 206 3615 Non
233 3560 491 3631 agnoscit
518 3575 647 3631 ergo
678 3560 848 3614 Deum
872 3560 923 3614 itt
951 3576 1116 3617 carne
1148 3572 1354 3631 natum,
1382 3566 1474 3634 qui
1500 3576 1689 3636 negat;

111 3670 215 3724 ergo
231 3667 281 3711 et
300 3671 406 3711 vos
430 3669 539 3709 non
569 3654 881 3725 agnoscitis,
909 3658 999 3725 qui
1035 3657 1261 3726 negatis.
1292 3660 1396 3713 Sed
1428 3660 1691 3729 quidlibet

109 3744 308 3813 faciatis,
332 3746 643 3818 quamlibet
672 3748 835 3816 impie
878 3749 1106 3817 negetis,
1142 3765 1240 3804 nos
1282 3750 1399 3817 plus
1428 3752 1690 3818 Apostolo

107 3842 375 3896 credimus.
407 3840 483 3895 Et
506 3840 632 3910 quid
650 3840 914 3910 Apostolo
939 3842 1099 3895 dico?
1123 3842 1240 3911 plus
1263 3842 1371 3897 Deo
1394 3843 1687 3899 credimus.

107 3935 190 4005 Ipsi
216 3938 357 3992 enim
395 3953 498 4006 per
538 3934 858 4007 Apostolum
906 3938 1180 3993 credimus
1206 3980 1218 4001 ,
1252 3954 1412 4008 quem
1449 3939 1687 3995 locutum

104 4028 145 4083 in
166 4030 425 4099 Apostolo
452 4029 589 4084 certi
612 4043 819 4084 sumus.
848 4029 1136 4084 Dominum
1166 4030 1465 4100 maiestatis
1506 4047 1692 4088 sermo

105 4121 291 4177 divinus
304 4124 642 4179 cruciﬁxum
660 4138 689 4176 a
706 4122 1040 4193 principibus
1066 4123 1228 4193 hujus
1244 4125 1425 4180 saeculi
1449 4126 1610 4192 dicit;
1635 4136 1690 4181 tu

102 4230 260 4286 negas,
284 4229 339 4273 et
370 4218 459 4273 iIIi
483 4220 749 4288 negabant
772 4217 942 4274 Deum
970 4233 1028 4274 se
1054 4219 1371 4288 crucifigere
1399 4220 1490 4290 qui
1514 4221 1688 4275 cruci-

1801 3381 1978 3453 placet
2006 3379 2292 3450 (quamvis
2333 3374 2536 3430 nullius
2574 3372 2865 3441 diSplicere
2908 3372 2990 3429 vel
3034 3389 3265 3444 persona
3308 3376 3396 3435 vel

1798 3487 1960 3530 sexus
1986 3471 2184 3527 debeat
2215 3466 2303 3524 cui
2334 3465 2610 3523 confessio
2651 3464 2975 3519 sacramenti
3015 3468 3396 3527 auctoritatem

1798 3567 1947 3633 facit,
1984 3564 2108 3635 quia
2140 3560 2438 3629 quamlibet
2481 3557 2722 3613 conditio
2769 3559 3086 3629 cujusquam
3121 3569 3215 3615 aut
3244 3561 3395 3619 locus

1796 3661 1974 3716 minor
2002 3660 2092 3725 sit,
2126 3657 2298 3712 virtus
2325 3665 2503 3709 tamen
2542 3652 2667 3707 ﬁdei
2692 3652 2861 3707 nescit
2893 3652 3195 3723 imminui),
3224 3653 3393 3712 inter.

1794 3766 2047 3823 rogemus
2094 3760 2273 3803 tamen
2296 3762 2402 3801 non
2434 3743 2780 3816 incipientem
2825 3743 3056 3814 aliquem
3106 3747 3392 3815 puerulum

1795 3845 1950 3915 cujus
1981 3842 2243 3897 institutio
2269 3839 2443 3904 rudis,
2481 3847 2575 3894 aut
2614 3836 2869 3892 feminam
2918 3837 3075 3908 cujus
3104 3837 3235 3896 ﬁdes
3280 3840 3391 3896 for-

1794 3941 1936 3996 sitan
1966 3938 2210 3993 videatur
2242 3934 2526 4005 incipiens,
2558 3931 2653 3988 sed
2682 3946 2954 3988 summum
2984 3932 3135 3989 illum
3166 3943 3221 3989 et
3250 3932 3391 3993 inter

1797 4031 2090 4101 discipulos
2111 4027 2457 4097 discipulum,
2481 4037 2533 4081 et
2566 4026 2710 4079 inter
2734 4023 3022 4095 magistros
3052 4027 3389 4098 magistrum,

1796 4122 1824 4163 ι)
1847 4125 1934 4196 qui
1969 4125 2228 4178 Romana:
2256 4119 2512 4175 Ecclesiae
2526 4118 2951 4190 gubernaculum
2985 4133 3203 4191 regens,
3236 4131 3259 4161 ε
3289 4122 3391 4178 sic.

1796 4227 1856 4273 ut
1901 4216 2025 4273 lidei
2076 4214 2283 4279 habuit,
2327 4214 2397 4269 ita
2439 4222 2494 4268 et
2541 4210 2830 4269 sacerdotii
2871 4210 3249 4284 principatum.
3296 4214 3392 4277 Dic

1188 4330 1448 4387 ALARDI
1486 4331 1718 4389 GAZREI
1755 4327 2324 4388 COMMENTARIUS.

101 4424 309 4483 Thomas
356 4428 413 4481 in
462 4426 865 4481 Commentario
915 4428 1073 4481 docet
1118 4440 1281 4494 posse
1336 4425 1561 4496 intelligi
1611 4428 1679 4482 de

100 4500 265 4567 triplici
306 4515 522 4569 genere
565 4499 904 4567 principum:
940 4498 1262 4563 chulares,
1305 4497 1509 4565 inquit,
1537 4500 1679 4569 prin-

100 4572 212 4636 (ipes
258 4576 393 4625 hanc
434 4572 745 4638 sapientiam
771 4587 873 4623 non
918 4580 1292 4641 cognoverunt,
1319 4573 1440 4637 quia
1479 4570 1678 4625 excedit

98 4644 322 4696 rationem
364 4642 594 4715 humani
624 4644 903 4715 regiminis.
938 4640 1251 4715 Philosophi
1298 4659 1397 4715 non
1422 4659 1679 4715 cognove-

100 4726 221 4784 runt,
250 4718 376 4784 quia
406 4714 610 4784 excedit
660 4711 912 4767 r’a‘ionem
952 4713 1250 4767 humanam.
1310 4711 1458 4767 Unde
1488 4711 1677 4768 dicitur

99 4780 277 4837 Barnch
307 4802 365 4841 ιιι
416 4802 433 4838 :
494 4783 848 4853 Exquisitores
891 4785 1177 4856 prudentia:
1213 4793 1260 4837 et
1287 4787 1513 4839 scientia:
1544 4787 1677 4839 riam

96 4859 334 4919 sapientia:
366 4857 688 4910 nescierunt.
722 4856 989 4910 Dtcmones
1012 4858 1165 4909 etiam
1198 4873 1300 4910 non
1329 4870 1674 4928 cognoscunt,

96 4930 197 4993 quia
224 4931 426 4983 excedit
462 4944 665 4981 omnem
687 4928 994 4995 sapientiam
1036 4938 1283 4982 creatam.

154 5009 173 5034 "
212 5000 301 5055 His
330 5000 521 5055 verbis
547 4999 782 5053 breviter
803 5000 1051 5053 confessa
1077 5010 1159 5053 est
1180 4998 1381 5054 Martha
1411 4998 1675 5069 quidquid

95 5069 148 5124 dc
170 5070 381 5128 Christo
417 5080 637 5140 poterat
680 5072 925 5125 confiteri
959 5070 1128 5139 (Vide
1174 5070 1410 5125 Maldon.
1453 5072 1507 5123 in
1536 5071 1677 5125 hunc

99 5140 306 5212 locum),
340 5145 469 5212 ejus
515 5142 725 5196 scilicet
766 5143 1099 5197 divinitatem
1152 5154 1204 5198 et
1249 5143 1671 5209 humanitatem;

97 5214 205 5267 nihil
226 5219 370 5271 t-nim
398 5214 634 5281 amplius
662 5214 853 5269 Petrus
880 5214 1161 5269 confessus
1188 5224 1270 5269 est
1292 5214 1527 5268 Matthrci
1558 5229 1672 5282 tm,

97 5300 196 5338 cum
220 5285 476 5343 Christus
498 5301 620 5341 eum
646 5286 859 5341 beatum
889 5286 1199 5351 appellavit,
1231 5295 1285 5339 et
1311 5301 1473 5347 super
1498 5287 1671 5353 ipsum

99 5354 373 5412 Ecclesiam
410 5358 565 5412 5mm
598 5373 656 5411 se
686 5357 1033 5410 fundotttrttm
1066 5359 1328 5423 promisit.
1361 5357 1498 5424 Quin
1523 5357 1664 5412 Petri

98 5429 402 5485 confusioni
441 5430 545 5485 hoc
575 5431 737 5483 etiam
770 5430 1008 5482 addidit:
1038 5431 1140 5495 Qui
1170 5430 1221 5482 in
1255 5429 1389 5482 hunc
1422 5430 1668 5483 mundum

99 5503 270 5563 satiati,
302 5514 363 5556 ut
398 5503 670 5571 Rupertus
694 5500 1108 5565 animadvertit;
1143 5500 1339 5569 quibus
1371 5500 1550 5555 verbis
1580 5516 1671 5555 no-

102 5572 208 5644 tarit
246 5574 490 5629 ofﬁcium
533 5588 596 5627 ac
637 5576 950 5644 mysterium
995 5572 1386 5641 relemptionis
1435 5584 1664 5644 nostrae,

100 5643 169 5708 qui
192 5643 283 5697 fuit
312 5646 442 5699 finis
469 5655 516 5699 el
547 5643 743 5711 scapus
767 5644 1029 5697 adventus
1061 5654 1116 5697 et
1146 5643 1531 5697 incarnationis
1565 5644 1669 5696 Do-

102 5712 307 5770 minic:e.
342 5718 429 5771 Ad
464 5720 565 5770 hoc
595 5718 741 5771 enim
773 5718 925 5769 venit
955 5714 1122 5768 Filius
1157 5715 1414 5781 hominis,
1450 5726 1504 5768 ut
1532 5730 1672 5785 qna:-

100 5797 205 5858 reret
227 5802 272 5842 et
296 5790 501 5843 salvum
528 5791 719 5858 faceret
738 5788 873 5857 quod
904 5788 1125 5854 perierat
1155 5786 1315 5857 (Luc.
1341 5802 1428 5841 xxx
1450 5784 1488 5855 ).

154 5856 182 5930 ἥ
215 5858 504 5929 Eusebius,
529 5856 625 5915 Iib.
650 5876 685 5914 ιι
714 5856 851 5915 Hist.
877 5874 995 5927 cap.
1026 5859 1111 5924 14,
1141 5862 1207 5913 de
1232 5858 1392 5914 Petro
1420 5861 1670 5930 loquens:

104 5922 365 6000 Salutaris,
403 5922 593 6001 inquit,
624 5922 1013 5998 praedicationis
1044 5922 1216 5998 verba,
1240 5932 1435 6000 primus
1466 5922 1519 5986 in
1549 5929 1672 5987 urbe

1789 4426 1955 4481 Roma
2004 4422 2277 4495 Evangelii
2315 4422 2396 4475 sui
2412 4420 2667 4495 clavibus
2704 4424 2931 4495 januam
2975 4421 3121 4495 regni
3167 4423 3389 4495 celestis

1782 4501 2005 4569 aperuit.
2043 4493 2172 4552 Leo'
2198 4510 2363 4569 ser_m.
2402 4494 2538 4569 i_de
2582 4493 2759 4569 Natali
2807 4493 3177 4569 apostolorum
3211 4493 3389 4569 :ACum

1781 4563 2007 4639 apostoli
2054 4566 2381 4639 imbuendum
2436 4563 2715 4639 Evangelia
2764 4565 3050 4639 mundum,
3088 4567 3385 4639 distributis

1779 4635 1878 4695 sibi
1899 4652 2153 4694 terrarum
2183 4636 2441 4710 partibus,
2463 4637 2822 4710 suscepissent,
2848 4636 3168 4710 beatissimus
3195 4635 3386 4710 Petrus

1779 4713 2016 4784 princeps
2037 4706 2546 4784 apostoliciordinis,
2570 4707 2636 4760 ad
2652 4724 2826 4784 arcem
2849 4706 3072 4784 Romani
3098 4709 3386 4784 destinatur

1781 4779 2008 4850 imperii,
2038 4795 2091 4836 ut
2121 4788 2203 4837 lea:
2226 4780 2477 4843 veritatis,
2504 4794 2617 4846 qua:
2644 4779 2697 4832 in
2730 4780 2957 4832 omnium
2983 4779 3216 4848 gentium
3237 4796 3382 4835 reve-

1704 4841 1755 4904 D
1782 4841 2251 4915 labatur'salutem,
2294 4841 2548 4922 efﬁcacius
2577 4866 2631 4904 se
2660 4852 2723 4904 ab
2762 4841 3067 4922 ipsocapite
3098 4866 3190 4919 per
3217 4862 3386 4907 totum

1783 4928 1963 4982 muniti
1982 4943 2168 4998 corpus
2191 4920 2500 4993 effunderet.
2537 4923 2600 4977 Et
2623 4920 2856 4991 Prosper
2877 4920 3018 4977 libro
3040 4922 3108 4979 de
3129 4922 3383 4994 Ingratis:

1873 5042 2036 5093 Sedes
2055 5040 2206 5088 Roma
2229 5039 2389 5097 Petri,
2415 5050 2543 5101 quae
2561 5034 2820 5101 pastoralis
2838 5036 3040 5101 honoris

1874 5103 2019 5153 Facta
2045 5109 2191 5164 caput
2210 5102 2408 5164 mundo,
2432 5099 2666 5163 quidQuid
2691 5111 2789 5149 non
2812 5099 3033 5162 possidet
3054 5101 3218 5162 armis,

1876 5166 2156 5228 Relligioue
2181 5171 2340 5215 tenet.

1855 5294 1876 5322 ο
1917 5283 1973 5339 S.
2005 5282 2117 5338 Leo
2147 5295 2312 5337 serm.
2345 5279 2379 5334 5
2404 5278 2455 5333 in
2483 5277 2859 5333 anniversario
2885 5294 2899 5335 :
2929 5277 3004 5332 De
3029 5284 3155 5343 toto,
3185 5278 3381 5349 inquit,

1777 5361 1968 5409 ntundo
2018 5372 2150 5408 unus
2203 5352 2386 5405 Petrus
2418 5351 2644 5420 eligitur,
2675 5352 2760 5419 qui
2786 5361 2832 5403 et
2861 5350 3214 5404 universarum
3261 5366 3384 5420 gen-

1779 5429 1906 5481 tium
1927 5428 2183 5479 vocationi
2205 5470 2217 5491 ,
2247 5435 2292 5477 et
2315 5423 2549 5477 omnibus
2570 5423 2817 5495 apostolis
2840 5420 3383 5495 cunctisqueEcclesne

1781 5498 2028 5552 Pntribus
2060 5506 2412 5573 prquonatur,
2446 5503 2499 5547 ut
2525 5491 2753 5560 quamvis
2799 5496 2853 5548 in
2884 5491 3072 5565 populo
3107 5491 3202 5546 Dei
3232 5491 3382 5573 multi

1780 5571 2069 5624 sacerdotes
2101 5569 2202 5622 sint
2227 5568 2474 5636 multique
2504 5575 2759 5634 pastores,
2783 5582 2957 5619 omnes
2978 5575 3145 5636 tamen
3171 5568 3382 5636 praprie

1782 5653 1923 5713 regat
1958 5642 2165 5705 Petrus,
2195 5656 2323 5713 quos
2352 5633 2710 5713 principaliter
2739 5638 2864 5713 regit
2897 5634 3223 5713 et_Christus.
3260 5633 3378 5713 Mn-

1782 5656 1923 5713 regat
1958 5656 2165 5705 t’ctrus,
2233 5657 2323 5693 uos
2352 5656 2710 5706 prmCtpatttt’r
2739 5656 2864 5709 regtt
2897 5656 2944 5690 et
2969 5656 3223 5687 Limatus.
3260 5656 3378 5686 tuu-

1782 5730 1941 5783 gnum
1984 5724 2029 5766 et
2066 5656 2323 5775 miraZile,
2356 5711 2708 5776 dilectissimi,
2756 5709 2874 5761 huic
2917 5709 3026 5783 viro
3056 5709 3382 5783 consortium

1784 5776 2025 5855 potentia:
2053 5799 2161 5837 sua:
2202 5783 2376 5836 tribuit
2406 5783 2581 5855 divina
2623 5783 2881 5855 digratio.‘
3022 5777 3067 5831 si
3095 5777 3221 5842 quid
3264 5794 3380 5832 cum

1783 5850 1841 5910 eo
1872 5872 2138 5910 commune
2170 5856 2365 5909 cteteris
2396 5854 2553 5908 voluit
2587 5850 2693 5907 esse
2718 5850 3059 5918 principibus,
3098 5864 3378 5920 numquam

1783 5929 1883 5985 nisi
1908 5944 2000 5995 per
2026 5929 2191 5995 ipsum
2221 5928 2360 5984 dedit
2384 5926 2632 5995 quidquid
2661 5926 2778 5981 aliis
2803 5937 2902 5978 non
2933 5923 3155 5991 negavit.
3190 5922 3381 5979 Omnes
