3970 6344
613 301 677 366 τι
1937 293 2225 357 JOANNIS
2261 298 2574 360 cassum
3776 319 3827 376 η

610 427 762 488 illam
789 420 1184 490 Thcodochon,
1213 427 1276 480 ut
1314 428 1371 478 tu
1394 417 1507 486 ’ais,
1537 415 1593 474 id
1622 423 1724 486 est,
1758 417 2147 487 susceptricem
2177 427 2203 456 ι
2231 420 2287 481 Α
2310 419 2570 490 primens,
2601 417 2708 476 hoc
2736 424 2946 476 tantum
2976 419 3119 492 quod
3149 419 3412 482 didicerat
3438 428 3656 488 tenebat.
3681 433 3827 510 Itaque

555 509 557 511 ’
610 521 840 580 Deitatis
876 517 1211 578 nominavit?
1259 515 1347 572 vel
1392 527 1544 570 more
1589 511 1881 584 impietatis
1934 520 2041 568 tuae
2081 528 2204 570 cum
2309 512 2424 580 ille,
2450 522 2507 569 ut
2537 523 2592 569 tu
2621 513 2848 570 forsitan
2877 525 3061 584 putas,
3093 519 3324 575 rusticus
3347 529 3400 577 et
3432 520 3687 594 imperitus
3707 509 3825 592 brevi

607 629 771 686 quem
797 612 1048 685 contigit,
1073 625 1180 667 non
1205 616 1424 680 propter
1439 620 1520 674 se,
1549 606 1642 662 sed
1660 614 1880 678 propter
1899 620 2022 662 eum
2045 622 2206 678 quem
2310 613 2364 663 te
2395 621 2537 663 nunc
2565 607 2924 678 responsione
2950 609 3258 677 concludit,
3293 613 3471 680 paucis
3502 622 3743 678 sermonis
3763 628 3825 682 sui

556 702 567 722 ‘
605 708 664 765 in
689 722 748 764 se
775 714 1056 778 receperat
1084 747 1100 772 ,
1130 698 1498 758 venerandum
1544 713 1669 756 esse
1706 699 2070 755 memoravit?
2109 698 2206 756 sed
2310 697 2479 774 [Lips.
2507 701 2561 754 in
2589 717 2756 774 marg.
2789 701 3139 758 sermonibus
3162 701 3297 776 suis]
3317 713 3566 760 conteret.
3591 708 3708 778 Quid
3729 729 3829 788 ergo

552 806 555 809 ’
606 801 958 859 subtilitatem
985 798 1125 854 hanc
1144 792 1491 852 discretionis
1519 800 1626 849 tute
1657 793 1934 864 apostolus
1951 791 2048 848 Dei
2069 791 2206 848 forte
2307 793 2588 864 apostolus
2628 793 2866 849 Thomas
2890 794 3088 866 tetigit,
3120 808 3241 851 cum
3271 797 3336 852 ad
3367 797 3668 870 palpandum
3697 804 3829 864 Deum

609 909 721 952 non
745 901 924 960 norat,
955 889 1358 961 ebelegantiam
1399 886 1589 957 judicii
1634 885 1711 942 tui
1749 902 1813 943 ac
1841 885 2203 943 differentiam
2307 889 2540 943 accessit
2560 888 2584 942 ἲ
2603 887 2881 944 Christum
2911 891 3097 960 utique
3115 890 3317 962 absque
3341 891 3518 948 dubio.
3540 894 3663 961 Quid
3687 909 3828 956 autem

607 1005 717 1046 non
748 987 1006 1053 habebat,
1037 985 1201 1041 homo
1232 981 1489 1040 videlicet
1530 981 1764 1054 rusticus
1811 990 1865 1037 et
1896 981 2199 1050 imperitus,
2307 981 2675 1037 exclamavit?
2705 981 2986 1050 Dominus,
3037 983 3228 1055 inquit,
3263 1001 3420 1052 meus,
3451 996 3497 1041 et
3541 985 3667 1045 Deus
3701 1007 3825 1050 meus.

605 1081 906 1140 dialectica:
931 1079 1065 1135 artis
1109 1077 1346 1142 nescius,
1395 1074 1790 1146 philosophica:
1820 1075 2204 1146 disputationis
2308 1073 2464 1132 Nunc
2493 1077 2536 1130 si
2569 1085 2748 1146 potes,
2779 1088 2836 1133 et
2863 1074 3136 1132 Christum
3183 1092 3214 1131 a
3262 1077 3372 1134 Deo
3415 1093 3614 1150 separa,
3645 1091 3695 1139 et
3718 1095 3831 1143 muta

601 1174 844 1248 ignarus,
863 1173 950 1230 cui
976 1171 1187 1228 scilicet
1209 1168 1476 1225 institutio
1492 1167 1706 1223 Domini
1729 1168 1811 1223 sui
1843 1165 2060 1222 abunde
2085 1166 2200 1222 suf-
2306 1167 2508 1226 dictum
2535 1168 2658 1233 hoc,
2687 1170 2732 1224 si
2760 1171 2930 1225 vales.
2965 1170 3043 1226 Da
3073 1170 3407 1227 dialecticam
3447 1173 3827 1243 disputationem.

599 1268 838 1338 ﬁciebat,
867 1277 924 1324 et
947 1267 1039 1339 qui
1071 1264 1204 1320 nihil
1235 1263 1461 1319 omnino
1490 1261 1718 1328 sciebat,
1761 1260 1864 1316 nisi
1909 1260 2014 1317 hoc
2056 1259 2202 1332 quod
2304 1263 2373 1320 da
2405 1263 2752 1335 prudentiam
2784 1263 3136 1335 mundialem,
3168 1275 3221 1320 et
3249 1266 3464 1322 stultam
3493 1266 3625 1321 illam
3647 1269 3829 1326 verbosa

600 1364 833 1422 Domino
871 1361 1105 1418 docente
1154 1357 1528 1430 cognoverat?
1577 1355 1646 1412 Et
1694 1354 1816 1411 ideo
1857 1369 2041 1411 sermo
2070 1369 2202 1411 suus

599 1457 838 1516 caelestis
857 1453 1104 1511 doctrina
1125 1461 1264 1516 erat,
1283 1449 1416 1506 lides
1441 1464 1538 1504 sua
1563 1447 1931 1519 magisterium
1957 1444 2199 1502 divinum

596 1560 752 1617 erat;
780 1548 1110 1619 disjungere,
1129 1556 1189 1600 ut
1211 1553 1263 1599 tu
1286 1541 1442 1612 facis,
1465 1559 1494 1598 a
1517 1556 1747 1614 corpore
1777 1556 1875 1597 suo
1909 1542 2197 1598 Dominum

595 1659 703 1702 non
735 1642 1019 1708 didicerat,
1050 1649 1105 1696 et
1132 1637 1397 1694 divellere
1441 1651 1471 1692 a
1521 1651 1581 1692 se
1614 1637 1732 1706 ipso
1771 1635 1941 1691 Deum
1976 1638 2196 1706 penitus
2300 1638 2472 1707 vales,
2507 1638 2609 1694 nisi
2641 1639 2744 1696 hoc
2768 1639 2910 1710 quod
2939 1640 3218 1711 apostolus
3255 1641 3423 1712 tetigit
3454 1641 3614 1698 Deum
3639 1659 3742 1700 esse
3773 1645 3831 1701 la-

593 1739 895 1798 nesciebat.
918 1738 1172 1804 Sanctus,
1202 1736 1470 1804 sincerus,
1503 1735 1646 1804 pius,
1673 1734 2063 1798 innocentiam,
2096 1748 2195 1804 pe-
2301 1732 2490 1788 tearis.
2524 1731 2589 1787 Et
2619 1732 2838 1804 quidem
2867 1733 2913 1787 si
2938 1747 3046 1804 quo
3082 1733 3246 1789 modo
3275 1733 3444 1803 pessis
3472 1735 3728 1792 immutare
3749 1738 3833 1792 lor-

592 1835 792 1901 ritiam,
810 1833 972 1890 [idem
993 1832 1242 1895 illzesam,
1264 1830 1546 1886 scientiam
1573 1829 1937 1898 incorruptam
1965 1827 2190 1897 habens,
2223 1831 2274 1894 B
2299 1840 2396 1881 san
2428 1824 2675 1881 historiae
2702 1825 3036 1897 evangelica:
3059 1826 3492 1897 pradicationem
3508 1828 3656 1898 velis,
3683 1839 3832 1887 utnec

591 1926 620 1970 δ
647 1943 871 1985 sensum
901 1941 1023 1983 cum
1054 1924 1251 1980 astutia
1283 1921 1604 1993 simplicem,
1635 1935 1758 1976 cum
1793 1919 2031 1990 perlecta
2059 1919 2189 1974 sim-
2297 1935 2494 1990 corpus
2533 1920 2741 1976 Domini
2799 1919 3040 1975 Thomas
3082 1919 3363 1992 apostolus
3409 1921 3719 1992 contigisse,
3756 1938 3831 1978 nec

590 2023 836 2096 plicitate
868 2031 891 2061 α
940 2018 1260 2090 sapientiam
1313 2017 1478 2072 totius
1525 2015 1648 2070 mali
1681 2025 1983 2084 expertem,
2023 2015 2188 2070 totius
2293 2013 2569 2071 Christum
2596 2015 2882 2073 Dominum
2914 2017 3084 2072 Deum
3116 2015 3323 2072 dixisse
3344 2017 3620 2087 legeretur,
3645 2017 3724 2073 sed
3749 2018 3827 2074 itn-

590 2113 951 2185 corruptionis
989 2113 1261 2185 ignarum,
1293 2108 1458 2164 tutius
1510 2107 1783 2162 hzereticae
1815 2107 2189 2179 perversitatis
2292 2112 2488 2167 mutari
2529 2111 2672 2182 quod
2702 2111 2755 2167 in
2790 2111 3086 2182 Evangelio
3136 2109 3230 2166 Dei
3263 2111 3518 2180 scriptum
3560 2120 3638 2166 est
3671 2127 3830 2182 nequa-

590 2210 906 2274 immunem,
941 2214 996 2264 et
1018 2205 1109 2278 qui
1142 2204 1376 2260 formam
1401 2201 1566 2258 divini
1592 2200 1885 2271 magisterii
1912 2202 1965 2256 in
1996 2217 2056 2258 se
2095 2218 2187 2257 ex-
2290 2219 2453 2274 quam
2485 2213 2685 2274 potest.
2712 2203 2914 2261 Caelum
2938 2204 3084 2260 enim
3115 2213 3163 2259 et
3205 2212 3347 2260 terra
3391 2203 3682 2271 transibunt,
3713 2205 3829 2260 verba

2303 1357 2602 1415 calliditate
2626 1359 2972 1430 sapientiam.
3009 1359 3176 1416 Verte
3201 1375 3390 1417 omnes
3418 1371 3520 1418 tete
3542 1361 3592 1417 in
3613 1362 3770 1431 facies,
3791 1377 3831 1422 et

2303 1453 2589 1511 contrahe.
2640 1453 2911 1526 Quidquid
2962 1453 3078 1511 sive
3122 1455 3319 1510 animis
3362 1455 3474 1511 sive
3522 1466 3630 1512 arte
3671 1459 3828 1526 valeas,

2301 1546 2567 1616 quidlibet
2588 1545 3041 1618 dicas,qnidlibet
3072 1547 3261 1615 facias,
3298 1548 3448 1604 exire
3473 1548 3590 1605 hinc
3617 1565 3828 1622 nusquam

1660 2362 1920 2419 ALARDI
1956 2362 2194 2421 GAZ/El
2231 2363 2812 2424 COMMENTARIUS.

2292 2507 2426 2562 nihil
2453 2507 2599 2562 aliud
2631 2504 3162 2578 sonet'l'heodnchos
3188 2519 3353 2578 quam
3384 2505 3478 2562 Dei
3512 2517 3828 2578 susceptorem

591 2518 703 2576 rius
727 2513 948 2570 nolebat
981 2509 1205 2568 Mariam
1254 2507 1360 2564 dici
1391 2506 1649 2581 Θεοτότιον,
1688 2505 1783 2581 sed
1823 2507 2186 2581 Χριστοτὸκον,

589 2590 645 2648 id
677 2595 781 2657 est,
807 2585 1009 2642 ChriSti
1039 2592 1429 2657 matrenitnon
1484 2579 1598 2657 _D_ei.
1637 2579 1881 2657 Θεότοκᾳξ
1910 2594 2034 2632 veru
2052 2595 2186 2657 cum

591 2649 819 2718 acceniu
876 2658 929 2712 in
982 2652 1430 2720 antepenultima,
1484 2651 1535 2704 id
1569 2661 1676 2716 est,
1727 2651 1942 2720 genitus
1986 2665 2014 2702 a
2051 2649 2180 2704 Deo.

588 2734 847 2791 Neutrum
872 2735 1054 2784 autem
1075 2725 1143 2782 de
1170 2739 1336 2780 carne
1365 2722 1566 2778 Christi
1595 2722 1703 2777 dici
1735 2736 1914 2790 posse,
1947 2736 2123 2791 neque
2153 2737 2183 2777 a

588 2803 845 2862 Nestnrio
871 2801 1073 2855 dictum
1123 2796 1315 2864 fuisse,
1351 2810 1448 2866 per
1477 2809 1535 2849 se
1573 2805 1762 2866 notum
1806 2803 1908 2847 est.
1953 2792 2026 2847 At
2055 2809 2184 2849 vero

588 2875 902 2942 Θεουδόχος,
939 2872 1028 2927 vel
1075 2865 1359 2942 Θεοδόχος,
1402 2865 1604 2942 idest,
1639 2865 1803 2942 Deum
1843 2867 2100 2942 capietis,
2134 2879 2182 2942 _a

588 2951 755 3006 verbo
782 2935 1040 3018 ἷέχὸμαι.
1068 2940 1214 3018 quod
1237 2935 1329 2996 'ést
1362 2937 1540 3018 capio,
1581 2937 1665 2991 vel
1711 2935 2182 3018 suscipio;-Uiide

588 3005 771 3078 statim
812 3005 893 3071 δί’
911 3005 1282 3086 ριιορτἷιεείιηβ
1323 3010 1613 3086 exponitur
1638 3023 1900 3086 :ﬂcarnem
1948 3005 2185 3086 Τῃεοςο-

589 3096 743 3152 chon,
771 3087 826 3143 id
871 3080 974 3152 est,
1002 3080 1365 3154 susceptricem
1399 3081 1640 3154 Deitatis.
1667 3080 1757 3154 Sic
1791 3080 1935 3133 enim
1963 3081 2184 3154 _i_mpins

589 3165 682 3220 ille
731 3151 1016 3216 NeStorittS
1043 3151 1285 3222 carnem,
1319 3153 1368 3207 id
1399 3161 1502 3217 est,
1530 3152 1919 3222 humanitatem
1953 3151 2179 3217 Christi,

589 3237 675 3292 vel
701 3232 970 3289 Christum
1007 3221 1287 3282 hominem
1336 3240 1443 3278 non
1473 3224 1722 3280 Θεὸτοκον
1747 3263 1761 3287 ,
1787 3221 1838 3276 id
1864 3233 1978 3285 est,
2010 3237 2039 3275 a
2076 3223 2184 3277 Deo

587 3307 850 3380 genitum,
885 3299 983 3380 sed
1026 3296 1311 3380 Θιοδὸχοιι,
1354 3295 1414 3380 id.
1455 3297 1680 3380 est,_l_)ei
1707 3302 2098 3380 ‘su'sceptorem
2132 3303 2187 3349 et

2289 2589 2385 2634 aut
2409 2579 2795 2650 susceptricetn
2830 2577 2994 2650 (Vide
3021 2578 3177 2649 plura
3205 2577 3278 2630 ad
3310 2579 3402 2650 lib.
3436 2593 3466 2632 v
3491 2595 3536 2633 c.
3567 2580 3642 2648 2).

2364 2660 2388 2686 ι·
2418 2649 2731 2720 Opportune
2763 2649 2848 2704 hic
2871 2651 3105 2705 occurrit
3125 2650 3288 2706 Joan.
3323 2649 3516 2705 Molani
3537 2650 3601 2706 de
3624 2651 3711 2706 hac
3728 2667 3830 2710 voce

2290 2721 2519 2794 aliisque
2549 2722 2825 2794 natiiiullis
2859 2721 3188 2794 notatiolln
3209 2721 3382 2778 addit.
3398 2723 3482 2794 ‘ad
3514 2722 3755 2794 Martyrol.
3779 2725 3830 2780 25

2291 2790 2473 2864 Ιυέὸνζ)
2505 2810 2518 2846 :
2552 2792 2676 2847 Non
2705 2802 2799 2859 est,
2836 2793 3028 2863 inquit,
3053 2790 3355 2851 dicendum.
3384 2790 3831 2861 Deitateni,'media-

2287 2872 2471 2928 torem,
2499 2866 2830 2937 saltatorem,
2869 2875 2916 2918 et
2948 2865 3146 2937 similes
3172 2880 3322 2918 voces
3368 2881 3469 2918 non
3497 2882 3602 2921 esse
3639 2864 3828 2937 Latinas,

2286 2939 2408 3006 quia
2431 2935 2623 3008 saeculo
2654 2934 2914 2990 Ciceronis
2935 2935 3135 2990 Latinae
3161 2953 3265 2990 non
3289 2945 3466 3003 erant;
3488 2938 3578 2992 sed
3599 2934 3830 3008 agnoscat;

2289 3009 2411 3061 dum
2456 3018 2527 3062 est
2569 3007 2893 3062 Christianos
2930 3011 3162 3062 auctores
3195 3009 3537 3069 locupletasse
3585 3007 3641 3064 et,
3663 3026 3831 3064 ornasse

2288 3077 2528 3133 Latinam
2556 3081 2789 3150 linguam
2821 3080 3118 3150 hujusmodi
3148 3079 3380 3144 vocibus,
3415 3097 3526 3150 qua
3555 3082 3833 3136 instituenda:

2289 3161 2432 3204 erant
2455 3152 2524 3203 ad
2551 3169 2610 3204 ea
2633 3151 2942 3206 Christianae
2970 3150 3235 3220 religionis
3282 3153 3520 3222 mysteria
3551 3153 3829 3221 explicanda,

2287 3238 2405 3293 qua;
2425 3238 2583 3293 icazca
2630 3222 2892 3293 gentilitas
2949 3223 3217 3293 ignorabat
3246 3221 3414 3292 (Vide
3440 3223 3628 3279 Barou.
3657 3224 3702 3277 in
3729 3226 3830 3278 notis
3885 3283 3888 3286 ,

2289 3295 2357 3365 ad
2383 3292 2658 3364 .llartyrol.
2687 3294 2721 3348 9
2745 3292 3039 3364 Novemb.)
3075 3295 3396 3365 Augustinus
3424 3293 3512 3348 lib.
3539 3311 3608 3350 νη
3631 3295 3687 3350 de
3712 3293 3830 3349 Civil.

589 3361 756 3436 :eluti
799 3361 1232 3444 hoSpitem,‘ve'l'
1259 3361 1531 3444 Θέοφρρογ,
1565 3365 1617 3420 id
1639 3375 1745 3444 est,
1777 3365 2054 3444 Deﬂerum
2086 3382 2182 3434 ap-
2207 3369 2256 3435 ο
2288 3361 2384 3444 Dei
2411 3361 2540 3444 cap;
2567 3370 2589 3418 1
2623 3383 2634 3417 :
2674 3365 2820 3418 Hane
2849 3361 3189 3444 divinitatem,
3221 3367 3415 3444 inquit,
3436 3368 3531 3433 vel,
3560 3378 3611 3420 ut
3636 3368 3702 3421 sic
3717 3367 3834 3420 dixe-

590 3435 845 3524 pellabat,
869 3435 1021 3514 quasi
1043 3440 1181 3524 alius
1204 3435 1618 3524 essetChristus
1639 3437 1803 3518 homo
1814 3435 1994 3524 aDeo,
2019 3452 2178 3524 quem

588 3508 926 3586 susceperat,
959 3524 1013 3570 et
1042 3513 1180 3586 intra
1209 3528 1268 3586 se
1294 3510 1536 3586 gerebat,
1569 3524 1676 3586 non
1695 3509 1902 3586 unione
1927 3508 2182 3586 hyposta-

585 3596 718 3656 tica,
749 3580 843 3646 sed
864 3587 1095 3656 quadam
1123 3580 1408 3656 dignitatis
1450 3589 1508 3636 et
1549 3580 1799 3656 amicitia:
1829 3580 2180 3656 praerogativa

589 3650 764 3722 eidem
799 3650 1140 3726 coniunctus.
1166 3655 1364 3711 Cnntra
1395 3668 1554 3722 quam
1586 3650 1860 3716 hmresim,
1888 3651 1940 3726 in
1971 3652 2179 3726 synodo

587 3735 825 3808 generali
860 3722 1287 3808 Ephesina'editi
1319 3734 1445 3808 sunt
1465 3737 1718 3808 canones,
1749 3731 1806 3808 et
1832 3723 1930 3808 sui)
1956 3722 2180 3806 anathe-

591 3793 733 3864 iiiate
765 3793 979 3870 sanci'ti,
1011 3815 1042 3855 e
1062 3799 1256 3868 quibus
1286 3797 1480 3852 tertius
1510 3797 1588 3870 sic
1616 3793 1927 3870 habe_t_:_‘Si
1957 3794 2074 3870 quis
2124 3795 2180 3848 in

589 3895 694 3934 uno
724 3875 931 3932 Christo
961 3865 1259 3942 hypostases
1281 3878 1393 3942 post
1436 3867 1680 3942 unionem
1705 3865 2041 3942 dividit_sola
2092 3882 2178 3942 eas

587 3949 928 4014 connexioue,
955 3937 1070 4015 qua:
1095 3943 1161 4017 sit
1195 3937 1477 4017 secundum
1515 3937 1813 4017 dignitatem
1835 3937 1910 4017 uel
1949 3940 2176 3991 auctori-

587 4032 768 4083 tatem,
792 4029 837 4071 et
866 4009 979 4070 non
998 4013 1191 4086 potius,
1222 4027 1337 4086 qua:
1366 4011 1432 4064 sit
1451 4009 1737 4086 secundum
1767 4009 2004 4086 unionem
2025 4019 2177 4063 uatu-

590 4081 1121 4158 ralemcoujung'ens,
1143 4083 1432 4158 anathema
1454 4082 1539 4158 sit.
1595 4081 1661 4135 Et
1694 4093 1868 4158 canon
1900 4082 2132 4158 ‘qttintus
2160 4099 2172 4134 :

589 4163 649 4222 Si
669 4164 783 4231 quis
816 4150 1078 4216 Christum
1103 4150 1359 4231 hominem
1389 4151 1660 4231 Deiferum
1689 4151 1846 4204 audet
1875 4150 2043 4231 dicere
2064 4193 2079 4218 ,
2121 4161 2179 4231 Aet

588 4223 693 4291 non
723 4235 894 4305 potius
921 4232 1084 4305 Deum
1112 4227 1391 4305 secundum
1429 4223 2036 4305 veritatem,_aiigthema
2078 4223 2174 4305 _sit.

586 4307 703 4364 Hoc
723 4292 877 4378 enim
898 4301 1153 4378 Θεοφόρου
1183 4300 1422 4378 nomine,
1453 4298 1595 4378 sicut
1635 4304 1689 4351 et
1719 4292 2010 4366 Θεοδὸχου,
2043 4295 2176 4350 abu-

587 4381 798 4435 tebatur
837 4369 1124 4430 Nesto'ri'us
1166 4370 1234 4426 ad
1288 4369 1633 4424 indicandum
1692 4381 2047 4436 personarum
2109 4382 2177 4422 ex

589 4452 782 4521 quibus
811 4448 1084 4521 Christum
1101 4441 1459 4521 compositum
1485 4440 1721 4521 volebat,
1747 4438 2172 4521 distinctiOnem.

585 4509 863 4590 Siquidem
885 4516 1062 4590 Deiler
1091 4509 1467 4590 di‘citurltomo
1488 4512 1579 4580 qui
1604 4525 1707 4564 non
1731 4520 1946 4590 natura,
1978 4509 2072 4590 sed
2097 4511 2178 4566 di-

587 4581 1265 4660 vinitatisparticipatione
1295 4583 1439 4660 Deus
1463 4591 1566 4660 est,
1603 4581 1744 4660 quod
1782 4582 1948 4660 Deum
1983 4581 2177 4641 haheat

585 4663 669 4719 sui
692 4651 876 4717 cordis
903 4651 1280 4716 habitatorem.
1311 4662 1367 4710 et
1388 4653 1634 4707 intimum
1665 4651 1952 4720 itaSpitein,
1986 4667 2177 4721 quem-

587 4733 877 4790 admodum
910 4729 1195 4798 pollicetur
1226 4725 1488 4781 Dominus
1506 4722 1666 4798 loan.
1692 4738 1779 4798 s_tv
1812 4737 1827 4776 :
1854 4722 1915 4777 Si
1949 4725 2059 4790 quis
2077 4723 2171 4798 di-

585 4804 700 4879 ligit
733 4819 832 4870 me,
855 4792 1136 4879 sermonem
1164 4813 1331 4879 meum
1349 4793 1592 4879 servabit,
1615 4802 1666 4848 et
1693 4792 1859 4876 .Pater
1889 4810 2030 4879 meus
2051 4795 2176 4850 dili-

583 4865 829 4951 ge'teum,
851 4885 903 4951 et
917 4873 986 4926 ad
1016 4887 1132 4951 eum
1161 4870 1516 4951 ueniemursmet
1539 4865 1855 4951 mansionem
1889 4865 2030 4951 apud
2062 4882 2178 4951 eum

642 4937 853 5002 ciemus.
881 4948 946 4999 At
976 4941 1220 5014 quisquis
1253 4947 1349 5014 est
1388 4937 1721 5014 talis,gsolus
1754 4946 1821 5014 Aet
1869 4937 2046 5014 nudus
2093 4948 2177 4995 est

2203 4763 2258 4825 D

2286 3437 2408 3509 rim,
2440 3437 2710 3509 Deitatem,
2736 3453 2855 3489 nam
2883 3449 2929 3489 et
2959 3436 3057 3490 hoc
3085 3439 3233 3492 verbo
3262 3436 3342 3490 uti
3382 3440 3496 3509 jam
3539 3447 3831 3509 nostrosnon

2285 3507 2440 3581 piget,
2483 3516 2538 3560 ut
2575 3525 2601 3561 e
2633 3508 2811 3581 Gra'co
2851 3509 3140 3581 expressius
3189 3507 3512 3580 transferant
3541 3511 3595 3564 id
3616 3508 3740 3581 quod
3771 3509 3834 3562 illi

2284 3579 2515 3654 9.61m
2533 3579 2817 3654 appellant.
2853 3578 2924 3633 Ini
2945 3597 3092 3654 quem
3114 3580 3290 3654 locum
3321 3578 3431 3654 lege
3451 3578 3640 3636 LudovL
3672 3579 3830 3654 Vivent.

2286 3649 2412 3704 Haec
2457 3649 2723 3706 Molaiius.
2757 3651 2925 3704 Porro
2955 3649 3038 3722 (nt
3066 3652 3167 3706 hnc
3191 3649 3552 3708 etiam'onere
3580 3654 3734 3722 ipsum
3757 3651 3834 3705 ad-

2284 3722 2444 3795 eundi
2475 3722 2742 3795 lectorem;
2772 3722 3072 3794 sublevem)
3105 3736 3330 3780 nostrns
3371 3723 3830 3795 interpretatur-ille

2285 3793 2699 3863 Hieronymum,
2724 3793 3082 3866 Lactantium.
3104 3795 3450 3864 Fulgentiutn
3472 3841 3487 3866 ,
3514 3793 3568 3853 et
3591 3795 3726 3850 addit
3743 3794 3832 3849 hac

2283 3879 2389 3919 non
2419 3867 2722 3934 spernenda
2759 3865 2964 3920 :C‘razci
2993 3867 3117 3920 olim
3147 3883 3178 3918 a
3221 3874 3392 3930 Θεῖος,
3425 3865 3518 3922 hac
3551 3877 3624 3922 est
3646 3867 3832 3927 divinus,

2282 3937 2654 3991 substantivum
2701 3937 2996 3992 derivabant
3040 3936 3269 4004 Θειότης,
3315 3939 3600 4006 divinitas;
3632 3949 3836 4006 quierat:

2284 4007 2590 4064 Christianis
2629 4008 2920 4082 hominibus
2953 4019 3058 4082 tam
3097 4011 3196 4082 late
3223 4021 3403 4082 patere
3428 4015 3534 4066 visa
3581 4019 3670 4073 est,
3708 4023 3835 4082 quam

2283 4095 2464 4155 nomen
2520 4082 2690 4148 ipsum
2732 4081 2955 4155 divinus.
3009 4079 3232 4155 Idcirco
3255 4099 3389 4155 cum
3432 4083 3681 4155 propriam
3715 4079 3835 4155 illast

2282 4147 2380 4227 Dei
2421 4147 2677 4227 naturam
2710 4153 3023 4227 appositiore
3046 4153 3296 4227 vocabulo
3346 4147 3630 4227 signiﬁcare
3660 4151 3835 4227 vellent,

2282 4224 2506 4298 Georg-ra:
2541 4225 2877 4298 nominarunt
2900 4223 3235 4298 Athanasius,
3262 4223 3478 4295 uterque
3503 4223 3760 4298 Gregorius
3798 4231 3839 4298 et

2281 4295 2374 4368 alii
2396 4295 2583 4368 Gnaei,
2613 4295 2752 4365 quod
2781 4296 2906 4368 ipsis
2946 4297 3113 4368 magis
3141 4294 3553 4364 permittebatur,
3585 4294 3636 4350 ut
3667 4294 3838 4368 Quinti-

2281 4363 2452 4421 lianus
2479 4367 2576 4432 ait,
2605 4363 2761 4436 quam
2782 4363 3001 4423 Latinis.
3034 4363 3151 4422 'Sed
3179 4385 3270 4422 nec
3301 4368 3472 4423 Latini
3500 4367 3718 4424 deterriti
3740 4373 3840 4420 sunt

2281 4438 2439 4512 arctis
2470 4438 2662 4512 lingula
2693 4439 2973 4512 rigidisque
3025 4440 3317 4512 praceptis,
3365 4441 3632 4512 quominus
3656 4448 3723 4512 Aet
3758 4436 3839 4508 ipsi

2282 4507 2562 4584 Deitatem'
2590 4507 2838 4584 dicerAént,
2888 4507 3126 4584 naturam
3166 4511 3320 4584 illam
3370 4507 3466 4584 Dei
3501 4507 3836 4584 signiﬁcantes,

2279 4597 2395 4654 qua:
2423 4581 2531 4636 Deo
2561 4581 2772 4654 propria
2801 4590 2908 4654 est,
2921 4598 3010 4637 nec
3031 4582 3101 4636 ad
3120 4583 3228 4636 alia
3249 4583 3532 4654 egreditur,
3548 4579 3622 4637 ad
3649 4597 3752 4652 qua:
3773 4579 3842 4654 di-

2280 4653 2429 4708 vinus
2455 4663 2506 4708 et
2549 4651 2809 4708 divinitas.
2861 4652 2997 4708 Nam
3044 4651 3296 4708 divinitas
3340 4656 3530 4709 dicitur
3580 4651 3839 4714 orationis,

2283 4723 2423 4797 libri,
2451 4724 2527 4778 rei
2557 4735 2734 4797 gestte,
2753 4723 2975 4797 hominis
3003 4733 3050 4779 et
3073 4724 3307 4797 aliarum
3329 4741 3533 4792 rerum;
3562 4724 3730 4780 Deitas
3753 4737 3840 4797 non

2282 4793 2494 4862 dicitur,
2525 4793 2656 4850 sicut
2682 4811 2773 4850 nec
2794 4795 2889 4850 illa
2913 4805 3032 4850 sunt
3056 4796 3162 4860 Dii,
3181 4796 3298 4851 licet
3326 4813 3436 4852 esse
3459 4798 3632 4852 divina
3651 4795 3839 4864 possint.

2285 4865 2538 4932 Quocirca
2567 4865 2778 4921 Latinos
2802 4866 3110 4923 Christiane
3136 4869 3344 4936 pietatis
3383 4869 3656 4937 scriptores
3689 4868 3843 4921 imme-

2279 4942 2381 4991 rito
2409 4939 2534 4992 mihi
2576 4937 2890 4994 Laurentius
2931 4938 3079 4994 Valla
3115 4941 3170 4993 in
3199 4937 3489 4995 Dialectica
3525 4957 3619 4996 sua
3665 4938 3842 4993 videtur

2279 5026 2521 5081 arguere,
2554 5011 2691 5081 quod
2718 5008 2918 5066 Deitate
2947 5020 3177 5078 utantur,
3207 5027 3337 5065 novo
3366 5013 3573 5081 quidem
3600 5011 3839 5081 uocabulo,

2278 5080 2368 5155 sed
2393 5082 2448 5136 in
2467 5099 2524 5136 re
2555 5080 2701 5155 prius
2727 5098 2828 5136 non
2850 5100 2947 5138 usu
2973 5083 3114 5155 trita.
3159 5081 3300 5136 Nam
3339 5080 3548 5139 Gnaeos
3594 5080 3843 5155 reprehen-

2279 5153 2420 5215 dere,
2451 5151 2766 5225 quod‘verba
2813 5171 2905 5225 suo
2948 5155 3043 5209 sibi
3078 5154 3280 5225 ﬁngant
3315 5155 3602 5222 arbitratu,
3631 5151 3745 5225 i'hoc
3781 5157 3845 5205 est

2277 5222 2543 5305 antiquam
2568 5222 2784 5305 Gracia
2805 5222 3091 5305 libertatem
3118 5222 3429 5305 opprimere.
3463 5227 3555 5282 Sic
3583 5224 3694 5305 ille.
3717 5294 3729 5305 .
3765 5292 3792 5305 Α.
3862 5266 3868 5305 ε

2349 5295 2375 5335 ι’
2403 5293 2541 5352 Cum
2569 5297 2786 5361 astutia,
2826 5297 2876 5351 id
2910 5307 3024 5363 est,
3055 5293 3339 5362 prudentia
3370 5312 3500 5364 vera
3525 5307 3582 5352 et
3617 5293 3866 5352 christia-'

2277 5381 2370 5432 na,
2399 5381 2521 5438 qua:
2551 5369 2854 5441 ppponilur
2880 5368 3180 5440 prudentia:
3221 5368 3424 5438 carnis,
3475 5384 3598 5441 qua:
3645 5365 3844 5422 inimica

2276 5447 2361 5494 est
2392 5441 2520 5494 Deo.
2549 5439 2706 5494 Rnni.
2734 5455 2848 5493 vnt.

2353 5521 2375 5549 ο
2408 5511 2741 5580 Sapientiam
2763 5518 2892 5582 ptttu
2920 5509 3007 5567 hic
3032 5511 3365 5579 redundare,
3395 5528 3517 5568 cum
3547 5511 3612 5567 ad
3641 5519 3840 5566 sensum

2277 5581 2428 5658 illum
2458 5581 2908 5658 simplicemhmc
2933 5583 3123 5658 referri
3155 5586 3364 5658 possint
3406 5585 3475 5640 de
3518 5598 3624 5658 quo
3669 5582 3864 5658 illiille"

2275 5653 2441 5723 diate,
2468 5663 2526 5708 ut
2544 5665 2599 5708 et
2622 5656 2898 5727 sequentia
2927 5653 3189 5724 epitheta.
3215 5653 3574 5726 Corruptiouis
3601 5653 3851 5727 ignarum,"

2273 5729 2432 5800 totius
2461 5726 2802 5800 peruersitatis
2831 5731 3134 5800 immunem,
3159 5743 3353 5800 nempe
3376 5726 3626 5800 sensum,
3651 5727 3700 5781 iu
3740 5737 3841 5800 tua:

2269 5789 2512 5881 sculino;
2543 5796 2645 5852 nisi
2677 5789 3129 5881 quislegendutn
3167 5789 3340 5871 pute't,
3390 5789 3652 5871 ignaram,
3698 5803 3753 5852 ut
3783 5789 3843 5852 ad

2268 5877 2590 5943 sapientiam
2621 5877 2909 5929 referatur.

608 4965 638 5002 a

584 4949 853 5002 'aciemus.
881 4949 946 4999 At
976 4949 1220 5014 quisquis
1264 4949 1349 4995 est
1388 4949 1532 5005 tatis,
1571 4949 1721 4994 sotus
1766 4949 1821 4990 et
1869 4949 2046 4992 nudus
2093 4949 2177 4995 est

583 4949 770 5084 horno,
805 5015 902 5072 Dei
927 5011 1427 5070 denommationem
1477 5009 1592 5064 sola
1629 5007 2059 5084 participatioiiis
2091 5025 2178 5084 ra-

583 5091 731 5146 tione
755 5081 1002 5144 sortitus.
1035 5085 1283 5141 Christus
1309 5095 1444 5137 vero
1472 5095 1578 5135 non
1611 5081 2046 5148 participatione,
2077 5083 2173 5137 sed

585 5170 778 5216 natura
802 5163 940 5214 Deus
970 5165 1076 5222 est,
1098 5164 1155 5211 et
1185 5152 1449 5208 naturalis
1479 5152 1570 5206 Dei
1591 5149 1778 5216 Filius,
1806 5151 1949 5206 Deus
1971 5153 2041 5207 de
2058 5152 2172 5209 Deo

617 5233 815 5288 enitus.
835 5228 951 5286 NOn
975 5225 1357 5298 igiturDeil'er,
1376 5225 1458 5279 vel
1485 5223 1578 5298 Dei
1604 5233 1886 5298 susceptor
1902 5224 2176 5298 appellan;

623 5320 684 5359 us
699 5312 805 5367 est,
835 5312 892 5355 ut
921 5294 1286 5355 contendebat
1313 5295 1620 5367 Nestorius,
1651 5294 1839 5349 volens
1867 5295 2173 5351 istiuSmndi

577 5364 964 5447 appellationis
999 5371 1228 5447 obtentu
1258 5381 1443 5447 veram
1471 5367 1524 5421 in
1552 5364 1773 5447 Christo
1809 5380 2006 5435 negare
2035 5367 2176 5423 divi-

579 5440 825 5514 nitatem,
877 5455 934 5501 et
978 5442 1151 5498 solam
1202 5440 1598 5514 humanitatem
1629 5446 2172 5514 astrueretqnnrum

579 5509 872 5589 utrumque
905 5515 1131 5589 impium
1155 5520 1242 5568 est
1265 5522 1338 5589 _et
1365 5511 1764 5589 hlasphemum_.
1794 5510 1875 5589 iis
1910 5509 1994 5564 his
2031 5519 2177 5589 patet

583 5591 723 5646 haud
754 5580 960 5647 (emere
983 5580 1041 5643 et
1069 5582 1342 5640 immerito
1379 5591 1706 5651 expunctam
1732 5580 1899 5638 fuisse
1925 5583 2172 5639 voculam

579 5662 957 5735 imaginem,_u_t
982 5656 1335 5735 superﬂuam.
1353 5663 1410 5712 et
1429 5655 1615 5735 nescio
1631 5668 1735 5735 qua
1761 5656 1970 5735 ratione
1991 5669 2170 5724 quave

579 5725 788 5790 inctiria
817 5725 904 5788 vel
934 5725 1202 5802 imperitia
1231 5730 1516 5802 intrusam.
1543 5725 1682 5802 Quid
1710 5725 1853 5802 enhn
1877 5740 2166 5802 commune

578 5805 730 5860 carni
749 5813 803 5860 et
820 5796 1036 5875 imagini
1049 5801 1144 5875 ?_et
1163 5800 1284 5875 quis
1304 5814 1524 5875 carnem
1549 5796 1753 5875 Christi
1777 5796 2160 5866 Theodoclion,

577 5869 968 5936 susceotricem
991 5869 1238 5940 Deitatis,
1270 5871 1556 5943 imaginem
1582 5869 1974 5943 interpretetur
1990 5909 2007 5940 ,
2035 5883 2160 5929 cum
