3970 6344
536 214 563 227 Α

459 268 533 329 75
566 348 569 349 ν
1788 260 2075 325 ιοΑΝΜε
2112 262 2430 325 οΛ851ΔΝ1
3642 284 3707 345 η

462 384 646 455 ιροοὶο
696 378 933 456 Spiritus
963 391 1185 439 sanctus
1214 384 1421 451 astitit;
1448 382 1722 445 Christum
1754 379 1917 437 Pater
1958 396 2054 452 ap-
2079 382 2129 444 Α
2160 380 2353 437 Filium
2376 382 2886 452 descendisset,uee
2906 385 3267 444 Patet-Filium
3290 392 3703 458 nisivereFilitttu

462 480 704 552 pellavit.
738 478 850 533 Hoc
879 478 923 532 si
951 477 1019 533 de
1050 477 1267 534 Christo
1300 476 1503 530 dictum
1537 490 1739 545 negare
1760 490 1925 531 ausus
1950 489 2044 543 es,

463 581 715 646 superest
758 583 815 641 ut
864 586 966 628 nec
1005 572 1333 640 baptizatum
1377 567 1657 637 Christum
1706 568 1903 634 ‘uisse,
1951 584 2052 625 nec

465 649 727 741 spiritum
783 664 1169 735 descendisse,
1216 676 1319 717 nec
1372 660 1589 717 Patrem
1642 661 1879 719 locutum
1929 675 2052 717 esse

464 760 781 819 contendas.
820 758 925 815 Sed
959 767 1112 828 urget
1154 766 1332 811 tamen
1364 768 1420 811 et
1453 756 1652 824 premit
1680 768 1731 812 te
1761 756 1874 825 ipsa
1905 758 2049 812 veri-

467 866 581 908 tas:
618 865 672 908 ut
706 855 870 909 etiam
905 853 950 907 si
979 851 1233 925 conﬁteri
1264 866 1385 907 eam
1424 852 1601 919 nolis,
1648 862 1828 906 tamen
1853 866 2052 920 negare

464 961 571 1001 non
596 947 789 1017 possis.
841 944 980 1013 Quid
1021 944 1165 999 enim
1210 944 1290 999 ait
1331 944 1702 1014 evangelista?
1747 942 2051 1012 Baptizatus

463 1050 634 1093 autem
676 1037 940 1108 confestim
981 1037 1213 1091 ascendit
1256 1038 1319 1091 de
1356 1055 1516 1108 aqua.
1556 1036 1689 1104 Quis
1750 1038 2052 1106 baptizitus

463 1132 580 1187 est?
620 1130 869 1185 Christus
907 1132 1115 1198 utique.
1147 1128 1214 1183 Et
1242 1147 1384 1191 ecce,
1429 1131 1634 1201 inquit,
1666 1131 1831 1203 aperti
1860 1140 1979 1184 sunt
2004 1133 2052 1185 ei

464 1221 706 1279 ccli.Cni
733 1224 973 1290 scilicet,
999 1224 1099 1278 nisi
1129 1224 1203 1277 illi
1232 1224 1326 1294 qui
1349 1224 1651 1294 baptizatus
1680 1227 1804 1279 est?
1834 1224 2051 1280 Christo

464 1316 664 1388 utique.
689 1314 757 1373 Et
798 1318 922 1372 uidit
967 1318 1203 1390 spiritum
1239 1315 1328 1371 Dei
1359 1319 1753 1372 descendentem
1797 1319 1931 1371 sicut
1957 1334 2050 1372 co-

464 1410 691 1463 lumbam
709 1420 755 1465 et
795 1409 1073 1463 venientem
1112 1424 1266 1476 super
1305 1424 1378 1463 se.
1428 1410 1560 1475 Quis
1603 1408 1769 1464 vidit?
1799 1407 2052 1464 Christus

462 1500 695 1556 scilicet.
726 1502 900 1570 Super
922 1516 1081 1569 quem
1112 1498 1432 1554 descendit?
1460 1514 1622 1567 super
1643 1499 1914 1553 Christum
1947 1498 2052 1552 uti-

461 1607 587 1663 que.
640 1594 706 1647 Et
734 1608 831 1646 vos:
873 1597 1013 1661 facta
1039 1602 1113 1646 cst
1157 1594 1220 1645 de
1249 1593 1410 1659 caelo,
1458 1592 1655 1646 dicens.
1698 1591 1775 1646 De
1806 1591 1950 1661 quo?
1982 1591 2051 1648 de

459 1686 678 1743 Christo
708 1688 933 1744 scilicet.
974 1688 1111 1755 Quid
1142 1689 1287 1742 enim
1330 1687 1609 1757 sequitur?
1638 1685 1735 1740 Hic
1764 1697 1839 1741 est
1879 1684 2052 1741 Filius

2158 474 2493 531 declarasset
2532 480 2874 547 :prarsertim
2918 494 3039 534 cum
3082 482 3166 537 his
3206 485 3397 539 divina
3440 490 3705 552 nativitatis

2156 569 2663 639 signiticatiottibus,
2684 587 2804 642 qua:
2834 589 2942 628 non
2970 575 3145 631 solum
3173 581 3447 634 veritatem
3477 586 3566 652 piae
3596 586 3703 646 ﬁdei

2155 664 2563 733 conlirmarent,
2588 664 2686 720 sed
2711 666 2874 721 etiam
2905 669 3227 738 pravitatem
3261 672 3433 738 impiae
3459 677 3705 745 opinionis

2156 758 2531 814 excluderent.
2563 758 2823 815 lneﬁ‘ahili
2853 764 2995 816 enim
3030 763 3195 817 divini
3224 764 3355 821 dicti
3380 771 3705 838 magniﬁcen-

2157 851 2230 904 tia
2269 865 2391 905 cum
2422 866 2691 921 expresse
2712 869 2778 909 ac
2798 854 3171 923 signiﬁcanter
3197 857 3425 914 dixisset
3452 861 3615 926 Pater.
3636 866 3709 920 hic

2155 953 2227 997 est
2252 940 2428 998 Filius
2459 962 2598 999 mens
2630 946 2871 1012 dilectus,
2900 948 3054 1003 addit
3075 949 3238 1005 etiam
3268 951 3397 1006 illud
3426 955 3559 1021 quod
3580 970 3709 1013 secu-

2156 1044 2269 1093 tum
2305 1046 2426 1103 est,
2470 1038 2703 1095 dilectus
2744 1041 2982 1109 scilicet,
3015 1044 3070 1096 in
3115 1061 3217 1114 quo
3262 1046 3387 1099 mihi
3426 1050 3708 1112 complacui.

2158 1128 2356 1199 Utique
2380 1131 2520 1186 sicut
2550 1148 2645 1202 per
2673 1133 2991 1203 prophetam
3023 1135 3190 1190 Deum
3230 1137 3457 1202 fortem,
3484 1150 3535 1194 et
3562 1141 3709 1197 Denrn

2157 1237 2410 1291 magnum
2428 1222 2544 1293 jam
2571 1224 2961 1294 praedicat-erat
2986 1227 3169 1297 (Isaia:
3190 1229 3299 1294 ts):
3328 1231 3395 1283 ita
3423 1231 3505 1286 hic
3525 1234 3708 1301 dicens,

2154 1310 2330 1369 Filius
2359 1332 2503 1371 meus
2549 1317 2769 1372 dilectus
2799 1319 2852 1371 in
2881 1335 2983 1388 quo
3025 1320 3156 1373 mihi
3183 1324 3485 1392 complacui,
3517 1326 3711 1394 insuper

2155 1408 2361 1476 proprii
2397 1409 2488 1462 lilii
2524 1410 2609 1463 sui
2654 1424 2851 1465 nomen
2880 1410 3115 1479 adjecit,
3147 1422 3203 1465 ut
3248 1415 3619 1481 proprietatem
3644 1418 3713 1470 dio

2154 1500 2294 1553 vittae
2318 1500 2569 1558 videlicet
2594 1513 2802 1558 natura:
2824 1502 3107 1558 nominum
3133 1504 3462 1574 signiﬁcaret
3481 1507 3711 1577 adiectio,

2157 1598 2213 1646 et
2238 1590 2293 1645 id
2318 1592 2385 1647 ad
2436 1594 2698 1648 honorem
2727 1594 2849 1649 Filii
2879 1594 2975 1650 Dei
3024 1597 3375 1663 peculiariter
3406 1599 3715 1667 pertineret,

2155 1684 2300 1752 quod
2339 1685 2477 1740 nulli
2507 1688 2732 1741 omnino
2760 1687 2969 1742 homini
3008 1689 3342 1759 contigisset.
3375 1690 3551 1758 Itaque
3593 1693 3717 1748 sicut

460 1798 603 1837 meus
641 1783 889 1849 dilectus,
922 1784 976 1836 in
1015 1799 1117 1853 quo
1148 1781 1273 1835 mihi
1304 1783 1617 1851 contptacui.
1651 1781 1719 1837 Ut
1741 1780 1921 1836 omnia
1959 1782 2047 1836 illa
2082 1780 2129 1841 B
2158 1777 2251 1832 illa
2284 1781 2502 1848 prepria
2547 1795 2611 1835 ac
2640 1782 2937 1850 peculiaria
2966 1782 3022 1836 in
3053 1797 3284 1851 persona
3332 1784 3543 1839 Domini
3567 1789 3718 1842 nostri

460 1887 685 1949 prepter
710 1894 871 1947 quem
913 1877 1057 1932 facta
1092 1886 1296 1941 essent,
1323 1878 1758 1943 ostenderentur,
1790 1893 1893 1932 vos
1914 1893 2048 1933 con-

456 1981 646 2023 secuta
669 1979 751 2023 est
785 1967 1009 2023 dicens:
1057 1966 1158 2022 llic
1180 1977 1255 2021 est
1286 1964 1463 2022 Filius
1491 1985 1634 2023 meus
1671 1969 1922 2033 dilectus,
1948 1970 2051 2025 hoc

458 2069 544 2116 est
582 2060 799 2116 dicere:
836 2061 933 2115 llic
966 2074 1049 2116 est
1088 2069 1307 2130 propter
1340 2076 1499 2131 quem
1533 2072 1729 2116 cuncta
1773 2064 1887 2117 haec
1912 2061 2051 2117 facta

455 2165 603 2210 sunt.
643 2155 739 2209 llic
762 2166 845 2210 est
870 2157 1014 2210 enim
1059 2154 1231 2209 Filius
1266 2171 1452 2219 mens,
1493 2164 1713 2225 propter
1754 2157 1895 2211 hunc
1924 2156 2053 2212 coeli

456 2248 629 2317 aperti
659 2257 789 2302 sunt
811 2290 823 2311 ,
851 2258 1071 2319 propter
1094 2252 1239 2305 hunc
1275 2250 1502 2319 spiritus
1526 2265 1677 2306 meus
1714 2250 1862 2305 venit
1888 2291 1901 2315 ,
1925 2265 2053 2320 pro—

456 2353 579 2411 pter
622 2340 767 2396 hunc
804 2356 908 2397 vos
958 2356 1075 2397 mea
1122 2340 1262 2395 facta
1305 2352 1411 2398 est.
1448 2342 1548 2397 llic
1585 2354 1667 2397 est
1696 2342 1841 2396 enim
1880 2342 1919 2397 F
1927 2343 2053 2399 ilius

459 2449 634 2490 meus.
677 2434 871 2489 Dieeus
912 2450 1072 2504 ergo,
1099 2434 1182 2487 hic
1220 2445 1294 2489 est
1318 2431 1494 2489 Filius
1515 2450 1690 2500 meus,
1723 2450 1885 2504 quem
1907 2434 2053 2489 desi-

457 2527 687 2599 gnabat?
712 2528 861 2582 illum
896 2528 1079 2598 utique
1107 2542 1269 2598 quem
1297 2526 1545 2582 columba
1574 2529 1845 2597 tangebat.
1878 2529 2052 2594 Quem

458 2636 589 2693 ergo
616 2622 862 2677 columba
892 2622 1095 2692 tetigit?
1118 2624 1393 2677 Christum
1441 2621 1675 2676 scilicet.
1707 2622 1850 2689 Ergo
1896 2620 2054 2675 Chii-

461 2723 579 2769 stus
603 2713 772 2769 Filius
799 2713 893 2769 Dei
916 2724 1021 2771 est.
1046 2714 1275 2781 ltnpleta
1302 2723 1406 2779 est,
1423 2723 1478 2767 ut
1500 2728 1644 2777 reor,
1664 2714 1885 2783 sponsio
1908 2728 2051 2767 mea.

460 2804 622 2862 Vides
656 2822 787 2877 ergo
819 2805 1092 2875 profecto,
1121 2804 1378 2859 haeretica
1398 2844 1414 2872 ,
1443 2805 1657 2875 signum
1690 2804 1786 2858 tibi
1811 2803 1880 2858 de
1910 2804 2053 2859 cmlo

458 2896 643 2952 datum
666 2914 679 2952 :
706 2908 759 2952 et
782 2897 1002 2967 quidem
1035 2913 1140 2954 non
1166 2913 1329 2951 unutn
1349 2937 1364 2962 ,
1392 2898 1488 2951 sed
1510 2906 1567 2953 et
1592 2898 1756 2951 multa
1787 2910 1841 2953 et
1868 2901 2055 2968 singu-

459 2989 627 3045 laria?
654 2990 829 3045 Habes
858 2991 1003 3047 enim
1039 3008 1205 3046 unum
1233 2992 1286 3046 in
1320 2992 1604 3061 apertioue
1632 2992 1794 3054 cmli,
1828 2994 1971 3046 aliud
1997 2993 2049 3048 in

460 3078 696 3149 Spiritus
734 3080 1123 3150 descensione,
1169 3083 1383 3138 tertiqu
1426 3082 1479 3136 in
1511 3081 1688 3137 Patris
1716 3099 1871 3139 voce.
1918 3086 2053 3153 Quae

2151 1869 2281 1925 Jesu
2322 1871 2522 1927 Christi
2567 1874 2821 1939 fuerunt,
2852 1873 2997 1943 quod
3027 1876 3154 1929 coeli
3196 1877 3369 1945 aperti
3401 1887 3547 1942 sunt,
3592 1878 3718 1947 quod

2153 1978 2276 2019 eum
2314 1965 2453 2020 Deus
2484 1966 2646 2020 l’ater
2674 1970 2886 2021 cunctis
2911 1966 3222 2023 videntibus
3253 1985 3348 2039 per
3368 1970 3719 2027 adventantem

2153 2068 2314 2128 atque
2341 2069 2611 2114 astantem
2633 2062 2937 2115 columbam
2962 2062 3120 2130 quasi
3150 2076 3315 2117 manu
3342 2064 3723 2132 quodammodo

2154 2164 2250 2205 sua
2298 2152 2511 2221 tetigit,
2543 2164 2598 2208 et
2629 2153 2786 2221 quasi
2839 2152 3012 2223 digito
3064 2154 3344 2210 indicante
3386 2159 3718 2223 monstravit,

2153 2246 2376 2314 dicens,
2414 2246 2515 2301 llic
2560 2257 2631 2303 est
2677 2244 2851 2301 Filius
2882 2264 3061 2304 meus:
3094 2250 3169 2304 ita
3201 2250 3335 2305 illud
3364 2267 3572 2318 quoque
3611 2267 3722 2319 pro-

2156 2340 2337 2409 prium
2384 2340 2434 2394 ei
2465 2354 2533 2396 ac
2581 2340 2888 2409 singulare,
2922 2342 3064 2406 quod
3100 2343 3451 2410 peculiariter
3480 2343 3720 2409 dilectus,

2155 2440 2209 2485 ct
2240 2432 2588 2500 peculiariter
2623 2433 2767 2488 Patri
2801 2435 3161 2504 complacitus
3192 2438 3534 2490 nominatur:
3563 2451 3610 2490 ut
3642 2452 3726 2506 pe-

2156 2524 2416 2580 culiarem
2456 2528 2642 2595 utique
2688 2535 2897 2582 natura:
2941 2527 3405 2597 signiﬁcationem
3458 2530 3724 2598 pecoliaria

2157 2618 2524 2674 additamenta
2553 2628 2947 2688 mon~trarent,
2981 2630 3039 2676 et
3069 2622 3463 2690 proprietatem
3491 2622 3727 2691 unigeniti

2157 2710 2281 2765 Filii
2329 2712 2496 2764 etiam
2551 2713 2933 2781 cognominum
2986 2712 3295 2782 propiietas
3358 2712 3724 2783 continuaret,

2155 2820 2316 2874 quam
2353 2803 2464 2874 jam
2499 2807 2671 2860 honor
2716 2807 2989 2875 signorum
3036 2808 3462 2876 praecedentium
3502 2820 3727 2876 compro-

2156 2896 2363 2953 basset.
2394 2898 2499 2953 Sed
2522 2898 2633 2967 jam
2678 2898 2849 2955 libelli
2881 2899 3041 2954 iStius
3082 2900 3205 2955 ﬁnis
3253 2903 3347 2957 sit.
3374 2901 3555 2971 Neque
3598 2901 3728 2955 enim

2154 2990 2362 3045 dictum
2398 2994 2502 3045 hoc
2535 2990 2628 3045 Dei
2658 2990 2836 3046 Patris
2876 3002 2969 3045 aut
2998 2985 3183 3062 augeri
3213 2992 3468 3049 humanis
3494 2992 3729 3049 sermoni-

2156 3085 2258 3140 bus
2307 3095 2400 3139 aut
2431 3086 2702 3152 exaequari
2752 3095 2955 3153 potest.
2986 3085 3153 3140 Nobis
3182 3086 3252 3141 de
3294 3086 3523 3143 Domino
3565 3095 3729 3142 nostro

461 3172 647 3241 utique
673 3175 1082 3251 evidentissima
1109 3178 1290 3249 omnia
1315 3176 1588 3232 Christum
1614 3179 1780 3234 Deum
1806 3194 1928 3233 esse
1956 3180 2052 3235 de-
2077 3172 2123 3234 C
2155 3176 2283 3233 Jcsu
2314 3177 2533 3233 Christo
2557 3175 2697 3232 Filio
2722 3192 2820 3235 suo
2842 3218 2857 3243 ,
2886 3180 3019 3235 satis
3046 3194 3140 3246 per
3177 3194 3239 3235 se
3274 3181 3393 3249 ipse
3419 3181 3564 3236 Deus
3587 3182 3729 3236 Patet

460 3266 701 3321 clarant:
728 3268 851 3338 quia
884 3284 1009 3324 eum
1033 3278 1091 3327 et
1110 3271 1383 3326 .reseratio
1412 3272 1679 3327 cmlnrum
1713 3273 1877 3327 Deum
1903 3273 2049 3329 iudi-

464 3371 585 3425 cat,
618 3370 675 3415 et
718 3361 1009 3417 descensio
1031 3378 1195 3433 super
1235 3379 1358 3419 cum
1404 3364 1636 3433 Spiritus
1670 3368 1844 3421 sancti
1884 3367 2048 3422 Deum

462 3454 760 3521 approbat,
794 3465 847 3510 et
890 3456 1149 3511 allocutio
1178 3456 1351 3512 Patris
1384 3458 1549 3511 Deum
1590 3472 1710 3513 esse
1739 3459 2045 3515 conﬁrmat.

461 3542 646 3615 Neque
672 3546 815 3601 enim
850 3550 930 3601 vel
969 3549 1165 3604 caelum
1196 3550 1300 3603 nisi
1348 3550 1561 3604 Domini
1590 3550 1677 3604 sui
1715 3550 1921 3607 honore
1953 3568 2047 3619 pa-

462 3636 656 3693 tuisset
677 3677 693 3704 ,
720 3639 807 3694 vel
845 3639 1085 3709 Spiritus
1122 3642 1305 3713 specie
1328 3642 1596 3711 corporali
1620 3645 1719 3696 nisi
1751 3658 1917 3712 super
1950 3645 2047 3700 Dei

2158 3270 2384 3327 idoneus
2417 3271 2573 3325 testis
2603 3281 2687 3324 est
2708 3310 2723 3333 ,
2758 3270 2948 3325 dicens
2969 3314 2983 3337 ,
3020 3269 3119 3324 llic
3158 3283 3230 3326 est
3265 3271 3439 3327 Filius
3485 3289 3636 3328 meus.
3661 3270 3743 3333 Tu

2158 3366 2203 3418 si
2234 3361 2717 3418 contradicendnm
2748 3360 2833 3417 his
2856 3362 2950 3417 Dei
2983 3362 3159 3419 Patris
3189 3365 3421 3419 vocibus
3448 3375 3603 3435 putas
3625 3379 3639 3418 ε
3665 3363 3731 3423 illi

2156 3471 2185 3510 a
2221 3464 2272 3510 te
2318 3469 2548 3510 necesse
2576 3463 2660 3507 est
2699 3454 2998 3509 contradici
3020 3496 3035 3519 ,
3061 3457 3152 3524 qui
3183 3472 3315 3510 eum
3343 3456 3737 3511 evidentissima

2157 3548 2528 3604 declaratione
2560 3547 2758 3601 Filium
2786 3562 2944 3602 suum
2970 3560 3095 3603 esse
3122 3547 3190 3603 ab
3219 3550 3373 3605 omni
3401 3544 3730 3604 mundofedt

2157 3656 2400 3712 agnosci.

1402 3772 2773 3973 LIBERdanTth.

970 4101 1200 4159 CAPUT
1240 4101 1528 4159 PRIMUM.

461 4219 729 4277 Christum
755 4228 877 4275 ante
912 4218 1082 4274 carnis
1126 4218 1531 4361 stltseeptionem,
1563 4216 1727 4273 Deum
1751 4220 1815 4274 ab
1854 4230 2049 4275 eterna

1187 4306 1340 4344 uisse.

1187 4306 1340 4344 uisse.

531 4386 935 4444 Consummatis
984 4385 1178 4439 libellis
1207 4383 1378 4438 tribus
1421 4382 1574 4454 quasi
1602 4384 1933 4440 fidelissimis
1961 4395 2047 4440 at-

459 4494 567 4550 que
602 4474 1032 4549 opulentissimis
1063 4474 1293 4530 testibus
1317 4516 1333 4541 ,
1359 4484 1548 4545 utpote
1575 4491 1803 4547 quorum
1844 4478 2048 4533 veritas

463 4588 571 4631 uou
614 4571 865 4627 humanis
893 4578 1097 4625 tantum
1119 4607 1136 4634 ,
1166 4568 1261 4623 sed
1301 4569 1462 4623 etiam
1489 4568 1686 4623 divinis
1712 4570 2044 4626 testimoniis

460 4665 790 4735 locupletata
832 4672 951 4729 est,
982 4661 1239 4717 sufﬁcere
1270 4660 1505 4732 quidem
1554 4661 1712 4716 nobis
1755 4662 1824 4716 ad
1868 4677 2051 4717 causae

464 4759 873 4832 probationem,
907 4770 1005 4827 per
1030 4754 1269 4809 divinam
1297 4754 1674 4809 auctoritatem
1705 4754 1919 4809 abunde
1944 4768 2047 4824 po-

461 4862 675 4918 terant;
700 4868 822 4909 cum
874 4851 985 4921 ipsa
1018 4849 1203 4918 utique
1234 4864 1331 4919 per
1359 4865 1418 4905 se
1448 4864 1628 4905 causa:
1655 4864 1770 4904 sure
1809 4849 2048 4903 auctori-

464 4959 545 5003 tas
592 4946 776 5002 divina
808 4945 1060 5001 sufficiat.
1108 4942 1216 5001 Sed
1265 4952 1445 4999 tamen
1476 4943 1601 5013 quia
1647 4942 1802 5013 plena
1834 4952 1920 4997 est
1964 4942 2051 4999 his

464 5041 793 5098 testimoniis
848 5054 1126 5095 sacrorum
1175 5036 1512 5093 voluminum
1573 5039 1745 5092 series
1809 5036 1899 5089 ubi
1964 5044 2043 5091 tot

460 5145 630 5191 testes
658 5143 784 5189 sunt
810 5140 941 5204 quot
973 5132 1282 5196 sententiae,
1307 5131 1475 5186 immo
1498 5130 1587 5185 ubi
1618 5132 1729 5199 ipsa
1755 5129 2041 5199 Scriptura

460 5242 615 5284 sacra
638 5227 792 5298 quasi
819 5242 984 5281 unum
1006 5224 1412 5292 quodammodo
1438 5224 1603 5277 divini
1637 5225 1749 5278 oris
1776 5234 1861 5279 est
1892 5226 2041 5280 testi-

458 5320 736 5377 monium:
767 5317 1157 5373 acenmttlanda
1188 5316 1435 5385 qtta3dam
1480 5314 1655 5368 adhuc
1701 5314 2005 5380 potavimus
2028 5355 2043 5378 ,

459 5429 565 5470 non
597 5428 692 5484 pro
722 5408 1051 5468 necessitate
1070 5407 1513 5477 approbationis,
1540 5406 1634 5460 sed
1661 5421 1755 5473 pro
1791 5404 2046 5462 facultate

457 5521 638 5563 rerum
669 5515 722 5561 et
751 5505 945 5573 copia:
977 5510 1036 5556 ut
1061 5498 1321 5571 quidquid
1362 5498 1727 5553 necessarium
1759 5513 1867 5553 non
1899 5508 2043 5555 esset

458 5600 794 5667 defensioni,
828 5607 999 5654 totum
1028 5593 1319 5665 proﬁceret
1357 5593 1590 5651 ornatui.
1625 5593 1767 5660 Ergo
1795 5595 1919 5663 quia
1948 5609 2043 5647 su-

2154 4100 2458 4171 perioribus
2480 4101 2631 4155 libris
2657 4101 2946 4157 Dominum
2970 4102 3157 4159 Jesum
3180 4104 3462 4161 Christum
3492 4122 3595 4162 non
3619 4118 3731 4177 pro.

2152 4194 2390 4266 pheticis
2421 4204 2625 4249 tantum
2658 4204 2817 4267 atque
2847 4198 3200 4266 apostolicis.
3234 4201 3331 4255 sed
3377 4203 3535 4257 etiam
3582 4218 3732 4258 evan-

2150 4288 2343 4358 gelicis
2385 4296 2547 4358 atque
2596 4288 2854 4358 angelicis
2904 4291 3231 4346 teSIimoniis
3261 4333 3282 4359 ,
3329 4309 3451 4348 cum
3498 4295 3549 4349 in
3578 4278 3744 4350 carne.

2153 4390 2314 4449 atque
2336 4381 2387 4434 in
2420 4388 2565 4435 terra
2605 4392 2788 4447 esset,
2815 4381 2987 4436 Deum
3032 4385 3384 4452 probavimus
3410 4404 3423 4440 :
3452 4402 3593 4442 nunc
3618 4386 3735 4443 enitr

2151 4473 2242 4542 qui
2274 4472 2326 4525 in
2350 4486 2514 4527 carne
2542 4481 2702 4527 natus
2728 4482 2811 4527 est
2834 4513 2849 4539 ,
2881 4478 3043 4528 etiam
3081 4486 3208 4530 ante
3229 4478 3419 4533 carnis
3446 4480 3731 4549 susceptio-

2104 4536 2124 4584 )
2152 4582 2273 4621 nem
2310 4566 2475 4621 Deum
2506 4581 2725 4636 semper
2756 4567 2925 4624 fuisse
2949 4579 3319 4627 monstremus
3346 4590 3361 4627 :
3395 4585 3456 4628 ut
3480 4573 3736 4639 intelligas

2150 4662 2619 4716 consentientibus
2650 4670 2719 4717 et.
2762 4662 2915 4731 quasi
2956 4663 3433 4722 conclamantibus
3463 4667 3566 4721 sibi
3605 4666 3734 4721 divi.

2152 4768 2346 4807 norum
2379 4754 2712 4809 voluminum
2746 4754 3098 4821 testimoniis,
3134 4758 3389 4812 eumdem
3435 4769 3487 4814 te
3521 4760 3571 4813 in
3604 4758 3734 4812 nati-

2151 4846 2318 4901 vitate
2342 4860 2601 4916 oorporea
2626 4856 2680 4901 et
2705 4846 2977 4901 hominem
2998 4848 3198 4903 debere
3225 4849 3454 4906 credere
3476 4862 3527 4909 et
3550 4851 3733 4915 Deum,

2150 4953 2309 5007 quem
2336 4949 2464 4992 ante
2490 4940 2829 4993 nativitatem
2859 4953 3181 5007 corpoream
3217 4950 3427 4996 tantum
3459 4942 3655 4997 Deum:
3682 4948 3735 4996 et

2150 5046 2313 5099 quem
2349 5040 2469 5098 post
2517 5030 2811 5085 editionem
2866 5030 3106 5096 Virginis
3138 5031 3192 5085 in
3241 5046 3476 5100 corpore
3532 5034 3727 5100 Deum,

2150 5123 2400 5177 eumdem
2429 5131 2556 5177 ante
2584 5132 2795 5193 partum
2827 5121 3065 5193 Virginis
3091 5121 3323 5180 Verbum
3353 5125 3544 5180 Deum.
3578 5124 3733 5179 Disce

2148 5231 2279 5285 ergo
2312 5217 2544 5285 primum
2591 5217 2660 5271 ab
2708 5218 2974 5284 Apostolo
3009 5217 3175 5271 totius
3219 5218 3405 5270 mundi
3440 5219 3729 5286 magistro,

2147 5324 2269 5365 eum
2302 5312 2391 5379 qui
2424 5319 2508 5364 est
2537 5310 2657 5364 sine
2678 5309 2902 5363 exordio
2936 5308 3100 5362 Deum
3124 5353 3139 5376 ,
3170 5309 3370 5363 Filium
3399 5310 3523 5375 Dei,
3549 5310 3601 5362 in
3632 5308 3731 5362 ﬁne

2148 5402 2367 5469 mundi,
2418 5402 2470 5457 id
2511 5412 2631 5469 est,
2684 5402 2736 5457 in
2777 5409 3083 5471 temporum
3134 5401 3511 5471 plenitudine,
3543 5400 3729 5455 Filium

2148 5497 2380 5553 hominis
2404 5497 2604 5553 factum
2628 5512 2770 5553 esse.
2795 5495 2881 5551 Ait
2908 5495 3089 5551 enim:
3113 5495 3179 5552 At
3208 5494 3292 5548 ubi
3312 5496 3447 5550 venit
3470 5491 3731 5564 plenitudo

2148 5591 2409 5661 temporis,
2436 5599 2463 5628 ι
2483 5592 2622 5645 misit
2648 5589 2787 5645 Deus
2807 5586 2859 5643 Ε
2861 5590 3013 5645 ilium
3029 5604 3181 5645 sum
3200 5588 3397 5661 factum
3416 5604 3484 5643 ea:
3503 5588 3731 5654 muliere,

1525 5702 1779 5759 A'LABDI
1822 5701 2053 5785 GAZEl
2091 5700 2655 5759 COMMENTARIUS.

533 5802 776 5863 eomes
828 5800 1176 5867 “externis,
1218 5800 1441 5867 prOprie
1482 5799 1690 5864 emisit,
1732 5799 1815 5854 vel
1857 5801 2036 5871 potius

1812 5890 1847 5903 ιν
1862 5877 2017 5901 εει-νιν

2141 5795 2365 5869 legavit.
2393 5797 2570 5867 Misit,
2605 5800 2851 5870 inquam,
2885 5797 3087 5857 Filium
3119 5816 3226 5859 non
3246 5780 3296 5874 ,ἀ
3330 5776 3725 5869 ccupat-attint-
