3970 6344
297 328 370 387 17
1322 325 1872 396 DE'lNC'ArRNATlO

1999 342 2266 402 CHRISTI
2306 346 2440 403 LIB.
2479 345 2568 405 iV.
3499 349 3572 415 78

295 450 488 522 factum
510 450 606 504 sub
631 452 743 522 lege
762 449 959 523 (Galat.
989 453 1087 519 tv).
1115 451 1209 508 Dic
1229 452 1364 508 mihi
1386 467 1520 524 ergo
1542 469 1704 517 nunc,
1723 463 1881 509 ante-
1908 469 1957 528 Α
1986 459 2238 514 omnibus
2260 459 2424 529 licet,
2455 478 2560 518 non
2595 463 2756 521 liceat
2781 466 2838 521 in
2869 481 2960 532 se,
2983 476 3042 522 et
3071 468 3162 540 qui
3192 470 3375 537 utique
3398 471 3450 525 in
3477 487 3573 528 na-

293 556 455 613 qttam
480 543 740 598 Dominus
760 543 921 600 Jesns
941 543 1193 600 Christus
1217 559 1284 600 ex
1311 553 1484 600 matre
1497 545 1662 602 Maria
1688 561 1883 602 nasceo

287 643 465 702 retur,
494 635 685 694 habuit
711 636 875 713 .Deus
912 636 1131 705 Filium,
1153 648 1248 694 aut
1282 653 1388 694 non
1424 640 1648 695 habuit?
1675 639 1885 710 Negare

287 743 400 783 non
435 740 598 798 potes
618 730 748 800 quin
785 731 1078 788 habuerit:
1112 740 1290 801 neque
1318 732 1468 788 enini
1507 748 1762 805 umquam
1792 745 1885 789 aut

283 821 409 878 sine
441 833 602 892 patre
629 825 768 898 tibus
790 867 808 890 ,
841 837 932 886 aut
963 826 1084 882 sine
1110 826 1220 881 tilio
1251 837 1440 897 pater:
1489 828 1612 898 quia
1639 831 1778 884 sicut
1814 843 1884 885 ex

286 923 448 985 patre
479 918 643 985 tilias,
668 920 740 976 ita
767 934 836 976 ex
869 920 978 976 tilio
1007 930 1162 992 pater
1191 921 1417 978 dicitur.

921 1033 1151 1090 CAPUT
1199 1033 1264 1090 Il.

283 1122 505 1196 Colligit
531 1129 596 1180 ea:
623 1127 702 1181 Itis
726 1143 844 1198 qua:
869 1127 1030 1195 (limit,
1064 1128 1332 1202 Virginem
1368 1130 1593 1184 Μανδάνη
1624 1127 1878 1202 antiquits;

543 1213 655 1254 rem
695 1211 743 1252 et
772 1201 1020 1270 majorem
1042 1219 1096 1256 se
1121 1201 1326 1256 Filium
1351 1204 1628 1274 peperisse.

359 1287 531 1344 Vides
560 1306 690 1361 ergo
712 1292 880 1361 quod,
903 1292 1122 1350 dicente
1144 1295 1432 1363 Apostolo,
1456 1297 1604 1350 misit
1630 1295 1769 1350 Deus
1791 1294 1881 1352 Fi-

283 1383 415 1437 lium
450 1400 610 1439 suum
634 1430 650 1454 ,
693 1401 853 1442 suum
894 1388 1080 1456 utique
1126 1387 1322 1442 Filium
1349 1429 1366 1454 ,
1400 1400 1458 1443 ut
1489 1389 1660 1458 ipsius
1700 1389 1880 1444 verbis

283 1483 408 1530 utar
430 1477 718 1546 Apostoli,
744 1493 900 1534 suum
937 1479 1129 1534 Filium
1157 1479 1304 1536 Deus
1333 1482 1498 1536 misit.
1528 1480 1713 1552 Neque
1735 1483 1877 1537 enim

280 1580 371 1624 aut
401 1571 650 1639 alienum
698 1573 932 1644 aliquem
975 1573 1142 1628 lilium
1192 1575 1336 1629 misit
1367 1617 1380 1639 ,
1410 1575 1534 1644 quia
1586 1592 1740 1630 suum
1773 1577 1877 1630 nti-

279 1664 420 1720 sisse
447 1663 688 1720 dicitur:
715 1677 810 1722 aut
839 1666 1060 1722 omnino
1087 1665 1306 1723 mittere
1332 1669 1536 1738 potuit,
1554 1668 1602 1724 si
1631 1684 1740 1723 non
1759 1678 1880 1724 erat

278 1761 364 1830 qui
394 1761 733 1816 mitteretur.
764 1761 902 1817 ﬂisit
944 1776 1093 1831 ergo,
1125 1761 1320 1832 inquit,
1348 1762 1545 1817 Filium
1587 1778 1765 1826 suum,
1801 1763 1878 1818 fa-l

1990 555 2110 602 tura
2141 550 2355 607 deitatis
2387 554 2557 625 ipsius
2587 556 2640 612 id
2667 557 2826 614 habet
2853 569 2913 613 ut
2964 559 3143 614 omnia
3175 562 3352 631 possit
3396 563 3572 631 Deus,

1988 638 2044 696 in
2073 651 2172 697 sua
2199 653 2407 700 tantum
2454 663 2689 717 persona
2712 651 2763 706 id
2788 666 2894 707 non
2921 652 3146 721 habeat,
3173 663 3232 709 ut
3255 655 3330 710 sit
3351 655 3490 712 Deus
3519 660 3572 713 in

1986 732 2231 792 homine.
2261 737 2626 810 Sequestratis
2664 757 2796 816 ergo
2823 761 2888 802 ac
2933 749 3230 818 repudiatis
3271 749 3480 807 frivolis
3518 761 3569 808 et
3626 825 3629 828 ⁴

1985 832 2206 888 caducis
2228 842 2569 892 terrenarum
2589 846 3118 910 argumentationum
3151 845 3562 914 stoliditatibus,
3606 838 3624 879 οέ

1984 926 2220 992 simplici
2253 931 2623 985 tantummodo
2664 934 3028 991 testiilcationi
3055 952 3119 992 ac
3156 938 3314 993 nuda:
3340 937 3562 993 credetne

1983 1018 2117 1074 dum
2147 1029 2231 1076 est
2258 1023 2468 1078 veritati
2491 1042 2502 1077 :
2536 1036 2591 1080 et
2618 1025 2701 1080 his
2724 1038 2928 1085 tantum
2952 1030 3020 1086 de
3053 1027 3161 1087 Deo
3187 1033 3412 1087 teStibus
3437 1032 3572 1090 tldes

1983 1113 2441 1169 accommodanda
2461 1157 2474 1177 ,
2509 1132 2647 1186 quos
2682 1118 2821 1173 Deus
2851 1120 3035 1185 misit,
3066 1127 3119 1176 et
3148 1123 3199 1177 in
3225 1126 3424 1194 quibus
3448 1122 3567 1194 ipso

1983 1201 2052 1258 de
2071 1217 2132 1259 se
2155 1246 2171 1271 ,
2200 1213 2255 1260 ut
2290 1207 2363 1262 ita
2383 1206 2615 1264 dixerim
2641 1252 2655 1276 ,
2688 1212 3023 1282 prmdicavit.
3052 1213 3290 1286 Equum
3313 1225 3398 1272 est
3421 1219 3565 1274 enim

1982 1307 2044 1353 ut
2080 1299 2148 1354 de
2193 1302 2469 1370 agnitione
2517 1305 2662 1359 illius
2693 1305 2796 1376 ipsi
2829 1307 3117 1364 credamus
3158 1311 3314 1380 cujus
3362 1313 3571 1369 scilicet

1985 1399 2156 1446 totum
2189 1401 2274 1448 est
2303 1395 2446 1463 quod
2477 1395 2544 1450 de
2575 1410 2642 1451 eo
2663 1397 2950 1453 novimus:
2983 1400 3107 1469 quia
3132 1402 3353 1471 agnosci
3383 1405 3570 1474 utique

1982 1485 2127 1541 Deus
2156 1487 2226 1542 ab
2253 1487 2475 1545 homine
2505 1505 2610 1546 non
2636 1492 2830 1560 potuit,
2861 1492 2962 1547 nisi
2986 1494 3314 1563 agnitionem
3343 1495 3424 1550 sui
3453 1497 3568 1566 ipse

1984 1578 2282 1635 tribuisset.
2308 1579 2374 1635 Et
2404 1580 2523 1636 ideo
2550 1581 2755 1651 justum
2779 1596 2862 1638 est
2893 1594 2954 1638 ιιι
2985 1593 3157 1639 totum
3187 1587 3475 1642 credamus
3499 1588 3571 1644 de

1981 1684 2046 1724 eo
2076 1673 2219 1740 quod
2251 1672 2450 1728 scimus
2472 1718 2486 1741 ,
2520 1673 2674 1743 cujus
2701 1684 2783 1730 est
2814 1691 2976 1732 omne
3005 1677 3147 1747 quod
3171 1680 3410 1735 scimus:
3444 1679 3570 1750 quia

1981 1764 2024 1818 si
2048 1765 2096 1818 ei
2129 1780 2232 1819 non
2257 1765 2530 1821 credimus
2558 1784 2586 1820 a
2607 1783 2715 1838 quo
2743 1769 2972 1836 scimus,
3011 1768 3071 1825 lit
3093 1779 3150 1825 ut
3180 1771 3405 1826 omnino
3429 1771 3565 1826 nihil

276 1863 421 1909 ctum
453 1869 530 1909 ex
561 1856 809 1910 muliere.
840 1855 985 1926 Ergo
1009 1866 1064 1910 et
1093 1856 1218 1926 quia
1253 1855 1402 1910 misit
1432 1871 1578 1922 eum,
1609 1855 1759 1910 misit
1781 1855 1874 1925 qui
1907 1864 1954 1925 Β
1981 1855 2221 1912 sciamus
2241 1898 2256 1920 ,
2285 1857 2412 1912 dum
2445 1859 2495 1913 ei
2525 1873 2632 1913 non
2655 1861 2931 1916 credimus
2956 1877 3055 1932 per
3080 1878 3242 1934 quem
3275 1867 3495 1921 scimus.

277 1955 436 2000 erat:
472 1957 532 2002 et
557 1947 682 2017 quia
715 1960 872 2002 suum
903 1946 1079 2014 misit,
1121 1962 1226 2002 non
1259 1947 1494 2001 alienum
1525 1946 1709 2016 utique
1729 1987 1744 2012 ,
1775 1946 1874 2001 sed

276 2051 430 2092 suum
468 2039 643 2094 misit.
680 2038 781 2095 Ubi
809 2054 942 2110 ergo
967 2040 1100 2094 illud
1131 2051 1214 2095 est
1238 2051 1384 2094 tuum
1415 2039 1734 2095 calliditatis
1757 2048 1871 2094 ter-

277 2144 414 2186 rente
456 2139 844 2200 argumentum
878 2148 892 2186 :
936 2140 962 2169 κ
1001 2131 1174 2187 Nemo
1225 2132 1558 2187 anteriorem
1607 2147 1665 2187 se
1698 2131 1874 2201 parit?

279 2222 548 2293 Numquid
581 2225 856 2279 enimnon
888 2227 1164 2294 antiquior
1192 2225 1356 2280 Maria
1394 2225 1688 2279 Dominus?
1717 2230 1876 2279 num;

289 2316 391 2386 quid
419 2332 538 2370 non
557 2318 833 2388 antiquior
855 2317 962 2372 tilia
989 2317 1244 2382 hominis,
1260 2318 1358 2374 Dei
1381 2318 1586 2372 Filius?
1609 2318 1870 2388 numquid

289 2423 377 2462 nea
402 2407 694 2479 antiquior
741 2409 973 2480 denique
1004 2410 1223 2464 homine
1251 2411 1369 2478 ipso
1401 2410 1576 2464 Deus?
1607 2425 1728 2465 cum
1765 2411 1873 2466 uti.

280 2517 373 2573 que
419 2503 612 2558 nullus
646 2504 921 2558 hominum
957 2520 1064 2558 non
1116 2520 1184 2559 ex
1215 2503 1343 2559 Deo.
1371 2503 1536 2558 Vides
1567 2519 1698 2570 ergo
1725 2507 1880 2574 quod

277 2614 374 2654 non
406 2599 625 2666 solum,
652 2599 906 2670 inquam,
939 2599 1298 2668 antiquiorem
1329 2613 1388 2652 se
1419 2598 1584 2653 Maria
1623 2600 1869 2668 peperit:

274 2705 375 2746 n0u
423 2692 615 2747 soluat
636 2733 651 2756 ,
680 2694 920 2761 inquam,
951 2691 1316 2760 antiquiorem
1346 2703 1437 2759 se,
1471 2689 1565 2746 sed
1595 2701 1870 2746 auctorem

272 2785 390 2849 sui,
422 2793 487 2842 et
520 2797 820 2856 procreatis
853 2793 1254 2853 procreatorem
1275 2797 1429 2837 suum
1451 2823 1469 2848 ,
1503 2784 1638 2837 facta
1664 2793 1749 2837 est
1777 2797 1873 2851 pa-

270 2877 441 2931 rentis
470 2892 702 2946 parens:
729 2877 853 2945 quia
885 2889 1045 2946 quam
1080 2885 1387 2944 promptum
1414 2874 1602 2943 utique
1629 2873 1730 2930 fuit
1763 2875 1872 2928 Deo

267 2970 620 3044 nativitatem
672 2969 876 3024 homini
907 2969 1180 3031 tribuere,
1235 2976 1340 3021 tam
1373 2976 1680 3036 promptum
1731 2965 1867 3030 sibi;

266 3081 432 3135 quam
461 3064 624 3120 facile
649 3075 705 3120 ut
741 3067 1011 3122 hominem
1044 3066 1194 3121 nasci
1216 3066 1454 3131 faceret,
1489 3077 1596 3120 lant
1628 3065 1787 3121 facile
1815 3069 1875 3120 ut

266 3160 382 3228 ipse
417 3175 490 3214 ex
514 3159 740 3214 homine
763 3169 1103 3214 nasceretur.
1138 3159 1322 3230 Neque
1347 3160 1489 3214 enim
1520 3158 1869 3213 circumscri-

2592 1969 2822 2029 CAPUT
2864 1971 2948 2028 ll‘l.

2049 2059 2134 2118 Ea:
2160 2063 2380 2134 epistola
2406 2063 2474 2117 ad
2508 2064 2729 2119 Roman.
2777 2067 2958 2133 probat
2997 2065 3188 2121 Christi
3215 2067 3277 2122 ab
3307 2079 3496 2125 aeterno

2603 2137 2940 2191 divinitatem.

2051 2227 2239 2297 Itaque
2263 2229 2384 2296 quia
2408 2230 2692 2298 superiore
2717 2230 3029 2284 testimonio
3050 2231 3240 2300 patuit.
3265 2232 3407 2300 quod
3429 2231 3572 2289 Deus

1978 2319 2174 2375 Filium
2203 2334 2357 2374 suum
2389 2321 2556 2387 misit,
2587 2321 2710 2375 etis
2735 2321 2872 2375 lilius
2897 2321 3127 2377 hominis
3156 2323 3328 2379 factus
3349 2335 3452 2390 est,
3478 2331 3572 2394 qui

1977 2429 2192 2483 semper
2219 2414 2387 2469 Filius
2420 2415 2512 2470 Dei
2544 2415 2678 2480 fuit;
2714 2415 2990 2471 videamus
3015 2431 3081 2469 an
3111 2416 3253 2472 idem
3277 2419 3572 2488 Apostolus

1983 2506 2109 2560 alibi
2139 2507 2316 2561 simile
2337 2507 2540 2572 aliquid
2573 2509 2886 2563 testimonio
2909 2509 3031 2563 huic
3051 2510 3273 2575 dixerit,
3303 2523 3358 2564 ιιι
3387 2514 3573 2568 lucens

1970 2597 2086 2667 jam
2129 2613 2226 2666 per
2253 2614 2311 2654 se
2343 2601 2543 2654 veritas
2577 2639 2590 2664 ,
2640 2599 2910 2670 duplicata
2965 2603 3400 2658 testimoniorum
3453 2607 3573 2661 luce

1978 2691 2098 2759 plus
2149 2689 2347 2745 luceat.
2390 2693 2477 2747 Ait
2528 2691 2833 2761 idemergo
2871 2692 3166 2759 Apostolus
3200 2713 3211 2747 :
3253 2695 3400 2749 Misit
3432 2696 3572 2752 Deus

1976 2779 2181 2837 Filium
2210 2802 2360 2838 suum
2391 2788 2444 2838 in
2472 2785 2862 2840 similitudinem
2895 2784 2920 2823 δ
2950 2788 3123 2840 carnis
3156 2789 3357 2857 peccati
3390 2789 3566 2859 (liam.

1975 2877 2113 2946 vui).
2151 2876 2312 2932 Vides
2341 2878 2523 2948 utique
2548 2878 2867 2946 Apostolnm
2915 2895 3022 2932 non
3065 2895 3192 2934 casu
3240 2882 3440 2952 aliquid
3473 2892 3568 2938 aut

1977 2971 2372 3025 inconsiderata
2403 2985 2535 3025 v0t-e
2559 2970 2777 3035 dixisse,
2814 2983 2872 3024 ut
2905 2972 2955 3025 id
2983 2973 3124 3041 quod
3152 2974 3318 3028 semel
3353 2977 3568 3030 dixerat

1979 3061 2330 3131 praeteriret?
2373 3063 2495 3132 quia
2544 3061 2752 3117 scilicet
2782 3077 2883 3116 nec
2910 3065 3108 3118 cadere
3155 3065 3208 3118 in
3248 3081 3370 3120 etnu
3411 3082 3572 3123 casus

1981 3164 2073 3210 aut
2102 3155 2567 3210 inconsiderantia
2599 3165 2828 3226 poterat,
2868 3158 2920 3211 in
2949 3173 3057 3224 quo
3092 3160 3370 3226 plenitudo
3399 3161 3572 3218 divini

265 3263 354 3320 pta
408 3262 500 3308 est
547 3251 600 3306 in
643 3266 867 3321 persona
892 3267 989 3307 sua
1024 3260 1263 3321 potestas
1297 3251 1424 3319 Dei,
1461 3261 1520 3306 ttt
1562 3252 1704 3328 quod
1735 3253 1782 3304 ei
1819 3253 1871 3306 in
1901 3240 1949 3303 C
1980 3249 2189 3302 consilii
2221 3259 2275 3301 et
2305 3249 2576 3303 sermonis
2607 3249 2905 3304 habitabat.
2939 3249 3040 3318 Qui
3070 3266 3203 3322 ergo
3239 3253 3316 3307 ait
3358 3269 3372 3307 :
3420 3252 3568 3309 Misit

1351 3342 1610 3399 ALARDI
1649 3342 1881 3398 GAZASI
1917 3339 2476 3397 COMMENTARIUS.

264 3443 349 3495 sed
379 3455 482 3508 per
527 3438 656 3498 hoc,
692 3438 831 3508 quod
862 3437 1138 3506 assumpsit
1169 3446 1409 3508 naturam
1449 3435 1762 3501 humanam,
1796 3438 1870 3487 sic

265 3507 445 3566 tamen
478 3523 536 3563 nt
569 3527 598 3559 a
619 3510 738 3562 sinu
773 3507 950 3562 Patris
973 3525 1072 3560 non
1104 3507 1388 3575 recederet,
1415 3517 1868 3576 testanteerange-

264 3586 405 3642 ἅδεα,
437 3582 531 3649 qui
552 3580 622 3631 ait
642 3597 661 3650 ,ξ
680 3577 983 3649 Unigmitus
1005 3579 1090 3650 qui
1112 3580 1251 3632 estin
1269 3579 1384 3630 sinu
1404 3576 1579 3650 Patris
1597 3575 1773 3650 (Joan.
1803 3577 1865 3650 l),

263 3647 465 3709 scilicet
493 3647 831 3713 tetern'aliter,
850 3661 926 3703 ait
946 3647 1295 3712 S.'Thomas;
1325 3659 1376 3701 et
1399 3647 1558 3702 .loau.
1585 3647 1675 3701 Ill:
1705 3647 1869 3702 Nemo

263 3726 508 3780 ascendit
536 3725 592 3775 in
619 3723 803 3776 calum
823 3762 838 3782 ,
869 3724 971 3774 nisi
995 3722 1082 3791 qui
1113 3719 1373 3791 descendit
1403 3719 1470 3772 de
1501 3721 1626 3774 catlo
1646 3765 1658 3786 ,
1695 3718 1871 3773 Filius

265 3797 446 3850 homin
456 3798 500 3849 is
517 3795 607 3864 qui
626 3806 700 3847 est
718 3795 770 3846 in
788 3793 943 3846 creto:
961 3790 1082 3862 quia
1101 3793 1214 3844 licet
1229 3790 1549 3864 descenderit
1570 3807 1658 3854 per
1670 3809 1869 3846 assum-

264 3872 504 3938 ptionem
532 3862 717 3938 icitrnis
736 3906 750 3928 ,
773 3867 959 3938 mansit
1002 3875 1168 3938 tamen
1195 3862 1400 3938 inrcazlo
1431 3879 1521 3938 per
1549 3865 1872 3938 prwsentiam

267 3934 588 3994 diuinitatis.
635 3934 767 3989 ltem
813 3937 1010 3999 emisit,
1044 3935 1123 3987 vel
1151 3936 1288 3987 misit
1327 3951 1442 3986 eum
1487 3935 1537 3986 in
1584 3935 1868 3997 mundum,

268 4027 368 4064 non
400 4023 466 4064 ut
495 4009 744 4074 inciperet
767 4008 837 4060 ibi
868 4023 1005 4071 esse,
1036 4006 1121 4058 ubi
1150 4008 1292 4071 prius
1319 4021 1422 4058 non
1448 4006 1656 4074 fuisset,
1698 4007 1786 4058 sed
1817 4018 1872 4058 ut

265 4083 335 4135 ibi
364 4097 513 4135 noua
533 4080 736 4134 ratione
761 4087 926 4141 esset,
958 4095 1059 4147 qua
1090 4079 1232 4148 prius
1254 4093 1352 4130 non
1377 4078 1543 4147 fuerat
1567 4118 1581 4138 ,
1614 4079 1669 4128 id
1695 4087 1789 4148 est,
1817 4085 1872 4129 ut

266 4153 494 4208 visibilis
516 4149 714 4203 mundo
734 4159 1020 4220 appareret,
1045 4147 1259 4220 indutus
1287 4164 1440 4201 carne
1461 4149 1701 4220 mortali.
1722 4147 1873 4214 Quod

265 4227 550 4294 explicans
579 4221 749 4294 subdit
768 4219 1089 4294 Apostolus:
1117 4219 1307 4294 factum
1328 4235 1390 4272 ea:
1418 4219 1647 4294 muliere.
1683 4219 1744 4270 Id
1767 4231 1838 4271 est
1856 4262 1869 4282 ,

265 4290 547 4350 (st-Maria
585 4290 830 4362 Virgine.
848 4290 984 4344 Nam
1011 4293 1195 4344 mulier
1224 4293 1278 4342 in
1304 4306 1450 4344 sacra
1476 4291 1750 4355 Scriptura
1774 4307 1872 4343 non

264 4383 491 4446 scalper.
527 4366 738 4418 denotat
782 4364 1199 4446 corruptionem,
1243 4365 1563 4446 sett‘seicnur
1605 4363 1874 4446 dumtaxat

265 4431 610 4500 naturalem,
660 4446 714 4487 ut
747 4444 883 4498 patet
911 4431 1119 4486 Genesis
1160 4447 1252 4486 tlt:
1283 4431 1583 4500 didi/ienuit
1623 4431 1874 4487 Dominus

263 4521 474 4563 costam
505 4509 562 4561 iu
610 4505 897 4560 mulierem.
934 4506 996 4557 Et
1027 4517 1249 4557 rursus:
1283 4502 1336 4556 Μ
1348 4506 1474 4557 alter
1499 4521 1652 4573 quam
1685 4504 1876 4558 dedisti

266 4582 415 4634 mihi.
456 4579 564 4634 Ubi
589 4592 770 4632 sermo
794 4575 966 4630 estde
1004 4575 1110 4628 Eva
1141 4575 1320 4626 adhuc
1353 4577 1557 4642 integra
1594 4587 1646 4628 et
1677 4580 1872 4629 intacta

264 4654 409 4708 viro.
440 4651 560 4706 Nec
587 4648 855 4702 dubitavit
876 4647 1123 4699 (lhristns
1149 4656 1377 4700 matrem
1407 4663 1556 4699 suam
1589 4649 1870 4700 mulierem

267 4725 585 4806 appellare.
605 4719 764 4806 Joan‘:
790 4718 1010 4806 lt‘Qttt'd
1037 4715 1184 4780 auiti,
1207 4726 1255 4806 et
1272 4717 1498 4806 lilii-cst;
1526 4718 1743 4806 mulier?
1766 4717 1868 4806 Per
1892 4746 1947 4806 Ι)

267 4786 364 4846 ab}:
394 4797 562 4848 etiam
583 4832 603 4854 ,,
631 4803 706 4843 att
730 4790 788 4845 S.
813 4789 1073 4853 Thomas,
1099 4786 1235 4856 quod
1262 4786 1454 4840 dicitur
1473 4788 1638 4858 facta:
1670 4805 1731 4840 ea:
1751 4805 1866 4842 mtt-

268 4867 421 4924 lierc.
465 4868 806 4918 destruantur
845 4865 946 4914 duo
989 4873 1220 4922 errores,
1254 4861 1446 4913 scilicet
1487 4859 1742 4912 Valentini
1788 4859 1870 4913 di-

267 4939 433 4989 centis
467 4935 734 4989 Christum
765 4948 865 4986 non
893 4930 1172 4996 sumpsisse
1194 4944 1383 5000 corpus
1410 4933 1470 4982 de
1515 4929 1746 4999 Virgine,
1777 4931 1870 4984 sed

267 5010 518 5070 attulisse
544 5006 676 5058 illud
703 5003 768 5057 de
813 5004 960 5060 caelo.
988 5013 1035 5054 et
1065 5017 1155 5069 per
1185 5001 1382 5056 beatam
1421 5001 1702 5072 Virginem,
1736 5003 1872 5058 sicut

270 5095 358 5145 per
388 5077 634 5148 ﬁstulam
681 5084 736 5127 ut
774 5075 1010 5148 canalem
1048 5074 1348 5148 tramisisse
1371 5088 1390 5127 :
1434 5074 1568 5148 quod
1598 5075 1654 5148 si
1696 5087 1871 5148 verum

268 5145 434 5212 esset,
460 5165 568 5201 non
602 5147 781 5216 {uisset
801 5146 969 5215 [actus
995 5160 1059 5199 ex
1085 5146 1317 5208 muliere,
1344 5154 1399 5198 ut
1421 5147 1546 5198 dicit
1572 5145 1868 5215 Apostolus.

271 5217 398 5274 ch
423 5221 566 5273 enim
590 5218 887 5289 propositio
913 5216 1020 5287 (ex)
1035 5231 1246 5268 causam
1271 5219 1587 5289 materialem
1607 5217 1862 5286 designat.

269 5290 404 5345 Item
430 5307 583 5344 error
610 5287 838 5342 Nestorii
865 5288 1079 5342 dicentis
1109 5296 1306 5344 beatam
1344 5287 1731 5359 Virginemnon
1758 5302 1868 5342 esse

266 5377 491 5418 matrem
523 5359 654 5414 Filii
687 5359 806 5422 Dei,
838 5359 928 5412 sed
955 5359 1052 5428 [illi
1091 5360 1334 5421 hominis,
1358 5357 1493 5427 quod
1544 5357 1732 5426 falsum
1760 5375 1867 5412 esse

266 5436 570 5488 ostenditur
601 5448 690 5496 per
720 5433 851 5492 hoc,
876 5432 1012 5496 quod
1052 5431 1177 5482 dicit
1208 5430 1484 5495 Apostolus
1506 5446 1526 5485 :
1554 5428 1699 5483 Misit
1726 5429 1865 5484 Deus

267 5503 475 5564 Filium
502 5522 651 5560 suum
685 5505 881 5573 factum
909 5517 993 5573 ea;
1015 5501 1243 5573 muliere.
1280 5501 1547 5573 Qui_enint
1575 5503 1632 5573 [it
1661 5516 1724 5553 ea:
1748 5515 1866 5552 mu-

267 5575 423 5633 liere.
463 5590 536 5629 est
578 5570 721 5644 ﬁlius
752 5578 864 5646 ejus
887 5589 906 5627 :
935 5572 996 5625 Si
1023 5587 1143 5646 ergo
1175 5570 1346 5626 Filius
1381 5571 1476 5646 Dei
1507 5583 1579 5626 est
1607 5572 1772 5639 {actus
1803 5588 1868 5646 eat

265 5650 518 5706 muliere.
548 5642 744 5705 scilicet
768 5642 832 5698 ea:
851 5646 1005 5714 beatis
1025 5642 1258 5713 Virgine,
1283 5644 1610 5714 manifestum
1630 5653 1704 5698 est
1725 5643 1864 5714 quod

267 5719 415 5790 licata
456 5717 616 5790 Virgo
637 5731 718 5790 est
760 5717 928 5790 Mater
956 5710 1088 5790 iiii
1115 5710 1230 5770 Dei.
1265 5717 1388 5771 llaec
1416 5710 1474 5772 S.
1506 5710 1746 5770 'l‘hOmas
1765 5711 1868 5790 (la

266 5787 682 5862 ammentum),
725 5789 815 5859 qui
841 5799 897 5844 et
918 5788 1100 5862 subdit
1128 5792 1415 5862 rationem,
1448 5803 1545 5862 cur
1579 5787 1866 5862 Apostolus

269 5861 478 5920 dixerit
507 5857 708 5918 factum
737 5857 805 5926 ex
827 5859 1075 5933 muliere,
1101 5861 1554 5930 quemadmodum
1576 5871 1631 5915 et
1653 5857 1722 5915 ad
1750 5857 1863 5915 no-

593 6002 632 6013 Α

1977 3449 2166 3488 manos
2204 3448 2248 3495 ι,
2283 3433 2456 3487 factus
2485 3434 2682 3488 dicitur
2720 3433 2969 3490 Christus
3007 3451 3074 3491 ex
3117 3438 3327 3493 semine
3358 3438 3566 3499 David:

1974 3507 2239 3582 nimirum
2263 3518 2319 3560 ut
2352 3506 2684 3582 signiﬁcaret
2713 3508 2988 3562 Christum
3036 3523 3142 3582 non
3172 3523 3439 3582 eonsueto
3468 3529 3564 3582 ge.

1976 3578 2274 3650 net-atiouis
2305 3577 2479 3650 modo
2531 3589 2901 3650 procreatum,
2952 3580 3045 3632 sed
3091 3580 3356 3648 singulari
3402 3577 3568 3650 opére

1975 3647 2276 3701 divinitatis
2302 3647 2355 3701 in
2381 3657 2534 3703 utero
2561 3649 2808 3718 virginali
2834 3647 3258 3707 incarnatum’ct
3289 3647 3565 3713 hominem

1975 3719 2201 3774 laetum.

2049 3800 2075 3828 α
2114 3790 2346 3870 Nestnrii
2375 3789 2612 3870 axioma,
2636 3791 2704 3846 de
2718 3806 2842 3870 quo
2862 3795 3113 3861 superius
3141 3793 3280 3870 (Lib.
3305 3812 3318 3850 ι
3340 3813 3464 3870 cap.
3482 3798 3566 3870 2),

1975 3879 2081 3931 quo
2116 3862 2377 3936 probabat
2408 3861 2679 3932 Virginem
2716 3864 2933 3918 Mariam
2969 3881 3072 3918 non
3105 3861 3228 3920 eSse
3259 3868 3347 3920 Dei
3375 3861 3567 3936 p'at‘et'te

1976 3943 2106 3998 tem,
2147 3935 2246 3986 hoc
2276 3933 2503 3986 formato
2531 3937 2842 4006 syllogiStttO
2887 3954 2898 3987 :
2931 3936 3099 3989 Nemo
3140 3933 3463 3993 anteriorem
3509 3951 3566 3996 et

1975 4005 2338 4079 antiquiorem
2367 4019 2424 4079 se
2449 4020 2623 4079 parte:
2661 4010 2798 4060 Deus
2837 4018 2918 4060 e-t
2943 4011 3185 4062 anterior
3211 4020 3263 4063 et
3290 4014 3566 4079 antiquiOr

1974 4075 2136 4149 Maria
2172 4094 2185 4129 :
2219 4090 2350 4144 ergo
2381 4076 2544 4130 Maria
2580 4077 2745 4131 Deum
2795 4092 2901 4132 non
2952 4084 3180 4148 peperit.
3252 4075 3568 4149 Respondet

1975 4148 2178 4201 Auctor
2205 4149 2489 4216 negatione
2519 4150 2742 4214 majoris
2784 4167 2796 4201 :
2845 4164 2952 4215 quo
2997 4152 3162 4204 veluti
3211 4148 3562 4210 fundamento

1977 4221 2276 4275 subverso.
2326 4227 2495 4271 totum
2516 4220 2733 4290 corruit
2778 4233 3172 4287 argumentum.
3230 4223 3563 4290 Simpliciter

1976 4290 2120 4344 enim
2150 4303 2203 4344 et
2233 4291 2477 4344 absolute
2506 4289 2701 4346 falsum
2733 4303 2836 4356 est,
2869 4293 3008 4359 quod
3038 4308 3198 4346 nemo
3228 4289 3562 4351 anteriorem

1975 4375 2036 4435 se
2067 4365 2204 4435 parit
2234 4377 2248 4414 :
2282 4362 2420 4435 quia
2449 4361 2768 4430 simpliciter
2813 4373 2864 4415 et
2913 4361 3162 4420 absolute
3203 4380 3388 4419 verum
3437 4377 3561 4435 est,

1974 4431 2197 4486 Mariam
2240 4431 2518 4499 peperisse
2546 4443 2877 4488 anteriorem
2901 4473 2917 4497 ,
2959 4436 3078 4503 quia
3113 4438 3319 4503 peperit
3350 4436 3444 4492 Dei
3475 4431 3564 4492 [ι’ἰέ

1976 4505 2104 4556 lium
2141 4504 2248 4557 Deo
2278 4503 2421 4556 Patri
2453 4512 2802 4562 eomternutn.
2839 4517 2891 4559 et
2925 4508 3150 4572 proinde
3181 4522 3336 4561 suum
3369 4521 3558 4565 aucto-

1973 4589 2090 4651 rem
2116 4584 2172 4651 et
2201 4584 2500 4651 creatorem
2532 4592 2544 4651 ξ
2580 4576 2726 4651 quod
2753 4577 3082 4651 exemplum,
3116 4579 3241 4632 licet
3265 4578 3555 4651 singulare,

1976 4645 2169 4700 sulticit
2198 4645 2264 4698 ad
2291 4646 2640 4718 ever-tendum
2675 4648 2804 4701 illud
2837 4650 3079 4714 axioma,
3124 4666 3232 4718 quo
3275 4645 3557 4708 Nestoriui

1977 4719 2247 4791 nitebatur
2293 4734 2305 4769 :
2360 4717 2502 4791 quod
2535 4726 2715 4791 tamen
2755 4720 2799 4791 si
2837 4734 2970 4774 sano
3013 4731 3068 4776 et
3118 4717 3356 4791 legitimo
3394 4738 3561 4780 sensu

1971 4787 2302 4858 intelligatur
2327 4832 2342 4856 ,
2387 4789 2704 4842 catholicam
2736 4789 3032 4845 doctrinam
3079 4792 3146 4846 dc
3171 4787 3438 4858 iuysterio
3468 4797 3560 4851 ln-

1971 4861 2302 4916 carnalionis
2330 4875 2434 4913 nou
2465 4859 2722 4928 inﬁrmat,
2769 4863 2861 4915 sed
2891 4862 3192 4917 confirmat.
3233 4859 3370 4920 Vere
3410 4868 3557 4923 enim

1972 4931 2202 4990 dicitur.
2245 4931 2388 4999 quod
2418 4945 2576 4986 nemo
2606 4933 2934 4987 anteriorem
2983 4949 3044 4988 se
3091 4935 3262 5001 parit,
3299 4935 3557 4993 nimirum

1972 5013 2236 5068 quatenus
2266 5001 2502 5058 anterior
2531 5011 2614 5056 est
2644 5020 2658 5056 :
2699 5004 2970 5073 quomodo
3011 5005 3176 5060 Maria
3225 5011 3557 5064 anteriorem

1973 5089 2034 5129 se
2065 5078 2228 5128 Deum
2261 5089 2452 5143 parere
2499 5088 2605 5128 non
2635 5077 2810 5144 potuit
2834 5115 2848 5134 ,
2893 5086 3160 5146 quatenus
3189 5079 3465 5145 anterior,
3502 5080 3559 5135 id

1974 5156 2077 5208 est,
2111 5157 2234 5198 ante
2262 5148 2468 5214 ipsam,
2503 5156 2551 5199 et
2579 5147 2646 5200 ab
2675 5156 2882 5200 aeterno
2907 5151 3120 5216 genitus
3149 5152 3445 5204 secundum
3474 5151 3556 5205 di-

1976 5219 2276 5271 vinitatem.
2308 5216 2642 5282 Simpliciter
2672 5232 2847 5272 tamen
2877 5217 3154 5273 fatendum
3185 5233 3267 5276 e5t
3290 5264 3303 5286 ,
3334 5219 3555 5277 Mariam

1975 5303 2249 5357 peperts~e
2298 5287 2624 5342 anteriorem
2665 5305 2745 5355 se,
2775 5291 2898 5357 quia
2948 5295 3202 5346 eumdem
3239 5292 3329 5346 ltci
3359 5290 3556 5348 Filium

1971 5362 2022 5415 in
2059 5371 2302 5428 tempore
2335 5359 2543 5430 peperit
2568 5361 2638 5415 de
2663 5376 2720 5414 se
2767 5361 3132 5418 lncarnatom.
3178 5363 3326 5419 Unde
3357 5365 3555 5418 merito

1969 5433 2112 5485 canit
2145 5431 2415 5486 Ecclesia:
2443 5429 2604 5484 Beata
2631 5449 2704 5492 es,
2741 5431 2896 5504 Virgo
2923 5433 3114 5499 Maria,
3138 5450 3254 5503 quae
3277 5433 3556 5490 Dominum

1969 5505 2518 5577 porta_sti,_creatorem
2546 5505 2756 5570 mundi;
2788 5507 3011 5574 genuisti
3035 5510 3120 5577 qui
3151 5518 3199 5559 te
3226 5509 3374 5576 fecit,
3407 5515 3515 5562 etc.

2040 5573 2066 5612 δ
2109 5575 2185 5650 Ita
2216 5574 2390 5627 Latini
2421 5573 2824 5650 communiter,
2877 5573 3056 5632 etest
3091 5573 3301 5650 vulgata
3346 5579 3552 5650 versio,

1969 5643 2138 5709 Gravi
2163 5657 2341 5718 autem
2365 5651 2414 5700 ἄν
2432 5645 2732 5718 ῥμοιὼματι,
2753 5648 2808 5702 in
2831 5643 3556 5717 similitudindAugustinui

1970 5731 2134 5771 serm.
2180 5718 2212 5793 6
2257 5717 2327 5793 de
2371 5718 2560 5793 Verbis
2591 5717 2866 5793 ’Apostoli‘,
2920 5729 3151 5791 utroque
3191 5723 3351 5778 modo
3377 5724 3548 5793 legit,

1968 5789 2421 5865 quemadmodum
2446 5798 2502 5865 et
2521 5791 2812 5865 Cassianus
2837 5791 2891 5845 in
2921 5793 3022 5848 boc
3048 5789 3168 5865 cap.
3195 5793 3333 5851 Vide
3352 5789 3557 5856 caetera

1970 5860 2021 5915 in
2054 5861 2194 5916 hanc
2221 5861 2548 5917 sententiam
2577 5862 2706 5919 alibi
2733 5870 2939 5918 notata.
