3970 6344
420 397 495 457 ss
1717 394 2025 493 .itosurus
2061 397 2375 457 cassum
3143 360 3146 364 ’
3635 409 3702 470 δι

419 516 511 589 qui
550 513 616 570 de
649 513 782 572 (clo
814 513 1078 572 descendit
1116 511 1289 572 Filius
1327 503 1548 569 mis
1574 482 1764 583 Si:
1796 515 1847 567 in
1879 514 2006 570 ctelo
2035 517 2081 573 Α
2112 512 2345 569 Verbum
2376 513 2471 570 Dei
2499 530 2514 570 :
2541 513 2786 570 ascendit
2810 522 2989 572 autem
3015 514 3187 572 Filius
3219 517 3465 575 hominis
3492 540 3504 577 :
3535 524 3699 590 ipsum

421 606 603 681 (Joan.
648 609 752 681 III).
797 607 863 665 Et
900 609 1138 666 iterum:
1183 609 1244 664 Si
1282 608 1543 675 videritis,
1571 606 1774 679 inquit,
1805 606 2007 662 Filium

418 703 642 759 hominis
668 702 1028 758 ascendentem
1050 701 1140 758 ubi
1164 711 1275 756 erat
1305 703 1448 772 prius
1478 700 1657 774 (Joan.
1683 699 1780 775 vt).
1807 701 2005 758 Filium

415 796 656 853 hominis
682 797 735 853 in
762 797 904 855 calo
933 795 1098 852 fuisse
1123 794 1292 863 dixit,
1318 795 1512 852 Filium
1543 796 1781 852 hominis
1807 811 1836 852 e
1861 797 2007 851 malo

416 889 772 946 descendisse
810 887 1152 944 memoravit.
1195 887 1332 956 Quid
1368 888 1495 944 est?
1534 889 1662 960 quid
1701 889 2006 966 mussitas?

413 980 622 1053 Negato
659 981 794 1050 hoc,
834 981 880 1036 si
918 981 1025 1038 hoc
1057 983 1226 1037 vales.
1258 982 1368 1040 Sed
1401 987 1664 1039 rationem
1692 985 1820 1038 dir-ti
1851 999 2003 1055 qum-

410 1075 534 1131 ris?
565 1092 670 1130 non
699 1075 905 1130 reddo:
936 1076 1148 1130 interim
1183 1077 1323 1132 Deus
1363 1079 1467 1134 hoc
1501 1077 1673 1133 dixit:
1716 1077 1859 1134 Deus
1903 1078 2004 1135 hoc

411 1167 626 1222 locutus
673 1173 760 1222 cst
801 1165 974 1232 mihi;
1028 1168 1253 1223 verbum
1303 1169 1446 1226 illius
1488 1185 1696 1226 summa
1729 1172 1866 1227 ratio
1897 1181 2000 1228 est.

410 1258 687 1316 Removeo
725 1270 1041 1331 argumenta
1066 1304 1082 1330 ,
1124 1278 1378 1319 removeo
1419 1265 1854 1335 disputationes:
1885 1265 2001 1321 sola

410 1354 547 1411 mihi
585 1354 652 1409 ad
692 1354 1069 1410 credulitatem
1100 1355 1299 1411 sufficit
1334 1372 1563 1426 perSona
1593 1359 1845 1413 dicentis.
1881 1357 1998 1416 Non

403 1444 537 1502 licet
568 1448 697 1502 mihi
729 1450 797 1504 de
830 1447 934 1504 lide
961 1448 1091 1503 dicti
1123 1451 1434 1521 ambigere,
1471 1469 1575 1507 non
1617 1453 1744 1509 licet
1784 1454 1996 1510 delibe-

403 1555 549 1600 rare.
585 1543 722 1610 Quid
760 1545 888 1597 mihi
919 1560 1165 1616 quaerere
1204 1546 1480 1614 quomodo
1516 1563 1706 1602 verum
1747 1549 1815 1603 sit
1854 1550 1998 1618 quod

404 1633 550 1692 Deus
587 1638 787 1692 dixerit
816 1656 828 1692 :
870 1653 991 1693 cum
1021 1638 1274 1694 dubitare.
1311 1655 1417 1694 non
1459 1641 1681 1697 debeam
1703 1684 1718 1709 ,
1752 1643 1876 1713 quin
1906 1661 1999 1699 ve-

402 1739 526 1783 ruim
560 1728 630 1783 sit
658 1730 799 1798 quod
833 1730 972 1784 Deus
1002 1732 1248 1786 dixerit?
1281 1732 1446 1786 Nemo
1466 1779 1480 1803 ,
1523 1734 1688 1801 inquit
1718 1779 1732 1802 ,
1763 1739 1996 1790 ascendit

402 1817 458 1875 in
486 1821 669 1875 calum
693 1862 710 1885 ,
742 1823 842 1875 nisi
867 1824 957 1894 qui
987 1825 1251 1878 descendit
1282 1823 1346 1878 de
1373 1825 1499 1880 caelo
1519 1869 1534 1892 ,
1571 1825 1741 1881 Filius
1772 1829 1994 1883 hominis

2109 616 2291 661 autem
2330 607 2641 663 ascendisse
2679 609 2810 663 dicit
2845 627 3005 680 quem
3047 611 3426 668 descendisse.
3467 616 3602 686 Ergo
3629 621 3702 674 vi-

2107 695 2205 752 des
2234 698 2377 767 quod
2412 698 2554 755 idem
2595 708 2652 756 et
2683 699 2848 756 Filius
2881 701 3114 758 hominis
3135 745 3149 770 ,
3182 705 3280 775 qui
3318 703 3555 762 Verbqu
3590 708 3697 770 Dei.

2701 839 2935 900 CAPUT
2979 842 3093 899 Vll.

2107 950 2485 1025 Reuertitnrad
2503 955 2728 1025 priorem
2752 956 3244 1021 considerationem.
3271 969 3329 1011 nt
3350 961 3592 1014 ostendat
3609 963 3700 1016 ad.

2177 1039 2350 1079 uersus
2387 1024 2730 1102 Nestorianos
2761 1031 2824 1102 de
2855 1029 3058 1082 homine
3087 1032 3189 1102 dici
3220 1047 3342 1102 qua:
3371 1045 3492 1086 sunt
3521 1034 3700 1092 dit-ma

2177 1104 2381 1171 natura:
2408 1097 2758 1171 tamquamde
2786 1101 3048 1169 hypostasi
3079 1097 3272 1155 divina:
3302 1113 3504 1159 natura:
3527 1123 3544 1171 ;
3569 1116 3613 1160 et
3640 1110 3698 1162 de

2178 1164 2290 1220 Deo
2311 1184 2369 1220 ea
2389 1185 2504 1238 quae
2523 1164 2639 1222 sunt
2662 1164 2903 1224 humana:
2925 1183 3122 1226 natura:
3141 1183 3413 1248 tamquam
3447 1179 3507 1229 de
3528 1164 3700 1248 'Itypo-

2175 1241 2304 1318 sntnsi
2332 1243 2571 1318 Intumuit,-
2601 1255 3114 1318 naturapromerea
3141 1246 3284 1314 quod
3314 1241 3619 1318 hypostasz's
3645 1251 3696 1303 in

2177 1307 2386 1366 Christo
2418 1313 2571 1368 unica
2599 1322 2645 1368 et
2674 1307 2894 1385 simplex
2922 1307 3011 1370 sit.

2179 1444 2244 1498 Et
2272 1443 2396 1500 ideo
2423 1446 2720 1501 secundum
2749 1447 2922 1504 divini
2953 1450 3100 1506 verbi
3129 1450 3510 1521 magisterium
3543 1452 3699 1510 intre-

2101 1535 2224 1606 pide
2252 1535 2363 1605 jam
2404 1549 2458 1593 et
2497 1540 2870 1596 incunctanter
2908 1557 2961 1597 et
3004 1543 3172 1598 Filius
3214 1546 3463 1600 hominis
3499 1562 3529 1601 e
3565 1549 3698 1605 cmlo

2100 1631 2482 1698 descendisse,
2516 1645 2568 1686 et
2601 1634 2859 1689 Dominus
2898 1639 3201 1706 majestatis
3245 1640 3546 1714 cruciﬁxus
3582 1658 3695 1700 esse

2101 1721 2360 1777 dicendus
2390 1735 2474 1779 est
2505 1741 2519 1778 :
2559 1726 2681 1792 quia
2727 1730 3027 1782 secundum
3060 1732 3307 1798 suscepti
3339 1736 3590 1802 corporis
3617 1750 3697 1788 εει-

2099 1829 2436 1870 cramentum
2459 1860 2474 1882 ,
2501 1827 2557 1872 et
2582 1818 2751 1873 Filius
2781 1820 2873 1875 Dei
2907 1822 3075 1878 factus
3103 1837 3184 1878 est
3217 1825 3397 1881 Filius
3427 1827 3688 1898 hominis.

400 1914 490 1984 qui
517 1925 587 1968 est
616 1914 668 1967 in
696 1915 838 1969 caelo.
873 1916 1099 1970 Verbum
1126 1917 1309 1987 utique
1339 1917 1512 1974 Patris
1534 1935 1749 1991 semper
1773 1919 1824 1977 in
1851 1923 1982 1976 creto

2098 1919 2152 1962 et
2181 1909 2234 1962 in
2269 1909 2403 1964 Filio
2440 1909 2678 1964 hominis
2705 1913 2998 1968 crux-initus
3025 1929 3101 1972 est
3140 1916 3413 1973 Dmninus
3446 1923 3694 2002 maiesta-

396 2006 544 2062 Iult:
595 2017 649 2062 et
695 2008 970 2076 quomodo
1020 2009 1108 2063 ille
1154 2009 1346 2064 Filium
1395 2011 1630 2068 hominis
1680 2030 1895 2085 semper
1941 2017 1990 2071 in

399 2100 546 2155 cmlo
594 2099 764 2155 fuisse
811 2104 1176 2158 memoravit?
1225 2104 1466 2184 lntellige
1513 2123 1642 2177 ergo
1682 2109 1822 2177 quod
1870 2125 1990 2163 eum

397 2189 596 2248 Filium
629 2195 861 2248 hominis
893 2210 1011 2250 esse
1041 2197 1243 2264 docuit,
1284 2201 1372 2266 qui
1415 2215 1631 2270 semper
1679 2201 1773 2256 Dei
1820 2202 1991 2258 Filius

397 2283 539 2342 fuit:
572 2302 694 2341 cum
728 2288 912 2357 utique
943 2306 1063 2345 eum
1093 2294 1181 2362 qui
1217 2290 1380 2348 Filius
1413 2293 1648 2349 hominis
1687 2313 1856 2364 nuper
1892 2314 1987 2352 ex-

396 2379 568 2442 stitit,
603 2380 656 2434 in
687 2382 829 2438 emlo
859 2400 1074 2452 seraper
1105 2387 1270 2442 fuisse
1300 2390 1606 2443 conﬁrmet.
1639 2391 1754 2445 Huc
1783 2392 1992 2447 accedit

395 2471 574 2537 majus
604 2472 784 2540 aliud,
815 2476 960 2544 quod
993 2476 1243 2530 eumdem
1273 2477 1470 2533 Filium
1505 2479 1766 2546 hominis,
1799 2483 1847 2536 id
1873 2494 1984 2550 est,

396 2559 634 2619 Verbum
673 2566 762 2621 Dei
795 2568 937 2636 quod
968 2569 1316 2626 descendisse
1349 2573 1416 2628 de
1447 2576 1585 2629 ραεό
1626 2574 1793 2640 dixit,
1827 2579 1989 2632 etiam

393 2665 523 2711 tunc
551 2674 672 2712 cum
703 2659 756 2714 in
794 2669 934 2715 terra
985 2663 1239 2732 loquitur,
1286 2667 1338 2719 in
1385 2668 1524 2722 caelo
1569 2683 1692 2722 esse
1741 2679 1986 2725 testatur.

395 2749 565 2806 Nemo
597 2753 773 2816 enim,
812 2754 1011 2823 inquit,
1045 2757 1273 2810 ascendit
1306 2758 1358 2812 in
1392 2759 1571 2813 calum
1596 2803 1610 2826 ,
1658 2762 1755 2813 nisi
1794 2763 1885 2832 qui
1927 2763 1992 2817 de

393 2843 520 2899 calo
550 2843 847 2909 descendit,
882 2843 1052 2902 Filius
1083 2850 1299 2904 hominis
1325 2851 1415 2920 qui
1441 2862 1515 2905 est
1554 2853 1606 2906 in
1635 2853 1783 2910 caelo.
1817 2855 1948 2924 Quis
1968 2899 1984 2925 ,

393 2950 616 3006 quaso,
649 2949 731 2991 est
760 2939 848 3006 qui
891 2937 993 2994 huc
1036 2940 1312 3012 loquitur?
1348 2943 1594 2999 Christus
1637 2948 1839 3018 utique.
1889 2949 1986 3005 Ubi
2041 2999 2044 3003 .

392 3038 571 3083 autem
614 3038 741 3083 tunc
782 3040 899 3086 erat
936 3046 1057 3086 cum
1100 3033 1455 3103 loqueretur?
1487 3037 1537 3090 in
1573 3048 1712 3093 terra
1754 3042 1983 3097 scilicet.

390 3121 462 3177 Et
487 3123 758 3192 quomodo
785 3139 842 3178 se
865 3135 919 3179 et
947 3142 976 3179 e
1002 3128 1143 3182 creto
1170 3144 1290 3182 cum
1319 3139 1474 3184 natus
1497 3141 1581 3186 est
1605 3133 1982 3202 descendisse;

391 3226 446 3271 et
479 3230 600 3270 cum
633 3218 888 3287 loquitur,
923 3219 975 3273 in
1008 3222 1145 3277 rosio
1173 3237 1295 3277 esse
1343 3233 1612 3280 testatur:
1645 3238 1700 3282 et
1729 3229 1980 3284 eumdem

391 3323 452 3364 se
484 3308 677 3364 Filium
721 3308 954 3366 hominis
983 3328 1103 3367 esse
1129 3313 1297 3380 dicit,
1330 3329 1452 3370 cum
1486 3318 1668 3388 utique
1697 3327 1754 3374 et
1783 3336 1813 3374 e
1844 3322 1983 3376 coelo

389 3403 495 3459 nisi
533 3406 671 3460 Deus
702 3405 1034 3461 descendere
1065 3423 1171 3462 non
1205 3411 1443 3477 potuerit
1471 3425 1486 3465 :
1519 3418 1721 3466 etcum
1756 3415 1807 3467 in
1839 3424 1981 3469 terra

389 3495 658 3567 loquitur,
690 3507 744 3552 et
774 3498 825 3552 in
857 3499 998 3554 caelo
1029 3501 1213 3571 utique
1242 3501 1346 3556 nisi
1381 3518 1474 3568 per
1513 3503 1612 3559 Dei
1657 3504 1980 3562 infinitatem

390 3603 514 3646 esse
547 3607 654 3645 non
687 3591 891 3659 possit?
923 3591 1156 3649 Adverte
1186 3609 1316 3664 ergo
1351 3595 1568 3650 tandem
1590 3639 1605 3661 ,
1638 3606 1694 3652 et
1726 3600 1942 3668 percipe
1963 3643 1978 3667 ,

390 3682 532 3753 quod
564 3683 704 3738 idem
735 3694 817 3739 est
849 3683 1018 3739 Filius
1048 3685 1280 3741 hominis
1309 3688 1396 3755 qui
1425 3687 1660 3744 Verbum
1695 3689 1826 3759 Dei;
1858 3694 1980 3762 quia

391 3787 448 3833 ct
475 3776 644 3832 Filius
678 3779 911 3834 hominis
940 3780 1064 3834 dum
1097 3797 1160 3835 ex
1195 3781 1412 3837 homine
1451 3798 1581 3839 vere
1622 3786 1898 3852 nascitur;
1929 3798 1983 3843 et

392 3866 629 3924 Verbum
673 3870 799 3938 Dei,
843 3871 968 3926 dmn
1010 3871 1152 3928 idem
1182 3873 1272 3942 qui
1311 3874 1362 3928 in
1399 3883 1542 3929 terra
1578 3876 1838 3947 loquitur,
1870 3895 1983 3934 ma-

390 3971 487 4018 net
516 3977 732 4032 semper
759 3963 810 4017 in
843 3963 1002 4020 callo.
1033 3963 1111 4019 Ac
1140 3966 1220 4020 sic
1252 3966 1502 4020 humanae
1531 3977 1616 4022 est
1649 3970 1978 4038 nativitatis,

390 4055 533 4125 quod
571 4055 765 4110 Filium
805 4073 864 4110 se
907 4057 1139 4113 hominis
1177 4073 1304 4114 vere
1343 4059 1515 4114 dicit:
1560 4059 1758 4115 divinae
1800 4073 1980 4120 autem

388 4144 674 4201 inﬁnitatis
696 4192 708 4214 ,
737 4149 880 4217 quod
909 4164 938 4203 e
963 4149 1102 4203 creto
1129 4150 1344 4218 penitus
1372 4167 1478 4205 non
1509 4153 1734 4208 recedit.
1762 4153 1824 4210 Et
1858 4155 1980 4211 ideo

391 4237 534 4294 bene
562 4241 854 4309 Apostolus
884 4239 1054 4295 instar
1082 4241 1391 4297 divinorum
1421 4243 1712 4299 verborum
1743 4246 1978 4303 docens:

395 4329 498 4398 Qui
525 4330 670 4386 enim
687 4373 702 4398 ,
732 4331 906 4400 iuqttit
923 4373 938 4397 ,
963 4331 1258 4403 descendit,
1285 4335 1395 4404 ipse
1419 4346 1492 4390 est
1511 4377 1526 4400 ,
1556 4347 1604 4390 et
1631 4338 1718 4402 qui
1747 4339 1980 4394 ascendit

390 4440 546 4496 super
572 4441 744 4478 omnes
773 4432 924 4480 caelos
945 4468 958 4490 ,
989 4437 1042 4480 ut
1070 4427 1306 4498 impleret
1333 4430 1506 4483 omnia
1533 4427 1752 4501 (Ep/tes.
1779 4432 1858 4503 tv)
1877 4473 1894 4500 ,
1927 4441 1982 4487 et

386 4517 565 4587 ipsum
618 4518 966 4573 descendisse
1011 4520 1143 4574 dicit
1172 4536 1328 4590 quem
1364 4521 1698 4580 ascendisse.
1743 4523 1978 4581 Descen-

391 4608 524 4665 dere
565 4618 743 4664 autem
784 4624 816 4663 e
857 4609 998 4664 caelo
1043 4625 1150 4664 non
1194 4613 1398 4678 potuit,
1442 4614 1544 4666 nisi
1580 4613 1811 4668 Verbum
1856 4615 1969 4671 Dei.

2099 2002 2184 2056 tis.
2218 2001 2282 2055 Et
2311 2005 2436 2073 quid
2471 2003 2670 2074 plura?
2699 2007 2919 2076 longum
2949 2022 3030 2064 est
3061 2011 3129 2065 de
3155 2012 3398 2083 singulis
3428 2017 3590 2069 multa
3621 2001 3692 2071 di-

2094 2111 2254 2152 cere:
2289 2098 2408 2154 dies
2436 2101 2579 2153 enim
2615 2116 2702 2156 me
2731 2102 2982 2169 delieiet,
3013 2105 3057 2159 si
3091 2109 3276 2160 omnia
3311 2123 3434 2177 qua:
3464 2109 3529 2162 ad
3563 2107 3693 2165 hanc

2093 2205 2208 2245 rem
2237 2189 2418 2245 aﬂ‘erri
2449 2201 2671 2260 poSsunt
2693 2235 2707 2258 ,
2741 2198 3065 2264 conquirere
3091 2208 3183 2251 aut
3213 2200 3498 2266 explicare
3529 2209 3691 2256 tenta-

2093 2296 2238 2336 vero.
2275 2282 2624 2338 Revolvenda
2652 2287 2793 2340 enim
2827 2287 2929 2343 hoc
2971 2289 3174 2344 volenti
3218 2305 3376 2344 sacra
3419 2291 3689 2362 Scriptura

2092 2377 2302 2439 omnis,
2331 2393 2396 2433 ac
2423 2379 2645 2449 legenda
2674 2390 2778 2435 est.
2811 2381 2941 2436 Nam
2970 2399 3089 2451 qua:
3119 2395 3252 2438 sunt
3279 2401 3402 2455 quae
3437 2402 3542 2439 non
3574 2403 3691 2458 per-

2092 2469 2301 2523 tineant
2329 2470 2393 2525 ad
2429 2472 2530 2526 hoc
2556 2488 2680 2528 com
2711 2476 2892 2528 omnia
2922 2476 3125 2545 scripta
3156 2479 3270 2531 sint
3307 2490 3534 2547 propter
3562 2480 3689 2537 hoc?

2091 2561 2338 2619 Breviter
2369 2581 2503 2635 ergo
2529 2582 2594 2622 ac
2622 2569 2856 2622 strictim
2888 2571 3142 2624 nonnulla
3171 2571 3283 2625 dici
3315 2588 3547 2628 necesse
3571 2584 3686 2642 est,

2091 2665 2150 2710 ut
2174 2657 2277 2712 dici
2306 2659 2513 2723 pos~iut
2543 2677 2555 2712 :
2587 2670 2640 2713 el
2663 2662 3030 2716 enumeranda
3056 2665 3313 2731 qumdam
3339 2668 3509 2737 magis
3532 2682 3683 2733 quam

2093 2751 2410 2818 esplieanda
2435 2796 2447 2818 ,
2493 2767 2558 2808 ac
2594 2753 2811 2810 damnis
2842 2754 2932 2828 (nt
2963 2757 3034 2810 ita
3064 2758 3282 2824 dicam)
3315 2760 3511 2814 damna
3544 2760 3685 2820 redi~

2092 2842 2307 2897 menda.
2356 2843 2492 2898 Cum
2541 2855 2766 2915 propter
2813 2846 2914 2901 hoc
2957 2849 3142 2917 utique
3176 2853 3474 2906 conveniat
3514 2854 3682 2926 aliqua

2090 2937 2421 3001 transcurri,
2457 2953 2681 2994 necesse
2713 2941 2778 2994 sit
2821 2956 2990 3011 prope
3028 2956 3221 3012 cuneta
3258 2947 3502 3002 reticeri.
3544 2946 3685 3002 Venit

2090 3045 2242 3099 ergo,
2276 3029 2452 3100 inquit
2479 3029 2730 3087 Salvator
2772 3034 2822 3088 in
2867 3036 3200 3107 Evangelia,
3248 3037 3428 3094 Filius
3465 3039 3682 3094 Itominis

2088 3121 2288 3176 saluare
2315 3125 2455 3194 quod
2481 3126 2704 3191 perierat
2735 3125 2916 3195 (Luae
2946 3131 3083 3200 χιιι).
3120 3131 3188 3185 Et
3219 3133 3519 3201 Apostolus
3541 3178 3555 3200 ,
3587 3131 3678 3186 Fi-

2089 3215 2256 3282 delis,
2309 3218 2520 3284 inquit,
2571 3237 2772 3286 sermo,
2824 3232 2872 3275 et
2917 3224 3058 3277 omni
3105 3227 3413 3294 acceptione
3459 3227 3678 3298 dignus:

2086 3308 2334 3375 quoniam
2367 3306 2520 3364 Iesus
2561 3308 2796 3365 Christus
2832 3316 2968 3368 venit
3007 3316 3060 3369 in
3103 3320 3360 3370 mundum
3398 3326 3678 3389 peccatores

2085 3401 2252 3455 salvos
2285 3406 2454 3470 facere
2472 3445 2487 3465 ,
2515 3420 2734 3473 quorum
2762 3408 2961 3474 primus
2986 3425 3076 3480 ego
3102 3425 3216 3462 sum
3243 3410 3289 3475 (Ι
3316 3409 3456 3465 Tim.
3482 3408 3541 3482 t).
3575 3408 3676 3466 Sed

2086 3503 2140 3548 et
2165 3493 2399 3549 Joannes
2429 3497 2796 3563 evangelista,
2837 3497 2905 3552 In
2952 3502 3196 3571 prapria,
3242 3502 3461 3573 inquit,
3510 3505 3674 3570 venit,

2083 3599 2133 3642 et
2162 3588 2242 3646 sui
2269 3605 2381 3642 eum
2409 3606 2513 3642 non
2542 3601 2840 3658 receperunt
2878 3592 3056 3661 (Joan.
3083 3593 3143 3662 ι).
3182 3593 3351 3650 Vides
3380 3610 3512 3666 ergo
3540 3594 3676 3663 quod

2085 3679 2358 3749 Scriptura
2405 3681 2533 3734 alibi
2569 3682 2760 3736 Filium
2819 3684 3084 3748 hominis,
3120 3685 3248 3740 alibi
3293 3687 3480 3743 Jesum
3524 3687 3672 3743 Chri-

2084 3772 2393 3834 stnm,alibi
2429 3771 2665 3827 Verbum
2703 3773 2794 3828 Dei
2830 3775 2882 3828 in
2931 3776 3189 3830 mundum
3224 3779 3446 3842 venisse
3489 3777 3676 3847 pracdi-

2084 3867 2213 3921 cat?
2257 3867 2499 3936 lntellige
2545 3867 2725 3934 itaque
2758 3878 2783 3904 ⁸
2816 3867 3322 3925 dissimilitudinem
3367 3871 3676 3941 appellatio-

2087 3976 2212 4014 num
2245 3975 2368 4014 esse
2389 3999 2406 4025 ,
2437 3975 2542 4014 nou
2579 3977 2757 4015 rerum
2786 3978 2801 4017 :
2831 3971 2886 4016 et
2913 3963 2965 4016 iu
2995 3963 3212 4018 diversa
3244 3965 3527 4019 nominum
3557 3976 3675 4032 spe.

2084 4055 2170 4111 cie
2207 4053 2234 4092 δ
2266 4069 2427 4108 unam
2480 4068 2601 4108 esse
2658 4055 2938 4110 virtutem.
2993 4054 3125 4110 Nam
3175 4056 3305 4111 licet
3358 4047 3675 4112 venissei’in

2084 4148 2344 4203 mundum
2375 4163 2514 4200 nunc
2545 4146 2715 4202 Fiiius
2746 4146 2977 4204 hominis
3000 4190 3016 4215 ,
3047 4165 3190 4204 nunc
3217 4147 3316 4205 Dei
3347 4150 3671 4211 nominetur.

2083 4239 2136 4294 id
2193 4250 2277 4294 est
2335 4239 2614 4302 Verbum;
2660 4254 2798 4294 unus
2843 4252 3018 4297 tamen
3067 4242 3121 4296 in
3163 4251 3409 4312 utroque
3453 4240 3667 4298 nomine

2083 4331 2419 4402 designatur.

2681 4422 2909 4481 CAPUT
2944 4424 3079 4480 Vill.

2156 4516 2317 4574 Hanc
2342 4518 2750 4594 appellationum
2777 4520 3084 4594 varietatem
3099 4518 3229 4574 nihil
3257 4522 3603 4594 prtejudimn

2633 4590 2820 4644 divina:
2847 4592 3105 4662 potestati.

385 4703 538 4772 Quod
566 4704 751 4772 utique
772 4718 887 4756 cum
913 4704 968 4755 in
995 4707 1161 4773 forma
1186 4702 1285 4758 Dei
1311 4715 1468 4770 esset,
1493 4707 1974 4763 exinanivitsemet-
2001 4665 2057 4726 Β
2153 4704 2284 4758 Nam
2331 4718 2454 4759 cum
2507 4703 2691 4773 utique
2741 4703 3036 4759 secundum
3080 4707 3473 4778 evangelistam
3522 4706 3573 4766 is
3611 4718 3663 4774 ιμ

383 4797 591 4866 ipsum,
626 4798 845 4865 formam
872 4797 1002 4850 servi
1041 4799 1326 4868 accipiens,
1370 4801 1421 4853 in
1459 4799 1847 4856 similitudinem
1877 4804 1974 4858 lto-

385 4890 582 4944 minum
610 4893 778 4961 {actus
800 4930 815 4954 ,
840 4899 888 4944 et
916 4891 1090 4944 habitu
1117 4891 1353 4947 inventus
1381 4902 1434 4944 ut
1459 4891 1617 4948 homo
1641 4910 1659 4949 :
1685 4893 1978 4950 humiliaoit

382 4985 711 5056 semetipsum
732 5025 747 5050 ,
774 4985 943 5054 factus
971 4984 1207 5039 obediens
1232 5001 1387 5053 usque
1406 4987 1475 5038 ad
1504 4997 1734 5053 mortem,
1759 4997 1973 5042 mortem

381 5084 558 5130 autem
599 5077 771 5129 crucis
810 5077 828 5145 (
861 5074 1092 5145 Philipp.
1121 5093 1157 5130 ιι
1186 5077 1227 5144 ).
1276 5078 1561 5135 Descendit
1597 5094 1726 5148 ergo
1763 5094 1795 5136 θ
1834 5081 1973 5138 cmlo

2082 4795 2338 4852 mundum
2371 4795 2582 4850 venerit
2610 4811 2707 4865 per
2735 4810 2894 4863 quem
2926 4795 3042 4864 ipse
3073 4795 3245 4862 factus
3272 4807 3358 4854 est
3398 4795 3665 4857 mundus;

2080 4899 2133 4945 ct
2160 4889 2328 4943 Filius
2358 4887 2598 4944 hominis
2628 4887 2800 4942 factus
2831 4887 2939 4954 sit,
2969 4891 3058 4958 qui
3098 4900 3180 4944 est
3222 4891 3413 4946 mundi
3457 4895 3668 4945 creator

2082 4982 2221 5038 Deus
2249 4999 2261 5035 :
2298 4996 2403 5036 non
2435 4982 2662 5036 interest
2689 4980 2818 5050 quid
2852 4980 2905 5034 in
2937 4981 3163 5052 singulis
3205 4984 3542 5048 nominetur,
3575 4977 3662 5052 qui

2080 5078 2222 5148 Deus
2253 5078 2307 5134 in
2338 5075 2592 5132 omnibus
2623 5071 2958 5152 intelligitur.
3000 5075 3124 5132 Non
3159 5075 3486 5156 prejudicat
3522 5073 3660 5138 enim

1448 5239 1706 5297 ALARDI
1745 5240 1977 5300 GAZEI
2015 5237 2588 5300 COMMENTARIUS.

379 5376 504 5436 Dei,
540 5384 679 5430 teste
719 5375 1012 5438 Apostolo.
1054 5375 1332 5429 exinan’vit
1369 5373 1695 5444 semetipsum
1735 5374 1959 5441 formam

376 5449 507 5501 servi
536 5447 822 5519 accipiens,
856 5448 906 5501 in
944 5446 1330 5519 similitudinem
1366 5444 1627 5519 hominum
1671 5449 1841 5513 factus
1863 5487 1876 5510 ,
1909 5457 1959 5501 et

376 5518 554 5572 habuit
581 5515 816 5574 iuuentus
843 5530 895 5572 ut
929 5518 1080 5571 homo
1112 5516 1286 5587 (Phil.
1316 5533 1349 5569 tt
1447 5517 1555 5569 llac
1585 5532 1712 5586 ergo
1742 5529 1961 5572 Senten-

375 5591 483 5651 tia,
539 5591 636 5642 tria
691 5593 804 5643 lure
847 5590 1113 5644 credenda
1161 5590 1406 5642 Christus
1455 5587 1692 5652 iudicat,
1749 5599 1960 5643 natura:

374 5664 584 5716 scilicet
616 5664 861 5714 humanm
886 5671 1174 5729 assumptze
1207 5661 1522 5724 veritatem,
1557 5675 1679 5712 eum
1727 5674 1789 5714 se
1829 5661 1962 5715 dicit

376 5732 459 5789 Fil
486 5752 572 5787 ιιιιι
608 5733 860 5799 hominis,
897 5734 948 5786 id
980 5747 1084 5794 eSl,
1118 5731 1422 5796 hominem;
1458 5731 1654 5784 ιιίιινίιιιι³
1687 5733 1816 5784 item
1858 5746 1957 5786 ua-

375 5813 510 5860 ειη-..τ
544 5807 820 5858 veritatem
843 5849 856 5866 ,
891 5803 1015 5858 dum
1047 5819 1105 5858 se
1130 5821 1160 5858 e
1189 5806 1329 5859 caelo
1370 5803 1718 5858 descendisse
1739 5847 1753 5869 ,
1806 5813 1859 5858 ct
1901 5803 1955 5859 itt

376 5880 521 5956 ςωιο
551 5891 672 5931 esse
698 5875 888 5930 usserit
909 5891 1078 5956 ,_cum
1099 5876 1223 5956 haec
1255 5877 1572 5946 loquebatur
1603 5874 1654 5928 in
1689 5884 1828 5956 terra
1857 5892 1883 5955 :_
1903 5885 1956 5930 et

376 5946 572 6004 harum
597 5959 908 6004 naturarum
941 5949 990 6002 iu
1021 5949 1281 6003 unitatem
1327 5961 1572 6018 persona:
1617 5946 1954 6015 conjunctio-

2069 5389 2192 5430 uem
2213 5419 2226 5440 ,
2259 5374 2386 5428 dum
2431 5373 2628 5428 Filium
2659 5374 2892 5428 hominis
2919 5374 3048 5429 dicit
3075 5389 3199 5431 esse
3228 5377 3280 5428 in
3322 5375 3462 5431 cmlo
3495 5390 3506 5424 :
3535 5381 3652 5438 quta

2068 5458 2294 5516 propter
2325 5445 2462 5499 hanc
2494 5447 2749 5522 unitatem
2795 5447 3102 5522 necessario
3133 5447 3396 5522 sequitur,
3432 5455 3483 5496 ut
3515 5455 3654 5522 ψειε-

2069 5512 2306 5585 cuuique
2334 5532 2462 5570 vt-re
2491 5517 2744 5570 dicuntur
2775 5517 2842 5572 de
2888 5518 3025 5572 Filio
3069 5518 3163 5572 Dei
3184 5512 3395 5585 {etiam
3429 5531 3553 5570 vere
3575 5512 3653 5566 di-

2067 5601 2264 5645 cantur
2289 5589 2356 5642 de
2391 5587 2530 5642 Filio
2563 5589 2831 5653 hominis,
2867 5601 2923 5642 et
2951 5601 3161 5643 contra.

2140 5669 2166 5738 ξι
2197 5659 2249 5713 ΙιΙ
2279 5673 2392 5722 est,
2420 5674 2818 5738 personarum,
2852 5672 2908 5738 ut
2937 5660 3493 5738 NestOrius-docehat.‘

2137 5730 2362 5803 bQuam
2413 5731 2586 5803 Graeci
2637 5733 3006 5800 hypostasim,
3055 5733 3231 5788 Latini
3280 5730 3640 5803 suppositum,

2064 5802 2146 5858 vel
2181 5816 2497 5880 personam.
2528 5802 2728 5880 Auctor
2766 5819 2949 5880 supra,
2971 5805 3137 5880 _a_ttini
3178 5803 3464 5880 vocabulo,
3487 5802 3643 5880 tutuo:-

2063 5879 2261 5929 statetn
2304 5873 2572 5944 appellat,
2618 5873 2669 5928 id
2718 5871 3230 5953 estfdiviuitateut,
3279 5890 3373 5939 seu
3417 5871 3640 5926 divinam

2063 5959 2350 6016 personam
2362 5983 2374 6000 .
