3970 6344
175 281 269 341 105

169 491 378 556 faciant,
399 498 454 545 et
483 488 682 544 habere
698 488 966 558 hospitem
992 497 1155 559 atque
1183 487 1545 542 habitatorem
1578 488 1745 542 Deum

169 581 262 636 ﬁde
311 591 367 637 et
398 581 599 652 pietate
627 592 955 638 mereantur.
989 580 1124 649 Quia
1163 590 1320 652 prout
1353 581 1472 651 quis
1511 579 1743 636 idoneus

165 692 383 734 munere
415 678 507 734 Dei
535 677 717 744 luerit,
751 677 822 733 ita
846 692 967 732 eum
991 676 1172 732 divina
1201 675 1370 747 gratia
1404 682 1744 730 muneratur.

167 778 326 834 Prout
355 779 400 833 si
433 780 553 849 quis
575 779 769 850 dignus
790 787 1008 849 putatur
1033 779 1165 846 Deo,
1196 779 1268 833 ita
1299 777 1392 832 Dei
1423 777 1618 833 fruitur
1650 775 1745 832 atl-

165 889 341 948 ventu,
375 882 675 937 secundum
717 881 863 937 illam
895 881 1108 936 Domini
1146 880 1565 953 promissionem
1617 898 1629 934 :
1688 878 1750 936 Si

163 985 263 1054 quis
306 982 481 1054 diligit
526 1000 637 1050 me,
681 1000 969 1039 sermonem
1010 999 1177 1038 meum
1205 983 1456 1048 servabit;
1493 991 1538 1036 et
1582 997 1675 1052 ego
1703 988 1752 1035 et

161 1083 317 1139 Pater
368 1102 509 1140 meus
557 1087 812 1140 veniemus
865 1087 932 1139 ad
961 1101 1109 1152 eum,
1159 1094 1208 1139 et
1246 1085 1562 1138 mansionem
1611 1081 1750 1153 apud

162 1203 264 1242 eum
279 1187 537 1258 faciemus
553 1186 734 1258 (Joan.
762 1185 896 1260 XIV).
927 1187 1110 1260 Longe
1128 1195 1306 1243 autem
1331 1187 1434 1242 alia
1450 1186 1518 1242 de
1537 1184 1753 1240 Christo

165 1303 246 1345 res
268 1298 442 1360 atque
471 1291 609 1345 ratio
639 1299 745 1358 est,
779 1289 832 1343 in
860 1306 962 1360 quo
991 1291 1156 1344 omnis
1181 1288 1452 1356 plenitudo
1473 1286 1756 1342 divinitatis

163 1391 353 1446 habitat
399 1391 763 1462 corporaliter,
799 1401 852 1446 et
878 1391 969 1462 qui
997 1391 1068 1446 ita
1117 1389 1416 1446 divinitatis
1458 1388 1756 1461 plenitudio

163 1508 274 1548 nem
318 1493 379 1548 in
411 1508 472 1550 se
503 1493 697 1563 habet,
736 1503 794 1550 ut
820 1494 1029 1550 cunctis
1056 1493 1124 1548 de
1159 1507 1253 1548 sua
1285 1491 1624 1563 plenitudine
1651 1490 1758 1545 lar-

162 1598 363 1668 giatur;
390 1598 483 1668 qui
507 1596 849 1654 inhabitante
881 1597 936 1652 in
967 1611 1026 1652 se
1057 1595 1356 1651 divinitatis
1385 1593 1752 1666 plenitudine,

165 1699 227 1752 ita
252 1697 375 1768 ipse
406 1699 460 1752 in
496 1699 723 1769 singulis
752 1709 1062 1754 sanctorum
1091 1696 1319 1767 habitat,
1345 1705 1505 1767 prout
1531 1711 1626 1752 eos
1668 1695 1753 1751 di-

1185 280 1276 338 DE
1318 278 1832 338 INCARNATIONE
1869 277 2137 336 CHRISTI
2179 277 2306 334 LIB.
2351 278 2419 335 V.

171 397 272 452 Deo
300 410 360 452 se
391 394 705 462 humilient,
734 395 846 451 Deo
876 394 1133 463 subdant,
1161 394 1258 451 Dei
1289 411 1350 451 se
1379 394 1743 450 habitaculum
1772 395 1826 456 Α

3334 284 3436 345 £00

2461 389 2690 448 CAPUT
2731 391 2796 448 V.

1851 482 2115 540 Christum
2166 497 2283 541 ante
2330 497 2498 564 ortum
2549 487 3091 564 tetiiporalem‘Denm
3145 507 3344 564 semper
3405 510 3440 549 tt

2228 560 2491 629 prapltetis
2531 560 2849 630 appellatum
2876 561 3060 628 fuisse.

1925 671 2031 728 Iste
2058 687 2188 743 ergo
2230 681 2314 728 est
2339 671 2408 728 de
2432 690 2537 744 quo
2570 674 2832 744 propheta
2859 675 2992 731 dicit
3033 694 3046 730 :
3093 677 3351 742 Quoniam
3380 681 3436 734 in

1853 774 1901 820 te
1926 773 2000 820 est
2035 765 2176 820 Deus
2200 807 2215 834 ,
2246 774 2294 820 et
2329 783 2430 820 non
2456 776 2530 820 est
2567 778 2754 837 praeter
2799 779 2847 823 te
2879 769 3038 824 Deus.
3079 769 3159 825 'l'u
3209 789 3260 825 es
3301 774 3438 827 enim

1853 856 1993 913 Deus
2044 869 2245 927 noster,
2286 868 2336 914 et
2390 859 2766 929 nesciebamus,
2819 860 2961 917 Deus
3004 860 3441 920 IsraetSalvator

1854 948 2037 1025 (Isaitc
2057 953 2206 1022 xnv);
2235 950 2328 1022 qui
2368 951 2421 1005 in
2453 953 2600 1006 terris
2629 954 2810 1024 utique
2841 966 3025 1022 postea
3063 957 3206 1011 visus
3245 966 3347 1024 est,
3394 966 3444 1012 et

1854 1060 1971 1099 cum
2007 1043 2302 1099 hominibus
2341 1055 2665 1099 conversatus
2706 1055 2777 1101 est
2809 1046 3034 1118 (Barnch
3063 1049 3168 1120 ιιι).
3207 1049 3286 1105 De
3333 1065 3442 1120 quo

1855 1137 2019 1193 etiam
2056 1136 2230 1192 David
2271 1137 2532 1208 prepheta
2564 1152 2631 1192 ex
2655 1153 2886 1208 persona
2928 1140 3093 1206 ipsius
3139 1141 3310 1197 dicit:
3359 1141 3438 1196 De

1854 1240 2028 1285 ventre
2051 1230 2230 1284 matris
2256 1245 2381 1286 mete
2410 1230 2548 1285 Deus
2577 1246 2718 1284 meus
2744 1247 2798 1285 es
2828 1240 2882 1285 tu
2907 1230 3134 1302 (Psalm.
3166 1235 3305 1305 nt),
3346 1249 3439 1290 os-

1858 1324 2086 1380 tendens
2116 1322 2301 1394 utique
2332 1324 2474 1395 quod
2503 1341 2795 1395 numquam
2829 1335 2853 1362 ει
2885 1326 3049 1381 homo
3079 1327 3169 1382 ille
3205 1327 3449 1384 Domini-

1857 1430 1954 1472 cus
1998 1417 2117 1472 sine
2145 1416 2350 1472 unitate
2394 1418 2486 1472 Dei
2535 1417 2731 1483 fuerit,
2783 1418 2834 1473 in
2876 1435 2983 1489 quo
3015 1419 3069 1473 in
3108 1419 3228 1490 ipso
3264 1421 3442 1476 statim

1857 1509 2098 1581 Virginis
2124 1519 2282 1566 utero
2323 1511 2600 1581 plenitudo
2636 1510 2936 1566 divinitatis
2965 1512 3253 1570 habitaret.
3295 1512 3448 1568 Sicut

1859 1611 1914 1659 et
1933 1603 2066 1660 alibi
2092 1603 2234 1659 idem
2259 1603 2543 1675 propheta,
2591 1603 2824 1671 Veritas,
2855 1605 3049 1676 inquit,
3081 1606 3142 1659 de
3173 1615 3307 1660 terra
3337 1615 3452 1662 orta

1857 1706 1966 1765 est,
2010 1705 2057 1751 et
2074 1697 2285 1767 justitia
2324 1697 2387 1751 de
2417 1697 2544 1753 ctelo
2575 1698 2837 1770 prospexit
2888 1697 3062 1770 (Psal.
3103 1697 3350 1770 Lxxxw),
3390 1707 3451 1755 ut

164 1813 279 1871 gnos
305 1814 414 1856 suo
444 1801 652 1870 putarit
677 1800 1008 1868 habitaculo,
1037 1809 1092 1856 et
1120 1800 1190 1855 ita
1218 1798 1469 1854 omnibus
1496 1798 1564 1854 de
1585 1798 1758 1868 pleni-
1786 1787 1834 1850 Β
1863 1793 2290 1866 intelligeremus
2312 1791 2523 1848 scilicet
2554 1790 2916 1862 prospiciente
2937 1808 2967 1848 e
2993 1793 3146 1848 caelis
3168 1792 3306 1848 Filio
3330 1793 3446 1860 Dei,

171 1901 352 1956 tudine
397 1917 500 1956 sua
528 1900 718 1956 tribuit
752 1911 810 1956 ut
837 1903 951 1973 ipse
979 1901 1032 1957 in
1064 1900 1404 1973 plenitudine
1429 1915 1526 1956 sua
1562 1899 1762 1970 jugiter

173 2015 510 2078 perseveret;
539 2007 632 2078 qui
661 2008 848 2078 utique
880 2007 1044 2062 etiam
1079 2021 1201 2061 cum
1232 2004 1287 2060 in
1317 2019 1547 2074 corpore
1575 2018 1675 2059 suo
1707 2005 1760 2058 in

172 2119 292 2163 terra
346 2115 543 2176 esset,
599 2107 878 2164 animabus
920 2115 1101 2164 tamen
1155 2117 1473 2164 sanctorum
1516 2107 1758 2165 omnium

179 2213 347 2277 inerat,
382 2211 586 2280 cmlos,
612 2223 808 2282 terras,
833 2227 1006 2279 mare,
1038 2227 1255 2269 omnem
1279 2213 1517 2284 denique
1546 2213 1736 2269 univer

188 2314 370 2370 sitstem
407 2315 680 2370 infinitate
707 2313 967 2385 potentiae
989 2329 1104 2369 sua:
1132 2328 1197 2370 ac
1225 2314 1526 2386 majestatis
1558 2314 1752 2384 imple-

179 2413 275 2480 bat;
299 2424 356 2471 et
387 2416 468 2471 ita
504 2423 650 2471 totus
674 2415 726 2470 in
753 2414 938 2484 seipse
957 2423 1096 2479 erat,
1125 2423 1184 2468 ut
1203 2428 1328 2470 eum
1357 2423 1538 2470 tamen
1572 2414 1759 2470 mundi

175 2517 412 2573 universa
434 2532 548 2574 non
571 2524 850 2588 caperent.
878 2515 1015 2584 Quia
1038 2515 1337 2586 quamlibet
1361 2530 1552 2584 magna
1577 2514 1687 2571 sint
1706 2525 1760 2570 et

169 2616 446 2675 ioedabilia
477 2635 598 2692 qua:
616 2621 750 2676 facta
772 2627 919 2685 sunt,
939 2617 1087 2674 nulla
1111 2626 1290 2675 tamen
1321 2630 1428 2676 tam
1457 2620 1672 2691 capacia
1709 2628 1764 2676 et

168 2720 423 2777 immensa
453 2731 610 2790 sunt,
639 2737 760 2794 quae
792 2722 967 2791 ipsum
1000 2720 1210 2790 possint
1239 2734 1438 2791 capere
1467 2720 1752 2778 factorem.

1863 1887 1920 1943 id
1961 1894 2064 1954 est,
2096 1885 2418 1942 adveniente
2452 1899 2518 1941 ac
2543 1884 2940 1950 descendente,
2973 1884 3235 1954 justitiam
3269 1894 3451 1940 natam

1863 1993 1987 2037 esse
2014 1996 2046 2036 e
2073 1995 2238 2035 carne
2266 1975 2534 2048 Virginis;
2564 1992 2670 2033 non
2692 1977 3031 2049 phantasiam
3053 1977 3319 2047 corporis,
3354 1977 3450 2033 sed

1863 2074 2170 2130 veritatem.
2229 2072 2353 2143 Ipse
2393 2081 2478 2128 est
2523 2071 2668 2128 enim
2714 2071 2952 2141 veritas,
2991 2070 3282 2127 secundum
3315 2071 3455 2128 illud

1864 2168 2035 2238 ipsius
2057 2165 2424 2224 testimonium
2446 2164 2703 2221 Veritatis
2733 2182 2746 2219 :
2776 2162 2890 2236 Ego
2910 2180 3024 2220 sum
3049 2165 3252 2232 veritas,
3279 2172 3327 2218 et
3348 2165 3453 2219 vita

1868 2259 2050 2332 (Joan.
2079 2258 2214 2334 xw).
2241 2259 2383 2331 Ergo
2412 2259 2536 2330 quia
2578 2258 2944 2314 anterioribns
2981 2257 3133 2314 libris
3164 2258 3454 2315 veritatem

1864 2352 2026 2420 hanc,
2055 2353 2108 2409 id
2139 2361 2252 2418 est,
2293 2351 2582 2408 Dominum
2628 2351 2817 2408 Jesum
2852 2351 3128 2408 Christum
3172 2361 3356 2408 natum
3386 2368 3454 2409 ex

1865 2445 2088 2516 Virgine
2115 2444 2285 2501 Deum
2329 2443 2699 2515 probavimus,
2734 2459 2898 2511 nunc,
2927 2455 2984 2498 ut
3028 2443 3218 2500 libello
3257 2445 3454 2503 abhinc

1865 2537 2118 2609 proximo
2149 2537 2498 2605 instituimus,
2525 2551 2648 2592 eum
2681 2536 2772 2606 qui
2803 2551 2868 2591 ex
2895 2535 3115 2607 Virgine
3145 2537 3454 2594 nasciturus

1866 2640 2014 2687 esset
2049 2645 2266 2701 semper
2293 2629 2462 2686 Deum
2505 2631 2922 2700 praenuntiatum
2967 2644 3090 2686 esse
3141 2630 3452 2688 doceamus.

1868 2723 1960 2779 Ait
1984 2724 2168 2795 itaque
2195 2723 2360 2780 Isaias
2387 2723 2655 2794 propheta
2703 2740 2718 2780 :
2750 2721 2778 2762 ³
2827 2723 3083 2790 Quiescite
3117 2724 3181 2779 ab
3219 2725 3450 2794 homine,

1233 2859 1491 2916 ALARDI
1531 2859 1762 2918 GAZEI
1800 2859 2369 2919 COMMENTARIUS.

226 2990 250 3018 ι
277 2981 358 3036 De
391 2978 622 3034 homine
643 2977 946 3046 Dominico,
978 2988 1032 3034 et
1054 2993 1121 3033 an
1149 2975 1402 3034 Christus
1429 2976 1534 3031 dici
1565 2975 1759 3032 debeat

166 3054 311 3108 homo
373 3051 736 3114 Dominicus,
770 3049 976 3104 dictum
1015 3060 1098 3106 est
1127 3050 1233 3104 alio
1279 3048 1401 3102 loco
1434 3047 1543 3115 (Ad
1579 3049 1756 3102 collat.

165 3123 215 3196 il
243 3141 357 3196 cap.
391 3124 517 3192 15).
546 3122 613 3176 Et
639 3121 771 3196 satis
799 3121 996 3196 mirum
1029 3129 1116 3176 est
1152 3119 1508 3196 Cassianum,
1542 3119 1758 3196 cum_in

167 3189 417 3249 hislibris
439 3189 630 3248 contra
653 3190 960 3247 Nestorium
985 3207 1050 3246 ex
1078 3193 1319 3261 professo
1341 3198 1482 3260 agat,
1511 3205 1616 3244 non
1639 3189 1759 3246 abs-

164 3266 383 3321 tinuisse
439 3266 510 3318 ab
557 3266 656 3318 hac
709 3263 930 3333 phrasi,
981 3278 1103 3333 qua:
1144 3261 1402 3333 Nestorior
1431 3261 1609 3316 lavere
1638 3303 1653 3326 ,
1709 3270 1765 3317 et

166 3337 283 3391 duas
313 3337 686 3408 hypostases,
711 3331 837 3408 duo
872 3331 1151 3408 supposita
1190 3334 1250 3408 in
1279 3331 1498 3387 Christo
1537 3336 1764 3408 innuere

167 3388 527 3463 inedi-“fni
555 3388 1016 3476 quamvisietiar'n
1047 3405 1138 3458 alii
1189 3404 1408 3468 Patres,
1455 3405 1762 3476 praesertim
1790 3388 1836 3452 Ο

166 3478 221 3533 D.
247 3474 628 3550 Augustinus,
660 3475 934 3550 interdum
967 3476 1068 3531 hac
1089 3476 1362 3531 locutione
1389 3474 1467 3529 usi
1493 3475 1759 3550 legantur;

166 3546 354 3606 tamen'
381 3550 515 3619 ipse
541 3548 876 3615 Augustinus
924 3563 1056 3619 eam
1079 3559 1263 3615 pOStea
1296 3554 1629 3619 retractans,
1662 3546 1764 3601 sibi

163 3617 515 3688 disiilicuiSSe
540 3619 812 3684 declarat,
841 3629 900 3674 ut
926 3634 1025 3674 suo
1050 3618 1170 3673 loco
1200 3617 1537 3672 ostendimus
1567 3634 1580 3672 :
1610 3619 1764 3688 cujus

162 3687 617 3748 retractationem
643 3701 862 3747 secutus
895 3692 957 3745 Ι).
984 3689 1222 3744 Thomas
1254 3688 1429 3760 (Part.
1457 3704 1545 3754 III,
1579 3705 1629 3759 q.
1662 3687 1759 3756 16,

165 3783 210 3817 a.
236 3766 313 3830 '5).
355 3762 888 3834 negatsintpliciter
915 3762 1062 3834 hanc
1093 3760 1420 3834 locutionem
1461 3773 1582 3834 esse
1611 3773 1766 3834 usur-

162 3835 390 3906 pandam
409 3830 586 3904 {quia
619 3833 933 3906 Dominicus
960 3833 1158 3887 dicitur
1179 3831 1579 3906 denominative
1598 3845 1627 3883 a
1659 3830 1766 3884 Do-

164 3902 338 3972 inino,
375 3917 445 3962 et
473 3902 731 3974 supponit
767 3903 1169 3959 diStinctionem
1211 3918 1239 3956 a
1291 3902 1555 3974 Domino;
1598 3915 1766 3974 quare

166 3995 276 4034 cum
324 3971 594 4034 Christus
639 3976 756 4044 ipse
801 3976 872 4030 sit
914 3974 1204 4042 Dominus,
1238 3988 1344 4028 non
1395 3973 1557 4028 debet
1600 3971 1764 4028 homo

164 4051 490 4105 Dominicus
520 4048 805 4117 appellari.
840 4045 973 4101 Nam
1007 4063 1102 4115 per
1144 4046 1246 4100 hoc
1294 4045 1561 4117 indieatur
1609 4058 1767 4117 error

165 4121 530 4175 Nestor-ianus
561 4115 623 4172 et
667 4119 942 4173 distinctio
991 4131 1365 4185 personarum.
1402 4115 1556 4171 Unde
1599 4125 1652 4169 et
1698 4115 1763 4169 D.

163 4191 471 4261 Gregorius
502 4188 874 4244 Nazianzenus
901 4189 1153 4243 oratione
1188 4187 1249 4242 5|
1289 4188 1455 4261 refert
1489 4186 1767 4261 Apollina-

164 4256 318 4318 rist-Xs
343 4265 449 4319 illa
477 4277 615 4315 voce
647 4263 722 4314 uti
755 4261 964 4322 solere;
998 4261 1113 4326 ipse
1139 4272 1270 4312 vero
1291 4258 1469 4312 subdit
1501 4275 1517 4313 :
1563 4256 1644 4310 Ne
1671 4258 1768 4310 ho-

165 4336 318 4388 mines
348 4336 452 4388 isti
482 4335 614 4386 alios
638 4331 920 4399 decipiant,
953 4331 1274 4399 vicissimque
1302 4331 1404 4397 ipsi
1424 4328 1766 4399 decipiantur,

163 4405 432 4460 hominem
491 4401 863 4471 Dominicum,
909 4410 962 4455 ut
1006 4402 1108 4472 ipsi
1139 4403 1435 4470 loquuntur,
1469 4399 1547 4454 uel
1599 4399 1768 4468 potius

168 4476 459 4531 Dominum
489 4486 538 4528 et
570 4473 737 4528 Deum
763 4484 992 4526 nostrum
1020 4473 1202 4525 mentis
1228 4483 1484 4542 expertem
1504 4487 1610 4523 esse
1630 4487 1770 4524 asse-

164 4562 347 4602 rentes.
389 4545 585 4616 Neque
607 4545 744 4600 enim
773 4545 1031 4596 hominem
1059 4559 1092 4595 a
1118 4543 1383 4616 diuinitate
1429 4558 1724 4616 separamus
1751 4583 1766 4606 ,

165 4621 247 4673 sed
279 4633 458 4671 unum
482 4611 529 4669 et
551 4619 782 4670 eumdem
807 4616 1130 4682 conﬁtentur.
1154 4613 1254 4669 Ubi
1287 4615 1427 4668 l‘llias
1449 4611 1727 4667 Cretensis
1753 4630 1765 4665 :

168 4689 480 4761 Perquam_
497 4696 679 4761 caute.
705 4688 875 4761 inquit
897 4696 1190 4761 (tatnquatn
1216 4686 1475 4761 videlicet
1506 4700 1610 4761 non
1633 4685 1767 4738 citra

167 4755 415 4817 errorem
455 4759 772 4813 Domiuirus
802 4758 976 4811 dictus
1005 4755 1106 4822 sit,
1139 4757 1296 4826 idque
1320 4755 1604 4810 divisionis
1648 4771 1773 4809 sus-

167 4836 449 4901 picionem
500 4830 766 4897 inducat),
817 4839 871 4882 et
919 4829 1034 4882 huic
1076 4831 1238 4882 verba
1269 4827 1546 4901 adjunxit,
1577 4835 1633 4901 ut
1671 4827 1770 4901 ipsi

168 4898 330 4966 aiunt,
367 4914 431 4960 et
463 4905 592 4956 item
624 4902 1018 4956 correctionem
1045 4901 1212 4961 hanc,
1254 4900 1353 4963 vel,
1385 4908 1439 4951 ut
1469 4898 1654 4952 rectius
1691 4899 1771 4951 lo-

166 4992 416 5041 quamur,
448 4973 732 5027 Dominum
757 4988 818 5023 ac
852 4969 1017 5024 Deum
1049 4980 1296 5024 nostrum.
1338 4970 1595 5024 Dominus
1627 4969 1769 5023 enim

169 5048 219 5100 in
251 5061 460 5109 tutum,
486 5059 551 5098 ac
583 5044 727 5098 Deus
747 5041 997 5096 Christus
1027 5052 1140 5109 est,
1183 5058 1289 5095 non
1320 5052 1500 5096 autem
1536 5041 1773 5094 Domini-

170 5133 261 5172 cus
310 5120 511 5171 homo.
575 5115 686 5168 Hoc
735 5115 876 5168 enim
933 5115 1332 5181 Apollinaristaa
1389 5112 1769 5180 nugabantur;

167 5202 451 5260 tamquam
486 5187 625 5240 alius
652 5194 814 5260 atque
835 5183 1180 5260 alinseesset.‘
1201 5199 1395 5251 nempe
1425 5183 1682 5260 Dominus
1715 5191 1774 5238 et

170 5255 505 5328 cens'picuns
537 5259 626 5312 ille
651 5256 832 5310 homo.
860 5255 951 5310 Sic
983 5258 1118 5324 ipse.
1146 5258 1422 5328 Quatenus
1452 5267 1629 5328 tamen
1655 5255 1768 5328 hac

172 5325 373 5386 locutio
408 5329 663 5384 excusari
692 5330 890 5396 possit,
920 5337 1102 5397 etquo
1127 5342 1290 5380 sensu
1318 5325 1584 5381 interdum
1615 5341 1644 5378 a
1670 5325 1770 5380 Pa-

173 5405 344 5458 tribus
407 5413 708 5468 usurpatur
736 5439 752 5464 ,
799 5400 966 5452 habes
1007 5397 1138 5452 alibi
1169 5397 1398 5468 iunotis
1443 5399 1769 5464 exiilicatum

176 5473 334 5542 (Vide
366 5467 584 5529 Suarez
624 5473 676 5524 in
703 5485 762 5524 ιιι
787 5479 925 5541 part.
965 5468 1056 5542 ubi
1077 5467 1280 5541 supra).
1306 5467 1481 5542 Vide,
1509 5469 1556 5522 si
1593 5469 1768 5536 lubet,

172 5539 437 5599 Ruﬁnum
466 5547 520 5597 in
555 5539 819 5611 Apologia
853 5556 948 5607 pro
971 5539 1229 5610 Origene,
1269 5541 1411 5611 circa
1446 5539 1631 5595 linem.

237 5613 267 5653 δ
292 5616 480 5670 Locus
509 5610 660 5669 Isaia:
690 5611 928 5666 tltl‘ticilis
949 5622 1003 5664 et
1033 5614 1296 5665 obscurus
1329 5629 1341 5663 :
1377 5610 1555 5678 Quare
1578 5617 1766 5665 notan-

175 5687 298 5740 dum
352 5690 410 5740 in
473 5686 679 5752 primis,
716 5683 860 5753 quod
913 5683 1264 5753 Septuaginta
1311 5681 1633 5750 lnterpretcs
1668 5682 1765 5752 (ut

175 5759 343 5813 refert
395 5755 792 5825 Hieronymus)
827 5753 964 5809 hanc
1003 5756 1328 5808 sententiam
1361 5754 1584 5808 omnino
1630 5768 1765 5825 prte-

176 5831 558 5894 termiserunt,
585 5823 727 5896 quod
757 5835 812 5880 et
834 5825 1060 5882 Basilius
1081 5826 1134 5885 in
1151 5827 1294 5884 hunc
1321 5826 1500 5885 locum
1521 5823 1776 5886 scribens

493 5923 774 5989 Panos"
815 5918 894 5984 L.

1863 2985 2171 3052 attestatur.
2206 2976 2362 3052 unde
2387 2977 2650 3035 discimus
2686 2979 2982 3052 editionem
3029 2979 3298 3048 Graecam,
3328 2999 3450 3052 qua;

1865 3064 2008 3104 nunc
2051 3049 2454 3113 circumfertur,
2488 3063 2596 3105 non
2626 3064 2749 3106 esse
2788 3049 3136 3121 Septuaginta
3183 3049 3453 3123 Interpre-

1867 3129 2004 3189 tum,
2032 3128 2126 3175 aut
2161 3127 2309 3175 certe
2329 3135 2440 3191 non
2465 3136 2591 3191 esse
2619 3137 2828 3191 puram,
2859 3123 2955 3176 sed
3001 3123 3200 3178 alicubi
3233 3139 3448 3180 auctam

1867 3193 1952 3247 vel
1985 3201 2242 3245 mutatam
2265 3190 2429 3258 (Vide
2451 3190 2827 3247 Bellarminum
2854 3191 2968 3247 Lib.
2998 3209 3034 3248 ιι
3068 3195 3130 3247 de
3159 3193 3326 3249 Verbo
3354 3195 3453 3251 Dei

1868 3262 2109 3337 cap._6);
2143 3263 2285 3331 quod
2316 3273 2372 3318 et
2399 3262 2643 3337 Justinus
2671 3264 2725 3337 in
2754 3264 2972 3337 dialogo
2994 3280 3116 3320 cum
3138 3266 3449 3337 Tryphone,

1870 3333 2309 3406 et'tlieronymus
2336 3334 2655 3403 praefatione
2684 3335 2736 3390 in
2768 3333 3302 3406 Paralipmnenon'et
3323 3333 3452 3395 alibi

1870 3403 2167 3478 afﬁrmant;
2187 3405 2465 3478 Siquidem
2511 3407 2565 3461 in
2605 3406 2860 3462 omnibus
2890 3403 3294 3478 eiemplaribus
3340 3419 3450 3465 tam

1869 3474 2076 3532 Graecis
2111 3474 2283 3545 quam‘
2303 3477 2516 3532 Latinis
2547 3478 2660 3533 haec
2691 3479 2963 3534 sententia
3005 3474 3279 3548 reperitur
3309 3481 3451 3536 inte~

1869 3555 2072 3622 gra,__e‘t
2101 3550 2284 3603 caeteri
2299 3551 2655 3622 interpretes,
2689 3561 2887 3620 praeter
2917 3550 3290 3622 Septuaginta,
3325 3567 3447 3607 eam

1868 3618 2240 3693 reddiderunt,
2297 3620 2425 3676 licet
2457 3618 2630 3693 aliter
2686 3618 2846 3692 quam
2897 3631 3086 3677 noster
3128 3618 3446 3693 'interpres.

1869 3689 2066 3764 Aquila
2095 3692 2236 3746 enim
2266 3693 2556 3764 quievetus
2589 3689 2998 3748 Testamentum
3032 3708 3096 3748 ex
3131 3689 3361 3764 Hebrzeo
3394 3696 3447 3752 in

1869 3760 2116 3832 Graecum
2149 3763 2446 3826 transtulit,
2468 3763 2823 3828 posteriorem
2848 3774 3053 3832 partem
3076 3761 3149 3818 ita
3171 3765 3406 3820 reddidit
3432 3785 3445 3821 :

1873 3831 2011 3903 Quia
2055 3833 2111 3886 in
2159 3850 2261 3903 quo
2315 3842 2584 3900 reputatus
2613 3831 2901 3903 est?qua’si
2943 3836 3087 3890 dicat
3123 3854 3134 3888 :
3165 3837 3219 3891 in
3272 3838 3442 3892 nullo.

1869 3902 2163 3972 Pagninus.
2196 3905 2284 3972 qui
2314 3920 2384 3959 ex
2406 3905 2595 3960 Graeco
2624 3907 2676 3960 in
2713 3902 2967 3960 Latinum
3006 3905 3188 3972 vertit,
3223 3906 3302 3962 sic
3330 3907 3447 3963 edi-

1870 3972 1950 4028 dli.
1983 3990 1995 4026 :
2031 3975 2170 4048 Quid
2194 3977 2331 4030 enim
2365 3976 2706 4048 reputationis
2737 3985 2812 4031 est
2850 3978 3006 4048 ipse?
3032 3976 3332 4034 [hereticus
3364 3980 3446 4034 in-

1869 4053 2079 4117 terpres
2109 4047 2413 4117 Munslerus
2438 4047 2539 4102 hoc
2562 4047 2723 4102 modo
2752 4065 2765 4101 :
2800 4047 2938 4114 Quid
2961 4050 3093 4102 enim
3121 4049 3209 4102 ille
3236 4059 3445 4117 reputa-

1871 4115 2184 4190 tut-?Soltts
2210 4116 2684 4190 D._liieronymus
2731 4133 2798 4174 eo
2847 4119 3006 4174 modo
3059 4115 3445 4190 interpretatus

1870 4197 1973 4260 est,
2009 4199 2066 4241 ut
2098 4188 2256 4243 habet
2287 4187 2474 4243 Latina
2513 4187 2567 4244 et
2616 4190 2843 4259 Vulgata
2891 4190 3104 4257 versio,
3132 4187 3289 4260 quam
3340 4193 3445 4248 hoc

1870 4258 2012 4326 loco,
2041 4268 2098 4312 ut
2124 4260 2387 4314 veriorem
2417 4271 2471 4314 et
2491 4258 2902 4327 evidentiorem,
2933 4261 3108 4330 magis
3150 4258 3343 4330 probat
3388 4273 3447 4320 et

1870 4330 2212 4404 commendat
2247 4331 2559 4404 Cassianus,
2587 4333 2676 4399 qui
2720 4341 2908 4404 tamen
2955 4333 3082 4387 alibi
3132 4332 3448 4404 frequenter

1873 4400 2113 4474 Graecam
2142 4402 2448 4474 versionem
2475 4401 2825 4474 Septuaginta
2862 4403 3129 4474 sequitur,
3162 4400 3446 4463 ut'videre

1872 4479 1957 4526 est
1982 4471 2034 4524 in
2066 4470 2243 4526 indice
2269 4472 2512 4526 locorum
2549 4470 2853 4542 hujusmndi
2884 4470 2960 4527 ad
2983 4473 3100 4542 ipso
3117 4470 3441 4532 citatorum.

1871 4542 2120 4617 Secundo
2152 4544 2444 4617 notandum
2491 4544 2677 4612 etiam,
2705 4560 2771 4600 ex
2823 4546 3178 4617 Hieronymo,
3208 4549 3446 4604 voeabu-

1871 4613 1980 4686 lum
2027 4613 2351 4686 liebraieum
2393 4613 2556 4686 Banta
2603 4630 2724 4671 esse
2777 4613 3127 4686 ambiguum:
3172 4619 3446 4675 interdum

1873 4684 2018 4739 enim
2047 4685 2315 4754 signiﬁcat
2357 4685 2636 4752 excelsum,
2670 4684 2960 4755 interdum,
3004 4690 3057 4742 in
3080 4705 3202 4755 quo.
3248 4691 3446 4746 Hector

1873 4755 2063 4829 Pintus
2107 4759 2166 4829 i_n
2221 4757 2362 4829 hunc
2389 4756 2588 4829 locum
2631 4770 3046 4814 commentans:
3083 4755 3214 4815 Haec
3264 4762 3444 4829 dictio,

1874 4826 2066 4905 inquit,
2098 4826 2320 4905 Bamah,
2353 4828 2610 4905 signiﬁcat
2649 4830 2937 4905 excelsum;
2964 4833 3019 4884 in
3047 4848 3204 4901 quam
3249 4826 3448 4905 signifi-

1873 4899 2450 4972 cationent_accipitnr_l
2479 4901 2688 4972 lteg._lx
2725 4919 2738 4954 :
2771 4899 3322 4972 Antequam'ascendat
3360 4899 3450 4959 ea:-

1871 4969 2088 5044 celsum.
2117 4967 2185 5024 Et
2308 4969 2520 5044 Reatino
2589 4968 2654 5044 Et
2685 4988 2837 5044 super
2865 4967 3062 5026 eafcelsa
3104 4985 3336 5029 statuens
3370 4993 3450 5032 me

1874 5039 2101 5115 (Psalm.
2133 5041 2296 5115 xvtt).
2317 5039 2386 5094 Et
2409 5043 2525 5095 aliis
2550 5043 2604 5095 in
2629 5039 2774 5096 locis.
2812 5044 2978 5108 Quam
3015 5046 3447 5115 signiﬁcationem

1872 5113 1928 5166 in
1959 5114 2197 5179 presenti
2224 5123 2430 5166 secutus
2456 5121 2550 5176 est,
2576 5123 2623 5167 et
2661 5124 2796 5169 recte
2820 5115 3046 5182 quidem,
3066 5113 3221 5171 divus
3253 5117 3448 5172 Hiero-

1876 5201 2083 5258 nymus,
2113 5184 2202 5258 qui
2232 5185 2306 5236 ita
2347 5185 2632 5258 transtulit,
2660 5193 2717 5238 ut
2759 5197 2831 5240 est
2861 5187 2912 5240 in
2945 5186 3171 5258 Vulgata
3199 5190 3444 5244 editione.

1879 5256 1987 5310 Sed
2017 5256 2264 5328 quoniam
2286 5259 2406 5328 mah
2435 5256 2697 5324 signiﬁcat
2719 5259 2864 5328 quid,
2893 5269 2936 5312 et
2979 5256 3063 5311 ba'
3083 5259 3341 5327 significat
3371 5261 3444 5328 in,

1871 5327 2177 5381 existimavit
2198 5326 2395 5398 Aquila
2431 5329 2525 5380 hoc
2545 5328 2596 5379 in
2621 5326 2738 5380 loco
2763 5327 2894 5382 duas
2919 5345 3025 5384 esse
3045 5326 3312 5390 dictiones.
3337 5326 3448 5398 qua:

1873 5399 2072 5452 ratione
2100 5397 2354 5471 adductus
2395 5399 2678 5471 transtulit,
2708 5400 2759 5452 in
2807 5417 2929 5471 quo,
2953 5402 3126 5454 dicens
3150 5417 3169 5454 :
3218 5397 3356 5466 Quia
3394 5403 3447 5456 in

1874 5485 1974 5537 quo
1999 5479 2263 5537 reputatus
2281 5466 2366 5522 'est
2391 5470 2539 5536 ipse?
2560 5470 2635 5524 Ita
2669 5466 2877 5526 Pinttis.
2903 5471 3083 5525 Tertio
3117 5472 3252 5524 hanc
3279 5473 3448 5540 Aqui-

1875 5535 1945 5595 la:
1996 5535 2534 5608 interpretationem,
2580 5549 2639 5594 ut
2686 5540 2963 5598 Judaicam
3005 5550 3061 5596 et
3121 5535 3448 5599 malitiosam
3534 5535 3546 5546 ’

1877 5610 1988 5684 (cui
2018 5612 2199 5684 afﬁnis
2219 5621 2305 5667 est
2333 5612 2422 5666 illa
2455 5610 2681 5681 Pagnini
2712 5623 2766 5666 et
2791 5615 2958 5667 altera
2989 5611 3296 5681 Munsteri),
3324 5629 3448 5684 gra-

1876 5683 2016 5737 viter
2045 5683 2242 5738 refutat
2286 5684 2348 5736 D.
2384 5684 2766 5754 Hieronymus,
2797 5695 2849 5738 et
2894 5699 3048 5737 suam
3085 5685 3246 5754 simul
3279 5683 3450 5754 aperit

1873 5758 2197 5828 sententiam
2231 5754 2315 5828 his
2343 5755 2525 5828 verbis
2553 5773 2565 5808 :
2594 5752 2954 5828 Intelligentes
2983 5769 3103 5825 ergo
3123 5752 3296 5810 Judaei
3315 5752 3447 5828 pro-

1873 5826 2099 5901 phetiam
2123 5842 2228 5885 esse
2259 5825 2322 5881 de
2342 5825 2569 5896 Christo,
2602 5826 2806 5884 uerbum
2833 5825 3205 5898 ambiguunnin
3226 5825 3453 5885 deterio-

3014 5921 3058 5982 ἂν
