3970 6344
535 307 636 370 111

1850 306 2132 366 JOANNIS
2167 308 2481 367 CASSIANI
3570 376 3573 381 t
3661 324 3746 386 ii!

530 424 626 496 qtti
674 436 781 480 non
829 432 1120 497 utrumque
1172 430 1523 482 memoraret.
1551 420 1708 490 Quod
1743 422 1863 494 ipse
1889 437 2107 494 quoque
2137 422 2194 486 Α
2218 424 2409 479 ortus?
2436 423 2644 480 scilicet
2671 424 2797 493 quia
2821 424 2963 482 idem
2996 425 3052 481 in
3076 409 3290 485 homine
3314 442 3481 500 nuper
3502 441 3653 501 ortus,
3672 443 3747 511 qui

529 520 823 591 Apostolus
850 519 978 576 alibi
1008 518 1415 575 evidentissima
1440 535 1454 571 :
1482 525 1507 554 α
1533 514 1691 572 Iesus
1718 517 1887 584 enim,
1914 516 2111 588 inquit,

528 611 767 668 Christus
796 613 910 667 heri
936 620 987 667 et
1014 612 1188 681 hodie,
1215 613 1323 682 ipse
1357 618 1405 666 et
1440 610 1496 665 in
1535 610 1726 666 stecula
1749 609 1939 683 (Hebr.
1968 610 2108 681 xttt).

527 702 643 760 Hoc
667 715 749 760 est
782 704 915 760 illud
937 704 1121 775 utique
1136 702 1282 773 quod
1305 703 1587 775 superiore
1607 702 1918 759 testimonio
1938 701 2111 757 dixit:

526 798 665 869 quod
718 808 838 855 erat
880 814 914 852 a
959 796 1241 870 principio,
1299 795 1404 854 hoc
1462 813 1648 852 manus
1692 807 1880 854 nostra:
1927 796 2114 870 palpa-

525 903 725 950 oerunt.
757 892 876 949 Non
907 892 1033 964 quia
1066 891 1280 965 palpar‘i
1310 892 1541 964 spiritus
1568 909 1665 963 per
1709 906 1770 949 se
1798 890 1991 961 possit,
2015 889 2114 947 sed

523 986 654 1057 quia
705 984 941 1041 Verbum
967 984 1178 1041 scilicet
1215 999 1343 1042 caro
1373 982 1575 1041 factum
1607 984 1661 1039 in
1708 983 1933 1039 homine
1970 996 2109 1053 quo-

520 1077 809 1134 dummodo
857 1076 948 1133 cui
1000 1078 1212 1133 unitum
1269 1077 1450 1134 fuerat
1492 1061 1834 1149 palpabatur.
1881 1075 1951 1131 Et
1989 1074 2112 1131 ideo

514 1171 659 1228 idem
681 1171 841 1227 Jesus
871 1169 985 1224 heri
1004 1179 1052 1225 et
1080 1171 1257 1240 hodie,
1288 1169 1342 1227 id
1368 1179 1472 1239 est,
1497 1172 1637 1227 idem
1659 1179 1791 1225 ante
1816 1168 2111 1225 exordium

514 1262 707 1319 mundi
734 1264 828 1334 qtti
861 1263 915 1318 in
941 1277 1137 1328 carne;
1169 1262 1311 1318 idem
1345 1264 1400 1319 in
1429 1262 1731 1333 praeterito,
1758 1262 1849 1332 qui
1879 1260 1936 1315 in
1964 1275 2110 1332 prte-

514 1355 690 1421 seuti;
724 1354 868 1411 idem
896 1370 1112 1426 quoque
1140 1356 1302 1411 etiam
1338 1355 1393 1410 in
1420 1356 1642 1421 saecula,
1666 1355 1792 1425 quia
1823 1352 1965 1409 idem
2007 1367 2105 1424 per

513 1450 717 1515 omnia,
749 1449 845 1521 qui
864 1457 993 1507 ante
1021 1451 1226 1507 omnia.
1253 1449 1324 1506 Et
1343 1450 1450 1507 hoc
1478 1458 1649 1508 totum
1666 1448 1926 1506 Dominus
1947 1447 2111 1505 Iesus

513 1541 783 1600 Christus.

1120 1615 1351 1674 CAPUT
1388 1616 1503 1674 VII.

514 1706 745 1765 Rursum
770 1710 995 1766 ostendit
1022 1726 1087 1766 ea:
1128 1711 1494 1784 conjunctione
1542 1711 1769 1764 duarum
1802 1708 1861 1784 in
1893 1706 2109 1784 Christo

582 1793 886 1836 naturarum
933 1784 987 1837 in
1016 1798 1171 1836 unam
1219 1779 1490 1851 personam
1508 1822 1525 1849 ,
1551 1798 1611 1836 ea
1650 1796 1768 1852 qua:
1795 1779 1990 1852 divina
2011 1795 2108 1832 na-

581 1862 711 1908 tura
739 1862 1054 1923 competunt,
1083 1848 1317 1921 homini;
1342 1862 1390 1907 et
1408 1848 1525 1925 quis
1550 1848 1812 1921 humanis,
1830 1848 1944 1907 Deo
1963 1855 2106 1904 recte

579 1924 981 1980 accommodari.

577 2013 651 2073 Et
691 2017 963 2089 quomodo
986 2015 1132 2075 idem
1174 2026 1300 2074 ante
1328 2017 1768 2088 mundiortum,
1799 2017 1894 2089 qui
1926 2029 2099 2087 nuper

2218 528 2345 572 ante
2374 527 2552 573 ortum
2602 519 2845 573 omnium
2877 519 3040 574 Deus.
3088 519 3155 576 Et
3183 521 3301 577 ideo
3327 521 3563 582 Christus
3606 539 3748 588 totum

2218 609 2528 665 nominatur
2555 608 2698 681 quod
2733 609 2909 677 Deus,
2939 609 3065 681 quia
3106 619 3252 667 tanta
3279 624 3364 668 est
3392 614 3579 673 Christi
3602 630 3649 675 et
3673 622 3750 681 Dei

2216 702 2397 758 unitas
2414 743 2431 770 ,
2454 712 2515 757 ut
2544 716 2703 758 nemo
2729 703 2913 773 utique
2936 703 3046 773 jam
3078 704 3299 762 omnino
3319 709 3487 776 possit
3520 711 3599 767 vel
3619 711 3752 772 Chri-

2216 806 2358 854 stum
2387 796 2577 853 dicens
2601 811 2706 853 non
2734 796 2906 853 Deum
2928 796 2985 852 in
3011 796 3213 854 Christi
3241 801 3454 857 nomine
3472 803 3655 874 dicere,
3679 810 3749 866 vel

2216 889 2385 946 Deum
2417 890 2606 947 dicens
2637 904 2747 946 non
2786 890 3062 947 Christum
3107 891 3163 946 in
3192 891 3288 948 Dei
3328 894 3537 951 nomine
3580 913 3754 957 nuncu-

2217 999 2371 1055 pare.
2404 985 2484 1041 Ac
2524 986 2604 1042 sic
2633 986 2789 1041 unito
2835 984 2939 1041 sibi
2984 986 3202 1057 penitus
3227 1001 3324 1057 per
3348 989 3660 1060 majestatem
3684 1010 3754 1051 sa-

2214 1092 2322 1133 crae
2369 1077 2669 1134 nativitatis
2715 1077 3007 1150 utriusque
3057 1078 3373 1137 substantia:
3417 1096 3750 1158 sacramento,

2214 1170 2478 1241 quidquid
2515 1180 2668 1239 erat,
2716 1171 2932 1228 scilicet
2976 1170 3141 1228 homo
3172 1180 3229 1229 et
3266 1172 3437 1242 Deus,
3464 1176 3646 1233 factum
3683 1190 3753 1237 est

2213 1271 2389 1320 totum
2421 1263 2589 1322 Deus.
2616 1262 2770 1321 Unde
2797 1265 3091 1335 Apostolus
3112 1265 3311 1323 Paulus
3332 1267 3520 1325 videns
3541 1272 3755 1330 revelatis

2215 1356 2343 1414 fidei
2369 1358 2546 1413 oculis
2578 1366 2750 1414 totum
2781 1358 2834 1412 in
2864 1355 3083 1415 Christo
3122 1358 3510 1431 inexplicabilis
3536 1363 3753 1434 majesta~

2214 1450 2284 1506 tis
2306 1465 2584 1518 arcanum,
2611 1448 2685 1505 ita
2709 1450 2924 1506 locutus
2953 1459 3070 1519 est,
3092 1450 3330 1507 inritans
3358 1451 3427 1508 ad
3453 1452 3754 1513 referendam

2211 1543 2329 1601 Deo
2374 1543 2605 1615 gratiam
2633 1584 2649 1611 ,
2676 1553 3042 1616 agnoscentes
3082 1543 3346 1601 beneﬁcia
3390 1545 3483 1601 Dei
3521 1550 3752 1619 populos:
3784 1604 3795 1611 ,

2210 1633 2419 1693 Gratias
2444 1679 2461 1706 ,
2490 1637 2706 1708 inquit,
2734 1647 2945 1709 agentes
2984 1636 3166 1705 Patri,
3198 1639 3291 1711 qui
3317 1639 3503 1714 dignos
3541 1658 3627 1698 nos
3660 1647 3756 1716 fecit

2212 1731 2449 1803 portione
2481 1730 2638 1787 sortis
2667 1740 2963 1786 sanctorum
3006 1734 3063 1786 in
3092 1731 3306 1799 lumine,
3339 1733 3429 1803 qui
3471 1733 3643 1804 eripuit
3679 1752 3755 1791 nos

2131 1827 2183 1892 Β
2208 1824 2273 1879 de
2303 1832 2558 1894 potestate
2584 1823 2935 1890 tenebrarum,
2978 1832 3026 1880 et
3056 1824 3323 1879 transtulit
3347 1824 3402 1878 in
3422 1838 3624 1896 regnum
3649 1823 3757 1882 Filii

2211 1917 2503 1973 dilectionis
2537 1932 2682 1986 sua,
2731 1917 2788 1972 in
2826 1933 2929 1988 quo
2975 1915 3224 1972 habemus
3263 1916 3648 1985 redemptionem
3683 1936 3757 1990 per

2207 2010 2513 2083 sanguinem
2537 2008 2737 2079 ipsius,
2767 2008 3123 2065 remissionem
3154 2016 3515 2080 peccatorum;
3538 2005 3567 2047 δ
3597 2010 3675 2080 qui
3698 2018 3758 2065 est

1582 2153 1839 2212 ALABDI
1882 2150 2117 2241 GAZEI
2151 2145 2722 2208 COMMENTARIUS.

579 2281 608 2312 ι
634 2269 868 2343 Cyrillus
893 2272 1189 2343 Alexand.;
1224 2271 1486 2343 Verbum,
1509 2270 1870 2343 inquit._quod
1900 2286 1965 2325 ea:
1988 2266 2098 2324 Deo

507 2340 757 2416 gignitur,
782 2352 904 2398 tunc
933 2348 1137 2398 demnm
1158 2341 1288 2398 Jesu
1317 2341 1510 2416 Christi
1551 2340 1957 2416 appellationem
1982 2357 2095 2394 sor-

507 2413 656 2485 iitum
696 2416 1059 2485 comperimus,
1089 2431 1206 2469 cum
1245 2430 1309 2468 ea:
1334 2414 1552 2485 muliere
1586 2413 1883 2485 factumest
1917 2413 2090 2485 homo.

508 2484 616 2541 Sed
644 2481 899 2550 quomodo
936 2486 1068 2540 idem
1094 2494 1168 2539 est
1194 2494 1243 2539 et
1271 2484 1402 2550 heri,
1425 2496 1471 2537 et
1509 2481 1684 2549 hodie,
1710 2484 1833 2538 etin
1859 2481 2095 2538 sarcula?

505 2571 610 2611 non
632 2556 742 2627 alia
763 2557 935 2627 utique
953 2558 1176 2619 ratione,
1207 2572 1365 2627 quam
1386 2556 1583 2619 carnis,
1614 2571 1770 2626 quam
1782 2555 2092 2627 assumpsit,

507 2642 623 2699 eum
648 2626 746 2699 Dei
774 2620 933 2682 Verbo
960 2620 1319 2699 conjunctione
1335 2669 1350 2693 ,
1371 2620 1702 2699 ejusdemque
1722 2625 1791 2679 ad
1817 2620 1978 2680 unum
2001 2620 2097 2699 _Fi-

506 2698 636 2754 lium
656 2697 920 2753 relatione.
945 2696 1066 2752 Η(ιὸ
1090 2714 1307 2768 namque
1335 2698 1784 2759 consideratione,
1817 2696 2015 2768 etiamsi
2041 2702 2099 2748 ut

506 2783 660 2825 carne
679 2770 894 2823 indutus
913 2778 987 2840 est
1007 2770 1179 2823 animo
1206 2767 1550 2840 eoticipiatur,
1582 2785 1730 2823 suam
1756 2767 2096 2840 nihilominus

505 2840 794 2895 naturalem
819 2839 1153 2895 stabilitatem
1176 2838 1427 2909 integram
1451 2856 1651 2908 semper
1675 2840 1877 2893 retinet.
1905 2838 2096 2909 Plures

505 2912 640 2965 alias
655 2909 1028 2981 expositiones
1046 2911 1207 2979 hujus
1229 2906 1515 2966 sententiae
1542 2906 2005 2981 riderciestapud
2029 2906 2094 2962 F.

504 2980 763 3052 Biberam
785 3023 801 3049 ,
834 2982 903 3037 ab
924 2997 987 3038 ea
1008 2997 1130 3052 qua:
1152 2982 1239 3037 hic
1262 2981 1546 3051 subjicitur
1564 2980 1807 3052 nonnihil
1826 2980 2091 3036 diversas.

504 3049 645 3107 Huic
672 3062 853 3107 tamen
888 3049 1257 3109 consentanea
1287 3049 1377 3107 est
1408 3060 1503 3107 aut
1529 3062 1680 3108 certe
1706 3051 1886 3107 affinis
1919 3065 2093 3120 expo-

505 3121 634 3177 sitio
659 3122 726 3178 D.
757 3123 1036 3190 Anselmi,
1065 3138 1228 3192 quam
1252 3123 1402 3192 idem
1447 3124 1615 3177 refert
1654 3122 1739 3178 his
1766 3122 1949 3178 verbis
1992 3124 2011 3190 (
2029 3121 2095 3177 In

506 3192 886 3248 Commentario
915 3191 1095 3265 Epist.
1116 3192 1185 3247 ad
1212 3191 1495 3263 chreos):
1528 3192 1689 3258 Heri,
1712 3192 1917 3265 inquit.
1947 3208 2094 3265 omne

506 3265 838 3348 praeteritum.
867 3274 1066 3347 tempus
1089 3274 1163 3348 ετΔ
1183 3280 1331 3348 omne
1355 3265 1580 3348 sputium
1597 3264 1929 3348 _a:teriiitatis
1956 3264 2095 3333 quod

507 3334 628 3390 ante
656 3334 838 3389 mundi
863 3334 1112 3408 originem
1136 3336 1235 3408 fuit
1258 3334 1559 3406 signiﬁcat;
1588 3336 1764 3408 hodie,
1790 3350 1937 3389 omne
1964 3349 2097 3404 prte-

508 3421 625 3478 sens
655 3416 885 3478 tempus;
902 3406 1035 3460 illud
1058 3405 1230 3460 autem
1246 3448 1261 3468 ,
1294 3405 1404 3476 ipse
1422 3415 1468 3460 et
1492 3408 1546 3478 in
1564 3405 1776 3472 stecula,
1809 3421 1956 3478 omne
1977 3421 2098 3476 spa-

508 3477 641 3560 tium
666 3473 910 3560 temp-oris
940 3473 1325 3560 eniuﬁnitatis'
1344 3479 1482 3560 quod
1508 3477 1745 3560 futurum
1771 3484 1882 3560 est;
1912 3473 2099 3560 Itaque

510 3545 668 3603 Iesus
686 3547 920 3603 Christus
938 3548 1038 3620 fuit
1062 3549 1191 3620 lteri.
1218 3549 1342 3618 quia
1356 3545 1416 3602 in
1436 3545 1811 3620 principioerat
1846 3545 2065 3620 Verbum
2081 3588 2094 3611 ,

510 3628 560 3671 et
590 3619 653 3672 ab
691 3630 880 3673 artemo
926 3617 1088 3690 usque
1124 3619 1193 3673 ad
1223 3617 1401 3674 nostra
1437 3617 1669 3689 teMpora
1687 3619 1798 3686 ipse
1822 3628 1919 3683 est;
1943 3617 2100 3673 hodie

510 3705 736 3759 quoque,
760 3690 814 3743 id
826 3699 923 3753 est,
940 3689 1192 3745 in'nostro
1219 3702 1446 3759 tempore
1465 3694 1560 3744 crit
1590 3702 1636 3743 et
1658 3691 1713 3743 in
1732 3690 1945 3749 saecula.
1976 3689 2102 3758 quia

513 3761 825 3815 carnaliter
851 3760 1091 3816 manebit.
1125 3759 1273 3817 Unde
1302 3771 1350 3814 et
1381 3762 1723 3832 Apocalypsis
1754 3762 1922 3829 primo
1949 3762 2013 3814 de
2038 3776 2098 3814 eo

512 3832 738 3885 dieitur:
770 3835 868 3897 Qui
908 3842 1017 3886 erat
1038 3872 1053 3895 ,
1084 3842 1130 3885 et
1157 3832 1245 3902 qui
1274 3841 1382 3897 est,
1427 3842 1473 3886 et
1513 3834 1602 3901 qui
1627 3843 1867 3885 venturus
1906 3841 2012 3896 est,
2045 3832 2099 3884 id

508 3914 619 3970 est,
651 3904 736 3973 qui
769 3903 974 3974 futurus
996 3913 1067 3956 est
1097 3919 1188 3973 per
1218 3904 1390 3955 omnia
1417 3903 1626 3974 stecula.
1672 3902 1761 3974 Sic
1783 3902 2097 3974 Anseltnus,

509 3972 669 4041 cujus
695 3972 1105 4038 expositionetn’
1146 3975 1426 4042 amplexus
1472 3972 1688 4027 videtur
1730 3973 1793 4027 D.
1826 3973 2094 4042 Thomas,

507 4058 630 4098 cum
657 4044 711 4098 in
738 4046 1134 4099 commentario
1172 4041 1331 4110 hujus
1358 4045 1460 4099 loci
1483 4044 1553 4098 ita
1577 4044 1886 4098 concludit:
1914 4041 1981 4097 In
2002 4046 2098 4097 hoc

507 4131 632 4187 ergo
648 4119 869 4169 ostendit
892 4116 1171 4187 Apostolus
1188 4118 1525 4187 wternitatein
1547 4113 1754 4169 Christi.
1776 4112 2025 4183 Gagnctts
2043 4114 2099 4169 in

504 4184 758 4241 eumdem
776 4184 954 4243 locum
972 4201 984 4239 :
1004 4184 1158 4241 Iesus
1177 4186 1412 4240 Christus
1434 4185 1547 4240 heri
1575 4197 1622 4240 et
1647 4186 1816 4246 hodie.
1838 4188 1971 4238 idem
1994 4186 2103 4257 ipse

505 4259 822 4327 permanebit
845 4258 899 4311 in
918 4260 1139 4323 sircula,
1176 4257 1226 4311 id
1254 4268 1336 4311 est
1357 4298 1371 4322 ,
1401 4259 1540 4312 idem
1564 4266 1648 4311 cst
1671 4258 1769 4327 qui
1794 4259 1863 4309 ab
1889 4267 2101 4311 a‘terno

503 4326 636 4391 fuit,
671 4329 774 4383 hoc
820 4328 1089 4397 significat
1128 4328 1277 4393 heri;
1316 4330 1411 4398 qui
1445 4342 1589 4382 nunc
1617 4340 1722 4395 est,
1759 4326 1863 4381 hoc
1891 4328 2100 4397 signiti-

506 4408 595 4452 cat
623 4401 804 4464 hodie,
834 4410 891 4454 et
918 4402 1006 4469 qui
1041 4400 1379 4469 permanebit
1409 4400 1475 4469 in,
1495 4409 1783 4469 aeternum.
1818 4398 2098 4469 Beilttrmi-

503 4482 610 4541 rtus
641 4472 800 4538 paulo
849 4467 1062 4541 brevius
1097 4470 1248 4537 (Lib.
1281 4484 1299 4522 ι
1330 4470 1395 4522 de
1441 4468 1646 4541 Christo
1672 4486 1788 4541 cap.
1817 4469 1918 4537 8):
1946 4467 2099 4524 Jesus

506 4537 745 4607 Christus
782 4541 922 4606 heri,
944 4551 994 4595 et
1030 4539 1202 4604 hodie,
1232 4552 1280 4594 et
1310 4540 1364 4595 in
1392 4540 1611 4596 sa'cnla.
1642 4541 1692 4594 id
1725 4537 1806 4595 e~t
1828 4579 1842 4602 ,
1881 4555 2100 4607 semper

504 4606 638 4672 fuit,
671 4621 1028 4679 semperest,
1070 4623 1123 4666 et
1160 4625 1376 4678 semper
1405 4613 1529 4665 erit.
1576 4608 1777 4665 Similis
1823 4621 1905 4664 est
1948 4606 2100 4665 locus

2123 3300 2171 3367 C

2206 2281 2407 2322 nomen
2434 2264 2565 2334 Dei,
2592 2263 2746 2334 juxta
2792 2261 2929 2319 illud
2954 2262 3200 2334 Apostoli
3225 2280 3240 2318 :
3273 2261 3580 2334 Immortali,
3607 2265 3756 2320 invisi-

2207 2337 2319 2403 bili,
2349 2334 2452 2391 soli
2482 2333 2776 2406 Deohonor
2796 2343 2844 2388 et
2873 2334 3043 2406 gloria
3063 2335 3105 2406 (Ι
3139 2333 3365 2389 Timoth.
3390 2335 3542 2406 t).iAt
3569 2351 3755 2405 respon-

2206 2410 2403 2464 derunt
2447 2406 2637 2461 Patres
2670 2404 3045 2471 Filium’dici,
3073 2404 3146 2461 et
3173 2420 3299 2461 esse
3346 2404 3753 2476 perfectissimam

2206 2478 2495 2550 imaginem
2526 2476 2625 2533 Dei
2653 2476 2976 2550 invisibilis,
3002 2476 3133 2550 (quia
3162 2478 3330 2550 etiam
3362 2480 3474 2545 ipsa
3500 2477 3663 2549 imago
3686 2486 3753 2535 est

2207 2547 2536 2616 invisibilis;
2570 2559 2654 2604 est
2700 2549 2845 2603 enim
2892 2547 3166 2603 simillima
3218 2548 3323 2617 ipsi
3362 2547 3671 2615 exemplari,
3711 2559 3756 2605 et

2208 2623 2443 2691 proinde
2466 2621 2690 2675 omnino
2712 2618 2837 2673 talis
2859 2619 3018 2686 quale
3048 2619 3249 2689 ipsum.
3271 2617 3427 2691 Unde
3445 2619 3508 2674 ad
3531 2618 3755 2676 Hebrteos

2203 2689 2225 2747 ι
2242 2693 2442 2747 dicitur
2485 2691 2970 2762 splendorjglorite,
3001 2698 3069 2762 et,
3093 2691 3265 2762 ﬁgura
3293 2689 3586 2745 substantia:
3632 2692 3751 2762 ejus,

2202 2765 2426 2833 supple,
2458 2761 2672 2828 Patris;
2704 2760 2900 2827 idest,
2925 2760 3243 2816 omnimoda
3271 2763 3582 2833 similitudo,
3612 2760 3756 2818 etes-

2200 2832 2389 2905 pressa
2411 2877 2427 2901 ,
2474 2849 2646 2904 eaque
2676 2848 2782 2905 non
2814 2833 3213 2905 accidentaria,
3257 2832 3354 2888 sed
3384 2835 3748 2898 substantialis;

2201 2902 2309 2961 non
2340 2902 2651 2969 imitatoria,
2683 2902 2781 2958 sed
2805 2904 3096 2958 naturalis:
3123 2903 3418 2958 imitatoria
3447 2907 3584 2960 enim
3607 2905 3753 2974 imago

2203 2992 2310 3047 non
2343 2986 2428 3032 est
2452 2975 2696 3047 ejusdem
2726 2990 2851 3047 cum
2901 2975 3200 3047 exemplari
3231 2990 3331 3029 suo
3357 2977 3623 3039 essentiae;
3654 2991 3755 3045 pro-

2200 3046 2329 3104 inde
2353 3049 2428 3101 sic
2451 3045 2529 3101 est
2549 3046 2783 3118 Christus
2802 3045 3101 3118 imagopei
3121 3047 3425 3111 invisibilis,
3445 3058 3501 3101 ut
3514 3048 3579 3102 sit
3600 3055 3643 3118 et
3667 3049 3757 3116 ipse

2201 3119 2496 3183 invisibilis,
2517 3120 2648 3173 sicut
2669 3116 2847 3183 Pater,
2877 3116 2952 3171 ait
2973 3116 3031 3172 S.
3063 3116 3322 3173 Thomas.
3351 3120 3504 3186 Quod
3532 3117 3666 3173 enitn
3689 3118 3757 3173 in-

2203 3190 2430 3245 visibilis
2457 3188 2621 3245 etiam
2654 3188 2793 3244 Filio
2825 3186 3135 3260 perindeac
3164 3186 3311 3245 Patri
3334 3189 3631 3260 conveniat,
3652 3190 3756 3260 quia

2203 3262 2455 3315 nimirum
2479 3259 2775 3315 secundum
2797 3274 2949 3313 suam
2977 3259 3241 3315 Deitatem
3265 3258 3434 3315 videri
3458 3275 3558 3315 non
3582 3258 3751 3330 potest.

2202 3333 2306 3387 nisi
2339 3346 2398 3386 se
2424 3334 2542 3401 ipse
2562 3331 2897 3392 manifestet,
2926 3331 3067 3400 quod
3094 3332 3195 3402 soli
3230 3331 3345 3387 Deo
3376 3334 3642 3402 proprium
3667 3339 3753 3402 est,

2203 3411 2352 3472 patet
2377 3399 2610 3458 Matthmi
2633 3399 3055 3472 undeciuto,’ubi
3082 3400 3317 3457 dicitttr:
3344 3399 3507 3457 Nemo
3533 3404 3658 3472 novit
3678 3399 3754 3456 Fi-

2201 3470 2328 3529 lium
2356 3474 2456 3529 nisi
2476 3472 2656 3545 Pater;
2679 3490 2841 3545 neque
2862 3471 3073 3528 Patrem
3097 3476 3214 3544 quis
3235 3476 3396 3537 novit,
3416 3470 3758 3545 nisiFit't'us,_et

2200 3547 2281 3599 cui
2303 3545 2524 3600 voluerit
2565 3539 3009 3599 Filius'revelare.
3038 3539 3119 3598 Ε(
3147 3545 3504 3616 Apocalypsis
3550 3561 3636 3600 xix
3662 3563 3673 3597 :
3698 3539 3755 3598 Et

2201 3632 2387 3671 nomen
2411 3616 2561 3670 habet
2587 3617 2867 3685 scriptum,
2894 3616 3031 3685 quod
3059 3631 3206 3685 nemo
3237 3618 3377 3670 novit
3395 3656 3412 3682 ,
3443 3617 3542 3670 nisi
3568 3620 3693 3681 ipse,
3716 3622 3757 3669 et

2202 3703 2389 3761 nomen
2415 3691 2528 3761 ejus
2557 3698 2633 3761 est
2662 3684 2896 3761 Verbum
2909 3684 3036 3740 Dei.
3069 3684 3222 3761 Unde
3249 3687 3523 3761 colligitur
3549 3686 3755 3761 Verbum

2202 3758 2301 3812 Dei
2329 3757 2451 3815 esse
2481 3759 2610 3826 quid
2660 3757 2955 3820 invisibile,
3003 3757 3221 3827 quando
3248 3759 3401 3813 solus
3425 3758 3551 3824 ille,
3582 3758 3759 3825 quiest
3804 3794 3809 3800 .
3898 3792 3899 3803 η

2205 3828 2441 3883 Verbum
2485 3829 2606 3895 Dei,
2659 3830 2809 3883 novit
2847 3828 2973 3898 quid
3005 3830 3109 3883 hoc
3139 3828 3237 3894 sit;
3269 3844 3371 3884 nec
3398 3838 3572 3884 tamen
3601 3827 3758 3883 exclu-

2201 3899 2596 3971 dtmtur'Pater
2624 3911 2678 3954 et
2708 3899 2945 3970 Spiritus
2989 3908 3238 3971 sanctus,
3264 3900 3358 3971 qui
3391 3902 3627 3956 eamdem
3655 3912 3759 3953 cum

2204 3970 2385 4027 Verbo
2405 3971 2701 4027 essentiam
2728 3981 2781 4026 et
2804 3971 3086 4025 scientiam
3112 3970 3334 4026 habent.
3360 3970 3621 4027 Obseruat
3643 3984 3757 4039 prte-

2202 4050 2348 4097 lerea
2378 4042 2438 4098 S.
2467 4041 2705 4095 Thomas
2746 4039 2837 4111 (In
2862 4040 3146 4096 Comment.
3190 4043 3260 4097 ad
3287 4042 3484 4098 Coloss.
3514 4043 3558 4112 ι)
3588 4043 3637 4096 in
3671 4041 3760 4112 illis

2200 4113 2385 4168 verbis
2427 4112 2706 4178 Apostoli,
2730 4128 2849 4182 quae
2881 4112 2970 4167 hic
2996 4114 3253 4174 citantur.
3287 4113 3488 4183 triplici
3511 4128 3579 4168 ex
3606 4111 3759 4183 capite

2204 4200 2299 4238 seu
2330 4185 2525 4250 triplici
2565 4180 2976 4253 comparatione
3012 4180 3385 4240 ciintmendari
3411 4201 3475 4240 ac
3502 4180 3759 4253 praedicari

2202 4254 2402 4310 Christi
2445 4250 2763 4322 dignitatem
2812 4265 2866 4308 et
2895 4255 3274 4310 excellentiam
3296 4297 3312 4322 ,
3342 4255 3484 4326 quod
3504 4250 3662 4310 etiam
3702 4250 3758 4306 ad

2204 4327 2347 4381 hunc
2376 4327 2549 4397 locum
2595 4336 2650 4381 et
2678 4340 2900 4396 scopum
2935 4327 3186 4382 Auctoris
3227 4338 3459 4397 speetat.
3489 4327 3659 4382 Primo
3686 4339 3761 4378 re-

2202 4408 2389 4467 Spectu
2419 4395 2623 4462 Patris,
2653 4412 2749 4451 seu
2789 4401 3201 4466 comparatione
3241 4395 3310 4453 ad
3353 4397 3595 4463 Patrem,
3627 4397 3761 4463 cujus

2203 4480 2288 4525 est
2313 4472 2489 4535 imago
2517 4468 2929 4536 perfectissima,
2962 4468 3153 4539 sicque
3181 4468 3250 4524 ad
3283 4472 3466 4524 vivum
3495 4479 3759 4537 expressa,

2203 4549 2262 4594 ut
2288 4540 2532 4593 eamdem
2581 4555 2806 4593 numero
2837 4548 2894 4594 et
2920 4548 3084 4593 totam
3132 4539 3250 4608 ejus
3281 4542 3663 4609 complectatur
3688 4548 3762 4591 es-

2203 4615 2435 4664 sentiam
2468 4623 2523 4664 et
2552 4621 2820 4664 naturam.
2852 4610 3104 4664 Secundo
3136 4624 3387 4673 resnecttt
3415 4619 3760 4666 creaturarum

505 4680 674 4735 Hebr.
707 4678 815 4736 νηὶ
866 4678 1047 4751 Neque
1089 4682 1294 4751 initium
1333 4680 1565 4741 dierum,
1598 4698 1761 4751 neque
1785 4682 1940 4749 liuent
1984 4682 2103 4735 vitae
2124 4684 2178 4745 Ι)
2206 4681 2258 4735 in
2282 4696 2652 4750 generemqu
2676 4681 2894 4747 dicitur,
2920 4678 3305 4750 Primogenitus
3327 4684 3491 4751 omnis
3512 4689 3757 4740 creatum,

505 4752 720 4806 habens.
766 4752 833 4807 Ει
859 4750 1079 4806 .lottttnis
1121 4767 1154 4806 ν
1193 4769 1206 4803 :
1239 4750 1343 4805 Hic
1385 4762 1458 4804 est
1496 4766 1643 4806 verus
1675 4750 1865 4817 ’Deus,
1896 4760 1943 4805 et
1998 4754 2101 4805 vita

503 4831 719 4877 teterna.
745 4822 876 4878 Nam
903 4825 948 4877 si
981 4822 1228 4877 Christus
1250 4823 1356 4876 vita
1401 4834 1603 4877 aeterna
1638 4834 1717 4876 est
1738 4867 1752 4888 ,
1779 4837 1884 4876 non
1916 4832 2099 4889 potest

507 4909 615 4947 non
641 4893 807 4948 fuisse
828 4902 990 4960 atque
1015 4910 1135 4947 esse
1159 4895 1320 4947 etiam
1346 4894 1461 4958 ipse
1489 4902 1751 4961 internus,
1782 4908 1844 4947 ac
1869 4893 2097 4963 proinde

506 4977 669 5034 verus
693 4964 870 5032 Deus,
901 4964 1045 5034 quod
1081 4963 1311 5017 intendit
1340 4964 1568 5018 Auctor.

547 5033 608 5105 ὦ
640 5034 864 5103 Propter
890 5033 1280 5105 omnimodam,
1314 5035 1387 5089 ait
1423 5034 1848 5105 Chrysostomus
1868 5076 1881 5099 ,
1910 5034 2095 5089 simili-

505 5104 740 5159 tudinem
761 5118 809 5161 et
828 5109 1195 5175 aequalitatem.
1221 5104 1422 5159 Filium
1441 5104 1585 5158 vocat
1610 5108 1906 5176 imaginem.
1936 5105 2094 5159 Chri-

503 5186 623 5247 stus
653 5178 797 5232 enim
833 5185 891 5232 ut
932 5180 1022 5231 Dei
1053 5176 1253 5241 Filius,
1284 5177 1483 5247 dicitur
1523 5178 1698 5247 imago
1735 5177 1936 5239 Patris,
1966 5178 2091 5247 quia

506 5246 657 5302 Patri
691 5263 786 5317 per
829 5250 1010 5303 Omnia
1041 5248 1267 5311 similis,
1314 5246 1529 5301 Patrem
1571 5246 2096 5317 iit-rfectissitne’re-

503 5315 845 5386 praisentans
873 5318 1035 5390 (Vide
1068 5319 1128 5373 S.
1149 5318 1333 5371 Thom.
1359 5334 1373 5371 ι
1400 5334 1475 5385 p.,
1500 5334 1550 5390 q_.
1585 5315 1673 5383 57,
1694 5328 1799 5390 art:
1824 5316 1890 5384 2)
1908 5358 1924 5382 ,
1954 5318 2095 5373 sicut

502 5389 621 5460 ipse
655 5392 824 5444 dicit:
860 5386 961 5453 Qui
987 5391 1116 5460 videt
1145 5406 1242 5455 nte,
1270 5389 1406 5442 videt
1435 5400 1481 5441 et
1513 5387 1719 5441 Patrem
1744 5386 1921 5459 (Jahn.
1953 5391 2087 5460 XIV).

503 5459 607 5514 Est
635 5471 816 5517 autem
861 5458 1132 5514 invisibilis
1159 5459 1246 5515 hic
1286 5461 1507 5530 genitivi
1549 5458 1831 5521 casus,’et
1862 5458 2095 5515 refertur

503 5545 613 5584 non
646 5534 710 5586 ad
746 5532 1065 5596 imaginem,
1102 5530 1196 5584 sed
1242 5531 1307 5583 ad
1348 5530 1516 5584 Deum
1567 5531 1815 5593 Patrem,
1859 5541 1917 5583 ut
1947 5540 2093 5599 patet

503 5615 570 5679 fl!
614 5601 801 5679 Grieci)
851 5604 1095 5679 ἀοράτου.
1148 5600 2093 5679 Undemuniebantur__A.riatti_hoc

501 5670 649 5737 loco,
682 5670 928 5729 dicentes
960 5678 1060 5728 hoc
1094 5688 1288 5727 nomen
1319 5670 1587 5725 invisibilis
1609 5714 1623 5738 ,
1654 5672 1755 5725 soli
1785 5671 1896 5726 Deo
1942 5671 2089 5727 Patri

502 5747 833 5810 convenire,
864 5760 969 5800 non
1000 5743 1171 5806 Filio,
1218 5742 1446 5810 proinde
1479 5741 1673 5796 Filium
1707 5757 1811 5796 non
1843 5758 1965 5797 esse
1998 5759 2089 5798 vc-

501 5826 621 5875 t‘uni
649 5816 851 5879 Deum.
882 5830 1005 5876 cuin
1046 5814 1318 5873 invisibilis
1337 5856 1351 5885 ,
1382 5813 1523 5874 inter
1549 5813 1676 5883 alia,
1705 5815 1778 5871 sit
1806 5814 2085 5887 proprium

1883 6090 1905 6120 ι

2204 4752 2257 4806 id
2282 4763 2382 4822 est,
2409 4761 2534 4805 ante
2559 4766 2773 4806 omnem
2797 4762 3102 4806 creaturam
3124 4755 3361 4822 genitus,
3385 4766 3439 4806 tu
3458 4750 3763 4822 Chrysosto-

2205 4837 2326 4877 tuus
2349 4820 2768 4891 interpretatur:
2802 4824 3066 4893 nonquia
3098 4820 3165 4877 sit
3198 4823 3370 4893 prima
3402 4820 3646 4879 creatura
3667 4823 3765 4893 ,_ut

2203 4893 2423 4949 Volebat
2446 4888 2635 4969 Arius,
2670 4893 2754 4969 vel
2778 4892 2928 4969 quod
2957 4888 3260 4969 creaturam
3290 4896 3356 4950 de
3384 4904 3650 4969 sepostea
3676 4888 3764 4969 Pa-

2206 4974 2289 5020 ter
2316 4965 2594 5032 genuerit,
2623 4966 2716 5019 sed
2747 4966 2885 5019 sicut
2914 4966 3211 5021 secundum
3246 4968 3630 5028 humanitatem
3663 4965 3763 5030 pri-

2203 5035 2508 5103 mogenittts
2529 5034 2713 5089 Mariae
2733 5035 3082 5104 dicitur,.nou
3106 5036 3249 5105 quod
3267 5036 3406 5090 alios
3432 5036 3499 5090 de
3520 5050 3577 5090 se
3596 5040 3761 5101 pastea

2202 5104 2368 5174 Virgo
2398 5107 2677 5175 genuerit,
2705 5106 2799 5160 sed
2830 5108 2952 5175 quia
2987 5122 3093 5161 non
3124 5104 3289 5161 alium
3318 5118 3445 5162 ante
3477 5109 3642 5175 ipsum
3674 5114 3760 5173 ge-

2199 5178 2347 5241 nuit;
2371 5186 2426 5230 et
2456 5179 2579 5249 quia
2606 5191 2724 5232 mos
2755 5188 2839 5232 est
2863 5177 3163 5246 Scriptutte
3187 5180 3416 5246 primum
3447 5191 3542 5249 pro
3563 5188 3663 5228 uno
3683 5185 3761 5226 su-

2200 5263 2381 5311 mere,
2414 5257 2468 5319 ut
2496 5248 2637 5301 idem
2668 5249 2740 5304 sit
2782 5249 3177 5319 (primogenitus
3204 5264 3269 5319 ac
3309 5249 3641 5319 nnigenitus;
3662 5254 3760 5319 qua

2199 5319 2268 5391 de
2298 5334 2359 5391 re
2388 5317 2525 5372 infra
2550 5319 2707 5373 latius
2731 5314 2836 5390 (Ad
2861 5314 3029 5374 libth
3050 5336 3167 5388 cap.
3196 5317 3308 5391 i8).
3333 5314 3451 5384 Vel,
3484 5314 3759 5391 secundum

2200 5389 2258 5446 S.
2297 5388 2592 5453 Thomam,
2644 5386 3008 5460 priinogcnitus
3057 5386 3220 5444 omnis
3265 5386 3517 5444 creatura:
3550 5386 3759 5447 dicitur,

2197 5463 2321 5530 quia
2373 5462 2453 5515 sic
2483 5476 2511 5512 a
2557 5460 2716 5517 Patre
2746 5462 2990 5531 genitus,
3023 5471 3081 5515 ut
3114 5460 3345 5516 Verbum
3379 5471 3554 5515 mente
3582 5467 3762 5534 conce—

2197 5542 2345 5601 ptum
2381 5541 2777 5599 reprtcsentatts
2825 5546 3041 5586 omnem
3084 5540 3425 5595 creaturam,
3456 5542 3510 5586 et
3539 5539 3758 5601 utprtn-

2198 5600 2617 5676 Cipilllfl__01ltnis
2642 5602 3118 5676 creaturae.Unde
3166 5603 3456 5676 Apostolus
3501 5600 3757 5676 explicatis

2199 5667 2342 5743 quod
2372 5673 2612 5739 dixerat,
2646 5687 2766 5744 mox
2795 5673 3012 5728 subdit:
3049 5667 3306 5740 Quoniam
3326 5675 3378 5727 in
3409 5675 3521 5744 ipso
3566 5667 3760 5744 condita

2195 5739 2312 5816 s—uut
2336 5747 2528 5816 omnia,
2553 5755 2662 5799 etc.
2690 5741 2757 5816 In
2782 5744 2918 5816 ipso,
2951 5744 3002 5799 id
3027 5739 3138 5812 est,
3164 5763 3255 5815 per
3280 5739 3473 5815 ipsum,
3500 5752 3554 5798 ut
3580 5739 3759 5816 dicitur

2193 5811 2419 5874 Joannis
2451 5806 2665 5890 primo:
2703 5806 3011 5889 Omnia’per
3038 5806 3207 5887 ipsum
3248 5806 3389 5890 (dcta
3416 5806 3565 5882 sunt,
3592 5806 3684 5867 Vel
3711 5806 3761 5859 in
