3970 6344
252 334 277 392 1
288 326 349 393 i5

1265 327 1354 395 DE
1391 336 1905 395 INCARNATIONE
1945 338 2213 397 CHRISTI
2256 341 2385 399 LIB.
2431 342 2495 397 V.

3425 356 3528 414 ιιι

246 454 407 524 imago
433 452 535 509 Dei
555 453 842 525 invisibilis,
872 455 1240 528 primogenitus
1272 456 1529 509 universo:
1550 464 1834 519 creatum;
1863 460 1913 519 Α
1939 456 2060 524 quia
2090 457 2142 509 in
2176 458 2287 523 ipso
2310 458 2625 531 complacuit
2651 476 2851 516 omnem
2874 462 3244 535 plenitudinem
3275 465 3526 539 habitare,

244 546 357 617 quia
388 546 443 599 in
466 547 579 614 ipso
601 548 805 601 condita
840 556 958 601 sunt
986 550 1229 602 universa
1253 549 1307 601 in
1334 549 1471 602 caelis
1502 558 1550 601 et
1579 548 1631 599 in
1666 558 1828 613 terra,

246 636 469 691 visibilia
499 649 548 692 et
578 639 851 694 invisibilia
871 680 885 704 ,
913 641 1018 695 sive
1045 641 1216 695 tlironi
1234 683 1249 707 ,
1291 640 1395 693 sive
1419 640 1796 693 dominationes
1817 680 1832 703 ,

240 733 339 785 sive
361 738 674 800 potestates:
693 734 867 787 omnia
895 751 985 802 per
1013 736 1180 805 ipsum
1205 742 1252 788 et
1280 733 1332 786 in
1363 733 1473 805 ipso
1502 740 1673 787 creata
1691 739 1830 796 sunt,

238 833 280 877 et
304 825 419 895 ipse
444 834 525 879 est
553 835 671 880 ante
697 843 901 893 omnes,
934 838 984 880 et
1012 828 1183 880 omnia
1212 827 1263 880 in
1303 828 1415 895 ipso
1458 835 1719 880 constant.
1763 824 1833 878 Et

236 916 343 985 ipse
374 927 451 969 est
481 925 637 985 caput
684 918 912 989 corporis
945 916 1194 972 Ecclesia:
1220 964 1234 987 ,
1266 918 1353 989 qui
1385 927 1457 972 est
1482 918 1828 988 principium,

236 1010 609 1081 primogenitus
653 1024 719 1065 ea:
749 1012 963 1065 mortuis
982 1052 998 1076 ,
1029 1023 1084 1067 ut
1112 1013 1178 1066 sit
1218 1012 1269 1065 in
1300 1012 1533 1065 omnibus
1563 1012 1673 1082 ipse
1716 1011 1829 1082 pri-

235 1112 431 1158 matum
458 1114 666 1172 tenens;
691 1107 811 1174 quia
840 1108 892 1159 in
914 1109 1025 1179 ipso
1055 1108 1365 1177 complacuit
1386 1124 1585 1162 onmem
1608 1108 1831 1177 plenitu-

234 1200 408 1254 dinem
459 1200 718 1266 habitare,
752 1212 800 1254 et
841 1218 931 1271 per
978 1203 1144 1269 ipsum
1188 1202 1522 1256 reconciliare
1553 1202 1726 1256 omnia
1775 1202 1828 1255 in

232 1294 431 1363 ipsum,
463 1293 743 1363 paciﬁcans
764 1310 857 1365 per
881 1295 1186 1366 sanguinem
1216 1295 1384 1349 crucis
1412 1298 1558 1367 ejus,
1593 1295 1697 1349 sive
1714 1310 1830 1363 qua:

230 1386 279 1438 in
298 1386 448 1440 ccelis
475 1427 489 1451 ,
516 1386 618 1440 sive
645 1402 761 1457 qute
787 1387 843 1440 in
873 1389 1026 1441 terris
1051 1397 1172 1441 sunt
1202 1386 1427 1457 (Coloss.
1460 1386 1522 1458 ι).
1555 1386 1825 1457 Numquid

230 1486 279 1534 et
326 1477 438 1533 hoc
490 1478 669 1549 aliqua
714 1480 1181 1551 interpretationis
1226 1480 1534 1549 adjeCtione
1582 1479 1820 1551 indiget,

230 1586 345 1630 cum
382 1571 457 1625 ita
492 1572 713 1642 copiose
735 1583 789 1627 et
816 1574 1100 1629 evidenter
1130 1588 1457 1645 expressum
1483 1574 1571 1643 sit,
1602 1582 1661 1629 ut
1686 1574 1739 1630 in
1766 1589 1827 1629 se

230 1677 330 1719 non
368 1664 554 1719 solum
585 1680 763 1720 rerum
800 1666 960 1721 ﬁdem
981 1711 995 1735 ,
1027 1666 1122 1721 sed
1152 1668 1319 1723 etiam
1345 1668 1699 1737 expositionis
1729 1667 1824 1722 ha-

228 1758 345 1811 beat
371 1757 721 1813 claritatem?
744 1758 963 1815 Gratias
988 1761 1131 1816 enim
1160 1776 1327 1832 agere
1358 1776 1458 1816 nos
1485 1762 1629 1818 Patri
1647 1762 1821 1833 jubet,

1938 555 1986 600 et
2032 564 2121 614 per
2161 550 2329 615 ipsum
2370 552 2704 608 reconciliare
2735 557 2906 609 omnia
2932 556 2985 610 in
3015 558 3212 629 ipsum,
3242 562 3528 631 paciﬁcans

1937 658 2029 712 per
2052 645 2356 714 sanguinem
2378 647 2544 701 crucis
2573 650 2707 720 ejus,
2736 649 2841 703 sive
2866 666 2983 722 qua:
3004 652 3059 704 in
3083 652 3251 713 culis.
3282 654 3386 708 sive
3414 668 3529 724 quas

1938 732 1992 786 in
2025 744 2165 788 terra
2194 744 2335 789 sunt.
2362 736 2630 807 Numquid
2658 740 2862 812 indiget
2891 744 3123 811 primatu
3152 745 3527 800 universorum

1937 825 2161 882 Creator
2182 829 2462 883 omnium?
2494 842 2586 885 aut
2614 833 2845 902 primatu
2868 850 3056 889 eorum
3086 850 3206 906 quae
3234 851 3264 891 a
3291 852 3351 892 se
3379 836 3525 893 facta

1937 930 2092 986 sunt,
2124 922 2237 992 ipse
2256 924 2347 993 qui
2379 923 2540 978 fecit?
2569 927 2674 979 Aut
2707 928 2963 997 numquid
2992 927 3099 982 diei
3125 927 3194 984 de
3219 928 3401 985 Verbo
3430 944 3526 998 po-

1937 1022 2042 1068 test
2094 1014 2321 1085 quodin
2370 1030 2436 1070 eo
2485 1017 2575 1085 qui
2627 1015 2699 1071 sit
2742 1018 3133 1089 primogenitus
3181 1035 3247 1076 ex
3294 1020 3525 1077 mortuis

1935 1106 2327 1176 complacuerit
2348 1122 2565 1162 omnem
2595 1107 2988 1177 plenitudinem
3008 1110 3278 1177 habitare,
3300 1111 3394 1182 qui
3423 1113 3526 1167 uti-

1934 1214 2041 1270 que
2081 1200 2395 1271 unigenitus
2444 1202 2617 1258 Filius
2647 1201 2778 1270 Dei,
2814 1202 3050 1259 Verbum
3104 1206 3200 1261 Dei
3247 1215 3373 1262 ante
3402 1208 3523 1263 uni-

1932 1307 2091 1348 versa
2120 1310 2300 1349 rerum
2332 1294 2595 1361 exordia,
2630 1294 2847 1351 Patrem
2882 1296 3206 1353 invisibilem
3240 1299 3294 1353 in
3325 1313 3387 1354 se
3422 1298 3522 1355 ha-

1932 1384 2068 1441 bens
2089 1429 2104 1453 ,
2159 1386 2233 1441 ita
2268 1386 2417 1455 prius
2442 1401 2659 1443 omnem
2711 1387 3099 1457 plenitudinem
3128 1389 3181 1444 in
3211 1404 3270 1444 se
3301 1389 3522 1458 habuit,

1934 1483 2157 1533 utesset
2185 1478 2303 1548 ipse
2332 1480 2576 1535 omnium
2607 1480 2929 1548 plenitudo?
2958 1481 3027 1537 Et
3055 1481 3183 1551 quid
3214 1483 3523 1552 postremo?

1936 1568 2145 1640 Omnia,
2179 1571 2385 1642 inquit,
2431 1573 2713 1643 pacificans
2740 1590 2831 1644 per
2861 1574 3163 1645 sanguinem
3192 1576 3359 1630 crucis
3406 1579 3523 1648 ejus

1929 1661 2035 1716 sive
2060 1677 2173 1731 qua
2198 1662 2253 1715 in
2280 1671 2415 1716 terra
2436 1704 2449 1727 ,
2483 1664 2591 1718 sive
2615 1681 2728 1732 qua:
2758 1666 2809 1719 in
2834 1664 2974 1720 caelis
2996 1675 3133 1720 sunt.
3164 1666 3525 1722 Mauil'estavit

1931 1753 2115 1824 utique
2156 1753 2499 1823 apertissime
2526 1754 2593 1809 de
2636 1769 2743 1825 quo
2787 1755 3027 1821 diceret,
3061 1771 3218 1826 quem
3247 1756 3523 1829 primoge-

230 1864 419 1920 magna
474 1852 658 1920 utinm:
700 1867 861 1907 causa
910 1853 1133 1923 agendae
1175 1855 1363 1925 gratiae
1395 1855 1643 1924 adjecta,
1691 1856 1817 1925 quia
1848 1862 1897 1924 Β
1930 1847 2104 1902 nitum
2147 1863 2214 1904 ex
2255 1848 2486 1903 mortuis
2535 1850 2885 1905 nominasset.
2921 1849 3188 1921 Numquid
3233 1850 3376 1906 enim
3427 1866 3522 1921 per

226 1942 419 2013 dignos
452 1959 555 1998 nos
606 1944 799 1999 fecerit
838 1946 1090 2015 portione
1141 1957 1452 2002 sanctorum
1474 1989 1487 2013 ,
1522 1956 1577 2002 et
1606 1956 1823 2016 ereptos

226 2038 283 2093 de
309 2046 595 2107 potestate
623 2039 973 2093 tenebrarum
1010 2040 1348 2096 transtulerit
1376 2042 1429 2095 in
1452 2056 1679 2111 regnum
1703 2039 1821 2094 Filii

228 2131 533 2188 dilectionis
563 2148 707 2197 stite,
740 2134 791 2187 in
829 2149 935 2204 quo
962 2133 1259 2189 habeamus
1303 2135 1735 2206 redemptionem
1769 2144 1826 2189 et

227 2226 612 2282 remissionem
668 2236 1049 2296 peccatorum;
1090 2227 1180 2297 qui
1212 2228 1282 2281 sit
1310 2228 1487 2297 imago
1511 2228 1605 2283 Dei
1640 2228 1823 2282 invisi-

233 2318 361 2383 bilis,
396 2319 806 2390 primogenitus
835 2321 1110 2375 universze
1132 2329 1434 2385 creaturae;
1464 2322 1594 2390 quia
1622 2319 1674 2375 in
1705 2321 1823 2390 ipso

229 2428 276 2468 ac
301 2427 404 2482 per
427 2413 612 2482 ipsum
638 2422 822 2468 creata
851 2413 963 2466 sint
988 2413 1191 2477 omnia,
1217 2428 1446 2483 quorum
1473 2414 1657 2482 utique
1686 2414 1825 2468 sicut

225 2505 390 2561 iactor
440 2507 587 2575 ipse,
624 2507 697 2562 ita
742 2507 909 2561 etiam
937 2507 1272 2577 gubernator
1319 2508 1412 2561 sit.
1448 2508 1515 2562 Et
1543 2507 1670 2576 quid
1704 2516 1825 2577 post

225 2598 361 2655 haec?
395 2597 535 2667 Ipse
557 2609 648 2665 est,
677 2600 868 2670 inquit,
902 2608 1053 2671 caput
1080 2602 1309 2671 corporis
1338 2600 1603 2667 Ecclesiw,
1635 2602 1723 2673 qui
1750 2611 1825 2656 est

224 2693 567 2761 principium,
590 2694 966 2763 primogenitus
993 2710 1059 2748 ex
1078 2695 1311 2748 mortuis.
1342 2694 1821 2751 Resurrectionem

222 2785 360 2853 quasi
408 2786 836 2855 generationem
890 2786 1170 2855 Scriptura
1203 2786 1474 2851 nominat;
1507 2787 1631 2856 quia
1683 2789 1823 2842 sicut

220 2878 511 2947 generatio
540 2876 704 2931 vitam
733 2884 904 2941 creat,
938 2878 1008 2932 ita
1038 2878 1372 2933 resurreCIio
1399 2888 1622 2947 generat
1648 2880 1712 2932 ad
1745 2880 1822 2932 vi-

221 2978 342 3025 tam.
371 2969 542 3026 Unde
571 2972 735 3025 etiam
760 2979 785 3006 δ
809 2970 1133 3024 resurrectio
1166 2971 1279 3041 ipsa
1310 2971 1654 3039 regeneratio
1684 2987 1823 3025 num

218 3075 467 3133 cupatur,
497 3065 796 3119 secundum
827 3064 955 3119 illud
980 3065 1191 3120 Domini
1220 3067 1623 3119 testimonium:
1659 3067 1822 3121 Amen

220 3157 325 3211 dico
367 3159 546 3225 vobis,
572 3159 712 3229 quod
741 3176 826 3214 vos
854 3161 938 3228 qui
978 3162 1138 3213 secuti
1168 3160 1290 3214 estis
1335 3177 1443 3227 me,
1470 3161 1521 3213 in
1548 3175 1823 3232 regenera-

1932 1939 2094 1996 Verbi
2128 1949 2221 1995 aut
2253 1940 2492 2011 Spiritus
2528 1943 2848 2013 sanguinem
2894 1943 3241 1998 reconciliata
3279 1957 3345 1999 ac
3370 1944 3523 2015 paci-

1930 2032 2088 2088 licata
2120 2042 2247 2089 sunt
2277 2034 2499 2090 omnia?
2526 2035 2642 2091 Non
2675 2037 2881 2109 utique.
2924 2037 3111 2106 Neque
3138 2037 3282 2093 enim
3324 2039 3379 2093 in
3425 2052 3520 2094 na-

1930 2136 2106 2182 turam
2130 2128 2326 2184 cadere
2350 2128 2745 2199 impassibilem
2779 2145 2867 2185 res
2897 2131 3001 2185 ulla
3028 2131 3203 2201 potuit
3231 2131 3517 2199 passionis.

1929 2230 2020 2274 aut
2053 2220 2199 2275 fundi
2226 2222 2449 2293 sanguis
2474 2223 2641 2278 valuit
2669 2224 2773 2278 nisi
2800 2224 3037 2279 hominis
3061 2265 3074 2291 ,
3104 2234 3199 2280 aut
3222 2226 3360 2280 mori
3384 2224 3519 2280 alter

1927 2327 2089 2383 quam
2114 2312 2297 2379 homo;
2322 2324 2376 2369 et
2398 2321 2579 2370 tamen
2608 2315 2749 2370 idem
2776 2317 2867 2387 qui
2901 2317 2956 2370 in
2988 2316 3345 2386 sequentibus
3375 2332 3521 2372 mor-

1928 2414 2053 2463 tuus
2076 2407 2294 2475 dicitur,
2327 2408 2575 2479 superius
2608 2409 2789 2481 imago
2818 2408 2913 2465 Dei
2935 2410 3220 2465 invisibilis
3249 2410 3517 2480 praedica-

1928 2507 2035 2555 tur.
2079 2501 2365 2567 Quomodo
2413 2517 2543 2572 ergo
2587 2513 2643 2558 et
2686 2502 2822 2559 hoc?
2853 2503 3063 2559 scilicet
3109 2504 3236 2574 quia
3269 2504 3321 2559 id
3371 2506 3519 2561 omni

1925 2593 2090 2648 modo
2119 2594 2188 2649 ab
2224 2596 2485 2664 apostolis
2530 2604 2749 2651 cautum
2795 2605 2914 2662 est,
2946 2611 3015 2652 ne
3036 2596 3218 2666 aliqua
3245 2596 3520 2651 videretur

1925 2689 1979 2744 in
2007 2689 2223 2744 Christo
2243 2704 2364 2745 esse
2386 2690 2610 2758 divisio,
2641 2699 2696 2745 et
2721 2690 2907 2745 unitus
2935 2690 2989 2744 in
3018 2689 3131 2744 lilio
3162 2689 3399 2744 hominis
3428 2686 3520 2745 Fi-

1924 2781 2029 2837 lius
2054 2783 2146 2837 Dei
2179 2781 2441 2852 inciperet
2471 2799 2566 2852 per
2593 2784 2853 2838 erraticas
2887 2783 3360 2853 interpretationes
3382 2784 3521 2838 duas

1926 2876 2125 2932 habere
2148 2892 2438 2947 personas,
2462 2892 2524 2932 ac
2551 2892 2648 2947 per
2672 2891 2865 2947 pravas
2892 2886 3057 2947 atque
3084 2876 3279 2946 impias
3309 2877 3520 2945 opinio-

1923 2986 2022 3026 nes
2051 2970 2139 3040 qui
2170 2978 2315 3025 esset
2347 2969 2559 3024 scilicet
2586 2971 2638 3023 in
2674 2984 2735 3025 se
2764 2984 2902 3024 unus
2930 2969 3131 3038 duplex
3154 2969 3309 3023 ﬂeret
3339 2970 3391 3023 in
3422 2984 3520 3024 no.

1923 3064 2031 3119 bis.
2066 3063 2133 3117 Et
2157 3063 2280 3119 ideo
2311 3063 2535 3134 pulchre
2565 3078 2628 3118 ac
2654 3062 2983 3117 mirabiliter
3004 3063 3072 3117 ab
3096 3063 3214 3131 ipso
3238 3062 3521 3131 unigenito

1923 3158 2060 3213 Filio
2085 3157 2182 3212 Dei
2227 3172 2398 3227 usque
2430 3156 2496 3211 ad
2529 3157 2736 3211 unitutn
2778 3156 2921 3212 Filio
2950 3156 3047 3210 Dei
3087 3155 3253 3209 ﬁlium
3284 3155 3520 3211 heroinis

218 3251 344 3306 tione
366 3268 495 3305 cum
520 3252 709 3306 sederit
728 3251 894 3306 Filius
912 3252 1134 3307 hominis
1159 3254 1211 3305 in
1232 3254 1352 3307 sede
1379 3254 1664 3325 majestatis
1686 3269 1812 3319 sine,
1848 3258 1895 3323 C
1928 3252 2239 3323 praedicatio
2266 3251 2566 3321 apostolica
2602 3250 2914 3315 descendit;
2942 3248 3161 3304 utsicut
3195 3249 3309 3319 ipse
3334 3264 3516 3304 rerum

217 3346 451 3400 sedebitis
476 3355 526 3399 et
564 3362 649 3399 vos
673 3364 831 3415 super
870 3348 1016 3401 sedes
1043 3349 1317 3401 duodecim
1344 3347 1649 3420 judicantes
1683 3348 1815 3403 duo-

216 3439 369 3493 decim
398 3439 575 3493 tribus
611 3438 778 3494 Israel
805 3440 1021 3513 (Matth.
1058 3442 1199 3514 xu).
1226 3443 1367 3512 Ergo
1392 3443 1815 3513 primogenitum

218 3546 275 3587 ex
300 3534 545 3587 mortuis
572 3548 693 3589 eum
718 3534 878 3603 dicit,
905 3551 1064 3604 quem
1090 3537 1341 3604 superius
1366 3535 1694 3590 inuisibilem
1720 3536 1815 3591 Dei

215 3625 405 3681 Filium
429 3636 605 3697 atque
628 3629 912 3699 imaginem
937 3630 1272 3698 praedicavit.
1291 3630 1423 3696 Quis
1440 3639 1618 3685 autem
1638 3633 1817 3701 imago

216 3718 514 3775 invisibilis
544 3721 667 3783 Dei.
701 3723 803 3776 nisi
830 3722 1157 3793 unigenitus,
1186 3722 1423 3778 Verbum
1450 3726 1581 3779 Dei?
1605 3735 1660 3780 et
1685 3740 1819 3793 quo-

215 3811 369 3866 modo
398 3813 449 3866 is
498 3816 874 3869 resurrexisse
901 3830 964 3869 ex
1017 3817 1245 3872 mortuis
1273 3816 1491 3883 dicitur,
1518 3819 1606 3886 qui
1642 3820 1816 3889 imago

210 3918 270 3958 ac
297 3904 548 3960 Verbum
577 3906 671 3961 Dei
700 3907 987 3963 invisibilis
1018 3910 1365 3965 nominatur?
1392 3911 1455 3964 Et
1485 3910 1612 3981 quid
1639 3921 1813 3966 tamen

211 3998 381 4054 adhuc
408 4000 676 4055 additur?
702 4000 768 4055 Ut
790 4003 884 4069 sit,
911 4003 1113 4073 inquit,
1150 4005 1262 4073 ipse
1303 4005 1581 4075 primatum
1608 4015 1809 4066 tenens,

1924 3347 2081 3411 ordo,
2102 3348 2173 3400 ita
2197 3347 2359 3401 etiam
2383 3346 2644 3399 doctrina:
2662 3359 2841 3399 sermo
2865 3347 3204 3398 decurreret.
3228 3342 3303 3396 Ita
3328 3351 3518 3399 cuncta

1924 3440 2273 3509 inseparabili
2303 3441 2645 3495 connexione
2666 3449 2720 3495 et
2747 3438 2899 3508 quasi
2931 3438 3162 3509 quodam
3195 3448 3360 3507 ponte
3381 3454 3515 3495 con-

1924 3536 2141 3590 tionans
2165 3576 2179 3601 ,
2213 3543 2272 3588 ut
2302 3534 2421 3588 sine
2454 3534 2557 3588 ulla
2590 3534 2810 3603 penitus
2836 3532 3104 3586 divisione
3134 3541 3191 3585 et
3224 3531 3516 3586 intervallo

1924 3648 2048 3688 eum
2063 3647 2223 3701 quem
2244 3631 2293 3684 in
2313 3629 2573 3699 principio
2592 3627 2779 3683 mundi
2804 3626 3034 3695 legeres,
3054 3627 3105 3679 in
3129 3625 3234 3680 ﬁne
3256 3626 3517 3694 temporis

1924 3726 2408 3794 invenires,neque
2430 3725 2535 3779 ulla
2573 3723 2794 3777 omnino
2816 3722 3167 3776 distractione
3190 3719 3369 3790 impia:
3400 3721 3515 3776 dis-

1923 3820 2184 3873 cessionis
2210 3818 2441 3871 admissa
2460 3832 2619 3871 unum
2640 3816 2692 3871 in
2709 3830 2874 3870 carne
2890 3824 3051 3884 atque
3071 3815 3236 3866 alium
3254 3814 3304 3865 in
3323 3812 3514 3881 spiritu

1922 3911 2118 3965 Filium
2163 3910 2255 3965 Dei
2288 3910 2576 3974 crederes;
2611 3923 2731 3963 cum
2764 3907 2833 3961 ita
2876 3906 3229 3976 apostolicum
3263 3904 3515 3973 magiste-

1924 4004 2084 4069 rium,
2106 4006 2268 4059 Deum
2289 4002 2491 4073 pariter
2510 4011 2671 4072 atque
2698 4000 2970 4055 hominem
2994 4014 3089 4068 per
3110 4004 3513 4053 sacramentum

1296 4138 1556 4193 ALARI)!
1596 4138 1833 4195 GAZrEl
1871 4138 2429 4196 COMMENTARIUS.

208 4250 336 4298 ιρδο.
376 4242 662 4298 tamquam
703 4230 757 4284 in
783 4229 1117 4298 exemplari,
1150 4230 1447 4302 archetypo
1479 4240 1533 4285 et
1563 4243 1804 4303 prototy-

207 4320 292 4372 po.
314 4304 517 4357 Tertio
538 4318 607 4357 ex
629 4305 1037 4369 comparatione
1060 4302 1123 4357 ad
1147 4303 1448 4356 Ecclesium
1474 4302 1800 4369 universam,

205 4388 320 4429 eum
350 4375 597 4429 dicitur:
635 4372 700 4427 Et
724 4376 831 4444 ipse
860 4383 933 4426 est
965 4386 1119 4443 caput
1159 4375 1387 4444 corporis
1432 4372 1691 4438 Ecclesia;
1719 4376 1807 4443 qui

204 4458 272 4499 est
297 4449 652 4519 principium,
678 4455 786 4498 etc.
814 4446 904 4519 S_ic
928 4446 992 4519 ad
1018 4445 1284 4519 Ephesios
1308 4462 1351 4499 t:
1388 4444 1451 4497 Et
1476 4448 1639 4514 ipsum
1666 4448 1805 4498 dedit

205 4514 351 4588 caput
386 4514 557 4581 supra
589 4534 787 4588 omnem
827 4514 1113 4569 Ecclesiam
1136 4562 1149 4585 ,
1178 4534 1292 4584 qua:
1319 4530 1390 4570 est
1433 4534 1616 4587 corpus
1646 4519 1805 4587 ipsius

204 4600 246 4642 et
265 4587 556 4661 plenitudo
585 4590 717 4658 ejus.
748 4587 917 4661 supra
949 4602 1162 4661 oi‘nnem
1198 4588 1492 4642 licclesiam
1514 4632 1527 4652 ,
1566 4591 1804 4642 militan-

1910 4515 2045 4571 Ecce
2091 4534 2220 4571 nova

1913 4241 2039 4297 tur,
2092 4232 2211 4287 dure
2266 4234 2503 4287 rationes
2560 4232 2877 4289 atteruntur.
2931 4233 3145 4300 Prima,
3198 4235 3323 4304 quia
3384 4244 3511 4292 tunc

1911 4311 2056 4357 totos
2086 4305 2315 4358 mundus
2348 4306 2686 4358 rvnovandus
2723 4316 2835 4372 est,
2882 4315 2937 4360 et
2973 4307 3376 4374 quodammodo
3418 4325 3512 4364 re—

1910 4376 2273 4449 generaudns,
2307 4384 2364 4428 ut
2390 4377 2461 4428 ait
2493 4375 2732 4429 Joannes
2775 4378 2825 4429 in
2872 4379 3193 4447 Apol-alypsi
3224 4394 3345 4449 cap.
3381 4395 3508 4435 XXI:

1924 4445 2039 4499 Vidi
2083 4447 2265 4499 caelum
2314 4463 2529 4512 novum,
2571 4457 2618 4500 et
2659 4456 2849 4501 terram
2898 4445 3127 4514 novam}?
3150 4458 3204 4503 et
3252 4445 3395 4504 vers.
3434 4452 3506 4505 5:

2265 4518 2400 4587 facio
2452 4519 2647 4571 omnia.
2708 4519 2771 4571 Et
2828 4519 2889 4572 D.
2944 4520 3135 4575 Petrus
3177 4522 3227 4574 in
3273 4522 3507 4576 secunda

1914 4590 2149 4655 lipistola
2201 4604 2248 4642 c.
2303 4604 2398 4642 Ill:
2433 4587 2607 4643 Novas
2636 4606 2751 4643 vero
2790 4590 2973 4653 caelos,
3008 4601 3056 4643 et
3100 4608 3281 4645 novant
3318 4603 3509 4645 terram

207 4659 305 4715 teni
336 4663 566 4714 scilicet
592 4662 643 4711 in
677 4660 857 4722 terris,
887 4659 1015 4730 etin
1039 4660 1192 4714 ctelis
1217 4661 1659 4728 triumphantem.
1686 4676 1804 4727 qiuc
1832 4668 1883 4728 Ῑ)
1909 4660 2191 4713 secundum
2255 4663 2505 4727 promissa
2561 4662 2723 4729 ipsius
2777 4673 3151 4730 exspectamus.
3216 4663 3283 4717 Et
3343 4663 3509 4717 Isaias

206 4733 512 4787 secundum
546 4731 899 4798 Augustinum
934 4728 1023 4789 (In
1056 4729 1358 4797 Enchirid.)
1390 4732 1550 4783 etiam
1580 4732 1802 4799 angelos

204 4805 622 4867 complectitur.
659 4802 809 4856 Unde
837 4802 1111 4855 concludit
1137 4803 1427 4869 Apostolus
1450 4800 1723 4855 Christum
1751 4806 1804 4856 in

206 4877 471 4929 omnibus
527 4880 815 4943 primatum
873 4882 1057 4927 tenere
1088 4891 1099 4927 :
1135 4874 1249 4927 sive
1300 4885 1355 4927 ut
1393 4873 1535 4927 Deus
1558 4914 1573 4939 ,
1604 4876 1718 4927 sive
1748 4882 1808 4927 ut

206 4943 364 4999 homo
392 4945 803 5000 consideretur.

273 5027 295 5053 ⁸
332 5017 715 5087 Regeneratio
758 5016 957 5083 dUpIex
1006 5015 1060 5069 in
1112 5014 1407 5084 Scripturis
1449 5016 1802 5081 exprimitur:

206 5088 372 5144 altera
408 5086 504 5143 est
539 5088 837 5155 baptismus
858 5130 871 5154 ,
899 5087 967 5141 de
997 5103 1098 5153 qua
1123 5087 1278 5141 .loan.
1313 5102 1404 5140 nt:
1440 5086 1559 5140 Nisi
1587 5090 1700 5153 quis
1730 5105 1807 5141 re-

205 5172 353 5213 natus
392 5161 564 5231 fuerit
594 5174 658 5211 ex
686 5174 821 5227 aqua
852 5172 895 5211 et
921 5158 1122 5231 Spiritu
1152 5169 1350 5219 sancto,
1375 5169 1506 5223 etc.;
1532 5160 1594 5210 ad
1627 5159 1805 5212 Titum

206 5246 293 5285 tu:
327 5232 530 5285 Salvos
561 5246 654 5282 nos
687 5231 767 5294 fac
807 5246 897 5297 per
928 5230 1190 5282 lavacrum
1221 5231 1618 5301 regenerationis
1647 5240 1694 5283 et
1728 5247 1809 5282 re-

208 5304 510 5357 novationis
554 5302 787 5367 Spiritus
821 5305 1028 5365 sancti;
1058 5314 1109 5354 et
1159 5302 1173 5355 I
1202 5300 1346 5355 Petri
1388 5317 1402 5354 ι
1429 5319 1441 5354 ;
1472 5300 1807 5370 Regeneravit

207 5388 293 5426 nas
317 5376 370 5427 in
394 5389 551 5438 spem
581 5374 767 5425 vivam.
791 5372 998 5433 Altera,
1031 5374 1356 5427 resurrectio
1386 5385 1719 5426 mortuorum
1751 5374 1803 5427 in

209 5444 307 5500 line
335 5446 561 5504 smculi.
585 5444 653 5497 de.
675 5459 776 5511 qua
806 5444 948 5511 apud
981 5443 1285 5497 Matth-usum
1307 5488 1320 5509 ,
1352 5444 1403 5495 in
1426 5445 1807 5513 regeneratione

211 5533 317 5591 tum
338 5517 543 5591 sederit
569 5514 737 5568 Filius
759 5514 1013 5591 hominis;
1035 5514 1243 5581 Gra-ce;
1268 5517 1322 5591 iv
1345 5523 1406 5588 τῇ
1423 5517 1801 5591 παλιγγενεσὶᾳ.

210 5584 330 5643 llzec
360 5590 521 5643 enim
550 5589 912 5654 resurrectio,
948 5590 1096 5641 Velut
1123 5584 1670 5657 quaedam'generatio
1703 5584 1806 5641 erit

213 5660 517 5714 secundum
564 5672 793 5726 corpus,
837 5659 1289 5727 quemadmodum
1328 5660 1380 5711 in
1422 5657 1687 5725 baptismo
1722 5669 1805 5712 est

214 5731 451 5803 secunda
478 5729 724 5803 ghominis
755 5730 1310 5803 secundumanimam
1338 5734 1611 5799 generatio
1641 5729 1805 5801 (Mal-

217 5802 438 5873 donatus
469 5802 530 5853 in
556 5818 670 5868 cap.
697 5816 783 5856 nx
814 5800 1095 5873 Manlian).
1126 5800 1235 5856 Cur
1266 5804 1803 5873 autemiresurrectio

212 5870 352 5941 ipsa,
383 5875 512 5929 sive
539 5884 839 5931 extremum
866 5870 1132 5944 judicium
1163 5872 1503 5946 regeneratio
1530 5888 1803 5945 nuncupe-

1915 4748 2037 4799 cap.
2074 4747 2194 4792 va.
2233 4730 2337 4785 i7:
2374 4731 2509 4785 Ecce
2546 4748 2638 4801 ego
2668 4747 2783 4785 creo
2826 4736 2977 4786 custos
3009 4750 3181 4796 novos,
3218 4745 3263 4786 et
3315 4744 3507 4788 terram

1916 4819 2116 4855 novam.
2149 4806 2213 4855 Μ
2250 4819 2367 4867 cap.
2396 4818 2515 4856 LXVI
2545 4821 2557 4854 :
2589 4804 2739 4857 Sicut
2775 4805 2888 4857 ειείὶ
2928 4806 3080 4867 novi,
3110 4814 3155 4857 et
3180 4815 3314 4858 terra
3340 4823 3469 4859 nova
3492 4849 3507 4869 ,

1916 4890 2030 4935 ante
2076 4891 2167 4942 ego
2192 4874 2327 4944 facio
2347 4884 2482 4927 stare
2513 4890 2686 4927 coram
2710 4890 2813 4939 me,
2840 4874 2966 4927 dicit
2991 4876 3263 4939 Dominus,
3298 4879 3371 4929 sic
3398 4886 3507 4930 sta~

1848 4979 1849 4983 η
1892 4938 1986 4998 ibit
2014 4938 2431 4999 semen-vestrum
2455 4954 2504 4997 et
2532 4961 2714 4998 nomen
2747 4938 2986 5002 vestrum.
3020 4946 3089 5000 Et
3116 4947 3177 5001 D.
3210 4938 3405 5002 Paulus
3438 4948 3505 5002 ad

1917 5017 2189 5070 Romanos
2237 5031 2331 5070 vm
2358 5034 2369 5067 :
2401 5015 2528 5085 Ipsa
2577 5027 2810 5070 creatura
2859 5018 3154 5071 liberabitur
3193 5036 3224 5071 a
3264 5020 3506 5073 servitute

1916 5088 2259 5157 corruptionis
2283 5089 2335 5139 in
2366 5088 2645 5141 libertatem
2674 5090 2855 5159 gloria:
2881 5091 3109 5155 ﬁliorum
3135 5089 3252 5142 Dei.
3284 5094 3467 5144 Altera
3486 5133 3502 5155 ,

1917 5163 2043 5229 quia
2077 5172 2201 5212 tunc
2234 5162 2615 5213 mortalitatem
2649 5160 2795 5213 exuti
2819 5203 2833 5224 ,
2868 5160 3043 5214 induti
3066 5174 3195 5214 vero
3225 5163 3508 5215 immorta-

1912 5232 2145 5291 litatem,
2180 5231 2533 5299 regenerandi
2562 5231 2960 5299 quodammodo
3003 5231 3250 5286 homines
3279 5247 3466 5286 sumus
3487 5272 3505 5298 ,

1912 5314 1970 5356 ut
2002 5306 2061 5355 υ.
2092 5300 2289 5355 Paulus
2340 5302 2415 5355 ait
2446 5303 2484 5356 ll
2515 5303 2580 5355 ad
2611 5302 2919 5356 Corinthios
2943 5319 3012 5355 v:
3069 5302 3207 5356 Nam
3236 5313 3283 5355 et
3307 5304 3396 5373 qui
3417 5320 3509 5355 su-

1911 5390 2023 5427 mus
2052 5375 2103 5426 in
2126 5375 2221 5425 ltoc
2246 5373 2596 5439 tabernaculo,
2620 5374 2995 5442 ingemiscinms
3017 5375 3248 5446 gravati.
3279 5390 3339 5426 eo
3372 5375 3512 5446 quod

1911 5448 2146 5499 nolumus
2164 5446 2458 5513 exspoliari,
2478 5446 2565 5499 sed
2582 5446 2929 5514 supervestiri,
2945 5456 2996 5497 ut
3017 5444 3347 5497 absorbeatur
3374 5444 3509 5511 quod

1908 5519 2125 5571 mortale
2153 5526 2226 5570 est
2255 5534 2287 5568 α
2328 5517 2451 5569 vita.
2483 5517 2548 5569 Et
2578 5520 2642 5569 ad
2671 5516 2900 5583 Philipp.
2929 5532 3013 5580 ιιι,
3037 5517 3098 5570 21
3126 5534 3137 5568 :
3181 5514 3507 5584 Reformabit

1908 5604 2093 5661 corpus
2124 5589 2429 5661 humilitatis
2460 5598 2649 5661 nostra:
2702 5588 3074 5657 configuratum
3101 5586 3304 5655 corpori
3346 5584 3506 5661 clari-

1907 5657 2020 5714 tatis
2047 5676 2171 5713 suw.
2191 5662 2279 5714 Sic
2303 5659 2365 5712 D.
2391 5660 2723 5729 Augustinus
2743 5661 2833 5712 lib.
2864 5674 2921 5713 ιιι
2944 5669 3129 5712 contra
3153 5661 3285 5709 duas
3302 5657 3504 5723 epistoc

1906 5730 1985 5785 Ias
2008 5731 2416 5801 Pelagianorum
2440 5772 2453 5786 .
2476 5747 2596 5798 cap.
2625 5733 2676 5796 ’ὃς
2714 5732 2772 5784 D.
2801 5729 3090 5798 Gregorius
3123 5729 3215 5783 lib.
3237 5744 3289 5783 tv
3320 5730 3501 5783 Mora-

1904 5803 2057 5866 lium,
2086 5818 2203 5874 cap.
2234 5804 2324 5858 ‘26:
2352 5813 2404 5857 et
2428 5802 2490 5857 D.
2522 5801 2821 5874 Bernartius
2848 5802 2898 5855 in
2922 5801 3316 5874 declamatione
3341 5814 3499 5874 quam

1904 5876 1958 5933 in
2016 5876 2131 5934 htec
2155 5871 2338 5933 verba
2381 5875 2595 5945 scripsit
2629 5892 2641 5928 :
2675 5871 2808 5929 Ecce
2834 5888 2927 5929 nos
2967 5873 3275 5945 reliquimus
3305 5873 3498 5929 omnia.
