3970 6344
499 187 609 251 H9

1828 189 2111 253 JOANNIS
2148 189 2461 252 cassum
3302 148 3348 164 ”
3694 191 3778 252 ut

497 307 631 367 illud
663 304 863 366 factum
903 323 1051 381 esse,
1104 308 1356 370 bumante
1402 310 1590 370 tribuit
1633 310 1913 377 brevitati;
1959 310 2093 366 illud
2122 314 2177 378 Α
2270 311 2408 364 circa
2436 308 2573 378 ﬁlios
2596 306 2766 364 Israel
2782 306 2900 381 jam
2925 303 3048 361 inde
3071 319 3103 359 a
3134 301 3463 381 temporibus
3491 301 3680 381 Eleusis
3702 310 3782 364 de-

498 415 707 470 autem,
740 417 891 472 sum,
940 415 1147 465 natura
1190 422 1323 465 suae.
1373 408 1441 463 Et
1481 409 1596 463 haec
1630 406 1809 462 omnia
1840 406 2093 464 Christus

499 499 717 569 utique,
748 500 839 568 qui
872 514 969 569 per
997 509 1396 557 sacramentum
1428 498 1565 556 uniti
1603 499 1841 557 hominis
1879 516 1944 557 ac
1991 500 2093 557 Dei

489 597 541 651 in
582 593 678 650 illo
704 594 802 666 qui
836 608 1053 665 semper
1078 593 1253 649 fuerat
1272 593 1387 665 jam
1416 609 1476 651 sc
1506 592 1675 652 fuisse
1695 593 1934 652 dicebat.

1114 684 1343 742 CAPUT
1380 685 1475 743 IX.

497 780 627 837 Cum
677 780 885 840 Christo
942 781 1239 837 tribuantur
1280 781 1580 856 prodigiosa
1625 782 1722 839 illa
1766 782 1938 856 '0pera
1976 797 2093 853 qut:

2271 377 2477 454 signata
2500 390 2637 444 sunt,
2671 377 2945 454 conﬁcitur
2965 378 3350 454 quoqueillum
3375 377 3491 448 jam
3524 377 3645 432 olim
3677 391 3780 435 ante

2273 450 2444 507 ortum
2465 468 2617 508 suum
2642 451 2979 524 temporalem
3008 450 3294 504 mtitisse.

2272 602 2298 632 ⁸
2325 592 2479 664 Quod
2506 592 2786 665 apostolus
2826 605 3041 663 quoque
3080 606 3205 647 cum
3236 587 3549 646 dilueidare
3582 604 3647 647 ac
3684 607 3781 649 ms-

2199 687 2460 744 nit‘estare
2503 687 2753 742 omnibus
2793 694 3040 756 cuperet.
3083 684 3151 739 ita
3197 684 3426 740 locutus
3454 693 3577 740 est:
3609 683 3782 752 δρυο-

2197 782 2340 837 niam
2382 777 2535 837 Iesus
2584 777 2837 851 populum
2879 778 2944 834 de
2986 785 3123 833 terra
3160 775 3400 850 ngypti
3451 777 3673 845 salvam,
3711 794 3783 834 se-

1577 915 1838 973 ALARDI
1874 915 2103 972 GAZIEI
2138 911 2712 974 COMMENTARIUS.

500 1007 787 1081 Christum,
820 1008 957 1063 sicut
986 1006 1199 1079 quidam
1228 1024 1405 1081 eorum
1433 1016 1752 1081 ten-laverunt
1780 1006 1826 1081 (Ι
1851 1005 2087 1063 Corinth.

497 1081 599 1154 x_).
630 1077 771 1154 ANon
800 1081 938 1147 quod
954 1077 1071 1154 jam
1098 1089 1233 1154 esset
1258 1079 1432 1154 Iesus,
1458 1090 1559 1154 qut
1580 1077 1814 1154 Christus
1849 1087 2007 1154 natus
2028 1095 2093 1135 ex

497 1149 672 1206 Maria
687 1168 707 1215 ;
735 1156 830 1205 sed
854 1147 978 1221 quia
1006 1154 1058 1205 in
1102 1150 1199 1206 illo
1244 1153 1399 1207 unica
1448 1147 1592 1205 Filio
1643 1150 1737 1204 Dei
1780 1152 1891 1217 iam
1918 1152 2091 1205 unitas

495 1237 733 1294 persona:
759 1224 1234 1294 commendabatur,
1264 1239 1380 1292 quiq
1414 1224 1615 1278 occulta
1658 1231 1770 1277 erat
1821 1223 2086 1294 mysterio.

500 1293 651 1357 Quod
693 1304 741 1347 et
764 1293 890 1347 alibi
939 1298 1193 1349 evidenter
1222 1311 1240 1349 :
1275 1294 1377 1358 Qui
1402 1295 1548 1364 elegit
1586 1311 1701 1363 nos,
1752 1295 1941 1364 inquit,
1971 1304 2089 1347 ante

497 1352 680 1418 mundi
705 1366 1116 1421 constitutimiem
1143 1367 1197 1419 in
1222 1352 1332 1436 ips-0
1354 1352 1575 1436 (Ephes.
1606 1352 1832 1435 t);'quia'
1858 1352 2087 1436 profecto

497 1437 751 1507 quidquid
781 1437 916 1491 Deus
941 1438 1060 1509 fecit
1091 1434 1372 1509 abiinitio,‘
1393 1434 1633 1509 Christus
1660 1438 1779 1505 fecit
1820 1434 2094 1509 totum_per

498 1511 743 1561 unitate-ii
771 1506 1099 1563 sacramenti.
1128 1508 1192 1562 Et
1238 1507 1353 1580 ideo
1382 1511 1497 1580 jam
1515 1508 1681 1580 rJesus
1729 1519 1838 1580 erat
1877 1509 1935 1580 in
1952 1506 2093 1561 Filio

496 1580 585 1646 qui
606 1580 854 1648 pupulum
878 1579 1150 1642 educebat.
1173 1590 1220 1634 et
1238 1577 1476 1633 Christus
1504 1579 1558 1632 in
1574 1598 1633 1634 eo
1663 1579 1750 1647 qui
1775 1578 2090 1646 tentabatur,

498 1653 746 1720 quoniam
776 1668 974 1721 semper
1001 1668 1092 1721 per
1111 1652 1422 1705 sacramenti
1444 1652 1693 1705 unitatem
1709 1651 1764 1705 iu
1796 1648 1906 1704 Deo
1934 1651 2093 1720 fuisse

498 1737 600 1792 non
628 1722 914 1778 dubitatur.
946 1721 1150 1792 Alioqui
1177 1722 1280 1776 nisi
1307 1721 1381 1775 ita
1407 1722 1711 1788 credideris,
1738 1730 1830 1775 aut
1858 1722 2093 1776 Christus

494 1790 640 1846 Deus
664 1810 765 1847 non
788 1795 881 1848 erit
905 1790 1134 1861 omnino,
1154 1803 1242 1849 aut
1256 1801 1433 1847 contra
1446 1793 1748 1862 praphetam
1771 1792 1908 1847 Deus
1920 1808 2093 1848 recens

497 1878 606 1917 esse
646 1864 921 1919 videbitur.
966 1864 1071 1921 Sed
1113 1883 1175 1919 ne
1222 1865 1409 1920 talibus
1452 1866 1753 1933 quatiamur
1793 1863 2091 1931 calumniis,

497 1938 749 1989 scrutand
768 1955 794 1986 ρ
820 1945 940 1991 sunt
983 1937 1292 2005 Scriptura,
1323 1936 1380 1990 in
1410 1937 1591 2006 quibus
1617 1936 1790 1990 unitas
1814 1938 1868 1990 in
1893 1933 2096 1990 Christo

497 2008 888 2061 commendatur
912 2024 1160 2073 personas.
1178 2007 1421 2080 quoniam
1443 2024 1546 2061 non
1568 2007 1877 2080 prwjudicgt
1900 2016 2099 2080 tempus

496 2092 561 2130 ne
589 2095 719 2133 unus
749 2097 951 2150 semper
980 2077 1204 2134 dicatur;
1232 2078 1370 2150 Hinc
1389 2077 1591 2150 quoque
1607 2077 1781 2132 beatus
1804 2077 1991 2132 Petrus
2021 2078 2099 2150 lae

497 2163 657 2222 quens
690 2151 768 2222 de
815 2148 1089 2215 Patribus,
1132 2151 1206 2206 ait
1231 2166 1250 2206 :
1278 2148 1383 2203 Per
1402 2148 1640 2222 gratiam
1688 2150 1899 2222 Domini
1936 2149 2099 2222 nostri

497 2217 624 2293 Iesu
672 2220 865 2293 Christi
908 2224 1166 2276 credimus
1190 2217 1875 2293 salvari,'qitetttadmodunt
1922 2229 1969 2274 et
2015 2219 2097 2273 illi

503 2290 641 2360 (Act.
669 2294 781 2361 xv).
815 2291 1053 2362 Namque
1071 2294 1190 2348 illos
1218 2295 1361 2348 solus
1390 2290 1640 2347 Dominus
1662 2292 1900 2362 ducebat,
1924 2300 1970 2344 et
1994 2307 2101 2346 non

498 2370 608 2414 erat
635 2363 705 2417 eis
739 2363 876 2416 Deus
903 2361 1126 2418 alienus.
1160 2364 1309 2420 Unde
1335 2380 1425 2419 nec
1452 2363 1715 2418 nobiscum
1730 2361 1868 2417 Deus
1892 2378 2094 2430 recens,

498 2434 623 2503 quia
652 2451 784 2488 unus
814 2435 1053 2502 idemque
1090 2445 1182 2500 est,
1222 2438 1311 2505 qui
1352 2444 1399 2489 et
1438 2450 1618 2490 eorum
1667 2435 1849 2488 ductor
1890 2434 2018 2503 fuit,
2049 2443 2111 2488 ει

500 2516 675 2557 noster
697 2523 785 2573 per
810 2508 1102 2574 passionem
1139 2508 1313 2561 carnis
1350 2522 1459 2561 suat
1496 2507 1789 2573 redemptor
1820 2523 1838 2563 :
1869 2521 2002 2558 unus
2027 2505 2101 2559 si-

501 2576 706 2642 quidem
734 2594 826 2630 sua
849 2578 903 2630 in
925 2592 1105 2642 carne,
1139 2595 1272 2631 unus
1298 2578 1353 2632 in
1382 2587 1732 2641 sacramento,
1753 2592 1889 2630 unus
1917 2580 1971 2629 in
1991 2577 2101 2646 spi-

500 2646 606 2717 ritu
626 2662 646 2700 :
670 2664 762 2700 nec
791 2650 1017 2702 admittit
1042 2653 1199 2717 ratio,
1234 2657 1290 2701 ut
1320 2650 1458 2703 alius
1487 2646 1659 2701 Filius
1685 2646 2099 2717 hominis,alius

499 2714 679 2771 Filius
711 2717 804 2772 Dei
834 2719 1150 2791 intelligatur
1175 2714 1195 2775 ἐ
1222 2723 1309 2789 qui
1338 2737 1429 2774 nec
1460 2729 1685 2791 tempore
1723 2716 2094 2791 prwscribitur,

500 2802 597 2862 nec
622 2787 1182 2862 passioneseparatur;
1208 2787 1298 2845 sed
1327 2801 1477 2862 totus
1494 2789 1641 2862 Deus
1661 2790 1716 2862 in
1745 2787 2028 2862 Christum,
2050 2799 2100 2843 et

502 2855 740 2932 Christus
771 2862 822 2932 in
851 2855 1018 2916 Deum
1048 2864 1289 2928 transiit;
1316 2871 1372 2916 ut
1394 2860 1644 2932 quidquid
1672 2857 1772 2932 Dei
1803 2858 1973 2914 Filius
2001 2855 2093 2926 est,

500 2926 738 3003 Christus
766 2931 1004 2988 dicatur:
1039 2944 1086 2986 et
1112 2926 1362 3003 quidquid
1392 2926 1445 2987 in
1480 2926 1636 2986 carne
1662 2930 1894 3003 Christus
1922 2942 2101 3000 pertu-

502 2999 583 3072 lit,
614 3002 670 3054 id
700 3001 834 3057 Deus
866 2999 1136 3071 pertulisse
1163 2999 1297 3059 recte
1326 3004 1584 3058 credatur.
1615 3000 1825 3072 Alioqui
1851 3004 1897 3056 si
1922 2999 1991 3055 ad
2013 3019 2100 3056 ra-

504 3071 691 3125 tionem
718 3077 1073 3143 respiciamus,
1097 3085 1145 3129 ct
1169 3077 1238 3128 ad
1261 3092 1439 3130 sensus
1467 3071 1763 3143 humanos,
1776 3089 2100 3142 nequaquam

502 3143 576 3195 ita
599 3144 842 3199 hactenus
869 3141 1144 3214 potuerunt
1182 3147 1316 3200 inter
1350 3163 1404 3201 se
1430 3148 1695 3199 convenire
1727 3141 1904 3214 Deitas
1928 3156 1973 3197 et
2000 3143 2100 3197 hu-

502 3229 661 3267 mana
712 3218 939 3270 conditio
982 3232 1001 3270 :

502 3299 641 3338 unus
682 3303 744 3340 ex
778 3288 1022 3341 ambobus
1053 3285 1380 3342 Emmanuel.
1414 3288 1540 3341 llaec
1590 3285 1698 3351 ille,
1730 3295 1784 3340 et
1826 3286 1928 3339 alia
1974 3301 2097 3355 quae

505 3369 823 3425 sequuntur,
872 3359 1114 3412 Cassiani
1169 3359 1330 3414 dictis
1369 3375 1476 3413 non
1522 3370 1683 3411 sensu
1727 3363 1954 3421 tantum,
1998 3358 2096 3413 sed

505 3437 561 3481 et
586 3429 878 3501 verborum
907 3440 1166 3486 contextu
1198 3445 1261 3485 ac
1288 3431 1431 3501 5:on
1461 3428 1596 3482 adeo
1626 3431 2005 3501 consonantia,
2038 3438 2095 3483 ut

503 3498 597 3565 qui
632 3508 861 3562 utraque
908 3502 1049 3554 inter
1084 3517 1145 3556 se
1193 3498 1459 3565 conferat,
1492 3501 1740 3554 dubitare
1782 3500 2093 3567 neutiquam

506 3571 679 3637 pos»it
708 3571 936 3627 alterum
969 3575 1036 3625 ab
1058 3573 1232 3627 altero
1258 3583 1582 3626 mutuatum.
1606 3571 1875 3625 Caeterum
1907 3572 1974 3624 de
1996 3586 2095 3623 au-

505 3650 659 3695 ctore
693 3642 807 3708 illo,
850 3644 969 3711 quis
1008 3644 1188 3708 luerit,
1244 3658 1351 3698 non
1394 3659 1497 3698 una
1546 3642 1689 3696 inter
1729 3642 1917 3694 doetus
1947 3642 2097 3695 viros

506 3713 774 3767 sententia
829 3726 931 3771 est.
963 3714 1097 3770 Nam
1132 3716 1390 3771 Erasmus
1419 3725 1568 3769 certe
1597 3713 1880 3782 epistolam
1925 3713 2093 3776 illam,

508 3790 565 3835 ut
592 3786 1022 3852 supposititiam,
1056 3802 1179 3841 cum
1216 3786 1340 3840 aliis
1380 3785 1621 3855 ejusdem
1655 3784 1872 3853 generis
1900 3795 2095 3849 quarto

505 3861 658 3927 temo
698 3858 1059 3924 concluserat,
1108 3874 1266 3924 quam
1302 3857 1611 3927 Sopltrottitt
1643 3855 1823 3927 potius
1854 3855 2096 3927 tribuen-

505 3923 629 3979 dam
672 3928 1020 3984 existimavit.
1072 3923 1339 3983 Marianus
1381 3923 1565 3981 autem
1596 3925 1870 3981 Victorius
1913 3926 1964 3979 in
1995 3941 2097 3979 uo-

506 4011 637 4049 num
676 4006 889 4052 tomum
934 4016 1043 4053 suae
1083 4000 1335 4055 editionis
1380 3998 1625 4053 eamdem
1671 3998 1924 4065 eoujecit,
1958 4010 2099 4065 prte-

504 4067 667 4121 missa
712 4079 890 4125 tamen
941 4071 992 4126 in
1038 4071 1354 4139 praefatione
1393 4069 1640 4139 ejusdem
1682 4071 1779 4120 hac
1819 4081 1917 4139 sua
1962 4083 2095 4139 ceu-

502 4153 629 4212 s_ura
661 4156 676 4194 :
703 4139 977 4212 Sermode
1008 4137 1374 4212 Assumptione
1398 4144 1555 4195 beata:
1581 4137 1767 4193 Mariae
1792 4138 2097 4212 uirginisad

506 4206 739 4284 Paulum
776 4222 824 4265 et
866 4206 1210 4266 Eustochium
1234 4211 1403 4267 ϐιτεεὶ
1425 4213 1596 4284 patius
1618 4207 1977 4284 quamLutini
2003 4208 2098 4284 ho-_

504 4281 659 4354 minis
689 4284 1003 4354 esttquippe
1030 4301 1147 4337 cum
1172 4284 1350 4337 Latine
1374 4280 1599 4354 scribere
1624 4280 1932 4354 exercitatus
1951 4280 2097 4335 haud

504 4352 611 4414 sit,
669 4361 718 4406 et
766 4352 1001 4408 Graecum
1049 4356 1305 4408 hominem
1363 4353 1545 4407 Latine
1591 4354 1643 4406 in
1698 4369 1757 4407 eo
1808 4353 2095 4420 loquentem

504 4421 678 4497 uidere
716 4425 894 4497 liccat.
950 4425 1257 4497 δορὴνοηὶᾇῄ
1277 4434 1443 4478 autem
1487 4440 1617 4487 esse,
1674 4424 1739 4477 D.
1788 4421 2095 4497 Hieronymi

503 4493 678 4567 amici.
710 4496 851 4567 illius
871 4493 1065 4567 scilicet
1092 4495 1511 4567 quillieronymi
1542 4497 1835 4567 catalogum
1864 4495 1927 4548 de
1950 4493 2095 4548 scri-

504 4562 736 4635 ptoribus
755 4562 1127 4619 Ecclesiasticis
1154 4565 1386 4620 Crwcum
1404 4562 1649 4633 reddidit,
1674 4562 1766 4635 pro
1794 4569 2095 4634 compertis-

504 4633 635 4687 simo
660 4636 905 4687 creditur.
932 4636 1007 4690 Ita
1042 4637 1335 4700 Marianos,
1366 4653 1433 4691 ex
1457 4633 1682 4688 aliorum
1712 4637 1938 4689 fortasse
1963 4651 2087 4690 seu-

506 4706 679 4758 tentia
709 4707 878 4772 magis
909 4723 1067 4774 quam
1103 4723 1196 4760 sua
1232 4708 1345 4761 haec
1388 4707 1653 4762 scribens.
1686 4706 1884 4760 Verum
1909 4705 1977 4759 ab
2009 4707 2093 4761 his

506 4775 760 4830 dissentit
788 4778 939 4834 card.
980 4778 1241 4832 Batonius
1271 4792 1381 4832 tum
1414 4780 1467 4830 in
1506 4777 1805 4832 Annalibus
1832 4775 2018 4844 (Tomo
2047 4777 2089 4840 l,

504 4862 643 4917 anno
684 4845 872 4902 Christi
904 4847 1018 4916 48),
1081 4857 1191 4902 tum
1253 4850 1305 4902 in
1357 4848 1502 4903 notis
1543 4848 1609 4902 ad
1654 4849 2089 4917 Martyrologium

502 4914 668 4970 Rom.
718 4918 905 4973 Priure
948 4914 1063 4972 loco
1088 4921 1157 4973 dc
1195 4921 1581 4987 Assumptione
1616 4920 1673 4973 Β.
1711 4914 2088 4988 νιιῖείηἰέαίς-

502 4999 721 5055 putans,
758 4989 872 5042 Ita-c
913 4993 1052 5045 inter
1099 4990 1203 5044 alia
1235 4992 1425 5045 scribit
1453 5009 1465 5044 :
1499 4993 1648 5057 Quod
1678 5000 1844 5044 autem
1872 4991 2091 5058 pertinet

501 5058 573 5111 ad
595 5057 826 5113 libellum
855 5061 999 5113 illum
1027 5077 1118 5115 seu
1146 5061 1421 5119 epistolam
1449 5064 1517 5114 ad
1556 5060 1773 5113 Paulam
1819 5057 2091 5116 ct’Eusto-

501 5126 677 5182 Chium
706 5133 770 5185 de
800 5133 1158 5203 Assumptione
1187 5130 1251 5184 Β.
1302 5131 1506 5198 Mariw,
1543 5132 1845 5203 Hieronymi
1884 5135 2089 5187 nomine

501 5212 787 5275 pra-notata
808 5220 861 5265 η,
891 5219 999 5275 eam
1030 5219 1131 5256 non
1161 5213 1484 5275 tantumynou
1508 5221 1617 5257 esse
1641 5203 1965 5275 Hieronymi,
1996 5206 2085 5259 sed

500 5287 594 5345 nec
639 5272 943 5345 Sep/tronii,
985 5278 1130 5345 cujus
1174 5275 1309 5328 idem
1355 5273 1704 5345 Hieronymus
1755 5272 1980 5328 meminit
2007 5277 2086 5345 (ut

500 5295 594 5324 rm:
639 5295 943 5338 aopuronu,
985 5295 1044 5326 cu
1075 5295 1130 5328 us
1174 5295 1309 5328 iaem
1355 5295 1704 5345 uterouymus
1755 5295 1980 5328 meminit
2007 5295 2086 5345 tut

500 5341 665 5418 aliqui
690 5295 1093 5418 emisttiuuruuii,
1115 5347 1365 5414 iudicium
1395 5347 1622 5401 omnium
1649 5348 1966 5400 eruditorum
1991 5363 2089 5418 ap-

499 5412 659 5480 pello.
707 5414 887 5468 Videre
916 5426 987 5468 est
1031 5412 1167 5469 enim
1204 5429 1463 5471 auctorem
1503 5434 1560 5472 eo
1604 5419 1970 5470 commentario
2000 5412 2084 5470 to-

500 5491 609 5559 tum
630 5502 737 5539 esse
766 5488 817 5539 in
843 5487 1231 5559 insectandq_ac
1254 5489 1608 5559 impugnanda
1629 5490 1866 5558 dogmate
1888 5488 2082 5543 Nesto-

498 5554 565 5630 rii
593 5572 742 5630 quem
774 5559 921 5630 longe
947 5567 1060 5630 post
1108 5554 1418 5630 Hieronymi
1447 5572 1492 5613 et
1540 5554 1822 5630 Sep/ironii
1851 5567 2080 5624 tempora

498 5624 689 5679 uixisse
734 5624 879 5682 nullti
919 5624 994 5683 est
1038 5624 1332 5684 dubitatio:
1363 5631 1429 5686 Et
1460 5624 1789 5700 paulo'post,
1832 5631 2079 5685 eumdem

497 5705 778 5756 auctorem
828 5701 1092 5758 mendacii
1143 5700 1419 5777 redarguit
1474 5717 1541 5758 ex
1584 5716 1651 5758 eo
1700 5701 1846 5772 quod
1882 5702 2082 5759 nullam

2199 1015 2358 1062 aetate
2381 1006 2696 1079 Hieronymi
2716 1005 2785 1063 de
2802 1005 3173 1063 incarnatione
3184 1005 3405 1079 Christi
3423 1006 3670 1063 obortam
3688 1009 3780 1067 lia:-

2198 1080 2363 1151 resim
2392 1092 2515 1151 esse
2539 1087 2775 1133 constet.
2808 1079 2953 1151 Hinc
2991 1079 3185 1145 uideas,
3224 1078 3434 1148 inquit,
3473 1081 3782 1151 manifestam

2197 1147 2419 1205 hominis
2439 1150 2799 1222 imposturam,
2827 1150 2915 1222 qui
2935 1152 3004 1222 ad
3030 1147 3441 1222 promerendam
3472 1147 3649 1219 fidem,
3669 1152 3783 1207 Hie-

2196 1222 2420 1293 ronymi,
2449 1220 2638 1276 Paulle
2664 1230 2712 1276 et
2742 1220 3009 1276 Eustachii
3026 1220 3252 1293 nomina
3284 1234 3365 1275 est
3396 1238 3458 1277 eo
3485 1238 3637 1293 opere
3670 1241 3784 1280 nun-

2197 1292 2424 1365 dinatus.
2460 1293 2587 1365 Haec
2616 1293 2684 1349 ibi
2726 1292 3104 1365 BarouiusllS
3146 1292 3431 1365 Augusti).
3465 1292 3711 1365 Idemque
3737 1297 3782 1353 in

2197 1364 2340 1419 notis
2364 1366 2431 1419 ad
2461 1364 2900 1436 Martyrologium
2930 1382 2943 1418 :
2971 1364 3158 1419 Exstat
3186 1364 3367 1419 sermo
3386 1364 3554 1418 titulo
3586 1364 3646 1421 S.
3676 1365 3785 1421 llic-

2194 1437 2401 1507 runymi
2424 1437 2493 1488 ad
2522 1435 2746 1490 Paulum
2768 1445 2817 1491 et
2846 1435 3183 1490 Eustochium
3203 1436 3470 1504 scriptus,
3501 1452 3648 1507 quem
3667 1454 3784 1494 non-

2198 1506 2343 1579 nulli;
2368 1508 2729 1562 existimarunt
2776 1524 2885 1562 esse
2925 1508 3087 1579 illius
3114 1506 3435 1579 Sophronii,
3476 1509 3624 1577 cujus
3662 1510 3784 1565 idem

2197 1577 2259 1651 Sy.
2298 1577 2647 1650 Hieronymus
2679 1579 2908 1651 meminit
2945 1580 3000 1632 in
3030 1578 3163 1651 libro
3192 1577 3260 1632 de
3306 1577 3667 1651 Scriptoribus
3706 1580 3785 1636 Ec-

2197 1648 2449 1724 clesiast.,
2479 1648 2570 1724 sed
2600 1650 2825 1724 neutrius
2851 1661 2976 1724 puto
3000 1666 3019 1709 :
3049 1650 3173 1718 quin
3204 1659 3417 1704 constat
3436 1648 3781 1724 essealicujus

2198 1721 2423 1794 auctoris
2446 1723 2540 1794 qui
2568 1724 2693 1794 uixit
2720 1722 2857 1794 circa
2884 1721 2963 1775 rel
2982 1732 3098 1794 post
3119 1731 3365 1791 tempora
3394 1720 3604 1776 concilii
3629 1720 3783 1793 Ephe-

2196 1792 2297 1846 sini
2325 1791 2404 1845 uel
2432 1789 2896 1857 Chalcedonensis;
2942 1789 3159 1847 multum
3185 1789 3331 1847 enim
3360 1802 3599 1846 uersatur
3630 1789 3684 1847 in
3704 1794 3783 1849 de-

2124 1840 2173 1902 Β
2196 1840 2467 1937 sane;
2476 1840 2901 1932 ’Νὲὲἱῦἷέἷᾶιῆἱιὲ
2929 1840 3782 1937 satiari.;;:."a.;§;.;.;z.ii£fq:.

2201 1934 2587 2007 quidem_longe
2613 1943 2731 2004 post
2770 1944 3001 2003 tempora
3032 1934 3350 2007 Hieronymi
3378 1934 3544 2007 atque
3571 1935 3783 2004 Sophro-

2202 2003 2277 2059 nii
2303 2007 2359 2059 in
2387 2003 2674 2060 Ecclésiam
2697 2006 3021 2076 irruperunt.
3058 2003 3354 2076 [lucusque
3385 2003 3668 2062 Baronius.
3692 2007 3781 2062 Cu-

2197 2077 2287 2146 jus
2321 2076 2538 2147 quidem
2588 2077 2935 2133 ratiocinatio
2982 2076 3068 2132 illa
3118 2093 3185 2133 ex
3233 2087 3555 2147 temporum
3593 2079 3781 2134 ratione

2201 2147 2384 2212 dueta,
2418 2147 2606 2204 nescio
2628 2162 2694 2204 an
2722 2150 2854 2204 satis
2884 2148 3060 2203 valida
3090 2149 3158 2204 sit
3185 2158 3241 2205 et
3267 2151 3468 2204 eilicax
3496 2148 3563 2203 ad
3590 2151 3782 2218 suppri-

2205 2219 2452 2292 mendam
2486 2220 2631 2292 illam
2656 2220 3021 2291 pervulgatam
3053 2222 3375 2289 opinionem
3404 2220 3475 2274 de
3497 2220 3778 2292 Seplironio

2203 2290 2345 2344 illius
2377 2289 2544 2345 libelli
2577 2306 2673 2346 seu
2705 2289 2971 2348 sermonis
2993 2304 3249 2358 auctore;
3286 2307 3415 2348 cum
3448 2289 3693 2361 superius
3717 2307 3778 2349 ex

2202 2361 2463 2433 Cassiano
2487 2364 2916 2419 demonstratum
2957 2364 3024 2417 sit
3056 2362 3297 2418 Nestorii
3335 2363 3539 2433 dogma
3566 2378 3657 2417 seu
3688 2363 3779 2417 Ine-

2204 2432 2368 2487 resim
2407 2448 2513 2505 non
2542 2434 2611 2489 ab
2650 2435 2770 2505 ipso
2825 2434 3059 2504 primum
3106 2435 3393 2489 inventam
3418 2432 3487 2489 et
3529 2434 3779 2504 excogita-

2204 2502 2465 2577 tam,_sed
2494 2502 2839 2577 multo'ante'
2868 2521 2898 2559 a
2945 2505 3162 2577 Pelagio
3200 2504 3465 2577 aliisque,
3490 2502 3781 2577 antiquiori-

2202 2575 2305 2629 bus
2350 2574 2729 2647 bmresiarcbis
2772 2574 3092 2641 invcctamf
3125 2592 3294 2645 quam
3350 2575 3582 2647 proinde
3626 2574 3777 2632 etiam

2203 2655 2329 2699 ante
2372 2646 2679 2701 Nestorium
2719 2660 2912 2702 auctor
2955 2649 3065 2711 ille,
3113 2649 3227 2704 sive
3274 2646 3645 2717 Sophronias,
3679 2647 3778 2702 sive

2202 2718 2325 2787 quis
2366 2718 2525 2790 alios,
2556 2718 2758 2790 goblata
2789 2720 3121 2790 occasione,
3176 2722 3506 2790 impugnare
3545 2718 3777 2787 potuerit,

2202 2788 2662 2860 quemadmodum
2690 2789 2759 2862 de
2782 2789 3013 2855 Leporio
3054 2788 3357 2862 Pelagiani;
3386 2791 3454 2844 ad
3486 2790 3778 2862 lidemeon-

2203 2874 2364 2916 verso
2392 2875 2641 2931 supernis
2679 2860 2939 2916 diximus.
2973 2862 3153 2930 Quare
3192 2860 3321 2916 eum
3372 2862 3512 2917 nihil
3540 2861 3668 2916 certi
3693 2860 3779 2915 bac

2203 2931 2273 2986 de
2318 2946 2376 3003 re
2406 2932 2591 2987 haberi
2634 2936 2823 3003 pOssit,
2871 2948 2970 2987 nec
2999 2932 3267 2987 Baronius
3311 2934 3433 3003 ipse
3463 2934 3777 3003 exploratum

2201 3002 2332 3073 quid
2360 3002 2820 3070 ltabuerit,satius
2847 3014 2931 3058 est
2959 3019 3073 3059 rem
3103 3002 3372 3059 incertam
3407 3020 3472 3059 ae
3497 3005 3703 3059 dubiam
3730 3002 3777 3058 in

2203 3074 2381 3128 medio
2401 3076 2728 3143 relinquere,
2752 3090 2914 3144 quam
2937 3074 3134 3144 aliquid
3159 3075 3480 3131 inconsulto
3499 3077 3775 3129 afﬁrmare.

2276 3155 2301 3182 ιι
2324 3145 2617 3216 Apostolus
2646 3146 2853 3202 scilicet
2876 3146 3065 3212 ludas,
3100 3161 3205 3201 non
3231 3148 3332 3201 ille
3357 3148 3643 3202 lseariotes
3666 3159 3775 3215 pro-

1050 3227 1392 3295 qqurenerunt
1414 3216 1705 3295 _tanien__iu
1750 3212 1956 3295 Christo
1980 3257 1995 3281 ,
2051 3222 2099 3269 et
2127 3231 2174 3295 ρ
2204 3212 2389 3295 ditorL'
2412 3218 2503 3295 sed
2528 3217 2709 3295 _alter,
2751 3217 2842 3288 qui
2869 3228 2923 3271 et
2940 3217 3218 3295 Iliadmus
3256 3218 3486 3295 dicitur,
3518 3212 3776 3295 cujus'ex-

2202 3296 2306 3341 stat
2336 3287 2599 3359 Epistola,
2632 3287 2793 3358 quam
2844 3290 3038 3358 recipit
3069 3289 3312 3344 Ecclesia
3356 3300 3418 3343 ut
3458 3289 3774 3351 canonicam,

2200 3368 2254 3413 et
2303 3361 2501 3432 citatur
2534 3374 2585 3432 _a
2637 3359 2736 3432 εξ.
2800 3360 3187 3432 Ρειτὶιρυςμυι
3238 3361 3513 3417 canonica
3551 3359 3770 3432 (Dionys.

2200 3430 2495 3504 Areop._de
2524 3430 2639 3504 Diti.
2678 3430 2838 3504 Nam.
2868 3448 2916 3488 c.
2961 3431 3017 3495 4,
3049 3431 3367 3504 Ilieranym.
3398 3449 3515 3504 cap.
3549 3429 3574 3485 1
3602 3431 3664 3483 ad
3702 3429 3775 3483 Ti-

2201 3500 2350 3567 tium,
2381 3500 2542 3556 Coac.
2593 3500 2635 3555 T
2638 3503 2741 3555 rid.
2790 3519 2917 3559 sess.
2957 3504 3037 3571 4).
3086 3519 3151 3557 ex
3182 3500 3290 3573 qua
3327 3500 3669 3571 desu‘tnptum
3705 3508 3775 3554 est

2202 3575 2569 3628 testimunium
2613 3573 2755 3643 quod
2787 3575 3060 3645 ,scquitur.
3095 3576 3265 3629 Porro
3299 3592 3428 3629 cum
3468 3585 3654 3629 auctor
3698 3586 3773 3626 su-

2200 3646 2481 3712 pradictus
2510 3645 2635 3699 loco
2665 3646 2831 3699 citato
2864 3650 3165 3712 apostolum
3189 3645 3391 3701 ludam
3421 3647 3510 3700 hic
3539 3654 3772 3712 expresse

2202 3716 2463 3781 nominet,
2517 3728 2571 3770 et
2629 3718 2972 3785 postmodum
3024 3718 3169 3772 aliud
3218 3718 3376 3771 Pauli
3423 3714 3770 3785 testitttoniunt

2201 3786 2516 3853 subiiciens,
2573 3784 2829 3843 distincte
2870 3789 3033 3843 etiam
3073 3789 3262 3844 dicat:
3298 3788 3373 3842 Et
3410 3789 3537 3843 alibi
3567 3784 3768 3846 Paulus.

2200 3870 2429 3929 proque
2457 3859 2749 3929 Cassianus
2790 3861 2995 3929 alisque
3043 3863 3147 3915 ulta
3177 3860 3547 3915 distinctione
3585 3854 3768 3929 subdit.

2202 3927 2309 4000 Sed
2329 3938 2379 3982 et
2403 3925 2547 3993 alib'i,
2573 3931 2725 3999 quasi
2754 3931 2821 3985 de
2856 3925 3047 3984 eodem
3076 3932 3326 3997 apostolo
3359 3932 3624 4000 loquens;
3654 3926 3772 4000 satis

2201 3998 2481 4054 evidenter
2507 3997 2750 4069 apparet,
2787 4001 2931 4056 hunc
2974 4002 3215 4056 Cassiani
3247 3997 3455 4058 textum
3488 4015 3609 4059 esse
3635 3997 3770 4050 vitia-

2203 4079 2315 4124 tum
2347 4080 2405 4126 et
2440 4073 2708 4138 mutilum,
2741 4082 2904 4143 atque
2932 4086 2998 4127 ex
3031 4073 3124 4128 illo
3155 4086 3384 4130 auctore
3420 4069 3766 4144 supplendum

2201 4154 2293 4212 aut
2321 4144 2723 4212 exponendum.

2273 4209 2511 4267 bln'his
2551 4217 2729 4269 verbis
2757 4213 3049 4287 notandum
3097 4215 3276 4287 primo
3321 4214 3468 4286 quod
3510 4228 3605 4283 pro
3631 4209 3768 4287 Iesus

2200 4283 2390 4362 graece
2413 4293 2499 4362 est
2525 4287 2707 4362 ιύριᾳς
2726 4331 2739 4351 ,
2756 4286 2823 4362 _id
2847 4282 3254 4362 estLDouiiuus,
3284 4282 3433 4362 quod
3460 4282 3770 4362 ermytra_i_llos

2200 4354 2327 4409 facit
2355 4358 2443 4425 qui
2486 4353 2608 4409 ltavc'
2642 4358 2710 4411 de
2746 4356 2872 4412 Jesu
2928 4356 3093 4425 Nave,
3141 4363 3255 4414 sive
3296 4353 3465 4415 Josue
3499 4359 3603 4411 lilio
3639 4353 3765 4413 Νυη.

2202 4426 2362 4481 Musis
2413 4440 2752 4492 successore,
2800 4428 2943 4483 dieta
2990 4430 3435 4495 interpretantur.
3491 4425 3763 4484 Secundo:

2199 4496 2464 4571 Papulum
2488 4498 2552 4550 de
2582 4498 2814 4569 Afgypto
2854 4504 3073 4555 satrans.
3107 4501 3293 4557 Grmce
3327 4513 3415 4558 est
3445 4497 3765 4571 participium

2199 4569 2454 4637 praeteriti
2502 4577 2783 4639 temporis.
2823 4574 3023 4634 σώσας,
3074 4572 3126 4625 id
3168 4582 3272 4638 est.
3320 4569 3760 4639 cum'salvasset;

2201 4634 2288 4693 ubi
2321 4634 2885 4696 ntanileste'tribuitur
2914 4643 3131 4697 Christo
3173 4634 3403 4698 salvatio
3438 4655 3493 4699 et
3527 4634 3763 4694 liberalia

2196 4709 2378 4781 populi
2438 4711 2715 4786 Israelitici
2762 4728 2792 4765 a
2841 4715 3102 4768 servitute
3162 4713 3510 4786 Egyptiaea,
3549 4710 3761 4786 _ratione

2197 4795 2443 4905 personas
2490 4781 2690 4837 divina:
2729 4799 2849 4852 quae
2893 4799 2999 4839 una
3051 4787 3102 4839 in
3141 4781 3357 4840 cunno
3401 4795 3505 4849 est,
3548 4782 3687 4837 Deus
3711 4784 3761 4833 et

2216 4868 2379 4905 tomo.
2412 4852 2626 4905 Sne-etut
2654 4855 2922 4905 siquidem
2961 4856 3047 4905 hic
3073 4857 3226 4905 locus
3256 4857 3321 4905 ad
3349 4854 3477 4905 illud
3509 4854 3754 4905 Dentero-

2216 4868 2379 4907 tomo.
2412 4852 2626 4923 Spectat
2654 4855 2922 4923 siquidem
2961 4856 3047 4909 hic
3073 4857 3226 4910 locus
3256 4857 3321 4910 ad
3348 4854 3477 4912 illud
3509 4854 3754 4923 Demere-

2194 4924 2359 4997 nomii
2384 4938 2452 4978 xx
2477 4921 2639 4997 :_Ego
2672 4920 2783 4997 sum
2818 4925 3069 4980 Dominus
3102 4928 3236 4981 Deus
3263 4938 3404 4994 tuus,
3434 4927 3525 4997 qui
3552 4920 3760 4997 educite

2193 4996 2263 5067 de
2295 5005 2431 5047 terra
2467 4991 2717 5067 Λίρξιιρῖὶ,
2757 5005 2812 5050 ct
2840 4997 2968 5051 illud
3013 4991 3416 5052 Denteronmnii
3446 4991 3587 5051 'xxxn
3613 4991 3758 5067 :_Do.

2193 5066 2362 5119 minus
2397 5062 2682 5119 solus'dua:
2707 5069 2817 5137 ejus
2847 5068 2966 5138 fuit,
3012 5080 3059 5122 et
3096 5086 3197 5123 non
3237 5082 3347 5123 erat
3386 5084 3499 5123 cum
3541 5083 3597 5119 ea
3628 5062 3756 5116 Deus

2194 5138 2414 5191 alienus.
2448 5140 2578 5203 Quae
2617 5139 2734 5193 sine
2770 5142 3164 5199 controversia.
3202 5141 3267 5194 de
3295 5155 3423 5196 vero
3464 5150 3517 5193 et
3559 5144 3753 5203 summo

2194 5208 2328 5270 Deo,
2362 5200 2520 5277 quem
2548 5206 2719 5264 Judaei
2764 5212 3031 5277 colebant,
3064 5211 3337 5266 dicuntur.
3378 5212 3443 5265 Et
3472 5220 3644 5277 tamen
3669 5200 3754 5256 Ju-

2192 5280 2291 5334 das
2319 5275 2594 5354 apo~tolus
2615 5281 2688 5354 ait
2714 5298 2726 5333 :
2754 5281 2907 5335 Iesus
2924 5275 3171 5354 populum
3196 5284 3258 5335 de
3286 5280 3519 5354 Αῑςυριο
3540 5275 3748 5354 soleant.

2191 5345 2417 5405 secundo
2446 5366 2532 5404 eos
2562 5352 2647 5421 qui
2674 5368 2775 5406 non
2810 5345 3137 5407 credidcrunt
3169 5345 3419 5421 perdidit:
3437 5345 3584 5419 Ergo
3608 5345 3749 5401 Jesus

2191 5432 2275 5476 est
2306 5423 2394 5475 ilie
2429 5436 2591 5476 verus
2636 5432 2690 5477 et
2729 5440 2970 5477 summus
3002 5424 3165 5479 Deus.
3210 5422 3422 5479 Notavit
3455 5423 3557 5476 hoc
3600 5427 3747 5481 πκυ-

2191 5502 2433 5566 mentum
2462 5494 2623 5547 etiam
2660 5493 2925 5550 Venerab.
2955 5496 3097 5549 Beda
3129 5496 3179 5550 in
3220 5495 3362 5551 hunc
3400 5494 3597 5566 locum.
3629 5484 3747 5566 Ter-

2189 5564 2264 5618 tio
2291 5563 2683 5637 advertendum
2707 5568 2847 5634 quod
2873 5567 2999 5621 illud
3024 5566 3250 5621 secundo
3269 5565 3413 5637 quod
3442 5564 3670 5631 sequitur
3696 5563 3743 5637 tu

2189 5636 2454 5689 sententia
2481 5634 2655 5705 Judte,
2687 5633 2918 5692 sumitur
2954 5653 3074 5707 pro,
3103 5633 3319 5706 deinde,
3344 5646 3437 5693 aut
3466 5641 3662 5707 postea.
3699 5633 3748 5707 tl}

2190 5707 2414 5785 exponit
2450 5698 2664 5765 Glossa'.
2706 5708 2932 5777 Quarto,
2955 5698 3159 5781 'eos'qui
3199 5698 3662 5768 non'crediderunt,
3697 5698 3741 5755 id
