3970 6344
200 306 278 367 nt
1164 294 1256 354 LE
1306 262 1817 354 INCARNA'I‘IONE
1865 296 2137 355 ClthTl
2178 299 2312 360 LIB.
2353 300 2422 360 v.

3321 309 3426 368 122

200 420 335 481 eundo
363 432 439 473 eos
466 413 554 487 qui
594 429 698 470 non
728 411 1055 470 crediderunt
1086 414 1332 484 perdidit.
1371 414 1478 471 Sed
1502 422 1559 470 et
1584 414 1732 483 alibi,
1760 416 1814 478 Α
1838 430 2099 486 aquarum
2129 417 2243 472 vias
2285 415 2445 474 siccis
2486 416 2712 489 pedibus
2752 417 3064 490 abductum,
3107 434 3172 479 ac
3206 435 3303 493 per
3331 438 3428 479 va-

199 516 395 585 tyeque
420 517 683 575 tentemus,
731 508 923 580 inquit,
964 509 1228 565 Christum
1263 511 1395 564 sicut
1440 511 1649 581 quidam
1675 511 1738 565 il-

196 613 331 665 lorum
359 608 687 669 laniaverant,
720 610 769 655 et
817 619 848 655 a
896 602 1217 673 serpentibus
1248 604 1505 674 perierunt
1536 604 1581 677 (1
1612 604 1730 660 Cor.

195 701 257 769 ι).
286 695 502 753 Eximius
552 709 766 764 quoque
807 695 1178 764 apostolorum
1210 695 1403 751 Petrus
1436 713 1448 748 :
1484 694 1554 750 Et
1598 712 1735 751 nunc

193 794 293 863 quid
312 788 498 845 tentatis
531 786 693 841 Deum
726 788 986 859 imponere
1015 790 1192 861 iugum
1223 806 1375 861 super
1402 790 1618 845 cervices
1646 789 1730 844 di-

194 884 483 956 scipulat‘um,
511 880 649 951 quod
689 895 849 951 neque
876 890 1045 952 patres
1072 882 1257 945 nostri,
1293 897 1453 953 neque
1493 898 1585 936 nos
1617 898 1737 953 por-

192 993 280 1035 tare
305 976 585 1047 potuimus?
620 974 726 1030 Sed
761 992 850 1044 per
892 977 1115 1048 gratiam
1156 976 1371 1050 Domini
1412 980 1571 1035 nostri
1607 977 1734 1035 Jesu

193 1072 355 1126 Christi
394 1068 645 1123 credimus
688 1070 881 1123 salvari
904 1070 1338 1141 quemadmodum
1368 1078 1415 1126 et
1446 1071 1546 1125 illi.
1573 1071 1735 1129 Libe-

190 1174 333 1220 ratum
374 1160 436 1215 ab
476 1159 713 1231 Egypto
761 1159 856 1216 Dei
898 1162 1189 1232 populum,
1238 1170 1293 1218 et
1344 1178 1440 1234 per
1488 1163 1731 1235 ingentes

1839 518 1949 565 stas
1974 512 2152 580 ,eremi
2178 512 2502 568 solitudines
2530 523 2932 584 conservatum,
2961 532 3070 574 non
3109 516 3213 573 nisi
3251 532 3283 571 a
3309 518 3427 574 solo

1839 600 2046 672 absque
2074 601 2236 657 dubio
2261 604 2369 659 Deo
2405 608 2673 673 novimus,
2703 607 3001 663 secundum
3028 608 3160 663 illud
3187 625 3202 663 :
3238 607 3426 663 Domi-

1840 710 1935 748 nus
1960 694 2100 749 solus
2137 693 2355 750 ducebat
2381 712 2489 764 eos,
2518 705 2567 751 et
2598 714 2701 752 non
2729 708 2841 752 erat
2862 716 2978 755 cum
3017 701 3089 755 eis
3116 700 3256 756 Deus
3293 702 3425 757 alic-

1840 804 1938 842 nus
1959 785 2141 857 (Deut.
2182 787 2378 859 χχχιι).
2412 788 2479 843 Et
2508 791 2781 858 quomodo
2811 793 3093 863 apostolus
3120 800 3200 847 tot
3228 801 3285 848 et
3318 803 3423 849 tam

1842 878 2181 935 evidentibus
2236 879 2601 948 testimoniis,
2651 892 2704 939 et
2749 899 2780 939 a
2831 886 2960 941 Jesu
3014 885 3303 942 liberatum
3356 886 3428 942 ab

1844 972 2080 1045 Egypto
2102 974 2357 1046 populum
2395 974 2730 1041 Judaaorum,
2774 985 2829 1032 et
2856 976 3131 1034 Christum
3162 994 3192 1033 a
3222 978 3429 1034 iudicis

1843 1075 1969 1123 tunc
2000 1068 2054 1123 in
2102 1067 2319 1124 deserto
2360 1076 2623 1125 tentatum
2663 1069 2940 1138 praedicat,
2989 1071 3197 1138 dicens,
3246 1069 3429 1142 Neque

1841 1171 2088 1217 tentemus
2113 1160 2396 1232 Christum,
2435 1163 2566 1217 sicut
2593 1161 2805 1233 quidam
2831 1163 3041 1219 illorum
3076 1173 3424 1242 tentaveruut,

1217 1295 1475 1350 ALARDI
1515 1295 1745 1352 GAZ/EI
1782 1295 2348 1355 COMMENTARIUS.

190 1423 269 1481 est,
296 1411 374 1481 qui
404 1424 506 1463 non
538 1419 949 1476 perseverarunt
978 1408 1030 1463 in
1060 1409 1164 1465 (ide
1195 1417 1250 1464 et
1275 1410 1423 1465 cultu
1454 1410 1569 1464 veri
1604 1411 1722 1475 Dei,

191 1480 265 1540 sed
286 1480 618 1536 adhaeserunt
638 1483 816 1537 Chore
843 1491 898 1535 et
924 1480 1069 1537 aliis.
1101 1482 1322 1547 Quinto,
1353 1482 1598 1550 perdidit,
1629 1498 1728 1551 per

188 1562 425 1625 serpentes
449 1552 670 1625 ignitos,
701 1553 1061 1625 Numenium,
1101 1560 1157 1606 et
1191 1553 1308 1607 aliis
1337 1554 1532 1617 modis,
1567 1554 1642 1608 ait
1667 1554 1723 1608 S.

190 1622 383 1682 Thomas
413 1642 424 1677 :
450 1622 633 1677 Multis
664 1625 797 1677 enim
824 1624 986 1697 modis
1019 1624 1279 1689 perierunt
1305 1640 1321 1677 :
1352 1625 1560 1697 quidam
1589 1626 1726 1697 igne,

192 1698 369 1751 Numer.
402 1711 450 1750 xl
477 1707 527 1750 et
559 1711 680 1760 xvt;
709 1696 922 1766 quidam
953 1696 1280 1749 devoratione
1303 1706 1474 1761 terrm,
1506 1694 1728 1749 Numer.

190 1784 285 1830 m;
311 1765 511 1836 quidam
540 1779 703 1821 morte
723 1765 1018 1837 communi,
1058 1766 1251 1837 scilicet
1282 1783 1455 1837 omnes
1483 1784 1513 1819 a
1554 1768 1733 1837 viginti

190 1840 324 1901 annis,
352 1847 397 1890 et
435 1854 622 1905 supra,
668 1838 891 1906 exceptis
915 1836 1077 1892 Iosue
1108 1847 1153 1892 et
1194 1836 1370 1903 Caleb,
1407 1836 1572 1891 Num.
1610 1836 1729 1893 *m.

190 1910 376 1965 Salcarit
426 1925 553 1979 ergo
600 1909 1052 1981 populumsuum
1099 1910 1264 1981 primo
1306 1925 1395 1975 per
1444 1910 1733 1962 misericor-

192 1983 332 2034 diam:
354 1981 436 2033 sed
463 1979 665 2050 punioit
692 1979 917 2035 secundo
960 1996 1048 2048 per
1090 1980 1375 2047 justitiam,
1408 1980 1529 2049 quia
1561 1997 1733 2047 prom-

192 2052 292 2121 ptior
327 2060 392 2105 est
422 2050 682 2106 Dominus
720 2052 788 2104 ad
834 2052 1183 2105 miserendum
1231 2066 1387 2122 quam
1416 2051 1484 2105 ad
1516 2053 1735 2121 punien-

192 2124 297 2175 dum.
326 2122 392 2177 Ita
414 2123 470 2177 S.
503 2123 766 2177 Thomas.

244 2193 499 2265 fTentant
547 2194 819 2249 Christum
848 2194 939 2263 qtti
961 2193 1028 2249 de
1055 2192 1171 2262 ejus
1210 2194 1473 2265 potentia,
1498 2193 1581 2249 vel
1612 2209 1734 2264 pro-

199 2263 397 2331 titleutia,
446 2266 539 2319 Vel
585 2266 959 2320 misericordia
999 2263 1271 2334 diffidunt,
1315 2267 1456 2321 sicut
1479 2263 1647 2321 Judaéi
1681 2268 1730 2321 in

203 2336 361 2408 deserto
395 2336 647 2392 dicentes
674 2356 685 2389 :
710 2334 815 2390 Cur
843 2337 1063 2408 eduxisti
1119 2353 1211 2390 nos
1239 2337 1304 2391 de
1330 2337 1585 2408 Egypto,
1624 2348 1729 2391 etc.

202 2405 391 2477 (.i'umer.
419 2409 583 2479 XII)?
614 2409 678 2463 Et
707 2424 895 2463 rursus
923 2426 934 2461 :
968 2407 1236 2480 Numquid
1259 2405 1612 2480 poterit'Deus
1642 2427 1733 2479 pa-

197 2494 279 2531 rare
315 2478 537 2534 mensam
588 2482 642 2534 in
691 2481 888 2534 deserto
928 2478 1104 2542 (Psal.
1154 2478 1417 2549 Lxx'vttt)?
1458 2478 1733 2535 Christum

197 2549 328 2623 Deum,
364 2566 556 2623 eorum
584 2552 778 2607 ducem
821 2553 876 2605 in
908 2552 1092 2623 Moyse
1120 2550 1419 2623 tentabant.
1452 2550 1565 2623 Qui
1589 2551 1731 2623 enim

195 2620 375 2691 experiri
400 2623 668 2678 virtutem
718 2630 809 2677 aut
836 2620 1131 2677 bonitatem
1177 2621 1404 2690 alicujus
1448 2622 1616 2690 cupit,
1666 2622 1733 2677 de

193 2691 260 2745 illo
280 2708 328 2747 se
354 2693 609 2750 difﬁdere
639 2694 896 2758 ostendit,
930 2708 1160 2763 eumque
1190 2702 1399 2748 tentare
1430 2695 1623 2747 merito
1654 2693 1731 2748 di4

191 2763 311 2818 citur.
344 2764 407 2819 Et
432 2764 567 2819 ideo
592 2783 625 2819 a
655 2766 974 2837 serpentibus
1016 2766 1292 2836 perierunt,
1323 2763 1497 2818 donec
1526 2764 1735 2820 scilicet

192 2844 359 2908 erectus
384 2846 466 2891 est
490 2852 727 2908 serpens
753 2852 957 2905 aeneus,
991 2838 1057 2890 ad
1086 2837 1239 2905 cujus
1269 2843 1547 2908 aspectum
1570 2850 1731 2908 sana-

190 2906 361 2977 bantur.
394 2910 569 2963 Porro
597 2906 662 2962 ex
684 2910 784 2964 hoc
810 2909 930 2962 loco
956 2923 1079 2961 cum
1111 2908 1288 2961 verbis
1316 2907 1514 2977 Moysis
1536 2907 1733 2960 collato

190 2976 327 3047 simile
353 2978 620 3034 formatur
663 2988 1041 3047 argumentum
1091 2993 1211 3033 cum
1244 2993 1311 3032 eo
1360 2976 1502 3045 quod
1543 2992 1731 3046 supra,

188 3046 235 3099 ad
260 3050 578 3115 probandam
612 3046 813 3106 Christi
846 3050 1129 3104 Deitatem.
1165 3047 1439 3119 Siquidem
1472 3050 1736 3119 Numero-

188 3132 274 3191 tum
300 3136 385 3176 XXI
411 3122 616 3176 dicitur
646 3141 659 3177 :
690 3121 1010 3191 Locutusque
1041 3118 1262 3190 papulas
1290 3130 1467 3174 contra
1493 3118 1655 3173 Deum
1686 3130 1734 3173 et

190 3186 361 3258 .lloysen
385 3194 455 3246 ait
486 3210 505 3247 :
528 3193 643 3247 Cur
668 3193 889 3246 eduxisti
916 3186 1006 3247 nos
1038 3186 1380 3263 tle/Egypto,
1410 3200 1465 3263 ut
1510 3207 1731 3244 morere-

1835 1410 1931 1487 Est
1976 1420 2154 1487 autem
2206 1411 2293 1487 hic
2334 1413 2386 1468 in
2418 1413 2605 1487 primis
2642 1414 2912 1487 cavendus
2965 1427 3120 1470 error
3148 1414 3419 1487 Origenis,

1832 1484 1937 1556 qui
1968 1486 2147 1553 posuit
2185 1486 2391 1540 animas
2442 1485 2704 1542 humanas
2754 1486 2915 1556 longo
2965 1488 3224 1556 temporis
3255 1484 3423 1542 inter-

1834 1554 2000 1619 vallo,
2035 1565 2322 1626 antequam
2352 1558 2673 1627 corporibus
2697 1554 3003 1623 unirehtur,
3033 1554 3091 1611 in
3112 1559 3252 1613 caelo
3278 1572 3424 1614 crea-

1840 1635 1921 1680 tas
1954 1627 2174 1698 luisse;
2239 1626 2381 1682 ttnde
2443 1626 2784 1698 consequens
2840 1638 2983 1684 esset
3031 1628 3426 1684 sanctissimam

1839 1697 2035 1751 Christi
2077 1699 2310 1753 animam
2347 1700 2496 1769 prius
2523 1697 2726 1755 unitam
2758 1700 2922 1756 fuisse
2952 1699 3224 1755 Divinitati
3266 1716 3428 1769 quam

1839 1769 2076 1837 corpori,
2121 1778 2178 1824 et
2208 1779 2334 1825 tunc
2364 1780 2610 1826 vocatum
2653 1786 2774 1826 esse
2801 1771 3108 1839 Christum;
3141 1786 3302 1840 quem
3345 1788 3431 1827 er-

1840 1855 2017 1893 rorem
2052 1840 2252 1895 refutat
2276 1842 2514 1898 Joannes
2546 1842 2914 1898 Datnascenus
2944 1843 3027 1897 bis
3054 1842 3235 1896 verbis
3261 1860 3275 1897 :
3303 1841 3427 1897 Non

1838 1919 1893 1965 ut
1921 1912 2129 1981 quidam
2152 1914 2287 1981 falso
2326 1922 2584 1980 astruunt,
2619 1923 2741 1968 ante
2771 1912 3188 1968 Incarnationem
3220 1930 3281 1967 ea:
3308 1912 3429 1967 Vir-

1838 1982 1975 2051 gine,
2009 1984 2183 2036 anima
2220 1985 2365 2038 unita
2406 1994 2479 2039 est
2520 1984 2627 2038 Deo
2670 1984 2851 2043 Verbo.
2881 1994 2925 2038 et
2954 2001 3018 2039 ex
3066 1996 3190 2040 tunc
3221 1996 3428 2041 vocatus

1835 2062 1910 2127 est
1951 2052 2203 2108 Christus.
2237 2054 2363 2109 Ηιεε
2404 2058 2539 2110 enim
2581 2064 2656 2109 est
2699 2072 2763 2110 ea:
2812 2055 3048 2127 Origenis
3080 2056 3429 2110 deliramentis

1836 2124 2059 2179 absurda
2101 2128 2475 2198 pronuntiatio,
2520 2124 2951 2198 praeminentium
2998 2129 3294 2198 animarum
3333 2128 3429 2181 doc

1836 2198 2188 2266 gntatizantis.
2243 2197 2356 2252 Nos
2396 2207 2565 2252 autem
2605 2197 2828 2262 Filium,
2867 2208 2914 2253 et
2951 2198 3172 2253 Verbum
3218 2197 3336 2260 Dei,
3380 2208 3429 2252 et

1836 2268 2086 2339 genitum,
2124 2278 2175 2323 et
2214 2278 2451 2323 vocatum
2482 2270 2725 2336 dicimus,
2755 2286 2819 2323 ea:
2847 2286 2946 2339 quo
2991 2270 3044 2322 in
3085 2279 3276 2322 sanctte
3309 2269 3429 2322 Vir—

1836 2340 1968 2409 ginis
2024 2348 2169 2393 utero
2227 2349 2500 2411 conceptus
2550 2350 2645 2406 est,
2686 2351 2734 2394 et
2777 2358 2897 2394 caro
2941 2340 3423 2393 incommutabiliter

1838 2412 2002 2479 factus
2030 2421 2126 2475 est,
2175 2421 2219 2465 et
2268 2413 2414 2465 unita
2458 2420 2532 2465 cst
2570 2428 2688 2466 caro
2736 2413 2995 2465 divinitati
3017 2428 3036 2473 ;
3069 2412 3245 2464 unctio
3294 2413 3428 2464 enim

1834 2480 1949 2554 ipsa
1979 2480 2049 2534 ad
2090 2482 2457 2537 humanitatem
2491 2485 2696 2548 attinet,
2737 2492 2793 2537 ut
2832 2484 3100 2554 theologus
3130 2480 3430 2554 aitACregoc

1836 2552 1996 2624 rius,_
1992 2563 2037 2604 et
2061 2554 2368 2608 sacerrimus
2394 2555 2863 2608 Alexandrinorum
2893 2551 3166 2624 episcopus
3196 2551 3429 2623 Cyrillus

1841 2623 1911 2695 ad
1954 2621 2304 2678 Theodosium
2335 2624 2580 2679 scribens.
2617 2624 2747 2679 Haec
2781 2621 2948 2679 autem
2979 2621 3104 2677 dicit
3138 2621 3429 2695 :Uportere

1838 2692 1954 2746 dico
1979 2711 2139 2765 neque
2173 2695 2416 2767 Verbum,
2446 2698 2585 2767 quod
2627 2714 2689 2751 ex
2722 2696 2832 2751 Deo
2856 2696 3046 2766 absque
3082 2692 3424 2762 humanitate,

1837 2781 1997 2833 neque
2042 2783 2107 2820 ea:
2145 2766 2358 2837 muliere
2388 2766 2565 2820 natum
2613 2768 2889 2831 hominem,
2933 2778 2980 2820 et
3027 2767 3270 2837 templum
3324 2782 3426 2819 non

1839 2840 2037 2890 unitum
2073 2837 2236 2893 Verbo
2261 2836 2440 2892 Iesum
2464 2838 2722 2893 Christum
2748 2840 3035 2893 nominare.
3068 2836 3211 2891 Nam
3237 2836 3426 2889 huma-

1839 2908 1982 2961 nitati
2034 2909 2314 2963 secundum
2364 2908 2758 2977 dispensativant
2808 2910 3050 2964 unionem
3094 2908 3424 2976 ine/fabiliter

1839 2982 2189 3049 cpnjunctum,
2241 2981 2379 3047 quod
2425 2998 2489 3034 ex
2536 2981 2641 3034 Deo
2696 2988 2792 3045 est,
2848 2980 3070 3033 Verbum
3112 2979 3427 3049 intelligitur

1839 3046 2093 3104 Christus.
2138 3051 2204 3104 Et
2249 3051 2382 3105 inl'ra
2436 3067 2501 3105 ex
2530 3052 2825 3107 Athanasio
2861 3050 3249 3106 :Prazexistens
3286 3046 3427 3103 Deus

1838 3130 1958 3174 ante
1994 3122 2264 3175 adventum
2293 3122 2347 3175 in
2378 3138 2603 3186 carnem,
2656 3140 2758 3176 non
2807 3132 2915 3176 erat
2946 3123 3119 3184 homo,
3164 3123 3253 3173 sed
3286 3119 3427 3174 Deus

1838 3202 1947 3245 erat
1971 3194 2111 3263 apud
2144 3193 2308 3245 Deum
2346 3192 2557 3247 Patrem
2578 3194 2847 3247 invisibilis
2875 3204 2923 3247 et
2955 3191 3426 3263 impassibilisemi-

188 3276 272 3313 mur
294 3264 338 3346 in
364 3263 690 3319 solitudine?
718 3276 822 3318 etc.
860 3260 1649 3346 Quamobrem'misitDominus
1680 3263 1731 3343 in
1762 3280 1807 3344 C
1837 3260 2247 3346 stetis.'Quando
2270 3280 2386 3317 vero
2413 3268 2583 3335 factus
2610 3273 2695 3346 ἐπι
2735 3266 2908 3327 homo,
2955 3260 3155 3344 Nomen
3185 3260 3424 3316 Christus

186 3333 387 3408 populum
408 3338 609 3408 ignitos
634 3344 1042 3408 serpentes,_ctc.
1074 3334 1175 3408 Ubi
1206 3334 1391 3403 procul
1418 3334 1582 3408 dubio
1617 3335 1733 3402 agi-

190 3410 250 3474 tur
268 3404 325 3457 de
346 3404 496 3460 unico
529 3415 594 3461 et
616 3404 748 3460 vero
784 3408 890 3459 Deo
924 3406 1106 3459 Israel.
1135 3406 1199 3459 Et
1231 3414 1406 3459 tamen
1440 3405 1733 3474 Apostolus

186 3472 600 3546 aitillmn.ipsum
644 3478 813 3532 Deum
846 3492 966 3532 esse
993 3476 1267 3531 Christum
1300 3492 1313 3530 :
1350 3472 1532 3544 Neque
1571 3484 1733 3529 tente-

185 3561 285 3611 mus,
312 3549 496 3618 inquit,
545 3550 835 3611 Christum,
878 3552 1009 3601 sicut
1052 3548 1261 3616 quidam
1302 3563 1477 3600 eorum
1501 3557 1733 3618 tentave-

184 3627 289 3679 runt,
315 3630 356 3673 et
378 3616 407 3672 ὰ
435 3621 764 3687 serpentibus
813 3621 1071 3687 perierunt
1099 3620 1144 3687 (ι
1176 3618 1410 3673 Corinth.
1461 3616 1539 3686 χ).
1570 3618 1733 3687 Igitur

182 3699 353 3752 oportet
376 3692 659 3746 Christum
706 3706 827 3745 esse
855 3706 1039 3745 verum
1082 3692 1269 3754 Deum,
1324 3700 1376 3743 ct
1418 3705 1583 3743 unum
1615 3706 1734 3743 ont-

182 3759 280 3831 nino
321 3762 479 3817 Deum
524 3780 655 3817 cum
700 3763 881 3817 Patre.
932 3763 1028 3816 Est
1079 3772 1341 3831 prmtet'ea
1395 3761 1731 3815 animadver-

181 3829 358 3887 tendum
386 3836 436 3888 in
462 3835 682 3888 duobus
706 3834 841 3886 locis
875 3832 1036 3887 modo
1072 3829 1353 3899 explicatis
1373 3832 1540 3900 (quod
1566 3834 1728 3886 etiam

180 3900 367 3957 advertit
390 3914 591 3959 auctor
623 3905 715 3959 ille
757 3904 825 3957 de
862 3905 1243 3966 Assumptione
1277 3905 1336 3957 Β.
1370 3902 1595 3971 Mariae),
1628 3904 1733 3957 Do-

180 3972 341 4027 minum
368 3992 429 4031 ac
459 3978 812 4032 Salvatorcnt
862 3986 1128 4038 nostrum,
1159 3986 1213 4029 et
1241 3976 1452 4039 Jesum,
1482 3985 1537 4027 et
1573 3973 1732 4027 Chri-

180 4050 287 4098 stum
315 4046 471 4102 fuisse
511 4048 848 4117 appellatum
880 4054 1004 4117 ante
1042 4046 1369 4117 itteﬂ‘abilctn
1418 4062 1537 4098 cum
1565 4060 1731 4117 carne

180 4117 410 4185 unionem.
440 4120 557 4173 lllic
585 4115 729 4171 enim
762 4115 855 4185 (1η
897 4116 1065 4185 Epist.
1103 4116 1280 4185 ludar)
1318 4117 1533 4179 dicitur,
1567 4115 1726 4181 .lcsn,

180 4182 283 4257 duce
308 4188 484 4257 Moyse
515 4182 776 4243 salvasse'
800 4182 1055 4255 populum
1086 4189 1154 4243 de
1189 4182 1455 4257 1Egypto;
1486 4188 1571 4242 hic
1602 4203 1730 4241 vero

180 4205 283 4239 uuce
308 4205 385 4241 διο
407 4206 484 4245 'se
515 4205 765 4243 salvasse
800 4205 1055 4255 populum
1086 4205 1154 4243 ue
1189 4205 1455 4257 mgypto;
1486 4205 1571 4242 mc
1602 4205 1729 4241 vero

178 4205 439 4315 “Corinth.
476 4265 533 4327 ι)
566 4263 711 4314 tilias
758 4260 919 4313 Israel
953 4269 1189 4314 tentasse
1234 4260 1509 4314 Christum
1552 4260 1603 4311 in
1634 4259 1729 4313 dc-

179 4338 337 4400 _Sel'to:
382 4349 619 4397 quorum
674 4340 960 4399 utrumque
1010 4332 1172 4400 longo
1220 4341 1346 4384 ante
1394 4331 1727 4384 Dominicam

178 4393 569 4458 locaruationctn
621 4393 888 4468 tempore
912 4393 1131 4455 factum'
1153 4416 1274 4457 esse
1312 4412 1544 4455 constat.
1578 4402 1728 4455 Insu-

179 4484 249 4544 ρςξς
284 4472 692 4544 Ερριεδίδδιίους
734 4472 886 4544 (Cap.
920 4472 1085 4543 xum)
1135 4472 1263 4526 dicit
1296 4474 1347 4525 in
1381 4474 1593 4526 laudent
1628 4473 1731 4524 Da-

178 4538 253 4615 vid
278 4551 409 4610 regis
439 4565 452 4599 :
493 4538 751 4600 Christus
769 4538 1003 4615 purgavit
1046 4538 1255 4612 peccata
1290 4545 1474 4613 ipsius,
1518 4555 1563 4596 et
1592 4544 1726 4596 exal-

178 4613 269 4663 tari:
294 4615 341 4667 in
386 4628 640 4671 (Pternum
681 4613 843 4668 cornu
886 4616 999 4683 ejus
1023 4616 1125 4685 (sic
1158 4616 1302 4669 enim
1336 4616 1532 4668 habent
1570 4624 1724 4668 vetu-

178 4685 308 4759 stiora
350 4687 569 4759 Biblia).
603 4686 938 4741 Manifestum
968 4696 1148 4741 autem
1177 4695 1258 4759 est
1284 4695 1499 4753 peccata
1532 4686 1723 4753 David,

180 4750 246 4827 diu
280 4769 395 4827 atate
432 4750 866 4824 assumptionem
912 4759 1093 4810 carnis
1140 4772 1170 4810 a
1213 4750 1321 4809 Deo
1352 4772 1472 4811 esse
1502 4750 1728 4827 purgata

178 4820 228 4889 (ll
270 4826 379 4898 Reg.
416 4829 544 4896 xu).
589 4820 822 4883 Rursum
856 4827 1145 4898 Apostolus
1166 4829 1231 4881 ad
1264 4820 1524 4894 Ephesios
1551 4820 1726 4883 εἶϐε-

178 4896 366 4951 nedictus
400 4898 567 4965 Drus,
603 4910 649 4953 et
694 4898 853 4953 Pater
898 4896 1107 4952 Domini
1148 4901 1309 4952 nostri
1346 4898 1473 4952 Jesu
1513 4899 1721 4967 Christi,

178 4968 244 5029 Qui
267 4968 505 5024 benedixit
540 4988 637 5023 nos
664 4972 803 5023 omni
834 4970 1183 5022 benedictione
1218 4971 1469 5036 spiritali,
1498 4972 1551 5023 in
1580 4972 1727 5025 coele-

178 5038 324 5104 stibus,
350 5044 398 5093 in
434 5041 671 5106 Christo,
729 5050 780 5093 et
819 5042 973 5108 elegit
1016 5057 1108 5093 nos
1140 5042 1191 5093 in
1237 5044 1348 5111 ipso
1397 5051 1516 5094 ante
1547 5044 1726 5095 mundi

181 5112 575 5179 constitutionem,
609 5123 740 5177 etc.,
774 5113 862 5165 ubi
898 5113 1025 5164 dicit
1057 5112 1254 5166 Paulus
1288 5127 1385 5165 nos
1424 5128 1452 5163 a
1484 5113 1593 5166 Deo
1622 5114 1723 5167 Pa-

182 5186 241 5229 tre
267 5182 450 5237 electos
479 5201 607 5237 esse
638 5195 764 5237 ante
795 5182 977 5236 mundi
1009 5184 1471 5245 constitutiOnem,
1499 5187 1550 5237 itt
1572 5183 1727 5239 Chri-

183 5252 439 5324 stoldctor.
471 5256 577 5324 tv).
614 5254 665 5308 id
709 5261 811 5319 est,
847 5269 942 5324 per
970 5250 1268 5312 Christum.
1302 5259 1384 5307 vel
1429 5255 1500 5307 ob
1533 5258 1724 5310 merita

182 5314 361 5394 Christi.
404 5324 510 5381 Sed
530 5314 598 5379 ἐι
631 5314 871 5394 pluribus
899 5323 1235 5378 Psalmorttm
1266 5327 1420 5385 locis.
1449 5326 1724 5381 Christum

183 5393 459 5457 appellatalii
504 5393 757 5464 legimus,
805 5403 862 5448 ut
906 5395 1111 5468 psalmo
1143 5412 1177 5449 ll
1211 5414 1222 5448 :
1258 5397 1537 5450 Astiterunt
1580 5414 1727 5468 reges

186 5468 316 5539 terra,
342 5476 384 5518 et
409 5470 676 5536 principes
703 5475 1047 5539 convenerunt
1073 5467 1126 5520 in
1158 5484 1312 5521 unum
1341 5471 1582 5523 adversus
1616 5467 1722 5522 Do-

185 5537 339 5607 gtnum
375 5550 418 5589 et
457 5538 707 5592 adversus
737 5537 997 5593 Christum
1026 5541 1157 5607 ejus.
1192 5539 1407 5593 Psalnto
1438 5555 1676 5594 Lxxxvut
1707 5559 1719 5595 :

185 5596 244 5653 Ta
273 5622 372 5679 vero
414 5626 503 5679 rep

187 5680 311 5727 tuam.
332 5677 540 5751 Psaltno
562 5678 724 5751 cxm
742 5697 760 5735 :
779 5681 998 5751 Propter
1020 5679 1190 5734 David
1207 5698 1404 5736 servum
1433 5694 1594 5746 tuum,
1622 5700 1723 5737 non

184 5756 339 5826 avertas
368 5750 550 5826 [aciem
577 5750 770 5826 Christi
797 5750 900 5826 tui.
927 5751 1055 5826 Item
1087 5754 1305 5808 Abacuc
1330 5770 1431 5826 ut:
1466 5754 1721 5824 Egressus

186 5829 224 5867 es
247 5821 290 5873 in
312 5821 520 5877 salutem
555 5825 732 5893 papuli
760 5825 856 5891 tui,
883 5824 935 5877 in
977 5822 1191 5878 salutent
1233 5842 1347 5881 cum
1373 5821 1575 5881 Christo
1610 5835 1718 5882 tuo.

511 5610 675 5676 ulisti,
724 5620 772 5663 et
818 5609 1131 5673 despexisti;
1177 5611 1419 5664 distulisti
1463 5610 1722 5665 Christum
1772 5642 1777 5646 -

1836 3334 2101 3387 inductum
2139 3345 2235 3401 est,
2269 3345 2312 3387 et
2338 3352 2452 3403 qua:
2480 3337 2708 3403 sequitur
2748 3352 2949 3398 nomen,
2993 3334 3161 3399 passio
3190 3342 3235 3386 et
3268 3350 3423 3387 mors.

1838 3404 2107 3477 Siquidem
2137 3407 2311 3477 divina
2335 3407 2609 3473 Scriptura
2631 3407 2887 3477 a/Iirmuts
2908 3406 3124 3476 Propter
3151 3404 3424 3477 hoc_un:cit

1837 3486 1883 3529 te
1913 3474 2099 3541 Deus,
2147 3475 2288 3530 Deus
2320 3488 2433 3531 tuus
2463 3477 2575 3530 oleo
2605 3474 2800 3532 lretitia:
2830 3474 3209 3547 (Psalijtv).
3242 3475 3426 3530 Scien-

1835 3547 1959 3600 dum
1984 3558 2153 3602 autem
2184 3550 2320 3616 quod
2365 3550 2537 3602 divina
2570 3549 3232 3619 Scripturaisa’penumero
3261 3548 3424 3619 utitur

1834 3620 2092 3687 praeterito
2121 3631 2347 3689 tempore
2370 3637 2462 3685 pro
2496 3624 2693 3688 futuro,
2721 3630 2772 3671 ut
2800 3636 2817 3673 :
2846 3618 3087 3672 Post/uec
3106 3620 3158 3689 in
3188 3627 3327 3670 terra
3350 3618 3424 3670 vi-

1834 3706 1921 3742 sus
1968 3700 2064 3757 est,
2120 3703 2167 3745 et
2208 3688 2323 3745 cum
2368 3692 2659 3745 hominibus
2704 3700 3027 3744 conversatus
3069 3688 3285 3755 (Baruc.
3318 3688 3419 3756 tu).

1838 3760 2088 3814 Nondum
2113 3764 2245 3815 enim
2266 3763 2403 3815 visus
2431 3765 2620 3831 fuerat,
2655 3778 2814 3832 neque
2839 3776 2955 3813 cum
2980 3759 3271 3812 hominibus
3299 3776 3424 3812 cono

1834 3842 2085 3893 versatus,
2116 3836 2323 3901 quando
2357 3833 2465 3886 htec
2495 3833 2819 3887 dicebantur.
2858 3832 2923 3885 Et
2950 3848 2966 3885 :
2998 3832 3172 3898 Super
3201 3832 3423 3900 [lumina

1835 3902 2145 3975 Babylonis,
2160 3906 2267 3958 illic
2283 3906 2530 3968 sedimus,
2556 3914 2604 3958 et
2621 3907 2876 3975 ﬂeuimus.
2895 3903 3017 3956 dum
3039 3907 3423 3975 recordaremur

1835 3976 1930 4046 tui,
1950 3977 2076 4029 Sion
2094 3974 2263 4046 (Psal.
2283 3977 2523 4045 cxxxvt).
2547 3974 2789 4030 Nondum
2803 3976 2913 4029 ha'c
2927 3976 3066 4046 facta
3077 3974 3418 4046 contigerant.

1835 4045 1960 4100 llmc
1990 4044 2375 4117 Datnascenus,
2424 4044 2491 4102 ex,
2531 4050 2728 4117 qmbus
2771 4044 2971 4110 duplex
3002 4045 3231 4117 elicitur,
3259 4044 3418 4109 ratio,

1833 4132 1929 4172 cur
1952 4118 2229 4186 Scriptura
2254 4116 2524 4172 Christum
2551 4115 2681 4172 ante
2705 4119 2873 4186 ipsius
2903 4116 3191 4171 adventum
3221 4115 3273 4168 in
3299 4130 3420 4169 car-

1833 4204 1955 4241 nem
1982 4190 2292 4242 nominarit.
2327 4190 2528 4251 Primo,
2551 4191 2765 4257 quidem
2798 4191 2862 4242 ad
2895 4188 3281 4256 designandum
3307 4186 3421 4240 uni-

1834 4267 1997 4313 tatem
2038 4269 2090 4313 et
2141 4260 2478 4315 identitatent
2513 4256 2756 4328 persona:
2793 4275 2887 4313 seu
2922 4259 3227 4328 hypostasis
3257 4256 3417 4312 Verbi

1832 4340 1955 4384 ante
1992 4338 2048 4384 ct
2092 4340 2215 4399 post
2254 4334 2434 4384 carnis
2474 4334 2922 4397 assumptiouem.
2972 4346 3037 4384 ex
3067 4345 3172 4399 qua
3216 4329 3420 4383 unitate

1831 4411 2079 4455 secutura
2129 4411 2275 4455 esset
2317 4403 2684 4472 tlla_uowwvia
2740 4400 3050 4472 ἰδιωμάτων,
3107 4402 3418 4455 communio

1832 4472 2147 4526 idiomatum
2168 4512 2182 4536 ,
2209 4487 2310 4541 qua
2336 4472 2392 4525 lit
2421 4469 2481 4526 ut
2512 4475 2792 4542 utriusque
2822 4469 3026 4525 natura:
3056 4474 3415 4540 proprietates

1829 4542 2047 4598 Christo
2077 4558 2201 4596 vere
2225 4552 2280 4597 et
2317 4544 2561 4598 absolute
2588 4546 2912 4609 tritntantur,
2949 4552 3009 4597 ut
3038 4558 3181 4611 suape
3211 4543 3413 4597 dictum

1832 4623 1953 4677 est;
1983 4613 2206 4683 proinde
2236 4614 2492 4683 quidquid
2523 4616 2613 4668 Dei
2655 4614 2821 4668 Filius
2843 4615 3098 4683 gessisse;
3143 4614 3227 4667 vel
3272 4614 3413 4667 circa

1755 4660 1806 4719 Β
1837 4660 2012 4754 ipsdn'i
2042 4660 2407 4755 gestttut'esse
2441 4688 2636 4755 legitur
2661 4698 2787 4738 ante
2824 4660 3274 4749 litcatnationem,
3314 4684 3417 4755 hoc

1837 4768 1891 4812 et
1916 4754 2163 4812 ChriStus
2200 4757 2454 4825 gessisse,
2488 4754 2544 4811 et
2570 4758 2710 4810 circa
2744 4758 2918 4825 ipsum
2948 4764 3159 4821 gestum
3190 4770 3309 4809 8:58
3336 4754 3418 4807 di-

1836 4827 1993 4883 citur.
2027 4824 2297 4890 Secundo,
2331 4828 2396 4881 ad
2429 4824 2808 4881 insinuandum
2838 4827 2980 4893 quod
3012 4827 3135 4880 licet
3172 4837 3299 4880 ante
3323 4824 3418 4878 ad-

1767 4902 1776 4912 '
1804 4888 1810 4895 ’
1836 4912 2052 4954 ventum
2084 4888 2293 4953 Christi
2316 4901 2366 4952 in
2390 4914 2607 4954 carnem
2642 4915 2747 4953 non
2780 4888 2936 4951 fuerit
2968 4897 3207 4951 exhibita
3238 4898 3413 4964 reipsa

1837 4974 2016 5025 unctio
2068 4971 2422 5025 humanitatis
2468 4978 2761 5038 assumpta:
2818 4985 2846 5022 a
2897 4968 3189 5022 Divinitate
3248 4967 3415 5037 (unde

1834 5052 2105 5109 sumptum
2134 5052 2216 5096 est
2245 5050 2301 5094 et
2332 5042 2555 5095 inditum
2581 5041 2780 5095 Christi
2819 5038 3061 5109 nomen).
3106 5038 3206 5093 fuit
3237 5050 3414 5092 tamen

1833 5128 1861 5166 a
1913 5113 2024 5166 Deo
2081 5113 2433 5177 praedelinita,
2483 5113 2952 5181 prmdeterminata
3004 5124 3166 5179 atque
3213 5124 3415 5181 pratorf

1831 5184 2034 5252 dinata,
2068 5190 2137 5238 ‘et
2183 5200 2287 5237 non
2331 5179 2524 5237 minori
2562 5183 2888 5238 et-rtitndine
2936 5182 3112 5235 lutttra
3157 5196 3317 5249 quant
3368 5179 3415 5234 si

1826 5256 1935 5324 jam
1963 5265 2090 5309 tunc
2107 5258 2372 5321 completa
2396 5254 2605 5309 fuisset.
2632 5254 2816 5323 Itaque
2837 5253 2903 5308 ad
2925 5254 3413 5307 commendandum

1831 5330 2148 5396 mysterium
2194 5326 2416 5393 hujusce
2463 5325 2699 5387 unionis,
2741 5325 2936 5380 futura}
2969 5324 3185 5393 quidem
3221 5338 3414 5396 secun-

1830 5393 1957 5451 dum
1989 5399 2403 5463 exhibitione-nt,
2439 5397 2531 5451 sed
2574 5412 2603 5450 a
2637 5396 2748 5450 Deo
2776 5399 3038 5466 praevisae,
3076 5410 3241 5449 sacrae
3270 5393 3413 5447 litte-

1832 5484 1908 5524 ra:
1937 5470 2110 5537 ipsum
2151 5470 2567 5524 nominaverunt
2605 5465 2879 5523 Christum
2909 5480 3037 5522 ante
3077 5465 3411 5533 assumptio-

1831 5555 1955 5595 nem
2008 5540 2206 5596 carnis.
2258 5539 2411 5596 Sicut
2459 5541 2848 5608 pr0phetarum
2906 5540 3118 5593 oracula
3176 5538 3407 5591 futurum

1829 5611 2105 5680 quidpiam
2156 5611 2527 5666 denuntiantia
2561 5612 2662 5665 sub
2710 5610 2968 5681 praeteriti
3018 5610 3273 5681 temporis
3326 5624 3410 5663 ra-

1831 5679 1979 5737 tione
2014 5696 2387 5752 saepenumero
2429 5679 2734 5751 conscripta
2762 5691 2905 5744 sunt,
2940 5680 3006 5735 ad
3044 5679 3408 5752 denotan‘dam

1832 5756 1908 5826 rei
1942 5750 2155 5819 futurie,
2197 5756 2417 5822 perinde
2444 5763 2606 5826 atque
2634 5750 2680 5811 si
2711 5754 2984 5824 praeterita
3014 5753 3179 5821 foret,
3210 5750 3408 5809 inlalli-

1831 5825 1991 5883 bilem
2017 5826 2419 5885 certitudinem.
