3970 6344
561 287 669 348 123

1880 279 2169 340 IOANNIS
2201 279 2514 339 CASSIANI

3708 294 3793 364 ιιι

561 359 665 462 sta
686 400 1007 478 serpentibus
1027 399 1333 476 perierunt?
1354 413 1544 457 omnes
1570 411 1789 470 quoque
1813 407 2032 455 sanctos
2052 399 2149 470 qui
2179 401 2237 462 Α,
2257 413 2375 454 rem
2409 413 2483 454 ex
2525 395 2764 472 Egypto
2801 398 3115 458 Israeliticae
3143 401 3320 472 plebis
3355 418 3477 462 esse
3508 407 3714 481 dicebat,
3743 359 3786 478 ui

563 500 820 557 vixerunt
843 497 945 555 sub
973 497 1094 568 lege
1113 496 1312 552 veteris
1331 492 1686 559 'l‘estameuti,
1719 491 1909 548 beatus
1935 501 2156 564 aposto-

563 593 651 651 tus
681 595 880 651 Petrus
923 607 1023 664 per
1063 591 1290 662 gratiam
1331 587 1544 645 Domini
1593 587 1768 644 nostri
1795 587 1922 645 Jesu
1952 586 2154 645 Christi

568 688 831 760 praedicat
857 702 978 743 esse
1020 683 1288 742 salvatost
1317 682 1416 740 Exi
1463 684 1668 754 itaque,
1709 682 1886 753 effuge
1927 682 2076 751 hinc,
2107 683 2153 738 si

570 788 746 851 potes,
787 787 846 835 tu
885 777 1129 850 quisquis
1159 777 1254 833 ille
1296 792 1358 833 es
1405 776 1520 848 qui,
1563 776 1753 833 rabido
1797 791 1893 833 ore
1938 791 2002 832 ac
2045 777 2158 831 bla-

569 874 796 945 sphemo
822 874 1016 945 spiritu
1042 870 1253 940 furens,
1283 871 1418 928 nihil
1459 873 1723 930 interesse
1751 872 2042 928 admodum
2075 873 2157 928 in-

570 977 654 1024 ter
679 969 845 1024 Adam
887 976 942 1023 et
965 965 1242 1022 Christum
1272 975 1451 1038 putas,
1490 975 1546 1022 et
1571 967 1662 1040 qui
1693 983 1816 1023 eum
1840 967 2005 1024 etiam
2035 976 2158 1035 post

574 1067 782 1129 partum
841 1057 1079 1128 Virginis
1125 1057 1295 1116 Deum
1347 1058 1608 1130 denegas,’
1673 1059 1900 1116 ostende
1943 1060 2158 1130 penitus

571 1148 1028 1222 quemadmodum
1067 1151 1232 1208 etiam
1277 1160 1405 1209 ante
1460 1161 1639 1209 ortum
1693 1153 1938 1222 corporis
1987 1153 2159 1209 Deum

571 1259 677 1300 non
708 1245 873 1300 fuisse
900 1246 1216 1304 convincas.
1250 1247 1392 1303 Ecce
1426 1249 1572 1304 enim
1603 1247 1896 1319 Apostolus
1919 1249 2162 1310 clamitat

571 1339 834 1410 pepulum
861 1339 930 1395 de
955 1350 1099 1395 terra
1130 1340 1350 1413 Egypti
1383 1342 1452 1396 ab
1471 1340 1599 1396 Iesu
1639 1356 1759 1397 esse
1787 1342 2074 1410 salvatum,
2106 1342 2159 1398 in

569 1431 791 1488 deserto
831 1434 900 1488 ab
937 1433 1246 1490 inﬁdelibus
1276 1433 1550 1490 Christum
1587 1450 1710 1491 esse
1739 1443 2040 1502 tentatum;
2070 1451 2164 1507 pa-

572 1534 686 1584 tres
711 1543 926 1598 quoque
968 1539 1206 1596 nostros,
1235 1527 1290 1584 id
1335 1536 1442 1596 est,
1476 1528 1812 1598 patriarchas
1846 1539 2009 1601 atque
2039 1545 2164 1600 pro-

571 1619 768 1690 phetas
794 1636 892 1691 per
933 1621 1163 1692 gratiam
1203 1621 1415 1676 Domini
1448 1623 1621 1677 nostri
1649 1622 1779 1678 Iesu
1817 1621 2020 1678 Christi
2057 1623 2164 1678 sal—

571 1720 758 1777 vatos;
788 1727 921 1784 nega
949 1719 1004 1767 tu
1024 1711 1160 1778 haec,
1191 1713 1234 1768 si
1267 1723 1442 1782 potes.
1470 1712 1580 1769 Nec
1609 1713 1854 1769 mirabor
1873 1713 1916 1769 si
1945 1714 2163 1781 ieceris,

2259 508 2384 550 eum
2405 493 2592 566 utique
2611 494 2702 566 qui
2719 510 2784 550 ex
2805 495 3023 567 Virgine
3039 507 3192 551 natus
3210 506 3295 553 est
3314 497 3601 570 hominem,
3617 520 3789 579 semper

2257 602 2357 658 per
2397 589 2730 645 sacramenti
2779 589 3038 644 unitatem
3098 589 3153 645 in
3206 591 3320 647 Deo
3365 592 3525 649 fuisse
3572 602 3788 672 sentiret;

2259 681 2522 754 alioquin,
2567 683 2672 738 nisi
2711 683 2784 738 ita
2813 683 3077 753 creditur,
3107 693 3201 739 aut
3233 699 3354 739 cum
3383 685 3637 743 luereticis
3663 692 3790 750 Chri-

2257 786 2377 832 stus
2406 790 2512 831 nou
2544 776 2714 842 Deus,
2755 784 2849 832 aut
2885 787 3036 832 certe
3074 787 3259 832 contra
3291 777 3608 849 Prophetam
3641 800 3794 846 recens

2257 882 2379 924 esse
2404 867 2664 925 creditur.
2693 867 2799 925 Sed
2841 868 2984 924 absit
3023 868 3128 924 hoc
3157 884 3185 922 a
3216 869 3484 925 catholica
3521 872 3608 928 Dei
3645 876 3789 950 plebe,

2260 970 2319 1016 ut
2339 968 2433 1016 aut
2449 976 2481 1016 a
2506 959 2777 1031 Propheta
2802 961 3115 1028 dissentire,
3148 971 3241 1017 aut
3271 978 3393 1018 cum
3420 963 3672 1022 hznreticis
3696 984 3794 1026 sen-

2259 1057 2366 1112 tire
2403 1056 2680 1125 videatur;
2727 1065 2785 1114 et
2821 1058 2875 1112 in
2915 1057 3266 1114 maledictum
3311 1057 3531 1115 forsitan
3575 1062 3690 1116 illud
3723 1080 3796 1135 po-

2257 1149 2419 1221 pulus
2447 1150 2840 1206 benedictionis
2882 1151 3146 1218 incurrat,
3177 1159 3235 1205 ut
3276 1167 3427 1221 spem
3463 1168 3606 1208 suam
3641 1154 3686 1209 in
3719 1157 3796 1212 ho-

2262 1244 2408 1300 mine
2433 1245 2679 1316 posuisse
2699 1244 2931 1302 dicatur.
2958 1245 3092 1313 Quia
3115 1248 3262 1299 enim
3286 1245 3569 1300 Dominum
3593 1257 3794 1307 nostrum

2263 1336 2449 1393 Iesum
2472 1336 2744 1392 Christum
2777 1335 3077 1391 solitarium
3114 1336 3388 1390 hominem
3415 1345 3591 1390 natum
3620 1343 3797 1410 asserit,

2263 1427 2550 1498 dupliciter
2591 1427 2960 1483 maledictioni
3019 1427 3289 1482 obnoxius
3335 1427 3407 1482 sit
3456 1442 3663 1484 necesse
3706 1441 3796 1499 est,

2264 1521 2380 1576 sive
2408 1522 2459 1575 in
2491 1536 2614 1577 eum
2639 1520 2846 1586 credat,
2880 1521 2996 1576 sive
3025 1535 3134 1576 non
3162 1519 3374 1576 credat.
3406 1519 3460 1575 Si
3491 1521 3624 1575 enim
3645 1522 3800 1589 credit,

2264 1614 2293 1656 δ
2321 1615 2632 1671 Haledictus
2662 1616 2752 1686 qui
2779 1631 2921 1688 spem
2964 1631 3114 1670 suam
3142 1616 3288 1688 ponit
3318 1614 3372 1668 in
3402 1613 3600 1668 homine
3627 1613 3800 1685 (Jcrem.

2268 1710 2426 1781 xvu).
2458 1709 2518 1766 Si
2548 1720 2726 1765 autem
2759 1723 2868 1764 non
2905 1708 3098 1776 credit,
3133 1707 3458 1763 maledictus
3481 1707 3655 1778 utique
3682 1708 3805 1763 nihil-

573 1811 636 1860 ut
663 1819 830 1876 neges
852 1819 973 1876 qua:
1001 1820 1194 1862 omnes
1225 1805 1474 1877 legimus,
1507 1805 1740 1878 quiquae
1771 1821 1962 1862 omnes
1989 1807 2166 1862 credi-
2195 1795 2244 1856 B
2271 1805 2484 1860 ominus
2509 1844 2527 1872 ,
2591 1803 2715 1875 quia
2766 1803 2892 1860 licet
2935 1804 2987 1858 in
3037 1802 3314 1858 hominem
3375 1816 3483 1858 non
3523 1801 3804 1869 crediderit,

574 1911 696 1954 mus
721 1897 1023 1968 deuegasti.
1065 1897 1310 1970 lntellige
1343 1913 1475 1969 ergo
1503 1899 1718 1954 tandem
1750 1900 1874 1969 quia
1895 1898 2006 1969 jam
2038 1907 2164 1955 tunc

574 1998 632 2047 et
657 2005 721 2046 ex
746 1988 982 2062 Egypto
1009 1991 1266 2063 populum
1296 1991 1349 2046 in
1379 1991 1492 2048 Deo
1518 1989 1768 2048 Christus
1791 1991 1996 2060 eduxit,
2029 2001 2084 2047 et
2109 1991 2165 2048 in

575 2081 689 2139 Deo
712 2083 961 2138 Christus
990 2099 1021 2139 a
1055 2085 1252 2155 populo
1278 2093 1549 2142 tentatore
1570 2093 1805 2141 tentatus
1831 2095 1936 2150 est,
1966 2096 2022 2140 et
2050 2100 2166 2140 om-

577 2174 876 2244 uesjnstos
925 2176 980 2232 in
1013 2175 1125 2233 Deo
1165 2177 1413 2233 Christus
1453 2178 1642 2248 gratia:
1685 2193 1797 2233 suae
1845 2177 2169 2234 liberalitate

575 2267 839 2332 salvavit;
871 2268 998 2339 quia
1038 2285 1131 2339 per
1173 2271 1498 2326 sacramenti
1533 2271 1795 2326 unitatem
1830 2270 1903 2326 ita
1940 2282 1994 2325 et
2023 2270 2167 2327 Deus

577 2358 633 2415 in
674 2359 954 2417 Christum
1004 2371 1061 2420 et
1110 2364 1360 2421 Christus
1400 2366 1454 2420 in
1497 2366 1663 2421 Deum
1715 2365 1956 2433 transiit,
2008 2376 2064 2421 ut
2113 2377 2170 2423 et

579 2452 838 2525 quidquid
869 2454 1009 2512 Deus
1036 2455 1183 2523 fecit,
1216 2456 1469 2515 Christus
1504 2457 1560 2514 id
1594 2459 1920 2530 perfecisse;
1947 2469 2002 2516 et
2025 2461 2170 2531 quod

578 2555 770 2614 postea
809 2545 1060 2606 Christus
1091 2551 1334 2626 pertulit,
1363 2551 1504 2606 Deus
1522 2551 1575 2606 id
1614 2553 1905 2622 pertulisse
1934 2552 2166 2608 dicatur.

583 2634 652 2690 Et
678 2635 802 2692 ideo
830 2637 1019 2694 dicens
1064 2640 1358 2714 Propheta,
1392 2651 1420 2680 ι
1442 2641 1566 2698 Νοη
1608 2643 1703 2698 erit
1736 2644 1791 2699 in
1821 2652 1870 2700 te
1909 2641 2051 2700 Deus
2088 2659 2173 2700 re-

579 2743 720 2795 cens,
771 2746 865 2785 nec
901 2730 1144 2788 adorabis
1175 2732 1343 2790 Deum
1371 2733 1632 2803 alienum;
1665 2735 1769 2792 hoc
1797 2751 1957 2792 sensu
1985 2747 2040 2792 et
2067 2735 2174 2792 hoc

580 2819 775 2889 spiritu
816 2824 1148 2894 praedicabat
1184 2841 1293 2898 quo
1319 2827 1602 2898 apostolus
1644 2827 1920 2884 Christum
1949 2830 2174 2885 educto-

2276 1898 2441 1952 Deum
2465 1905 2646 1953 tamen
2672 1895 2892 1968 penitus
2918 1895 3229 1966 denegavit.

2898 1988 3126 2046 CAPUT
3163 1987 3232 2044 Χ.

2350 2082 2588 2156 Explicat
2609 2082 2733 2155 quid
2753 2083 2821 2138 sit
2849 2082 3105 2153 conﬁteri,
3129 2091 3178 2137 st
3208 2081 3334 2152 quid
3371 2081 3562 2136 solvere
3579 2079 3755 2135 Iesum.

2345 2177 2460 2234 Hoc
2492 2178 2636 2234 enim
2668 2177 2798 2233 illud
2827 2187 2912 2234 est
2942 2175 3108 2248 quod,
3150 2175 3432 2232 revelante
3479 2175 3577 2230 sibi
3606 2173 3810 2240 Domino,

2272 2270 2624 2328 charissimus
2655 2268 2748 2325 ille
2782 2268 2880 2325 Dei
2933 2269 3172 2326 Joannes
3231 2265 3560 2339 praevidens,
3613 2265 3659 2321 id
3685 2265 3741 2321 de
3764 2282 3813 2322 eo

2277 2365 2396 2435 ipso
2423 2363 2639 2418 locutus
2667 2370 2752 2418 est
2779 2360 2868 2432 qui
2894 2360 2949 2417 in
2971 2375 3031 2417 se
3062 2360 3411 2432 loquebatur.
3438 2357 3630 2424 Omnis,
3659 2356 3811 2428 inquit,

2269 2456 2483 2528 spiritus
2508 2455 2596 2527 qui
2619 2454 2896 2525 conﬁtetur
2930 2453 3114 2509 Iesum
3139 2454 3195 2509 in
3231 2469 3386 2508 carne
3413 2452 3620 2522 venisse,
3643 2467 3700 2506 ea:
3733 2450 3815 2506 Deo

2274 2558 2382 2613 est;
2408 2558 2455 2602 et
2475 2559 2498 2587 ο
2517 2548 2682 2602 omnis
2701 2547 2792 2620 qui
2813 2547 2964 2602 solvit
2984 2544 3187 2612 Iesum,
3215 2563 3281 2600 e1:
3304 2545 3414 2600 Deo
3438 2561 3538 2599 non
3551 2540 3813 2610 est;‘ethoc

2274 2659 2349 2698 est
2368 2642 2691 2710 Antichristi,
2723 2643 2862 2714 quod
2887 2643 3105 2698 audistis
3147 2643 3271 2712 quia
3313 2641 3470 2709 venit,
3511 2648 3558 2694 et
3591 2656 3710 2694 nunc
3726 2640 3815 2709 jam

2273 2736 2330 2790 in
2357 2734 2552 2790 mundo
2574 2743 2651 2790 est
2674 2733 2718 2807 (l
2736 2733 2895 2792 Ioan.
2926 2735 3030 2807 tv).
3056 2733 3488 2790 Oadmirabilem
3515 2731 3604 2789 Dei
3622 2731 3816 2802 singula-

2277 2843 2500 2899 remque
2536 2829 2812 2898 pietatem,
2845 2828 2937 2900 qui
2977 2828 3126 2884 velut
3154 2828 3503 2884 cautissimus
3543 2840 3602 2881 ac
3627 2824 3816 2897 pruden-

1659 2962 1914 3020 ALARDI
1949 2961 2185 3021 GAZEI
2221 2961 2791 3020 COMMENTARIUS.

656 3053 850 3110 'Deus
885 3068 1100 3119 recens.
1131 3056 1188 3112 id
1223 3065 1330 3120 est,
1363 3056 1507 3112 Deus
1537 3073 1697 3124 quem
1747 3074 1853 3112 non
1895 3059 2168 3114 coluerint

586 3133 769 3201 patres
797 3127 893 3181 tui.
933 3127 1025 3183 Sic
1063 3130 1203 3201 enim
1235 3128 1339 3184 hoc
1365 3129 1672 3201 explicatur
1699 3129 1768 3201 in,
1783 3130 1994 3184 cantico
2021 3129 2167 3201 Moy-

587 3195 683 3260 sis,
712 3195 1068 3270 Donysam.
1117 3198 1256 3253 Vere
1302 3195 1479 3254 tamen
1518 3200 1708 3253 scribit
1748 3200 1808 3256 S.
1842 3195 2170 3270 Augustinus

2276 3054 2550 3111 Nestorius
2581 3057 2775 3111 nescire
2803 3073 2857 3111 se
2878 3055 3107 3126 prodidit
3134 3057 3268 3111 hanc
3288 3054 3590 3112 authenticis
3609 3051 3818 3120 exempla-

2273 3127 2648 3200 ribusinditam
2679 3129 2834 3198 fuisse
2854 3129 3174 3200 sententiam,
3207 3139 3360 3200 atque
3399 3129 3512 3200 ideo
3548 3126 3718 3179 solvere
3739 3139 3819 3200 non

2277 3199 2444 3270 timuit
2471 3193 2870 3266 Iesunt,'dicens
2897 3199 3096 3254 beatam
3118 3193 3342 3252 Mariam
3368 3199 3711 3270 virginemnon
3728 3193 3817 3258 Dei,

586 3282 778 3324 omnes
825 3267 986 3342 falsos
1028 3269 1180 3342 deos,
1241 3285 1362 3324 esse
1405 3271 1538 3325 deos
1575 3282 1838 3335 recentes,
1885 3267 2010 3342 quia
2061 3287 2172 3326 non
2197 3271 2244 3335 υ
2276 3270 2366 3325 sed
2393 3267 2615 3324 hominis
2647 3279 2843 3342 tantum
2866 3271 3116 3325 exstitisse
3144 3267 3463 3342 genitricem:
3485 3278 3540 3323 ut
3565 3268 3818 3342 aliam_per-

587 3340 1090 3412 suntsetnpiterui,
1125 3355 1224 3396 nec
1260 3352 1446 3397 carent
1477 3343 1765 3412 principio,
1797 3342 1889 3396 sed
1905 3340 2092 3412 'uuper
2118 3342 2172 3398 in

589 3409 809 3480 olllciua
841 3412 1151 3480 sculpturis,
1181 3413 1267 3467 vel
1302 3413 1354 3466 iu
1384 3409 1610 3468 cerebro
1641 3414 1892 3467 humanae
1917 3409 2175 3468 vanitatis

591 3479 840 3547 formati;
892 3479 1034 3539 unde
1075 3485 1346 3552 sculptilia
1381 3495 1435 3539 et
1477 3484 1617 3538 idola
1651 3494 1931 3540 vocantur.
1973 3483 2177 3539 Redar-

591 3562 758 3626 guunt
784 3554 936 3608 etiam
972 3555 1092 3618 ista,
1125 3556 1196 3609 ait
1219 3555 1283 3609 1).
1307 3555 1540 3626 Basilius
1563 3554 1654 3626 (In
1673 3556 1896 3609 Scholiis
1918 3554 2173 3626 Psalm.),

591 3622 638 3678 et
663 3622 774 3677 Arii
799 3626 1108 3699 et‘Eunomii
1129 3627 1402 3681 insaniam.
1437 3625 1497 3682 Si
1524 3622 1662 3680 enim
1695 3627 2001 3699 Unigenitus
2027 3622 2178 3699 Patri

591 3710 695 3748 non
739 3704 815 3749 est
843 3695 1154 3758 homousios,
1196 3701 1368 3762 utique
1404 3708 1538 3752 recte
1565 3695 1825 3752 vocabitur
1854 3697 2073 3752 alienus.
2106 3697 2176 3752 Et

589 3765 637 3819 si
675 3767 773 3834 fuit
816 3775 1011 3832 tempus
1037 3768 1250 3840 aliquod
1277 3769 1484 3840 quando
1514 3785 1614 3822 non
1657 3780 1789 3833 erat,
1837 3785 1958 3838 ergo
2003 3786 2173 3824 recens

591 3845 758 3911 est,_et
792 3855 893 3892 non
911 3840 1275 3911 sempiternus.
1309 3840 1432 3911 Haec
1476 3840 1730 3906 Basilius,
1772 3841 2008 3911 quicum
2047 3843 2176 3896 Ario

593 3915 649 3963 et
693 3908 960 3965 Eunomio
1008 3910 1311 3967 Nestorium
1351 3910 1536 3980 utique
1577 3908 1930 3978 nominasset,
1971 3914 2014 3967 si
2053 3928 2175 3968 eum

594 3993 701 4035 tt0u
733 3982 1113 4046 praecessisset.

664 4049 694 4090 δ
733 4051 902 4125 Sicet
919 4053 981 4108 D.
1011 4053 1373 4125 Hieronymus
1393 4067 1458 4108 ex
1482 4053 1585 4125 hoc
1606 4052 1728 4108 loco
1740 4062 2175 4125 argumentatur:

596 4121 658 4179 Si
679 4122 981 4196 maledictus
1003 4135 1077 4179 est
1107 4121 1257 4179 homo
1272 4125 1364 4196 qui
1391 4124 1603 4196 confidit
1630 4125 1683 4178 in
1711 4121 1916 4178 nomine
1933 4167 1946 4186 ,
1977 4123 2178 4180 Paulus

596 4142 656 4179 os
679 4142 981 4177 mateasctus
1003 4142 1077 4179 est
1107 4142 1257 4179 nomo
1315 4142 1364 4178 at
1391 4142 1603 4196 conpari
1630 4142 1683 4178 in
1711 4142 1946 4186 nomine,
1977 4142 2178 4180 rautus

593 4202 763 4248 autem
791 4193 1160 4250 Samosatenus
1189 4206 1235 4249 et
1265 4142 1537 4262 gitotinus,
1578 4196 1806 4265 quamvis
1851 4204 2083 4250 sanctum
2129 4204 2179 4252 et

593 4266 787 4341 cunctis
825 4268 1079 4341 excelsum
1107 4269 1377 4341 virtutibus
1421 4267 2070 4341 prtedicentSalvatorem,
2102 4277 2181 4322 ta-

598 4352 710 4412 men
731 4339 984 4412 hominem
1015 4340 1359 4412 conﬁtentur;
1389 4339 1507 4412 ergo
1541 4339 1801 4412 maledicti
1839 4350 1989 4412 erunt
2037 4355 2179 4410 spem

594 4407 835 4484 habentes
862 4410 913 4462 in
939 4407 1158 4484 ltomine.
1205 4410 1308 4466 Ubi
1340 4407 1592 4484 similiter
1618 4411 1889 4478 posuisset
1919 4407 2182 4484 Hierony-

596 4492 718 4532 mus
748 4477 1077 4544 Nestorium,
1112 4483 1155 4535 si
1190 4498 1311 4537 eum
1343 4477 1626 4537 novisset.
1873 4533 1881 4541 .

669 4558 693 4587 ε
731 4549 908 4604 Solvit
931 4549 1114 4605 Iesum
1145 4556 1384 4622 proprie,
1419 4554 1510 4622 qui
1540 4553 1732 4606 dividit
1757 4551 2094 4608 Salvatorem
2123 4555 2178 4608 in

596 4617 753 4691 duos,
795 4634 892 4691 seu
942 4622 1034 4690 qui
1076 4617 1210 4677 duas
1237 4617 1288 4678 in
1324 4617 1542 4678 Christo
1593 4638 1852 4691 personas
1880 4626 2087 4686 statuit,
2121 4635 2180 4679 ut

595 4689 922 4760 Cerynthus,
963 4689 1240 4748 Nestorius
1268 4703 1325 4749 et
1363 4695 1454 4749 alii
1492 4689 1820 4748 statuebant.
1854 4693 1949 4747 Vel
1998 4695 2174 4761 latius,

598 4769 660 4816 ut
685 4765 907 4830 expOnit
939 4763 1080 4835 Beda
1113 4781 1126 4818 :
1159 4765 1261 4819 Ille
1305 4764 1454 4819 solvit
1500 4763 1698 4828 Iesum,
1750 4765 1838 4835 qui
1878 4766 1957 4818 vel
1993 4767 2182 4820 divini-

598 4840 768 4906 tatem
799 4836 911 4905 ejus
962 4834 1043 4906 (ut
1088 4835 1294 4905 Arius),
1342 4835 1422 4890 vel
1469 4837 1694 4889 animam
1742 4834 2047 4890 rationalem
2104 4839 2186 4906 (ut

599 4840 752 4884 tatem
799 4839 911 4905 ejus
962 4839 1043 4906 (ut
1088 4839 1294 4905 Arius),
1342 4839 1422 4890 vel
1469 4839 1694 4889 animam
1742 4839 2047 4890 rationalem
2130 4846 2180 4892 ut

599 4903 988 4975 Apollinaris),
1037 4907 1117 4980 vel
1162 4923 1391 4980 carnem,
1421 4916 1570 4979 negat
1610 4908 1707 4980 Δ(ιι-ι
1770 4839 2136 4980 Mauichasuss
2166 4951 2180 4972 ,

597 4989 851 5049 qua-eum
881 4978 1128 5031 vermiter
1151 4977 1334 5032 habere
1359 4976 1498 5049 ﬁdes
1515 4976 1770 5049 catholica
1805 4979 1971 5032 docet.
2017 4976 2184 5035 Solvit

595 5055 644 5098 et
663 5046 752 5098 ille
775 5044 977 5117 Iesun,
1007 5050 1098 5117 qui
1132 5044 1377 5104 mandata
1423 5061 1470 5104 et
1499 5049 1646 5104 verba
1683 5047 1808 5103 Iesu
1847 5049 1927 5103 vel
1955 5067 2184 5116 perverse

596 5117 838 5190 vivendo.
868 5118 942 5172 vel
975 5122 1257 5185 perversius
1297 5121 1682 5190 interpretando
1729 5125 2032 5188 corrumpit.
2075 5123 2181 5178 Sed

597 5196 642 5240 ct
669 5187 766 5262 ille
795 5189 882 5258 qui
909 5191 1155 5262 unitatem
1183 5203 1376 5247 sancta:
1408 5187 1669 5256 Ecclesiw,
1701 5209 1854 5262 quam
1881 5191 2034 5247 Iesus
2048 5195 2184 5248 venit

596 5259 855 5331 colligere,
887 5263 1077 5326 turbat,
1104 5261 1284 5316 Iesum
1304 5274 1551 5331 quantum
1578 5265 1633 5318 in
1664 5259 1722 5317 se
1743 5275 1813 5317 est
1842 5265 2036 5318 solvere
2064 5267 2183 5319 niti-

598 5338 701 5385 tur.
731 5329 841 5408 Nec
863 5332 1047 5408 mirum
1075 5335 1127 5408 si
1149 5336 1280 5389 tales
1306 5329 1368 5394 ex
1391 5336 1496 5390 Deo
1522 5353 1626 5390 non
1652 5344 1794 5408 sunt,
1826 5337 1917 5408 qui
1948 5335 2043 5390 Dei
2063 5353 2185 5408 ape.

596 5416 676 5464 ra,
724 5405 803 5456 vel
832 5404 998 5470 verba,
1047 5406 1128 5459 vel
1158 5417 1478 5462 sacramenta
1527 5403 1842 5462 rescindunt.
1886 5403 1953 5460 In
1986 5403 2186 5463 tantum

601 5487 819 5551 namque
844 5490 907 5528 ea:
931 5475 1040 5529 Deo
1069 5493 1172 5530 non
1197 5489 1333 5546 sunt,
1364 5488 1422 5532 ut
1444 5481 1654 5551 quidam
1689 5493 1886 5544 eorum,
1919 5481 2006 5548 qui
2029 5497 2184 5551 pravo

602 5541 840 5623 dogmate
882 5541 1394 5623 separarevolebant
1443 5541 1504 5606 ab
1551 5551 1772 5605 hominis
1805 5541 2186 5622 dispensatione

604 5614 920 5692 diuinitatem
948 5618 1161 5684 Christi,
1197 5621 1332 5677 [tunc
1351 5641 1546 5690 quoque
1567 5614 1900 5682 versiculum:
1930 5641 2031 5692 quo
2060 5623 2190 5677 dici-

606 5696 693 5739 tur
721 5703 739 5741 :
771 5686 835 5762 Et
864 5694 1028 5762 annis
1055 5695 1268 5760 spiritus
1309 5686 1395 5762 qui
1433 5686 1584 5750 salvit
1611 5700 1790 5749 Iesum
1818 5713 1880 5749 ex
1930 5686 2037 5749 Deo
2085 5713 2188 5751 non

607 5770 705 5823 est,
727 5766 789 5836 ea:
813 5759 909 5836 huc
922 5761 1168 5836 _Epistola
1197 5759 1459 5832 eraserim,
1488 5787 1550 5823 ne
1575 5768 1767 5822 scilicet
1804 5785 1891 5836 per
1911 5771 2192 5822 austerita-

612 5836 713 5888 lem
735 5830 869 5888 beati
905 5830 1126 5892 Ioannis
1164 5830 1542 5896 convinceretur
1570 5858 1710 5898 error
1733 5830 1930 5895 eorum.
1961 5840 2193 5913 Denique

2204 4665 2261 4726 D

2280 3356 2459 3414 sonam
2499 3343 2737 3414 hominis,
2771 3341 2930 3395 aliam
2954 3336 3409 3414 faceret—Deitatis,
3441 3336 3818 3414 etc._llaer_Yen.

2279 3411 2445 3476 Beda,
2474 3413 2566 3482 qui
2590 3415 2734 3483 quod
2767 3418 2836 3468 de
2867 3408 3120 3468 erasione
3149 3414 3308 3469 istius
3337 3411 3617 3468 sententiae
3645 3409 3711 3483 ab
3738 3408 3820 3460 Ita:-

2281 3483 2466 3538 retit'is
2492 3482 2839 3552 pra-Sumpta,
2869 3493 2924 3540 et
2949 3485 3019 3540 de
3050 3484 3286 3540 Nestorii
3319 3486 3549 3548 inscitia,
3581 3498 3608 3536 a
3638 3482 3821 3537 Socrate

2282 3557 2560 3623 accepisse
2590 3555 2828 3618 videtur,
2858 3556 2948 3625 qui
2982 3556 3098 3610 haec
3127 3557 3317 3611 eadem
3363 3556 3516 3625 latius
3545 3562 3822 3608 commento-

2279 3635 2364 3698 rat
2393 3625 2476 3680 his
2506 3627 2689 3698 verbis
2718 3625 2858 3696 (Lib.
2880 3624 2954 3680 ’vtt
2989 3627 3128 3682 IIist.
3149 3645 3268 3697 cap.
3315 3629 3410 3698 '59..)
3442 3645 3451 3678 :
3491 3624 3648 3698 Porro
3687 3630 3820 3674 autem

2277 3697 2528 3766 ignoravit
2554 3695 2880 3769 (Nestorius)
2899 3700 3034 3769 quod
3054 3695 3299 3764 scriptum
3322 3695 3456 3754 sit'in
3477 3695 3669 3769 vetustis
3679 3707 3822 3769 exent-

2282 3765 2508 3838 pluribus
2538 3767 2792 3839 Epistolas
2819 3765 3090 3824 catholica
3113 3771 3217 3824 divi
3242 3769 3466 3824 Joamtis
3494 3783 3513 3822 :
3546 3765 3709 3820 Omnis
3737 3765 3822 3830 spi-

2280 3840 2410 3894 ritus
2435 3841 2520 3906 qui
2547 3840 2696 3894 solvit
2711 3839 2889 3913 Iesum
2913 3857 2976 3894 ex
3008 3840 3115 3894 Dea
3138 3859 3238 3896 non
3265 3852 3360 3896 est.
3389 3841 3587 3913 Quippe
3608 3841 3824 3913 Itanncsenj

2280 3903 2489 3965 tentiam
2521 3928 2694 3965 omnes
2743 3913 2828 3973 qui
2858 3912 3174 3966 divinitatem
3224 3917 3288 3966 ab
3334 3903 3642 3966 humanitate
3675 3903 3825 3973 Christi

2279 3983 2547 4052 sejungere
2565 3970 2838 4037 studebant
2861 4000 2923 4036 ex
2947 3985 3152 4038 vetustis
3181 3983 3558 4054 exemplaribus
3578 3980 3728 4054 delere
3748 3970 3826 4026 τοι.

2281 4055 2482 4126 lereqtte
2510 4071 2613 4108 non
2641 4054 2964 4109 dubitarunt.
2993 4053 3542 4123 Quapropter'oeteres
3570 4053 3826 4126 interprete}

2281 4114 2418 4177 idem
2423 4126 2609 4196 ipsum
2631 4114 3274 4196 signiﬁcaruntwquosdam
3314 4127 3540 4196 videlicet
3562 4137 3662 4196 esse
3680 4114 3753 4196 qui
3773 4114 3824 4166 il-

2282 4196 2389 4269 lam
2411 4193 2699 4264 Epistolam
2725 4193 3107 4269 depravassent,
3133 4214 3234 4266 quo
3264 4198 3320 4252 in
3352 4195 3551 4251 Christo
3570 4193 3829 4269 libramenta

2283 4265 2395 4320 Deo
2421 4261 2734 4336 separarent.
2767 4266 2862 4322 Est
2892 4279 3059 4322 autem
3086 4261 3198 4340 ejus
3229 4269 3522 4340 humanitas
3547 4280 3656 4340 cum
3678 4261 3828 4340 divini-

2284 4347 2384 4391 tate
2412 4342 2711 4410 conjuncta.
2733 4349 2779 4393 et
2800 4356 2902 4393 non
2921 4349 3041 4393 sunt
3061 4337 3186 4404 duo,
3211 4339 3301 4395 sed
3333 4355 3508 4394 unum.
3541 4337 3648 4404 Qua
3667 4337 3830 4406 ratione

2283 4409 2394 4482 nixi
2417 4409 2624 4474 veteres,
2655 4409 2880 4482 Mariam
2901 4410 3174 4482 Dejparam
3196 4411 3460 4482 appellare
3477 4426 3591 4482 non
3602 4413 3828 4482 suntiam-

2283 4481 2321 4534 ti
2367 4478 2452 4533 Ita
2469 4469 2622 4535 etiam
2653 4481 2904 4551 Eusebius
2944 4469 3339 4551 Pampltilu's'in
3370 4481 3514 4536 tertio
3557 4478 3674 4551 libgo
3704 4469 3826 4540 (ϐιιρο

2283 4551 2375 4624 η)
2409 4553 2472 4606 de
2509 4551 2628 4607 Vita
2657 4549 2984 4608 Constantini
3022 4545 3279 4624 loquitur:
3311 4553 3592 4624 Nobiscum
3614 4545 3736 4600 De!“
3755 4553 3829 4610 Ρτο

2287 4623 2433 4677 nobis
2454 4626 2596 4678 nasci
2618 4625 2890 4688 sustinuit,
2909 4631 2956 4677 et
2986 4621 3127 4678 locus
3166 4626 3308 4680 illius
3346 4621 3827 4693 ttativitatisyrotmo

2285 4696 2489 4748 nomine
2515 4696 2656 4763 apud
2702 4694 2943 4750 Hebraeos
2973 4695 3230 4749 Bethleem
3265 4695 3575 4764 appellatur.
3615 4688 3828 4764 Quaene}:

2285 4765 2584 4837 imperatrix
2610 4767 2932 4820 sanctissima
2959 4765 3176 4831 Helena,
3200 4766 3439 4837 Deipara:
3459 4775 3650 4837 partum
3665 4764 3828 4837 extmttf

2285 4834 2625 4892 monumentis
2662 4838 2939 4902 decoravit,
2979 4834 3468 4909 sacrumqne'illud
3488 4844 3678 4909 antrum
3701 4834 3827 4909 νιξζιζε

2286 4912 2529 4982 cujusque
2555 4909 2757 4982 generis
2778 4893 3052 4982 illustravit
3076 4893 3384 4978 ittsiquibus.
3417 4909 3549 4982 Quin
3569 4903 3713 4982 θέρη

2283 4965 2456 5048 genes'
2479 4979 2532 5033 in
2555 4965 2744 5048 "primo
2788 4995 2924 5034 tomo
2961 4965 3456 5035 Cornviicntariorum
3482 4979 3533 5031 in
3579 4965 3827 5048 Epistolem

2291 5035 2445 5122 Pauli
2490 5051 2560 5104 ad
2577 5035 2856 5122 'Romanos
2882 5054 3306 5122 conscriptorum.
3339 5051 3473 5106 hanc
3482 5063 3598 5122 rem
3625 5035 3825 5122 pluribus

2286 5119 2511 5194 discutit,
2543 5123 2667 5194 dum
2687 5121 2910 5194 explicat
2926 5109 3135 5176 causam
3157 5139 3248 5176 cur
3276 5109 3446 5194 Maria
3474 5109 3688 5194 Deipa'ra
3714 5109 3823 5194 dicta

2285 5193 2368 5265 sit.
2402 5191 2583 5265 Itaque
2612 5192 2882 5265 Nestorius
2913 5193 3109 5248 videtur
3136 5204 3359 5248 veterum
3380 5190 3731 5265 lucubratio?“
3755 5190 3824 5265 lle:

2284 5264 2422 5316 nitus
2450 5257 2710 5332 ignorare,
2735 5273 2782 5317 et
2805 5264 2866 5318 ob
2886 5282 2995 5319 eam
3021 5282 3231 5319 causam
3259 5267 3388 5320 hanc
3403 5277 3566 5317 vocent
3586 5257 3824 5332 Πείρηῖαηξ

2284 5325 2586 5388 ἰηεεειιῆιιν.
2634 5325 2919 5406 liticusque
2965 5337 3238 5404 Socrates,
3290 5353 3407 5406 qua:
3454 5347 3570 5388 cum
3614 5325 3820 5381 Cassiant

2284 5417 2604 5513 argumento
2642 5405 2778 5461 bene
2807 5408 3160 5463 concordant.
3308 5405 3317 5406 ί
3785 5455 3798 5476 ,

2425 5476 2497 5513 lto
2532 5493 2594 5513 ην
2620 5476 2811 5513 (Iw-mn
2843 5487 2986 5513 unus”
3020 5496 3032 5508 ο
3068 5483 3149 5513 ..-ι
3178 5487 3332 5513 -..π-,ι
3361 5476 3474 5513 ἒ--.
3498 5478 3586 5513 ρηῦ
3618 5475 3797 5513 Αντιγοι

2425 5476 2596 5553 Ιεεῗρι
2620 5476 2811 5553 Graeco
2843 5487 2987 5553 lcgttt
3020 5496 3034 5534 :
3068 5483 3149 5535 καὶ
3178 5487 3333 5553 τοᾲῦτο
3359 5476 3476 5535 ἔστι
3498 5478 3589 5553 scit
3614 5475 3820 5553 Αγτιῇξξις

2289 5571 2416 5622 ᾳςτου
2443 5549 2468 5604 ὁ
2499 5549 2770 5610 ἀκηκόατε.
2807 5553 2872 5604 At
2898 5551 3085 5605 Latina
3120 5564 3173 5608 et
3206 5551 3425 5622 Vulgata
3451 5544 3625 5622 versit)
3652 5537 3815 5622 ίξὲλίςέίῖ

2291 5604 2358 5674 Et
2388 5604 2468 5674 hic
2493 5604 2562 5676 est
2583 5604 2955 5687 'Antichristuis,
2990 5604 3176 5695 dequo
3199 5604 3434 5680 audistis.
3461 5631 3562 5695 clc.
3590 5604 3817 5695 Aluich'j'

2288 5706 2532 5768 ειυς-ποια
2557 5695 2618 5768 in
2631 5711 2866 5768 persona.
2902 5678 2990 5749 sed
3020 5698 3072 5748 in
3088 5678 3296 5768 'ﬁgura,
3327 5698 3453 5750 sicut
3483 5678 3818 5768 Ioannesltllg:

2287 5745 2372 5819 iu}
2399 5745 3296 5834 sanguini;';;..'.c.na;+7.i..;;
3325 5745 3385 5820 ὲᾶ
3405 5745 3493 5826 ἐμ,
3515 5745 3818 5834 praemium

2289 5828 2619 5906 Antichristi,
2646 5843 2722 5894 ait
2741 5837 2801 5896 S.
2825 5838 3062 5897 Thomas
3093 5839 3183 5910 (ln
3205 5828 3607 5899 Commentan-
