3970 6344
178 352 263 412 ηε

1159 338 1250 398 DE
1288 338 1800 398 INCARNATIONE
1838 342 2111 402 CHRISTI
2149 342 2282 401 LIB.
2322 342 2391 403 ν.

3287 347 3397 408 ηδ

175 463 375 524 tissimus
397 454 630 516 medicus
659 462 915 514 venturos
957 455 1279 528 quandoque
1307 457 1361 512 in
1403 457 1704 514 Ecclesiam
1731 464 1784 527 Α
1809 462 1894 530 qui
1923 461 2071 516 soluit
2096 461 2298 531 Iesum,
2332 480 2396 521 ea:
2435 462 2544 519 Deo
2574 481 2675 519 non
2715 473 2808 522 est.
2831 464 3051 523 Solvere
3085 471 3262 522 autem
3290 466 3393 523 hoc

173 574 296 618 suam
319 555 520 610 morbos
546 562 671 607 ante
699 551 978 621 praedixit!
1002 559 1059 607 et
1083 566 1204 605 cum
1228 552 1611 622 praenuntiaret
1632 554 1712 608 in-

173 652 458 717 ﬁrmitatem,
479 646 625 701 dedit
653 661 723 701 ex
753 647 865 716 ipsa
891 645 1344 715 praenuntiatione
1361 648 1708 717 medicinam,

170 759 216 805 ut
228 760 417 811 omnes,
437 742 637 798 scilicet
649 752 1006 813 agnoscentes
1022 746 1330 815 languorem
1345 744 1704 815 ingruentem,

169 840 320 914 procul
343 840 447 907 jam
477 846 635 906 atque
665 838 824 906 longe
852 838 1023 893 vitare
1044 838 1350 909 inciperent
1380 853 1500 908 quae
1530 838 1709 892 immi-

171 951 276 992 nere
313 932 640 988 didicissent.
675 929 744 984 Et
774 930 895 986 ideo
936 942 1154 987 sanctus
1182 932 1414 988 Joannes
1444 948 1459 986 :
1502 933 1702 999 Omnis,

170 1028 327 1098 inquit,
354 1024 437 1093 qni
464 1023 609 1076 soluit
640 1021 842 1089 Iesum,
872 1040 937 1078 ea:
967 1024 1074 1078 Deo
1112 1041 1215 1079 non
1262 1035 1357 1090 est,
1396 1032 1443 1080 et
1486 1024 1583 1080 hoc
1630 1032 1704 1080 est

161 1117 438 1177 Antichristi.
475 1116 813 1186 Agnoscisne
839 1132 989 1184 eum,
1025 1118 1315 1173 ltzeretiee‘t
1346 1119 1609 1189 Agnoscis
1634 1118 1704 1175 de

162 1226 201 1269 te
218 1213 312 1283 jam
343 1208 509 1279 palam
537 1220 588 1264 et
612 1208 959 1279 designanter
988 1209 1228 1266 dixisse?
1258 1210 1424 1266 Nemo
1461 1210 1605 1267 enim
1631 1212 1701 1265 ita

160 1308 285 1361 solvit
318 1302 495 1357 Jesum
528 1317 689 1372 quam
734 1304 823 1373 qni
870 1317 976 1357 non
1006 1305 1293 1359 conlitetur
1337 1304 1521 1358 Deum.
1565 1304 1699 1358 Cum

159 1400 269 1455 enim
295 1400 339 1449 in
366 1396 462 1449 hoc
484 1396 664 1452 omnis
693 1398 947 1452 Ecclesiae
972 1397 1107 1454 fides
1130 1408 1186 1453 et
1208 1400 1385 1454 omnis
1405 1399 1578 1453 cultus
1601 1400 1696 1465 sit,

159 1490 301 1546 Jesnm
332 1490 489 1542 Deum
520 1504 710 1544 verum
736 1489 910 1561 fateri,
941 1493 1065 1561 quis
1096 1491 1267 1563 magis
1298 1493 1699 1547 venerationem

160 1585 249 1655 ejus
272 1592 317 1637 et
340 1583 539 1637 cultum
570 1584 790 1639 solvere
822 1583 1020 1652 potuit,
1051 1599 1210 1656 quam
1244 1584 1335 1655 qui
1368 1596 1535 1639 totum
1559 1586 1612 1639 in
1636 1599 1701 1640 eo

159 1675 266 1747 quod
290 1689 464 1728 omnes
496 1675 731 1730 colimus
769 1674 1096 1746 denegavit?
1122 1675 1327 1733 Caveas
1355 1692 1506 1747 ergo,
1537 1678 1699 1733 obse-

160 1785 246 1836 cro,
266 1781 438 1822 caveas
460 1783 531 1822 ne
559 1770 679 1840 quis
697 1770 858 1825 etiam
884 1770 1272 1825 Antichristum
1299 1770 1481 1826 dicere
1512 1779 1694 1841 queat.

1810 564 1917 619 est,
1950 555 2095 626 quod
2120 557 2327 611 unitum
2351 568 2435 613 est
2463 558 2515 612 in
2534 558 2660 614 Jesu
2686 560 2825 614 velle
2855 574 3107 630 rumpere
3126 601 3139 626 ,
3172 570 3226 616 et
3247 560 3392 631 quod

1810 650 2142 706 individuum
2174 666 2447 721 separare.
2477 654 2613 721 Quid
2646 663 2826 708 autem
2860 654 2911 708 in
2944 653 3071 709 Jesu
3101 654 3307 709 unitum
3338 661 3394 711 et

1809 746 2188 802 individuum?
2218 745 2387 801 Homo
2432 750 2611 819 utique
2642 756 2698 802 et
2728 746 2891 802 Deus.
2924 749 3059 817 Ergo
3085 748 3175 802 ille
3204 748 3389 806 Jesum

1807 838 1987 907 solvit,
2021 838 2112 909 qui
2136 837 2252 893 haec
2272 840 2600 907 separaverit
2620 848 2781 908 atque
2801 842 3110 911 disruperit.
3136 844 3391 914 Alioquin

1805 932 1849 988 si
1878 948 1984 987 non
2014 932 2324 1003 disrumpit,
2357 947 2418 987 ac
2448 944 2681 1001 separat,
2716 949 2847 1004 ergo
2877 951 2977 991 nec
3009 936 3192 991 solvit.
3221 937 3277 993 Si
3297 952 3391 993 au-

1806 1034 1914 1080 tem
1943 1032 2159 1095 separat
2183 1033 2345 1096 atque
2371 1025 2677 1095 disrumpit,
2707 1027 2799 1082 ille
2839 1028 3020 1098 utique
3050 1028 3231 1085 solvit.

2413 1139 2642 1198 CAPUT
2682 1140 2774 1197 XI.

1804 1234 2089 1291 Dominicte
2117 1231 2501 1289 Incarnationis
2542 1245 2925 1290 sacramentum
2965 1234 3157 1293 Christi
3194 1236 3385 1292 diuini-

2229 1316 2383 1360 tatem
2411 1306 2679 1377 manifeste
2712 1308 2961 1378 coarguit.

1876 1398 1948 1453 Et
1974 1397 2095 1453 ideo
2126 1398 2272 1453 omni
2317 1398 2525 1453 homini
2555 1400 2605 1453 in
2632 1398 2771 1454 hanc
2814 1398 3198 1471 blasphemiam
3226 1408 3388 1467 atque

1804 1494 2068 1549 insaniam
2099 1494 2492 1563 prorumpenti,
2530 1492 2642 1561 ipse
2673 1508 2768 1562 pro
2791 1507 2850 1547 se
2879 1492 2931 1546 in
2963 1490 3251 1561 Evangelio
3282 1490 3386 1546 Do-

1802 1586 1977 1642 minus
2022 1584 2181 1640 Jesus
2227 1575 2360 1639 illu'tl
2408 1584 2551 1655 quod
2602 1586 2669 1639 ad
2709 1584 3008 1639 Pharisaeos
3055 1584 3266 1638 locutus
3304 1590 3385 1638 est

1800 1680 1998 1734 clamat
2023 1694 2087 1733 ac
2115 1687 2480 1747 protestetur:
2512 1676 2538 1716 h
2572 1678 2721 1743 Quod
2744 1678 2883 1733 Deus
2911 1678 3200 1749 conjunxit,
3231 1675 3384 1730 homo

1802 1788 1903 1825 non
1928 1779 2126 1843 separet
2153 1770 2370 1842 (Matth.
2399 1770 2729 1842 xtx).-Quod
2777 1771 2905 1826 licet
2930 1771 3039 1825 illic
3083 1769 3173 1824 ubi
3214 1784 3243 1823 a
3275 1770 3384 1823 Deo

162 1860 406 1917 Conviciari
436 1875 526 1915 me
562 1871 654 1915 aut
677 1861 1001 1916 maledicere
1031 1863 1229 1934 putas?
1262 1862 1377 1917 Non
1410 1878 1587 1917 meum
1610 1872 1693 1917 est
1723 1868 1771 1928 B
1799 1866 2001 1921 dictum
2019 1871 2123 1929 est,
2161 1875 2183 1902 ο
2212 1864 2277 1918 ad
2294 1879 2511 1921 causam
2540 1864 2698 1917 aliam
2726 1877 3041 1935 responsum
3065 1876 3184 1917 esse
3202 1861 3385 1919 videa-

162 1955 265 2026 quod
287 1954 485 2023 loquor,
525 1969 661 2011 ecce
690 1956 1019 2026 evangelista
1057 1956 1222 2011 dicit:
1258 1955 1437 2009 Omnis
1465 1957 1553 2025 qui
1592 1956 1698 2011 solo

163 2045 395 2113 titlesum,
425 2061 488 2099 ea:
511 2043 631 2101 Deo
668 2063 771 2102 non
812 2056 907 2112 est,
930 2055 979 2101 et
1017 2047 1100 2101 hic
1137 2057 1210 2101 est
1241 2047 1606 2102 Anttc/tristus.
1639 2046 1697 2103 Si

166 2157 239 2197 non
260 2140 402 2195 solvis
435 2140 629 2196 losum
656 2151 712 2197 et
747 2139 915 2196 Deum
946 2156 1056 2196 non
1086 2157 1271 2212 negas,
1302 2141 1695 2197 Antichristum

171 2245 207 2291 te
224 2236 358 2319 nullus
380 2235 569 2289 dicere
597 2244 790 2305 potest.
819 2236 877 2292 Si
904 2245 1084 2292 autem
1109 2251 1294 2307 negas,
1320 2236 1447 2306 quid
1473 2250 1695 2291 accusas

175 2331 264 2397 quod
281 2326 668 2382 Antichristum
704 2340 757 2383 te
783 2330 1066 2399 quisquam
1100 2345 1221 2384 esse
1268 2330 1448 2383 dicat?
1483 2330 1563 2383 Tu
1591 2329 1693 2385 hoc

172 2422 213 2472 de
233 2430 284 2482 te,
308 2428 378 2485 tu,
406 2418 633 2490 inquam
666 2421 792 2475 dum
835 2436 1019 2491 negas,
1053 2421 1167 2491 ipse
1196 2421 1400 2477 dixisti.
1435 2420 1525 2475 Vis
1554 2422 1694 2477 scire

166 2513 233 2567 hoc
251 2528 404 2567 rerum
432 2516 604 2568 esse?
634 2514 726 2569 Dic
752 2514 883 2569 mihi
903 2514 1088 2570 Jesum
1120 2530 1242 2570 cum
1261 2530 1328 2569 ex
1352 2514 1571 2585 Virgine
1591 2530 1689 2570 na-

162 2616 363 2673 sceretur,
402 2607 533 2678 quid
574 2609 725 2675 velis,
767 2608 1041 2665 hominem
1085 2610 1250 2665 fuisse
1287 2626 1353 2664 an
1379 2610 1594 2666 Deum?
1634 2611 1691 2669 Si

161 2700 277 2755 Deum
302 2709 519 2770 tantum,
554 2702 724 2757 solvis
751 2703 946 2774 utique
986 2702 1191 2772 Jesum,
1224 2704 1313 2774 qui
1346 2705 1399 2760 in
1428 2720 1493 2760 eo
1518 2706 1689 2760 homi-

159 2807 242 2846 nem
265 2795 445 2846 unitum
472 2792 593 2848 Deo
618 2793 784 2850 fuisse
813 2794 1070 2867 deneges.
1096 2795 1154 2851 Si
1183 2804 1360 2853 autem
1390 2796 1687 2866 hominem,

157 2883 279 2938 solvis
303 2886 479 2955 utique
509 2886 899 2956 nihilominus,
946 2889 1036 2959 qui
1069 2890 1243 2945 solum
1290 2892 1685 2957 tantummodo,

156 2986 189 3029 ut
213 2975 337 3044 facis,
363 2977 641 3034 hominem
673 2991 855 3034 natum
887 2995 1009 3036 esse
1025 2980 1389 3052 blasphemes.
1409 2984 1521 3039 Nisi
1550 2983 1689 3040 forte

153 3070 369 3126 existimas
402 3071 553 3143 quod
598 3088 705 3129 non
754 3074 935 3130 solvas
980 3075 1190 3142 losum,
1241 3076 1334 3147 qui
1366 3078 1531 3134 fuisse
1561 3095 1684 3137 eum

157 3160 274 3215 Deum
296 3177 466 3234 negas,
496 3165 596 3235 qui
629 3164 868 3220 solveres
889 3166 1073 3237 utique
1092 3168 1257 3223 etiam
1281 3170 1328 3224 si
1354 3179 1534 3225 natum
1560 3188 1682 3227 cum

1801 1967 1907 2025 tur,
1938 1968 2117 2015 tamen
2149 1959 2484 2028 profunditas
2509 1958 2627 2027 Dei,
2659 1973 2779 2028 quae
2815 1973 2921 2013 non
2962 1956 3133 2027 magis
3161 1956 3229 2011 de
3260 1970 3381 2010 car-

1801 2051 2012 2107 nalibus
2035 2066 2195 2121 quam
2213 2051 2280 2106 de
2300 2050 2672 2121 spiritualtbus
2696 2051 3035 2120 loquebatur,
3055 2064 3175 2104 cum
3198 2047 3266 2101 de
3290 2047 3381 2102 illo

1800 2146 1924 2211 hoc,
1962 2155 2072 2199 tum
2106 2146 2276 2215 magis
2301 2144 2366 2200 de
2396 2145 2498 2201 hoc
2527 2144 2692 2198 voluit
2719 2144 2971 2214 intelligi;
3002 2143 3127 2212 quia
3153 2141 3384 2197 creden-

1800 2239 1940 2295 tibus
1970 2248 2098 2294 tunc
2116 2239 2317 2296 Judtcis
2339 2238 2391 2294 id
2421 2238 2560 2310 quod
2587 2247 2643 2293 tu
2663 2236 2821 2302 dicis,
2849 2235 3118 2291 hominem
3149 2244 3383 2289 tanturn-

1796 2335 1957 2388 modo
1978 2332 2164 2388 .Iesum
2190 2333 2306 2387 sine
2335 2332 2448 2388 Deo
2478 2346 2619 2399 esse,
2655 2346 2775 2385 cum
2800 2329 2870 2386 de
2896 2329 3161 2384 societate
3186 2326 3381 2398 conju-

1794 2426 1866 2497 gii
1894 2426 2148 2480 Dominus
2180 2424 2625 2494 interrogaretur,
2655 2437 2762 2476 non
2790 2420 2857 2475 de
2902 2435 2967 2475 eo
3011 2429 3239 2483 tantum,
3284 2417 3381 2473 sed

1794 2521 1955 2575 etiam
1987 2518 2055 2573 de
2081 2518 2185 2573 hoc
2229 2516 2470 2585 edocuit,
2517 2524 2575 2572 et
2617 2515 2683 2571 de
2729 2514 3031 2570 minoribus
3078 2512 3379 2582 consultus,

1794 2610 1958 2666 etiam
1990 2610 2059 2666 de
2088 2610 2375 2665 altioribus
2399 2607 2803 2677 majoribusque
2839 2605 3139 2677 respondit,
3170 2605 3380 2669 dicens,

1799 2703 1950 2772 Quod
1980 2700 2120 2755 Deus
2141 2701 2430 2773 conjunxit,
2450 2700 2603 2755 homo
2624 2716 2723 2753 non
2743 2706 2961 2772 separet.
2990 2698 3103 2753 Hoc
3129 2706 3210 2752 est
3234 2712 3247 2750 :
3274 2694 3380 2750 No-

1796 2796 1889 2850 lite
1910 2794 1963 2850 id
1993 2808 2249 2865 separare
2279 2792 2424 2863 quod
2452 2793 2505 2847 in
2547 2807 2634 2846 me
2663 2792 2803 2847 Deus
2824 2790 3040 2861 junxit;
3082 2803 3193 2845 non
3220 2802 3377 2859 sepa-

1791 2899 1877 2946 ret
1905 2890 2136 2944 humana
2168 2888 2415 2958 impietas
2441 2887 2583 2957 quod
2613 2887 2665 2941 in
2692 2899 2779 2940 me
2804 2884 2976 2939 univit
2999 2882 3176 2939 divina
3207 2882 3378 2949 maje-

1790 2992 1925 3039 stas.
1960 2983 2052 3037 Vis
2080 2990 2260 3037 autem
2292 2982 2502 3051 plenius
2528 2981 2666 3035 scire
2695 2982 2796 3035 hoc
2825 2979 2898 3033 ita
2916 2992 3059 3042 esse,
3088 2976 3213 3031 audi
3241 2980 3379 3045 Apo-

1792 3075 1989 3131 stolnm
2016 3074 2085 3130 de
2112 3074 2198 3128 his
2228 3074 2359 3143 ipsis
2401 3073 2472 3128 de
2514 3072 2707 3143 quibus
2739 3080 2864 3126 tunc
2894 3069 3147 3127 Salvator
3191 3069 3378 3125 docuit

1792 3167 2185 3224 disserentem?
2211 3167 2301 3238 qui
2334 3166 2524 3235 utique
2546 3174 2737 3235 utpote
2760 3164 3019 3232 magister
3046 3176 3075 3215 a
3106 3161 3221 3217 Deo
3245 3161 3378 3218 mis-

153 3249 228 3305 Deo
252 3250 496 3309 hominem
526 3254 857 3326 denegares.
888 3257 997 3312 Sed
1040 3260 1309 3329 exemplis
1351 3259 1534 3317 forsan
1580 3265 1682 3320 hoc
1710 3256 1759 3321 C
1790 3274 1904 3327 sus,
1935 3269 1996 3315 ut
2020 3274 2214 3329 capere
2259 3266 2396 3313 tunc
2432 3257 2741 3312 auditorum
2768 3252 3117 3311 imbecillitas
3144 3260 3375 3324 poterat,

156 3344 423 3401 manifestius
463 3348 615 3403 velis
646 3348 795 3415 fieri;
835 3349 1020 3420 accipe
1047 3350 1115 3406 de
1156 3360 1405 3423 utroque.
1441 3362 1464 3391 ⁸
1519 3354 1684 3411 Mani-

151 3437 281 3493 cheus
300 3450 441 3494 extra
476 3440 783 3497 Ecclesiam
805 3452 908 3510 est,
939 3445 1030 3513 qui
1061 3444 1247 3499 Jesum
1278 3446 1443 3501 Deum
1472 3455 1681 3502 tantum

153 3530 270 3586 fuisse
287 3534 495 3595 asserit;
531 3535 766 3600 Hebion,
795 3538 917 3605 quia
948 3536 1239 3592 hominem.
1270 3537 1508 3610 Uterque
1537 3541 1681 3594 enim

153 3621 285 3678 lesum
309 3628 511 3697 negavit
541 3642 613 3681 ac
640 3628 826 3697 solvit,
866 3630 1001 3685 alter
1037 3632 1210 3685 solum
1252 3631 1480 3687 dicemlo
1512 3632 1684 3687 homi-

150 3733 253 3783 nem,
273 3721 394 3775 alter
431 3722 819 3777 tantummodo
851 3724 1023 3778 solum
1057 3725 1248 3779 Deum.
1283 3727 1417 3792 Quia
1445 3730 1570 3782 licet
1600 3727 1685 3783 di-

149 3825 257 3865 versa
282 3813 527 3883 dixerint,
558 3831 660 3885 par
689 3827 867 3872 tamen
910 3817 1078 3885 ipsius
1108 3818 1442 3873 diversitatis
1488 3821 1681 3888 impie—

150 3909 218 3956 tas.
247 3903 341 3959 Nisi
369 3907 508 3975 quod
559 3908 610 3961 si
644 3908 752 3963 ulla
792 3907 935 3965 inter
964 3910 1229 3963 malorum
1260 3911 1680 3980 magnitudinem

150 4003 276 4061 potest
293 4011 403 4053 esse
426 3998 712 4065 discretio,
740 3998 1052 4070 injuriosior
1082 3999 1415 4070 blaSphemia
1450 4012 1539 4059 tua
1570 4015 1679 4071 est,

149 4088 404 4153 quasolum
437 4088 718 4146 hominem
748 4093 971 4159 asserit,
1019 4109 1177 4163 quam
1212 4095 1298 4150 illa
1342 4112 1462 4166 quae
1505 4099 1679 4153 solum

150 4174 298 4245 Deum;
329 4182 446 4249 quia
480 4182 619 4237 licet
649 4192 936 4254 utrumque
966 4185 1165 4241 malum
1201 4188 1293 4255 sit,
1324 4190 1682 4247 contumelio-

149 4270 223 4324 sius
241 4281 394 4329 tamen
423 4286 508 4331 est
523 4276 708 4334 divina
726 4278 953 4335 Domino
978 4295 1139 4350 quam
1156 4281 1389 4339 humana
1408 4287 1675 4356 rapuisse.

150 4358 263 4418 Fides
280 4380 397 4437 ergo
428 4368 548 4425 hmo
578 4380 785 4425 tantum
817 4373 1101 4439 catholica,
1137 4373 1256 4429 haec
1297 4384 1501 4432 tantum
1551 4395 1681 4436 vera

149 4466 219 4520 est,
241 4456 504 4517 Dominum
533 4464 726 4519 Iesum
738 4463 1011 4520 Christum
1045 4466 1187 4522 sicut
1210 4468 1400 4536 Deum,
1425 4470 1497 4526 ita
1516 4479 1571 4525 ct
1588 4473 1682 4528 ho-

149 4548 377 4620 minemmt
393 4558 533 4613 sicut
559 4559 952 4627 hominem,ita
972 4570 1026 4618 et
1043 4560 1209 4618 Deum
1232 4564 1477 4620 credere.
1500 4564 1681 4623 Omnis

1787 3367 1850 3409 ea
1883 3352 2002 3423 ipsa
2033 3368 2152 3422 qua:
2194 3350 2335 3406 Deus
2362 3350 2417 3405 in
2451 3349 2713 3422 mysterio
2757 3347 3081 3418 prmdicarat
3104 3346 3376 3416 exposuit.

1787 3448 1921 3502 Cum
1950 3448 2092 3503 enim
2123 3448 2191 3501 de
2212 3444 2467 3515 coniugio
2488 3443 2716 3508 carnali,
2749 3441 2893 3497 unde
2926 3441 3288 3510 interrogatus
3319 3439 3375 3495 in

1789 3540 2086 3611 Evangelio
2116 3541 2366 3595 Salvator
2390 3539 2590 3605 fuerat,
2634 3536 2964 3606 disputaret,
3002 3534 3287 3604 replicavit
3313 3546 3378 3588 ea

1788 3635 1924 3705 ipse,
1960 3634 2154 3705 quibus
2184 3633 2274 3688 ille
2307 3646 2434 3687 usus
2464 3639 2595 3685 tunc
2617 3628 2812 3696 fuerat,
2848 3628 2977 3698 legis
3002 3624 3204 3682 veteris
3237 3624 3379 3679 teSti-

1787 3726 1988 3794 monia,
2022 3726 2229 3780 scilicet
2258 3734 2318 3780 ut
2349 3722 2745 3793 intelligeretur
2788 3719 2932 3790 quod
2975 3717 3222 3774 eamdem
3258 3732 3375 3773 rem
3454 3736 3455 3739 ‘

1786 3826 2084 3888 exponeret
2112 3816 2203 3887 qui
2236 3814 2427 3870 iisdem
2460 3812 2787 3868 testimoniis
2810 3820 3075 3865 uteretur.
3099 3807 3377 3878 Adjiciens

1788 3920 2075 3980 praeterea,
2110 3923 2177 3963 ne
2199 3908 2392 3963 deesse
2422 3920 2607 3961 causae
2645 3902 2849 3974 aliquid
2884 3902 3177 3965 videretur,
3210 3900 3375 3954 etiam

1784 4003 1997 4058 carnale
2024 4000 2355 4072 conjugium,
2402 3998 2645 4054 mulieris
2671 4011 2889 4068 quoque
2923 4011 2988 4050 ac
3024 3994 3126 4048 viri
3151 4009 3372 4057 nomen,

1784 4112 1918 4167 quos
1946 4096 2012 4151 ad
2054 4102 2297 4150 mutuum
2329 4092 2720 4148 adhortabatur
2746 4090 3021 4157 allectum,
3054 4087 3125 4141 ita
3155 4085 3331 4155 posuit
3358 4101 3375 4141 :

1790 4188 1924 4253 Viri,
1950 4188 2149 4260 diligite
2168 4202 2355 4242 uxores
2383 4194 2596 4251 vestras,
2615 4185 2743 4237 sicut
2761 4192 2806 4236 et
2835 4179 3069 4235 Christus
3093 4178 3373 4233 Ecclesium

1785 4283 2003 4357 (Ephes.
2039 4283 2114 4354 v).
2138 4282 2205 4337 Et
2228 4281 2421 4336 iterum
2447 4297 2461 4333 :
2493 4277 2581 4332 Ita
2610 4289 2656 4332 et
2672 4277 2765 4331 viri
2794 4276 2972 4330 debent
3002 4274 3215 4344 diligere
3244 4288 3371 4327 uxo-

1781 4398 1863 4436 res
1893 4396 2035 4445 suas,
2064 4387 2117 4432 ut
2140 4392 2357 4445 corpora
2385 4391 2499 4429 sua.
2536 4373 2638 4438 Qui
2666 4387 2876 4425 uxorem
2898 4386 3044 4423 suam
3073 4368 3267 4438 diligit,
3294 4382 3370 4419 se-

1781 4473 1951 4543 ipsum
1972 4469 2160 4542 diligit.
2179 4465 2346 4521 Nemo
2366 4480 2610 4536 umquam
2632 4479 2840 4516 carnem
2860 4478 3006 4515 suam
3036 4461 3154 4515 odio
3172 4459 3370 4523 habuit,

1782 4565 1870 4620 sed
1897 4564 2059 4619 nutrit
2086 4570 2134 4617 et
2174 4561 2309 4631 {ovet
2352 4576 2484 4628 eam,
2524 4559 2653 4613 sicut
2697 4566 2746 4612 et
2788 4555 3022 4611 Christus
3060 4553 3368 4618 Ecclesium,

1150 4720 1408 4779 ALARDI
1445 4722 1673 4780 GAZAZI
1710 4718 2288 4781 COMMENTARIUS.

196 4861 212 4889 ⁸
241 4853 833 4913 IlanichmusChristum
856 4871 1040 4913 veram
1067 4871 1312 4921 carnem,
1333 4857 1538 4913 scilicet
1566 4858 1663 4913 hu-
1688 4859 1743 4920 Ι)
1770 4858 2008 4913 litteram
2035 4856 2237 4910 dictum
2264 4862 2348 4909 est
2374 4869 2403 4908 a
2431 4852 2684 4919 Domino,
2719 4851 3015 4920 allegorice
3052 4864 3363 4905 accommo-

148 4937 322 4991 tsanatn,
348 4930 707 4994 assumpsisse
740 4929 993 4997 negabat,
1025 4928 1119 4983 sed
1158 4928 1474 4999 phantasma
1508 4930 1667 4984 dnm-

148 5004 250 5075 laxat
271 5010 350 5052 aut
379 5001 834 5075 inanesnectrum
871 5000 1147 5075 homimtm
1175 5002 1484 5070 aspectibus
1516 5001 1667 5071 obje-

148 5070 271 5142 Cisse;
289 5080 669 5139 proptereaque
696 5072 965 5127 Christum
992 5082 1047 5125 ut
1072 5070 1237 5124 Deum
1264 5081 1471 5126 tantum
1503 5070 1666 5142 agno-

148 5138 303 5212 scebat,
355 5156 455 5197 non
512 5138 677 5196 etiam
730 5143 1030 5197 hominem.
1098 5143 1417 5197 Econtrario
1467 5138 1665 5212 Ebion,

146 5204 403 5277 Cerynthus,
448 5224 505 5268 et
540 5214 736 5268 horum
778 5222 1013 5269 sectator
1043 5212 1344 5279 Nestorius,
1394 5204 1667 5270 hominem

150 5284 298 5355 tantum
325 5283 689 5352 oblatrabant,
733 5294 789 5339 ut
825 5301 970 5351 smpe
1016 5285 1364 5355 dictumest.
1419 5285 1555 5339 llinc
1604 5288 1662 5339 l).

148 5342 439 5430 Ilieronxtiius
465 5357 530 5430 in!
574 5342 696 5424 cap'.
728 5356 849 5430 tad
894 5342 1115 5411 Galatas
1147 5373 1159 5407 :
1225 5354 1467 5430 Ecclesia:
1517 5356 1664 5430 ﬁdes,

149 5424 428 5499 I9qtth,_inter
452 5426 713 5495 falsorum
742 5428 1039 5499 dogmatum
1066 5428 1357 5499 naufragiq
1372 5428 1666 5499 constituta,

148 5488 421 5568 8i_Cltristum
452 5488 689 5564 '{ateatur
730 5488 987 5553 hominem
1016 5541 1030 5562 ,
1081 5488 1283 5559 Ebion:
1321 5488 1669 5568 Photinusque

150 5561 380 5643 “irrepant.
427 5561 485 5624 Si
520 5572 689 5643 Deum
733 5587 843 5625 esse
884 5561 1223 5638 contenderit,
1259 5561 1671 5643 Manio/transiet

151 5624 343 5718 ξανάοῃ,
372 5651 416 5693 et
445 5642 637 5718 novelli
673 5624 929 5718 dogmatis
965 5624 1465 5718 auctor_eitttlliuitt_._
1490 5641 1557 5718 Et
1604 5642 1665 5694 Ι).

150 5696 411 5779 insuavius
443 5716 537 5767 lib.
602 5715 667 5769 de
718 5696 1066 5770 limresiltns:
1130 5714 1361 5769 Ebionwi
1407 5712 1666 5767 Christum

150 5783 257 5829 deum
285 5787 623 5838 tantummodo
647 5786 898 5841 hominem
928 5789 1126 5842 dicunt.

198 5841 217 5881 ⁵
247 5850 375 5917 Οιιοιι
402 5856 468 5911 tle
496 5858 882 5928 conjunctione
912 5841 1013 5915 viri
1049 5868 1104 5913 et
1136 5858 1332 5914 uxoris
1362 5854 1662 5913 secundum

1774 4929 1867 4985 dat
1894 4934 2095 4983 Auctor
2133 4926 2199 4980 ad
2234 4924 2549 4997 mysterium
2581 4922 3137 4997 Incarnationis,_qno
3165 4922 3362 4975 divini«

1777 5012 1857 5055 tas
1878 5010 1935 5055 et
1957 4998 2265 5053 humanitas
2287 4991 2367 5050 sic
2394 4998 2443 5050 in
2470 5010 2571 5049 una
2602 4993 2876 5067 hypostasi
2894 4991 3196 5067 conjunctae
3209 5002 3357 5057 sunt,

1776 5082 1832 5127 ut
1855 5072 2001 5127 nulla
2031 5072 2242 5125 ratione
2264 5068 2505 5136 separari
2530 5082 2592 5121 ac
2619 5064 2795 5120 dirimi
2826 5074 3045 5135 queant.
3077 5064 3143 5118 Et
3170 5073 3361 5119 notan-

1775 5144 1903 5199 dum
1933 5141 2072 5207 quod
2101 5156 2206 5195 non
2238 5139 2374 5193 dixit
2401 5139 2679 5204 Dominus,
2712 5136 2857 5204 Quos
2885 5138 3022 5189 Deus
3041 5138 3353 5202 conjunxit,

1777 5216 1871 5271 sed
1895 5234 1907 5269 :
1944 5206 2090 5279 Quod
2114 5212 2252 5265 Deus
2280 5210 2585 5279 conjunxit;
2605 5218 2660 5263 ut
2688 5224 2793 5262 non
2824 5218 3091 5279 tamquam
3116 5207 3191 5279 de
3218 5206 3357 5260 duo-

1778 5230 1871 5271 sea
1895 5234 1907 5269 :
1944 5230 2087 5279 quoa
2114 5230 2252 5265 ucus
2280 5230 2373 5264 con
2404 5230 2660 5277 unxtt;m
2688 5230 2793 5262 mm
2824 5230 3091 5276 tamquam
3125 5230 3191 5260 uc
3218 5230 3355 5260 υιιυ-

1778 5286 1902 5351 bus,
1931 5286 2025 5340 sed
2058 5294 2328 5353 tamquam
2358 5230 2426 5337 de
2457 5297 2564 5334 uno
2587 5295 2824 5353 corpore
2854 5279 2996 5348 quni
3040 5278 3318 5353 videret-ur
3346 5295 3355 5327 :

1774 5347 1899 5426 quia
1930 5356 2086 5422 paulo
2116 5347 2247 5426 anie
2291 5353 2500 5426 dixerat
2532 5368 2546 5406 :
2578 5347 2762 5426 Itaque
2779 5354 2893 5426 jam
2929 5347 3039 5426 non
3070 5358 3187 5403 sunt
3218 5347 3353 5426 duo,

1773 5419 1864 5480 sed
1896 5419 1999 5481 una
2038 5443 2180 5479 caro.
2221 5425 2371 5493 Quod
2398 5424 2556 5479 etiam
2586 5425 2635 5476 in
2668 5419 2979 5495 mysterium
3024 5419 3354 5495 Incarnatio-

1772 5499 1855 5553 nis
1886 5499 2131 5567 quadrat,
2158 5498 2247 5551 ubi
2278 5497 2412 5550 Deus
2439 5504 2487 5549 et
2508 5495 2658 5548 homo
2687 5493 2786 5548 non
2815 5496 2935 5553 duo,
2984 5493 3070 5567 sed
3120 5506 3248 5543 unus
3282 5500 3356 5567 est

1773 5562 2024 5633 Christus,
2074 5562 2177 5622 una
2210 5568 2544 5638 hypostasis.
2590 5582 2753 5621 unum
2802 5562 3157 5633 suppoeitnm,
3208 5562 3353 5631 quod

1771 5640 1997 5695 dissolvi
2030 5655 2090 5694 ac
2118 5636 2356 5706 separari
2391 5636 2593 5707 nequit.

1845 5723 1867 5751 ε
1918 5713 2119 5781 Nempe
2176 5704 2241 5763 ad
2294 5704 2777 5777 intern'tgatioitem
2834 5704 3227 5781 Pharismnrum
3284 5705 3353 5761 de

1768 5786 1971 5838 carnali
2000 5778 2250 5854 conjugio
2278 5783 2376 5849 viri
2401 5793 2455 5838 et
2490 5784 2755 5846 mulieris,
2786 5787 2844 5834 et
2872 5781 3051 5833 causis
3076 5778 3353 5835 dimitten-

1766 5856 1851 5912 da:
1881 5854 2090 5912 uxoris.
