3970 6344
170 356 247 422 ίίθ
1116 342 1208 399 DE
1246 336 1757 401 INCARNATIONE
1794 337 2067 400 CHRISTI
2104 341 2234 398 LIB.
2276 339 2341 397 V.

3263 340 3366 404 I50

170 492 264 543 tum,
279 466 442 541 inquit,
470 460 565 519 hoc
593 480 833 536 magnum
862 471 955 520 est.
986 462 1241 520 Removit
1262 465 1446 536 utique
1475 464 1543 521 de
1573 463 1675 518 hoc
1703 461 1758 524 Α
1782 469 1887 516 tem
1914 460 2151 516 faciliora
2188 470 2540 531 cognoscant,
2570 468 2629 517 ιιι
2648 475 2770 518 cum
2790 459 3181 534 promptiorem
3208 461 3369 520 intel-

166 568 338 631 omnino
369 569 418 617 et
450 559 743 628 amputavit
768 558 1043 614 carnalem
1078 558 1437 622 intellectum,
1471 556 1563 612 ubi
1591 573 1678 612 sa-

166 666 433 721 cramentum
460 652 674 723 penitus
703 650 837 706 dixit
870 666 993 707 esse
1022 650 1285 705 divinum.
1334 651 1397 704 Et
1434 648 1561 718 quid
1590 656 1673 703 ta-

163 771 253 815 men
275 761 375 821 post
401 746 495 802 ista
520 744 792 800 subdidit?
816 752 843 783 ⁸
868 743 983 817 Ego
999 754 1168 801 autent
1186 745 1302 799 dico
1321 744 1373 797 in
1398 742 1601 798 Christo
1631 752 1681 799 et

161 868 199 907 ut
217 842 422 902 Ecclesia.
445 838 575 894 Cum
598 838 843 907 dixisset,
869 848 1272 895 sacramentum
1295 837 1397 893 hoc
1427 852 1675 909 magnum

161 950 366 998 estzuon
386 931 536 994 dixit,
590 930 704 985 lucc
741 940 824 986 est
877 934 1146 1002 expositio
1188 931 1535 988 sacramenti.
1570 928 1680 987 Sed

161 1024 415 1100 quid'tEgo
457 1030 637 1075 autem
669 1020 815 1088 dico,
846 1020 901 1075 in
954 1021 1173 1077 Christo
1222 1021 1361 1077 etin
1410 1020 1675 1076 Ecclesia.

157 1123 240 1179 Hoc
260 1126 334 1175 est
377 1114 596 1170 dicere:
638 1114 773 1169 Illud
803 1115 1024 1186 quidem
1075 1131 1326 1187 magnum
1371 1128 1457 1172 est
1501 1131 1681 1171 sacra-

158 1220 363 1271 mentum,
387 1204 476 1260 sed
502 1220 604 1276 ego
627 1206 679 1260 in
708 1205 924 1261 Christo
953 1206 1077 1262 dico
1108 1216 1165 1263 et
1196 1209 1247 1262 in
1269 1207 1531 1263 Ecclesia.
1567 1208 1680 1262 Hoc

157 1316 230 1371 est,
257 1312 303 1356 ut
322 1300 346 1339 δ
372 1298 487 1368 quia
509 1314 704 1367 capere
725 1298 860 1353 illud
886 1299 951 1354 ad
980 1316 1223 1371 prmsens
1241 1301 1463 1356 forsitan
1490 1315 1679 1356 omnes

157 1414 235 1455 non
248 1400 445 1466 queunt,
470 1392 559 1445 vel
583 1390 689 1446 hoc
710 1392 947 1462 capiant,
982 1392 1125 1463 quod
1154 1402 1334 1448 tamen
1366 1392 1432 1447 ab
1456 1392 1549 1447 illo
1572 1407 1679 1448 non

156 1490 389 1555 discrepat,
405 1497 502 1537 nec
524 1482 799 1538 diversum
815 1493 919 1551 est,
937 1484 1062 1554 quia
1077 1494 1366 1554 utrumque
1382 1485 1449 1539 de
1466 1482 1683 1539 Christo

157 1590 231 1637 est.
253 1576 342 1634 Sed
376 1576 460 1631 cui
491 1575 849 1637 profundiora
878 1576 971 1632 illa
1001 1591 1108 1633 non
1150 1578 1393 1648 capiunt,
1425 1580 1539 1634 haec
1574 1578 1682 1633 sal-

1778 554 1975 610 lectum
2002 555 2268 623 coeperint
2293 571 2508 628 capere,
2542 557 2609 612 ad
2643 556 2893 613 altiorem
2930 558 3148 612 valeant
3178 554 3374 627 perve-'

1778 650 1921 714 nire,
1962 657 2019 705 et
2050 650 2312 719 planioris
2351 666 2493 708 nunc
2544 651 2622 708 rei
2669 651 3022 723 adipiscentia
3062 653 3135 709 sit
3182 661 3367 724 postea

1781 741 2155 811 protundioris
2185 741 2289 797 via.

2384 834 2613 892 CAPUT
2652 836 2769 894 XII.

1783 926 1963 983 Latius
1993 928 2205 1003 exponit
2241 927 2504 1003 quodnam
2543 928 2679 1003 illud
2702 940 3089 1003 sacramentum
3125 933 3191 985 sit
3232 932 3371 1003 quod

1989 998 2083 1053 sub
2110 999 2204 1053 uiri
2231 1007 2277 1053 et
2305 1000 2485 1053 uxoris
2516 1001 2807 1056 nominibus
2836 1003 3161 1074 designatur.

1852 1115 2008 1184 Quod
2047 1130 2178 1187 ergo
2204 1130 2458 1187 magnum
2489 1116 2619 1172 illud
2657 1127 2741 1172 est
2771 1128 3193 1188 sacramentum,
3224 1120 3370 1191 quod

1786 1206 1887 1263 sub
1914 1207 2019 1263 viri
2045 1218 2206 1279 atque
2231 1210 2415 1265 uxoris
2436 1210 2654 1265 nomine
2679 1210 3029 1280 designatur?
3051 1212 3369 1279 Apostolum

1783 1302 1957 1371 ipsum
1989 1302 2405 1373 interrogemus,
2438 1303 2531 1373 qui
2559 1303 2625 1359 ad
2654 1302 2952 1359 docendam
2980 1306 3226 1360 eamdem
3255 1322 3369 1361 rem

1782 1394 1911 1449 alibi
1932 1394 2112 1451 verbis
2139 1397 2217 1451 rei
2249 1397 2415 1467 ipsius
2437 1412 2568 1453 usus
2596 1406 2679 1454 est
2707 1399 2893 1453 dicens
2919 1416 2932 1453 :
2962 1410 2983 1438 ο
3014 1397 3083 1452 Ει
3106 1401 3375 1470 manifeste

1786 1504 2029 1557 magnunt
2055 1498 2129 1542 est
2169 1490 2369 1558 pietatis
2398 1501 2800 1555 sacramentum,
2826 1492 2962 1559 quod
2989 1491 3372 1560 manifestatum

1788 1590 1860 1633 est
1882 1580 1935 1633 in
1960 1596 2136 1649 carne,
2154 1581 2503 1650 justi/iratum
2525 1590 2597 1636 est
2629 1582 2681 1635 in
2706 1582 2913 1654 spiritu,
2940 1584 3184 1653 apparuit
3213 1598 3371 1654 ange-

1160 1714 1419 1773 ALARDI
1454 1714 1690 1773 GAZASI
1730 1713 2301 1773 COMMENTARIUS.

158 1833 274 1880 item;
298 1824 347 1871 et
371 1822 989 1887 matremsynagogam,
1026 1815 1113 1870 cui
1142 1825 1410 1885 quatenus
1439 1814 1677 1887 Judaeus,
1712 1819 1759 1879 Β
1789 1814 1956 1887 nium,
2002 1813 2659 1887 rationeisigniﬁcationis,
2699 1814 2818 1884 quia
2859 1813 3120 1886 signiﬁcat
3158 1831 3374 1887 CONJNN‘

155 1890 335 1949 suberat,
363 1884 681 1957 dereliquit,
704 1896 759 1939 ιιι
783 1887 937 1940 uxori
964 1901 1062 1941 seu
1084 1884 1299 1957 spOnsa:
1325 1902 1460 1955 suae,
1491 1886 1542 1940 id
1574 1897 1675 1950 est,

156 1959 351 2015 Ecclesiae
376 1955 614 2025 gentium
642 1958 964 2011 adhaereret.
1004 1960 1049 2013 A
1089 1955 1190 2025 qua
1223 1959 1559 2027 espositione
1584 1973 1681 2011 ve-

159 2042 280 2100 terum
306 2027 511 2082 Patrum
550 2027 793 2082 nonnihil
816 2027 1074 2100 deﬂectit
1101 2028 1303 2100 Auctor
1346 2028 1496 2100 (Cap.
1525 2028 1677 2100 seq.),

158 2112 198 2157 ut
224 2099 338 2155 hunc
368 2100 546 2151 locum
587 2099 828 2165 Apostoli
874 2100 939 2153 ad
987 2114 1141 2153 suum
1171 2099 1472 2154 institutum
1504 2102 1682 2154 trahat

162 2168 564 2228 elsccommodet.
596 2168 728 2223 Nam
758 2170 901 2239 quod
930 2170 1006 2224 illi
1035 2171 1104 2225 de
1129 2171 1508 2240 conjunctione
1534 2170 1682 2224 Chri-

166 2245 293 2297 ticum
320 2240 577 2305 Ecclesia,
620 2251 675 2294 ut
703 2243 864 2295 verba
900 2242 1138 2310 Apostoli
1163 2257 1287 2311 prie
1327 2257 1387 2297 se
1421 2242 1599 2296 ferunt
1627 2251 1683 2297 et

169 2316 331 2383 exigunt,
376 2314 475 2364 hoc
525 2313 643 2381 ipse
683 2312 752 2366 de
797 2313 1182 2381 conjunctione
1223 2314 1518 2368 divinitatis
1558 2328 1679 2367 cum

166 2387 281 2439 anima
321 2383 369 2455 in
414 2383 826 2455 carne‘Christi
878 2384 1289 2455 interpretatur,
1336 2392 1394 2455 ut
1436 2385 1681 2455 sequenti

162 2471 237 2521 cap.
259 2454 436 2507 clarius
469 2453 699 2521 patebit.
734 2454 905 2509 Porro
949 2453 1089 2510 solet
1131 2456 1291 2510 etiam
1338 2453 1425 2510 hic
1468 2453 1615 2510 locus
1650 2470 1681 2509 a

158 2525 339 2581 Panibus
366 2524 568 2578 adduci
600 2526 665 2579 ad
703 2527 1164 2580 confirmationem
1201 2526 1553 2580 ecclesiastici
1586 2528 1683 2579 do-

156 2597 311 2665 gmatis.
333 2596 466 2665 quod
493 2597 885 2650 matrimonium
908 2598 973 2651 sit
996 2606 1387 2651 sacramentum.
1423 2599 1510 2652 Sic
1537 2597 1679 2651 enim

152 2670 221 2737 ipsi
245 2666 382 2722 verba
412 2666 669 2736 Apostoli
709 2668 1110 2733 intellexerunt,
1154 2678 1211 2723 ut
1251 2682 1545 2739 pronomen
1585 2669 1681 2721 hoe

154 2756 227 2810 non
255 2739 404 2793 solum
448 2739 661 2793 referat
701 2741 1019 2810 mysterium
1063 2741 1236 2795 latens
1274 2741 1328 2793 in
1359 2740 1539 2792 verbis
1570 2739 1677 2792 illis

152 2809 310 2871 Adtmi,
339 2824 531 2876 nempe
579 2809 1053 2876 desponsationem
1093 2825 1157 2865 ac
1195 2810 1448 2865 unionem
1481 2810 1680 2864 Christi

149 2896 234 2933 cum
257 2880 492 2946 Ecclesia,
525 2892 592 2934 ut
611 2881 811 2934 dictum
834 2891 943 2947 est;
976 2897 1163 2936 verum
1186 2884 1349 2935 etiam
1371 2896 1487 2935 rem
1512 2882 1681 2947 primo

150 2951 434 3019 signiﬁcatam
465 2951 662 3006 iisdem
694 2952 898 3020 verbis,
946 2964 1069 3019 puta
1101 2953 1463 3008 arctissimum
1496 2953 1681 3006 matri-

148 3022 269 3075 monii
293 3021 556 3076 vinculum
593 3032 648 3078 et
686 3024 1125 3089 conjunctionem
1162 3022 1497 3093 conjugalem
1543 3025 1681 3076 inter

149 3095 277 3147 virum
304 3104 349 3147 et
376 3108 605 3148 uxorem
638 3110 800 3164 :qute
838 3094 1147 3164 conjunctio
1179 3094 1302 3149 licet
1341 3104 1446 3147 tam
1480 3094 1529 3146 in
1564 3095 1679 3162 lege

150 3174 320 3230 naturae,
349 3179 504 3231 quam
531 3165 787 3227 Mosaica.
822 3180 926 3220 non
960 3166 1063 3220 nisi
1092 3165 1352 3220 naturalis
1374 3173 1679 3219 contractus

146 3234 262 3288 luerit
288 3238 332 3289 in
360 3236 607 3289 alliciunt
638 3239 851 3306 quidem
891 3246 1097 3291 natura:
1136 3246 1261 3292 ante
1293 3244 1590 3305 peccatum,
1627 3239 1677 3290 ιιι

149 3306 384 3359 remedium
430 3317 622 3360 autem
671 3307 1123 3375 concupiscentia:
1176 3318 1295 3376 post
1348 3318 1623 3373 peccatum
1663 3325 1675 3359 :

148 3377 263 3429 modo
288 3388 473 3441 tamen,
511 3377 621 3431 hoc
649 3386 752 3441 est,
795 3379 847 3431 in
889 3376 1115 3443 Christo,
1158 3380 1274 3433 sive
1302 3378 1403 3431 sub
1441 3379 1675 3443 Christo,

145 3457 185 3501 et
202 3449 240 3499 in
258 3444 469 3503 Ecclesia
490 3465 745 3520 magnum
768 3459 843 3503 est
867 3460 1261 3513 sacramentum,
1290 3449 1337 3503 id
1361 3461 1461 3510 est,
1490 3464 1678 3504 verum

148 3526 183 3590 et
204 3524 384 3590 proprie
401 3521 615 3574 dictum
646 3536 797 3574 nova:
822 3521 955 3590 legis
988 3531 1409 3585 sacramentum,
1436 3521 1574 3583 quod
1598 3530 1679 3575 e<t

146 3588 372 3644 invisibilis
397 3591 593 3656 gratim
631 3594 843 3659 signum
881 3588 1077 3646 efﬁcax
1125 3608 1153 3645 a
1200 3589 1418 3645 Christo
1457 3592 1681 3645 Domino

145 3660 586 3732 iustitutnmlblag.
609 3662 753 3718 Sent.
776 3668 828 3716 in
852 3678 902 3717 tv
928 3664 1165 3725 dist.26;
1195 3662 1255 3718 S.
1282 3661 1466 3715 Thom.
1486 3678 1504 3725 ,'
1527 3662 1681 3717 Sottts

145 3741 176 3803 et
205 3734 277 3782 alii
324 3733 497 3799 ibid.).
544 3734 607 3787 Id
667 3742 811 3800 patet
867 3751 931 3788 ex
969 3733 1198 3789 concilio
1227 3733 1538 3787 Florentino
1574 3732 1679 3803 (In

144 3800 298 3855 decreto
325 3802 559 3858 Armeuis
594 3810 757 3867 dato),
806 3804 895 3859 ubi
942 3807 1081 3859 inter
1109 3817 1313 3874 septem
1346 3800 1680 3859 sacramenta

143 3886 253 3925 nova:
274 3874 393 3937 legis
416 3884 819 3930 annumeratur
840 3878 1268 3935 matrimonium;
1295 3886 1344 3929 el
1368 3876 1679 3939 expressius

144 3957 187 4013 ᾳ
229 3947 438 3997 concilio
494 3946 819 4000 Tridentino
876 3943 1032 4013 (Cap.
1091 3946 1171 3999 Ad
1223 3947 1565 4013 abolendam,
1616 3946 1681 3999 de

142 4009 294 4086 liceret.
321 4033 367 4069 ss
403 4013 494 4077 ει.
522 4019 581 4070 in
612 4022 777 4070 doctr.
807 4009 1127 4073 de'Sacrum.
1157 4015 1429 4086 matrim.),
1462 4009 1562 4069 ubi
1580 4016 1680 4072 hoc

142 4083 271 4148 ipsum
297 4087 547 4142 delinitur
592 4087 673 4140 his
710 4087 891 4142 verbis
940 4108 953 4143 :
997 4086 1231 4141 Gratiam
1258 4083 1397 4151 vero,
1434 4103 1549 4155 quin
1588 4104 1681 4141 na-

143 4159 311 4207 turalem
351 4159 502 4210 illum
553 4174 785 4213 amorem
828 4160 1122 4226 perliceret,
1174 4170 1220 4211 et
1274 4157 1679 4211 indissolubilent

141 4227 337 4300 anitatem
376 4230 737 4297 conﬁrmaret.
781 4231 1122 4300 conjugesque
1163 4229 1528 4295 sancti/icaret,
1571 4230 1680 4297 ipse

144 4292 325 4370 Christus
359 4292 735 4353 uenerabilium
769 4292 1202 4353 sacratiteniorutn
1235 4292 1493 4353 inst—initur
1520 4292 1681 4370 atque

142 4369 363 4441 perfector,
391 4386 487 4422 sua
528 4372 680 4423 nobis
714 4373 951 4441 passione
980 4374 1277 4438 promeruit,
1310 4370 1445 4436 quod
1481 4370 1678 4425 Paulus

142 4438 351 4512 Epostolus
389 4443 565 4493 innuit
604 4438 815 4512 dicens;
849 4440 982 4503 Vtri,
1025 4443 1223 4512 diligite
1250 4458 1434 4495 uxores
1462 4454 1675 4506 vestras,

142 4508 230 4559 tim
267 4508 490 4564 Christus
540 4514 720 4565 dilexit
763 4510 1065 4572 Ecclesium.
1112 4508 1160 4566 et
1199 4514 1419 4580 scipsum
1461 4513 1675 4564 tradidit

1786 1886 2008 1938 ctionem
2038 1884 2228 1937 Christi
2259 1884 2305 1937 et
2338 1884 2601 1939 Ecclesiae.

1859 1965 1884 1992 α
1925 1955 2217 2025 Annotavit
2258 1956 2318 2009 υ.
2365 1955 2741 2025 Hieronymus,
2774 1964 2825 2010 et
2857 1965 2982 2011 ante
3026 1958 3196 2025 ipsum
3242 1959 3375 2016 Gre-

1782 2026 1964 2100 gorius
2014 2024 2385 2100 Nazianzenus
2438 2024 2754 2100 pafticulam
2812 2026 2984 2100 illam,
3035 2024 3149 2100 Ego
3200 2040 3371 2100 autem

1784 2097 1922 2162 dico,
1955 2098 2235 2167 motlesutn
2263 2106 2319 2151 et
2351 2097 2667 2152 humilitatis
2691 2112 2850 2152 causa
2885 2098 2952 2153 ab
2989 2097 3250 2167 Apostolo
3277 2102 3371 2155 ad-

1784 2168 1949 2221 ditam
1979 2185 1992 2220 :
2025 2166 2366 2233 Huntilitatis,
2397 2170 2590 2238 inquit,
2617 2172 2729 2240 ejus
2755 2168 3004 2221 indicium
3032 2166 3125 2231 est,
3153 2171 3371 2295 itct'feren-

1784 2239 1849 2292 tis
1884 2255 1901 2293 :
1931 2237 2045 2295 an
2080 2250 2248 2291 autent
2279 2239 2395 2293 dico
2420 2242 2471 2293 in
2500 2238 2705 2295 Christo
2730 2249 2778 2292 et
2808 2240 2862 2293 in
2893 2237 3144 2294 Ecclesia.
3228 2259 3371 2295 reao-

1784 2239 1849 2312 tis
1884 2255 1901 2293 :
1931 2237 2045 2312 Ego
2080 2250 2248 2291 autent
2279 2239 2395 2312 dico
2420 2237 2705 2312 in’Chris'to
2730 2249 2778 2292 et
2808 2240 2862 2293 in
2893 2237 3144 2294 Ecclesia.
3178 2237 3374 2312 Grego-

1784 2311 1891 2363 rius
1927 2308 2292 2363 Nazianzenus
2331 2310 2410 2364 vir
2449 2311 2600 2364 valde
2639 2314 2879 2381 eloquens
2910 2320 2954 2363 et
2988 2313 3042 2365 in
3090 2308 3374 2381 Scripturis

1783 2381 2018 2449 apprime
2045 2384 2296 2437 eruditus.
2342 2398 2457 2435 cum
2498 2384 2560 2435 de
2588 2382 2685 2436 hoc
2722 2398 2918 2435 mecum
2954 2393 3196 2437 tractaret
3238 2385 3373 2449 loco,

1783 2450 1976 2504 solebat
2018 2452 2187 2504 dicere
2219 2468 2236 2503 :
2281 2450 2411 2506 Vide
2454 2464 2705 2520 quantum
2744 2453 2893 2506 istius
2938 2453 3155 2521 capituli
3202 2471 3376 2509 sacra—

1783 2532 2009 2593 mentum
2032 2523 2119 2587 sit,
2154 2529 2209 2575 ut
2240 2522 2518 2593 Apostolus
2554 2525 2606 2577 in
2642 2523 2849 2577 Christo
2873 2523 3007 2576 illud
3033 2534 3078 2577 et
3109 2526 3162 2577 in
3190 2523 3377 2580 Eccle-

1782 2592 1860 2664 sia
1887 2593 2251 2663 interpretans,
2277 2592 2377 2647 non
2400 2610 2453 2647 se
2478 2596 2547 2647 ita
2576 2604 2791 2658 asserat,
2820 2604 2873 2647 ut
2896 2597 3170 2648 testimonii
3195 2606 3376 2664 postu-

1785 2661 1923 2715 labat
1945 2661 2193 2733 dignitas.
2225 2680 2478 2734 ea'presse,
2509 2664 2598 2719 scd
2627 2666 3005 2735 quodammodo
3031 2661 3239 2731 dixerit;
3268 2670 3373 2721 scio

1783 2734 1904 2803 quia
1944 2735 2086 2787 locus
2126 2736 2221 2788 iste
2260 2735 2607 2802 ineﬂ'abilibus
2640 2734 2824 2806 plenus
2863 2737 2929 2789 sit
2958 2740 3288 2792 sacramentis
3326 2750 3375 2792 et

1784 2806 2012 2858 divinum
2038 2821 2126 2857 cor
2152 2805 2687 2890 quwratlinterpretis.
2722 2805 2840 2889 Ego
2853 2817 3028 2890 autem
3056 2809 3376 2890 pro_pusilli-

1785 2884 1888 2928 tate
1910 2892 2089 2928 sensus
2120 2878 2238 2941 mei,
2272 2878 2324 2929 itt
2353 2876 2556 2931 Christo
2587 2876 2791 2930 interim
2823 2878 2958 2930 illud
2983 2888 3032 2932 et
3056 2880 3110 2931 in
3142 2876 3375 2932 Ecclesia

1784 2946 2172 3016 intelligendum
2193 2957 2317 3017 puto
2346 2962 2364 3000 :
2384 2964 2485 3001 non
2508 2965 2607 3017 quo
2628 2948 2825 3015 aliquid
2848 2946 3047 3002 Christo
3069 2959 3117 3002 et
3140 2947 3375 3003 Ecclesia

1784 3018 1954 3086 majus
1966 3018 2047 3086 sit,
2074 3020 2163 3069 sed
2185 3019 2326 3085 quod
2348 3028 2530 3082 totunt,
2552 3021 2687 3082 quod
2708 3021 2770 3071 de
2788 3020 2955 3071 Adam
2978 3030 3023 3072 et
3045 3020 3109 3072 de
3129 3018 3239 3072 Eva
3254 3023 3377 3073 dici-

1785 3085 1933 3159 turin
1951 3085 2153 3141 Christo
2174 3100 2217 3140 et
2240 3090 2289 3141 in
2308 3086 2539 3143 Ecclesia
2561 3090 2885 3158 interpretari
2908 3105 3054 3157 posse
3070 3091 3273 3159 difﬁcile
3286 3094 3373 3148 sit.

1855 3158 1882 3197 δ
1915 3158 2095 3212 Locus
2125 3159 2390 3213 obscurus
2427 3169 2482 3214 et
2523 3160 2827 3228 ambiguus.
2860 3160 3001 3227 Quid
3032 3158 3175 3214 enim
3211 3164 3376 3217 refert

1783 3229 1915 3283 illud
1953 3229 2095 3298 quod
2140 3230 2203 3282 ad
2248 3245 2488 3299 prtesens
2530 3231 2758 3285 forsitan
2798 3246 2989 3285 omnes
3032 3247 3229 3300 capere
3267 3250 3376 3288 non

1783 3310 2011 3369 queant,
2042 3301 2221 3353 ethoc
2248 3302 2390 3370 quod
2424 3303 2635 3356 facilius
2664 3303 2918 3370 capiant?
2949 3304 3210 3371 Spectare
3242 3306 3375 3359 mihi

1784 3372 2000 3425 videtur
2027 3371 2193 3425 verba
2232 3374 2591 3439 praecedentia
2633 3390 2645 3427 :
2690 3374 3085 3428 Sacramentum
3130 3377 3226 3427 hoc
3266 3393 3377 3429 ma-

1784 3459 1941 3511 gnum
1984 3453 2078 3504 est,
2122 3458 2224 3496 non
2267 3443 2395 3497 dixit
2439 3460 2457 3497 :
2489 3446 2595 3498 ha’c
2637 3455 2710 3498 est
2753 3446 3003 3515 expositio
3049 3449 3372 3501 sacramenti.

1782 3516 2196 3568 Sacramentnm
2246 3528 2375 3581 ergo
2417 3529 2572 3570 vocat
2617 3516 2760 3581 quod
2811 3533 2875 3570 ex
2922 3517 3042 3581 ipso
3084 3516 3375 3572 verborum

1784 3599 1921 3638 sono
1961 3587 2141 3639 statim
2178 3586 2486 3655 concipitur
2528 3602 2651 3642 esse
2688 3586 2821 3640 illud
2866 3602 3117 3657 magnum
3162 3590 3376 3656 pietatis

1783 3668 2183 3729 sacramentum
2238 3656 2305 3710 ab
2352 3659 2617 3727 Apostolo
2666 3656 3181 3724 commentOt-atum,
3234 3661 3374 3729 quod

1785 3727 2168 3796 manifestatum
2204 3738 2277 3781 est
2314 3729 2368 3780 in
2407 3745 2579 3791 carne,
2618 3732 2668 3783 id
2697 3740 2779 3782 est
2808 3730 3025 3783 verbum
3065 3731 3155 3783 Dei
3190 3727 3376 3786 incar-

1782 3811 1965 3851 natum
2020 3798 2164 3867 quod
2221 3798 2377 3852 initio
2424 3802 2619 3865 capitis
2664 3802 2941 3866 sequentis
3002 3803 3257 3868 proponit
3300 3818 3370 3857 et

1783 3870 2063 3937 Apostolo.
2110 3868 2348 3940 etihunc
2389 3879 2548 3924 vocat
2587 3873 2745 3939 paulo
2786 3887 2928 3938 pom,
2977 3876 3369 3940 promptiorem

1782 3940 2140 3994 intellectum.
2169 3939 2579 4008 Expositiouetn
2604 3955 2783 3995 autem
2810 3939 3370 4000 samarnuntividetur

1782 4010 2083 4082 intelligere
2109 4012 2514 4079 profundiorem
2539 4021 2591 4067 et
2610 4014 3029 4069 reconditiorem
3054 4015 3371 4082 allegoriam

1782 4080 1847 4135 de
1879 4083 2082 4135 Christi
2116 4082 2496 4155 conjunctione
2535 4101 2654 4138 cum
2703 4085 2965 4151 Ecclesia,
3004 4080 3278 4155 νιξιυιῖηιν
3304 4089 3372 4141 tis

1781 4166 1901 4224 cum
1933 4168 2179 4224 corpore,
2217 4153 2402 4217 Sponsi
2432 4172 2551 4209 cum
2586 4171 2783 4224 sponsa
2816 4173 2828 4208 ε
2865 4173 2986 4223 qua:
3037 4172 3141 4211 n0u
3179 4153 3257 4209 ita
3282 4158 3365 4213 fa-

1780 4223 1906 4285 cile,
1937 4234 1990 4277 et
2019 4223 2073 4277 in
2106 4236 2354 4291 promptu
2385 4242 2453 4279 ex
2484 4223 2626 4279 illius
2650 4228 2979 4281 sacramenti
3011 4228 3198 4281 auditu
3230 4244 3368 4283 cou-

1780 4295 1997 4361 cipitur,
2032 4294 2147 4346 licet
2176 4304 2444 4364 utrumque
2469 4299 2534 4349 de
2564 4295 2767 4350 Christo
2802 4299 2886 4356 sit.
2931 4310 2986 4351 ut
3020 4297 3286 4363 aitinfra,
3316 4310 3370 4355 et

1779 4367 1845 4417 ad
1892 4367 2167 4438 Christum
2210 4365 2515 4438 referatur.
2552 4368 2785 4421 Facilius
2826 4370 2991 4432 enim,
3035 4379 3091 4423 ut
3129 4378 3183 4422 et
3216 4372 3370 4438 prius

1780 4447 1992 4501 natura,
2028 4436 2148 4502 quis
2187 4438 2423 4502 concipit
2461 4437 2734 4492 Christum
2768 4454 2889 4492 esse
2925 4440 3088 4495 Deum
3122 4436 3369 4496 incarna-

1780 4517 1914 4569 tttm,
1953 4522 2117 4583 quam
2156 4520 2274 4559 esse
2317 4516 2479 4583 caput
2506 4519 2569 4583 ‘et
2610 4524 2865 4583 Sponsum
2908 4509 3168 4583 Ecclesiae
3210 4529 3223 4565 :
3258 4527 3366 4583 quo

140 4593 203 4643 pro
223 4595 303 4645 ea;
330 4597 446 4633 mox
466 4582 790 4653 subiungens
820 4598 840 4636 :
870 4583 1261 4653 Sat-ramentum
1300 4584 1395 4635 hoc
1434 4600 1676 4653 magnum
1703 4580 1753 4641 D
1782 4580 1997 4653 proprie
2029 4585 2273 4653 spectant
2301 4582 2459 4653 verba
2490 4579 2738 4647 Apostoli
2765 4580 2830 4653 ad
2863 4581 3127 4647 Ephesios
3155 4598 3204 4635 ν.

140 4658 217 4707 ιειέ
236 4668 314 4718 (go
338 4666 511 4705 autem
532 4655 652 4706 dico
670 4650 728 4706 ἰιι
752 4652 954 4707 Christo
980 4666 1026 4707 et
1057 4656 1107 4706 in
1138 4652 1393 4707 Ecclesia.
1423 4650 1549 4707 Cutis
1578 4655 1676 4722 igi-

143 4722 256 4794 lﬂriu
274 4726 375 4789 lege
398 4726 699 4794 evangelica
728 4725 977 4777 veteribus
1003 4725 1267 4778 connubiis
1296 4741 1384 4791 per
1416 4724 1675 4777 Christum

139 4792 263 4853 gratia
301 4792 549 4864 prastetf
596 4798 773 4849 merito
818 4797 951 4849 inter
999 4812 1140 4848 nocte
1185 4795 1310 4865 legis
1356 4807 1677 4849 sacramenta

140 4867 532 4918 annumerandtsm
564 4870 731 4919 sancti
767 4866 943 4919 Patres
980 4868 1160 4928 nostri,
1195 4866 1434 4930 concilia,
1478 4877 1525 4919 et
1560 4869 1677 4919 uni-

142 4934 299 4985 versalis
336 4934 594 4990 Ecclesia
629 4938 837 4991 traditio
875 4954 1074 5009 semper
1113 4939 1419 5009 docuerunt,
1460 4946 1564 4991 etc.
1610 4938 1677 4991 Et

138 5011 298 5079 canone
324 5012 496 5074 primo
527 5008 603 5061 dc
631 5011 819 5063 cadent
848 5024 905 5062 re
929 5008 1073 5063 edito
1103 5026 1114 5060 :
1147 5008 1207 5064 Si
1228 5010 1339 5076 quis
1362 5009 1543 5061 dixerit
1568 5024 1677 5061 ma-

141 5078 379 5146 trimonium
417 5094 525 5131 non
574 5095 683 5132 esse
720 5095 830 5133 uere
857 5090 904 5132 et
935 5080 1143 5146 proprie
1181 5095 1340 5131 unum
1381 5095 1445 5131 ea:
1486 5089 1675 5143 septeni

140 5142 230 5209 (teis
248 5148 542 5218 erangeliec
566 5151 916 5211 sacramentis,
936 5142 976 5202 Va
1005 5142 1205 5203 Christo
1233 5150 1450 5203 Domino
1471 5142 1674 5202 institu-

142 5219 239 5290 llm.
266 5222 343 5271 sed
380 5220 442 5272 ab
484 5220 785 5273 hominibus
821 5222 875 5273 in
914 5219 1153 5275 Ecclesia
1194 5222 1485 5283 inventum;
1516 5237 1675 5290 neque

142 5288 311 5361 gratiam
335 5290 593 5355 conferre,
624 5292 897 5345 anathema
925 5294 1011 5345 sit.
1047 5292 1173 5346 [huc
1205 5293 1295 5344 ibi.
1329 5292 1443 5345 Non
1471 5300 1554 5345 est
1582 5288 1673 5361 de-

142 5360 260 5429 glqtte
284 5362 736 5426 praetereundum,
768 5364 907 5427 quod
948 5362 1035 5417 hic
1073 5376 1329 5429 pneterea
1360 5372 1581 5417 annotat
1609 5360 1663 5417 S.

141 5420 321 5484 Thomas
346 5429 433 5499 (In
460 5420 887 5504 commentario),
921 5420 1321 5503 quod-quatuor
1344 5446 1467 5487 sunt
1492 5448 1671 5486 sacra-

142 5505 273 5575 {Penla
319 5518 431 5571 qua:
471 5504 731 5560 dicuntur
774 5520 994 5575 magna,
1035 5508 1128 5559 sed
1173 5506 1380 5561 diversa
1415 5504 1619 5558 ratione
1654 5522 1669 5558 :

142 5559 393 5645 Baptisnttis,
423 5559 627 5640 inquit,
658 5559 1114 5644 rationeve/fe'etus,
1156 5559 1286 5645 quia
1308 5576 1439 5629 delet
1475 5592 1672 5628 omnem

144 5647 317 5716 “ipsa.
337 5653 380 5696 et
402 5648 571 5716 aperit
593 5648 823 5717 paradisi
838 5650 1077 5718 januam.
1102 5648 1458 5717 Con/irmatio,
1480 5649 1675 5701 ratione

144 5718 477 5787 filmstri,_qnia
504 5724 681 5770 solum
710 5736 741 5771 a
771 5718 1094 5787 pontificibus
1126 5730 1168 5772 et
1196 5738 1296 5772 non
1318 5722 1380 5772 ab
1411 5720 1527 5772 aliis
1552 5736 1677 5772 con-

146 5775 282 5837 lﬂlnr.
320 5775 683 5854 'Eitcharistia,
726 5775 926 5843 rtitione
968 5791 1290 5845 continentia
1333 5790 1426 5851 (id
1466 5801 1560 5857 est,
1602 5790 1673 5843 rei

145 5859 383 5928 mima),
410 5860 533 5930 quia
563 5869 724 5917 totum
754 5860 1012 5919 Christum
1040 5864 1283 5918 continet.
1314 5859 1384 5917 Et
1412 5863 1678 5918 matrimo-

1856 4647 2185 4722 {ﬂaui/este
2214 4646 2632 4722 ὁμολογᾷυμένωο·
2668 4652 2809 4720 quod
2845 4646 3070 4719 perinde
3099 4663 3278 4719 sonat,
3307 4670 3371 4710 ac

1779 4720 1821 4772 si
1853 4720 2022 4780 dicas,
2053 4718 2317 4785 roulesse,
2345 4718 2427 4773 vel
2461 4718 2510 4775 in
2539 4718 2792 4777 confesstt
2814 4718 2917 4777 est.
2952 4724 3104 4779 Unde
3140 4718 3371 4781 Anthro-

1779 4792 1888 4864 sius
1918 4788 2218 4864 periphrasi
2252 4790 2486 4864 reddidit
2516 4812 2527 4845 :
2568 4793 2631 4847 Et
2656 4795 2880 4860 quidem,
2912 4797 3080 4864 inquit
3112 4789 3265 4860 (Lib;
3300 4798 3369 4850 ad

1783 4858 2081 4929 Imperat.),
2129 4860 2352 4913 omnium
2393 4858 2730 4937 cAonfessiotie.
2770 4858 3013 4937 magnum
3054 4858 3128 4921 est
3168 4869 3370 4934 pietatis

1779 4944 2171 5004 sacramentum,
2197 5001 2206 5004 Α
2234 4942 2340 4985 etc.
2397 4932 2631 5004 Cyrillus
2689 4940 2833 4991 hunc
2856 4932 3131 4991 ⁷ιιιιιιιιιριιι
3168 4932 3368 4993 locum

1779 5014 1966 5079 Contra
1998 5001 2303 5079 Nestorium
2342 5001 2580 5073 allegatis
2615 5026 2627 5059 :
2668 5007 2795 5071 Quis
2826 5011 2887 5069 is.
2930 5025 3123 5079 quasso,
3159 5019 3252 5074 est,
3286 5011 3372 5064 in-

1781 5074 1917 5147 quit,
1962 5076 2048 5142 qui
2092 5074 2143 5125 in
2193 5090 2347 5147 carne
2386 5080 2740 5147 ntanifestatus
2782 5081 2897 5133 est?
2940 5074 3021 5133 ᾉη
3060 5074 3160 5133 non
3199 5082 3371 5135 modis

1782 5145 2012 5218 omnibus
2041 5145 2368 5218 perspicuum
2394 5158 2490 5215 est,
2523 5145 2622 5203 non
2644 5152 2801 5203 alium
2832 5168 2960 5215 esse,
2988 5168 3143 5218 quam
3175 5153 3366 5218 ipsum-

1780 5225 1879 5292 ntet
1920 5213 2084 5267 Deum
2124 5213 2384 5292 Verbum?
2409 5213 2550 5292 Hinc
2574 5238 2791 5292 namque
2823 5213 3066 5292 magnum
3097 5213 3229 5276 illud
3263 5224 3369 5289 pie-

1780 5288 1897 5340 tatis
1926 5285 2222 5365 mysterium
2245 5290 2573 5365 perspicitur.
2605 5285 2715 5346 Hic.
2733 5285 2986 5365 autent'ab
3012 5295 3209 5365 angelis
3232 5285 3369 5347 visus

1778 5371 1873 5421 est,
1905 5374 2023 5434 cum
2063 5359 2344 5411 in'caelum
2386 5374 2649 5430 sttsceptus
2699 5374 2791 5417 est.
2837 5359 3169 5434 Pra’dicaius
3212 5381 3365 5434 porro

1777 5430 2015 5501 gentibus,
2037 5439 2229 5501 est‘per
2262 5442 2465 5485 sanctos
2504 5437 2781 5500 apostolos.
2816 5433 3055 5489 Creditus
3091 5430 3261 5487 autem
3292 5446 3365 5488 est

1776 5498 1827 5555 in
1862 5500 2069 5552 tnttntlo.
2103 5498 2208 5555 Sed
2238 5506 2484 5571 numquid
2511 5498 2565 5557 ut
2598 5511 2749 5559 homo
2779 5507 3006 5560 absolute
3033 5509 3192 5558 nostri
3214 5506 3362 5558 sinti-

1777 5574 1879 5627 lis?
1902 5571 2245 5645 Nequaquam
2274 5588 2292 5624 :
2322 5589 2497 5627 rerum
2522 5587 2572 5629 ut
2598 5577 2735 5631 Deus
2766 5578 2918 5631 homo
2947 5583 3131 5645 factus,
3156 5587 3361 5629 nostro-

1776 5662 1869 5719 que
1896 5643 2115 5719 similem
2151 5651 2320 5719 ortum
2362 5650 2591 5702 sortitus.
2627 5643 3162 5719 Assumptus—(arment
3199 5656 3271 5700 est
3310 5650 3362 5701 in

1777 5716 1995 5788 gloriam
2036 5732 2052 5768 :
2095 5732 2193 5781 quo
2235 5714 2441 5771 Patrem
2471 5718 2722 5773 dicentem
2754 5714 2935 5772 audiat
2966 5734 2983 5771 :
3018 5716 3152 5779 Sede
3176 5735 3207 5771 a
3238 5720 3362 5772 dea:-

1780 5791 1870 5841 tris
1903 5788 2232 5864 meistdonec
2258 5804 2443 5863 ponam
2468 5791 2702 5847 inimicos
2731 5801 2841 5847 tuos
2867 5788 3149 5846 scabellunt
3175 5792 3365 5864 pedum,

1762 5870 1981 5918 “tuorum
2013 5858 2183 5927 (Psal.
2212 5860 2342 5930 Ωιι).
