3970 6344
189 355 267 421 133

1139 337 1230 402 DE
1268 340 1785 404 INCARNATIONI‘Z

1822 332 2098 405 CHRISTI
2133 342 2265 405 LIB.
2307 347 2377 406 ν.
3285 351 3390 415 ιδι

183 460 413 536 ίηςρῑτῖιιι,
444 452 726 511 ita‘videre
752 455 913 511 etiam
943 453 996 510 in
1027 470 1189 511 carne
1209 458 1520 515 voluerunt.
1539 460 1701 515 Amen
1725 464 1783 526 Α
1804 460 1937 527 dixi,
1981 461 2072 533 qui
2100 461 2389 520 adventum
2420 463 2588 536 ipsius
2629 465 2986 538 precabantur
3009 510 3024 535 ,
3056 467 3138 526 sic
3167 478 3283 527 erat
3325 490 3391 532 ac

180 565 307 624 enim,
329 551 480 622 inquit
500 548 785 618 Dominus,
814 551 931 605 dico
950 550 1089 606 vobis
1118 553 1241 621 quia
1270 554 1419 608 multi
1440 553 1703 627 prapltetce

180 669 213 714 ιι
228 650 333 730 justi
357 647 611 716 cupierunt
640 643 811 699 videre
839 661 955 717 qua:
990 661 1078 701 vos
1106 647 1327 713 vidistis,
1356 656 1403 703 et
1425 665 1528 703 non
1564 649 1705 705 vide-

176 756 289 807 runt,
313 752 352 797 et
376 735 547 792 audire
570 752 688 808 qut:
713 737 934 794 audistis
973 750 1020 794 et
1049 756 1151 794 non
1182 742 1457 797 audierunt
1484 740 1699 812 (Matth.

177 840 281 909 ιιιι).
312 834 370 889 Et
394 829 511 886 ideo
535 827 701 886 Isaias
731 834 1021 902 propheta,
1049 840 1073 870 ⁸
1105 830 1338 901 Utinam,
1371 835 1564 906 inquit,
1594 828 1703 890 Do-

172 934 301 995 θείης,
336 926 668 994 disrumperes
695 923 872 993 calas,
916 936 965 980 et
1002 926 1332 983 descenderes
1361 927 1492 999 (lsa.
1528 930 1697 1001 Lm).

172 1024 250 1083 Sed
280 1030 324 1077 et
358 1016 554 1073 David:
597 1014 820 1073 Domine
848 1065 864 1090 ,
901 1019 1095 1075 inclina
1136 1023 1307 1087 etelos,
1362 1033 1408 1078 et
1454 1023 1702 1079 descende

170 1116 302 1191 (Psal.
323 1109 512 1181 cmtl).
537 1110 713 1168 Moses
736 1127 952 1185 quoque
980 1113 1044 1171 εδ
1074 1113 1321 1182 Ostende,
1354 1116 1549 1187 inquit,
1574 1119 1702 1174 mihi

170 1212 357 1282 teipsum,
388 1213 439 1259 ut
460 1206 731 1277 manifeste
760 1206 963 1262 videam
986 1215 1034 1263 te
1059 1206 1254 1281 (Exod.
1284 1210 1497 1279 χχχιιι).
1532 1210 1700 1268 Nemo

168 1295 400 1357 admodum
422 1295 647 1364 propius
689 1310 851 1367 quam
882 1297 1062 1355 Moses
1092 1298 1267 1371 legem
1300 1302 1538 1373 capiens,
1564 1302 1701 1359 allo-

168 1396 369 1463 quentetn
399 1399 427 1442 e
452 1386 690 1442 nubibus
711 1385 906 1456 Deum,
933 1400 1095 1461 atque
1118 1390 1185 1446 ad
1207 1390 1379 1462 ipsam
1408 1393 1697 1451 admodum

166 1479 451 1558 ptzesendam
498 1479 800 1551 majeSIatis
855 1486 1103 1539 accessit.
1155 1482 1218 1540 Et
1258 1487 1531 1556 quomodo
1574 1504 1695 1545 cum

166 1587 283 1632 nemo
308 1570 545 1641 propiora
575 1585 737 1641 quam
766 1570 861 1628 ille
907 1572 975 1629 de
1022 1573 1134 1630 Deo
1184 1587 1470 1645 cerneret,
1522 1579 1698 1636 adhuc

166 1665 471 1727 manifestiora
517 1661 777 1734 poscebat
806 1664 1033 1722 dicens:
1068 1666 1291 1722 Ostende
1327 1668 1474 1737 mihi,
1502 1671 1694 1742 inquit,

166 1760 349 1828 teipsum,
374 1765 425 1810 ut
450 1757 722 1829 manifeste
744 1758 945 1814 videam
977 1770 1025 1814 te
1045 1801 1060 1827 ,
1086 1760 1297 1816 scilicet
1321 1762 1443 1832 quia
1472 1761 1573 1817 hoc
1600 1763 1696 1820 ille

1804 555 2149 626 loquebatur.
2177 558 2245 614 Et
2284 559 2413 630 quid
2438 574 2665 619 necesse
2702 572 2824 619 erat
2852 572 2911 619 ut
2934 562 3037 621 hoc
3072 580 3263 623 omnes
3295 583 3392 639 po-

1801 659 2018 707 scerent
2058 651 2205 723 quod
2259 651 2557 723 habebant,
2588 655 2635 712 si
2671 656 2775 713 hoc
2824 660 3080 729 petebant
3106 662 3248 731 quod
3275 663 3387 733 jam

1801 756 2126 818 acceperant
2154 747 2178 803 3
2207 750 2313 804 Aut
2341 750 2470 821 quid
2513 750 2698 809 videre
2723 752 2895 810 oculis
2924 766 3213 826 cuperent,
3244 758 3389 822 quod

1800 840 1966 897 corde
2005 840 2349 910 retinebant,
2381 848 2681 913 praesertim
2709 862 2833 903 cum
2882 848 3004 917 plus
3041 850 3113 904 sit
3141 851 3389 907 eamdem

1801 946 1918 989 rem
1948 930 2152 990 habere
2186 934 2497 1005 quempiam
2532 937 2675 992 intra
2702 952 2784 1005 se,
2816 955 2975 1009 quam
3018 940 3204 997 videre
3234 952 3384 998 extra

1803 1024 1907 1081 se?
1929 1023 2041 1081 Aut
2064 1025 2111 1082 si
2140 1026 2219 1082 sic
2248 1025 2585 1084 habitaturus
2616 1038 2735 1085 erat
2762 1030 2815 1085 in
2838 1032 3052 1089 Christo
3078 1034 3217 1089 Deus
3247 1036 3390 1091 sicut

1799 1116 1856 1175 in
1869 1120 2070 1176 sanctis
2086 1120 2359 1188 omnibus,
2385 1138 2480 1178 cur
2502 1122 2669 1194 magis
2690 1123 2966 1181 Christum
2991 1129 3174 1186 videre
3197 1147 3389 1187 omnes

1799 1212 1974 1270 sancti
2016 1224 2283 1286 cuperent
2317 1231 2477 1288 quam
2525 1217 2770 1288 seipsos?
2815 1219 2882 1275 Et
2919 1221 2965 1276 si
2994 1224 3238 1279 eamdem
3272 1241 3386 1280 rem

1800 1306 1973 1363 visuri
2004 1307 2056 1363 in
2085 1306 2315 1365 Domino
2357 1308 2485 1365 Jesu
2529 1320 2684 1366 erant
2734 1327 2891 1382 quam
2919 1314 2972 1368 in
3003 1330 3063 1370 se
3093 1314 3383 1381 habebant,

1800 1413 1899 1456 cur
1925 1414 2034 1456 non
2060 1399 2178 1471 plus
2208 1400 2380 1458 multo
2409 1402 2804 1459 arbitrarentur
2830 1405 3076 1462 eamdem
3105 1423 3219 1463 rem
3245 1409 3296 1462 in
3327 1424 3387 1465 se

1799 1489 2003 1549 habere
2030 1508 2192 1564 quam
2225 1494 2281 1549 in
2304 1495 2477 1551 altero
2503 1496 2735 1552 videre?
2760 1498 2864 1554 Sed
2889 1514 3060 1565 erras,
3090 1500 3277 1555 infelix
3310 1504 3388 1557 fu-

1798 1599 1916 1653 ror,
1942 1603 2043 1641 non
2070 1585 2385 1661 intelligens,
2410 1599 2469 1643 ut
2492 1589 2785 1660 Apostolus
2812 1592 2906 1653 ait.
2939 1602 2994 1648 et
3019 1610 3135 1665 quis
3162 1595 3387 1666 loquaris

1798 1684 1847 1733 et
1872 1678 1936 1731 de
1956 1678 2143 1750 quibus
2166 1680 2383 1751 afﬁrmes
2414 1680 2457 1752 (Ι
2480 1681 2617 1739 Tim.
2635 1682 2919 1753 t).0mnes
2942 1687 3085 1740 enim
3111 1687 3386 1757 prophetae

1798 1780 1855 1828 et
1882 1786 2073 1827 omnes
2095 1775 2263 1829 sancti
2286 1779 2589 1844 portionem
2617 1778 2905 1845 quamdam
2936 1778 3099 1835 divini
3126 1781 3381 1852 Spiritus,

168 1853 253 1911 ﬁeri
285 1849 593 1923 precabatur
628 1851 771 1922 quod
802 1852 997 1909 iisdem
1026 1852 1314 1911 admodum
1343 1856 1525 1912 verbis
1554 1858 1698 1928 Apo-
1725 1863 1775 1926 B
1802 1872 1961 1936 prout
1981 1879 2179 1936 capere
2202 1876 2474 1935 poterant,
2504 1882 2532 1922 a
2567 1868 2677 1924 Deo
2702 1882 3049 1941 acceperunt.
3077 1871 3143 1927 In
3165 1849 3385 1932 Christo

166 1945 295 2004 stolas
315 1943 499 1998 factum
532 1957 654 2001 esse
676 1943 917 2013 dicebat,
947 1944 1000 2001 id
1030 1955 1133 2014 est,
1155 1956 1213 2002 ut
1231 1947 1408 2018 palam
1432 1948 1695 2007 Dominus

167 2038 545 2097 manifestaretur
588 2038 642 2094 in
674 2053 871 2109 carne,
914 2040 1090 2111 palam
1133 2050 1423 2112 appareret
1465 2044 1694 2113 mundo,

166 2134 296 2206 palam
334 2142 700 2189 assumeretur
728 2133 782 2189 in
818 2134 1030 2205 gloria;
1061 2143 1117 2192 et
1156 2134 1335 2191 omnia
1365 2136 1539 2193 oculis
1569 2146 1693 2193 tan-

164 2226 250 2281 dem
286 2223 580 2280 carnalibus
628 2223 807 2282 sancti
842 2234 1167 2293 cernerent,
1199 2241 1322 2298 qute
1359 2228 1695 2299 spiritalibus

163 2318 489 2391 praevidebant.

683 2410 916 2469 CAPUT
954 2411 1098 2468 XIV.

163 2503 327 2577 Inpiam
347 2514 389 2558 et
414 2504 769 2577 blasphemam
797 2504 1158 2577 haereticorum
1176 2509 1486 2561 sententiam
1513 2508 1696 2562 redar-

208 2574 308 2649 guit,
327 2577 408 2647 qui
429 2574 606 2629 Deum
631 2577 685 2630 in
711 2575 913 2631 Christo
935 2576 1069 2649 velut
1099 2578 1152 2631 in
1178 2594 1373 2649 organo
1395 2580 1504 2634 sive
1523 2589 1694 2635 statua

211 2648 421 2703 habitasse
446 2658 495 2704 et
539 2649 775 2703 locutum
797 2664 906 2703 esse
927 2648 1191 2703 dixerunt.

209 2784 415 2855 Alioquin
444 2783 512 2849 si,
547 2793 606 2838 ut
628 2782 920 2838 haereticus
960 2781 1059 2849 ait,
1090 2783 1232 2839 Deus
1260 2782 1473 2840 futurus
1502 2784 1555 2840 in
1589 2785 1695 2841 Do-

160 2879 264 2935 mino
297 2877 413 2934 Jesu
442 2874 667 2933 Christo
695 2882 833 2941 erat,
865 2885 888 2915 ε
923 2876 1077 2932 velut
1107 2875 1159 2930 in
1191 2884 1365 2931 statua
1397 2887 1491 2931 aut
1520 2877 1572 2932 in
1596 2893 1691 2933 or-

162 2988 274 3044 gano,
295 2972 338 3027 id
360 2980 458 3041 est,
486 2979 554 3025 ut
586 2969 856 3025 habitaret
887 2977 1095 3025 tantum
1121 2971 1275 3041 quasi
1295 2968 1352 3025 in
1377 2970 1616 3037 homine,
1637 2979 1694 3026 et

159 3065 406 3136 loqueretur
428 3065 590 3135 quasi
620 3078 716 3134 per
745 3063 1040 3130 hominem,
1071 3078 1177 3119 non
1206 3073 1261 3117 ut
1285 3064 1401 3133 ipse
1423 3071 1569 3118 esset
1595 3063 1686 3133 qui

162 3155 387 3221 habitaret,
419 3166 587 3226 atque
625 3170 692 3209 ex
719 3169 778 3209 se
819 3163 870 3209 et
895 3169 960 3209 ex
991 3169 1091 3209 suo
1117 3170 1347 3224 corpore
1375 3155 1690 3225 loqueretur

160 3244 285 3313 Deus;
311 3249 411 3317 jam
440 3248 634 3317 utique
657 3246 737 3302 sic
764 3255 819 3301 et
843 3245 1116 3302 habitarat
1146 3246 1199 3301 in
1229 3247 1519 3313 sanctis,et
1545 3246 1692 3301 locu-
1719 3256 1764 3320 ρ

161 3351 217 3399 tus
238 3342 385 3399 fuerat
406 3357 437 3399 e
457 3341 688 3399 sanctis.
724 3342 780 3396 In
812 3339 899 3397 his
924 3356 1137 3412 quoque
1166 3341 1322 3412 ipsis,
1355 3355 1493 3411 quos
1521 3354 1683 3409 supra

1795 1969 1974 2013 autem
2004 1958 2171 2012 omnis
2196 1958 2468 2030 plenitudo
2497 1961 2781 2016 divinitatis
2807 1962 3068 2020 habitavit
3097 1976 3258 2037 atque
3289 1965 3384 2023 Ita-

1794 2048 1923 2104 bitat
1952 2050 2292 2123 corporaliter
2320 2051 2521 2124 (Colos.
2555 2055 2638 2125 ll).
2674 2053 2741 2110 Et
2788 2055 2908 2111 ideo
2953 2058 3113 2129 longe
3157 2060 3225 2116 de
3263 2062 3383 2131 ejus

1794 2141 2132 2215 plenitudine
2162 2159 2353 2201 omnes
2374 2155 2521 2213 sunt,
2548 2161 2612 2202 ex
2638 2147 2794 2217 cujus
2822 2148 3153 2218 plenitudine
3180 2152 3381 2221 aliquid

1792 2236 2063 2307 accipiunt
2093 2235 2273 2309 (Joan.
2310 2238 2387 2309 l);
2433 2252 2665 2309 quorum
2696 2240 3009 2312 adimpletio
3029 2244 3233 2301 Christi
3261 2262 3381 2301 mu-

1792 2346 1929 2399 nus,
1965 2333 2092 2405 quia
2123 2335 2275 2391 vacui
2304 2337 2490 2408 utique
2514 2352 2705 2394 omnes
2729 2349 2909 2409 erant,
2942 2342 3046 2397 nisi
3090 2343 3208 2415 ipse
3236 2354 3381 2402 esset

1790 2425 2033 2482 omnium
2057 2427 2355 2498 plenitudo.

2395 2539 2625 2599 CAPUT
2663 2541 2779 2600 XV.

1794 2653 2107 2711 Sanctorum
2144 2655 2209 2709 de
2231 2654 2453 2731 Messias
2474 2656 2840 2731 adventuram
2876 2658 3002 2728 quid
3036 2661 3377 2731 continebant,

2096 2734 2186 2781 aut
2214 2728 2367 2800 quale
2392 2727 2529 2782 illud
2553 2731 2709 2800 fuerit
2739 2727 3066 2787 desiderium.

1865 2863 1980 2919 Hoc
1999 2878 2128 2936 ergo
2150 2865 2321 2920 sancti
2344 2880 2536 2921 omnes
2561 2866 2839 2935 aptabant,
2866 2866 2969 2923 hoc
2992 2869 3376 2942 precabantur,

1793 2958 1897 3014 hoc
1942 2959 2020 3013 sic
2064 2958 2249 3014 videre
2297 2958 2472 3013 oculis
2517 2957 2898 3015 desiderabant
2940 2962 3286 3018 sicutanimo
3315 2980 3378 3020 ac

1794 3058 1979 3107 mente
2022 3050 2325 3120 sapiehant.
2359 3050 2425 3105 Et
2465 3049 2586 3105 ideo
2609 3048 2777 3104 Isaias
2810 3050 3070 3121 pr0pheta
3098 3069 3111 3105 :
3147 3050 3377 3125 Utinam,

1793 3146 1991 3215 inquit,
2016 3145 2363 3215 disrumperes
2394 3143 2565 3207 ctelos,
2585 3152 2633 3195 et
2658 3142 2983 3197 descenderes
3003 3142 3183 3217 (Isaia:
3207 3148 3377 3219 mur).

1798 3238 1906 3295 Sed
1937 3246 1991 3293 et
2022 3234 2275 3291 Habacuc
2317 3234 2459 3290 idem
2501 3236 2828 3289 annuntians
2863 3235 3004 3306 quod
3045 3235 3135 3292 ille
3165 3250 3378 3307 cptans,

1794 3333 1821 3374 δ
1841 3334 1975 3390 Dum
1995 3333 2327 3407 apprOpiant,
2367 3329 2564 3401 inquit,
2589 3330 2737 3400 anni,
2765 3330 3073 3398 ostenderis;
3095 3332 3147 3385 in
3167 3332 3381 3390 adventu

1172 3453 1432 3509 ALARDI
1470 3452 1702 3509 GAZ/EI
1739 3444 2308 3508 COMMENTARIUS.

160 3552 335 3607 donatus
361 3550 448 3623 (In
472 3567 598 3615 cap.
624 3545 1299 3623 nugMattlt.),_Christum
1333 3560 1396 3623 ea
1431 3544 1527 3600 tria
1564 3561 1686 3614 per-

159 3637 348 3679 sonarum
369 3617 1194 3693 praestantissimanot'ninasse,
1236 3617 1558 3693 prophetas,
1605 3632 1691 3671 re-

158 3709 223 3764 ges
254 3708 295 3750 et
335 3689 542 3763 iustos;
580 3692 678 3748 sed
708 3692 1015 3747 blatthzcum
1053 3703 1209 3760 reges
1233 3730 1250 3757 ,
1277 3690 1476 3744 Lucam
1511 3689 1688 3759 justas

160 3767 527 3835 pratermisisse.

205 3847 224 3874 ι
250 3838 304 3893 Ut
326 3838 515 3891 ardens
543 3850 738 3891 eorum
761 3833 1091 3888 desiderium
1113 3832 1428 3905 ostenderet
1458 3835 1690 3905 prophe-

160 3919 313 3972 ts,non
350 3910 420 3962 ait
452 3926 465 3961 :
503 3908 728 3963 Utinam
754 3906 862 3974 jam
910 3906 1145 3970 venires,
1178 3905 1275 3959 sed
1320 3923 1332 3957 :
1371 3902 1579 3960 Utinam
1610 3910 1692 3961 di-

162 3996 361 4047 ramperes
381 3981 555 4045 caelos,
588 3989 637 4031 et
660 3978 1008 4031 descenderes.
1030 3976 1193 4045 Quasi
1220 3977 1455 4032 diceret:
1474 3976 1687 4034 Utinam

159 4052 341 4105 nutrito
366 4054 587 4106 venires
622 4061 677 4105 et
720 4058 825 4103 tam
876 4049 1184 4102 vehementi
1214 4048 1439 4115 impetu,
1495 4060 1549 4103 ut
1581 4066 1687 4107 non

160 4136 370 4188 queretes
397 4124 627 4189 ostium,
656 4122 751 4174 sed
783 4119 961 4174 subito
989 4121 1156 4174 cmlos
1204 4134 1489 4187 rumperes
1514 4132 1568 4175 et
1596 4123 1691 4177 de—

160 4194 407 4248 scenderes:
423 4212 530 4248 non
547 4192 693 4259 quod
710 4207 931 4246 necesse
944 4201 1087 4246 esset
1100 4190 1266 4247 Deum
1282 4193 1447 4246 caelos
1460 4192 1605 4246 disru
1615 4210 1688 4248 m-

158 4276 246 4329 pere
262 4266 645 4336 autinfringere
674 4273 729 4317 ut
754 4266 961 4336 veniret
983 4278 999 4326 ;
1018 4335 1022 4336 ί
1041 4266 1135 4318 sed
1167 4264 1402 4332 loquitur
1424 4265 1685 4336 propheta

160 4348 263 4389 aiore
275 4334 583 4405 humano,ut
597 4336 863 4389 fervorem
878 4335 1268 4405 desiderii,quo
1281 4335 1482 4404 antiqui
1498 4334 1685 4390 Patres

157 4405 615 4479 δάιειιιιιιιιϐιιτίςιί
646 4406 996 4476 exoptabant,
1019 4408 1436 4479 demonstraret.
1479 4407 1684 4461 Eodem
1737 4407 1755 4479 ξ

157 4478 269 4529 modo
288 4480 436 4533 David
462 4498 475 4537 :
508 4478 757 4544 Domine,
789 4479 982 4547 inquit,
1005 4478 1197 4531 inclina
1216 4480 1369 4531 caelos
1396 4484 1511 4531 tuos
1532 4489 1579 4531 et
1600 4480 1689 4531 de-

158 4550 287 4619 stende
310 4549 419 4619 (Ps.
445 4553 623 4617 cxu).
651 4548 749 4605 Ubi
782 4550 970 4618 ingens
994 4549 1317 4619 exprimitur
1341 4548 1526 4603 eximii
1558 4563 1687 4617 pro-

156 4615 281 4688 pheta:
303 4615 650 4685 desiderium,
692 4620 818 4674 dum
843 4615 920 4674 ἰιε
955 4615 1093 4674 Ileus
1129 4621 1182 4673 in
1224 4621 1516 4688 aperientis
1558 4615 1685 4676 caeli

158 4686 547 4816 auribusdmomm
589 4693 826 4759 faceret,
879 4692 1006 4761 petit
1038 4701 1096 4745 ut
1138 4686 1334 4746 ciuium
1371 4690 1594 4747 inclinet
1632 4702 1687 4748 et

181 4773 299 4815 esten
335 4774 398 4816 at.

181 4773 398 4818 escendat.

204 4830 223 4868 ι’
248 4832 387 4906 Divus
410 4834 777 4906 Hieronymus
820 4833 875 4888 in
905 4848 956 4890 c.
980 4848 1083 4906 nxv
1105 4832 1256 4906 Isaiae
1280 4849 1302 4906 7:
1356 4830 1536 4906 Hunc,
1582 4832 1678 4900 ait,

160 4904 351 4977 currebat
390 4916 435 4959 et
462 4903 676 4977 Moyses
726 4908 936 4976 loquens
984 4904 1112 4977 Deo.
1159 4903 1439 4977 Si_inveni
1464 4906 1684 4973 gratiam

158 4974 257 5045 apud
290 4983 348 5043 te,
378 4974 592 5039 ostende
619 4988 667 5030 te
690 4974 817 5030 mihi
859 4976 1144 5045 manifeste.
1197 4974 1425 5044 Maiores
1477 4976 1683 5031 diuitias

160 5043 348 5119 illesnuﬁs
389 5048 658 5119 xﬁ'gypti.
707 5046 899 5102 Christi
947 5043 1292 5115 opprobrium
1335 5046 1679 5119 prastolans,

162 5111 244 5189 {sui
266 5111 637 5173 retributionem
664 5119 921 5173 desiderat
952 5111 1269 5189 futurorum,
1296 5111 1344 5171 et
1381 5111 1681 5173 inuisibilem

160 5180 294 5262 Deum,
319 5192 455 5258 quasi
476 5192 696 5256 uideret,
727 5191 909 5262 animo
938 5180 1330 5262 contemplatur.
1382 5189 1461 5242 De
1506 5206 1605 5259 quo
1632 5199 1682 5243 et

161 5255 195 5306 is
217 5255 401 5333 Psalmis
443 5264 638 5329 legitur
660 5255 687 5316 :7
708 5261 838 5333 Spes
869 5263 1095 5315 omnium
1125 5255 1305 5333 ﬁnium
1332 5270 1480 5313 terra?
1504 5255 1527 5325 ,’
1548 5271 1597 5314 et
1624 5262 1682 5315 in

162 5330 253 5379 mari
277 5331 410 5403 longe
439 5333 563 5405 (Ps.
591 5329 761 5405 thv).
792 5334 855 5387 Et
883 5334 943 5387 in
967 5333 1165 5389 Genesi
1189 5347 1205 5386 :
1239 5329 1306 5385 Et
1344 5333 1452 5401 ipse
1477 5334 1569 5405 erit
1590 5347 1683 5405 ea;-

164 5408 344 5475 tpectatio
366 5402 592 5471 gentium
626 5402 777 5475 (Gen.
803 5406 973 5473 uix).
1001 5405 1074 5457 Ita
1104 5402 1680 5475 Hieronymussiguili-

165 5480 251 5541 fans
275 5472 471 5544 Moysen
502 5477 616 5531 illis
636 5472 815 5531 verbis
841 5472 1132 5543 expetiisse
1160 5472 1448 5530 adventum
1468 5472 1677 5529 Messias

166 5548 371 5615 lucarne,
402 5546 453 5601 in
502 5563 611 5617 qua
644 5549 923 5602 manifeste
953 5546 1245 5617 videretur.
1294 5546 1366 5600 At
1390 5545 1456 5600 D.
1503 5546 1684 5615 Augu-

166 5617 285 5665 iunus
309 5615 536 5683 (Quiut.—
556 5619 657 5674 151
688 5619 744 5673 in
774 5615 972 5688 Exod.)
999 5629 1052 5673 et
1077 5620 1168 5671 alii
1196 5618 1505 5672 existimant
1533 5617 1682 5689 Moy-

168 5697 231 5741 sen
252 5692 542 5766 efﬂagitasse
577 5690 839 5746 visionem
869 5691 1071 5745 divinae
1087 5689 1359 5766 essentiae.

214 5770 230 5798 ε
253 5760 502 5829 Quomodo
532 5768 810 5823 daemones
845 5766 900 5821 in
947 5764 1138 5821 statuis
1182 5772 1239 5818 et
1276 5761 1436 5817 idolis
1473 5760 1685 5817 habita-

169 5822 345 5908 μηιῖει
370 5840 597 5894 subinde
631 5822 999 5908 loquebantur,
1031 5845 1085 5891 et
1113 5836 1327 5908 oracula
1358 5849 1456 5908 sua
1486 5833 1677 5908 redde-

171 5893 280 5971 bitt;
312 5912 380 5964 sic
422 5893 624 5980 impius
662 5893 943 5966 Nestorius
985 5893 1397 5978 blasphemabat
1424 5904 1593 5962 Deum
1623 5905 1680 5962 in

1710 4871 1763 4931 D

1796 3542 2018 3598 homine
2043 3540 2257 3595 Christo
2288 3536 2597 3605 habitasse,
2628 3544 2683 3593 et
2719 3552 2815 3606 per
2857 3551 2917 3592 os
2959 3535 3195 3592 hominis
3236 3539 3379 3596 illius

1792 3614 2030 3669 locutum
2060 3613 2227 3667 fuisse
2252 3629 2263 3665 :
2293 3609 2457 3665 Sicuti
2484 3612 2636 3663 etiam
2658 3607 2861 3662 locutus
2884 3620 2957 3664 est
2981 3626 3071 3678 per
3098 3625 3152 3662 os
3174 3626 3380 3667 sancto-

1794 3702 1907 3741 rum
1936 3688 2024 3757 qui
2053 3702 2083 3737 a
2110 3684 2297 3757 scecu‘lo
2316 3689 2457 3757 psunt
2477 3726 2490 3748 ,
2523 3682 2891 3757 prapltetarum
2938 3683 3050 3757 ejus
3088 3684 3107 3749 (
3122 3680 3248 3735 Luc.
3274 3689 3378 3751 ιι),

1793 3751 1995 3812 nullam
2015 3770 2146 3811 vero
2168 3754 2423 3809 habuisse
2441 3769 2562 3807 cum
2588 3767 2654 3824 eo
2677 3753 2930 3806 unionem
2954 3751 3376 3824 hypostaticam.

1793 3830 1901 3884 Aut
1934 3842 2202 3895 tamquam
2228 3827 2281 3881 in
2310 3839 2516 3892 organo
2545 3823 2702 3879 verba
2727 3823 3154 3888 edidissc,’sicut
3187 3837 3379 3883 ventus

1792 3910 1886 3955 aut
1918 3900 2139 3971 Spiritus
2167 3913 2356 3953 sonum
2384 3896 2493 3951 edit
2522 3896 2575 3950 in
2606 3909 2811 3971 organo
2831 3937 2844 3961 ,
2870 3906 2924 3950 et
2947 3910 3049 3971 per
3079 3910 3342 3967 organum
3362 3940 3378 3964 ,

1791 3966 1999 4028 scilicet
2030 3973 2443 4026 instrumentum
2483 3968 2781 4031 musicum;
2814 3977 2908 4020 aut
2946 3966 2998 4019 in
3046 3966 3248 4037 organo
3278 3984 3377 4037 ge-

1793 4044 2046 4107 neratim,
2075 4043 2133 4116 id
2161 4051 2272 4107 est,
2309 4048 2581 4109 tamquam
2620 4038 2671 4116 in
2702 4040 3084 4116 instrumento.
3116 4039 3245 4093 Nam
3285 4038 3378 4116 ῥ’ρτ

1825 4138 1942 4171 ανον
1966 4126 2047 4170 est
2071 4107 2488 4168 instrumentum
2512 4110 2908 4179 quodcumque.
2938 4107 3108 4164 Porro
3139 4128 3259 4166 esse
3284 4107 3377 4169 D'ei

1810 4187 2153 4240 tabitacnlum
2204 4191 2260 4238 et
2306 4183 2399 4237 Dei
2452 4183 2901 4247 instrumentum,
2951 4195 3239 4236 commune
3294 4193 3377 4239 est

1790 4272 1915 4312 cum
1959 4259 2079 4312 aliis
2125 4255 2327 4309 sanctis
2372 4252 2703 4307 hominibus.
2752 4254 2903 4318 Quod
2946 4252 3089 4306 enim
3132 4252 3278 4308 Deus
3323 4257 3375 4309 in

1789 4330 1991 4384 sanctis
2020 4328 2164 4395 suis,
2191 4334 2249 4379 ut
2276 4323 2591 4395 inhtemplis
2619 4322 2854 4387 habitet,
2884 4333 3115 4378 testatur
3142 4328 3375 4393 Aposto-

1737 4407 1755 4464 ξ
1792 4400 1875 4455 Ius
1905 4392 2183 4453 ICorinllt.
2208 4412 2295 4451 III:
2325 4392 2547 4448 Nescitis
2568 4396 2810 4463 quoniam
2835 4395 3078 4464 templum
3094 4392 3215 4450 estis
3241 4395 3375 4450 Dei?

1788 4478 1845 4527 et
1884 4471 1903 4525 I
1932 4470 2181 4525 Corinth.
2212 4483 2261 4521 vs
2292 4483 2306 4520 :
2354 4464 2581 4519 Nescitis
2629 4468 2753 4535 quia
2801 4467 3027 4518 membra
3054 4476 3218 4519 vestra
3246 4476 3375 4520 tem-

1787 4541 1930 4613 plum
1958 4553 2077 4595 sunt
2102 4540 2330 4613 Spiritus
2361 4538 2545 4601 sancti,
2576 4540 2663 4607 qui
2694 4537 2747 4589 in
2777 4536 2914 4613 vobis
2944 4543 3037 4613 es_t.
3079 4535 3375 4607 Glorificale

1786 4606 1837 4668 et
1880 4620 2081 4681 portate
2111 4606 2273 4666 Deum
2296 4610 2350 4663 in
2376 4606 2596 4680 corpore
2621 4617 2803 4662 vestro.
2852 4606 3003 4674 Quod
3051 4606 3232 4663 autem
3278 4625 3376 4677 per

1789 4684 2061 4747 homines,
2080 4692 2138 4738 ut
2160 4698 2255 4753 per
2284 4696 2483 4753 organa
2510 4691 2562 4733 et
2590 4682 2946 4753 instrgtneuta
2976 4690 3376 4753 sua_,_operetur

1788 4755 1953 4820 Deus,
1987 4756 2126 4810 idem
2152 4747 2440 4822 Apostolus
2470 4751 2704 4805 inculcat
2732 4750 2887 4804 Rom.
2918 4766 3023 4822 sv:
3055 4747 3179 4803 Non
3205 4751 3374 4806 audeo

1786 4826 1983 4897 aliquid
2012 4826 2149 4895 loqui
2170 4819 2343 4879 eorum
2368 4838 2483 4893 qua:
2504 4839 2593 4890 per
2622 4837 2699 4874 me
2722 4819 3150 4897 e/fecilAC/tristu‘s
3176 4864 3189 4884 ,
3224 4822 3373 4897 uerbo

1790 4909 1837 4953 et
1864 4892 2035 4966 factis,
2066 4892 2119 4951 in
2142 4898 2325 4951 virtute
2352 4892 2614 4966 signorum
2635 4901 2682 4945 et
2707 4894 3080 4966 prodigiorum,
3109 4892 3162 4946 in
3187 4895 3373 4948 virtute

1794 4964 2021 5037 Spiritus
2047 4970 2234 5023 sancti.
2262 4969 2328 5021 Et
2352 4964 2728 5037 [Corintbqtt
2758 4983 2770 5019 :
2802 4965 3088 5037 Divisiones
3117 4965 3373 5031 operatio-

1789 5035 1912 5095 uum
1938 5049 2076 5106 sttnt,
2100 5042 2238 5093 idem
2258 5054 2374 5093 vero
2400 5039 2533 5089 Deus
2558 5035 2643 5107 qui
2666 5048 2910 5104 aperatur
2933 5036 3103 5107 omnia
3122 5038 3175 5107 in
3209 5039 3372 5089 omni.

1789 5114 1899 5167 bus.
1947 5112 2074 5167 Haec
2114 5112 2295 5180 igitur,
2345 5118 2398 5165 et
2424 5109 2525 5161 alia
2559 5105 2641 5161 his
2670 5108 2889 5173 similia,
2921 5123 3040 5180 quae
3088 5105 3370 5180 Nestorius

1788 5184 2057 5241 tribuebat
2085 5177 2300 5237 Christo
2320 5222 2335 5245 ,
2364 5189 2419 5235 et
2448 5180 2499 5234 in
2530 5180 2743 5234 caeteris
2774 5180 2973 5234 sanctis
3004 5177 3369 5234 inveniuntur.

1788 5257 1859 5312 At
1885 5266 2096 5310 certum
2127 5263 2209 5310 est
2240 5253 2399 5322 longe
2428 5252 2585 5305 aliter
2612 5248 2847 5305 Verbum
2898 5254 3230 5304 incarnatum
3270 5248 3371 5322 ita.

1788 5328 1986 5383 bitasse
2016 5330 2067 5381 in
2100 5317 2419 5388 ltomineﬂd
2450 5331 2551 5387 est,
2581 5323 2634 5376 in
2668 5322 3020 5387 humanitate,
3047 5329 3103 5374 et
3140 5335 3237 5389 per
3266 5317 3338 5375 hu
3363 5347 3371 5362 -

1787 5400 2099 5453 manitatem
2127 5397 2283 5453 nobis
2316 5397 2549 5450 locutum
2570 5408 2714 5458 esse,
2740 5409 2898 5463 quam
2922 5392 2973 5446 in
3002 5392 3120 5446 aliis
3142 5392 3363 5456 sanctis,

1786 5485 1905 5526 cum
1931 5471 2075 5526 dicat
2102 5468 2388 5540 Apostolus
2412 5486 2425 5522 :
2447 5481 2695 5540 magnum
2716 5482 2823 5520 esse
2849 5464 3049 5540 pietatis
3073 5464 3367 5540 tttyslezittm

1784 5550 1831 5596 et
1853 5531 2243 5605 sacramentum,
2272 5540 2408 5611 quod
2438 5531 2574 5591 Datis
2604 5531 2899 5611 apparuerit
2930 5537 2979 5588 in
3005 5531 3366 5611 carne__(lTim.

1784 5614 1890 5684 tu).
1924 5615 2062 5682 Quid
2086 5614 2232 5669 enim
2262 5605 2513 5680 magnum
2540 5618 2594 5664 et
2620 5605 2894 5679 singulare
2918 5605 3061 5677 quod
3099 5606 3220 5660 aliis
3251 5622 3366 5662 om-

1785 5683 1943 5741 nibus
1966 5696 2043 5740 esl
2070 5683 2395 5740 commune?

1856 5754 1885 5795 ἀ
1919 5757 1974 5812 Id
2022 5767 2146 5823 est,
2198 5752 2647 5823 manifestaberis.
2694 5746 3131 5823 Yulgata__editio
3161 5748 3363 5818 habet.

1785 5828 1855 5884 In
1895 5831 2065 5884 medio
2093 5819 2345 5883 annorum
2396 5838 2571 5879 notum
2599 5821 2774 5893 facies.
2808 5822 2873 5875 Ι).
2912 5819 3272 5892 Hieronymus
3301 5838 3367 5878 ex

1785 5899 2136 5974 Septuaginta
2172 5901 2333 5955 vertit
2357 5916 2372 5954 :
2398 5896 2528 5953 Cum
2547 5892 3073 5965 appropinquaverint
3108 5893 3261 5963 anni,
3282 5907 3373 5951 ιοτ
