3970 6344
548 255 662 322 155

1875 251 2162 314 JOANNIS
2197 253 2517 317 CASSIANI
3674 279 3760 344 ιω

557 388 847 451 temporum
868 377 1299 435 demonstraberis
1321 371 1493 432 :Deus
1514 371 1837 440 deTheman,
1863 373 1978 429 sive
1997 373 2151 441 illud,
2178 377 2233 438 Α
2259 391 2441 447 quam,
2487 374 2877 447 intelligentes,
2909 376 3034 447 quia
3063 383 3319 448 quantum
3348 383 3414 438 sit
3439 400 3580 446 nemo
3603 392 3762 454 intelli.

558 475 701 530 Deus
725 474 790 527 ab
819 473 1010 528 Austro
1039 474 1200 527 veniet
1243 469 1471 542 (Hahae.
1509 469 1645 538 vui).
1689 466 1856 522 David
1891 482 2142 538 quoque:

555 563 699 622 Deus
743 566 1012 638 manifeste
1062 567 1220 620 veniet
1252 561 1384 634 (Ps.
1417 576 1540 616 χιιι
1563 559 1585 633 )
1608 598 1622 614 .
1658 559 1728 615 Et
1765 559 1958 616 iterum
2003 578 2017 612 :
2051 558 2153 627 Qui

553 666 701 720 sedes
745 679 900 732 super
929 662 1173 717 cherubin
1197 701 1214 729 ,
1271 675 1467 732 appare
1506 655 1624 730 (Ps.
1658 658 1866 729 Lxxtx).
1907 657 2013 714 Alii
2053 657 2150 713 ad-

556 768 777 814 ventum
814 757 932 826 ejus
968 771 1128 824 quem
1177 753 1376 809 mundo
1415 751 1708 824 praestitit,
1735 751 2150 816 annuntiabant,

557 851 649 906 alii
689 849 1051 922 posmlabant.
1083 846 1343 902 Nonnulli
1369 845 1554 917 specie
1576 843 1803 916 diSpari,
1829 844 1924 900 sed
1955 844 2152 899 allectu

555 942 704 1012 pari,
748 940 1117 1010 intelligentes
1147 939 1332 1009 utique
1373 939 1717 1008 aliquatenus
1743 945 2004 1007 quantam
2036 951 2152 992 rem

553 1041 932 1105 precarentur,
965 1043 1022 1086 ut
1053 1031 1193 1088 Deus
1237 1031 1289 1084 in
1323 1030 1433 1086 Deo
1463 1031 1735 1097 habitans,
1766 1030 1819 1084 in
1850 1029 2024 1084 forma
2055 1028 2153 1085 Dei

551 1139 617 1181 ac
645 1126 766 1179 sinu
799 1140 1142 1196 permanens,
1177 1105 1527 1193 semetipsum
1559 1123 1887 1204 exinapiret,
1921 1122 2152 1178 formam

553 1219 698 1277 servi
730 1220 1022 1290 acciperet,
1055 1226 1112 1274 et
1141 1233 1201 1275 se
1229 1232 1400 1288 usque
1431 1217 1497 1271 ad
1529 1217 1904 1288 suscipiendas
1957 1232 2152 1274 omnes

554 1313 869 1386 passionum
907 1310 1234 1367 acerbitates
1279 1309 1752 1380 contumeliasque
1787 1309 2154 1375 submitteret,

555 1406 770 1461 subiret
792 1419 1012 1476 poenam
1042 1418 1141 1474 pro
1171 1403 1472 1468 beneficiis,
1499 1412 1577 1470 et,
1602 1402 1744 1474 quod
1773 1403 2158 1458 intolerabilis-

555 1497 754 1552 simum
786 1505 871 1553 est
909 1506 964 1552 et
1004 1496 1465 1566 indignissimum,
1511 1495 1580 1549 ab
1631 1494 1714 1550 his
1744 1493 1878 1566 ipsis
1920 1505 2153 1550 mortem

561 1592 843 1662 exciperet
883 1606 982 1662 pro
1010 1590 1206 1662 quibus
1239 1590 1356 1660 ipse
1387 1599 1734 1656 moreretur;
1788 1588 2153 1661 iutelligentes

558 1697 689 1755 ergo
711 1683 817 1741 hoc
840 1684 1178 1754 aliquatenus
1208 1681 1380 1740 sancti
1411 1695 1624 1750 omnes,
1658 1680 2024 1752 aliquatenus,
2070 1681 2153 1736 in-

2262 468 2356 539 git,
2381 482 2626 522 consona
2655 483 2846 524 omnes
2873 469 3161 524 adventum
3186 470 3276 526 Dei
3298 488 3425 531 voce
3449 489 3499 532 et
3516 486 3646 549 quasi
3663 501 3764 543 con.

2261 570 2423 616 centu
2473 570 2660 616 mutuo
2713 561 3080 632 postulabant.
3127 561 3365 621 Scientes
3408 571 3572 640 utique
3613 577 3658 633 in
3690 580 3768 639 hoc

2260 667 2414 724 spem
2446 653 2682 709 omnium
2732 654 3070 721 consistere,
3111 656 3165 710 in
3219 657 3321 713 hoc
3347 660 3556 719 salutem
3576 673 3768 730 omnium

2262 745 2530 800 contineri
2565 761 2580 812 ;
2633 745 2758 817 quia
2787 746 2964 802 nullus
2989 747 3203 804 solvere
3239 752 3438 808 vinctos
3483 759 3656 830 possit,
3691 765 3768 821 nisi

2263 837 2518 894 immunis
2547 854 2577 894 a
2608 839 2872 908 vinculis;
2901 842 3084 897 nullus
3115 843 3357 901 eximere
3378 861 3677 922 peccatores,
3695 861 3770 914 nisi

2263 943 2485 1003 peccato
2512 947 2742 999 carens;
2769 948 2929 990 nemo
2954 934 3097 990 enim
3125 935 3351 993 liberare
3375 939 3542 1009 aliqua
3562 959 3614 1000 re
3636 962 3774 1014 quem-

2261 1040 2421 1096 quam
2456 1035 2659 1096 potest,
2688 1027 2789 1082 nisi
2827 1043 2890 1083 ea
2919 1043 2978 1084 re
3009 1029 3125 1098 ipse
3163 1028 3296 1084 liber
3324 1031 3395 1086 sit
3421 1049 3515 1101 qua
3543 1051 3569 1089 a
3598 1052 3648 1093 se
3669 1040 3776 1097 alius

2260 1117 2542 1174 liberatur.
2573 1120 2639 1174 Et
2669 1119 2793 1176 ideo
2818 1137 2938 1176 cum
2973 1123 3027 1176 in
3053 1138 3241 1178 omnes
3269 1140 3410 1181 mors
3436 1133 3773 1201 pertransisset,

2259 1225 2450 1266 omnes
2475 1211 2579 1266 vita
2601 1211 2932 1283 indigebant.
2953 1224 3010 1268 ut
3033 1213 3085 1268 in
3111 1213 3276 1268 Adam
3299 1215 3493 1272 scilicet
3513 1223 3774 1294 morientes,

2262 1305 2314 1360 in
2341 1304 2561 1362 Christo
2584 1307 2850 1364 viverent.
2877 1307 3010 1376 Quia
3035 1310 3280 1378 quamvis
3307 1311 3452 1365 multi
3474 1315 3647 1378 sancti,
3665 1319 3779 1374 multi

2258 1401 2415 1456 electi
2447 1391 2511 1456 ac
2534 1402 2830 1457 familiares
2858 1401 3151 1458 admodum
3181 1403 3293 1459 Deo
3324 1404 3559 1472 luerunt,
3587 1410 3700 1464 nulli
3719 1421 3779 1465 ts-

2258 1512 2383 1552 men
2408 1505 2702 1566 pomerunt
2726 1513 2822 1568 per
2845 1512 2906 1553 se
2927 1499 3142 1568 penitus
3165 1513 3288 1554 esse
3312 1499 3462 1566 salvi,
3489 1501 3582 1556 nisi
3601 1502 3784 1560 fuissent

2256 1591 2491 1646 adventu
2516 1589 2729 1646 Domini
2751 1601 2805 1645 et
2834 1590 3210 1661 redemptione
3240 1591 3450 1646 salvati.
3562 1587 3570 1594 ’
3643 1589 3657 1596 ’

1623 1795 1884 1851 ALARDI
1923 1794 2158 1850 ΟΑΖᾹΞΙ
2195 1795 2776 1855 COMMENTARIUS.

603 1907 848 1948 nasceris.
911 1907 1038 1946 cum
1094 1907 1354 1944 aareneru
1407 1907 1602 1972 tempus
1628 1928 1645 1956 ,
1701 1907 2153 1970 aemonstraoerts.

561 1913 711 2030 ὃυοά
751 1963 998 2032 exceptis,
1037 1963 1229 2031 inquit,
1263 1960 1749 2032 Septuaginta,nec
1789 1975 1841 2012 tn
1876 1958 2156 2032 llebratco,

559 2052 653 2116 nec
678 2035 825 2116 apud
840 2030 1130 2116 quempiam
1154 2034 1374 2085 aliorum
1395 2030 1986 2116 habeturjnterpretum.
2010 2030 2152 2113 Alibi

559 2102 736 2188 (Tom.
765 2102 1002 2230 lllgidem
1047 2104 1412 2187 Ilierouymus
1463 2102 1715 2184 eumdem
1761 2103 1940 2182 locum
1981 2103 2155 2168 respi-

557 2191 709 2233 ciens
741 2191 756 2230 ε
842 2193 906 2232 uo
933 2191 1080 2242 anns,
1114 2185 1307 2242 inquit,
1337 2174 1402 2227 de
1428 2174 1610 2244 quibus
1636 2189 1692 2228 sn
1728 2183 1931 2227 cantico
1965 2172 2153 2226 Haba-

911 1891 1048 1972 C_um_
1094 1889 1354 1972 advenerit
1382 1897 1602 1972 (tempus
1628 1928 1645 1956 ,
1701 1887 2153 1972 demonstrttberis.
2187 1889 2234 1950 Β
2261 1905 2354 1942 cuc
2373 1892 2532 1962 juxta
2557 1889 3118 1972 Hebraicttm_legintus
3147 1907 3166 1946 :
3203 1891 3274 1972 In
3295 1893 3463 1972 medio
3480 1893 3675 1972 duorum
3694 1905 3788 1951 tem-

2262 1961 2821 2036 porum_cognosceris.
2859 1961 3128 2036 Scriptum
3153 1974 3227 2018 est
3252 1966 3310 2036 in
3353 1964 3620 2036 Evangelia
3644 1984 3787 2021 secun-

2262 2031 2384 2102 dum
2433 2030 2686 2086 Joannem
2731 2049 2820 2102 per
2850 2036 2948 2087 tria
2985 2030 3205 2089 sabbata
3241 2030 3517 2090 Dominuni
3551 2039 3715 2092 venisse
3751 2041 3790 2093 in

2261 2101 2576 2169 Jerusalem,
2603 2101 2736 2174 qua;
2759 2103 2891 2158 duos
2931 2122 3094 2160 annos
3133 2107 3376 2177 efﬁciunt.
3422 2107 3540 2163 Iltec
3577 2109 3791 2184 Hierony-

2264 2189 2408 2231 mus.

1594 2390 2084 2500 LIBER
2163 2394 2821 2504 SEXTUS.

1073 2679 1303 2737 CAPUT
1343 2679 1631 2739 PRIMUM.

557 2839 644 2896 Ex
669 2840 916 2895 miraculo
945 2848 1189 2896 saturata:
1233 2841 1583 2896 multitudinis
1636 2857 1664 2896 e
1685 2841 1908 2911 quinque
1938 2838 2156 2909 panibus

630 2911 929 2984 hordeaceis
955 2921 1004 2967 et
1028 2912 1228 2984 duobus
1245 2913 1491 2984 piscibus,
1507 2914 1694 2968 divinw
1717 2913 1920 2967 virtutis
1941 2912 2157 2966 immen-

633 2983 832 3038 sitatem
859 2983 1101 3039 ostendit.

636 3160 931 3234 'Legimus
950 3162 1004 3218 in
1021 3162 1337 3233 Evangelio,
1358 3163 1637 3235 appositis,
1653 3163 1879 3233 iubente
1905 3163 2158 3233 Domino,

2265 2683 2501 2755 quinque
2553 2685 2803 2756 panibus,
2851 2686 3188 2743 innumeram
3218 2687 3314 2743 Dei
3358 2687 3564 2760 plebem
3601 2703 3707 2746 esse
3736 2704 3800 2744 sa-

2265 2789 2498 2836 turatam
2531 2779 2716 2852 (Joan.
2754 2781 2854 2852 vi).
2904 2782 2974 2837 Et
2995 2782 3270 2853 quomodo
3319 2783 3373 2839 id
3431 2793 3598 2840 tamen
3645 2784 3800 2839 factum

2267 2875 2359 2942 sit,
2387 2889 2486 2930 nec
2506 2889 2761 2930 enarrare
2791 2890 2993 2944 sermo,
3023 2859 3123 2932 nec
3145 2877 3402 2949 colligere
3428 2877 3707 2946 aestimatio,
3726 2894 3803 2934 nec

2267 2968 2554 3037 concipere
2575 2981 2768 3023 sensus
2791 2975 2987 3038 potest.
3019 2968 3192 3024 Tanta
3215 2979 3272 3024 et
3299 2980 3405 3025 tam
3449 2971 3805 3039 incompreliem

2267 3059 2440 3115 sibilis
2470 3059 2667 3115 divinae
2689 3059 2769 3114 vis
2807 3061 3094 3130 potestatis
3115 3069 3219 3126 est,
3274 3071 3336 3116 ut
3365 3064 3508 3117 'eum
3561 3061 3806 3117 habeamus

2269 3157 2324 3212 in
2371 3155 2530 3212 nobis
2603 3154 2728 3210 facti
2796 3155 2966 3226 ipsius
3009 3156 3420 3225 conscientiam,
3451 3154 3478 3195 δ
3525 3155 3808 3228 impossibile

1633 3275 1898 3332 ALARDI
1936 3272 2169 3332 GAZIEI
2207 3266 2777 3326 COMMENTARIUS.

633 3378 661 3408 ⁸
686 3369 777 3425 Bis
799 3369 852 3425 in
885 3369 1173 3440 Evangelio
1206 3369 1432 3440 legimus
1474 3368 1780 3439 hujusmodi
1834 3370 2153 3426 miraculum
2182 3368 2228 3430 C
2261 3381 2376 3436 cap.
2406 3379 2472 3440 xv
2505 3361 2721 3434 Matth.)
2751 3363 2836 3440 his
2871 3363 3050 3419 verbis
3094 3383 3106 3419 :
3136 3363 3621 3440 Iantum,_inquit,
3656 3367 3722 3440 in
3748 3366 3809 3440 his

561 3443 873 3511 contigisse.
892 3440 951 3496 ln
979 3445 1155 3510 priore
1168 3442 1332 3511 (quod
1349 3451 1581 3510 quatuor
1593 3442 1940 3510 evangelista
1956 3443 2158 3497 retule-

559 3514 709 3584 runt)
738 3513 973 3588 quinque
999 3513 1169 3588 millia
1201 3513 1510 3588 hominum,
1534 3511 1734 3588 saepe...
1772 3513 1830 3588 id‘
1865 3515 2161 3588 est,_viro-

557 3599 704 3650 rum,
733 3585 936 3651 absque
966 3584 1203 3650 parvulis
1232 3593 1287 3638 et
1336 3584 1674 3643 mulieribus.
1731 3584 1951 3638 satiavit
1977 3584 2161 3638 Domi-

563 3671 664 3724 nus
691 3655 926 3723 quinque
955 3655 1181 3724 panibus
1220 3654 1540 3724 hordeaceis
1582 3655 1870 3710 etduobus
1918 3656 2160 3724 piscibus

561 3723 778 3796 (Matth.
810 3722 920 3792 xiv,
953 3722 1123 3778 Marc.
1152 3741 1225 3796 vi.
1265 3722 1395 3780 Luc.
1445 3742 1521 3789 ix,
1543 3725 1704 3780 Joan.
1739 3727 1836 3796 γι).
1870 3722 1937 3780 111⁷
1977 3737 2157 3795 poste-

562 3795 709 3854 riore
739 3797 903 3866 (quod
941 3797 1039 3852 soli
1066 3795 1350 3868 Matthazus
1387 3805 1442 3851 et
1474 3797 1683 3868 Marcus
1710 3798 2158 3868 commemorant)

562 3878 771 3934 septem
802 3868 1028 3936 panibus
1064 3877 1119 3922 et
1161 3867 1343 3937 paucis
1388 3867 1661 3938 pisciculis
1689 3880 1921 3938 quatuor
1955 3867 2160 3922 tantum

563 3939 732 3994 millia
760 3940 972 4008 pavisse
997 3939 1190 4008 legitur
1215 3939 1434 4010 (Matth.
1471 3954 1566 4003 vn,
1607 3937 1773 3990 Marc.
1807 3941 1945 4006 vin).
1972 3939 2160 3993 Fuisse

564 4020 746 4064 autem
777 4011 890 4064 haec
909 4011 1015 4064 duo
1043 4011 1253 4063 diversa
1281 4009 1564 4076 miracula,
1616 4009 1960 4064 manifestum
1998 4010 2158 4064 etiam

567 4093 650 4136 est
678 4096 744 4136 ex
777 4080 956 4136 verbis
997 4079 1212 4134 Domini
1241 4079 1306 4134 ad
1361 4081 1654 4148 discipulos
1689 4083 1758 4134 de
1805 4081 2028 4149 penuria
2070 4097 2162 4148 pa-

565 4169 694 4209 num
720 4152 1050 4215 difﬁdentes,
1081 4151 1316 4206 Mattltuei
1349 4167 1462 4214 xw,
1499 4152 1694 4218 quibus
1733 4162 2020 4220 utrumque
2049 4154 2159 4207 dis-

568 4226 735 4278 tincte
783 4237 1174 4277 commemorat
1212 4233 1266 4275 et
1296 4222 1551 4276 inculcat.
1606 4223 1744 4286 Quid
1791 4225 2029 4294 cogitatis
2052 4240 2162 4277 mo-

567 4296 698 4350 dica:
724 4294 865 4363 ﬁdei,
896 4295 1018 4363 quia
1047 4311 1204 4364 partes
1229 4310 1330 4347 non
1360 4293 1594 4348 habetis?
1621 4293 2161 4364 nondum’iutelligitis

568 4381 730 4436 neque
759 4365 1099 4419 recordamini
1125 4366 1352 4435 quinque
1376 4382 1568 4436 panum
1597 4375 1644 4418 et
1671 4366 1896 4435 quinque
1939 4365 2160 4418 millium

567 4435 856 4501 hominum,
875 4447 923 4489 et
967 4445 1092 4507 quot
1134 4435 1383 4507 cophinos
1424 4437 1763 4507 sumpsistis?
1817 4437 1952 4491 Hinc
1978 4437 2162 4506 Augu-

570 4507 743 4576 stinus
775 4509 867 4560 lib.
895 4522 933 4560 ll
959 4506 1115 4576 (Cap.
1139 4506 1232 4572 50)
1261 4506 1328 4560 de
1349 4505 1630 4560 Consensu
1658 4505 2110 4575 evangelistarum
2144 4525 2155 4560 :

573 4575 688 4630 Hoc
711 4593 854 4642 sane,
887 4575 1078 4644 inquit,
1107 4593 1210 4629 non
1232 4579 1295 4628 ab
1320 4594 1376 4630 re
1416 4577 1572 4646 fuerit
1619 4578 1918 4642 admonere,
1969 4579 2021 4630 in
2066 4579 2160 4631 hoc

569 4649 820 4720 miraculo
843 4649 904 4720 de
915 4657 1104 4717 septem
1126 4647 1363 4717 panibus,
1388 4647 1524 4716 quod
1542 4647 1648 4700 duo
1669 4650 1988 4720 evangelicae
2020 4648 2071 4700 Μ
2079 4660 2160 4701 at-

2264 3451 2380 3506 qute
2405 3437 2698 3509 discrepant
2750 3436 3103 3509 immorentur.
3137 3436 3314 3508 Supra
3343 3438 3670 3509 (Matth.xlv)
3709 3439 3810 3509 legi-

2267 3505 2379 3560 mus
2409 3522 2426 3559 :
2459 3505 2679 3577 Vespere
2707 3516 2873 3560 autem
2925 3508 3060 3577 facto
3102 3505 3429 3564 accesserunt
3457 3513 3524 3564 ad
3549 3505 3659 3563 eum
3689 3505 3810 3562 disti-

2263 3579 2620 3651 pulidiceutes
2662 3593 2690 3651 ς
2746 3578 2987 3651 Desertus
3034 3589 3108 3633 est
3177 3581 3360 3647 locus,
3413 3592 3459 3634 et
3497 3580 3710 3651 reliqua;
3749 3579 3812 3631 hic

2264 3648 2497 3724 (Matth.
2515 3650 2607 3718 xv)
2637 3649 2900 3724 discipulis
2924 3651 3232 3724 convocatis,
3253 3654 3366 3724 ipse
3390 3648 3633 3706 Dominus
3679 3652 3814 3722 loqui-

2266 3719 2349 3774 tur
2377 3737 2395 3774 :
2421 3719 2671 3796 Misereor
2697 3719 2879 3783 turbw,
2906 3723 3029 3789 quia
3072 3722 3243 3796 triduo
3262 3719 3379 3794 jam
3411 3719 3811 3796 perseverantiae-

2261 3807 2400 3845 cum.
2429 3789 2456 3843 Ι
2465 3793 2512 3844 bi
2537 3791 2756 3860 quinque
2785 3807 2940 3859 panes
2961 3803 3108 3846 erant
3129 3802 3175 3847 et
3205 3789 3309 3848 duo
3340 3789 3525 3862 pisces,
3559 3795 3637 3847 hic
3659 3804 3815 3861 septem

2263 3879 2425 3938 panes
2451 3873 2501 3916 et
2543 3864 2692 3928 pauci
2721 3863 2974 3938 pisciculi.
3002 3863 3081 3916 lbi
3112 3881 3268 3938 super
3305 3868 3479 3938 fenum
3502 3866 3814 3925 discumbunt,

2262 3933 2346 4010 hic
2372 3951 2528 4001 super
2543 3932 2792 4010 terram._l
2803 3933 2951 4010 bi_q_ui
2976 3932 3270 4010 comedunt,
3284 3932 3510 4010 quinque
3522 3938 3675 3990 millia
3693 3945 3815 4010 sunt;

2265 4005 2357 4078 hic
2375 4016 2597 4078 quatuor
2625 4004 2812 4058 millia.
2842 4003 2869 4057 1
2877 4006 2924 4057 bi
2950 4007 3228 4078 duodecim
3269 4003 3483 4078 cbphini
3512 4010 3750 4078 replentur
3769 4007 3817 4059 de

2262 4075 2495 4150 reliqpiis
2527 4077 2930 4150 fragmentorum
2955 4119 2973 4150 ,_
2999 4077 3299 4150 hicseptem
3319 4075 3528 4150 sporta,
3562 4075 3660 4135 etc.

2335 4144 2363 4184 ι’
2395 4144 2730 4220 Impassibile
2752 4161 2858 4220 pro
2891 4147 3046 4202 valde
3076 4144 3280 4205 dillicili
3313 4144 3547 4220 positum
3579 4150 3818 4213 existimo,

2263 4227 2320 4271 ut
2352 4219 2570 4284 sa‘pein
2603 4218 2896 4288 Scripturis
2956 4221 3193 4288 ponitur.
3249 4218 3510 4289 Quamvis
3563 4223 3696 4276 enim
3740 4222 3814 4274 Dei

2263 4290 2732 4364 omnipotentiam,
2761 4299 2871 4364 tum
2903 4289 2957 4364 in_
2973 4291 3081 4364 hac
3105 4307 3303 4361 panum
3329 4294 3758 4364 multiplicatione
3778 4299 3821 4346 et

2267 4358 2674 4427 distributione,
2701 4361 2882 4414 tumin
2912 4361 3033 4416 aliis
3058 4358 3358 4432 miraculis,
3392 4358 3823 4433 comprehendere

2263 4445 2368 4484 non
2402 4433 2663 4500 possimus
2688 4473 2702 4497 ,
2732 4442 2914 4487 tamen
2939 4447 3005 4487 ex
3029 4433 3146 4488 aliis
3177 4437 3452 4492 similibus
3493 4435 3741 4502 exemplis
3780 4444 3823 4486 et

2264 4503 2543 4558 miraculis
2568 4519 2852 4571 possumus
2875 4504 3037 4570 huius
3058 4505 3304 4562 miraculi
3351 4510 3590 4562 rationes
3619 4522 3704 4561 seu
3729 4519 3825 4558 mo-

2263 4571 2388 4648 dum
2420 4575 2759 4648 aliquatenus
2813 4575 3135 4648 intelligere.
3187 4579 3242 4631 ln
3277 4579 3378 4632 hac
3429 4579 3689 4648 siquidem
3737 4575 3824 4629 fra-

2262 4645 2440 4699 ctioue
2485 4661 2548 4700 ac
2575 4646 2955 4701 distributione
3010 4647 3356 4717 intelligenda
3401 4645 3509 4704 est'
3540 4648 3825 4702 mirabiliter

570 4719 732 4812 tJhteus
755 4728 801 4772 et
830 4718 1050 4812 Maccus.
1060 4728 1362 4812 posuerunt,
1408 4721 1541 4812 quiaL
1569 4721 1611 4772 si
1647 4717 2044 4812 aliquiseorum
2100 4720 2155 4772 id
2186 4750 2242 4812 Β
2265 4717 2627 4812 factapanum
2652 4717 3048 4812 Iiiultiplicatio,
3079 4719 3145 4800 ad
3187 4735 3311 4776 eum
3346 4721 3566 4805 modum
3610 4735 3708 4788 quo
3748 4734 3824 4786 per

570 4791 782 4846 dixisset
807 4790 895 4860 qui
921 4790 985 4843 de
1014 4788 1119 4842 illis
1145 4791 1367 4860 quinque
1389 4788 1603 4860 panibus
1630 4806 1731 4842 non
1758 4790 1992 4852 dixisset,
2040 4807 2161 4844 con-

570 4865 756 4916 trarius
800 4865 996 4915 creteris
1022 4871 1307 4931 putaretur.
1354 4861 1482 4926 Quis
1521 4862 1655 4913 enim
1699 4877 1802 4914 non
1847 4861 2159 4915 existimaret

473 4981 478 4988 .
569 4949 729 4986 unum
755 4933 989 5000 idemque
1014 4941 1205 5000 [actum
1235 4933 1387 4985 esse?
1417 4932 1525 4985 Sed
1555 4932 1676 5001 quia
1717 4933 1794 4984 illi
1816 4932 1903 5001 qui
1933 4932 2159 4986 miracu-

572 5003 679 5057 lum
705 5005 767 5057 de
795 5015 988 5070 septem
1014 5004 1231 5073 panibus
1254 5014 1618 5062 narraverunt,
1638 5019 1727 5055 nec
1755 5003 1885 5056 illud
1915 5004 1978 5055 de
2004 5005 2158 5072 quin-

567 5091 665 5140 que
712 5076 928 5146 panibus
969 5083 1249 5138 tacuerunt,
1293 5075 1543 5146 neminem
1570 5084 1763 5137 movet,
1793 5084 1840 5126 et
1891 5083 2160 5145 utrumque

571 5143 770 5219 factum
792 5163 962 5200 omnes
993 5143 1455 5219 intelligunt._Hoc
1481 5146 1596 5197 ideo
1635 5146 1878 5219 diximus,
1910 5158 1964 5198 ut
1993 5143 2158 5219 sicubi

568 5215 736 5272 simile
756 5218 1010 5271 invenitur
1032 5219 1224 5283 factum
1247 5233 1276 5268 a
1299 5215 1541 5277 Domino,
1567 5221 1702 5285 quod
1731 5221 1782 5269 iu
1814 5217 1986 5285 aliqua
2011 5218 2156 5270 alteri

569 5291 890 5361 evangelista:
932 5287 1632 5361 itadrepugnarevideatur,
1678 5297 1734 5340 ut
1779 5289 1982 5340 omnino
2029 5289 2156 5342 solvi

570 5378 671 5414 non
695 5358 884 5432 possit,
915 5358 1046 5432 nihil
1075 5358 1218 5432 aliud
1247 5359 1564 5432 intelligatur
1597 5376 1747 5429 quam
1772 5368 2042 5426 utruntque
2075 5365 2158 5427 [a-

572 5429 860 5494 ctuuiesse,
888 5441 934 5484 et
962 5429 1110 5482 aliud
1160 5431 1222 5482 ab
1263 5429 1367 5482 alio
1410 5438 1882 5490 commemoratum,
1917 5431 2046 5482 sicut
2093 5431 2157 5483 de

572 5505 796 5556 centenis
819 5513 862 5556 et
894 5501 1262 5570 quinquagenis
1312 5500 1738 5554 discumbentibus
1789 5517 2155 5555 commemora-

572 5574 754 5626 vimus.
789 5574 925 5641 Quia
955 5574 998 5626 si
1028 5589 1132 5626 non
1159 5574 1310 5624 etiam
1342 5571 1479 5642 illud
1525 5584 1794 5642 utrumque
1822 5577 1964 5639 apud
1997 5589 2156 5626 unum

569 5640 942 5714 inveniremus.
979 5646 1237 5696 contraria
1308 5640 1539 5713 singulos
1588 5640 1777 5696 dixisse
1806 5652 2153 5714 jputaremus.

573 5713 702 5774 Huic
729 5714 1079 5784 Augustinus.
1109 5714 1286 5770 Porro
1316 5717 1596 5784 utriusque
1631 5715 1877 5784 miiaeuli
1907 5719 2082 5768 varias
2103 5724 2160 5784 et

670 5783 1280 5844 crsas’circuiustantias
1315 5785 1551 5858 explicat
1577 5783 1641 5841 D.
1665 5783 2024 5858 Hieronymus
2065 5783 2157 5860 (In

2265 4787 2762 4855 multiplicationem
2795 4787 2888 4844 seti
2928 4789 3256 4846 additionem
3289 4795 3536 4847 materia:
3585 4787 3824 4846 extraneo

2263 4873 2332 4912 ex
2363 4868 2513 4913 costa
2538 4876 2640 4913 una
2679 4860 2809 4914 Adae
2852 4859 3075 4915 formata
3113 4873 3195 4917 est
3228 4863 3364 4928 Eva,
3399 4864 3534 4918 Gen.
3569 4879 3634 4919 u:
3659 4872 3707 4916 et
3739 4875 3824 4928 quo

2263 4928 2454 5006 hydria
2474 4931 2658 5006 farina;
2676 4946 2780 4985 non
2805 4931 3020 5006 deiecit,
3044 4942 3099 4987 et
3119 4932 3368 5006 lecytlius
3389 4936 3494 4990 olei
3521 4951 3622 4988 non
3649 4943 3724 4988 est
3746 4935 3824 5006 Illi:

2263 5004 2500 5074 minutos
2532 5001 2585 5055 in
2628 5001 2789 5056 domo
2815 5004 3145 5073 Sareptanm,
3175 5000 3332 5074 juxta
3371 5009 3597 5060 verbum
3630 5006 3746 5058 Elia!
3774 5000 3824 5053 lll

2263 5070 2397 5146 Reg.
2427 5089 2566 5138 xvtt;
2589 5084 2643 5128 et
2679 5090 2785 5142 quo
2815 5070 3154 5146 parumiolei
3177 5070 3265 5130 ’ad
3312 5092 3506 5146 preces
3555 5078 3721 5130 Eliswi
3750 5074 3827 5126 iu:-

2262 5143 2429 5212 plevit
2445 5161 2571 5199 vasa
2598 5161 2700 5197 non
2722 5160 2909 5214 pauca,
2933 5144 2998 5200 IV
3012 5145 3146 5216 Reg.
3171 5163 3247 5202 Iv.
3276 5143 3519 5203 Primum
3545 5146 3823 5215 exemplum

2262 5224 2458 5270 tractat
2481 5217 2629 5283 llugo
2654 5232 2682 5268 a
2706 5218 2764 5272 S.
2788 5216 3004 5270 Victore
3035 5218 3127 5273 lib.
3172 5234 3187 5272 ι
3216 5220 3286 5273 de
3323 5220 3704 5278 Sacramentis,
3734 5216 3826 5268 Mi-

2261 5285 2428 5354 gister
2455 5286 2854 5342 Sententiarum
2887 5290 2937 5341 in
2964 5286 2999 5339 2
3045 5289 3172 5345 dist.
3226 5292 3316 5356 l8,
3365 5300 3422 5344 et
3464 5291 3520 5347 S.
3579 5291 3825 5344 Thomas:

2265 5369 2400 5426 part.
2433 5375 2487 5428 q.
2512 5360 2580 5412 92
2601 5370 2705 5414 art.
2737 5360 2789 5412 5.
2823 5359 3129 5413 Secundum
3152 5371 3208 5416 et
3253 5364 3474 5417 tertium
3508 5360 3825 5429 allegat'lfcr-

2263 5431 2514 5504 tullianus
2541 5429 2631 5482 lib.
2659 5445 2708 5484 tv
2741 5429 2899 5504 (Cap.
2939 5431 3033 5504 fil)
3059 5442 3244 5487 contra
3297 5428 3648 5488 Marcionem.
3674 5428 3828 5504 Addit

2262 5502 2423 5555 etiam
2454 5511 2705 5570 quartmn
2741 5501 2862 5554 huic
2911 5501 3086 5558 simile
3139 5505 3448 5572 exemplum
3514 5503 3704 5566 Elisari,
3750 5501 3826 5568 qui

2263 5574 2447 5639 viginti
2474 5564 2702 5641 panibus
2727 5571 3040 5628 liordeaceis
3092 5564 3234 5643 pa‘iit
3284 5564 3538 5631 homines
3588 5564 3823 5643 centum,

2264 5643 2329 5698 IV
2356 5639 2491 5732 Reg;
2517 5659 2588 5697 tv.
2615 5643 2959 5732 Sli‘quartum,
2985 5639 3425 5732 inquitLresolvus
3447 5648 3525 5732 [id
3551 5656 3660 5726 est,
3684 5639 3826 5732 revol:

2263 5714 2373 5790 vas]
2406 5718 2622 5790 (nempe
2644 5715 2845 5790 librum
2870 5726 3129 5790 quartum
3155 5719 3406 5790 Regum),
3440 5714 3660 5773 invenies
3688 5724 3826 5787 totuni

2266 5783 2672 5844 hunc'ordinens
2724 5783 2914 5841 Christi
2949 5789 3088 5844 circa
3115 5783 3264 5848 illum
3283 5783 3699 5857 Dci'homincm,
3749 5783 3828 5858 qui
