3970 6344
253 281 343 358 βο
1236 275 1324 333 DE
1363 272 1876 342 [NCARNATIONE
1912 274 2187 335 CHRISTI
2226 276 2356 334 LIB.
2402 278 2488 334 Vl.

3399 281 3501 340 150

250 418 354 478 pia
390 396 588 454 verbum.
637 394 916 450 breviatum
941 393 1096 466 faciet
1129 389 1382 464 Dominus
1429 408 1586 466 super
1614 404 1804 456 terram
1830 401 1882 457 Α
1907 401 1991 452 est
2009 407 2078 454 ex
2103 393 2268 448 Maria
2293 395 2522 464 virgine,
2549 400 2606 448 et
2626 394 2920 450 crucifixus
2947 394 3051 464 sub
3073 394 3269 452 Pontio
3294 395 3496 467 Pilato,

252 497 404 571 (liam.
431 494 526 559 Ix).
575 489 686 544 Hoc
713 499 795 542 est
819 502 950 558 ergo
985 487 1286 544 breviatum
1313 487 1537 550 verbum
1562 487 1707 559 qund
1731 485 1810 552 fe-

250 590 314 654 cit
342 586 604 650 Dominus,
657 582 822 638 ﬁdem
853 581 1062 644 scilicet
1087 581 1317 655 duplicis
1347 581 1680 645 Testamepti
1725 582 1808 638 sui

250 684 293 744 in
314 693 470 752 Pauca
497 677 781 745 colligens,
813 684 870 730 ει
892 685 916 712 ⁸
948 689 1174 736 sensum
1214 675 1459 738 omnium
1505 676 1808 746 Scriptura-

248 791 350 842 sunt
377 775 424 830 in
454 772 636 850 brevia
688 770 1042 840 concludens,
1075 786 1170 826 sua
1196 771 1264 828 de
1304 771 1418 828 suis
1440 770 1702 832 condens,
1751 777 1808 831 et

249 871 342 934 me
369 869 525 922 totius
569 865 708 935 legis
762 866 1303 933 compendiosissima
1336 866 1602 921 brevitate
1646 864 1808 934 perli-

247 965 395 1026 ciens.
419 960 722 1017 Consulens
743 961 952 1017 scilicet
985 961 1036 1014 in
1071 960 1194 1028 hoc,
1238 971 1296 1015 ut
1328 961 1602 1029 piissimus
1630 969 1802 1029 pater,

249 1057 320 1113 vel
349 1055 681 1122 negligentim
731 1053 1085 1122 quorumdam
1140 1052 1373 1108 ﬁliorum
1424 1069 1670 1119 suorum,
1721 1052 1806 1108 vel

247 1149 542 1213 imz‘eritire:
573 1157 635 1201 ut
661 1162 766 1202 non
785 1147 1059 1204 laboraret
1085 1147 1292 1216 utique,
1318 1149 1561 1214 quamvis
1577 1147 1806 1214 simplex

247 1252 294 1302 et
328 1241 600 1310 imperita,
627 1255 780 1295 mens
807 1255 1038 1310 capere,
1071 1241 1213 1312 quod
1246 1243 1415 1312 possit
1459 1239 1622 1296 facile
1643 1241 1806 1295 etiam

246 1327 478 1394 meritoria
507 1332 796 1390 contineri.

819 1425 1051 1482 CAPUT
1087 1425 1179 1482 IV.

247 1519 531 1595 Symbolum
562 1519 686 1590 ﬁdei
711 1519 942 1575 divinam
975 1529 1020 1574 et
1050 1520 1332 1576 humanam
1359 1520 1546 1575 habere
1585 1521 1811 1592 auctori-

940 1604 1115 1646 tatem.

307 1707 452 1763 Vides
492 1720 628 1776 ergo
678 1705 731 1760 in
783 1705 1040 1778 Symbnlo
1087 1707 1466 1762 auctoritatem
1500 1707 1598 1762 Dei
1637 1719 1805 1762 esse:

1911 493 1968 549 et
1997 487 2259 556 sepultus.
2291 488 2358 548 Et
2383 489 2538 542 tertia
2569 486 2659 568 die
2682 491 2988 552 resurrexit
3023 489 3326 554 secundum
3355 490 3500 557 Seri-

1911 589 2120 648 ptnras,
2151 587 2210 634 et
2245 579 2299 635 in
2333 581 2502 646 caelos
2529 579 2796 646 ascendit.
2834 581 2904 638 Et
2929 581 3134 652 iterum
3156 583 3341 650 veniet
3358 581 3496 652 judi-

1911 684 2037 736 care
2066 670 2220 728 vivos
2247 680 2302 734 et
2331 684 2597 728 mortuos.
2629 673 2699 728 Et
2727 674 2958 743 reliqua,

2533 787 2764 846 CAPUT
2804 787 2871 842 ιι.

1913 880 2224 935 beatissimi:
2262 882 2581 951 argumentis
2609 883 2715 952 agit
2746 892 2929 939 contra
2959 882 3350 950 aduersarium,
3387 895 3437 940 et
3474 905 3506 942 a

1980 953 2564 1027 majoribusacccptam
2596 955 2900 1017 reliaionem
2928 956 3192 1014 mordicus
3226 958 3519 1016 tenendam.

1982 1042 2088 1079 esse
2111 1026 2354 1080 ostendit.

1985 1154 2009 1184 ο
2057 1143 2117 1199 Si
2161 1143 2376 1206 Arianae
2423 1152 2520 1198 aut.
2557 1142 2886 1202 Sabelliana‘.
2933 1143 3214 1204 haereseos
3259 1152 3512 1204 assertor

1910 1251 2080 1299 esses.
2102 1247 2160 1294 et
2181 1253 2286 1292 non
2317 1246 2409 1294 tuo
2435 1237 2552 1308 ipso
2575 1238 2826 1310 symbolo
2848 1247 3024 1293 tecum
3040 1250 3250 1304 uterer,
3275 1241 3500 1296 convin-

1911 1344 2090 1386 cerem
2114 1339 2169 1384 te
2192 1338 2369 1386 tamen
2396 1331 2831 1386 testimoniorum
2853 1345 3131 1387 sacrorum
3155 1333 3500 1400 auctoritate,

1910 1423 2294 1480 eonvinccrem
2319 1425 2452 1494 legis
2479 1425 2651 1494 ipsius
2671 1439 2830 1491 voce,
2854 1423 3236 1482 convincerem
3267 1424 3505 1496 denique

1913 1521 2135 1590 probata
2173 1535 2266 1589 per
2298 1521 2614 1576 universum
2659 1521 2919 1576 mundum
2953 1520 3499 1590 Symboliveritate:

1913 1611 2147 1668 dicerem
2181 1619 2264 1676 te,
2308 1613 2521 1668 etiamsi
2553 1629 2753 1684 expers
2802 1614 3173 1684 intelligentia:
3213 1627 3274 1667 ac
3313 1625 3507 1668 sensus

1916 1718 2089 1773 esses,
2121 1715 2374 1772 oportere
2402 1715 2582 1760 tamen
2627 1706 2780 1776 sequi
2826 1707 3016 1761 saltem
3059 1720 3388 1761 consensum
3415 1720 3507 1775 ge-

254 1800 452 1860 llerbum
477 1799 614 1852 enim
660 1799 938 1854 breviatum
966 1799 1118 1869 faciet
1148 1799 1399 1854 Dominus
1427 1816 1582 1871 super
1619 1807 1809 1854 terram
1842 1801 1890 1860 B
1917 1797 2063 1851 neris
2096 1798 2338 1865 humani,
2387 1814 2486 1853 nec
2519 1800 2687 1868 pluris
2737 1798 2916 1854 facere
2963 1799 3166 1855 debere
3211 1815 3503 1870 paucorum

245 1894 526 1966 (dionis).
563 1891 721 1948 bSed
768 1893 1042 1946 bominmn
1087 1892 1321 1948 fortasse
1365 1893 1582 1962 qumris.
1633 1892 1708 1946 Ne
1759 1892 1810 1945 id

245 1985 431 2059 quidem
461 1987 639 2051 deest,
675 2000 772 2054 per
807 1984 1054 2040 homines
1081 1986 1225 2040 enim
1259 1985 1311 2039 id
1344 1985 1484 2040 Deus
1517 1986 1661 2040 fecit.
1697 1985 1812 2040 Sic-

246 2090 292 2135 ut
328 2078 460 2133 enim
514 2079 837 2132 immensam
891 2075 1081 2150 {Lips.
1129 2078 1186 2132 in
1231 2094 1400 2150 marg.
1452 2074 1809 2148 universam]

243 2175 366 2251 illam
407 2173 824 2240 scripturarum,
857 2185 1136 2227 sacrarum
1168 2174 1379 2242 copiam
1433 2187 1526 2239 per
1580 2171 1810 2242 patriar-

243 2268 353 2324 chas
378 2275 429 2320 et
456 2267 758 2335 prophetas
785 2267 1016 2320 maxime
1038 2280 1167 2321 suos
1193 2265 1456 2336 condidit,
1482 2265 1556 2320 ita
1581 2265 1811 2338 Symbo-

245 2364 331 2419 lum
363 2377 452 2432 per
478 2361 764 2430 apostolos
789 2375 916 2415 suos
942 2362 1366 2430 sacerdotesque
1405 2359 1709 2415 constituit.
1746 2359 1812 2413 Et

243 2452 472 2532 quidquid
519 2454 638 2507 illic
686 2468 783 2522 per
821 2466 948 2507 suos
983 2453 1127 2523 larga
1171 2467 1236 2506 ac
1281 2451 1604 2507 redundanti
1654 2452 1810 2521 copia

243 2547 474 2612 dilatavit,
525 2545 678 2602 idem
735 2546 822 2600 hic
876 2561 974 2614 per
1026 2561 1156 2600 suos
1189 2545 1498 2614 plenissima
1549 2546 1810 2608 brevitate

243 2639 496 2697 Conciti-il.
560 2639 704 2694 Nihil
750 2654 882 2709 ergo
925 2638 978 2693 in
1031 2639 1293 2712 Symbolo
1341 2639 1515 2704 deest,
1559 2641 1702 2710 quod
1744 2656 1810 2694 ex

243 2735 426 2806 scriptis
460 2734 563 2788 Dei
605 2750 702 2804 per
729 2734 1008 2803 apostolos
1054 2734 1149 2789 Dei
1197 2735 1496 2802 conditum,
1543 2745 1708 2788 totum
1755 2734 1808 2788 in

242 2840 568 2898 se,quantum
589 2827 656 2882 ad
681 2829 1059 2883 auelotitatem
1085 2828 1339 2896 pertinet,
1362 2828 1525 2884 habet
1547 2828 1806 2899 quidquid

243 2925 307 2977 vel
330 2922 605 2976 hominum
635 2931 741 2985 est,
776 2923 860 2976 vel
901 2921 1014 2976 Dei.
1044 2923 1303 2989 Quunvis
1327 2924 1490 2974 etiam
1535 2922 1678 2991 quod
1713 2938 1808 2992 per

242 3014 456 3072 homines
499 3015 713 3068 factum
761 3024 866 3082 est,
918 3013 1015 3068 Dei
1066 3013 1486 3069 existimandum
1531 3015 1632 3081 sit,
1683 3015 1804 3083 quia

241 3124 327 3166 non
356 3121 454 3164 tam
507 3110 733 3166 illorum
769 3124 864 3179 per
909 3125 1047 3176 quos
1079 3108 1279 3164 factum
1328 3121 1434 3176 est,
1468 3125 1626 3180 quam
1662 3111 1806 3166 illius

1922 1889 2296 1956 improborum
2339 1894 2748 1962 perversitatem
2793 1910 2954 1964 quam
2989 1895 3342 1950 ecclesiarum
3389 1909 3508 1950 omo

1915 1983 2062 2038 nium
2097 1984 2291 2052 iidem;
2321 2004 2443 2056 qua:
2473 1989 2656 2056 utique
2685 2006 2718 2044 a
2740 1989 2964 2044 (λιιι-ἰειο
3000 1988 3242 2053 inlidant,
3281 1989 3349 2043 ab
3376 2003 3507 2058 apo-

1915 2079 2068 2132 stolis
2094 2079 2312 2144 trndita,
2342 2095 2447 2134 n0n
2474 2081 2619 2136 aliud
2652 2081 3018 2136 existimanda
3043 2089 3188 2135 esset
3208 2096 3368 2149 quam
3402 2096 3502 2136 vox

1911 2180 2072 2240 atque
2117 2176 2412 2226 auctoritas
2467 2172 2587 2237 Dei,
2639 2189 2764 2244 quae
2806 2175 3027 2228 haberet
3061 2174 3114 2227 in
3143 2188 3202 2228 se
3235 2175 3422 2242 utique
3450 2183 3507 2228 et

1911 2281 2099 2321 vocem
2131 2277 2185 2321 et
2212 2282 2431 2321 sensum
2478 2268 2589 2327 Dei.
2625 2268 2697 2324 Et
2737 2269 2866 2337 quid
2913 2269 3130 2332 tandem
3161 2268 3206 2322 si
3249 2267 3330 2322 sic
3359 2266 3507 2336 apud

1913 2371 1965 2414 te
1995 2375 2233 2429 agerem,
2267 2360 2394 2429 quid
2424 2361 2678 2416 diceres?
2710 2362 2835 2431 quid
2868 2362 3271 2432 reSpondet-es?
3301 2375 3501 2429 nonne,

1911 2453 2160 2518 obsecro,
2194 2453 2366 2507 illud?
2397 2452 2513 2509 an
2543 2457 2614 2508 ita
2646 2461 2700 2510 te
2730 2455 3016 2520 imbutum,
3057 2471 3164 2510 non
3191 2456 3260 2509 ita
3290 2454 3506 2510 institu-

1913 2557 2023 2602 tum
2055 2563 2207 2612 esse;
2239 2548 2388 2601 aliud
2427 2548 2519 2603 tibi
2555 2563 2584 2602 a
2619 2550 2960 2618 parentibus,
2993 2549 3140 2602 aliud
3170 2565 3198 2601 a
3232 2548 3505 2619 magistris

1911 2651 2071 2711 atque
2103 2642 2414 2696 auctoribus
2440 2641 2549 2696 tuis
2579 2643 2859 2698 traditum.
2905 2643 3023 2697 Non
3066 2642 3173 2697 hoc
3203 2652 3254 2697 te
3295 2644 3345 2696 in
3375 2657 3507 2698 con-

1911 2739 2182 2794 venticulo
2208 2739 2298 2794 illo
2345 2741 2553 2814 paterni
2585 2739 2873 2811 dogmatis,
2916 2755 3016 2794 nec
3063 2740 3114 2793 in
3149 2739 3377 2794 ecclesia
3412 2753 3506 2806 ve-

1910 2843 2037 2895 strm
2083 2834 2439 2904 professionis
2490 2833 2755 2900 audisse;
2792 2834 2937 2888 aliud
2984 2843 3259 2901 postremo
3301 2842 3505 2896 textum

1910 2929 2082 2997 ipsum
2126 2939 2287 2999 atque
2328 2943 2637 2983 sermonem
2675 2929 2858 2982 traditi
2889 2928 2989 2982 tibi
3032 2937 3195 2997 atque
3247 2927 3505 2982 insinuati

1909 3022 2139 3094 symbnli
2172 3023 2469 3077 continere.
2506 3022 2562 3077 In
2593 3038 2658 3094 eo
2683 3032 2736 3077 te
2760 3022 3114 3091 baptizatum,
3161 3021 3212 3075 in
3247 3037 3312 3074 eo
3337 3031 3387 3075 te
3419 3036 3504 3077 re-

1910 3128 2092 3171 natum
2118 3132 2259 3172 esse.
2289 3118 2400 3171 lloc
2433 3126 2619 3172 tenere
2647 3115 2791 3185 quod
2821 3115 3152 3184 accepisses,
3184 3123 3241 3168 et
3273 3114 3326 3168 in
3355 3103 3422 3168 eo
3451 3121 3504 3168 te

241 3207 532 3262 credendum
593 3218 676 3262 est
705 3223 829 3263 esse
867 3208 957 3276 qui
1007 3207 1154 3262 fecit.
1203 3208 1401 3267 Credo.
1450 3223 1582 3277 ergo
1631 3209 1800 3277 inquit
1831 3196 1876 3258 C
1909 3211 2092 3264 vivere
2125 3210 2361 3275 diceres,
2400 3211 2450 3262 in
2477 3224 2586 3277 quo
2615 3217 2994 3276 regeneratum
3028 3222 3151 3261 esse
3193 3205 3500 3266 didicisses.

241 3297 545 3367 Symbolum.
609 3301 660 3354 in
695 3316 858 3354 unum
893 3316 1102 3366 verum,
1137 3300 1309 3353 solum
1368 3301 1557 3364 Deum,
1587 3301 1801 3356 Patrem

241 3392 663 3460 omnipotentem,
697 3403 1000 3448 creatorem
1033 3395 1274 3448 omnium
1307 3394 1594 3448 visibilium
1636 3404 1691 3450 et
1722 3396 1804 3449 in-

245 3486 497 3539 visibilium
549 3496 972 3552 creaturarum;
1027 3498 1079 3541 et
1126 3487 1178 3540 in
1225 3487 1506 3543 Dominum
1557 3499 1802 3544 nostrum

247 3579 394 3636 leum
421 3579 726 3648 Christum,
765 3581 958 3635 Filium
981 3580 1100 3650 ejus
1132 3581 1492 3652 unigenitum,
1522 3593 1570 3636 et
1601 3583 1803 3651 ptimo-

247 3673 449 3742 genitum
499 3673 668 3727 totius
697 3684 986 3740 creaturae,
1040 3690 1106 3729 ex
1135 3690 1202 3728 eo
1244 3681 1426 3739 natum
1472 3684 1596 3732 ante
1625 3677 1803 3731 omnia

246 3763 430 3829 secula,
462 3774 516 3817 et
548 3779 659 3818 non
703 3765 921 3829 iactum,
977 3766 1142 3822 Deum
1175 3781 1360 3821 verum
1400 3783 1467 3821 ex
1500 3768 1607 3821 Deo
1650 3783 1801 3833 vero,

247 3851 566 3910 homoousinn
602 3857 772 3924 Patri,
803 3873 900 3928 per
928 3874 1086 3927 quem
1117 3867 1177 3914 et
1206 3861 1403 3915 sa-cnla
1427 3861 1804 3931 compaginata

245 3959 360 4018 sunt,
386 3958 435 4005 et
459 3953 644 4007 omnia
678 3951 840 4008 facta.
872 3953 970 4022 Qui
999 3936 1340 4028 propter'nos
1370 3956 1536 4028 venit,
1570 3967 1622 4012 et
1647 3968 1802 4014 natus

1908 3303 2117 3373 Nonne,
2148 3317 2331 3368 qumso
2350 3343 2364 3368 ,
2399 3301 2584 3355 dicens
2610 3300 2748 3369 huic,
2779 3298 3078 3354 fortissimo
3105 3310 3156 3353 te
3181 3299 3343 3353 etiam
3373 3312 3504 3354 con-

1909 3407 1990 3453 tra
2019 3399 2296 3452 veritatem
2331 3405 2486 3451 scuto
2517 3397 2590 3448 uti
2621 3394 3007 3449 arbitrarer-is?
3054 3393 3122 3448 Et
3148 3407 3276 3446 vere
3311 3395 3361 3444 in
3411 3406 3504 3448 ne-

1906 3492 2057 3562 gatio
2081 3491 2326 3560 quamvis
2374 3490 2620 3558 improbo
2661 3503 2767 3541 non
2803 3488 3112 3557 importuna
3153 3483 3420 3546 defensio,
3450 3491 3505 3540 et

1911 3599 2029 3654 qua:
2070 3599 2173 3637 non
2203 3582 2433 3636 absurde
2470 3596 2688 3637 causam
2721 3582 2928 3636 erroris
2980 3579 3208 3660 diceret,
3248 3577 3294 3632 si
3341 3576 3504 3646 perti-

1912 3677 2119 3734 nnciam
2150 3693 2254 3731 non
2284 3676 2516 3732 sociaret
2548 3678 2744 3730 errori.
2781 3674 2914 3730 Nam
2943 3690 3064 3728 cum
3115 3657 3217 3728 hoc
3260 3657 3499 3743 teneres,

1910 3773 2054 3841 quod
2083 3787 2111 3824 a
2144 3785 2310 3839 parvo
2339 3771 2668 3838 accepisses,
2700 3765 2728 3810 ά
2754 3768 2874 3837 plus
2901 3766 3132 3822 haberet
3161 3765 3216 3822 in
3246 3776 3297 3821 te
3320 3779 3503 3822 θιιιοιιυ

1909 3863 2058 3918 datio
2087 3863 2228 3935 quod
2258 3863 2325 3918 de
2353 3862 2607 3932 praesenti
2631 3877 2821 3917 errore
2870 3863 3192 3931 corrigeret,
3223 3875 3383 3936 quam
3412 3873 3501 3914 se-

1909 3961 2110 4015 veritas
2140 3957 2281 4028 quod
2306 3958 2372 4013 de
2405 3957 2686 4030 praeterito
2722 3955 3044 4012 vindicaret.
3078 3963 3103 3992 ε
3125 3952 3277 4010 Nunc
3319 3964 3497 4009 autem

1287 4093 1420 4149 AL.\
1433 4094 1544 4150 [till
1581 4093 1807 4150 ΟΑΖΔΞΙ
1846 4091 2416 4157 COMMENTARlUS.

218 4211 223 4216 ’
297 4215 321 4248 ⁸
340 4210 393 4266 S.
417 4210 718 4283 Cyprianus
733 4212 802 4266 de
831 4212 1089 4267 Oratione
1114 4208 1392 4266 Dominira
1417 4227 1434 4264 :
1463 4205 1592 4265 Cum
1619 4209 1796 4263 Domi-

245 4294 319 4350 tm
344 4282 498 4335 noster
548 4282 705 4338 Iesus
745 4285 979 4337 Christus
1019 4285 1260 4350 colligms
1306 4289 1480 4336 doi'tos
1513 4284 1705 4348 pariter
1748 4291 1794 4334 et

242 4349 465 4425 indoctos,
498 4358 639 4408 amni
682 4356 825 4410 sexui
853 4367 1002 4423 atque
1035 4349 1175 4409 (Βιθιιὶ
1208 4363 1460 4425 ρτωτφιη
1486 4355 1666 4405 salutis
1707 4354 1795 4404 de-

245 4421 366 4498 ‘ﬂ'it.
400 4438 767 4498 prwcrptorum
796 4421 1008 4481 suorum
1040 4428 1158 4493 fecit
1184 4421 1382 4497 grande
1408 4427 1792 4494 compendium,

242 4503 288 4543 et
309 4495 351 4546 in
377 4495 649 4570 disriplina
679 4499 866 4553 cazlesti
894 4495 1199 4570 discentium
1236 4500 1480 4550 memoria
1510 4512 1612 4548 non
1653 4498 1796 4548 labo-

245 4575 371 4632 raret,
400 4569 650 4636 sedquod
679 4579 803 4624 esset
832 4569 1051 4640 simplici
1081 4569 1203 4636 ﬁdei
1236 4570 1576 4640 necessarium
1607 4570 1793 4621 veloci-

1908 4209 2083 4279 paucis
2111 4209 2273 4261 verbis
2298 4209 2522 4270 dicatur,
2559 4206 2694 4279 unde
2720 4207 2940 4279 multum
2973 4206 3291 4279 acquiratur.
3327 4206 3500 4279 Simi-

1905 4277 1972 4334 lia
2013 4281 2209 4334 habent
2250 4279 2488 4333 Isidorus
2534 4277 2669 4340 (Lib.
2703 4294 2736 4331 ll
2762 4281 2824 4330 de
2846 4277 2993 4347 (illic.
3024 4295 3141 4345 cap.
3175 4277 3292 4346 25),
3321 4278 3500 4334 ηυδε-

1905 4367 2006 4406 nus
2029 4351 2168 4418 (Lib.
2204 4367 2237 4405 ll
2260 4349 2323 4402 de
2345 4349 2583 4403 Institut.
2610 4347 2745 4401 Cler.
2781 4366 2896 4419 cat).
2925 4350 3038 4419 56),
3064 4361 3116 4401 et
3141 4350 3256 4402 alii.
3367 4369 3370 4371 λ

1976 4423 2003 4462 δ
2035 4423 2260 4491 δυνριθ,
2293 4423 2671 4476 ειιιιειογὶιειιο-ιη
2702 4421 2754 4474 in
2783 4418 3073 4491 Symbnlo,
3105 4420 3170 4470 de
3199 4435 3304 4487 qua
3339 4435 3501 4485 supe-

1903 4495 2017 4549 rius
2063 4490 2236 4546 divit:
2273 4491 2338 4546 In
2384 4491 2656 4562 Symbolo,
2693 4494 2833 4561 quod
2879 4490 3242 4546 Ecclestarum
3268 4495 3502 4546 omnium

1906 4567 2056 4634 ﬁdem
2087 4565 2330 4635 loquitur,
2365 4566 2497 4635 scire
2518 4576 2659 4635 apto,
2693 4563 2816 4627 quid
2844 4563 2988 4630 sequi
3028 4565 3198 4617 malis.
3235 4567 3499 4618 Itoniiuum

249 4633 541 4711 induceret.
587 4642 651 4695 D.
690 4633 1045 4711 liiernnyinns
1081 4633 1139 4694 in
1171 4640 1396 4708 epi~tula
1441 4639 1506 4691 ad
1550 4639 1798 4692 Pannna-
1827 4634 1877 4694 D
1901 4633 2291 4701 auctoritatem,
2323 4653 2388 4690 an
2417 4634 2556 4711 Dei?
2591 4633 2817 4711 videtur
2846 4650 3024 4711 autem
3061 4635 3146 4687 hic
3178 4635 3496 4711 Symbolum

247 4708 390 4763 cliinm
421 4710 615 4782 (Epist.
653 4713 745 4780 6|)
781 4731 793 4765 ι
837 4708 904 4765 In
932 4711 1180 4781 Symbolo
1217 4712 1338 4781 ﬁdei
1367 4719 1413 4763 et
1445 4714 1550 4781 spei
1590 4723 1798 4772 nostris.

249 4784 356 4848 quod
391 4784 446 4836 ub
484 4785 738 4849 apostolis
767 4786 1015 4836 traditum
1043 4800 1142 4834 non
1173 4784 1415 4836 scribitur
1455 4787 1506 4834 in
1546 4784 1726 4834 charta
1753 4791 1800 4835 et

251 4860 512 4917 atramento,
543 4858 636 4909 sed
685 4859 736 4908 in
766 4857 953 4908 tabulis
983 4855 1149 4908 cordis
1189 4855 1506 4913 carnalibus,
1539 4865 1652 4923 post
1679 4867 1802 4905 con-

252 4923 480 4987 fessionem
509 4925 804 4989 Trinitatis,
827 4939 875 4981 et
903 4927 1145 4980 unitatem
1179 4924 1442 4985 Ecclesia,
1478 4941 1628 4978 omne
1652 4924 1803 4977 Chri-

252 4995 372 5070 stiani
392 4997 643 5070 dogmatis
669 5007 1052 5052 sacramentum
1082 4998 1252 5050 carnis
1280 4999 1652 5070 resurrectione
1682 5012 1804 5050 con-

176 5117 185 5148 t
255 5066 471 5148 cluditur:
598 5071 935 5148 Augustinus
963 5083 1129 5148 serui.
1167 5071 1190 5122 1
1231 5071 1282 5121 in
1321 5067 1498 5148 vigilia
1524 5068 1804 5148 _Penteco-

179 5139 184 5172 ἶ
258 5146 372 5189 stes:
399 5140 720 5210 Symbolum,
748 5142 941 5206 inquit,
970 5141 1115 5193 breve
1141 5149 1214 5192 est
1237 5140 1418 5204 verbis,
1445 5139 1533 5190 sed
1556 5156 1804 5208 magnum

258 5218 312 5258 ut
343 5214 678 5282 sacramentis.
727 5211 996 5276 Quidquid
1041 5213 1174 5264 enim
1211 5211 1605 5282 prteﬁguratnm
1647 5223 1718 5262 est
1749 5211 1804 5264 in

259 5280 541 5352 patriarcliis,
565 5285 815 5352 quidquid
846 5280 1286 5336 denuntiatum‘in
1312 5283 1621 5344 Scripturis,
1649 5282 1803 5346 quid-

260 5351 354 5424 quid
376 5351 664 5424 prtedictum
691 5366 764 5408 est
803 5357 856 5409 in
892 5354 1186 5424 PrOphetis,
1221 5353 1300 5406 vel
1325 5355 1388 5405 de
1420 5353 1524 5407 Deo
1556 5355 1802 5421 ingenito,

261 5422 318 5494 rel
342 5439 393 5475 ex
430 5423 536 5478 Deo
566 5428 619 5478 in
653 5424 816 5478 Deum
849 5422 1102 5490 nato,vel
1141 5430 1202 5477 de
1247 5424 1450 5494 Spiritu
1495 5438 1693 5486 sancto,
1730 5424 1811 5478 vel

192 5506 194 5508 '
264 5487 310 5543 de
333 5496 636 5561 suscipiendo
660 5500 797 5551 omni
817 5487 1162 5563 sacramento,
1195 5496 1271 5550 vel
1291 5487 1358 5548 de
1386 5504 1548 5548 morte
1574 5495 1803 5558 Domini,

265 5569 698 5640 rfsurreetionisque
740 5572 853 5636 ejus
914 5571 1187 5640 mysterio.
1236 5578 1397 5640 totum
1442 5565 1656 5640 breviter
1708 5567 1804 5620 hoc

268 5628 516 5699 Symbolum
540 5628 785 5708 continet,
815 5652 860 5696 et
886 5628 1194 5695 coriiiuendo
1224 5639 1375 5691 habet
1410 5647 1457 5691 et
1491 5637 1801 5768 catxtendo.

268 5698 316 5755 ει
339 5703 378 5759 in
405 5711 500 5763 alio
528 5725 778 5768 sermone
809 5712 1004 5768 (Serm.
1037 5717 1070 5766 5
1099 5714 1162 5765 de
1191 5710 1318 5768 feria
1344 5709 1380 5762 2
1421 5721 1531 5768 post
1617 5711 1801 5764 omini-

267 5698 316 5755 εἰ
339 5703 500 5784 in_al_io
528 5698 784 5768 sermone
809 5712 1004 5784 (Serm.
1037 5717 1070 5766 5
1099 5714 1162 5765 de
1190 5710 1318 5779 feria
1344 5709 1380 5762 2
1420 5721 1531 5777 post
1565 5698 1806 5784 Domini-

268 5785 352 5855 ωιξι
371 5777 680 5855 Balarorum)
717 5801 735 5839 :
767 5777 1073 5855 symbolum
1099 5777 1392 5837 estbreviter
1428 5782 1700 5855 complexa
1729 5797 1807 5835 re-

270 5845 362 5910 ιιισ
380 5849 505 5921 ﬁdei,
533 5863 590 5908 ut
611 5845 834 5910 mentem
873 5856 1119 5922 instruat,
1137 5869 1238 5907 1386
1267 5861 1437 5906 oneret
1463 5845 1762 5907 memoriam
1789 5868 1810 5920 ;

1907 4712 2268 4765 antistolicum
2318 4724 2441 4760 ctum
2490 4706 2852 4768 Antiocheno,
2905 4707 2974 4761 de
3026 4721 3134 4774 quo
3179 4722 3338 4774 supra
3393 4707 3501 4777 egit

1905 4781 2063 4855 (Cap.
2094 4779 2176 4852 3),
2202 4779 2561 4855 confundere,
2585 4789 2641 4832 et
2671 4779 2738 4855 de
2767 4777 2944 4855 altera
2963 4779 3028 4830 ad
3057 4778 3500 4855 alterumtraus-

1911 4849 2021 4917 ire,
2071 4849 2214 4923 quod
2249 4860 2540 4923 utrumque
2589 4853 2814 4923 vei-bum
2859 4850 3256 4910 abbreviatum,
3303 4849 3352 4903 id
3391 4858 3497 4912 est,

1911 4921 2480 4992 breveCornpendium
2523 4922 2684 4977 totius
2715 4921 2985 4974 doctrinae
3028 4923 3332 4984 catholicas,
3372 4937 3498 4975 vere

1910 4997 2014 5050 dici
2047 4991 2237 5063 pos~it,
2261 5006 2314 5047 et
2343 4995 2626 5060 utriusque
2649 4998 2836 5046 eadem
2869 4993 2937 5045 sit
2971 4991 3127 5054 lides,
3155 4993 3344 5045 eadem
3373 5007 3497 5063 sent-

1914 5062 2102 5134 tentia,
2135 5067 2258 5120 licet
2289 5064 2489 5134 aliquid
2521 5065 2572 5118 in
2606 5081 2714 5118 uno
2745 5063 3061 5132 cupressius
3091 5065 3321 5123 dicatur.
3353 5062 3494 5133 quod

1905 5139 1959 5192 in
1988 5139 2157 5191 altero
2185 5137 2620 5206 subintelligitur.

1983 5219 2008 5248 ο
2043 5210 2118 5262 De
2166 5208 2364 5262 Ariana
2410 5219 2465 5261 et
2505 5206 2810 5262 Sabelliana
2844 5205 3162 5268 lmresibus.
3197 5217 3495 5274 earumque

1908 5281 2240 5341 auctoribus,
2267 5279 2395 5332 alibi
2425 5279 2627 5349 smpins
2657 5291 2832 5342 actum
2855 5289 2960 5332 est.

1981 5351 2006 5389 ἀ
2037 5353 2090 5404 bl
2117 5360 2218 5413 est,
2252 5351 2370 5419 plus
2395 5345 2743 5402 Iahn—randum
2768 5361 2914 5402 eSsct
2936 5351 3004 5404 de
3026 5345 3279 5416 praesenti
3304 5361 3500 5419 errore

1909 5417 2264 5492 corrigendo,
2288 5437 2444 5491 quam
2478 5422 2547 5475 de
2575 5425 2728 5486 culpa
2764 5425 3033 5492 ραι-μετέω
3063 5417 3409 5471 vindicanda.

1987 5505 2008 5531 ε
2038 5490 2179 5546 Urbe
2219 5490 2427 5546 scilicet
2453 5493 2810 5547 Antiocbeua.
2846 5490 3008 5555 Urget
3049 5505 3258 5543 rursum
3299 5503 3352 5541 et
3403 5503 3496 5549 ves

1914 5567 2199 5622 hementer
2249 5565 2435 5634 pungit
2477 5563 2810 5625 Nestorium,
2845 5578 2897 5616 nt
2929 5562 3108 5631 patria!
3137 5559 3381 5634 etiavitae
3412 5576 3498 5615 re-

1915 5639 2125 5706 ligionis
2157 5631 2510 5703 desertorett],
2557 5646 2616 5689 ut
2645 5635 2733 5702 qui
2770 5634 2930 5687 ﬁdem
2963 5636 3015 5686 in
3055 5649 3156 5700 qua
3183 5631 3498 5706 baptizatus

1915 5705 2113 5776 fuerat,
2144 5724 2412 5778 quamque
2433 5724 2460 5761 a
2490 5705 2782 5778 majoribus
2809 5714 3114 5773 acceperat,
3142 5705 3497 5776 abnegasset;

1917 5797 2019 5851 qua
2046 5774 2113 5836 de
2141 5774 2198 5834 re
2229 5774 2390 5848 supra
2424 5774 2683 5847 (Capfa’i).
