3970 6344
221 402 305 463 169
1191 394 1278 449 DE
1315 391 1826 451 lNCARNATIONE
1865 390 2103 449 DOMINI
2139 391 2270 450 LIB.
2314 392 2400 449 Vl.

3341 395 3444 456 l70

216 509 376 572 minari
401 506 478 564 vel
504 502 809 574 impiissimi
838 503 1155 577 cujusquam
1182 509 1446 579 sanguine
1475 507 1638 573 velit;
1662 507 1758 562 sed
1784 509 1837 570 Α
1864 505 2101 573 Domini,
2137 522 2256 576 quae
2287 506 2511 562 stultitia
2539 505 2793 576 gentibus
2818 517 2873 564 et
2904 507 3107 566 ludatis
3132 510 3449 569 scandalum

217 606 315 678 quia
337 603 381 657 in
408 598 606 669 magnis
629 598 946 669 plerumque
966 598 1194 654 urbibus
1215 599 1436 657 fervens
1461 601 1555 657 Dei
1575 615 1760 658 amore

214 699 428 771 populus,
456 707 577 749 cum
622 708 917 764 exsurgere
947 705 1137 750 contra
1170 695 1338 751 Deum
1383 710 1537 752 suum
1568 713 1762 769 quem-

212 794 327 865 piam
356 786 562 848 viderit.
590 786 831 842 calorem
862 786 990 843 ﬁdei
1018 788 1255 845 retinere
1282 804 1390 845 non
1439 791 1615 846 novit.
1652 790 1760 848 Sed

208 896 343 944 esto:
371 880 561 945 infans,
588 879 633 935 si
664 887 844 935 tamen
873 881 946 936 ita
970 890 1073 948 est,
1101 883 1475 939 contradicere
1495 899 1561 940 ac
1589 885 1762 942 recla-

209 994 333 1036 mare
373 972 610 1045 symbolo
665 988 769 1029 non
820 976 1096 1044 pulueris;
1141 991 1239 1031 cur
1266 977 1499 1033 adultior
1527 978 1640 1048 jam
1672 995 1761 1037 ro-

206 1072 483 1139 bustiorque
524 1067 780 1123 tacuisti?
808 1068 1038 1125 Crevisti
1068 1079 1239 1138 certe,
1272 1077 1327 1126 et
1356 1071 1440 1126 vir
1476 1070 1671 1142 factus,
1704 1079 1761 1128 et

204 1161 471 1222 ministerio
514 1160 893 1217 ecclesiastico
942 1162 1177 1218 insertus
1223 1178 1303 1218 es.
1350 1163 1455 1218 Per
1496 1172 1575 1219 tot
1628 1178 1757 1235 ergo

202 1267 379 1321 utates,
406 1268 497 1325 per
521 1261 599 1307 tot
623 1253 785 1309 officii
814 1269 881 1309 ac
909 1252 1188 1325 dignitatis
1213 1255 1435 1325 gradus,
1462 1271 1754 1328 numquam

199 1351 437 1408 intellecta
468 1362 497 1401 a
524 1354 578 1400 te
610 1348 745 1403 fides
772 1358 879 1417 est,
909 1363 1067 1418 quam
1099 1348 1305 1404 tamdiu
1330 1358 1455 1405 ante
1482 1349 1758 1407 docuisti?

199 1447 455 1502 Diaconum
487 1450 638 1497 certe
664 1444 783 1512 ejus
815 1450 867 1498 te
890 1451 945 1498 et
973 1443 1348 1516 presbyterum
1382 1444 1548 1501 fuisse
1573 1445 1714 1501 nosti
1738 1461 1753 1508 ;

196 1542 231 1598 si
253 1535 556 1609 displicebat
587 1536 683 1591 tibi
710 1535 903 1592 salutis
926 1538 1131 1606 regula,
1155 1553 1252 1593 cur
1282 1538 1619 1609 suscipiebas
1639 1539 1757 1609 ejus

196 1634 257 1691 rei
283 1634 553 1697 honorem,
586 1628 742 1699 cujus
775 1644 882 1685 non
910 1630 1253 1701 approbabas
1275 1631 1475 1688 ﬁdem?
1499 1632 1605 1690 Sed
1634 1648 1759 1703 pro-

193 1726 321 1781 vidus
345 1720 601 1778 videlicet
631 1721 715 1777 vir
742 1731 798 1778 et
828 1723 1059 1792 simplex
1094 1723 1403 1795 religiosus,
1435 1725 1510 1780 ita
1551 1733 1757 1796 tempe-

190 1836 290 1877 rare
315 1826 363 1874 te
389 1820 534 1872 inter
559 1824 850 1887 utrumque
889 1816 1134 1887 voluisti,
1162 1825 1223 1874 ut
1247 1828 1465 1876 teneres
1492 1828 1549 1875 et
1591 1820 1761 1877 sacri-

188 1913 289 1986 legii
312 1911 615 1986 perﬁdiam,
644 1919 702 1969 et
728 1910 986 1968 catholici
1014 1910 1357 1983 dignitatem.

741 2042 973 2101 CAPUT
1014 2043 1134 2100 XII.

187 2156 392 2230 Christus
420 2154 712 2230 cruciﬁxus
750 2155 1064 2230 scandalum
1102 2166 1149 2230 et
1189 2156 1413 2230 stultitia
1444 2166 1518 2212 est
1558 2158 1622 2213 iis
1666 2161 1759 2230 qui

323 2228 473 2281 illum
504 2225 805 2282 solitarium
832 2229 1089 2282 hominem
1118 2227 1276 2297 fuisse
1304 2229 1579 2299 afﬁrmant.

240 2375 259 2401 ι·
286 2364 438 2436 Plaga
472 2378 614 2435 ergo
645 2364 862 2420 auditus
888 2365 966 2421 tui
997 2373 1052 2421 et
1077 2365 1278 2422 vulnus
1303 2368 1515 2422 aurium
1541 2377 1754 2425 tuarum

180 2468 246 2514 est
277 2457 414 2513 Deus
444 2465 638 2522 natus,
682 2466 738 2514 et
768 2456 912 2513 Deus
942 2473 1160 2528 passus.
1204 2459 1273 2513 Et
1317 2459 1408 2514 ubi
1440 2459 1573 2515 illud
1605 2470 1754 2517 tuum

179 2562 264 2617 est,
284 2551 445 2607 Paule
470 2551 729 2621 apostole
754 2568 769 2608 :
796 2550 910 2607 Nos
938 2562 1111 2608 autem
1130 2554 1469 2621 praedicamus
1497 2553 1758 2610 Christum

180 2644 479 2715 cruciﬁxum,
511 2642 725 2699 luditis
750 2645 961 2717 quidem
981 2646 1309 2713 scandalum,
1334 2647 1567 2718 gentibus
1586 2656 1757 2703 autem

178 2737 448 2801 stultitiam,
473 2737 616 2806 ipsis
638 2746 813 2791 autem
839 2739 1030 2793 uocatis
1054 2736 1257 2793 Iudicis
1295 2748 1343 2793 et
1373 2737 1566 2794 Grtecis
1606 2738 1758 2796 Chri-

178 2840 285 2884 stum
308 2827 405 2884 Dei
433 2831 693 2887 virtutem
739 2840 787 2887 et
825 2832 925 2887 Dei
970 2833 1281 2904 sapientiam
1303 2832 1348 2905 (1
1369 2833 1486 2889 Cor.
1515 2833 1593 2906 i)?
1619 2835 1757 2902 Quid

177 2930 240 2977 est
264 2924 526 2993 sapientia
587 2934 643 2979 et
682 2924 851 2980 virtus
898 2926 1032 2982 Dei?
1064 2926 1206 2982 Deus
1238 2927 1444 2998 utique.
1480 2928 1759 2986 Christum

176 3025 348 3085 autem,
378 3019 470 3090 qui
499 3019 807 3075 cruciﬁxus
832 3028 936 3087 est,
962 3020 1057 3076 Dei
1080 3020 1333 3076 virtutem
1363 3031 1419 3077 et
1438 3023 1759 3092 sapientiam

176 3111 422 3180 praedicat.
456 3113 617 3184 Ergo
647 3113 693 3168 si
724 3113 933 3182 absque
982 3114 1145 3170 dubio
1185 3116 1447 3186 sapientia
1483 3117 1578 3172 Dei
1608 3117 1763 3173 Chri-

178 3216 286 3272 stus,
315 3221 442 3277 ergo
472 3207 697 3277 absque
740 3207 908 3263 dubio
946 3207 1199 3265 Christus
1248 3209 1413 3266 Deus.
1448 3209 1564 3265 Nos
1609 3227 1758 3284 ergo,

176 3295 339 3367 inquit,
370 3299 737 3368 prwdicamus
767 3297 1035 3355 Christum
1063 3302 1391 3371 cruciﬁxum,
1417 3300 1619 3358 Judaeis
1644 3306 1763 3377 qui-
1794 3285 1841 3350 (ἶ

178 3391 271 3445 dan
288 3393 628 3463 scandalum,
650 3394 885 3465 gentibus
905 3404 1078 3450 autem
1098 3397 1395 3451 stultitiam.
1420 3398 1561 3453 Crux
1586 3398 1765 3468 itaque

1863 596 1986 662 fuit,
2020 598 2117 653 tibi
2149 607 2438 670 utrumque
2462 609 2567 656 est.
2595 599 2779 672 Neque
2802 601 2945 658 enim
2969 610 3063 658 aut
3087 603 3311 659 stultitia
3343 604 3453 661 ulla

1863 692 2039 762 major
2065 701 2150 748 est
2178 707 2339 764 quam
2373 708 2481 749 non
2509 694 2757 764 credere,
2792 708 2883 752 aut
2921 696 3094 768 majus
3134 688 3480 788 scandalumix

1862 800 2020 856 quam
2051 785 2237 842 audire
2264 786 2430 843 nolle.
2462 787 2902 845 Vulnerabantur
2931 804 3062 861 ergo
3094 792 3311 849 illorum
3351 785 3487 859 au-i‘

1864 892 1951 933 res
1975 879 2043 934 ad
2071 878 2513 950 praedicationem
2545 894 2609 936 ac
2638 884 2946 953 passionem
2982 883 3098 954 Dei,
3139 888 3281 941 sicut
3311 900 3457 942 nunc

1860 971 2219 1027 vulnerantur
2244 982 2370 1028 tum.
2403 972 2624 1043 Plagam
2649 987 2773 1029 esse
2803 974 2906 1031 hoc
2934 975 3155 1032 auditus
3184 978 3266 1032 sui
3296 987 3457 1047 puta-

1861 1061 2011 1129 bant,
2045 1066 2188 1120 sicut
2221 1075 2277 1120 tu
2316 1073 2494 1136 putas.
2534 1064 2602 1121 Et
2639 1064 2767 1123 hinc
2795 1075 2915 1122 erat
2953 1069 3100 1139 quod
3142 1070 3210 1124 ad
3257 1084 3454 1127 nomen

1862 1157 1957 1214 Dei
1988 1174 2054 1214 ac
2091 1160 2305 1216 Domini
2351 1159 2483 1217 Jesu
2529 1158 2754 1229 Christi,
2804 1161 3133 1231 praedicante
3176 1163 3455 1221 Christum

1861 1250 2029 1309 Deum
2066 1255 2350 1326 Apostolo,
2382 1253 2411 1293 ι
2439 1255 2764 1311 claudebant
2806 1256 2883 1312 illi
2930 1257 3124 1326 capitis
3154 1258 3238 1314 sui
3268 1274 3453 1326 aures,

1860 1345 2000 1401 sicut
2031 1354 2086 1401 tu
2112 1346 2321 1403 claudis
2349 1347 2539 1403 animi.
2572 1346 2678 1402 Par
2726 1348 2782 1402 in
2825 1346 2928 1402 hac
2974 1360 3127 1418 parte
3175 1350 3456 1421 utriusque

1862 1445 2105 1493 vestrum
2141 1439 2311 1494 videri
2357 1446 2547 1511 posset
2574 1438 2857 1510 impietas,
2896 1438 2999 1495 nisi
3029 1439 3170 1510 quod
3204 1440 3303 1497 hoc
3334 1457 3457 1496 ma-

1856 1532 1946 1603 jus
1968 1540 2053 1588 est
2075 1533 2283 1590 crimen
2308 1542 2484 1600 tuum,
2509 1532 2653 1603 quod
2681 1533 2756 1588 illi
2788 1547 2911 1588 eum
2942 1533 3230 1605 negabant,
3266 1534 3318 1587 in
3348 1548 3458 1605 quo

1861 1622 2037 1681 adhuc
2068 1625 2247 1695 passio
2284 1625 2604 1682 ostendebat
2632 1624 2942 1691 hominem;
2978 1636 3033 1681 tu
3062 1641 3185 1682 eum
3215 1626 3455 1697 denegas

1860 1731 2019 1787 quem
2049 1717 2211 1773 etiam
2240 1717 2573 1774 resurrectio
2596 1717 2710 1787 jam
2738 1717 2992 1788 probavit
3031 1719 3222 1774 Deum.
3249 1719 3330 1775 Ac
3355 1733 3456 1790 per

1862 1809 1966 1866 hoc
1996 1810 2073 1867 illi
2104 1826 2225 1867 eum
2255 1809 2722 1883 persequebantur
2749 1810 2805 1865 in
2832 1820 3000 1877 terra,
3031 1820 3088 1865 tu
3114 1811 3457 1881 persequeris

1781 1896 1831 1958 B
1860 1912 1915 1959 et
1940 1902 1995 1959 in
2022 1904 2188 1959 coelo.
2228 1904 2339 1959 Nec
2368 1903 2549 1959 solum
2592 1904 2665 1971 id,
2709 1904 2805 1959 sed
2836 1902 2939 1959 hoc
2968 1903 3153 1975 utique
3181 1904 3461 1960 crudelius

1858 2004 1913 2051 et
1941 1994 2249 2064 scelestius,
2279 1994 2424 2066 quod
2454 1991 2533 2048 illi
2561 1992 2835 2065 negabant
2857 2007 2955 2064 per
2982 1994 3363 2065 ignorantiam,
3397 2003 3458 2051 tu

1858 2096 1984 2157 post
2021 2087 2216 2153 ﬁdem;
2262 2087 2343 2142 illi
2384 2086 2692 2143 nescientes
2735 2086 3039 2154 Dominum,
3074 2096 3129 2142 tu
3173 2087 3457 2145 confessus

1859 2181 2062 2249 Deum;
2087 2182 2171 2237 illi
2198 2181 2303 2238 sub
2327 2181 2677 2239 aemulatione
2707 2181 2866 2252 legis,
2899 2190 2955 2237 tu
2986 2181 3086 2237 sub
3117 2181 3457 2253 professione

1857 2276 2151 2343 antistitis;
2181 2274 2264 2331 illi
2303 2290 2427 2331 eum
2458 2289 2491 2329 a
2522 2290 2629 2345 quo
2668 2290 2729 2331 se
2774 2274 3180 2331 arbitrabantur
3223 2275 3452 2344 alienos,

1858 2377 1915 2425 tu
1947 2386 2070 2426 eum
2124 2370 2282 2441 cujus
2318 2370 2574 2426 sacerdos
2620 2384 2703 2426 es.
2749 2369 2795 2425 0
2839 2367 3049 2425 facinus
3094 2369 3369 2441 indignum
3398 2378 3461 2427 et

1859 2462 2161 2519 inauditum
2181 2464 2195 2518 l
2216 2478 2338 2520 eum
2354 2464 2532 2533 ipsum
2546 2462 2895 2534 persequeris
2908 2461 3287 2530 insectatione,
3302 2462 3460 2533 cujus

1859 2554 2036 2611 adhuc
2064 2554 2238 2612 uteris
2268 2554 2548 2625 dignitate.

2452 2643 2683 2702 CAPUT
2719 2642 2859 2700 XIII.

1862 2740 2164 2810 Respondet
2215 2738 2492 2810 objectioni
2544 2736 2776 2810 illigua
2830 2735 3070 2810 dicebant
3122 2736 3461 2793 homoousion

2194 2807 2413 2881 parienti
2441 2825 2547 2863 esse
2575 2807 2759 2862 debere
2785 2807 3124 2861 nativitatem.

1934 2931 2041 2987 Sed
2069 2946 2262 3002 magno
2289 2929 2540 2986 videlicet
2571 2927 2811 2997 perﬁdiae
2837 2936 3000 2997 atque
3028 2927 3318 2998 impietatis
3348 2938 3456 2986 tua;

1864 3032 2185 3097 argumento
2231 3022 2299 3078 ad
2347 3020 2649 3092 negandum
2688 3034 2752 3075 ac
2792 3020 3226 3090 persequendum
3272 3020 3456 3077 Domi-

1865 3135 1993 3176 num
2013 3118 2183 3174 Deum
2203 3116 2392 3180 uteris,
2408 3114 2598 3170 dicens
2618 3132 2630 3166 :
2652 3124 2675 3152 α
2690 3112 3055 3169 Homoousios
3074 3114 3283 3183 parenti
3298 3114 3463 3172 debet

1867 3226 1992 3268 esse
2032 3210 2307 3267 nativitas.
2349 3208 2601 3265 Nondum
2633 3206 2700 3261 ad
2736 3205 2956 3277 plenum
2997 3204 3121 3261 dico
3150 3220 3214 3261 ac
3242 3206 3465 3277 profero

1871 3307 1925 3361 in
1964 3305 2061 3359 Dei
2102 3303 2387 3360 nativitate
2433 3301 2649 3372 penitus
2686 3299 2790 3356 hoc
2820 3314 2926 3355 non
2958 3314 3080 3355 esse
3109 3299 3461 3367 servandum,

1874 3397 1901 3435 ἀ
1933 3396 2056 3466 quia
2088 3410 2195 3450 non
2227 3393 2486 3464 parientis
2515 3390 2616 3448 fuit
2644 3390 2896 3447 nativitas
2935 3389 3074 3462 ipsa,
3107 3390 3203 3447 sed
3231 3394 3377 3461 nati;
3410 3402 3467 3451 et

1235 3491 1491 3547 ALARDI
1532 3492 1766 3550 GAZA‘II
1801 3486 2368 3552 COMMENTARIUS.

236 3590 257 3619 ι
294 3584 364 3638 De
397 3597 511 3651 qua
558 3584 821 3656 superius
868 3582 1027 3656 (Cap.
1073 3582 1129 3652 5)
1172 3584 1390 3640 dicebat
1435 3585 1763 3642 Nestorius:

181 3651 340 3727 Nonne
368 3656 552 3709 statim
584 3651 805 3727 auditus
833 3651 1020 3727 accipit
1047 3651 1255 3726 plagam
1274 3657 1299 3709 ?
1326 3656 1595 3713 audiendo
1623 3659 1769 3714 scili-

180 3734 249 3795 cet
276 3726 437 3781 Deum
467 3736 693 3789 natum,
728 3726 893 3781 Deum
921 3726 1158 3795 passum,
1188 3738 1483 3793 mortuum,
1516 3739 1622 3785 etc.

238 3794 261 3833 δ
296 3796 529 3854 Ubinam
591 3798 767 3853 Paulo
810 3794 1143 3870 przedicante
1186 3798 1357 3854 Judtri
1410 3801 1492 3855 vel
1535 3800 1769 3870 gentiles

180 3883 313 3923 aures
351 3884 480 3925 suas
528 3870 897 3941 occluseriut,
927 3869 1113 3925 nullibi
1142 3872 1380 3941 reperio
1423 3869 1765 3941 expressum,

185 3942 265 3993 nisi
290 3942 367 3994 sic
393 3942 647 4011 accipias
676 3940 828 4002 illud.
867 3941 1010 4007 quod
1041 3943 1092 3995 in
1121 3940 1272 3997 Actis
1303 3940 1533 4011 legitur:
1575 3942 1771 3998 Viden-

180 4016 237 4081 ζει
261 4012 433 4065 turbas
466 4012 685 4079 Judwi,
729 4012 909 4081 repleti
955 4021 1073 4067 sunt
1112 4014 1247 4081 zelo,
1276 4026 1324 4066 et
1353 4015 1771 4070 contradicebant

182 4077 243 4131 liis
278 4100 386 4149 quae
434 4077 711 4156 apPaulo
755 4077 1087 4156 dicebantur,
1134 4077 1564 4156 blasphemantes.
1624 4085 1771 4141 Tunc

185 4162 448 4226 constanter
481 4154 699 4213 Paulus
729 4163 778 4210 et
813 4154 1086 4210 Barnabas
1113 4154 1394 4211 dixerunt:
1430 4156 1587 4212 Vobis
1617 4174 1772 4226 opor—

182 4222 291 4301 tebat
313 4225 539 4301 primum
569 4226 720 4301 loqui
748 4227 957 4301 verbum
992 4226 1117 4301 Dei;
1142 4229 1232 4301 sed
1253 4228 1491 4292 quoniam
1522 4222 1769 4300 repellitis

183 4292 323 4368 illud,
374 4304 421 4348 et
480 4292 738 4368 indignas
788 4315 879 4353 uos
927 4297 1181 4368 judicatis
1208 4310 1414 4354 (eterna
1464 4292 1611 4362 vitae",
1662 4310 1769 4356 etc.

186 4362 355 4431 (Actor.
389 4365 544 4437 xm).
580 4362 649 4419 Et
675 4379 891 4419 rursum
920 4362 942 4418 ξ
965 4368 1093 4419 Cum
1121 4380 1291 4423 autent
1319 4370 1529 4436 quidam
1558 4374 1771 4426 induce-

184 4449 353 4503 rentur,
384 4448 433 4491 et
478 4454 592 4491 non
638 4437 927 4500 crederent,
976 4437 1334 4491 maledicentes
1381 4443 1517 4492 viam
1560 4440 1774 4495 Domini

186 4520 334 4560 coram
380 4507 761 4573 multitudine,
816 4518 922 4562 etc.
976 4507 1182 4575 Quibus
1233 4508 1433 4565 similia
1480 4520 1608 4565 sunt
1658 4515 1773 4567 loca

186 4578 282 4650 Act.
318 4595 430 4635 sxn
472 4589 534 4634 et
561 4595 757 4634 xxvnt.
792 4578 963 4633 Porro
991 4581 1059 4633 de
1103 4579 1207 4634 hoc
1247 4595 1445 4650 genere
1488 4582 1773 4639 hominum

187 4648 238 4701 ad
262 4651 715 4718 prmdieationein
756 4650 907 4706 verbi
942 4650 1037 4705 Dei
1082 4648 1401 4708 aures‘sive
1439 4656 1630 4722 capitis
1660 4656 1774 4711 sive

191 4722 361 4793 pientis
381 4722 799 4793 claudentium,
820 4722 1014 4776 crebra
1043 4722 1093 4777 in
1120 4723 1414 4793 Scripturis
1440 4735 1520 4779 est
1547 4727 1769 4781 mentio.

190 4782 274 4843 153.
301 4809 387 4848 vt:
420 4792 666 4869 Excurca
695 4782 795 4869 cor'
814 4794 1001 4869 populi
1023 4794 1199 4867 hujus,
1234 4782 1296 4869 ⁸ξι
1334 4812 1484 4869 aures
1523 4800 1634 4869 ejus
1682 4815 1774 4869 ag-

191 4873 343 4935 grara,
374 4874 421 4914 et
459 4864 655 4919 oculos
693 4866 809 4935 ejus
850 4864 1178 4932 claudefne
1221 4866 1352 4935 forte
1396 4864 1564 4921 uideat
1610 4864 1747 4923 oculi

194 4930 299 4993 suis,
328 4943 373 4985 et
400 4934 633 4986 auribus
655 4930 767 4985 suis
794 4937 994 4995 audiat.
1023 4930 1077 5011 et
1103 4930 1255 5011 corde
1283 4954 1378 4992 suo
1417 4940 1693 5011 intelligat,
1726 4950 1774 4995 et

192 5013 515 5071 concertatur,
570 5014 622 5057 et
666 5019 841 5057 sonent
873 5018 1007 5057 eum.
1040 5002 1210 5071 Quem
1244 5008 1419 5057 locum
1466 5010 1545 5059 sic
1581 5002 1777 5060 “miunt

194 5068 449 5145 Matthacus
483 5073 656 5145 (Cap.
686 5076 803 5143 xm)
828 5068 1329 5145 :Auditu'audietis,
1356 5084 1404 5129 et
1435 5092 1536 5145 non
1574 5076 1775 5130 intelli-

194 5144 335 5211 getis;
359 5154 407 5199 et
449 5144 695 5200 videntes
724 5144 978 5213 videbitis,
1005 5154 1054 5200 et
1080 5162 1183 5199 non
1208 5146 1459 5200 videbitis.
1504 5144 1779 5202 Incrassa-

198 5221 283 5289 tum
304 5227 371 5269 est
400 5220 545 5271 enim
570 5233 669 5270 cor
700 5218 875 5289 populi
907 5216 1089 5289 hujus,
1116 5224 1163 5269 et
1194 5216 1404 5271 auribus
1435 5220 1656 5288 graviter
1681 5236 1779 5273 au-

200 5284 395 5359 dierunt,
427 5299 475 5342 et
512 5290 705 5342 oculos
731 5284 851 5342 suos
895 5284 1214 5355 clauserunt,
1256 5284 1532 5359 nequando
1576 5291 1780 5345 uideant

199 5357 354 5421 oculis,
387 5369 433 5413 et
460 5360 699 5414 auribus
720 5359 967 5431 audiant,
994 5368 1038 5412 et
1066 5360 1219 5414 corde
1246 5357 1555 5431 intelligant,
1584 5372 1627 5415 et
1657 5379 1781 5417 con-
1834 5373 1839 5379 ‘

201 5439 433 5501 tutantur
472 5441 522 5485 et
573 5446 762 5485 sanem
800 5447 907 5486 eos.
944 5430 1049 5486 Alii
1084 5430 1437 5501 Evangelistte
1471 5442 1526 5489 et
1562 5432 1778 5500 Paulus,

204 5500 357 5575 verbis
397 5502 739 5575 quibusdam
787 5503 1082 5557 immutatis
1110 5500 1448 5575 automissis
1475 5502 1669 5575 (Marc.
1702 5520 1777 5574 iv,

207 5564 314 5644 1;“,
336 5564 449 5638 vui,
477 5574 661 5629 Joan.
701 5590 796 5639 xn,
831 5576 1009 5629 Actor.
1044 5573 1253 5644 sxvtn).
1286 5574 1375 5631 Sic
1413 5564 1665 5631 Jeiemim
1697 5593 1727 5629 v
1761 5564 1777 5631 Ξ

212 5633 447 5711 gabentes'
461 5647 661 5700 oculos
684 5633 1015 5710 nonuidetis,
1055 5655 1103 5700 et
1133 5633 1305 5711 aures,
1349 5658 1397 5700 et
1436 5664 1537 5702 non
1566 5648 1776 5702 auditis.

213 5703 269 5764 Et
290 5726 398 5781 cap.
433 5729 484 5767 vt
516 5736 532 5768 :
566 5716 959 5772 Incircumcisa:
984 5703 1137 5776 aures
1161 5703 1357 5781 eorum,
1388 5729 1438 5772 et
1468 5718 1649 5773 audire
1676 5736 1779 5774 non

216 5794 413 5857 νρεειιηι.
431 5785 773 5857 Μίοιιεεωνιι
792 5809 805 5843 ;
824 5792 984 5844 Aures
1005 5806 1179 5844 eorum
1193 5793 1364 5844 surdte
1379 5800 1547 5845 erunt.
1570 5789 1777 5845 Zacha-

220 5856 296 5933 tjia;
342 5871 404 5909 \‘tt
459 5874 474 5911 :
526 5856 707 5933 Aures
754 5876 884 5933 suos
935 5870 1342 5933 aggravaverunt
1401 5878 1464 5916 ne
1519 5862 1777 5917 audirent.

222 5926 374 5979 Actor.
405 5942 477 5983 vn
510 5946 527 5984 :
562 5927 725 5983 Dura
753 5926 1043 6002 cervicefet
1068 5933 1440 5990 ineircumcisis
1467 5935 1703 5991 cordibus
1731 5945 1781 5991 et
1826 5939 1829 5943 ’

424 6021 716 6085 Panos.
760 6022 827 6085 L.

1802 4904 1852 4965 D

1871 3582 2101 3640 auribus.
2138 3580 2203 3636 Et
2232 3594 2445 3634 rursum
2470 3595 2485 3632 :
2516 3576 2893 3633 Continuerunt
2934 3594 3090 3634 aures
3114 3595 3256 3645 suas,
3289 3588 3337 3634 et
3365 3583 3466 3635 im-

1874 3650 2646 3727 petumfeceruntunanimiter
2673 3651 2729 3703 in
2754 3665 2890 3704 eum.
2966 3721 2980 3727 _
3152 3722 3165 3727 _
3205 3722 3240 3727 __
3453 3726 3462 3727 ί
3500 3674 3501 3677 η

1948 3738 1970 3767 ε
2014 3721 2085 3779 Μ’
2116 3734 2220 3790 est,
2253 3722 2393 3777 ﬁlius
2424 3721 2586 3777 debet
2623 3737 2744 3777 esse
2791 3721 3273 3777 consubstantialis
3305 3726 3468 3780 matri

1872 3813 1968 3855 seu
1998 3796 2242 3867 ejusdem
2277 3803 2484 3848 natura:
2514 3808 2640 3847 cum
2680 3800 2876 3867 matre.
2927 3792 3270 3848 Abstractum
3318 3798 3468 3851 enim

1872 3870 1965 3926 hic
1994 3862 2212 3938 ponitur
2236 3882 2337 3937 pro
2366 3873 2647 3938 concreto,
2684 3862 2939 3938 nativitas
2983 3878 3080 3933 pro
3110 3868 3467 3938 nato.Argu-

1873 3933 2115 3998 mentum
2143 3933 2321 3993 autem
2369 3936 2469 3990 hoc
2506 3934 2741 3990 Nestorii
2784 3933 3123 3989 subobscure
3170 3933 3465 3993 indicatum

1872 4013 2074 4070 clarius
2129 4010 2448 4080 proponitur
2493 4008 2548 4061 in
2602 4006 2744 4080 hunc
2788 4006 3007 4080 modum
3042 4023 3069 4080 :_
3090 4005 3255 4061 Filius
3304 4007 3469 4064 debet

1874 4099 1998 4141 esse
2027 4074 2377 4137 lionioousios
2422 4076 2755 4148 parentibus,
2803 4078 2897 4133 sed
2944 4074 3191 4132 Christus
3230 4093 3335 4132 non
3382 4092 3471 4136 est

1875 4156 2222 4213 bomoousios
2266 4151 2487 4213 Mariae,
2532 4165 2653 4203 cum
2706 4151 2820 4219 ipse
2864 4149 2934 4203 sit
2961 4149 3103 4204 Deus
3147 4162 3385 4205 aeternus
3412 4162 3472 4207 et

1875 4227 2254 4295 omnipotens,
2288 4238 2428 4295 qua:
2474 4221 2657 4276 Mariae
2702 4220 2850 4276 nullo
2877 4220 3055 4295 modo
3102 4222 3470 4295 conveniunt;

1875 4290 2040 4368 ergo,
2059 4310 2164 4354 etc.
2198 4290 2341 4368 Huic
2381 4300 2702 4368 argumento
2741 4290 3129 4368 et_objectioni
3165 4294 3473 4368 _respondet

1876 4363 2165 4426 Cassianus
2209 4366 2422 4422 duobus
2457 4363 2645 4418 modis
2683 4380 2697 4416 :
2746 4363 2922 4433 primo
2967 4363 3215 4432 negando
3258 4377 3471 4419 assum-

1877 4451 2048 4510 ptum,
2094 4440 2173 4495 sic
2214 4438 2463 4493 universe
2505 4443 2807 4510 acceptum.
2838 4433 2974 4510 Nam
3004 4444 3059 4487 ut
3107 4434 3208 4489 hoc
3254 4436 3475 4510 axioma

1876 4504 2067 4566 verum
2115 4518 2262 4565 esset
2312 4522 2376 4562 ac
2425 4518 2740 4576 perpetuum
2792 4505 2844 4559 in
2899 4504 3062 4560 rebus
3107 4507 3472 4573 naturalibus,

1876 4583 2037 4650 cujus
2085 4590 2264 4636 tamen
2310 4580 2641 4634 contrarium
2675 4576 2874 4650 multis
2920 4576 3185 4647 exemplis
3213 4578 3477 4634 astruitur

1877 4648 2020 4710 libro
2044 4653 2289 4723 sequenti
2314 4651 2466 4724 (Cap.
2491 4650 2555 4724 _5_
2583 4659 2631 4704 et
2670 4648 2892 4724 5_)_;__non
2930 4658 3113 4724 tamen
3153 4661 3477 4719 sequeretur

1879 4726 2056 4781 locum
2090 4717 2291 4780 habere
2318 4717 2372 4778 in
2395 4717 2674 4777 nativitate
2700 4718 2821 4775 Filii
2846 4717 2967 4787 Dei,
2999 4735 3119 4787 qua:
3144 4717 3476 4790 supernatu-

1878 4797 2009 4852 ralis
2030 4806 2135 4853 est.
2165 4795 2295 4850 Nam
2325 4808 2487 4863 supra
2513 4806 2856 4847 communem
2889 4799 3093 4846 natura:
3127 4791 3298 4863 legem
3325 4792 3477 4847 nasci

1879 4870 2075 4940 potuit,
2109 4865 2380 4940 utvoluit,
2396 4862 2503 4940 qui
2528 4877 2775 4940 naturam
2802 4863 2972 4940 ipsam
3000 4862 3261 4940 condidit,
3292 4875 3391 4917 nec
3416 4876 3483 4918 se

1880 4928 2088 4995 natura}
2117 4939 2322 5008 legibus
2351 4928 2624 4991 astrinxit.
2656 4928 3249 5008 Securidofespondet
3273 4945 3481 5008 conce-

1880 5012 2059 5059 dendo
2088 4997 2217 5059 illn'd
2247 5016 2603 5069 assumptum,
2631 5010 2686 5054 et
2709 4997 3056 5055 omende’ndo
3078 5000 3244 5055 etiam
3273 5001 3480 5059 habere

1881 5076 2058 5132 locum
2090 5076 2143 5129 in
2172 5072 2410 5137 Christo,
2444 5075 2486 5125 si
2515 5086 2650 5127 sane
2691 5081 2746 5142 et
2788 5072 3025 5142 legitime
3061 5072 3395 5140 intelligatur
3426 5085 3483 5129 et

1885 5156 2204 5217 expuuntur.
2252 5143 2389 5217 Nam
2431 5157 2639 5217 sensus,
2676 5141 2819 5197 illius
2849 5141 3154 5217 ’asi0inatis
3200 5144 3483 5217 legitimus

1886 5213 1987 5283 est,
2034 5218 2199 5272 tilium
2230 5215 2429 5270 debere
2457 5229 2581 5270 esse
2627 5213 2987 5270 ltomoousion
3019 5216 3354 5283 parentibus,
3396 5232 3483 5272 se-

1886 5289 2120 5344 cundum
2150 5302 2269 5342 eam
2299 5296 2543 5340 naturam
2572 5301 2733 5354 quam
2764 5286 2833 5341 ab
2861 5287 2943 5342 eis
2971 5287 3200 5355 accepit,
3235 5286 3351 5342 sive
3378 5303 3482 5355 qua

1887 5370 2040 5431 parte
2075 5374 2265 5414 eorum
2295 5358 2436 5412 ﬁlius
2460 5366 2562 5413 est.
2595 5355 2848 5431 Chiistus
2876 5366 3056 5431 autem
3091 5358 3229 5412 Deus
3252 5373 3357 5413 non
3387 5373 3482 5412 ac-

1887 5428 2031 5501 cepit
2059 5446 2090 5485 a
2116 5432 2282 5485 Maria
2313 5438 2558 5484 naturam
2586 5429 2844 5497 divinam,
2877 5429 2973 5485 sed
3021 5428 3345 5501 humanam;
3381 5444 3484 5485 nec

1885 5499 1971 5560 est
2000 5503 2118 5573 ejus
2148 5503 2311 5566 ﬁlius,
2344 5501 2446 5555 nisi
2472 5511 2737 5571 quatenus
2764 5501 2964 5555 homo:
2991 5515 3057 5573 ac
3088 5499 3316 5566 proinde
3347 5501 3486 5557 satis

1886 5584 1972 5631 est
1996 5570 2044 5629 si
2071 5575 2228 5629 matri
2260 5574 2331 5627 sit
2357 5570 2704 5628 bomOousios
2729 5584 2995 5640 quatenus
3019 5570 3485 5641 homn,quemad-

1889 5654 2107 5703 modum
2134 5646 2280 5701 Patri
2310 5653 2393 5700 est
2423 5643 2773 5716 honioiiusios
2802 5652 3069 5716 quatenus
3106 5642 3275 5699 Deus.
3305 5646 3486 5716 Atque

1886 5718 2006 5774 haec
2058 5717 2281 5785 solutio,
2317 5724 2379 5772 ut
2427 5714 2657 5785 facilior,
2688 5716 2760 5770 ita
2807 5722 2864 5769 et
2910 5715 3082 5770 multo
3130 5716 3356 5782 solidior
3395 5714 3486 5773 est

1924 5805 2086 5845 I'IOI'e.

1884 5804 2086 5917 priami:
2115 5869 2230 5927 est,
2261 5877 2369 5917 non
2418 5870 2527 5916 tam
2576 5858 2739 5915 matri
2780 5858 3183 5927 ascribendum,
3226 5858 3371 5929 quod
3416 5873 3487 5920 ex

1850 6005 1859 6013 _
1886 5948 1952 5991 ea
1981 5943 2141 5991 natus
2162 5934 2235 5992 sit
2261 5935 2357 5991 Dei
2383 5931 2570 6004 Filius,
2596 5945 2758 6003 quam
2790 5929 2895 6003 ipsi
2926 5941 3075 6001 nato,
3097 5933 3192 6005 qui
3221 5931 3300 5990 sic
3328 5937 3483 5996 natus

2884 6022 2923 6091 ﬁ
