3970 6344
192 382 264 438 i'l'l

1148 369 1240 426 DE
1278 361 1788 427 INCABNATIONE
1831 366 2065 426 DOMINI
2102 367 2233 426 LIB.
2280 366 2373 439 Vl.

190 495 401 556 Christum
421 485 616 541 Filium
641 486 756 551 Dei,
790 488 998 557 negasti
1025 487 1224 543 omnia.
1255 485 1385 541 Nam
1406 494 1460 540 et
1483 488 1596 541 ltaac
1624 500 1707 540 ra-
1734 485 1788 547 Α
1811 484 2027 541 dicente
2058 485 2319 554 Apostolo
2350 502 2364 539 :
2402 482 2505 552 Qui
2556 482 2691 540 enim
2733 482 3015 549 descendit,
3062 484 3174 553 ipse
3211 491 3286 538 est
3312 482 3407 555 qui

187 592 242 646 tio
265 577 586 639 ecclesiastici
619 578 941 633 sacramenti
974 587 1031 632 et
1058 576 1339 632 catholicas
1370 577 1492 632 lidei
1522 586 1626 644 est,
1659 585 1719 633 ut

187 678 252 753 qui
280 682 459 746 partem
482 668 650 724 divini
680 668 1011 725 sacramenti
1040 678 1221 739 negat,
1255 679 1459 740 partem
1492 684 1597 724 non
1628 684 1720 724 va-

183 774 261 830 leat
283 761 523 822 conliteri.
558 760 635 815 Ita
665 762 807 815 enim
837 761 940 818 sibi
968 776 1218 817 connexa
1250 771 1304 816 et
1326 772 1719 832 concorporata

184 872 277 923 sunt
299 854 483 921 omnia,
535 863 596 910 ut
624 856 770 910 aliud
803 857 923 910 sine
963 856 1071 911 alio
1102 865 1246 911 stare
1284 872 1388 912 non
1430 857 1621 926 possit,
1664 864 1721 912 et

180 957 249 1027 qui
283 964 425 1006 unum
457 963 520 1001 ex
553 948 803 1002 omnibus
852 948 1247 1019 denegaverit,
1297 949 1399 1003 alia
1447 950 1496 1004 ei
1540 949 1718 1003 omnia

180 1043 425 1106 credidi~se
452 1055 564 1095 non
611 1041 801 1110 prosit.
845 1039 1028 1108 Itaque
1057 1044 1098 1096 si
1132 1056 1299 1113 negas
1343 1043 1509 1097 Deum
1544 1042 1722 1097 Domi—

178 1154 273 1197 mtm
295 1134 457 1190 lesum
476 1131 773 1195 Christum,
812 1147 1037 1187 necesse
1063 1141 1147 1187 est
1171 1144 1248 1196 ιιι,
1277 1131 1477 1189 Filium
1508 1134 1599 1188 Dei
1624 1134 1719 1189 de-

179 1241 356 1300 negans,
386 1226 544 1277 etiam
570 1221 783 1277 Patrem
818 1239 1000 1293 neges.
1035 1223 1167 1291 Quia
1194 1225 1349 1293 juxta
1376 1224 1597 1279 Joannis
1628 1241 1721 1277 vo-

176 1337 263 1379 cem
299 1336 310 1371 :
341 1318 366 1349 ⁸
396 1315 494 1379 Qui
524 1331 625 1368 non
654 1314 803 1370 ltabet
847 1316 1037 1385 ﬁlium,
1064 1333 1153 1370 nec
1174 1333 1371 1388 patrem
1398 1317 1547 1371 habet
1579 1333 1598 1371 :
1633 1318 1721 1383 qui

179 1421 309 1465 autem
334 1405 473 1459 habet
495 1405 687 1474 lilium,
728 1414 775 1458 et
797 1417 995 1477 patrem
1020 1408 1165 1461 habet
1190 1408 1367 1479 (Jttan.
1396 1408 1476 1475 tt).
1509 1409 1721 1480 Negans

177 1516 275 1572 ergo
296 1500 546 1569 genitum,
579 1500 744 1553 etiam
771 1499 1074 1567 genitorem
1108 1517 1292 1571 negas.
1342 1501 1554 1572 Negatis
1584 1518 1719 1574 quo-

178 1611 254 1666 que
273 1593 441 1647 Filium
475 1589 571 1645 Dei
604 1591 656 1645 in
687 1606 851 1646 carne
882 1602 1097 1659 natum,
1145 1609 1489 1663 consequens
1527 1606 1612 1651 est
1663 1607 1721 1652 ut

175 1689 300 1746 etiam
342 1686 390 1739 in
434 1683 645 1753 Spiritu
695 1696 879 1739 natum
931 1702 1117 1756 neges,
1152 1687 1274 1757 quia
1309 1688 1446 1742 idem
1478 1699 1633 1743 natus
1666 1690 1717 1744 in

174 1797 321 1840 carne.
349 1776 374 1817 δ
402 1778 488 1847 qui
522 1780 672 1846 prius
705 1790 862 1833 natus
892 1779 944 1835 in
970 1781 1195 1850 Spiritu.
1230 1779 1343 1836 Non
1372 1783 1605 1837 credens
1632 1798 1719 1838 er-

1822 577 2049 632 aseendit
2080 574 2298 650 (Ephes.
2326 576 2420 645 tv).
2471 576 2615 647 Ergo
2640 584 2900 647 qttantum
2926 576 2979 630 in
3013 585 3065 632 te
3090 585 3191 639 est,
3228 576 3413 631 Domi-

1822 686 1925 727 nus
1955 672 2115 728 Jesus
2143 669 2389 726 Christus
2423 686 2597 741 neque
2642 671 2709 725 ab
2746 669 2934 725 inferis
2963 671 3280 735 resurrexit,
3312 685 3409 726 ne-

1821 781 1925 834 que
1964 763 2159 819 ccelum
2202 763 2468 828 ascendit,
2516 779 2690 834 neque
2720 764 2784 819 ad
2829 764 3075 819 dextram
3108 764 3202 819 Dei
3231 762 3408 819 Patris

1821 857 1995 923 sedet,
2034 872 2208 927 neque
2238 856 2304 910 ad
2351 855 2528 920 illum,
2580 857 2671 927 qui
2712 867 3079 927 exspectatur,
3130 858 3409 913 evamina-
3462 876 3471 926 ς

1821 952 1985 1007 tionis
2019 950 2222 1006 ultima:
2250 950 2395 1006 diem
2423 951 2623 1016 veniet,
2656 966 2756 1006 nec
2780 952 2934 1008 vivos
2960 965 3023 1007 ac
3048 958 3288 1007 mortuos
3318 950 3408 1023 ju»
3467 930 3475 943 λ

1822 1044 2048 1099 dicabit.

2391 1135 2617 1193 CAPUT
2646 1135 2834 1191 XVIII.

1823 1250 2078 1305 Convertit
2098 1266 2381 1304 sermonem
2404 1250 2470 1322 ad
2491 1250 2659 1321 ipsum
2686 1248 3037 1322 adversarium
3060 1260 3233 1322 contra
3254 1266 3405 1322 quem

1892 1324 2140 1390 disputat,
2158 1332 2203 1374 et
2229 1323 2373 1375 illum
2398 1321 2467 1373 ad
2492 1320 2892 1388 resipisceudum
2913 1321 3112 1374 invitat.
3164 1320 3407 1376 Reconci-

1892 1394 2119 1476 liationis
2164 1404 2542 1447 sacramentum
2584 1394 2742 1462 lapsis
2789 1392 2857 1445 ad
2908 1393 3124 1446 salutem
3171 1409 3411 1448 necessa-

1893 1481 2048 1518 num.

1894 1597 2159 1668 intelligis
2188 1597 2396 1667 itaque,
2425 1612 2458 1651 o
2488 1596 2670 1651 infelix
2703 1606 2757 1651 et
2805 1596 3006 1651 furiosa
3040 1599 3370 1666 perversitas
3390 1640 3408 1665 ,

1822 1703 2113 1745 euacuas~e
2148 1700 2198 1743 te
2228 1691 2443 1759 penitus
2473 1704 2687 1743 omnem
2720 1689 2949 1757 symboli
2982 1690 3164 1757 tidem,
3195 1705 3411 1745 omnem

1821 1782 1938 1851 spei
1970 1780 2400 1848 sacramentique
2430 1782 2707 1835 virtutem.
2744 1782 2809 1835 Et
2835 1780 2888 1835 in
2916 1782 3154 1837 Ecclesia
3190 1783 3416 1851 insuper

172 1890 222 1947 go
246 1876 286 1927 iu
313 1886 465 1928 carne
506 1870 745 1938 editum,
780 1886 1002 1941 necesse
1036 1880 1121 1927 est
1159 1874 1321 1928 etiam
1350 1889 1565 1942 passum
1593 1890 1714 1930 esse
1744 1888 1790 1947 Β
1817 1885 1963 1928 stare
1992 1888 2156 1927 ausus
2202 1888 2282 1939 es,
2316 1883 2373 1928 et
2401 1887 2524 1928 esse
2568 1882 2618 1928 te
2663 1874 3001 1930 sacerdotem
3050 1883 3209 1946 putas
3244 1893 3258 1929 :
3286 1890 3409 1932 cum

174 1983 252 2021 non
290 1963 489 2019 credas.
546 1962 662 2018 Non
696 1965 925 2019 credens
970 1975 1149 2020 autem
1195 1966 1342 2021 illius
1381 1967 1709 2036 passionem,

170 2059 267 2132 quid
294 2060 547 2128 reliquum
580 2067 682 2123 est,
715 2059 819 2114 nisi
843 2059 1004 2116 etiam
1023 2062 1477 2117 resurrectionem
1506 2062 1713 2133 neges?

170 2154 260 2221 quia
299 2150 419 2206 lides
460 2151 711 2207 suscitati
761 2168 825 2207 ex
863 2153 966 2209 lide
995 2156 1192 2209 mortui
1247 2165 1349 2211 est.
1411 2156 1523 2212 Nec
1567 2165 1712 2213 stare

170 2255 310 2315 potest
346 2242 475 2296 ratio
525 2244 987 2309 resurrectionis,
1037 2248 1140 2300 nisi
1176 2246 1308 2302 lldes
1351 2248 1540 2304 mortis
1585 2258 1710 2305 ante

169 2333 473 2405 praeesserit.
504 2331 724 2403 Negatis
750 2350 880 2404 ergo
908 2350 1122 2405 passum
1147 2350 1200 2392 et
1224 2348 1519 2406 mortuum,
1547 2356 1707 2408 negas

170 2442 338 2501 quoque
364 2427 430 2481 ab
474 2428 664 2483 inferis
695 2440 1089 2500 resurgentem.
1147 2432 1499 2503 Consequens
1530 2435 1714 2504 utique

167 2532 226 2577 est
249 2530 295 2573 ut
319 2535 473 2589 neges
499 2523 668 2575 etiam
700 2523 1107 2590 ascendentem,
1150 2526 1273 2595 quia
1308 2528 1559 2582 ascensio
1596 2528 1712 2583 sine

169 2615 514 2669 resurrectione
552 2630 674 2670 esse
704 2633 810 2671 non
844 2620 1035 2687 potuit.
1092 2619 1159 2673 Et
1202 2620 1293 2689 qui
1345 2622 1712 2676 resurrexisse

166 2722 243 2761 non
273 2706 521 2774 creditur,
581 2723 807 2764 necesse
832 2719 916 2766 est
956 2725 1058 2765 nec
1087 2711 1401 2766 ascendisse
1430 2712 1709 2777 credatur,

1823 1966 1913 2021 illa
1940 1965 2118 2020 omnia
2150 1964 2522 2033 denegaveris,
2576 1974 2675 2035 per
2719 1982 2840 2035 qum
2867 1967 3123 2021 sacerdos
3150 1983 3275 2024 esse
3302 1983 3414 2024 cat-

1824 2058 1992 2129 pisti?
2035 2057 2168 2111 Redi
2212 2072 2344 2126 ergo
2384 2056 2450 2110 ad
2502 2056 2641 2110 viam
2693 2068 2896 2111 rectam
2921 2100 2935 2121 ,
2972 2060 3151 2127 recipe
3190 2074 3412 2114 sensum

1820 2154 2130 2223 pristinum,
2167 2152 2430 2221 resipisce
2477 2151 2692 2206 tandem
2742 2151 2786 2204 si
2816 2151 3110 2221 aliquando
3159 2152 3412 2221 sapuiStl.

1818 2244 2130 2316 Regredere
2157 2245 2223 2298 ad
2259 2243 2637 2313 temetipsum,
2671 2242 2716 2297 si
2761 2252 2938 2297 tamen
2981 2242 3215 2298 habuisti
3258 2244 3310 2298 in
3360 2253 3415 2299 te

1820 2337 2089 2409 quondam
2120 2335 2322 2402 aliquid
2352 2350 2459 2408 quo
2492 2343 2617 2390 tunc
2645 2336 2991 2404 regrediaris.
3038 2336 3290 2406 Agnosce
3322 2350 3413 2391 sa-

1819 2441 2096 2486 cramenta
2138 2429 2329 2485 salutis
2360 2438 2464 2482 tuae
2490 2469 2503 2488 .
2540 2443 2635 2497 per
2663 2444 2782 2497 qua}
2814 2428 3104 2482 innovatus
3127 2470 3142 2495 ,
3170 2444 3269 2498 per
3293 2442 3413 2497 quae

1817 2532 2037 2579 renatus
2081 2536 2161 2577 es.
2220 2521 2340 2576 Non
2387 2520 2563 2574 minus
2604 2520 2697 2573 tibi
2731 2536 2871 2574 nunc
2897 2534 3035 2590 opus
3080 2530 3205 2574 sunt
3249 2535 3413 2591 quam

1818 2626 1946 2671 tunc
1976 2615 2194 2671 luerunt
2227 2632 2239 2668 :
2267 2622 2325 2667 ut
2353 2624 2375 2652 ε
2411 2624 2462 2669 te
2488 2628 2583 2684 per
2614 2614 2993 2683 pmnitentiam
3029 2628 3171 2668 nunc
3194 2628 3415 2684 regene-

1820 2719 1962 2776 rent,
1994 2709 2021 2745 ά
2053 2725 2174 2775 qua:
2201 2723 2297 2778 per
2328 2706 2529 2763 fontem
2563 2717 2691 2764 ante
2720 2698 3075 2778 generarent.
3122 2708 3271 2765 Tene
3301 2708 3416 2779 ple-

1186 2824 1440 2879 ALARDI
1480 2824 1719 2881 ΟΑΖᾹΞΣΙ
1760 2821 2326 2880 COMMENTARIUS.

163 2917 355 2972 ratione:
389 2916 700 2981 Dicendum,
740 2917 912 2982 inquit
953 2918 1102 2985 (δὲ-ἓ,
1128 2927 1178 2983 'q.
1206 2920 1256 2973 5.
1294 2936 1344 2973 a.
1380 2922 1459 2985 ὅ),
1484 2920 1623 2989 quod
1654 2921 1707 2973 in

166 2990 351 3041 heretico
388 2991 709 3042 discredente
736 3006 891 3041 unum
930 2991 1207 3043 articulum
1234 2991 1377 3059 fidei,
1406 3008 1505 3044 non
1538 3001 1705 3045 manet

163 3060 273 3127 ﬁdes,
299 3076 447 3127 neque
475 3066 736 3133 formata,
762 3078 921 3127 neque
950 3062 1209 3131 informis.
1259 3062 1420 3133 Cujus
1451 3064 1584 3133 ratio
1608 3072 1703 3125 est,

163 3132 250 3197 quia
267 3134 439 3201 species
467 3132 748 3201 cujuslibet
776 3132 976 3202 habitus
1007 3133 1257 3202 dependet
1281 3132 1347 3186 et
1384 3132 1593 3200 formati
1622 3150 1707 3186 ra-

164 3204 262 3254 tione
297 3202 468 3273 objecti
492 3200 661 3273 ;_’qua
688 3200 911 3264 sublata,
961 3200 1151 3273 species
1200 3204 1403 3256 habitus
1446 3221 1707 3258 remanere

162 3288 233 3324 non
275 3270 438 3342 potest.
496 3270 752 3345 annale
780 3286 946 3326 autem
978 3270 1231 3345 objectum
1258 3276 1380 3341 [idei
1422 3283 1493 3326 est
1522 3276 1705 3327 veritus

166 3345 311 3408 prima,
340 3344 629 3415 secundant
657 3345 792 3412 quod
822 3344 1178 3414 manifeitatur
1227 3348 1277 3397 in
1306 3346 1595 3415 Scripturis
1623 3362 1707 3398 sa-
1735 3344 1782 3407 C

166 3415 236 3465 tris
258 3425 298 3484 et
317 3414 547 3468 doctrina
582 3412 849 3481 Ecclesiae,
884 3412 998 3482 qua:
1018 3418 1245 3484 procedit
1279 3433 1340 3470 ex
1372 3412 1578 3469 t'eri'ate
1602 3419 1708 3484 pri-

165 3500 239 3535 ma.
284 3483 417 3539 Unde
445 3489 756 3554 quicumque
796 3503 895 3537 non
942 3483 1153 3540 inliceret
1202 3485 1322 3539 huic
1361 3483 1623 3555 infullibili
1659 3496 1705 3539 et

169 3556 307 3607 ditium
325 3558 509 3628 regula:
537 3559 793 3628 doctrinis
826 3555 1088 3622 Ecclesia',
1105 3574 1217 3625 quae
1239 3558 1465 3622 procedit
1491 3575 1553 3612 ea:
1581 3560 1707 3610 veri-

167 3635 238 3677 late
263 3627 410 3697 prima
449 3629 504 3680 in
537 3627 827 3697 Scripturis
875 3630 1034 3681 sacris
1080 3630 1428 3694 manifestata,
1476 3630 1567 3683 ille
1604 3646 1707 3682 non

166 3698 273 3749 habet
300 3699 517 3752 habitum
551 3699 678 3762 ﬁdei
716 3714 735 3751 :
765 3699 852 3751 sed
882 3715 941 3751 ea
966 3714 1080 3768 quae
1109 3708 1225 3752 sunt
1255 3700 1401 3769 ﬁdei,
1426 3702 1530 3753 alio
1558 3703 1708 3752 modo

168 3778 262 3818 tenet
296 3786 435 3835 quant
467 3786 561 3839 per
590 3769 768 3837 ﬁdem.
802 3769 947 3823 Sicut
975 3771 1018 3822 si
1046 3772 1229 3839 aliquis
1259 3783 1385 3824 tenet
1424 3783 1587 3824 mente
1613 3772 1713 3823 ali-

165 3854 275 3902 quam
296 3841 696 3901 conclusionem,
730 3856 829 3891 non
856 3856 1165 3910 cognoscens
1194 3842 1414 3895 medium
1452 3844 1593 3894 illius
1623 3844 1708 3894 tle-

166 3912 496 3983 monstrationis
525 3956 539 3979 ,
588 3911 919 3975 manifestum
960 3922 1031 3983 est
1084 3912 1222 3983 quod
1271 3930 1370 3965 non
1411 3916 1558 3967 habet
1599 3916 1711 3983 ejus

168 3980 399 4045 scientiam,
439 3983 529 4054 sed
585 3983 877 4051 opinionem
904 3980 1105 4036 solum.
1146 3982 1480 4054 Manifestum
1511 3992 1585 4037 est
1618 3980 1713 4036 au-

168 4058 235 4127 (tu!
256 4055 379 4127 quod
395 4052 487 4106 ille
512 4054 605 4127 aui
642 4055 856 4127 inliceret
893 4055 1140 4127 doctrina:
1164 4052 1424 4127 Eccles’ce,
1453 4066 1712 4124 tamquam

167 4121 381 4184 infallibili
404 4126 626 4193 regula,
661 4125 897 4177 omnibus
943 4125 1150 4178 assentit
1188 4142 1299 4183 qua:
1351 4121 1582 4179 Ecclesia
1617 4127 1713 4178 do-

169 4200 220 4241 att
264 4209 279 4245 :
320 4196 544 4262 alioquin
600 4197 647 4248 si
678 4198 740 4248 de
790 4196 867 4249 his
925 4212 1038 4265 qtae
1088 4195 1322 4249 Ecclesia
1369 4197 1548 4262 docet,
1600 4212 1715 4257 qua:

169 4266 243 4312 rnlt
265 4275 406 4339 leuet
426 4307 442 4339 ,
471 4276 517 4318 et
548 4282 670 4331 quae
694 4282 794 4318 non
820 4268 925 4319 vult
957 4284 1056 4319 non
1087 4276 1236 4339 tenet,
1273 4284 1374 4319 non
1390 4271 1509 4339 jam
1552 4269 1716 4339 inhaz-j

169 4342 222 4382 ut
260 4332 482 4409 Ecclesite
536 4339 828 4409 doctrinae,
880 4338 1008 4390 sicut
1050 4336 1329 4409 infalltbili
1369 4332 1593 4409 regalia.
1626 4338 1714 4391 sed

170 4407 344 4470 prapt‘ia!
370 4409 653 4460 voluntati.
697 4405 761 4459 Ει
792 4411 866 4459 sic
892 4408 1218 4477 manifestum
1258 4418 1328 4461 est
1356 4405 1491 4473 quod
1516 4410 1717 4462 licereli-

172 4486 259 4537 tus,
300 4479 378 4541 qui
407 4480 751 4547 pertinaciter
776 4478 1019 4531 discredit
1065 4496 1222 4531 unmn
1263 4482 1534 4532 articulum
1566 4480 1712 4546 ﬁdei,

174 4559 245 4616 non
272 4558 332 4598 ρει
358 4561 570 4615 paratus
598 4549 744 4616 sequi
785 4550 839 4601 in
869 4549 1098 4602 onmibus
1129 4550 1417 4602 doctrinam
1454 4550 1714 4602 Ecclesiw.

175 4611 473 4692 Sienim'non
509 4611 870 4692 pertinaciter,
907 4622 1025 4692 jam
1056 4637 1157 4673 non
1185 4629 1255 4672 est
1289 4623 1577 4683 Inereticns,
1628 4619 1717 4673 sed

176 4688 297 4761 tolum
318 4688 517 4743 errans.
545 4689 704 4744 Unde
732 4688 1056 4761 manifestum
1087 4701 1159 4743 est
1194 4695 1329 4758 quod
1372 4693 1489 4744 talis
1516 4692 1717 4744 haereti-

178 4768 238 4831 tus
254 4760 372 4811 circa
402 4778 564 4813 unum
594 4760 883 4815 articulum
905 4762 1059 4829 [idem
1087 4777 1188 4814 non
1219 4762 1364 4813 habet
1396 4764 1457 4814 de
1483 4762 1600 4815 aliis
1624 4779 1713 4815 ar-

178 4831 321 4902 ticulis,
366 4835 456 4883 sed
483 4834 789 4902 opinionem
815 4838 1108 4890 quamdam,
1140 4833 1421 4885 secundum
1451 4836 1715 4902 proprium

179 4897 452 4970 voluntatem.
493 4897 628 4955 Hrec
657 4904 716 4957 S.
751 4902 985 4956 Thomas
1018 4921 1031 4956 :
1062 4907 1255 4970 quibus
1284 4897 1716 4968 etiam-Scriptu-

179 4976 218 5044 ζει
242 4968 490 5041 suffragari
525 4973 768 5025 vzdetur.
799 4972 926 5025 Nam
954 4968 1240 5040 Apuétolus
1272 4975 1552 5028 iltl'l‘eliCOs
1583 4991 1717 5044 qua-

181 5031 434 5113 lescuque
462 5051 662 5097 censet
705 5031 1038 5112 naufragium
1071 5043 1246 5097 facere
1278 5044 1328 5095 in
1380 5046 1503 5105 lide,
1554 5031 1716 5113 at'que

183 5106 279 5159 adeo
302 5106 436 5166 ahea
459 5115 743 5174 excidere,
774 5106 1112 5180 qttostatnen
1137 5122 1348 5167 constat
1385 5131 1489 5169 non
1520 5106 1715 5183 nugare

182 5186 323 5252 omnes
346 5186 605 5237 articulus
638 5182 786 5245 lidei,
807 5187 930 5237 dtttn
958 5194 1156 5242 mouet,
1175 5198 1228 5237 ut
1258 5184 1543 5238 Habeamus
1562 5182 1716 5252 ﬁdem

185 5256 217 5325 et
236 5250 385 5325 bonam
409 5256 804 5317 conscientiam,
828 5272 981 5325 quam
1002 5255 1233 5323 quidam,
1262 5258 1449 5324 inquit,
1466 5250 1718 5324 repellen-

187 5320 249 5378 ια,
274 5323 699 5396 naufragaveruut
723 5342 755 5377 a
780 5320 883 5395 ﬁde
932 5328 973 5395 (l
998 5320 1131 5378 Tim.
1156 5326 1227 5395 1).
1264 5320 1415 5379 Ειέιιι
1455 5320 1715 5396 Ephesios

189 5398 222 5433 ιν
243 5392 449 5447 θῐιιιιιιιεί
473 5411 667 5448 vet-am
700 5392 856 5451 Iidem
888 5392 996 5449 non
1024 5411 1144 5450 esse
1173 5392 1271 5450 nisi
1305 5392 1512 5459 unum;
1538 5398 1585 5450 id
1612 5408 1714 5461 est,

190 5466 256 5527 litt
291 5477 429 5527 quam
480 5468 553 5519 ab
600 5468 859 5519 omnilms
907 5468 1197 5521 credantur
1224 5471 1425 5521 eaedem
1466 5469 1718 5523 veritates

192 5524 389 5609 divinitus
411 5537 707 5609 revelatam
724 5546 777 5591 et
806 5540 873 5591 ab
903 5538 1151 5609 Ecclesia,
1175 5542 1483 5609 propositm.
1513 5541 1606 5592 llis
1630 5554 1718 5593 aco

193 5600 297 5676 εςξλὶι
316 5607 589 5661 concilium
614 5607 993 5662 Tridentinttm
1025 5623 1099 5662 ss.
1128 5600 1188 5672 ϐξ
1215 5600 1335 5672 cap.
1366 5610 1455 5674 15,
1474 5611 1561 5663 ubi
1585 5614 1719 5663 sitn-

198 5664 355 5751 Pliciter
372 5679 655 5751 asseritur,
690 5694 781 5747 per
810 5664 1376 5748 inlidelitatetnlcu'jus
1397 5664 1610 5751 species
1640 5689 1723 5735 est

199 5735 581 5821 ‘flﬁesislamitti
616 5735 803 5804 (idem.
851 5735 1329 5813 Asserendum‘csi.
1374 5735 1568 5818 inquit,
1616 5767 1721 5821 non

199 5809 311 5891 modo
329 5809 642 5891 inﬁdelitate,
674 5837 763 5887 per
791 5837 945 5891 quam
972 5832 1018 5875 et
1044 5822 1155 5890 ipsa
1184 5809 1723 5890 ﬁdesvauttititurded

202 5885 311 5934 “tam
332 5887 531 5955 quolibet
561 5885 773 5945 mortali
799 5885 1029 5963 peccato,
1060 5885 1290 5957 quatiwis
1320 5908 1419 5947 non
1458 5893 1724 5954 amittatur

1744 4729 1793 4788 D

1820 2920 1969 2987 ﬁdes,
2000 2928 2261 2986 acceptant
2277 2918 2675 2991 justi/icationis
2698 2919 2921 2990 gratiam
2950 2919 3131 2973 amitti.
3161 2918 3264 2991 _Ubi
3291 2919 3416 2975 licet

1820 3006 1926 3045 non
1972 2989 2567 3055 detiniatur'ettpresse,
2603 2989 2781 3043 tamen
2812 2993 3133 3056 supponitur
3161 2989 3275 3045 haec
3321 3007 3416 3046 ve-

1818 3063 1950 3115 ritas
1985 3071 2041 3114 ιιι
2069 3072 2211 3115 certa
2243 3070 2297 3115 et
2326 3060 2652 3114 indubitata.
2689 3060 2958 3114 Craterum
2993 3063 3042 3113 in
3073 3065 3407 3116 entttrariattt

1818 3144 2029 3201 partem
2062 3149 2166 3185 non
2199 3130 2392 3187 demat
2420 3135 2579 3184 etiam
2612 3145 2927 3202 argumenta
2958 3134 3232 3199 Complura
3257 3172 3272 3196 ,
3307 3147 3410 3188 nec

1819 3204 2187 3273 improbabilia
2235 3219 2248 3256 :
2301 3203 2497 3270 quibus
2544 3215 2723 3255 tamen
2761 3202 3098 3268 proferendis
3129 3204 3412 3258 brevitatis

1816 3290 1976 3327 causa
2034 3273 2384 3341 supersedeo,
2427 3289 2488 3326 ea
2520 3285 2804 3328 contentum
2849 3276 3118 3339 attulisse,
3151 3288 3269 3342 qu.e
3301 3274 3415 3328 Au-

1814 3348 1982 3399 ctoris
2014 3347 2178 3399 nosui
2214 3348 2535 3399 sententiam
2567 3348 2910 3399 cttttlirmant.

1888 3425 1913 3451 ⁸
1937 3416 2107 3469 Vt-rbzi
2138 3414 2363 3469 10mins
2394 3416 2619 3483 apostoli
2652 3416 2702 3467 in
2736 3419 2904 3482 prima
2936 3413 3209 3469 CanOuica
3246 3415 3415 3480 :Quis

1813 3496 1887 3539 est
1914 3488 2155 3548 mendax,
2192 3488 2288 3538 nisi
2320 3487 2405 3553 qui
2435 3497 2581 3553 ncqat
2603 3491 2847 3556 quoniam
2873 3490 3024 3539 Iesus
3046 3501 3118 3540 est
3137 3486 3369 3541 Christus
3390 3488 3417 3541 ?

1816 3556 1919 3610 llic
1941 3556 2398 3627 estWAttticItristus.
2433 3559 2523 3627 qui
2553 3567 2704 3627 negat
2744 3556 2947 3609 Putrem
2980 3568 3025 3610 et
3058 3556 3273 3610 Filium.
3308 3559 3411 3627 Qui

1816 3576 1919 3610 ηις
1941 3576 2012 3609 est
2036 3576 2398 3612 antichristus.
2433 3576 2522 3627 qut
2553 3576 2614 3609 ne
2654 3576 2703 3608 at
2744 3576 2947 3609 rutrum
2980 3576 3025 3610 et
3058 3576 3273 3610 emunt.
3308 3576 3411 3622 unt

1815 3637 1965 3700 negat
1998 3626 2212 3700 Filium,
2248 3645 2337 3700 nec
2375 3576 2759 3700 l’alremiiabet
2801 3645 2819 3682 :
2866 3632 2953 3699 qui
2987 3630 3260 3695 conﬁtetur
3308 3624 3411 3682 Fi-

1818 3698 1968 3758 lium,
2002 3708 2047 3752 et
2079 3698 2284 3752 Patrem
2311 3698 2461 3751 habet
2499 3700 2515 3768 (
2543 3699 2557 3749 Ι
2585 3698 2743 3752 Joan.
2770 3715 2804 3753 Il
2830 3698 2883 3768 ),’
2924 3701 2973 3753 id
3007 3709 3107 3761 est,
3145 3703 3408 3765 agnoscit.

1818 3770 2052 3825 Proinde
2084 3770 2266 3823 nescio
2300 3771 2439 3823 unde
2469 3769 2721 3823 acciderit
2756 3783 2812 3823 ut
2863 3786 2958 3839 pro
2986 3768 3205 3824 Joannis
3251 3781 3411 3826 antea

1817 3842 2107 3909 legeretur.
2157 3842 2318 3907 ipsius
2366 3841 2543 3905 patris,
2592 3841 2742 3909 ψιειεί
2778 3842 2865 3893 ltei
2898 3841 3074 3894 Patris
3103 3844 3218 3895 lucc
3264 3850 3415 3897 esset

1816 3928 1915 3964 vos
1946 3930 1967 3983 γε
2001 3910 2100 3965 ιιίδί
2127 3912 2244 3981 quis
2272 3912 2427 3965 malit
2462 3912 2665 3982 legere.
2704 3914 2860 3983 jua'ta
2901 3914 2976 3979 pii
3015 3912 3177 3981 ραιτίδ
3213 3928 3407 3978 Nam:

1816 3982 1957 4053 quod
1984 3983 2049 4036 de
2076 3983 2283 4035 Joanne
2308 3987 2557 4043 ap0stolo
2586 3984 2992 4053 intelligenduan
3026 3984 3116 4035 sit.

1893 4052 1916 4091 δ
1950 4054 2001 4107 ld
2032 4064 2132 4115 est,
2168 4053 2221 4106 in
2246 4053 2546 4117 divinitate,
2576 4052 2732 4119 juxta
2760 4055 2889 4107 illud
2915 4054 3137 4107 Joannis
3160 4067 3210 4105 tv
3246 4070 3258 4104 :
3292 4052 3416 4122 Spi-

1818 4126 1949 4177 ritus
1971 4134 2045 4177 est
2063 4125 2218 4176 Deus.
2253 4124 2407 4179 Unde
2430 4138 2482 4177 et
2510 4124 2755 4192 Sequenti
2786 4141 2903 4189 cap.
2932 4124 3092 4179 dicit:
3124 4122 3323 4177 Natum
3352 4126 3408 4177 in

1820 4192 2044 4254 Deitate.
2072 4204 2244 4247 natum
2267 4211 2502 4259 corpore,
2526 4194 2669 4263 quod
2706 4196 2788 4249 ltic
2817 4196 2869 4247 in
2894 4212 3065 4248 carne.
3256 4236 3262 4244 .

1896 4279 1917 4304 ο
1941 4266 1993 4319 lli
2023 4276 2126 4327 est,
2157 4275 2409 4333 reparent
2434 4280 2495 4317 ac
2528 4275 2858 4319 restaurent.
2896 4265 3027 4319 Nam
3065 4264 3408 4332 regeneratio

1822 4336 2034 4405 proprie
2065 4337 2333 4401 baptismo
2364 4338 2636 4402 convenit,
2667 4338 2807 4402 quod
2837 4348 2917 4389 est
2958 4336 3219 4388 lavacrum
3258 4352 3408 4405 rcge-

1822 4410 2099 4461 neratiom‘s
2137 4416 2180 4459 et
2219 4406 2558 4459 renovationis
2584 4406 2808 4476 Spiritus
2830 4407 2994 4459 sancti
3026 4410 3042 4475 (
3072 4406 3246 4459 Actor.
3289 4423 3342 4461 Ill
3369 4406 3410 4475 ).

1821 4482 1953 4544 Quia
1987 4488 2163 4531 tamen
2202 4479 2285 4532 hic
2310 4476 2585 4531 t‘0nfertnt‘
2618 4478 2929 4541 paenitentia
2961 4494 3084 4530 cum
3120 4478 3411 4545 baptismo,

1822 4550 1967 4601 velut
1994 4564 2113 4602 cum
2147 4549 2313 4617 prima
2345 4549 2698 4617 generatione
2725 4549 2987 4615 spiritali,
3020 4563 3123 4601 non
3154 4548 3295 4602 male
3323 4548 3411 4602 tli-

1822 4618 1961 4674 citur
1990 4632 2041 4673 et
2074 4622 2183 4688 ipsa
2216 4623 2575 4685 regi-iteratio,
2612 4620 2661 4671 id
2687 4631 2790 4682 est,
2821 4620 3014 4681 altera,
3050 4620 3131 4672 vel
3175 4620 3415 4673 secunda

1821 4696 2097 4757 gutturatio
2150 4691 2406 4759 Spiritalis
2475 4689 2663 4757 (sicut
2716 4693 3023 4759 frequenter
3068 4708 3094 4741 a
3162 4690 3411 4743 Pati-ibus

1823 4761 2045 4827 (Tertul.
2090 4761 2181 4816 lib.
2232 4764 2294 4813 de
2329 4762 2549 4825 Panic;
2599 4760 2819 4817 Hieron.
2870 4764 2921 4813 in
2974 4778 3092 4831 cap.
3127 4776 3181 4814 Ill
3231 4759 3413 4826 lsai.;

1823 4831 2102 4886 Gratianus
2141 4833 2204 4885 de
2239 4831 2432 4885 Potuit.
2463 4831 2582 4883 dist.
2620 4847 2666 4894 t;
2701 4832 2856 4885 Cone.
2892 4832 3037 4884 Trid.
3069 4850 3138 4885 ss.
3180 4833 3261 4895 Ib,
3289 4848 3409 4899 cap.

1819 4902 1877 4970 2)
1907 4904 2101 4956 dicitur
2130 4904 2356 4956 seettnda
2385 4911 2498 4971 post
2532 4903 2864 4972 naufragium
2903 4904 3081 4955 tabula
3113 4919 3132 4955 .'
3159 4906 3407 4970 secunda,

1819 4976 2025 5028 scilicet
2073 4982 2191 5040 post
2225 4974 2547 5036 baptismum
2596 4990 2608 5024 :
2667 4983 2780 5039 post
2820 4975 3149 5042 naufragium
3205 4973 3413 5028 scilicet

1821 5042 2051 5113 peccati)
2099 5044 2393 5109 baptismus
2421 5058 2556 5095 vero
2588 5043 2782 5113 dicitur
2814 5046 3149 5109 regeneratio
3195 5044 3413 5098 absolu-

1821 5124 1895 5177 te,
1927 5117 2014 5183 qui
2036 5112 2288 5167 'sm-cedit
2320 5112 3063 5183 generationicarnali,juxta
3097 5115 3224 5166 illud
3250 5116 3414 5167 Joan-

1822 5188 1905 5237 nis
1935 5200 1989 5238 ιιι
2024 5202 2036 5237 :
2072 5184 2188 5237 Nisi
2215 5187 2327 5247 quis
2359 5194 2569 5237 renatus
2601 5186 2755 5252 fuerit
2793 5186 2986 5243 denuo,
3008 5202 3108 5237 non
3142 5197 3307 5254 potest
3340 5186 3411 5238 vi-

1821 5256 1941 5327 dere
1955 5271 2167 5327 regnum
2189 5255 2300 5308 Dei.
2323 5256 2473 5320 Quod
2492 5272 2551 5306 ex
2565 5256 2763 5321 plicans
2785 5270 2894 5327 post
2907 5257 3122 5308 modum
3139 5255 3373 5308 subdidit
3390 5270 3409 5312 ;

1823 5326 1942 5379 Nisi
1969 5326 2085 5397 quis
2109 5338 2315 5379 renatus
2338 5327 2492 5397 fuerit
2522 5342 2585 5380 ea:
2602 5343 2735 5396 aqua
2763 5337 2809 5378 et
2843 5326 3043 5397 Spiritu
3076 5337 3272 5385 sancto,
3302 5336 3406 5378 etc.

1892 5345 1940 5378 ’δι
1969 5345 2085 5397 quis
2109 5345 2315 5379 renatus
2338 5345 2492 5397 ptem
2522 5345 2585 5380 ea:
2602 5345 2735 5396 aqua
2763 5345 2809 5378 et
2843 5345 2877 5381 δ
2925 5345 3043 5380 trttu
3076 5345 3272 5385 sancto,
3302 5345 3406 5378 etc.

1892 5398 1917 5431 ά
1950 5397 2051 5451 Per
2079 5400 2280 5450 fontem
2314 5396 2521 5451 scilicet
2549 5399 2816 5465 baptismi.
2869 5345 3210 5457 (generorum,
3245 5398 3288 5448 si
3322 5412 3406 5451 se~

1822 5469 2049 5523 condam
2092 5470 2492 5523 reuovationem
2542 5477 2596 5521 et
2641 5470 2938 5537 spiritalem
2983 5468 3266 5536 quamdam
3313 5481 3405 5521 re-

1823 5543 2252 5606 getteritioiietn,
2284 5555 2402 5606 qum
2430 5542 2485 5591 lit
2532 5554 2628 5607 per
2659 5540 3028 5605 pwttitentiam
3056 5577 3071 5602 ,
3106 5538 3366 5603 respicias
3393 5554 3409 5603 ;

1826 5618 1881 5662 at
1925 5611 2108 5663 verius
2156 5621 2580 5677 regeneraruut,
2649 5611 2692 5663 si
2739 5613 2959 5675 primam
3007 5612 3413 5677 generationem

1824 5681 2097 5734 Carnalem
2130 5691 2362 5749 spectes,
2398 5690 2455 5733 nt
2499 5682 2702 5734 dictum
2736 5689 2838 5733 est.
2871 5682 2959 5733 Est
2986 5693 3165 5732 autem
3212 5680 3296 5733 hic
3325 5695 3415 5750 sy-

1827 5752 2153 5805 nt-ctlochica
2202 5751 2452 5821 qtnL-dam
2482 5750 2716 5821 locutio,
2761 5766 2861 5816 qua
2906 5766 3075 5820 genus
3104 5765 3201 5815 pro
3233 5752 3416 5817 specie

1826 5823 2067 5888 ponitur,
2098 5819 2419 5875 sacramenta
2449 5819 2634 5873 salutis
2674 5831 2860 5874 nostra:
2892 5819 2987 5889 pro
3020 5824 3332 5889 putuitettlta
3360 5831 3414 5875 et

1826 5893 2115 5966 baptismo,
2147 5894 2237 5961 qui
2272 5907 2367 5962 per
2399 5891 2598 5947 fontem
2625 5898 2680 5944 et
2710 5893 2885 5951 fontes
2905 5892 3243 5965 designatur,
3270 5891 3407 5963 psal.
