  <div class='ocr_page' id='page_1' title='image "/cluster/home/n/w/nwhite01/storage/ocr_20150623/50/hvd.32044015471550/097.png"; bbox 0 0 3966 6332; ppageno 0'>
   <div class='ocr_carea' id='block_1_1' title="bbox 424 126 1318 199">
    <p class='ocr_par' dir='ltr' id='par_1_1' title="bbox 424 126 1318 199">
     <span class='ocr_line' id='line_1_1' title="bbox 424 126 1318 199; baseline 0 -32"><span class='ocrx_word' id='word_1_1' title='bbox 424 186 435 199; x_wconf 42' lang='grc' dir='ltr'><strong><em>ο</em></strong></span> <span class='ocrx_word' id='word_1_2' title='bbox 1287 126 1318 167; x_wconf 63' lang='grc' dir='ltr'><strong>κ</strong></span> 
     </span>
    </p>
   </div>
   <div class='ocr_carea' id='block_1_2' title="bbox 498 211 606 275">
    <p class='ocr_par' dir='ltr' id='par_1_2' title="bbox 498 211 606 275">
     <span class='ocr_line' id='line_1_2' title="bbox 498 211 606 275; baseline -0.019 0"><span class='ocrx_word' id='word_1_3' title='bbox 498 211 606 275; x_wconf 73' lang='grc'><strong>185</strong></span> 
     </span>
    </p>
   </div>
   <div class='ocr_carea' id='block_1_3' title="bbox 1843 216 2474 278">
    <p class='ocr_par' dir='ltr' id='par_1_3' title="bbox 1843 216 2474 278">
     <span class='ocr_line' id='line_1_3' title="bbox 1843 216 2474 278; baseline -0.003 -1"><span class='ocrx_word' id='word_1_4' title='bbox 1843 218 2126 278; x_wconf 78' lang='lat' dir='ltr'><strong>JOANNIS</strong></span> <span class='ocrx_word' id='word_1_5' title='bbox 2162 216 2474 276; x_wconf 81' lang='lat' dir='ltr'><strong>CASSIANI</strong></span> 
     </span>
    </p>
   </div>
   <div class='ocr_carea' id='block_1_4' title="bbox 3658 237 3748 292">
    <p class='ocr_par' dir='ltr' id='par_1_4' title="bbox 3658 237 3748 292">
     <span class='ocr_line' id='line_1_4' title="bbox 3658 237 3748 292; baseline 0.022 -2"><span class='ocrx_word' id='word_1_6' title='bbox 3658 237 3748 292; x_wconf 72' lang='grc' dir='ltr'>ιει</span> 
     </span>
    </p>
   </div>
   <div class='ocr_carea' id='block_1_5' title="bbox 493 333 3748 422">
    <p class='ocr_par' dir='ltr' id='par_1_5' title="bbox 493 333 3748 422">
     <span class='ocr_line' id='line_1_5' title="bbox 493 333 3748 422; baseline 0.005 -34"><span class='ocrx_word' id='word_1_7' title='bbox 493 334 754 390; x_wconf 80' lang='lat' dir='ltr'><strong>surrexit.</strong></span> <span class='ocrx_word' id='word_1_8' title='bbox 784 333 842 390; x_wconf 89' lang='lat' dir='ltr'><strong>lu</strong></span> <span class='ocrx_word' id='word_1_9' title='bbox 890 351 956 392; x_wconf 90' lang='lat' dir='ltr'><strong>eo</strong></span> <span class='ocrx_word' id='word_1_10' title='bbox 1007 352 1135 395; x_wconf 89' lang='lat' dir='ltr'><strong>vero</strong></span> <span class='ocrx_word' id='word_1_11' title='bbox 1169 339 1316 411; x_wconf 88' lang='lat' dir='ltr'><strong>quod</strong></span> <span class='ocrx_word' id='word_1_12' title='bbox 1357 335 1476 411; x_wconf 87' lang='lat' dir='ltr'><strong>ipse</strong></span> <span class='ocrx_word' id='word_1_13' title='bbox 1522 337 1577 395; x_wconf 92' lang='lat' dir='ltr'><strong>in</strong></span> <span class='ocrx_word' id='word_1_14' title='bbox 1625 336 1822 395; x_wconf 72' lang='lat' dir='ltr'><strong>saecula</strong></span> <span class='ocrx_word' id='word_1_15' title='bbox 1873 338 2093 406; x_wconf 90' lang='lat' dir='ltr'><strong>dicitur,</strong></span> <span class='ocrx_word' id='word_1_16' title='bbox 2120 340 2170 403; x_wconf 78' lang='grc' dir='ltr'>Α</span> <span class='ocrx_word' id='word_1_17' title='bbox 2200 340 2585 410; x_wconf 86' lang='lat' dir='ltr'><strong>prophetarum</strong></span> <span class='ocrx_word' id='word_1_18' title='bbox 2625 346 2786 411; x_wconf 84' lang='lat' dir='ltr'><strong>atque</strong></span> <span class='ocrx_word' id='word_1_19' title='bbox 2807 349 3121 396; x_wconf 87' lang='lat' dir='ltr'><strong>sanctorum</strong></span> <span class='ocrx_word' id='word_1_20' title='bbox 3161 338 3413 398; x_wconf 75' lang='lat' dir='ltr'><strong>divinitas</strong></span> <span class='ocrx_word' id='word_1_21' title='bbox 3436 345 3748 422; x_wconf 80' lang='lat' dir='ltr'><strong>venit:ergo</strong></span> 
     </span>
    </p>
   </div>
   <div class='ocr_carea' id='block_1_6' title="bbox 461 427 2085 507">
    <p class='ocr_par' dir='ltr' id='par_1_6' title="bbox 461 427 2085 507">
     <span class='ocr_line' id='line_1_6' title="bbox 461 427 2085 507; baseline 0.006 -27"><span class='ocrx_word' id='word_1_22' title='bbox 461 436 522 478; x_wconf 72' lang='grc' dir='ltr'>,ι</span> <span class='ocrx_word' id='word_1_23' title='bbox 555 427 733 484; x_wconf 91' lang='lat' dir='ltr'><strong>omnis</strong></span> <span class='ocrx_word' id='word_1_24' title='bbox 775 428 969 488; x_wconf 64' lang='lat' dir='ltr'><strong>futura:</strong></span> <span class='ocrx_word' id='word_1_25' title='bbox 1018 435 1333 490; x_wconf 76' lang='lat' dir='ltr'><strong>aeternitatis</strong></span> <span class='ocrx_word' id='word_1_26' title='bbox 1383 433 1720 490; x_wconf 74' lang='lat' dir='ltr'><strong>immensitas</strong></span> <span class='ocrx_word' id='word_1_27' title='bbox 1749 432 2085 507; x_wconf 74' lang='lat' dir='ltr'><strong>designatur.</strong></span> 
     </span>
    </p>
   </div>
   <div class='ocr_carea' id='block_1_7' title="bbox 1101 547 1488 606">
    <p class='ocr_par' dir='ltr' id='par_1_7' title="bbox 1101 547 1488 606">
     <span class='ocr_line' id='line_1_7' title="bbox 1101 547 1488 606; baseline -0.003 -1"><span class='ocrx_word' id='word_1_28' title='bbox 1101 547 1330 606; x_wconf 83' lang='lat' dir='ltr'><strong>CAPUT</strong></span> <span class='ocrx_word' id='word_1_29' title='bbox 1369 547 1488 605; x_wconf 94' lang='lat' dir='ltr'><strong>XX.</strong></span> 
     </span>
    </p>
   </div>
   <div class='ocr_carea' id='block_1_8' title="bbox 489 635 2087 712">
    <p class='ocr_par' dir='ltr' id='par_1_8' title="bbox 489 635 2087 712">
     <span class='ocr_line' id='line_1_8' title="bbox 489 635 2087 712; baseline 0.004 -22"><span class='ocrx_word' id='word_1_30' title='bbox 489 635 664 694; x_wconf 76' lang='lat' dir='ltr'><strong>Docet</strong></span> <span class='ocrx_word' id='word_1_31' title='bbox 693 655 758 693; x_wconf 73' lang='lat' dir='ltr'><strong>ea:</strong></span> <span class='ocrx_word' id='word_1_32' title='bbox 783 639 934 712; x_wconf 82' lang='lat' dir='ltr'><strong>dictis</strong></span> <span class='ocrx_word' id='word_1_33' title='bbox 963 657 1065 694; x_wconf 91' lang='lat' dir='ltr'><strong>non</strong></span> <span class='ocrx_word' id='word_1_34' title='bbox 1092 642 1220 712; x_wconf 65' lang='lat' dir='ltr'><strong>eﬂici</strong></span> <span class='ocrx_word' id='word_1_35' title='bbox 1245 650 1301 696; x_wconf 89' lang='lat' dir='ltr'><strong>ut</strong></span> <span class='ocrx_word' id='word_1_36' title='bbox 1331 640 1470 696; x_wconf 89' lang='lat' dir='ltr'><strong>Deus</strong></span> <span class='ocrx_word' id='word_1_37' title='bbox 1489 642 1728 697; x_wconf 80' lang='lat' dir='ltr'><strong>mortalis</strong></span> <span class='ocrx_word' id='word_1_38' title='bbox 1765 642 1846 697; x_wconf 80' lang='lat' dir='ltr'><strong>uel</strong></span> <span class='ocrx_word' id='word_1_39' title='bbox 1870 658 2087 697; x_wconf 82' lang='lat' dir='ltr'><strong>corneus</strong></span> 
     </span>
    </p>
   </div>
   <div class='ocr_carea' id='block_1_9' title="bbox 563 709 2088 783">
    <p class='ocr_par' dir='ltr' id='par_1_9' title="bbox 563 709 2088 783">
     <span class='ocr_line' id='line_1_9' title="bbox 563 709 2088 783; baseline 0.005 -21"><span class='ocrx_word' id='word_1_40' title='bbox 563 721 683 764; x_wconf 84' lang='lat' dir='ltr'><strong>ante</strong></span> <span class='ocrx_word' id='word_1_41' title='bbox 711 709 904 765; x_wconf 73' lang='lat' dir='ltr'><strong>swcula</strong></span> <span class='ocrx_word' id='word_1_42' title='bbox 945 709 1379 783; x_wconf 37' lang='lat' dir='ltr'><strong>fuisse&#39;aicatur,</strong></span> <span class='ocrx_word' id='word_1_43' title='bbox 1415 715 1509 767; x_wconf 90' lang='lat' dir='ltr'><strong>etsi</strong></span> <span class='ocrx_word' id='word_1_44' title='bbox 1555 713 1692 767; x_wconf 88' lang='lat' dir='ltr'><strong>idem</strong></span> <span class='ocrx_word' id='word_1_45' title='bbox 1738 715 1803 766; x_wconf 92' lang='lat' dir='ltr'><strong>sit</strong></span> <span class='ocrx_word' id='word_1_46' title='bbox 1851 713 2088 769; x_wconf 73' lang='lat' dir='ltr'><strong>Christus</strong></span> 
     </span>
    </p>
   </div>
   <div class='ocr_carea' id='block_1_10' title="bbox 567 782 2011 856">
    <p class='ocr_par' dir='ltr' id='par_1_10' title="bbox 567 782 2011 856">
     <span class='ocr_line' id='line_1_10' title="bbox 567 782 2011 856; baseline 0.002 -22"><span class='ocrx_word' id='word_1_47' title='bbox 567 783 652 852; x_wconf 86' lang='lat' dir='ltr'><strong>qui</strong></span> <span class='ocrx_word' id='word_1_48' title='bbox 671 783 736 834; x_wconf 91' lang='lat' dir='ltr'><strong>ab</strong></span> <span class='ocrx_word' id='word_1_49' title='bbox 759 782 952 836; x_wconf 70' lang='lat' dir='ltr'><strong>a’terno</strong></span> <span class='ocrx_word' id='word_1_50' title='bbox 977 782 1116 838; x_wconf 87' lang='lat' dir='ltr'><strong>Deus</strong></span> <span class='ocrx_word' id='word_1_51' title='bbox 1146 794 1194 838; x_wconf 90' lang='lat' dir='ltr'><strong>et</strong></span> <span class='ocrx_word' id='word_1_52' title='bbox 1213 786 1266 838; x_wconf 89' lang='lat' dir='ltr'><strong>in</strong></span> <span class='ocrx_word' id='word_1_53' title='bbox 1289 795 1515 856; x_wconf 87' lang='lat' dir='ltr'><strong>tempore</strong></span> <span class='ocrx_word' id='word_1_54' title='bbox 1535 784 1688 840; x_wconf 90' lang='lat' dir='ltr'><strong>homo</strong></span> <span class='ocrx_word' id='word_1_55' title='bbox 1713 785 1884 855; x_wconf 78' lang='lat' dir='ltr'><strong>{actus</strong></span> <span class='ocrx_word' id='word_1_56' title='bbox 1915 794 2011 839; x_wconf 86' lang='lat' dir='ltr'><strong>est.</strong></span> 
     </span>
    </p>
   </div>
   <div class='ocr_carea' id='block_1_11' title="bbox 561 894 2086 968">
    <p class='ocr_par' dir='ltr' id='par_1_11' title="bbox 561 894 2086 968">
     <span class='ocr_line' id='line_1_11' title="bbox 561 894 2086 968; baseline 0.001 -16"><span class='ocrx_word' id='word_1_57' title='bbox 561 894 668 952; x_wconf 87' lang='lat' dir='ltr'><strong>Sed</strong></span> <span class='ocrx_word' id='word_1_58' title='bbox 708 895 843 951; x_wconf 91' lang='lat' dir='ltr'><strong>dicis</strong></span> <span class='ocrx_word' id='word_1_59' title='bbox 873 896 1098 952; x_wconf 81' lang='lat' dir='ltr'><strong>forsitan</strong></span> <span class='ocrx_word' id='word_1_60' title='bbox 1135 913 1149 951; x_wconf 89' lang='lat'><strong>:</strong></span> <span class='ocrx_word' id='word_1_61' title='bbox 1180 896 1237 953; x_wconf 89' lang='lat' dir='ltr'><strong>Si</strong></span> <span class='ocrx_word' id='word_1_62' title='bbox 1266 897 1518 954; x_wconf 89' lang='lat' dir='ltr'><strong>eumdem</strong></span> <span class='ocrx_word' id='word_1_63' title='bbox 1556 898 1608 953; x_wconf 93' lang='lat' dir='ltr'><strong>in</strong></span> <span class='ocrx_word' id='word_1_64' title='bbox 1644 898 1751 954; x_wconf 85' lang='lat' dir='ltr'><strong>line</strong></span> <span class='ocrx_word' id='word_1_65' title='bbox 1783 906 2086 968; x_wconf 86' lang='lat' dir='ltr'><strong>temporum</strong></span> 
     </span>
    </p>
   </div>
   <div class='ocr_carea' id='block_1_12' title="bbox 488 988 2085 1061">
    <p class='ocr_par' dir='ltr' id='par_1_12' title="bbox 488 988 2085 1061">
     <span class='ocr_line' id='line_1_12' title="bbox 488 988 2085 1061; baseline 0.003 -20"><span class='ocrx_word' id='word_1_66' title='bbox 488 998 672 1042; x_wconf 89' lang='lat' dir='ltr'><strong>natum</strong></span> <span class='ocrx_word' id='word_1_67' title='bbox 696 988 870 1044; x_wconf 89' lang='lat' dir='ltr'><strong>dicam</strong></span> <span class='ocrx_word' id='word_1_68' title='bbox 905 1005 972 1044; x_wconf 81' lang='lat' dir='ltr'><strong>ex</strong></span> <span class='ocrx_word' id='word_1_69' title='bbox 1005 989 1258 1061; x_wconf 77' lang='lat' dir='ltr'><strong>Virgine,</strong></span> <span class='ocrx_word' id='word_1_70' title='bbox 1290 991 1382 1061; x_wconf 88' lang='lat' dir='ltr'><strong>qui</strong></span> <span class='ocrx_word' id='word_1_71' title='bbox 1409 999 1536 1046; x_wconf 86' lang='lat' dir='ltr'><strong>ante</strong></span> <span class='ocrx_word' id='word_1_72' title='bbox 1567 991 1748 1046; x_wconf 84' lang='lat' dir='ltr'><strong>omnia</strong></span> <span class='ocrx_word' id='word_1_73' title='bbox 1779 1001 1936 1045; x_wconf 87' lang='lat' dir='ltr'><strong>natus</strong></span> <span class='ocrx_word' id='word_1_74' title='bbox 1966 991 2085 1046; x_wconf 85' lang='lat' dir='ltr'><strong>fue-</strong></span> 
     </span>
    </p>
   </div>
   <div class='ocr_carea' id='block_1_13' title="bbox 482 1080 2086 1150">
    <p class='ocr_par' dir='ltr' id='par_1_13' title="bbox 482 1080 2086 1150">
     <span class='ocr_line' id='line_1_13' title="bbox 482 1080 2086 1150; baseline 0.002 -16"><span class='ocrx_word' id='word_1_75' title='bbox 482 1080 558 1134; x_wconf 88' lang='lat' dir='ltr'><strong>rit</strong></span> <span class='ocrx_word' id='word_1_76' title='bbox 576 1095 639 1135; x_wconf 82' lang='lat' dir='ltr'><strong>ex</strong></span> <span class='ocrx_word' id='word_1_77' title='bbox 666 1080 772 1135; x_wconf 90' lang='lat' dir='ltr'><strong>Deo</strong></span> <span class='ocrx_word' id='word_1_78' title='bbox 796 1081 978 1150; x_wconf 88' lang='lat' dir='ltr'><strong>Patre,</strong></span> <span class='ocrx_word' id='word_1_79' title='bbox 1003 1097 1261 1138; x_wconf 89' lang='lat' dir='ltr'><strong>carneum</strong></span> <span class='ocrx_word' id='word_1_80' title='bbox 1287 1098 1373 1138; x_wconf 90' lang='lat' dir='ltr'><strong>me</strong></span> <span class='ocrx_word' id='word_1_81' title='bbox 1393 1085 1556 1138; x_wconf 88' lang='lat' dir='ltr'><strong>etiam</strong></span> <span class='ocrx_word' id='word_1_82' title='bbox 1576 1095 1702 1139; x_wconf 86' lang='lat' dir='ltr'><strong>ante</strong></span> <span class='ocrx_word' id='word_1_83' title='bbox 1724 1081 1910 1138; x_wconf 87' lang='lat' dir='ltr'><strong>mundi</strong></span> <span class='ocrx_word' id='word_1_84' title='bbox 1934 1082 2086 1138; x_wconf 92' lang='lat' dir='ltr'><strong>initia</strong></span> 
     </span>
    </p>
   </div>
   <div class='ocr_carea' id='block_1_14' title="bbox 486 1170 2082 1248">
    <p class='ocr_par' dir='ltr' id='par_1_14' title="bbox 486 1170 2082 1248">
     <span class='ocr_line' id='line_1_14' title="bbox 486 1170 2082 1248; baseline 0.002 -21"><span class='ocrx_word' id='word_1_85' title='bbox 486 1170 657 1227; x_wconf 90' lang='lat' dir='ltr'><strong>Deum</strong></span> <span class='ocrx_word' id='word_1_86' title='bbox 699 1173 930 1229; x_wconf 89' lang='lat' dir='ltr'><strong>dicere:</strong></span> <span class='ocrx_word' id='word_1_87' title='bbox 980 1177 1067 1244; x_wconf 91' lang='lat' dir='ltr'><strong>qui</strong></span> <span class='ocrx_word' id='word_1_88' title='bbox 1103 1176 1278 1245; x_wconf 88' lang='lat' dir='ltr'><strong>ipsum</strong></span> <span class='ocrx_word' id='word_1_89' title='bbox 1325 1175 1502 1232; x_wconf 92' lang='lat' dir='ltr'><strong>dicam</strong></span> <span class='ocrx_word' id='word_1_90' title='bbox 1546 1188 1736 1248; x_wconf 79' lang='lat' dir='ltr'><strong>pOSIea</strong></span> <span class='ocrx_word' id='word_1_91' title='bbox 1786 1175 2082 1244; x_wconf 89' lang='lat' dir='ltr'><strong>hominem,</strong></span> 
     </span>
    </p>
   </div>
   <div class='ocr_carea' id='block_1_15' title="bbox 482 1268 2085 1342">
    <p class='ocr_par' dir='ltr' id='par_1_15' title="bbox 482 1268 2085 1342">
     <span class='ocr_line' id='line_1_15' title="bbox 482 1268 2085 1342; baseline 0.005 -24"><span class='ocrx_word' id='word_1_92' title='bbox 482 1280 644 1336; x_wconf 77' lang='lat' dir='ltr'><strong>quem</strong></span> <span class='ocrx_word' id='word_1_93' title='bbox 672 1268 1084 1337; x_wconf 86' lang='lat' dir='ltr'><strong>semperDeum</strong></span> <span class='ocrx_word' id='word_1_94' title='bbox 1121 1287 1135 1323; x_wconf 90' lang='lat'>:</span> <span class='ocrx_word' id='word_1_95' title='bbox 1166 1285 1229 1324; x_wconf 89' lang='lat' dir='ltr'><strong>ac</strong></span> <span class='ocrx_word' id='word_1_96' title='bbox 1256 1286 1356 1342; x_wconf 91' lang='lat' dir='ltr'><strong>per</strong></span> <span class='ocrx_word' id='word_1_97' title='bbox 1383 1269 1484 1325; x_wconf 87' lang='lat' dir='ltr'><strong>hoc</strong></span> <span class='ocrx_word' id='word_1_98' title='bbox 1507 1270 1782 1326; x_wconf 82' lang='lat' dir='ltr'><strong>hominem</strong></span> <span class='ocrx_word' id='word_1_99' title='bbox 1813 1271 1962 1326; x_wconf 92' lang='lat' dir='ltr'><strong>illum</strong></span> <span class='ocrx_word' id='word_1_100' title='bbox 1992 1271 2085 1341; x_wconf 91' lang='lat' dir='ltr'><strong>qui</strong></span> 
     </span>
    </p>
   </div>
   <div class='ocr_carea' id='block_1_16' title="bbox 481 1359 2086 1435">
    <p class='ocr_par' dir='ltr' id='par_1_16' title="bbox 481 1359 2086 1435">
     <span class='ocr_line' id='line_1_16' title="bbox 481 1359 2086 1435; baseline 0.007 -26"><span class='ocrx_word' id='word_1_101' title='bbox 481 1368 642 1413; x_wconf 87' lang='lat' dir='ltr'><strong>natus</strong></span> <span class='ocrx_word' id='word_1_102' title='bbox 672 1359 770 1423; x_wconf 91' lang='lat' dir='ltr'><strong>sit,</strong></span> <span class='ocrx_word' id='word_1_103' title='bbox 821 1373 1009 1430; x_wconf 81' lang='lat' dir='ltr'><strong>pOSIea</strong></span> <span class='ocrx_word' id='word_1_104' title='bbox 1054 1375 1269 1432; x_wconf 86' lang='lat' dir='ltr'><strong>semper</strong></span> <span class='ocrx_word' id='word_1_105' title='bbox 1296 1361 1482 1418; x_wconf 78' lang='lat' dir='ltr'><strong>fuisse.</strong></span> <span class='ocrx_word' id='word_1_106' title='bbox 1534 1363 1669 1419; x_wconf 83' lang='lat' dir='ltr'><strong>Nolo</strong></span> <span class='ocrx_word' id='word_1_107' title='bbox 1701 1371 1753 1419; x_wconf 91' lang='lat' dir='ltr'><strong>te</strong></span> <span class='ocrx_word' id='word_1_108' title='bbox 1786 1364 1886 1420; x_wconf 90' lang='lat' dir='ltr'><strong>hac</strong></span> <span class='ocrx_word' id='word_1_109' title='bbox 1931 1364 2086 1435; x_wconf 85' lang='lat' dir='ltr'><strong>igno-</strong></span> 
     </span>
    </p>
   </div>
   <div class='ocr_carea' id='block_1_17' title="bbox 478 1450 2081 1525">
    <p class='ocr_par' dir='ltr' id='par_1_17' title="bbox 478 1450 2081 1525">
     <span class='ocr_line' id='line_1_17' title="bbox 478 1450 2081 1525; baseline 0.004 -21"><span class='ocrx_word' id='word_1_110' title='bbox 478 1450 675 1504; x_wconf 62' lang='lat' dir='ltr'><strong>rantis:</strong></span> <span class='ocrx_word' id='word_1_111' title='bbox 707 1452 952 1508; x_wconf 58' lang='lat' dir='ltr'><strong>excitate</strong></span> <span class='ocrx_word' id='word_1_112' title='bbox 998 1461 1163 1522; x_wconf 90' lang='lat' dir='ltr'><strong>atque</strong></span> <span class='ocrx_word' id='word_1_113' title='bbox 1196 1455 1295 1510; x_wconf 89' lang='lat' dir='ltr'><strong>hac</strong></span> <span class='ocrx_word' id='word_1_114' title='bbox 1320 1470 1565 1509; x_wconf 82' lang='lat' dir='ltr'><strong>errorum</strong></span> <span class='ocrx_word' id='word_1_115' title='bbox 1599 1463 1758 1511; x_wconf 90' lang='lat' dir='ltr'><strong>nocte</strong></span> <span class='ocrx_word' id='word_1_116' title='bbox 1795 1454 2081 1525; x_wconf 91' lang='lat' dir='ltr'><strong>confundi,</strong></span> 
     </span>
    </p>
   </div>
   <div class='ocr_carea' id='block_1_18' title="bbox 475 1544 2084 1616">
    <p class='ocr_par' dir='ltr' id='par_1_18' title="bbox 475 1544 2084 1616">
     <span class='ocr_line' id='line_1_18' title="bbox 475 1544 2084 1616; baseline 0.006 -20"><span class='ocrx_word' id='word_1_117' title='bbox 475 1551 541 1598; x_wconf 82' lang='lat' dir='ltr'><strong>ut</strong></span> <span class='ocrx_word' id='word_1_118' title='bbox 577 1554 732 1613; x_wconf 90' lang='lat' dir='ltr'><strong>putes</strong></span> <span class='ocrx_word' id='word_1_119' title='bbox 754 1560 841 1599; x_wconf 90' lang='lat' dir='ltr'><strong>me</strong></span> <span class='ocrx_word' id='word_1_120' title='bbox 869 1544 897 1582; x_wconf 66' lang='grc' dir='ltr'><strong>ὶι</strong></span> <span class='ocrx_word' id='word_1_121' title='bbox 931 1545 1204 1601; x_wconf 76' lang='lat' dir='ltr'><strong>hominem</strong></span> <span class='ocrx_word' id='word_1_122' title='bbox 1236 1548 1324 1616; x_wconf 91' lang='lat' dir='ltr'><strong>qui</strong></span> <span class='ocrx_word' id='word_1_123' title='bbox 1349 1563 1415 1603; x_wconf 83' lang='lat' dir='ltr'><strong>ex</strong></span> <span class='ocrx_word' id='word_1_124' title='bbox 1441 1547 1607 1604; x_wconf 82' lang='lat' dir='ltr'><strong>Maria</strong></span> <span class='ocrx_word' id='word_1_125' title='bbox 1639 1557 1796 1603; x_wconf 86' lang='lat' dir='ltr'><strong>natus</strong></span> <span class='ocrx_word' id='word_1_126' title='bbox 1827 1558 1930 1614; x_wconf 88' lang='lat' dir='ltr'><strong>est,</strong></span> <span class='ocrx_word' id='word_1_127' title='bbox 1955 1557 2084 1606; x_wconf 85' lang='lat' dir='ltr'><strong>ante</strong></span> 
     </span>
    </p>
   </div>
   <div class='ocr_carea' id='block_1_19' title="bbox 479 1635 2084 1714">
    <p class='ocr_par' dir='ltr' id='par_1_19' title="bbox 479 1635 2084 1714">
     <span class='ocr_line' id='line_1_19' title="bbox 479 1635 2084 1714; baseline 0.004 -23"><span class='ocrx_word' id='word_1_128' title='bbox 479 1635 706 1691; x_wconf 87' lang='lat' dir='ltr'><strong>exordia</strong></span> <span class='ocrx_word' id='word_1_129' title='bbox 728 1652 910 1693; x_wconf 89' lang='lat' dir='ltr'><strong>rerum</strong></span> <span class='ocrx_word' id='word_1_130' title='bbox 943 1653 1208 1703; x_wconf 86' lang='lat' dir='ltr'><strong>asserere.</strong></span> <span class='ocrx_word' id='word_1_131' title='bbox 1238 1650 1292 1696; x_wconf 94' lang='lat' dir='ltr'><strong>et</strong></span> <span class='ocrx_word' id='word_1_132' title='bbox 1319 1641 1489 1697; x_wconf 90' lang='lat' dir='ltr'><strong>Deum</strong></span> <span class='ocrx_word' id='word_1_133' title='bbox 1518 1640 1680 1697; x_wconf 89' lang='lat' dir='ltr'><strong>etiam</strong></span> <span class='ocrx_word' id='word_1_134' title='bbox 1720 1652 1846 1698; x_wconf 91' lang='lat' dir='ltr'><strong>ante</strong></span> <span class='ocrx_word' id='word_1_135' title='bbox 1876 1642 2084 1714; x_wconf 87' lang='lat' dir='ltr'><strong>princi-</strong></span> 
     </span>
    </p>
   </div>
   <div class='ocr_carea' id='block_1_20' title="bbox 475 1731 2158 1807">
    <p class='ocr_par' dir='ltr' id='par_1_20' title="bbox 475 1731 2158 1807">
     <span class='ocr_line' id='line_1_20' title="bbox 475 1731 2158 1807; baseline 0.007 -22"><span class='ocrx_word' id='word_1_136' title='bbox 475 1731 569 1801; x_wconf 86' lang='lat' dir='ltr'><strong>pia</strong></span> <span class='ocrx_word' id='word_1_137' title='bbox 613 1733 800 1786; x_wconf 92' lang='lat' dir='ltr'><strong>mundi</strong></span> <span class='ocrx_word' id='word_1_138' title='bbox 851 1746 1066 1804; x_wconf 82' lang='lat' dir='ltr'><strong>semper</strong></span> <span class='ocrx_word' id='word_1_139' title='bbox 1095 1749 1415 1805; x_wconf 90' lang='lat' dir='ltr'><strong>corporeum</strong></span> <span class='ocrx_word' id='word_1_140' title='bbox 1462 1735 1783 1807; x_wconf 60' lang='lat' dir='ltr'><strong>praedicare.</strong></span> <span class='ocrx_word' id='word_1_141' title='bbox 1825 1735 1942 1792; x_wconf 86' lang='lat' dir='ltr'><strong>Non</strong></span> <span class='ocrx_word' id='word_1_142' title='bbox 1978 1737 2075 1805; x_wconf 90' lang='lat' dir='ltr'><strong>ita,</strong></span> <span class='ocrx_word' id='word_1_143' title='bbox 2108 1735 2158 1797; x_wconf 88' lang='grc' dir='ltr'><strong>Β</strong></span> 
     </span>
    </p>
   </div>
   <div class='ocr_carea' id='block_1_21' title="bbox 474 1821 2079 1900">
    <p class='ocr_par' dir='ltr' id='par_1_21' title="bbox 474 1821 2079 1900">
     <span class='ocr_line' id='line_1_21' title="bbox 474 1821 2079 1900; baseline 0.007 -23"><span class='ocrx_word' id='word_1_144' title='bbox 474 1821 720 1894; x_wconf 84' lang='lat' dir='ltr'><strong>inquam,</strong></span> <span class='ocrx_word' id='word_1_145' title='bbox 751 1841 857 1880; x_wconf 92' lang='lat' dir='ltr'><strong>non</strong></span> <span class='ocrx_word' id='word_1_146' title='bbox 906 1825 980 1880; x_wconf 85' lang='lat' dir='ltr'><strong>ita</strong></span> <span class='ocrx_word' id='word_1_147' title='bbox 1027 1825 1176 1897; x_wconf 90' lang='lat' dir='ltr'><strong>dico,</strong></span> <span class='ocrx_word' id='word_1_148' title='bbox 1221 1828 1363 1899; x_wconf 90' lang='lat' dir='ltr'><strong>quod</strong></span> <span class='ocrx_word' id='word_1_149' title='bbox 1410 1828 1723 1900; x_wconf 87' lang='lat' dir='ltr'><strong>priusquam</strong></span> <span class='ocrx_word' id='word_1_150' title='bbox 1763 1841 2079 1888; x_wconf 87' lang='lat' dir='ltr'><strong>nasceretur</strong></span> 
     </span>
    </p>
   </div>
   <div class='ocr_carea' id='block_1_22' title="bbox 474 1911 2079 1992">
    <p class='ocr_par' dir='ltr' id='par_1_22' title="bbox 474 1911 2079 1992">
     <span class='ocr_line' id='line_1_22' title="bbox 474 1911 2079 1992; baseline 0.009 -25"><span class='ocrx_word' id='word_1_151' title='bbox 474 1911 666 1982; x_wconf 87' lang='lat' dir='ltr'><strong>homo,</strong></span> <span class='ocrx_word' id='word_1_152' title='bbox 689 1916 744 1972; x_wconf 93' lang='lat' dir='ltr'><strong>in</strong></span> <span class='ocrx_word' id='word_1_153' title='bbox 767 1917 877 1973; x_wconf 91' lang='lat' dir='ltr'><strong>Deo</strong></span> <span class='ocrx_word' id='word_1_154' title='bbox 904 1916 1086 1989; x_wconf 89' lang='lat' dir='ltr'><strong>fuerit,</strong></span> <span class='ocrx_word' id='word_1_155' title='bbox 1112 1920 1205 1976; x_wconf 89' lang='lat' dir='ltr'><strong>sed</strong></span> <span class='ocrx_word' id='word_1_156' title='bbox 1225 1921 1366 1992; x_wconf 88' lang='lat' dir='ltr'><strong>quod</strong></span> <span class='ocrx_word' id='word_1_157' title='bbox 1389 1929 1574 1992; x_wconf 90' lang='lat' dir='ltr'><strong>postea</strong></span> <span class='ocrx_word' id='word_1_158' title='bbox 1599 1923 1652 1978; x_wconf 93' lang='lat' dir='ltr'><strong>in</strong></span> <span class='ocrx_word' id='word_1_159' title='bbox 1677 1923 1897 1981; x_wconf 91' lang='lat' dir='ltr'><strong>homine</strong></span> <span class='ocrx_word' id='word_1_160' title='bbox 1917 1933 2079 1982; x_wconf 88' lang='lat' dir='ltr'><strong>natus</strong></span> 
     </span>
    </p>
   </div>
   <div class='ocr_carea' id='block_1_23' title="bbox 471 2004 2078 2088">
    <p class='ocr_par' dir='ltr' id='par_1_23' title="bbox 471 2004 2078 2088">
     <span class='ocr_line' id='line_1_23' title="bbox 471 2004 2078 2088; baseline 0.004 -24"><span class='ocrx_word' id='word_1_161' title='bbox 471 2004 622 2064; x_wconf 85' lang='lat' dir='ltr'><strong>Deus</strong></span> <span class='ocrx_word' id='word_1_162' title='bbox 651 2009 741 2063; x_wconf 88' lang='lat' dir='ltr'><strong>sit.</strong></span> <span class='ocrx_word' id='word_1_163' title='bbox 780 2009 898 2064; x_wconf 84' lang='lat' dir='ltr'><strong>Non</strong></span> <span class='ocrx_word' id='word_1_164' title='bbox 927 2012 1069 2066; x_wconf 86' lang='lat' dir='ltr'><strong>enim</strong></span> <span class='ocrx_word' id='word_1_165' title='bbox 1099 2026 1227 2067; x_wconf 87' lang='lat' dir='ltr'><strong>caro</strong></span> <span class='ocrx_word' id='word_1_166' title='bbox 1258 2013 1349 2068; x_wconf 92' lang='lat' dir='ltr'><strong>illa</strong></span> <span class='ocrx_word' id='word_1_167' title='bbox 1379 2029 1499 2084; x_wconf 76' lang='lat' dir='ltr'><strong>qua:</strong></span> <span class='ocrx_word' id='word_1_168' title='bbox 1539 2028 1608 2069; x_wconf 81' lang='lat' dir='ltr'><strong>ex</strong></span> <span class='ocrx_word' id='word_1_169' title='bbox 1646 2030 1811 2071; x_wconf 89' lang='lat' dir='ltr'><strong>carne</strong></span> <span class='ocrx_word' id='word_1_170' title='bbox 1843 2015 2078 2088; x_wconf 78' lang='lat' dir='ltr'><strong>Virginis</strong></span> 
     </span>
    </p>
   </div>
   <div class='ocr_carea' id='block_1_24' title="bbox 472 2101 2077 2178">
    <p class='ocr_par' dir='ltr' id='par_1_24' title="bbox 472 2101 2077 2178">
     <span class='ocr_line' id='line_1_24' title="bbox 472 2101 2077 2178; baseline 0.006 -24"><span class='ocrx_word' id='word_1_171' title='bbox 472 2110 601 2155; x_wconf 87' lang='lat' dir='ltr'><strong>nata</strong></span> <span class='ocrx_word' id='word_1_172' title='bbox 629 2110 732 2167; x_wconf 89' lang='lat' dir='ltr'><strong>est,</strong></span> <span class='ocrx_word' id='word_1_173' title='bbox 765 2115 980 2172; x_wconf 90' lang='lat' dir='ltr'><strong>semper</strong></span> <span class='ocrx_word' id='word_1_174' title='bbox 1003 2101 1124 2168; x_wconf 91' lang='lat' dir='ltr'><strong>fuit,</strong></span> <span class='ocrx_word' id='word_1_175' title='bbox 1156 2104 1249 2159; x_wconf 89' lang='lat' dir='ltr'><strong>sed</strong></span> <span class='ocrx_word' id='word_1_176' title='bbox 1283 2105 1446 2172; x_wconf 90' lang='lat' dir='ltr'><strong>Deus,</strong></span> <span class='ocrx_word' id='word_1_177' title='bbox 1479 2105 1570 2176; x_wconf 88' lang='lat' dir='ltr'><strong>qui</strong></span> <span class='ocrx_word' id='word_1_178' title='bbox 1611 2120 1827 2178; x_wconf 87' lang='lat' dir='ltr'><strong>semper</strong></span> <span class='ocrx_word' id='word_1_179' title='bbox 1857 2107 1976 2173; x_wconf 89' lang='lat' dir='ltr'><strong>fuit,</strong></span> <span class='ocrx_word' id='word_1_180' title='bbox 2009 2123 2077 2164; x_wconf 80' lang='lat' dir='ltr'><strong>ex</strong></span> 
     </span>
    </p>
   </div>
   <div class='ocr_carea' id='block_1_25' title="bbox 472 2193 2073 2265">
    <p class='ocr_par' dir='ltr' id='par_1_25' title="bbox 472 2193 2073 2265">
     <span class='ocr_line' id='line_1_25' title="bbox 472 2193 2073 2265; baseline 0.006 -18"><span class='ocrx_word' id='word_1_181' title='bbox 472 2205 638 2248; x_wconf 89' lang='lat' dir='ltr'><strong>carne</strong></span> <span class='ocrx_word' id='word_1_182' title='bbox 671 2193 902 2265; x_wconf 83' lang='lat' dir='ltr'><strong>Virginis</strong></span> <span class='ocrx_word' id='word_1_183' title='bbox 951 2195 1006 2250; x_wconf 93' lang='lat' dir='ltr'><strong>in</strong></span> <span class='ocrx_word' id='word_1_184' title='bbox 1049 2211 1217 2252; x_wconf 88' lang='lat' dir='ltr'><strong>carne</strong></span> <span class='ocrx_word' id='word_1_185' title='bbox 1265 2197 1499 2255; x_wconf 90' lang='lat' dir='ltr'><strong>hominis</strong></span> <span class='ocrx_word' id='word_1_186' title='bbox 1546 2198 1788 2255; x_wconf 82' lang='lat' dir='ltr'><strong>advenit.</strong></span> <span class='ocrx_word' id='word_1_187' title='bbox 1839 2200 2073 2257; x_wconf 84' lang='lat' dir='ltr'><strong>Verbum</strong></span> 
     </span>
    </p>
   </div>
   <div class='ocr_carea' id='block_1_26' title="bbox 471 2288 2076 2361">
    <p class='ocr_par' dir='ltr' id='par_1_26' title="bbox 471 2288 2076 2361">
     <span class='ocr_line' id='line_1_26' title="bbox 471 2288 2076 2361; baseline 0.003 -15"><span class='ocrx_word' id='word_1_188' title='bbox 471 2289 619 2346; x_wconf 85' lang='lat' dir='ltr'><strong>enim</strong></span> <span class='ocrx_word' id='word_1_189' title='bbox 649 2303 774 2344; x_wconf 88' lang='lat' dir='ltr'><strong>caro</strong></span> <span class='ocrx_word' id='word_1_190' title='bbox 797 2288 1020 2356; x_wconf 65' lang='lat' dir='ltr'><strong>factum,</strong></span> <span class='ocrx_word' id='word_1_191' title='bbox 1048 2301 1070 2329; x_wconf 79' lang='grc' dir='ltr'><strong>ο</strong></span> <span class='ocrx_word' id='word_1_192' title='bbox 1093 2306 1199 2346; x_wconf 93' lang='lat' dir='ltr'><strong>non</strong></span> <span class='ocrx_word' id='word_1_193' title='bbox 1229 2306 1450 2348; x_wconf 85' lang='lat' dir='ltr'><strong>carnem</strong></span> <span class='ocrx_word' id='word_1_194' title='bbox 1479 2307 1667 2349; x_wconf 88' lang='lat' dir='ltr'><strong>secum</strong></span> <span class='ocrx_word' id='word_1_195' title='bbox 1692 2293 1954 2361; x_wconf 81' lang='lat' dir='ltr'><strong>exhibuit,</strong></span> <span class='ocrx_word' id='word_1_196' title='bbox 1980 2295 2076 2351; x_wconf 89' lang='lat' dir='ltr'><strong>sed</strong></span> 
     </span>
    </p>
   </div>
   <div class='ocr_carea' id='block_1_27' title="bbox 470 2380 2075 2454">
    <p class='ocr_par' dir='ltr' id='par_1_27' title="bbox 470 2380 2075 2454">
     <span class='ocr_line' id='line_1_27' title="bbox 470 2380 2075 2454; baseline 0.006 -19"><span class='ocrx_word' id='word_1_197' title='bbox 470 2382 624 2436; x_wconf 85' lang='lat' dir='ltr'><strong>carni</strong></span> <span class='ocrx_word' id='word_1_198' title='bbox 669 2396 728 2436; x_wconf 90' lang='lat' dir='ltr'><strong>se</strong></span> <span class='ocrx_word' id='word_1_199' title='bbox 767 2380 1002 2438; x_wconf 88' lang='lat' dir='ltr'><strong>hominis</strong></span> <span class='ocrx_word' id='word_1_200' title='bbox 1053 2383 1370 2454; x_wconf 81' lang='lat' dir='ltr'><strong>dignatione</strong></span> <span class='ocrx_word' id='word_1_201' title='bbox 1414 2385 1714 2441; x_wconf 85' lang='lat' dir='ltr'><strong>divinitatis</strong></span> <span class='ocrx_word' id='word_1_202' title='bbox 1744 2386 1934 2442; x_wconf 87' lang='lat' dir='ltr'><strong>univit.</strong></span> <span class='ocrx_word' id='word_1_203' title='bbox 1983 2387 2075 2444; x_wconf 89' lang='lat' dir='ltr'><strong>Dic</strong></span> 
     </span>
    </p>
   </div>
   <div class='ocr_carea' id='block_1_28' title="bbox 473 2473 2073 2546">
    <p class='ocr_par' dir='ltr' id='par_1_28' title="bbox 473 2473 2073 2546">
     <span class='ocr_line' id='line_1_28' title="bbox 473 2473 2073 2546; baseline 0.004 -18"><span class='ocrx_word' id='word_1_204' title='bbox 473 2473 620 2528; x_wconf 87' lang='lat' dir='ltr'><strong>enim</strong></span> <span class='ocrx_word' id='word_1_205' title='bbox 652 2474 786 2529; x_wconf 91' lang='lat' dir='ltr'><strong>mihi</strong></span> <span class='ocrx_word' id='word_1_206' title='bbox 813 2475 1032 2546; x_wconf 88' lang='lat' dir='ltr'><strong>quando</strong></span> <span class='ocrx_word' id='word_1_207' title='bbox 1059 2476 1144 2531; x_wconf 85' lang='lat' dir='ltr'><strong>vel</strong></span> <span class='ocrx_word' id='word_1_208' title='bbox 1183 2476 1274 2532; x_wconf 92' lang='lat' dir='ltr'><strong>ubi</strong></span> <span class='ocrx_word' id='word_1_209' title='bbox 1312 2476 1546 2532; x_wconf 88' lang='lat' dir='ltr'><strong>Verbum</strong></span> <span class='ocrx_word' id='word_1_210' title='bbox 1583 2492 1711 2534; x_wconf 86' lang='lat' dir='ltr'><strong>caro</strong></span> <span class='ocrx_word' id='word_1_211' title='bbox 1741 2478 1940 2534; x_wconf 73' lang='lat' dir='ltr'><strong>factm</strong></span> <span class='ocrx_word' id='word_1_212' title='bbox 1969 2490 2073 2546; x_wconf 91' lang='lat' dir='ltr'><strong>est,</strong></span> 
     </span>
    </p>
   </div>
   <div class='ocr_carea' id='block_1_29' title="bbox 469 2568 2070 2644">
    <p class='ocr_par' dir='ltr' id='par_1_29' title="bbox 469 2568 2070 2644">
     <span class='ocr_line' id='line_1_29' title="bbox 469 2568 2070 2644; baseline 0.004 -22"><span class='ocrx_word' id='word_1_213' title='bbox 469 2577 566 2622; x_wconf 85' lang='lat' dir='ltr'><strong>aut</strong></span> <span class='ocrx_word' id='word_1_214' title='bbox 580 2568 670 2622; x_wconf 92' lang='lat' dir='ltr'><strong>ubi</strong></span> <span class='ocrx_word' id='word_1_215' title='bbox 687 2568 983 2624; x_wconf 83' lang='lat' dir='ltr'><strong>exinanivit</strong></span> <span class='ocrx_word' id='word_1_216' title='bbox 1001 2571 1353 2640; x_wconf 90' lang='lat' dir='ltr'><strong>semetipsum</strong></span> <span class='ocrx_word' id='word_1_217' title='bbox 1379 2569 1605 2626; x_wconf 87' lang='lat' dir='ltr'><strong>formam</strong></span> <span class='ocrx_word' id='word_1_218' title='bbox 1622 2573 1765 2627; x_wconf 89' lang='lat' dir='ltr'><strong>servi</strong></span> <span class='ocrx_word' id='word_1_219' title='bbox 1779 2573 2070 2644; x_wconf 88' lang='lat' dir='ltr'><strong>accipiens,</strong></span> 
     </span>
    </p>
   </div>
   <div class='ocr_carea' id='block_1_30' title="bbox 471 2660 2070 2732">
    <p class='ocr_par' dir='ltr' id='par_1_30' title="bbox 471 2660 2070 2732">
     <span class='ocr_line' id='line_1_30' title="bbox 471 2660 2070 2732; baseline 0.004 -17"><span class='ocrx_word' id='word_1_220' title='bbox 471 2669 570 2716; x_wconf 90' lang='lat' dir='ltr'><strong>aut</strong></span> <span class='ocrx_word' id='word_1_221' title='bbox 595 2660 685 2716; x_wconf 92' lang='lat' dir='ltr'><strong>ubi</strong></span> <span class='ocrx_word' id='word_1_222' title='bbox 733 2677 940 2732; x_wconf 86' lang='lat' dir='ltr'><strong>egenus</strong></span> <span class='ocrx_word' id='word_1_223' title='bbox 966 2661 1140 2719; x_wconf 88' lang='lat' dir='ltr'><strong>factus</strong></span> <span class='ocrx_word' id='word_1_224' title='bbox 1172 2673 1276 2729; x_wconf 88' lang='lat' dir='ltr'><strong>est,</strong></span> <span class='ocrx_word' id='word_1_225' title='bbox 1307 2679 1429 2718; x_wconf 90' lang='lat' dir='ltr'><strong>cum</strong></span> <span class='ocrx_word' id='word_1_226' title='bbox 1458 2673 1604 2720; x_wconf 92' lang='lat' dir='ltr'><strong>esset</strong></span> <span class='ocrx_word' id='word_1_227' title='bbox 1631 2665 1823 2721; x_wconf 83' lang='lat' dir='ltr'><strong>dives?</strong></span> <span class='ocrx_word' id='word_1_228' title='bbox 1868 2665 1970 2722; x_wconf 90' lang='lat' dir='ltr'><strong>nisi</strong></span> <span class='ocrx_word' id='word_1_229' title='bbox 2017 2666 2070 2721; x_wconf 90' lang='lat' dir='ltr'><strong>in</strong></span> 
     </span>
    </p>
   </div>
   <div class='ocr_carea' id='block_1_31' title="bbox 470 2753 2076 2828">
    <p class='ocr_par' dir='ltr' id='par_1_31' title="bbox 470 2753 2076 2828">
     <span class='ocr_line' id='line_1_31' title="bbox 470 2753 2076 2828; baseline 0.006 -19"><span class='ocrx_word' id='word_1_230' title='bbox 470 2753 572 2810; x_wconf 87' lang='lat' dir='ltr'><strong>illo</strong></span> <span class='ocrx_word' id='word_1_231' title='bbox 612 2769 768 2811; x_wconf 89' lang='lat' dir='ltr'><strong>sacro</strong></span> <span class='ocrx_word' id='word_1_232' title='bbox 798 2756 1038 2828; x_wconf 83' lang='lat' dir='ltr'><strong>Virginis</strong></span> <span class='ocrx_word' id='word_1_233' title='bbox 1065 2765 1244 2825; x_wconf 90' lang='lat' dir='ltr'><strong>utero,</strong></span> <span class='ocrx_word' id='word_1_234' title='bbox 1278 2758 1391 2825; x_wconf 92' lang='lat' dir='ltr'><strong>ubi,</strong></span> <span class='ocrx_word' id='word_1_235' title='bbox 1421 2759 1551 2814; x_wconf 90' lang='lat' dir='ltr'><strong>dum</strong></span> <span class='ocrx_word' id='word_1_236' title='bbox 1573 2760 1904 2826; x_wconf 89' lang='lat' dir='ltr'><strong>incarnatur,</strong></span> <span class='ocrx_word' id='word_1_237' title='bbox 1938 2761 2076 2818; x_wconf 87' lang='lat' dir='ltr'><strong>Ver-</strong></span> 
     </span>
    </p>
   </div>
   <div class='ocr_carea' id='block_1_32' title="bbox 469 2848 2072 2922">
    <p class='ocr_par' dir='ltr' id='par_1_32' title="bbox 469 2848 2072 2922">
     <span class='ocr_line' id='line_1_32' title="bbox 469 2848 2072 2922; baseline 0.004 -19"><span class='ocrx_word' id='word_1_238' title='bbox 469 2848 602 2904; x_wconf 88' lang='lat' dir='ltr'><strong>bum</strong></span> <span class='ocrx_word' id='word_1_239' title='bbox 632 2851 727 2904; x_wconf 90' lang='lat' dir='ltr'><strong>Dei</strong></span> <span class='ocrx_word' id='word_1_240' title='bbox 771 2864 904 2906; x_wconf 85' lang='lat' dir='ltr'><strong>caro</strong></span> <span class='ocrx_word' id='word_1_241' title='bbox 943 2850 1142 2906; x_wconf 88' lang='lat' dir='ltr'><strong>dicitur</strong></span> <span class='ocrx_word' id='word_1_242' title='bbox 1175 2849 1413 2917; x_wconf 90' lang='lat' dir='ltr'><strong>factum;</strong></span> <span class='ocrx_word' id='word_1_243' title='bbox 1442 2851 1573 2906; x_wconf 91' lang='lat' dir='ltr'><strong>dum</strong></span> <span class='ocrx_word' id='word_1_244' title='bbox 1611 2852 1814 2922; x_wconf 88' lang='lat' dir='ltr'><strong>editur,</strong></span> <span class='ocrx_word' id='word_1_245' title='bbox 1843 2853 2072 2910; x_wconf 89' lang='lat' dir='ltr'><strong>formam</strong></span> 
     </span>
    </p>
   </div>
   <div class='ocr_carea' id='block_1_33' title="bbox 470 2943 2073 3016">
    <p class='ocr_par' dir='ltr' id='par_1_33' title="bbox 470 2943 2073 3016">
     <span class='ocr_line' id='line_1_33' title="bbox 470 2943 2073 3016; baseline 0.003 -20"><span class='ocrx_word' id='word_1_246' title='bbox 470 2943 613 2996; x_wconf 84' lang='lat' dir='ltr'><strong>servi</strong></span> <span class='ocrx_word' id='word_1_247' title='bbox 646 2943 699 2997; x_wconf 91' lang='lat' dir='ltr'><strong>in</strong></span> <span class='ocrx_word' id='word_1_248' title='bbox 743 2943 974 2999; x_wconf 83' lang='lat' dir='ltr'><strong>veritate</strong></span> <span class='ocrx_word' id='word_1_249' title='bbox 1003 2944 1280 3016; x_wconf 89' lang='lat' dir='ltr'><strong>suscepit;</strong></span> <span class='ocrx_word' id='word_1_250' title='bbox 1312 2943 1441 2998; x_wconf 88' lang='lat' dir='ltr'><strong>dum</strong></span> <span class='ocrx_word' id='word_1_251' title='bbox 1479 2944 1721 3000; x_wconf 89' lang='lat' dir='ltr'><strong>humana</strong></span> <span class='ocrx_word' id='word_1_252' title='bbox 1759 2946 2073 3002; x_wconf 89' lang='lat' dir='ltr'><strong>conditione</strong></span> 
     </span>
    </p>
   </div>
   <div class='ocr_carea' id='block_1_34' title="bbox 467 3035 2072 3108">
    <p class='ocr_par' dir='ltr' id='par_1_34' title="bbox 467 3035 2072 3108">
     <span class='ocr_line' id='line_1_34' title="bbox 467 3035 2072 3108; baseline 0.004 -21"><span class='ocrx_word' id='word_1_253' title='bbox 467 3035 712 3106; x_wconf 87' lang='lat' dir='ltr'><strong>patibulo</strong></span> <span class='ocrx_word' id='word_1_254' title='bbox 759 3035 1016 3107; x_wconf 83' lang='lat' dir='ltr'><strong>afligitur,</strong></span> <span class='ocrx_word' id='word_1_255' title='bbox 1069 3035 1129 3091; x_wconf 81' lang='lat' dir='ltr'><strong>fit</strong></span> <span class='ocrx_word' id='word_1_256' title='bbox 1178 3052 1413 3106; x_wconf 90' lang='lat' dir='ltr'><strong>egenus,</strong></span> <span class='ocrx_word' id='word_1_257' title='bbox 1456 3046 1510 3090; x_wconf 89' lang='lat' dir='ltr'><strong>et</strong></span> <span class='ocrx_word' id='word_1_258' title='bbox 1564 3052 1772 3108; x_wconf 90' lang='lat' dir='ltr'><strong>pauper</strong></span> <span class='ocrx_word' id='word_1_259' title='bbox 1827 3038 2072 3094; x_wconf 90' lang='lat' dir='ltr'><strong>redditur</strong></span> 
     </span>
    </p>
   </div>
   <div class='ocr_carea' id='block_1_35' title="bbox 469 3120 2146 3200">
    <p class='ocr_par' dir='ltr' id='par_1_35' title="bbox 469 3120 2146 3200">
     <span class='ocr_line' id='line_1_35' title="bbox 469 3120 2146 3200; baseline 0.003 -19"><span class='ocrx_word' id='word_1_260' title='bbox 469 3127 726 3196; x_wconf 86' lang='lat' dir='ltr'><strong>passione</strong></span> <span class='ocrx_word' id='word_1_261' title='bbox 753 3129 958 3184; x_wconf 88' lang='lat' dir='ltr'><strong>carnali</strong></span> <span class='ocrx_word' id='word_1_262' title='bbox 979 3171 995 3195; x_wconf 94' lang='lat'><strong>,</strong></span> <span class='ocrx_word' id='word_1_263' title='bbox 1023 3144 1144 3184; x_wconf 89' lang='lat' dir='ltr'><strong>cum</strong></span> <span class='ocrx_word' id='word_1_264' title='bbox 1175 3138 1322 3185; x_wconf 87' lang='lat' dir='ltr'><strong>esset</strong></span> <span class='ocrx_word' id='word_1_265' title='bbox 1363 3128 1648 3200; x_wconf 84' lang='lat' dir='ltr'><strong>majestate</strong></span> <span class='ocrx_word' id='word_1_266' title='bbox 1676 3131 1855 3187; x_wconf 83' lang='lat' dir='ltr'><strong>divina</strong></span> <span class='ocrx_word' id='word_1_267' title='bbox 1884 3132 2070 3188; x_wconf 87' lang='lat' dir='ltr'><strong>dives?</strong></span> <span class='ocrx_word' id='word_1_268' title='bbox 2098 3120 2146 3186; x_wconf 90' lang='lat' dir='ltr'><strong>C</strong></span> 
     </span>
    </p>
   </div>
   <div class='ocr_carea' id='block_1_36' title="bbox 466 3219 2078 3302">
    <p class='ocr_par' dir='ltr' id='par_1_36' title="bbox 466 3219 2078 3302">
     <span class='ocr_line' id='line_1_36' title="bbox 466 3219 2078 3302; baseline 0.004 -25"><span class='ocrx_word' id='word_1_269' title='bbox 466 3219 749 3302; x_wconf 74' lang='lat' dir='ltr'><strong>Alioquin,</strong></span> <span class='ocrx_word' id='word_1_270' title='bbox 776 3223 845 3292; x_wconf 87' lang='lat' dir='ltr'><strong>si,</strong></span> <span class='ocrx_word' id='word_1_271' title='bbox 863 3233 924 3279; x_wconf 90' lang='lat' dir='ltr'><strong>ut</strong></span> <span class='ocrx_word' id='word_1_272' title='bbox 947 3224 1066 3295; x_wconf 89' lang='lat' dir='ltr'><strong>ipse</strong></span> <span class='ocrx_word' id='word_1_273' title='bbox 1089 3227 1190 3293; x_wconf 92' lang='lat' dir='ltr'><strong>ais,</strong></span> <span class='ocrx_word' id='word_1_274' title='bbox 1213 3225 1475 3296; x_wconf 76' lang='lat' dir='ltr'><strong>posthaec</strong></span> <span class='ocrx_word' id='word_1_275' title='bbox 1499 3227 1554 3281; x_wconf 94' lang='lat' dir='ltr'><strong>in</strong></span> <span class='ocrx_word' id='word_1_276' title='bbox 1580 3240 1727 3296; x_wconf 90' lang='lat' dir='ltr'><strong>eum,</strong></span> <span class='ocrx_word' id='word_1_277' title='bbox 1755 3237 1812 3281; x_wconf 90' lang='lat' dir='ltr'><strong>nt</strong></span> <span class='ocrx_word' id='word_1_278' title='bbox 1834 3228 1888 3282; x_wconf 92' lang='lat' dir='ltr'><strong>in</strong></span> <span class='ocrx_word' id='word_1_279' title='bbox 1913 3244 2078 3283; x_wconf 93' lang='lat' dir='ltr'><strong>unum</strong></span> 
     </span>
    </p>
   </div>
   <div class='ocr_carea' id='block_1_37' title="bbox 2193 429 3743 504">
    <p class='ocr_par' dir='ltr' id='par_1_37' title="bbox 2193 429 3743 504">
     <span class='ocr_line' id='line_1_37' title="bbox 2193 429 3743 504; baseline 0.007 -18"><span class='ocrx_word' id='word_1_280' title='bbox 2193 439 2249 486; x_wconf 93' lang='lat' dir='ltr'><strong>et</strong></span> <span class='ocrx_word' id='word_1_281' title='bbox 2277 431 2330 486; x_wconf 93' lang='lat' dir='ltr'><strong>in</strong></span> <span class='ocrx_word' id='word_1_282' title='bbox 2374 431 2481 486; x_wconf 87' lang='lat' dir='ltr'><strong>illis</strong></span> <span class='ocrx_word' id='word_1_283' title='bbox 2510 430 2563 486; x_wconf 94' lang='lat' dir='ltr'><strong>in</strong></span> <span class='ocrx_word' id='word_1_284' title='bbox 2593 429 2789 504; x_wconf 88' lang='lat' dir='ltr'><strong>quibus</strong></span> <span class='ocrx_word' id='word_1_285' title='bbox 2833 431 3081 488; x_wconf 85' lang='lat' dir='ltr'><strong>habitare</strong></span> <span class='ocrx_word' id='word_1_286' title='bbox 3111 431 3366 502; x_wconf 88' lang='lat' dir='ltr'><strong>dignatus</strong></span> <span class='ocrx_word' id='word_1_287' title='bbox 3410 442 3509 500; x_wconf 89' lang='lat' dir='ltr'><strong>est,</strong></span> <span class='ocrx_word' id='word_1_288' title='bbox 3539 435 3743 498; x_wconf 91' lang='lat' dir='ltr'><strong>Verbum</strong></span> 
     </span>
    </p>
   </div>
   <div class='ocr_carea' id='block_1_38' title="bbox 2189 525 3744 597">
    <p class='ocr_par' dir='ltr' id='par_1_38' title="bbox 2189 525 3744 597">
     <span class='ocr_line' id='line_1_38' title="bbox 2189 525 3744 597; baseline 0.006 -17"><span class='ocrx_word' id='word_1_289' title='bbox 2189 540 2321 580; x_wconf 88' lang='lat' dir='ltr'><strong>caro</strong></span> <span class='ocrx_word' id='word_1_290' title='bbox 2371 525 2570 580; x_wconf 85' lang='lat' dir='ltr'><strong>factum</strong></span> <span class='ocrx_word' id='word_1_291' title='bbox 2603 534 2688 581; x_wconf 91' lang='lat' dir='ltr'><strong>est</strong></span> <span class='ocrx_word' id='word_1_292' title='bbox 2719 542 2734 580; x_wconf 89' lang='lat'><strong>:</strong></span> <span class='ocrx_word' id='word_1_293' title='bbox 2767 540 2898 595; x_wconf 91' lang='lat' dir='ltr'><strong>ergo</strong></span> <span class='ocrx_word' id='word_1_294' title='bbox 2938 540 3039 596; x_wconf 91' lang='lat' dir='ltr'><strong>per</strong></span> <span class='ocrx_word' id='word_1_295' title='bbox 3081 540 3514 597; x_wconf 86' lang='lat' dir='ltr'><strong>unumquemque</strong></span> <span class='ocrx_word' id='word_1_296' title='bbox 3557 531 3744 589; x_wconf 85' lang='lat' dir='ltr'><strong>illorum</strong></span> 
     </span>
    </p>
   </div>
   <div class='ocr_carea' id='block_1_39' title="bbox 2190 618 3746 692">
    <p class='ocr_par' dir='ltr' id='par_1_39' title="bbox 2190 618 3746 692">
     <span class='ocr_line' id='line_1_39' title="bbox 2190 618 3746 692; baseline 0.004 -17"><span class='ocrx_word' id='word_1_297' title='bbox 2190 619 2486 675; x_wconf 81' lang='lat' dir='ltr'><strong>exinanivit</strong></span> <span class='ocrx_word' id='word_1_298' title='bbox 2514 618 2888 690; x_wconf 87' lang='lat' dir='ltr'><strong>semetipsum,</strong></span> <span class='ocrx_word' id='word_1_299' title='bbox 2931 619 3164 675; x_wconf 86' lang='lat' dir='ltr'><strong>fortnam</strong></span> <span class='ocrx_word' id='word_1_300' title='bbox 3191 621 3333 676; x_wconf 86' lang='lat' dir='ltr'><strong>servi</strong></span> <span class='ocrx_word' id='word_1_301' title='bbox 3367 622 3644 692; x_wconf 84' lang='lat' dir='ltr'><strong>accipiens.</strong></span> <span class='ocrx_word' id='word_1_302' title='bbox 3681 629 3746 683; x_wconf 86' lang='lat' dir='ltr'><strong>Ae</strong></span> 
     </span>
    </p>
   </div>
   <div class='ocr_carea' id='block_1_40' title="bbox 2190 710 3747 784">
    <p class='ocr_par' dir='ltr' id='par_1_40' title="bbox 2190 710 3747 784">
     <span class='ocr_line' id='line_1_40' title="bbox 2190 710 3747 784; baseline 0.004 -17"><span class='ocrx_word' id='word_1_303' title='bbox 2190 727 2290 783; x_wconf 88' lang='lat' dir='ltr'><strong>per</strong></span> <span class='ocrx_word' id='word_1_304' title='bbox 2334 710 2434 767; x_wconf 91' lang='lat' dir='ltr'><strong>hoc</strong></span> <span class='ocrx_word' id='word_1_305' title='bbox 2466 711 2602 766; x_wconf 86' lang='lat' dir='ltr'><strong>nihil</strong></span> <span class='ocrx_word' id='word_1_306' title='bbox 2635 726 2832 766; x_wconf 92' lang='lat' dir='ltr'><strong>novum</strong></span> <span class='ocrx_word' id='word_1_307' title='bbox 2863 726 2961 768; x_wconf 93' lang='lat' dir='ltr'><strong>nec</strong></span> <span class='ocrx_word' id='word_1_308' title='bbox 2994 713 3324 784; x_wconf 72' lang='lat' dir='ltr'><strong>prmcipuum</strong></span> <span class='ocrx_word' id='word_1_309' title='bbox 3366 713 3418 768; x_wconf 92' lang='lat' dir='ltr'><strong>in</strong></span> <span class='ocrx_word' id='word_1_310' title='bbox 3446 713 3648 772; x_wconf 88' lang='lat' dir='ltr'><strong>Christo</strong></span> <span class='ocrx_word' id='word_1_311' title='bbox 3681 718 3747 774; x_wconf 82' lang='lat' dir='ltr'><strong>fa-</strong></span> 
     </span>
    </p>
   </div>
   <div class='ocr_carea' id='block_1_41' title="bbox 2189 802 3748 875">
    <p class='ocr_par' dir='ltr' id='par_1_41' title="bbox 2189 802 3748 875">
     <span class='ocr_line' id='line_1_41' title="bbox 2189 802 3748 875; baseline 0.005 -17"><span class='ocrx_word' id='word_1_312' title='bbox 2189 813 2334 859; x_wconf 90' lang='lat' dir='ltr'><strong>ctum</strong></span> <span class='ocrx_word' id='word_1_313' title='bbox 2364 811 2482 869; x_wconf 89' lang='lat' dir='ltr'><strong>est;</strong></span> <span class='ocrx_word' id='word_1_314' title='bbox 2516 803 2648 858; x_wconf 91' lang='lat' dir='ltr'><strong>nihil</strong></span> <span class='ocrx_word' id='word_1_315' title='bbox 2693 802 3000 875; x_wconf 89' lang='lat' dir='ltr'><strong>singulare,</strong></span> <span class='ocrx_word' id='word_1_316' title='bbox 3033 803 3164 860; x_wconf 90' lang='lat' dir='ltr'><strong>nihil</strong></span> <span class='ocrx_word' id='word_1_317' title='bbox 3196 805 3440 861; x_wconf 87' lang='lat' dir='ltr'><strong>mirabile</strong></span> <span class='ocrx_word' id='word_1_318' title='bbox 3470 821 3562 863; x_wconf 89' lang='lat' dir='ltr'><strong>nec</strong></span> <span class='ocrx_word' id='word_1_319' title='bbox 3585 823 3748 866; x_wconf 82' lang='lat' dir='ltr'><strong>conce-</strong></span> 
     </span>
    </p>
   </div>
   <div class='ocr_carea' id='block_1_42' title="bbox 2187 896 3498 970">
    <p class='ocr_par' dir='ltr' id='par_1_42' title="bbox 2187 896 3498 970">
     <span class='ocr_line' id='line_1_42' title="bbox 2187 896 3498 970; baseline -0.002 -16"><span class='ocrx_word' id='word_1_320' title='bbox 2187 898 2303 970; x_wconf 86' lang='lat' dir='ltr'><strong>ptio</strong></span> <span class='ocrx_word' id='word_1_321' title='bbox 2335 897 2501 969; x_wconf 91' lang='lat' dir='ltr'><strong>ipsius</strong></span> <span class='ocrx_word' id='word_1_322' title='bbox 2527 896 2732 968; x_wconf 87' lang='lat' dir='ltr'><strong>habuit,</strong></span> <span class='ocrx_word' id='word_1_323' title='bbox 2767 913 2867 955; x_wconf 92' lang='lat' dir='ltr'><strong>nec</strong></span> <span class='ocrx_word' id='word_1_324' title='bbox 2895 897 3145 954; x_wconf 79' lang='lat' dir='ltr'><strong>nativitas</strong></span> <span class='ocrx_word' id='word_1_325' title='bbox 3163 942 3179 968; x_wconf 97' lang='lat'><strong>,</strong></span> <span class='ocrx_word' id='word_1_326' title='bbox 3205 912 3306 954; x_wconf 87' lang='lat' dir='ltr'><strong>nec</strong></span> <span class='ocrx_word' id='word_1_327' title='bbox 3331 913 3498 954; x_wconf 88' lang='lat' dir='ltr'><strong>mors.</strong></span> 
     </span>
    </p>
   </div>
   <div class='ocr_carea' id='block_1_43' title="bbox 2779 1032 3188 1090">
    <p class='ocr_par' dir='ltr' id='par_1_43' title="bbox 2779 1032 3188 1090">
     <span class='ocr_line' id='line_1_43' title="bbox 2779 1032 3188 1090; baseline 0 0"><span class='ocrx_word' id='word_1_328' title='bbox 2779 1032 3007 1090; x_wconf 86' lang='lat' dir='ltr'><strong>CAPUT</strong></span> <span class='ocrx_word' id='word_1_329' title='bbox 3043 1033 3188 1090; x_wconf 88' lang='lat' dir='ltr'><strong>XXI.</strong></span> 
     </span>
    </p>
   </div>
   <div class='ocr_carea' id='block_1_44' title="bbox 2188 1123 3753 1198">
    <p class='ocr_par' dir='ltr' id='par_1_44' title="bbox 2188 1123 3753 1198">
     <span class='ocr_line' id='line_1_44' title="bbox 2188 1123 3753 1198; baseline 0.004 -17"><span class='ocrx_word' id='word_1_330' title='bbox 2188 1123 2453 1181; x_wconf 76' lang='lat' dir='ltr'><strong>Christum</strong></span> <span class='ocrx_word' id='word_1_331' title='bbox 2496 1126 2560 1181; x_wconf 89' lang='lat' dir='ltr'><strong>ab</strong></span> <span class='ocrx_word' id='word_1_332' title='bbox 2601 1135 2793 1182; x_wconf 79' lang='lat' dir='ltr'><strong>teterno</strong></span> <span class='ocrx_word' id='word_1_333' title='bbox 2834 1127 3014 1196; x_wconf 78' lang='lat' dir='ltr'><strong>fuisse,</strong></span> <span class='ocrx_word' id='word_1_334' title='bbox 3060 1127 3348 1181; x_wconf 86' lang='lat' dir='ltr'><strong>divinarum</strong></span> <span class='ocrx_word' id='word_1_335' title='bbox 3393 1125 3753 1198; x_wconf 83' lang='lat' dir='ltr'><strong>Scripturarunt</strong></span> 
     </span>
    </p>
   </div>
   <div class='ocr_carea' id='block_1_45' title="bbox 2738 1199 3248 1256">
    <p class='ocr_par' dir='ltr' id='par_1_45' title="bbox 2738 1199 3248 1256">
     <span class='ocr_line' id='line_1_45' title="bbox 2738 1199 3248 1256; baseline 0.008 -4"><span class='ocrx_word' id='word_1_336' title='bbox 2738 1200 2898 1253; x_wconf 81' lang='lat' dir='ltr'><strong>tradit</strong></span> <span class='ocrx_word' id='word_1_337' title='bbox 2941 1199 3248 1256; x_wconf 76' lang='lat' dir='ltr'><strong>auctoritas.</strong></span> 
     </span>
    </p>
   </div>
   <div class='ocr_carea' id='block_1_46' title="bbox 2258 1313 3754 1384">
    <p class='ocr_par' dir='ltr' id='par_1_46' title="bbox 2258 1313 3754 1384">
     <span class='ocr_line' id='line_1_46' title="bbox 2258 1313 3754 1384; baseline 0.003 -15"><span class='ocrx_word' id='word_1_338' title='bbox 2258 1313 2328 1369; x_wconf 86' lang='lat' dir='ltr'><strong>Et</strong></span> <span class='ocrx_word' id='word_1_339' title='bbox 2349 1321 2556 1380; x_wconf 89' lang='lat' dir='ltr'><strong>tamen,</strong></span> <span class='ocrx_word' id='word_1_340' title='bbox 2588 1321 2645 1369; x_wconf 91' lang='lat' dir='ltr'><strong>ut</strong></span> <span class='ocrx_word' id='word_1_341' title='bbox 2669 1313 2736 1369; x_wconf 90' lang='lat' dir='ltr'><strong>ad</strong></span> <span class='ocrx_word' id='word_1_342' title='bbox 2769 1314 3054 1384; x_wconf 89' lang='lat' dir='ltr'><strong>superiora</strong></span> <span class='ocrx_word' id='word_1_343' title='bbox 3078 1314 3393 1379; x_wconf 87' lang='lat' dir='ltr'><strong>redeamus,</strong></span> <span class='ocrx_word' id='word_1_344' title='bbox 3418 1327 3536 1369; x_wconf 88' lang='lat' dir='ltr'><strong>cum</strong></span> <span class='ocrx_word' id='word_1_345' title='bbox 3563 1314 3670 1372; x_wconf 60' lang='lat' dir='ltr'><strong>haec</strong></span> <span class='ocrx_word' id='word_1_346' title='bbox 3692 1319 3754 1378; x_wconf 77' lang='lat' dir='ltr'><strong>ita</strong></span> 
     </span>
    </p>
   </div>
   <div class='ocr_carea' id='block_1_47' title="bbox 2185 1405 3754 1478">
    <p class='ocr_par' dir='ltr' id='par_1_47' title="bbox 2185 1405 3754 1478">
     <span class='ocr_line' id='line_1_47' title="bbox 2185 1405 3754 1478; baseline 0.004 -17"><span class='ocrx_word' id='word_1_347' title='bbox 2185 1405 2296 1462; x_wconf 90' lang='lat' dir='ltr'><strong>sint</strong></span> <span class='ocrx_word' id='word_1_348' title='bbox 2321 1408 2527 1476; x_wconf 86' lang='lat' dir='ltr'><strong>omnia,</strong></span> <span class='ocrx_word' id='word_1_349' title='bbox 2559 1407 2701 1462; x_wconf 90' lang='lat' dir='ltr'><strong>sicut</strong></span> <span class='ocrx_word' id='word_1_350' title='bbox 2730 1406 2968 1461; x_wconf 80' lang='lat' dir='ltr'><strong>diximus</strong></span> <span class='ocrx_word' id='word_1_351' title='bbox 2996 1423 3010 1462; x_wconf 90' lang='lat'><strong>:</strong></span> <span class='ocrx_word' id='word_1_352' title='bbox 3041 1405 3320 1478; x_wconf 91' lang='lat' dir='ltr'><strong>quomodo</strong></span> <span class='ocrx_word' id='word_1_353' title='bbox 3348 1405 3507 1462; x_wconf 76' lang='lat' dir='ltr'><strong>.lesus</strong></span> <span class='ocrx_word' id='word_1_354' title='bbox 3534 1406 3754 1468; x_wconf 87' lang='lat' dir='ltr'><strong>Christus</strong></span> 
     </span>
    </p>
   </div>
   <div class='ocr_carea' id='block_1_48' title="bbox 2184 1500 3752 1571">
    <p class='ocr_par' dir='ltr' id='par_1_48' title="bbox 2184 1500 3752 1571">
     <span class='ocr_line' id='line_1_48' title="bbox 2184 1500 3752 1571; baseline 0.003 -16"><span class='ocrx_word' id='word_1_355' title='bbox 2184 1500 2378 1571; x_wconf 91' lang='lat' dir='ltr'><strong>(quem</strong></span> <span class='ocrx_word' id='word_1_356' title='bbox 2408 1509 2462 1556; x_wconf 90' lang='lat' dir='ltr'><strong>tu</strong></span> <span class='ocrx_word' id='word_1_357' title='bbox 2488 1501 2761 1556; x_wconf 90' lang='lat' dir='ltr'><strong>hominem</strong></span> <span class='ocrx_word' id='word_1_358' title='bbox 2794 1501 3170 1555; x_wconf 89' lang='lat' dir='ltr'><strong>tantummodo</strong></span> <span class='ocrx_word' id='word_1_359' title='bbox 3198 1515 3324 1556; x_wconf 91' lang='lat' dir='ltr'><strong>esse</strong></span> <span class='ocrx_word' id='word_1_360' title='bbox 3367 1501 3584 1567; x_wconf 88' lang='lat' dir='ltr'><strong>asseris,</strong></span> <span class='ocrx_word' id='word_1_361' title='bbox 3614 1505 3752 1560; x_wconf 87' lang='lat' dir='ltr'><strong>etiam</strong></span> 
     </span>
    </p>
   </div>
   <div class='ocr_carea' id='block_1_49' title="bbox 2182 1593 3756 1667">
    <p class='ocr_par' dir='ltr' id='par_1_49' title="bbox 2182 1593 3756 1667">
     <span class='ocr_line' id='line_1_49' title="bbox 2182 1593 3756 1667; baseline 0.001 -17"><span class='ocrx_word' id='word_1_362' title='bbox 2182 1605 2474 1667; x_wconf 83' lang='lat' dir='ltr'><strong>antequam</strong></span> <span class='ocrx_word' id='word_1_363' title='bbox 2505 1610 2572 1651; x_wconf 77' lang='lat' dir='ltr'><strong>ex</strong></span> <span class='ocrx_word' id='word_1_364' title='bbox 2615 1595 2839 1664; x_wconf 90' lang='lat' dir='ltr'><strong>Virgine</strong></span> <span class='ocrx_word' id='word_1_365' title='bbox 2879 1594 3235 1665; x_wconf 88' lang='lat' dir='ltr'><strong>nasceretur)</strong></span> <span class='ocrx_word' id='word_1_366' title='bbox 3265 1608 3486 1665; x_wconf 87' lang='lat' dir='ltr'><strong>semper</strong></span> <span class='ocrx_word' id='word_1_367' title='bbox 3509 1593 3664 1651; x_wconf 85' lang='lat' dir='ltr'><strong>fuisse</strong></span> <span class='ocrx_word' id='word_1_368' title='bbox 3691 1597 3756 1652; x_wconf 90' lang='lat' dir='ltr'><strong>le-</strong></span> 
     </span>
    </p>
   </div>
   <div class='ocr_carea' id='block_1_50' title="bbox 2183 1687 3754 1762">
    <p class='ocr_par' dir='ltr' id='par_1_50' title="bbox 2183 1687 3754 1762">
     <span class='ocr_line' id='line_1_50' title="bbox 2183 1687 3754 1762; baseline 0.002 -18"><span class='ocrx_word' id='word_1_369' title='bbox 2183 1689 2329 1762; x_wconf 91' lang='lat' dir='ltr'><strong>gitur</strong></span> <span class='ocrx_word' id='word_1_370' title='bbox 2349 1700 2405 1746; x_wconf 92' lang='lat' dir='ltr'><strong>et</strong></span> <span class='ocrx_word' id='word_1_371' title='bbox 2429 1704 2459 1744; x_wconf 90' lang='lat' dir='ltr'><strong>a</strong></span> <span class='ocrx_word' id='word_1_372' title='bbox 2486 1688 2772 1761; x_wconf 84' lang='lat' dir='ltr'><strong>prephetis</strong></span> <span class='ocrx_word' id='word_1_373' title='bbox 2800 1697 2969 1759; x_wconf 89' lang='lat' dir='ltr'><strong>atque</strong></span> <span class='ocrx_word' id='word_1_374' title='bbox 2997 1688 3258 1758; x_wconf 87' lang='lat' dir='ltr'><strong>apostolis</strong></span> <span class='ocrx_word' id='word_1_375' title='bbox 3301 1687 3447 1744; x_wconf 91' lang='lat' dir='ltr'><strong>Deus</strong></span> <span class='ocrx_word' id='word_1_376' title='bbox 3473 1689 3625 1745; x_wconf 87' lang='lat' dir='ltr'><strong>etiam</strong></span> <span class='ocrx_word' id='word_1_377' title='bbox 3649 1699 3754 1747; x_wconf 88' lang='lat' dir='ltr'><strong>ante</strong></span> 
     </span>
    </p>
   </div>
   <div class='ocr_carea' id='block_1_51' title="bbox 2183 1777 3754 1851">
    <p class='ocr_par' dir='ltr' id='par_1_51' title="bbox 2183 1777 3754 1851">
     <span class='ocr_line' id='line_1_51' title="bbox 2183 1777 3754 1851; baseline 0 -14"><span class='ocrx_word' id='word_1_378' title='bbox 2183 1781 2386 1838; x_wconf 68' lang='lat' dir='ltr'><strong>saecula</strong></span> <span class='ocrx_word' id='word_1_379' title='bbox 2423 1780 2794 1851; x_wconf 62' lang='lat' dir='ltr'><strong>praedicatur?</strong></span> <span class='ocrx_word' id='word_1_380' title='bbox 2839 1780 3055 1836; x_wconf 90' lang='lat' dir='ltr'><strong>dicente</strong></span> <span class='ocrx_word' id='word_1_381' title='bbox 3102 1779 3306 1845; x_wconf 89' lang='lat' dir='ltr'><strong>Paulo,</strong></span> <span class='ocrx_word' id='word_1_382' title='bbox 3353 1795 3484 1833; x_wconf 86' lang='lat' dir='ltr'><strong>unus</strong></span> <span class='ocrx_word' id='word_1_383' title='bbox 3529 1777 3754 1837; x_wconf 83' lang='lat' dir='ltr'><strong>Dominus</strong></span> 
     </span>
    </p>
   </div>
   <div class='ocr_carea' id='block_1_52' title="bbox 2180 1871 3752 1947">
    <p class='ocr_par' dir='ltr' id='par_1_52' title="bbox 2180 1871 3752 1947">
     <span class='ocr_line' id='line_1_52' title="bbox 2180 1871 3752 1947; baseline -0.001 -17"><span class='ocrx_word' id='word_1_384' title='bbox 2180 1875 2354 1945; x_wconf 76' lang='lat' dir='ltr'><strong>Iesus,</strong></span> <span class='ocrx_word' id='word_1_385' title='bbox 2397 1891 2491 1947; x_wconf 84' lang='lat' dir='ltr'><strong>per</strong></span> <span class='ocrx_word' id='word_1_386' title='bbox 2525 1890 2674 1944; x_wconf 85' lang='lat' dir='ltr'><strong>quem</strong></span> <span class='ocrx_word' id='word_1_387' title='bbox 2713 1873 2888 1928; x_wconf 85' lang='lat' dir='ltr'><strong>omnia</strong></span> <span class='ocrx_word' id='word_1_388' title='bbox 2923 1872 3113 1946; x_wconf 90' lang='lat' dir='ltr'><strong>(lCor.</strong></span> <span class='ocrx_word' id='word_1_389' title='bbox 3162 1871 3320 1944; x_wconf 85' lang='lat' dir='ltr'><strong>vtu).</strong></span> <span class='ocrx_word' id='word_1_390' title='bbox 3371 1871 3479 1927; x_wconf 87' lang='lat' dir='ltr'><strong>Sed</strong></span> <span class='ocrx_word' id='word_1_391' title='bbox 3521 1881 3574 1928; x_wconf 87' lang='lat' dir='ltr'><strong>et</strong></span> <span class='ocrx_word' id='word_1_392' title='bbox 3602 1872 3752 1928; x_wconf 85' lang='lat' dir='ltr'><strong>alibi:</strong></span> 
     </span>
    </p>
   </div>
   <div class='ocr_carea' id='block_1_53' title="bbox 2183 1965 3755 2038">
    <p class='ocr_par' dir='ltr' id='par_1_53' title="bbox 2183 1965 3755 2038">
     <span class='ocr_line' id='line_1_53' title="bbox 2183 1965 3755 2038; baseline -0.002 -15"><span class='ocrx_word' id='word_1_393' title='bbox 2183 1969 2442 2037; x_wconf 83' lang='lat' dir='ltr'><strong>Quoniam</strong></span> <span class='ocrx_word' id='word_1_394' title='bbox 2463 1968 2518 2023; x_wconf 90' lang='lat' dir='ltr'><strong>in</strong></span> <span class='ocrx_word' id='word_1_395' title='bbox 2550 1966 2776 2034; x_wconf 83' lang='lat' dir='ltr'><strong>Christo,</strong></span> <span class='ocrx_word' id='word_1_396' title='bbox 2807 1967 3004 2038; x_wconf 89' lang='lat' dir='ltr'><strong>inquit,</strong></span> <span class='ocrx_word' id='word_1_397' title='bbox 3037 1976 3208 2021; x_wconf 90' lang='lat' dir='ltr'><strong>creata</strong></span> <span class='ocrx_word' id='word_1_398' title='bbox 3229 1975 3350 2020; x_wconf 85' lang='lat' dir='ltr'><strong>sunt</strong></span> <span class='ocrx_word' id='word_1_399' title='bbox 3374 1966 3543 2020; x_wconf 85' lang='lat' dir='ltr'><strong>omnia</strong></span> <span class='ocrx_word' id='word_1_400' title='bbox 3568 1967 3616 2020; x_wconf 90' lang='lat' dir='ltr'><strong>in</strong></span> <span class='ocrx_word' id='word_1_401' title='bbox 3640 1965 3755 2021; x_wconf 67' lang='lat' dir='ltr'><strong>culis</strong></span> 
     </span>
    </p>
   </div>
   <div class='ocr_carea' id='block_1_54' title="bbox 2182 2057 3757 2133">
    <p class='ocr_par' dir='ltr' id='par_1_54' title="bbox 2182 2057 3757 2133">
     <span class='ocr_line' id='line_1_54' title="bbox 2182 2057 3757 2133; baseline -0.003 -14"><span class='ocrx_word' id='word_1_402' title='bbox 2182 2074 2229 2119; x_wconf 87' lang='lat' dir='ltr'><strong>et</strong></span> <span class='ocrx_word' id='word_1_403' title='bbox 2257 2065 2313 2118; x_wconf 92' lang='lat' dir='ltr'><strong>in</strong></span> <span class='ocrx_word' id='word_1_404' title='bbox 2349 2073 2517 2133; x_wconf 90' lang='lat' dir='ltr'><strong>terra,</strong></span> <span class='ocrx_word' id='word_1_405' title='bbox 2548 2061 2772 2116; x_wconf 83' lang='lat' dir='ltr'><strong>visibilia</strong></span> <span class='ocrx_word' id='word_1_406' title='bbox 2810 2071 2859 2116; x_wconf 90' lang='lat' dir='ltr'><strong>et</strong></span> <span class='ocrx_word' id='word_1_407' title='bbox 2883 2059 3161 2115; x_wconf 80' lang='lat' dir='ltr'><strong>inuisibilia</strong></span> <span class='ocrx_word' id='word_1_408' title='bbox 3189 2059 3428 2133; x_wconf 88' lang='lat' dir='ltr'><strong>(Coloss.</strong></span> <span class='ocrx_word' id='word_1_409' title='bbox 3456 2059 3531 2130; x_wconf 87' lang='grc' dir='ltr'><strong>ι).</strong></span> <span class='ocrx_word' id='word_1_410' title='bbox 3559 2057 3757 2131; x_wconf 83' lang='lat' dir='ltr'><strong>Symbo-</strong></span> 
     </span>
    </p>
   </div>
   <div class='ocr_carea' id='block_1_55' title="bbox 2179 2152 3758 2226">
    <p class='ocr_par' dir='ltr' id='par_1_55' title="bbox 2179 2152 3758 2226">
     <span class='ocr_line' id='line_1_55' title="bbox 2179 2152 3758 2226; baseline -0.002 -14"><span class='ocrx_word' id='word_1_411' title='bbox 2179 2156 2294 2212; x_wconf 92' lang='lat' dir='ltr'><strong>lum</strong></span> <span class='ocrx_word' id='word_1_412' title='bbox 2326 2169 2540 2226; x_wconf 90' lang='lat' dir='ltr'><strong>quoque</strong></span> <span class='ocrx_word' id='word_1_413' title='bbox 2568 2164 2626 2210; x_wconf 87' lang='lat' dir='ltr'><strong>et</strong></span> <span class='ocrx_word' id='word_1_414' title='bbox 2654 2153 2890 2209; x_wconf 89' lang='lat' dir='ltr'><strong>humana</strong></span> <span class='ocrx_word' id='word_1_415' title='bbox 2919 2153 3129 2225; x_wconf 88' lang='lat' dir='ltr'><strong>pariter</strong></span> <span class='ocrx_word' id='word_1_416' title='bbox 3154 2161 3210 2209; x_wconf 91' lang='lat' dir='ltr'><strong>et</strong></span> <span class='ocrx_word' id='word_1_417' title='bbox 3245 2152 3430 2208; x_wconf 83' lang='lat' dir='ltr'><strong>divina</strong></span> <span class='ocrx_word' id='word_1_418' title='bbox 3467 2153 3758 2210; x_wconf 83' lang='lat' dir='ltr'><strong>auctoritate</strong></span> 
     </span>
    </p>
   </div>
   <div class='ocr_carea' id='block_1_56' title="bbox 2177 2245 3757 2319">
    <p class='ocr_par' dir='ltr' id='par_1_56' title="bbox 2177 2245 3757 2319">
     <span class='ocr_line' id='line_1_56' title="bbox 2177 2245 3757 2319; baseline -0.004 -13"><span class='ocrx_word' id='word_1_419' title='bbox 2177 2261 2492 2306; x_wconf 81' lang='lat' dir='ltr'><strong>contextum</strong></span> <span class='ocrx_word' id='word_1_420' title='bbox 2525 2268 2537 2304; x_wconf 93' lang='lat'>:</span> <span class='ocrx_word' id='word_1_421' title='bbox 2579 2249 2776 2316; x_wconf 85' lang='lat' dir='ltr'><strong>Credo,</strong></span> <span class='ocrx_word' id='word_1_422' title='bbox 2821 2248 3030 2319; x_wconf 87' lang='lat' dir='ltr'><strong>inquit,</strong></span> <span class='ocrx_word' id='word_1_423' title='bbox 3066 2248 3122 2302; x_wconf 89' lang='lat' dir='ltr'><strong>in</strong></span> <span class='ocrx_word' id='word_1_424' title='bbox 3152 2247 3322 2303; x_wconf 88' lang='lat' dir='ltr'><strong>Deum</strong></span> <span class='ocrx_word' id='word_1_425' title='bbox 3371 2245 3604 2314; x_wconf 89' lang='lat' dir='ltr'><strong>Patrem,</strong></span> <span class='ocrx_word' id='word_1_426' title='bbox 3631 2255 3674 2300; x_wconf 85' lang='lat' dir='ltr'><strong>et</strong></span> <span class='ocrx_word' id='word_1_427' title='bbox 3711 2247 3757 2300; x_wconf 89' lang='lat' dir='ltr'><strong>in</strong></span> 
     </span>
    </p>
   </div>
   <div class='ocr_carea' id='block_1_57' title="bbox 2177 2337 3759 2416">
    <p class='ocr_par' dir='ltr' id='par_1_57' title="bbox 2177 2337 3759 2416">
     <span class='ocr_line' id='line_1_57' title="bbox 2177 2337 3759 2416; baseline -0.003 -19"><span class='ocrx_word' id='word_1_428' title='bbox 2177 2341 2347 2398; x_wconf 86' lang='lat' dir='ltr'><strong>Deum</strong></span> <span class='ocrx_word' id='word_1_429' title='bbox 2368 2342 2539 2416; x_wconf 76' lang='lat' dir='ltr'><strong>[Lips.</strong></span> <span class='ocrx_word' id='word_1_430' title='bbox 2564 2343 2618 2398; x_wconf 90' lang='lat' dir='ltr'><strong>in</strong></span> <span class='ocrx_word' id='word_1_431' title='bbox 2637 2356 2808 2413; x_wconf 85' lang='lat' dir='ltr'><strong>marg.</strong></span> <span class='ocrx_word' id='word_1_432' title='bbox 2838 2339 3143 2410; x_wconf 77' lang='lat' dir='ltr'><strong>Dominum]</strong></span> <span class='ocrx_word' id='word_1_433' title='bbox 3173 2340 3359 2395; x_wconf 82' lang='lat' dir='ltr'><strong>Jesum</strong></span> <span class='ocrx_word' id='word_1_434' title='bbox 3388 2338 3659 2404; x_wconf 81' lang='lat' dir='ltr'><strong>Christum,</strong></span> <span class='ocrx_word' id='word_1_435' title='bbox 3680 2337 3759 2393; x_wconf 78' lang='lat' dir='ltr'><strong>Fi-</strong></span> 
     </span>
    </p>
   </div>
   <div class='ocr_carea' id='block_1_58' title="bbox 2178 2431 3755 2508">
    <p class='ocr_par' dir='ltr' id='par_1_58' title="bbox 2178 2431 3755 2508">
     <span class='ocr_line' id='line_1_58' title="bbox 2178 2431 3755 2508; baseline -0.004 -18"><span class='ocrx_word' id='word_1_436' title='bbox 2178 2436 2307 2490; x_wconf 90' lang='lat' dir='ltr'><strong>lium</strong></span> <span class='ocrx_word' id='word_1_437' title='bbox 2327 2437 2439 2508; x_wconf 85' lang='lat' dir='ltr'><strong>ejus</strong></span> <span class='ocrx_word' id='word_1_438' title='bbox 2465 2434 2810 2506; x_wconf 86' lang='lat' dir='ltr'><strong>unigenitum,</strong></span> <span class='ocrx_word' id='word_1_439' title='bbox 2836 2441 2882 2486; x_wconf 89' lang='lat' dir='ltr'><strong>et</strong></span> <span class='ocrx_word' id='word_1_440' title='bbox 2902 2433 3300 2504; x_wconf 82' lang='lat' dir='ltr'><strong>primogenitum</strong></span> <span class='ocrx_word' id='word_1_441' title='bbox 3335 2431 3491 2485; x_wconf 84' lang='lat' dir='ltr'><strong>totius</strong></span> <span class='ocrx_word' id='word_1_442' title='bbox 3517 2442 3755 2486; x_wconf 74' lang='lat' dir='ltr'><strong>creatura.</strong></span> 
     </span>
    </p>
   </div>
   <div class='ocr_carea' id='block_1_59' title="bbox 2179 2523 3758 2598">
    <p class='ocr_par' dir='ltr' id='par_1_59' title="bbox 2179 2523 3758 2598">
     <span class='ocr_line' id='line_1_59' title="bbox 2179 2523 3758 2598; baseline -0.003 -16"><span class='ocrx_word' id='word_1_443' title='bbox 2179 2527 2249 2582; x_wconf 87' lang='lat' dir='ltr'><strong>Et</strong></span> <span class='ocrx_word' id='word_1_444' title='bbox 2283 2537 2406 2598; x_wconf 89' lang='lat' dir='ltr'><strong>post</strong></span> <span class='ocrx_word' id='word_1_445' title='bbox 2445 2527 2549 2582; x_wconf 87' lang='lat' dir='ltr'><strong>alia</strong></span> <span class='ocrx_word' id='word_1_446' title='bbox 2596 2545 2610 2581; x_wconf 92' lang='lat'><strong>:</strong></span> <span class='ocrx_word' id='word_1_447' title='bbox 2657 2525 2826 2581; x_wconf 87' lang='lat' dir='ltr'><strong>Deum</strong></span> <span class='ocrx_word' id='word_1_448' title='bbox 2854 2541 3029 2581; x_wconf 73' lang='lat' dir='ltr'><strong>verum</strong></span> <span class='ocrx_word' id='word_1_449' title='bbox 3058 2540 3123 2578; x_wconf 80' lang='lat' dir='ltr'><strong>ea:</strong></span> <span class='ocrx_word' id='word_1_450' title='bbox 3154 2523 3264 2578; x_wconf 87' lang='lat' dir='ltr'><strong>Deo</strong></span> <span class='ocrx_word' id='word_1_451' title='bbox 3308 2539 3428 2578; x_wconf 81' lang='lat' dir='ltr'><strong>vero</strong></span> <span class='ocrx_word' id='word_1_452' title='bbox 3475 2539 3494 2578; x_wconf 91' lang='lat'><strong><em>:</em></strong></span> <span class='ocrx_word' id='word_1_453' title='bbox 3523 2541 3609 2595; x_wconf 87' lang='lat' dir='ltr'><strong>per</strong></span> <span class='ocrx_word' id='word_1_454' title='bbox 3633 2540 3758 2594; x_wconf 81' lang='lat' dir='ltr'><strong>quem</strong></span> 
     </span>
    </p>
   </div>
   <div class='ocr_carea' id='block_1_60' title="bbox 2179 2618 3753 2694">
    <p class='ocr_par' dir='ltr' id='par_1_60' title="bbox 2179 2618 3753 2694">
     <span class='ocr_line' id='line_1_60' title="bbox 2179 2618 3753 2694; baseline -0.002 -18"><span class='ocrx_word' id='word_1_455' title='bbox 2179 2631 2227 2676; x_wconf 85' lang='lat' dir='ltr'><strong>et</strong></span> <span class='ocrx_word' id='word_1_456' title='bbox 2256 2619 2282 2659; x_wconf 73' lang='grc' dir='ltr'>ἀ</span> <span class='ocrx_word' id='word_1_457' title='bbox 2313 2621 2504 2677; x_wconf 60' lang='lat' dir='ltr'><strong>sarcula</strong></span> <span class='ocrx_word' id='word_1_458' title='bbox 2525 2622 2886 2694; x_wconf 87' lang='lat' dir='ltr'><strong>compaginata</strong></span> <span class='ocrx_word' id='word_1_459' title='bbox 2901 2629 3042 2690; x_wconf 89' lang='lat' dir='ltr'><strong>sunt,</strong></span> <span class='ocrx_word' id='word_1_460' title='bbox 3074 2629 3121 2674; x_wconf 89' lang='lat' dir='ltr'><strong>et</strong></span> <span class='ocrx_word' id='word_1_461' title='bbox 3140 2622 3318 2674; x_wconf 86' lang='lat' dir='ltr'><strong>omnia</strong></span> <span class='ocrx_word' id='word_1_462' title='bbox 3345 2619 3502 2689; x_wconf 74' lang='lat' dir='ltr'><strong>facta.</strong></span> <span class='ocrx_word' id='word_1_463' title='bbox 3528 2618 3591 2673; x_wconf 85' lang='lat' dir='ltr'><strong>Et</strong></span> <span class='ocrx_word' id='word_1_464' title='bbox 3612 2619 3753 2674; x_wconf 88' lang='lat' dir='ltr'><strong>item:</strong></span> 
     </span>
    </p>
   </div>
   <div class='ocr_carea' id='block_1_61' title="bbox 2181 2711 3756 2787">
    <p class='ocr_par' dir='ltr' id='par_1_61' title="bbox 2181 2711 3756 2787">
     <span class='ocr_line' id='line_1_61' title="bbox 2181 2711 3756 2787; baseline -0.001 -18"><span class='ocrx_word' id='word_1_465' title='bbox 2181 2715 2283 2781; x_wconf 85' lang='lat' dir='ltr'><strong>Qui</strong></span> <span class='ocrx_word' id='word_1_466' title='bbox 2313 2723 2524 2787; x_wconf 85' lang='lat' dir='ltr'><strong>propter</strong></span> <span class='ocrx_word' id='word_1_467' title='bbox 2555 2730 2647 2769; x_wconf 88' lang='lat' dir='ltr'><strong>nos</strong></span> <span class='ocrx_word' id='word_1_468' title='bbox 2687 2715 2857 2781; x_wconf 76' lang='lat' dir='ltr'><strong>venit,</strong></span> <span class='ocrx_word' id='word_1_469' title='bbox 2892 2723 2939 2768; x_wconf 89' lang='lat' dir='ltr'><strong>et</strong></span> <span class='ocrx_word' id='word_1_470' title='bbox 2969 2724 3118 2768; x_wconf 91' lang='lat' dir='ltr'><strong>natus</strong></span> <span class='ocrx_word' id='word_1_471' title='bbox 3147 2722 3222 2768; x_wconf 89' lang='lat' dir='ltr'><strong>est</strong></span> <span class='ocrx_word' id='word_1_472' title='bbox 3251 2728 3321 2769; x_wconf 80' lang='lat' dir='ltr'><strong>ea;</strong></span> <span class='ocrx_word' id='word_1_473' title='bbox 3352 2711 3526 2768; x_wconf 78' lang='lat' dir='ltr'><strong>Maria</strong></span> <span class='ocrx_word' id='word_1_474' title='bbox 3554 2713 3756 2784; x_wconf 81' lang='lat' dir='ltr'><strong>virgine,</strong></span> 
     </span>
    </p>
   </div>
   <div class='ocr_carea' id='block_1_62' title="bbox 2176 2809 2920 2879">
    <p class='ocr_par' dir='ltr' id='par_1_62' title="bbox 2176 2809 2920 2879">
     <span class='ocr_line' id='line_1_62' title="bbox 2176 2809 2920 2879; baseline -0.001 -16"><span class='ocrx_word' id='word_1_475' title='bbox 2176 2819 2227 2864; x_wconf 89' lang='lat' dir='ltr'><strong>et</strong></span> <span class='ocrx_word' id='word_1_476' title='bbox 2257 2809 2561 2878; x_wconf 70' lang='lat' dir='ltr'><strong>cruciﬁxus,</strong></span> <span class='ocrx_word' id='word_1_477' title='bbox 2597 2818 2644 2862; x_wconf 89' lang='lat' dir='ltr'><strong>et</strong></span> <span class='ocrx_word' id='word_1_478' title='bbox 2667 2809 2920 2879; x_wconf 80' lang='lat' dir='ltr'><strong>sepultus.</strong></span> 
     </span>
    </p>
   </div>
   <div class='ocr_carea' id='block_1_63' title="bbox 2740 2943 3177 3002">
    <p class='ocr_par' dir='ltr' id='par_1_63' title="bbox 2740 2943 3177 3002">
     <span class='ocr_line' id='line_1_63' title="bbox 2740 2943 3177 3002; baseline -0.002 -1"><span class='ocrx_word' id='word_1_479' title='bbox 2740 2943 2970 3002; x_wconf 85' lang='lat' dir='ltr'><strong>CAPUT</strong></span> <span class='ocrx_word' id='word_1_480' title='bbox 3009 2945 3177 3001; x_wconf 83' lang='lat' dir='ltr'><strong>XXII.</strong></span> 
     </span>
    </p>
   </div>
   <div class='ocr_carea' id='block_1_64' title="bbox 2182 3035 3758 3112">
    <p class='ocr_par' dir='ltr' id='par_1_64' title="bbox 2182 3035 3758 3112">
     <span class='ocr_line' id='line_1_64' title="bbox 2182 3035 3758 3112; baseline -0.003 -19"><span class='ocrx_word' id='word_1_481' title='bbox 2182 3035 2490 3112; x_wconf 86' lang='lat' dir='ltr'><strong>Conjunctio</strong></span> <span class='ocrx_word' id='word_1_482' title='bbox 2520 3036 2848 3112; x_wconf 69' lang='lat' dir='ltr'><strong>hypgstatica</strong></span> <span class='ocrx_word' id='word_1_483' title='bbox 2877 3038 3002 3112; x_wconf 72' lang='lat' dir='ltr'><strong>facit</strong></span> <span class='ocrx_word' id='word_1_484' title='bbox 3042 3046 3189 3112; x_wconf 75' lang='lat' dir='ltr'><strong>utea</strong></span> <span class='ocrx_word' id='word_1_485' title='bbox 3217 3052 3338 3107; x_wconf 74' lang='lat' dir='ltr'><strong>qua:</strong></span> <span class='ocrx_word' id='word_1_486' title='bbox 3379 3036 3551 3093; x_wconf 86' lang='lat' dir='ltr'><strong>carnis</strong></span> <span class='ocrx_word' id='word_1_487' title='bbox 3574 3044 3682 3092; x_wconf 87' lang='lat' dir='ltr'><strong>sunt</strong></span> <span class='ocrx_word' id='word_1_488' title='bbox 3711 3035 3758 3090; x_wconf 81' lang='lat' dir='ltr'><strong>in</strong></span> 
     </span>
    </p>
   </div>
   <div class='ocr_carea' id='block_1_65' title="bbox 2622 3108 3350 3176">
    <p class='ocr_par' dir='ltr' id='par_1_65' title="bbox 2622 3108 3350 3176">
     <span class='ocr_line' id='line_1_65' title="bbox 2622 3108 3350 3176; baseline -0.003 -12"><span class='ocrx_word' id='word_1_489' title='bbox 2622 3108 2847 3176; x_wconf 84' lang='lat' dir='ltr'><strong>Christo,</strong></span> <span class='ocrx_word' id='word_1_490' title='bbox 2882 3109 2989 3164; x_wconf 90' lang='lat' dir='ltr'><strong>Deo</strong></span> <span class='ocrx_word' id='word_1_491' title='bbox 3029 3109 3350 3163; x_wconf 86' lang='lat' dir='ltr'><strong>tribuantur.</strong></span> 
     </span>
    </p>
   </div>
   <div class='ocr_carea' id='block_1_66' title="bbox 2256 3224 3760 3298">
    <p class='ocr_par' dir='ltr' id='par_1_66' title="bbox 2256 3224 3760 3298">
     <span class='ocr_line' id='line_1_66' title="bbox 2256 3224 3760 3298; baseline -0.003 -15"><span class='ocrx_word' id='word_1_492' title='bbox 2256 3226 2542 3296; x_wconf 86' lang='lat' dir='ltr'><strong>Quomodo</strong></span> <span class='ocrx_word' id='word_1_493' title='bbox 2567 3240 2698 3298; x_wconf 86' lang='lat' dir='ltr'><strong>ergo</strong></span> <span class='ocrx_word' id='word_1_494' title='bbox 2718 3241 2842 3282; x_wconf 88' lang='lat' dir='ltr'><strong>cum</strong></span> <span class='ocrx_word' id='word_1_495' title='bbox 2866 3225 2983 3296; x_wconf 88' lang='lat' dir='ltr'><strong>ipsa</strong></span> <span class='ocrx_word' id='word_1_496' title='bbox 3017 3235 3042 3263; x_wconf 77' lang='grc' dir='ltr'>ε</span> <span class='ocrx_word' id='word_1_497' title='bbox 3070 3224 3427 3282; x_wconf 83' lang='lat' dir='ltr'><strong>confessione</strong></span> <span class='ocrx_word' id='word_1_498' title='bbox 3454 3229 3629 3280; x_wconf 87' lang='lat' dir='ltr'><strong>nostra</strong></span> <span class='ocrx_word' id='word_1_499' title='bbox 3651 3231 3760 3279; x_wconf 88' lang='lat' dir='ltr'><strong>ante</strong></span> 
     </span>
    </p>
   </div>
   <div class='ocr_carea' id='block_1_67' title="bbox 1545 3342 2696 3404">
    <p class='ocr_par' dir='ltr' id='par_1_67' title="bbox 1545 3342 2696 3404">
     <span class='ocr_line' id='line_1_67' title="bbox 1545 3342 2696 3404; baseline 0.001 -6"><span class='ocrx_word' id='word_1_500' title='bbox 1545 3342 1806 3398; x_wconf 77' lang='lat' dir='ltr'><strong>ALARDI</strong></span> <span class='ocrx_word' id='word_1_501' title='bbox 1847 3343 2080 3402; x_wconf 72' lang='lat' dir='ltr'><strong>GAZASI</strong></span> <span class='ocrx_word' id='word_1_502' title='bbox 2116 3342 2696 3404; x_wconf 81' lang='lat' dir='ltr'><strong>COMMENTARIUS.</strong></span> 
     </span>
    </p>
   </div>
   <div class='ocr_carea' id='block_1_68' title="bbox 547 3435 2080 3507">
    <p class='ocr_par' dir='ltr' id='par_1_68' title="bbox 547 3435 2080 3507">
     <span class='ocr_line' id='line_1_68' title="bbox 547 3435 2080 3507; baseline 0.001 -15"><span class='ocrx_word' id='word_1_503' title='bbox 547 3445 574 3474; x_wconf 77' lang='grc'><strong>⁸</strong></span> <span class='ocrx_word' id='word_1_504' title='bbox 614 3435 719 3492; x_wconf 83' lang='lat' dir='ltr'><strong>Alii</strong></span> <span class='ocrx_word' id='word_1_505' title='bbox 761 3437 978 3493; x_wconf 86' lang='lat' dir='ltr'><strong>codices</strong></span> <span class='ocrx_word' id='word_1_506' title='bbox 1011 3454 1024 3489; x_wconf 90' lang='lat'><strong>:</strong></span> <span class='ocrx_word' id='word_1_507' title='bbox 1075 3437 1256 3492; x_wconf 85' lang='lat' dir='ltr'><strong>Omnis</strong></span> <span class='ocrx_word' id='word_1_508' title='bbox 1285 3437 1465 3507; x_wconf 72' lang='lat' dir='ltr'><strong>futura</strong></span> <span class='ocrx_word' id='word_1_509' title='bbox 1492 3437 1751 3491; x_wconf 73' lang='lat' dir='ltr'><strong>(eternitas</strong></span> <span class='ocrx_word' id='word_1_510' title='bbox 1781 3448 1828 3492; x_wconf 91' lang='lat' dir='ltr'><strong>et</strong></span> <span class='ocrx_word' id='word_1_511' title='bbox 1860 3440 2080 3493; x_wconf 88' lang='lat' dir='ltr'><strong>immen-</strong></span> 
     </span>
    </p>
   </div>
   <div class='ocr_carea' id='block_1_69' title="bbox 467 3509 952 3580">
    <p class='ocr_par' dir='ltr' id='par_1_69' title="bbox 467 3509 952 3580">
     <span class='ocr_line' id='line_1_69' title="bbox 467 3509 952 3580; baseline 0 -18"><span class='ocrx_word' id='word_1_512' title='bbox 467 3511 604 3580; x_wconf 74' lang='lat' dir='ltr'><strong>sitas</strong></span> <span class='ocrx_word' id='word_1_513' title='bbox 629 3509 952 3580; x_wconf 76' lang='lat' dir='ltr'><strong>designatur.</strong></span> 
     </span>
    </p>
   </div>
   <div class='ocr_carea' id='block_1_70' title="bbox 546 3578 2074 3650">
    <p class='ocr_par' dir='ltr' id='par_1_70' title="bbox 546 3578 2074 3650">
     <span class='ocr_line' id='line_1_70' title="bbox 546 3578 2074 3650; baseline 0.002 -17"><span class='ocrx_word' id='word_1_514' title='bbox 546 3578 574 3617; x_wconf 77' lang='grc' dir='ltr'>δ</span> <span class='ocrx_word' id='word_1_515' title='bbox 619 3578 919 3644; x_wconf 82' lang='lat' dir='ltr'><strong>Hominem,</strong></span> <span class='ocrx_word' id='word_1_516' title='bbox 965 3594 1160 3650; x_wconf 91' lang='lat' dir='ltr'><strong>nempe</strong></span> <span class='ocrx_word' id='word_1_517' title='bbox 1202 3588 1261 3634; x_wconf 90' lang='lat' dir='ltr'><strong>ut</strong></span> <span class='ocrx_word' id='word_1_518' title='bbox 1298 3579 1600 3646; x_wconf 89' lang='lat' dir='ltr'><strong>hominem,</strong></span> <span class='ocrx_word' id='word_1_519' title='bbox 1649 3580 1734 3635; x_wconf 91' lang='lat' dir='ltr'><strong>vel</strong></span> <span class='ocrx_word' id='word_1_520' title='bbox 1774 3581 2074 3636; x_wconf 86' lang='lat' dir='ltr'><strong>secundum</strong></span> 
     </span>
    </p>
   </div>
   <div class='ocr_carea' id='block_1_71' title="bbox 473 3648 2075 3722">
    <p class='ocr_par' dir='ltr' id='par_1_71' title="bbox 473 3648 2075 3722">
     <span class='ocr_line' id='line_1_71' title="bbox 473 3648 2075 3722; baseline 0.003 -19"><span class='ocrx_word' id='word_1_521' title='bbox 473 3648 767 3704; x_wconf 86' lang='lat' dir='ltr'><strong>humanam</strong></span> <span class='ocrx_word' id='word_1_522' title='bbox 801 3661 1070 3706; x_wconf 85' lang='lat' dir='ltr'><strong>naturam.</strong></span> <span class='ocrx_word' id='word_1_523' title='bbox 1096 3648 1356 3722; x_wconf 71' lang='lat' dir='ltr'><strong>Alioquin</strong></span> <span class='ocrx_word' id='word_1_524' title='bbox 1398 3651 1717 3720; x_wconf 89' lang='lat' dir='ltr'><strong>simpliciter</strong></span> <span class='ocrx_word' id='word_1_525' title='bbox 1745 3663 1800 3707; x_wconf 91' lang='lat' dir='ltr'><strong>et</strong></span> <span class='ocrx_word' id='word_1_526' title='bbox 1827 3653 2075 3708; x_wconf 85' lang='lat' dir='ltr'><strong>absolute</strong></span> 
     </span>
    </p>
   </div>
   <div class='ocr_carea' id='block_1_72' title="bbox 461 3723 2074 3793">
    <p class='ocr_par' dir='ltr' id='par_1_72' title="bbox 461 3723 2074 3793">
     <span class='ocr_line' id='line_1_72' title="bbox 461 3723 2074 3793; baseline 0.004 -20"><span class='ocrx_word' id='word_1_527' title='bbox 461 3735 601 3774; x_wconf 65' lang='lat' dir='ltr'><strong>vera</strong></span> <span class='ocrx_word' id='word_1_528' title='bbox 631 3733 717 3777; x_wconf 91' lang='lat' dir='ltr'><strong>est</strong></span> <span class='ocrx_word' id='word_1_529' title='bbox 737 3725 849 3778; x_wconf 63' lang='lat' dir='ltr'><strong>hare</strong></span> <span class='ocrx_word' id='word_1_530' title='bbox 873 3724 1196 3793; x_wconf 89' lang='lat' dir='ltr'><strong>pr0positio,</strong></span> <span class='ocrx_word' id='word_1_531' title='bbox 1227 3723 1603 3778; x_wconf 87' lang='lat' dir='ltr'><strong>demonstrato</strong></span> <span class='ocrx_word' id='word_1_532' title='bbox 1629 3724 1882 3779; x_wconf 86' lang='lat' dir='ltr'><strong>Christo:</strong></span> <span class='ocrx_word' id='word_1_533' title='bbox 1913 3727 2074 3779; x_wconf 93' lang='lat' dir='ltr'><strong>homo</strong></span> 
     </span>
    </p>
   </div>
   <div class='ocr_carea' id='block_1_73' title="bbox 470 3793 2069 3863">
    <p class='ocr_par' dir='ltr' id='par_1_73' title="bbox 470 3793 2069 3863">
     <span class='ocr_line' id='line_1_73' title="bbox 470 3793 2069 3863; baseline 0.003 -17"><span class='ocrx_word' id='word_1_534' title='bbox 470 3793 592 3863; x_wconf 74' lang='lat' dir='ltr'><strong>istei</strong></span> <span class='ocrx_word' id='word_1_535' title='bbox 615 3809 679 3848; x_wconf 81' lang='lat' dir='ltr'><strong>ex</strong></span> <span class='ocrx_word' id='word_1_536' title='bbox 719 3795 879 3848; x_wconf 83' lang='lat' dir='ltr'><strong>Maria</strong></span> <span class='ocrx_word' id='word_1_537' title='bbox 914 3809 1070 3849; x_wconf 77' lang='lat' dir='ltr'><strong>natus</strong></span> <span class='ocrx_word' id='word_1_538' title='bbox 1105 3807 1230 3848; x_wconf 90' lang='lat' dir='ltr'><strong>ante</strong></span> <span class='ocrx_word' id='word_1_539' title='bbox 1272 3796 1498 3850; x_wconf 83' lang='lat' dir='ltr'><strong>exordia</strong></span> <span class='ocrx_word' id='word_1_540' title='bbox 1527 3810 1710 3849; x_wconf 89' lang='lat' dir='ltr'><strong>rerum</strong></span> <span class='ocrx_word' id='word_1_541' title='bbox 1733 3806 1788 3849; x_wconf 89' lang='lat' dir='ltr'><strong>et</strong></span> <span class='ocrx_word' id='word_1_542' title='bbox 1815 3803 1940 3849; x_wconf 85' lang='lat' dir='ltr'><strong>ante</strong></span> <span class='ocrx_word' id='word_1_543' title='bbox 1965 3810 2069 3851; x_wconf 86' lang='lat' dir='ltr'><strong>sae-</strong></span> 
     </span>
    </p>
   </div>
   <div class='ocr_carea' id='block_1_74' title="bbox 470 3864 2072 3936">
    <p class='ocr_par' dir='ltr' id='par_1_74' title="bbox 470 3864 2072 3936">
     <span class='ocr_line' id='line_1_74' title="bbox 470 3864 2072 3936; baseline 0.002 -19"><span class='ocrx_word' id='word_1_544' title='bbox 470 3864 590 3917; x_wconf 86' lang='lat' dir='ltr'><strong>cula</strong></span> <span class='ocrx_word' id='word_1_545' title='bbox 617 3867 826 3920; x_wconf 78' lang='lat' dir='ltr'><strong>exstitit</strong></span> <span class='ocrx_word' id='word_1_546' title='bbox 857 3882 869 3918; x_wconf 93' lang='lat'>:</span> <span class='ocrx_word' id='word_1_547' title='bbox 904 3867 1024 3936; x_wconf 87' lang='lat' dir='ltr'><strong>quia</strong></span> <span class='ocrx_word' id='word_1_548' title='bbox 1051 3865 1214 3920; x_wconf 90' lang='lat' dir='ltr'><strong>homo</strong></span> <span class='ocrx_word' id='word_1_549' title='bbox 1253 3866 1507 3936; x_wconf 86' lang='lat' dir='ltr'><strong>supponit</strong></span> <span class='ocrx_word' id='word_1_550' title='bbox 1536 3882 1634 3936; x_wconf 86' lang='lat' dir='ltr'><strong>pro</strong></span> <span class='ocrx_word' id='word_1_551' title='bbox 1666 3881 1920 3931; x_wconf 86' lang='lat' dir='ltr'><strong>persona,</strong></span> <span class='ocrx_word' id='word_1_552' title='bbox 1953 3882 2072 3935; x_wconf 73' lang='lat' dir='ltr'><strong>qua:</strong></span> 
     </span>
    </p>
   </div>
   <div class='ocr_carea' id='block_1_75' title="bbox 467 3936 2072 4006">
    <p class='ocr_par' dir='ltr' id='par_1_75' title="bbox 467 3936 2072 4006">
     <span class='ocr_line' id='line_1_75' title="bbox 467 3936 2072 4006; baseline 0.002 -18"><span class='ocrx_word' id='word_1_553' title='bbox 467 3949 582 3988; x_wconf 78' lang='lat' dir='ltr'><strong>non</strong></span> <span class='ocrx_word' id='word_1_554' title='bbox 619 3937 720 3988; x_wconf 82' lang='lat' dir='ltr'><strong>alia</strong></span> <span class='ocrx_word' id='word_1_555' title='bbox 753 3946 838 3991; x_wconf 74' lang='lat' dir='ltr'><strong>est</strong></span> <span class='ocrx_word' id='word_1_556' title='bbox 868 3937 918 3990; x_wconf 85' lang='lat' dir='ltr'><strong>in</strong></span> <span class='ocrx_word' id='word_1_557' title='bbox 944 3936 1160 3992; x_wconf 68' lang='lat' dir='ltr'><strong>Christo</strong></span> <span class='ocrx_word' id='word_1_558' title='bbox 1183 3953 1344 4006; x_wconf 88' lang='lat' dir='ltr'><strong>quam</strong></span> <span class='ocrx_word' id='word_1_559' title='bbox 1376 3953 1606 4006; x_wconf 85' lang='lat' dir='ltr'><strong>persona</strong></span> <span class='ocrx_word' id='word_1_560' title='bbox 1655 3937 1772 3992; x_wconf 77' lang='lat' dir='ltr'><strong>FtIii</strong></span> <span class='ocrx_word' id='word_1_561' title='bbox 1805 3937 1918 4000; x_wconf 90' lang='lat' dir='ltr'><strong>Dei,</strong></span> <span class='ocrx_word' id='word_1_562' title='bbox 1952 3954 2072 4005; x_wconf 69' lang='lat' dir='ltr'><strong>quae</strong></span> 
     </span>
    </p>
   </div>
   <div class='ocr_carea' id='block_1_76' title="bbox 470 4007 2068 4080">
    <p class='ocr_par' dir='ltr' id='par_1_76' title="bbox 470 4007 2068 4080">
     <span class='ocr_line' id='line_1_76' title="bbox 470 4007 2068 4080; baseline 0.003 -20"><span class='ocrx_word' id='word_1_563' title='bbox 470 4019 691 4080; x_wconf 70' lang='lat' dir='ltr'><strong>semper</strong></span> <span class='ocrx_word' id='word_1_564' title='bbox 713 4020 766 4061; x_wconf 84' lang='lat' dir='ltr'><strong>et</strong></span> <span class='ocrx_word' id='word_1_565' title='bbox 794 4010 862 4080; x_wconf 74' lang='lat' dir='ltr'><strong>ab</strong></span> <span class='ocrx_word' id='word_1_566' title='bbox 887 4019 1092 4062; x_wconf 60' lang='lat' dir='ltr'><strong>aeterno</strong></span> <span class='ocrx_word' id='word_1_567' title='bbox 1118 4008 1218 4062; x_wconf 83' lang='lat' dir='ltr'><strong>fuit</strong></span> <span class='ocrx_word' id='word_1_568' title='bbox 1245 4011 1262 4080; x_wconf 96' lang='lat'><strong>(</strong></span> <span class='ocrx_word' id='word_1_569' title='bbox 1288 4010 1351 4062; x_wconf 81' lang='lat' dir='ltr'><strong>S.</strong></span> <span class='ocrx_word' id='word_1_570' title='bbox 1381 4008 1570 4080; x_wconf 84' lang='lat' dir='ltr'><strong>Thom.</strong></span> <span class='ocrx_word' id='word_1_571' title='bbox 1600 4027 1658 4080; x_wconf 14' lang='grc' dir='ltr'><strong>γρ.</strong></span> <span class='ocrx_word' id='word_1_572' title='bbox 1694 4024 1772 4069; x_wconf 80' lang='grc' dir='ltr'>ιιι,</span> <span class='ocrx_word' id='word_1_573' title='bbox 1800 4026 1853 4078; x_wconf 90' lang='lat' dir='ltr'><strong>q.</strong></span> <span class='ocrx_word' id='word_1_574' title='bbox 1904 4007 1990 4074; x_wconf 83' lang='grc'><strong>16,</strong></span> <span class='ocrx_word' id='word_1_575' title='bbox 2015 4026 2068 4064; x_wconf 91' lang='lat' dir='ltr'><strong>a.</strong></span> 
     </span>
    </p>
   </div>
   <div class='ocr_carea' id='block_1_77' title="bbox 469 4076 2072 4148">
    <p class='ocr_par' dir='ltr' id='par_1_77' title="bbox 469 4076 2072 4148">
     <span class='ocr_line' id='line_1_77' title="bbox 469 4076 2072 4148; baseline 0.004 -18"><span class='ocrx_word' id='word_1_576' title='bbox 469 4076 529 4141; x_wconf 83' lang='lat'><strong>9,</strong></span> <span class='ocrx_word' id='word_1_577' title='bbox 561 4090 607 4131; x_wconf 87' lang='lat' dir='ltr'><strong>et</strong></span> <span class='ocrx_word' id='word_1_578' title='bbox 640 4077 783 4146; x_wconf 84' lang='lat' dir='ltr'><strong>Mug.</strong></span> <span class='ocrx_word' id='word_1_579' title='bbox 813 4079 1046 4134; x_wconf 86' lang='lat' dir='ltr'><strong>Sentent.</strong></span> <span class='ocrx_word' id='word_1_580' title='bbox 1088 4081 1205 4134; x_wconf 88' lang='lat' dir='ltr'><strong>init.</strong></span> <span class='ocrx_word' id='word_1_581' title='bbox 1249 4076 1374 4134; x_wconf 83' lang='lat' dir='ltr'><strong>dist.</strong></span> <span class='ocrx_word' id='word_1_582' title='bbox 1413 4079 1538 4141; x_wconf 77' lang='lat'><strong>12).</strong></span> <span class='ocrx_word' id='word_1_583' title='bbox 1569 4079 1726 4136; x_wconf 88' lang='lat' dir='ltr'><strong>Unde</strong></span> <span class='ocrx_word' id='word_1_584' title='bbox 1757 4076 1872 4148; x_wconf 87' lang='lat' dir='ltr'><strong>ipse</strong></span> <span class='ocrx_word' id='word_1_585' title='bbox 1916 4080 1984 4133; x_wconf 92' lang='lat' dir='ltr'><strong>de</strong></span> <span class='ocrx_word' id='word_1_586' title='bbox 2011 4095 2072 4136; x_wconf 88' lang='lat' dir='ltr'><strong>se</strong></span> 
     </span>
    </p>
   </div>
   <div class='ocr_carea' id='block_1_78' title="bbox 467 4149 2073 4221">
    <p class='ocr_par' dir='ltr' id='par_1_78' title="bbox 467 4149 2073 4221">
     <span class='ocr_line' id='line_1_78' title="bbox 467 4149 2073 4221; baseline 0.002 -20"><span class='ocrx_word' id='word_1_587' title='bbox 467 4149 526 4221; x_wconf 76' lang='lat' dir='ltr'><strong>in</strong></span> <span class='ocrx_word' id='word_1_588' title='bbox 577 4149 872 4219; x_wconf 79' lang='lat' dir='ltr'><strong>Evangelio</strong></span> <span class='ocrx_word' id='word_1_589' title='bbox 902 4150 1138 4221; x_wconf 88' lang='lat' dir='ltr'><strong>loquitur</strong></span> <span class='ocrx_word' id='word_1_590' title='bbox 1177 4152 1402 4206; x_wconf 76' lang='lat' dir='ltr'><strong>Joannis</strong></span> <span class='ocrx_word' id='word_1_591' title='bbox 1426 4167 1555 4205; x_wconf 82' lang='lat' dir='ltr'><strong>vm:</strong></span> <span class='ocrx_word' id='word_1_592' title='bbox 1588 4151 1874 4219; x_wconf 79' lang='lat' dir='ltr'><strong>Antequam</strong></span> <span class='ocrx_word' id='word_1_593' title='bbox 1906 4151 2073 4205; x_wconf 85' lang='lat' dir='ltr'><strong>Abra-</strong></span> 
     </span>
    </p>
   </div>
   <div class='ocr_carea' id='block_1_79' title="bbox 469 4218 2068 4295">
    <p class='ocr_par' dir='ltr' id='par_1_79' title="bbox 469 4218 2068 4295">
     <span class='ocr_line' id='line_1_79' title="bbox 469 4218 2068 4295; baseline 0.003 -24"><span class='ocrx_word' id='word_1_594' title='bbox 469 4218 590 4295; x_wconf 84' lang='lat' dir='ltr'><strong>ham</strong></span> <span class='ocrx_word' id='word_1_595' title='bbox 623 4218 786 4289; x_wconf 76' lang='lat' dir='ltr'><strong>ﬁeret,</strong></span> <span class='ocrx_word' id='word_1_596' title='bbox 832 4239 926 4295; x_wconf 82' lang='lat' dir='ltr'><strong>ego</strong></span> <span class='ocrx_word' id='word_1_597' title='bbox 963 4218 1113 4276; x_wconf 81' lang='lat' dir='ltr'><strong>sunt:</strong></span> <span class='ocrx_word' id='word_1_598' title='bbox 1140 4224 1280 4293; x_wconf 91' lang='lat' dir='ltr'><strong>quod</strong></span> <span class='ocrx_word' id='word_1_599' title='bbox 1327 4239 1431 4295; x_wconf 88' lang='lat' dir='ltr'><strong>non</strong></span> <span class='ocrx_word' id='word_1_600' title='bbox 1464 4223 1644 4295; x_wconf 79' lang='lat' dir='ltr'><strong>minus</strong></span> <span class='ocrx_word' id='word_1_601' title='bbox 1677 4218 1806 4276; x_wconf 83' lang='lat' dir='ltr'><strong>vere</strong></span> <span class='ocrx_word' id='word_1_602' title='bbox 1833 4221 1911 4275; x_wconf 90' lang='lat' dir='ltr'><strong>sic</strong></span> <span class='ocrx_word' id='word_1_603' title='bbox 1953 4222 2068 4295; x_wconf 75' lang='lat' dir='ltr'><strong>elo-</strong></span> 
     </span>
    </p>
   </div>
   <div class='ocr_carea' id='block_1_80' title="bbox 471 4292 2068 4364">
    <p class='ocr_par' dir='ltr' id='par_1_80' title="bbox 471 4292 2068 4364">
     <span class='ocr_line' id='line_1_80' title="bbox 471 4292 2068 4364; baseline 0.004 -23"><span class='ocrx_word' id='word_1_604' title='bbox 471 4292 561 4358; x_wconf 88' lang='lat' dir='ltr'><strong>qui</strong></span> <span class='ocrx_word' id='word_1_605' title='bbox 590 4297 759 4360; x_wconf 86' lang='lat' dir='ltr'><strong>putuit</strong></span> <span class='ocrx_word' id='word_1_606' title='bbox 797 4312 809 4346; x_wconf 85' lang='lat'>:</span> <span class='ocrx_word' id='word_1_607' title='bbox 844 4292 1420 4364; x_wconf 36' lang='lat' dir='ltr'><strong>Antequam&#39;mundus</strong></span> <span class='ocrx_word' id='word_1_608' title='bbox 1454 4293 1636 4358; x_wconf 80' lang='lat' dir='ltr'><strong>fieret,</strong></span> <span class='ocrx_word' id='word_1_609' title='bbox 1665 4307 1765 4362; x_wconf 88' lang='lat' dir='ltr'><strong>ego</strong></span> <span class='ocrx_word' id='word_1_610' title='bbox 1801 4307 1942 4364; x_wconf 91' lang='lat' dir='ltr'><strong>sum.</strong></span> <span class='ocrx_word' id='word_1_611' title='bbox 1976 4293 2068 4348; x_wconf 90' lang='lat' dir='ltr'><strong>Sic</strong></span> 
     </span>
    </p>
   </div>
   <div class='ocr_carea' id='block_1_81' title="bbox 468 4363 2069 4435">
    <p class='ocr_par' dir='ltr' id='par_1_81' title="bbox 468 4363 2069 4435">
     <span class='ocr_line' id='line_1_81' title="bbox 468 4363 2069 4435; baseline 0.002 -20"><span class='ocrx_word' id='word_1_612' title='bbox 468 4366 618 4416; x_wconf 81' lang='lat' dir='ltr'><strong>enim</strong></span> <span class='ocrx_word' id='word_1_613' title='bbox 675 4365 802 4418; x_wconf 91' lang='lat' dir='ltr'><strong>alibi</strong></span> <span class='ocrx_word' id='word_1_614' title='bbox 861 4363 1099 4435; x_wconf 81' lang='lat' dir='ltr'><strong>loquitur</strong></span> <span class='ocrx_word' id='word_1_615' title='bbox 1148 4383 1162 4418; x_wconf 91' lang='lat'>:</span> <span class='ocrx_word' id='word_1_616' title='bbox 1207 4363 1388 4430; x_wconf 91' lang='lat' dir='ltr'><strong>Pater,</strong></span> <span class='ocrx_word' id='word_1_617' title='bbox 1436 4365 1668 4432; x_wconf 81' lang='lat' dir='ltr'><strong>clari/ica</strong></span> <span class='ocrx_word' id='word_1_618' title='bbox 1695 4379 1772 4416; x_wconf 87' lang='lat' dir='ltr'><strong>me</strong></span> <span class='ocrx_word' id='word_1_619' title='bbox 1830 4363 2069 4418; x_wconf 70' lang='lat' dir='ltr'><strong>claritate</strong></span> 
     </span>
    </p>
   </div>
   <div class='ocr_carea' id='block_1_82' title="bbox 470 4435 2064 4507">
    <p class='ocr_par' dir='ltr' id='par_1_82' title="bbox 470 4435 2064 4507">
     <span class='ocr_line' id='line_1_82' title="bbox 470 4435 2064 4507; baseline 0.003 -22"><span class='ocrx_word' id='word_1_620' title='bbox 470 4449 627 4502; x_wconf 88' lang='lat' dir='ltr'><strong>quam</strong></span> <span class='ocrx_word' id='word_1_621' title='bbox 653 4437 809 4489; x_wconf 84' lang='lat' dir='ltr'><strong>habui</strong></span> <span class='ocrx_word' id='word_1_622' title='bbox 853 4439 996 4507; x_wconf 85' lang='lat' dir='ltr'><strong>apud</strong></span> <span class='ocrx_word' id='word_1_623' title='bbox 1032 4448 1078 4492; x_wconf 88' lang='lat' dir='ltr'><strong>te</strong></span> <span class='ocrx_word' id='word_1_624' title='bbox 1109 4437 1408 4507; x_wconf 81' lang='lat' dir='ltr'><strong>priusquam</strong></span> <span class='ocrx_word' id='word_1_625' title='bbox 1428 4437 1666 4507; x_wconf 57' lang='lat' dir='ltr'><strong>mundus</strong></span> <span class='ocrx_word' id='word_1_626' title='bbox 1705 4435 1851 4507; x_wconf 80' lang='lat' dir='ltr'><strong>ﬁeret</strong></span> <span class='ocrx_word' id='word_1_627' title='bbox 1880 4435 2064 4500; x_wconf 80' lang='lat' dir='ltr'><strong>(Joan.</strong></span> 
     </span>
    </p>
   </div>
   <div class='ocr_carea' id='block_1_83' title="bbox 470 4506 2066 4577">
    <p class='ocr_par' dir='ltr' id='par_1_83' title="bbox 470 4506 2066 4577">
     <span class='ocr_line' id='line_1_83' title="bbox 470 4506 2066 4577; baseline 0.001 -19"><span class='ocrx_word' id='word_1_628' title='bbox 470 4509 641 4577; x_wconf 61' lang='lat' dir='ltr'><strong>XVII).</strong></span> <span class='ocrx_word' id='word_1_629' title='bbox 700 4508 768 4560; x_wconf 84' lang='lat' dir='ltr'><strong>Et</strong></span> <span class='ocrx_word' id='word_1_630' title='bbox 811 4506 920 4577; x_wconf 84' lang='lat' dir='ltr'><strong>jam</strong></span> <span class='ocrx_word' id='word_1_631' title='bbox 957 4509 1084 4563; x_wconf 86' lang='lat' dir='ltr'><strong>olim</strong></span> <span class='ocrx_word' id='word_1_632' title='bbox 1118 4506 1312 4562; x_wconf 87' lang='lat' dir='ltr'><strong>Paulus</strong></span> <span class='ocrx_word' id='word_1_633' title='bbox 1357 4506 1744 4562; x_wconf 67' lang='lat' dir='ltr'><strong>Samosatenus</strong></span> <span class='ocrx_word' id='word_1_634' title='bbox 1795 4506 2066 4560; x_wconf 66' lang='lat' dir='ltr'><strong>haereseos</strong></span> 
     </span>
    </p>
   </div>
   <div class='ocr_carea' id='block_1_84' title="bbox 471 4576 2066 4651">
    <p class='ocr_par' dir='ltr' id='par_1_84' title="bbox 471 4576 2066 4651">
     <span class='ocr_line' id='line_1_84' title="bbox 471 4576 2066 4651; baseline 0.002 -22"><span class='ocrx_word' id='word_1_635' title='bbox 471 4576 758 4651; x_wconf 70' lang='lat' dir='ltr'><strong>deuinctus</strong></span> <span class='ocrx_word' id='word_1_636' title='bbox 802 4576 886 4651; x_wconf 79' lang='lat' dir='ltr'><strong>est</strong></span> <span class='ocrx_word' id='word_1_637' title='bbox 911 4623 926 4644; x_wconf 86' lang='lat'><strong>,</strong></span> <span class='ocrx_word' id='word_1_638' title='bbox 971 4579 1114 4651; x_wconf 92' lang='lat' dir='ltr'><strong>quod</strong></span> <span class='ocrx_word' id='word_1_639' title='bbox 1151 4579 1365 4651; x_wconf 78' lang='lat' dir='ltr'><strong>diceret</strong></span> <span class='ocrx_word' id='word_1_640' title='bbox 1405 4577 1682 4651; x_wconf 84' lang='lat' dir='ltr'><strong>Christum</strong></span> <span class='ocrx_word' id='word_1_641' title='bbox 1713 4591 1819 4630; x_wconf 93' lang='lat' dir='ltr'><strong>non</strong></span> <span class='ocrx_word' id='word_1_642' title='bbox 1849 4591 2066 4647; x_wconf 89' lang='lat' dir='ltr'><strong>semper</strong></span> 
     </span>
    </p>
   </div>
   <div class='ocr_carea' id='block_1_85' title="bbox 470 4645 2064 4713">
    <p class='ocr_par' dir='ltr' id='par_1_85' title="bbox 470 4645 2064 4713">
     <span class='ocr_line' id='line_1_85' title="bbox 470 4645 2064 4713; baseline 0.001 -13"><span class='ocrx_word' id='word_1_643' title='bbox 470 4645 678 4712; x_wconf 86' lang='lat' dir='ltr'><strong>fuisse,</strong></span> <span class='ocrx_word' id='word_1_644' title='bbox 733 4650 826 4706; x_wconf 88' lang='lat' dir='ltr'><strong>sed</strong></span> <span class='ocrx_word' id='word_1_645' title='bbox 871 4645 1082 4707; x_wconf 74' lang='lat' dir='ltr'><strong>initium</strong></span> <span class='ocrx_word' id='word_1_646' title='bbox 1127 4667 1192 4704; x_wconf 76' lang='lat' dir='ltr'><strong>ex</strong></span> <span class='ocrx_word' id='word_1_647' title='bbox 1237 4649 1403 4704; x_wconf 83' lang='lat' dir='ltr'><strong>Maria</strong></span> <span class='ocrx_word' id='word_1_648' title='bbox 1459 4649 1751 4713; x_wconf 86' lang='lat' dir='ltr'><strong>habuisse,</strong></span> <span class='ocrx_word' id='word_1_649' title='bbox 1803 4659 1860 4702; x_wconf 91' lang='lat' dir='ltr'><strong>ut</strong></span> <span class='ocrx_word' id='word_1_650' title='bbox 1899 4645 2064 4704; x_wconf 36' lang='lat' dir='ltr'><strong>rel—ert</strong></span> 
     </span>
    </p>
   </div>
   <div class='ocr_carea' id='block_1_86' title="bbox 469 4717 2148 4814">
    <p class='ocr_par' dir='ltr' id='par_1_86' title="bbox 469 4717 2148 4814">
     <span class='ocr_line' id='line_1_86' title="bbox 469 4717 2148 4814; baseline -0.001 -40"><span class='ocrx_word' id='word_1_651' title='bbox 469 4717 915 4814; x_wconf 50' lang='lat' dir='ltr'><strong>8.0Augrustinus</strong></span> <span class='ocrx_word' id='word_1_652' title='bbox 950 4718 1548 4814; x_wconf 42' lang='lat' dir='ltr'><strong>‘hmresin/talliulseb:</strong></span> <span class='ocrx_word' id='word_1_653' title='bbox 1595 4720 1807 4814; x_wconf 53' lang='lat'><strong>“0.0”!</strong></span> <span class='ocrx_word' id='word_1_654' title='bbox 1856 4719 2060 4814; x_wconf 60' lang='lat' dir='ltr'><strong>Hister.</strong></span> <span class='ocrx_word' id='word_1_655' title='bbox 2097 4755 2148 4814; x_wconf 70' lang='grc' dir='ltr'>υ</span> 
     </span>
    </p>
   </div>
   <div class='ocr_carea' id='block_1_87' title="bbox 469 4788 2068 4862">
    <p class='ocr_par' dir='ltr' id='par_1_87' title="bbox 469 4788 2068 4862">
     <span class='ocr_line' id='line_1_87' title="bbox 469 4788 2068 4862; baseline 0.001 -19"><span class='ocrx_word' id='word_1_656' title='bbox 469 4806 519 4844; x_wconf 90' lang='lat' dir='ltr'><strong>c.</strong></span> <span class='ocrx_word' id='word_1_657' title='bbox 547 4788 762 4862; x_wconf 70' lang='grc' dir='ltr'><strong>24).Ὲι</strong></span> <span class='ocrx_word' id='word_1_658' title='bbox 786 4795 912 4848; x_wconf 80' lang='lat' dir='ltr'><strong>illud</strong></span> <span class='ocrx_word' id='word_1_659' title='bbox 939 4794 1051 4848; x_wconf 80' lang='lat' dir='ltr'><strong>Arii</strong></span> <span class='ocrx_word' id='word_1_660' title='bbox 1083 4794 1150 4846; x_wconf 88' lang='lat' dir='ltr'><strong>de</strong></span> <span class='ocrx_word' id='word_1_661' title='bbox 1175 4792 1394 4847; x_wconf 89' lang='lat' dir='ltr'><strong>Christo</strong></span> <span class='ocrx_word' id='word_1_662' title='bbox 1425 4793 1651 4857; x_wconf 84' lang='lat' dir='ltr'><strong>dictum,</strong></span> <span class='ocrx_word' id='word_1_663' title='bbox 1680 4788 1831 4859; x_wconf 83' lang='lat' dir='ltr'><strong>Erat,</strong></span> <span class='ocrx_word' id='word_1_664' title='bbox 1858 4793 2068 4862; x_wconf 79' lang='lat' dir='ltr'><strong>quando</strong></span> 
     </span>
    </p>
   </div>
   <div class='ocr_carea' id='block_1_88' title="bbox 465 4861 2064 4931">
    <p class='ocr_par' dir='ltr' id='par_1_88' title="bbox 465 4861 2064 4931">
     <span class='ocr_line' id='line_1_88' title="bbox 465 4861 2064 4931; baseline 0.001 -17"><span class='ocrx_word' id='word_1_665' title='bbox 465 4877 572 4916; x_wconf 86' lang='lat' dir='ltr'><strong>non</strong></span> <span class='ocrx_word' id='word_1_666' title='bbox 601 4873 742 4926; x_wconf 89' lang='lat' dir='ltr'><strong>erat;</strong></span> <span class='ocrx_word' id='word_1_667' title='bbox 771 4875 818 4916; x_wconf 87' lang='lat' dir='ltr'><strong>et</strong></span> <span class='ocrx_word' id='word_1_668' title='bbox 859 4880 961 4917; x_wconf 91' lang='lat' dir='ltr'><strong>non</strong></span> <span class='ocrx_word' id='word_1_669' title='bbox 992 4874 1122 4930; x_wconf 90' lang='lat' dir='ltr'><strong>erat,</strong></span> <span class='ocrx_word' id='word_1_670' title='bbox 1155 4873 1430 4931; x_wconf 87' lang='lat' dir='ltr'><strong>antequam</strong></span> <span class='ocrx_word' id='word_1_671' title='bbox 1474 4870 1800 4924; x_wconf 83' lang='lat' dir='ltr'><strong>nasceretur;</strong></span> <span class='ocrx_word' id='word_1_672' title='bbox 1829 4876 1857 4915; x_wconf 89' lang='lat' dir='ltr'><strong>a</strong></span> <span class='ocrx_word' id='word_1_673' title='bbox 1891 4861 2064 4915; x_wconf 78' lang='lat' dir='ltr'><strong>Patri-</strong></span> 
     </span>
    </p>
   </div>
   <div class='ocr_carea' id='block_1_89' title="bbox 463 4931 2064 5004">
    <p class='ocr_par' dir='ltr' id='par_1_89' title="bbox 463 4931 2064 5004">
     <span class='ocr_line' id='line_1_89' title="bbox 463 4931 2064 5004; baseline 0 -18"><span class='ocrx_word' id='word_1_674' title='bbox 463 4931 568 4987; x_wconf 81' lang='lat' dir='ltr'><strong>bus</strong></span> <span class='ocrx_word' id='word_1_675' title='bbox 617 4935 848 4989; x_wconf 70' lang='lat' dir='ltr'><strong>Nicaente</strong></span> <span class='ocrx_word' id='word_1_676' title='bbox 876 4935 1066 5004; x_wconf 81' lang='lat' dir='ltr'><strong>synodi</strong></span> <span class='ocrx_word' id='word_1_677' title='bbox 1099 4934 1443 4986; x_wconf 82' lang='lat' dir='ltr'><strong>anathemate</strong></span> <span class='ocrx_word' id='word_1_678' title='bbox 1483 4932 1796 5004; x_wconf 57' lang='lat' dir='ltr'><strong>damnatum</strong></span> <span class='ocrx_word' id='word_1_679' title='bbox 1839 4931 2064 5002; x_wconf 72' lang='lat' dir='ltr'><strong>(Ruﬁn.</strong></span> 
     </span>
    </p>
   </div>
   <div class='ocr_carea' id='block_1_90' title="bbox 469 5001 2067 5073">
    <p class='ocr_par' dir='ltr' id='par_1_90' title="bbox 469 5001 2067 5073">
     <span class='ocr_line' id='line_1_90' title="bbox 469 5001 2067 5073; baseline 0.001 -17"><span class='ocrx_word' id='word_1_680' title='bbox 469 5005 558 5058; x_wconf 85' lang='lat' dir='ltr'><strong>tib.</strong></span> <span class='ocrx_word' id='word_1_681' title='bbox 587 5022 601 5059; x_wconf 89' lang='grc' dir='ltr'><strong>ι</strong></span> <span class='ocrx_word' id='word_1_682' title='bbox 632 5005 833 5059; x_wconf 80' lang='lat' dir='ltr'><strong>Hister.</strong></span> <span class='ocrx_word' id='word_1_683' title='bbox 871 5001 1070 5058; x_wconf 73' lang='lat' dir='ltr'><strong>Eccles.</strong></span> <span class='ocrx_word' id='word_1_684' title='bbox 1090 5006 1128 5073; x_wconf 91' lang='lat'><strong>).</strong></span> <span class='ocrx_word' id='word_1_685' title='bbox 1154 5004 1326 5059; x_wconf 91' lang='lat' dir='ltr'><strong>Sicuti</strong></span> <span class='ocrx_word' id='word_1_686' title='bbox 1357 5018 1488 5072; x_wconf 91' lang='lat' dir='ltr'><strong>ergo</strong></span> <span class='ocrx_word' id='word_1_687' title='bbox 1529 5001 1696 5056; x_wconf 86' lang='lat' dir='ltr'><strong>Filius</strong></span> <span class='ocrx_word' id='word_1_688' title='bbox 1727 5001 1961 5056; x_wconf 86' lang='lat' dir='ltr'><strong>hominis</strong></span> <span class='ocrx_word' id='word_1_689' title='bbox 1983 5015 2067 5059; x_wconf 91' lang='lat' dir='ltr'><strong>est</strong></span> 
     </span>
    </p>
   </div>
   <div class='ocr_carea' id='block_1_91' title="bbox 464 5073 2066 5144">
    <p class='ocr_par' dir='ltr' id='par_1_91' title="bbox 464 5073 2066 5144">
     <span class='ocr_line' id='line_1_91' title="bbox 464 5073 2066 5144; baseline 0.001 -14"><span class='ocrx_word' id='word_1_690' title='bbox 464 5075 694 5144; x_wconf 85' lang='lat' dir='ltr'><strong>ubique,</strong></span> <span class='ocrx_word' id='word_1_691' title='bbox 734 5087 785 5132; x_wconf 91' lang='lat' dir='ltr'><strong>et</strong></span> <span class='ocrx_word' id='word_1_692' title='bbox 824 5079 876 5131; x_wconf 94' lang='lat' dir='ltr'><strong>iu</strong></span> <span class='ocrx_word' id='word_1_693' title='bbox 919 5077 1059 5130; x_wconf 78' lang='lat' dir='ltr'><strong>emlo</strong></span> <span class='ocrx_word' id='word_1_694' title='bbox 1085 5082 1140 5128; x_wconf 90' lang='lat' dir='ltr'><strong>et</strong></span> <span class='ocrx_word' id='word_1_695' title='bbox 1171 5077 1222 5127; x_wconf 92' lang='lat' dir='ltr'><strong>in</strong></span> <span class='ocrx_word' id='word_1_696' title='bbox 1252 5083 1418 5139; x_wconf 87' lang='lat' dir='ltr'><strong>terra,</strong></span> <span class='ocrx_word' id='word_1_697' title='bbox 1465 5073 1920 5144; x_wconf 87' lang='lat' dir='ltr'><strong>quemadmodum</strong></span> <span class='ocrx_word' id='word_1_698' title='bbox 1952 5075 2066 5142; x_wconf 86' lang='lat' dir='ltr'><strong>ipse</strong></span> 
     </span>
    </p>
   </div>
   <div class='ocr_carea' id='block_1_92' title="bbox 467 5144 2064 5214">
    <p class='ocr_par' dir='ltr' id='par_1_92' title="bbox 467 5144 2064 5214">
     <span class='ocr_line' id='line_1_92' title="bbox 467 5144 2064 5214; baseline 0.002 -16"><span class='ocrx_word' id='word_1_699' title='bbox 467 5151 566 5210; x_wconf 84' lang='lat' dir='ltr'><strong>ait,</strong></span> <span class='ocrx_word' id='word_1_700' title='bbox 626 5147 790 5200; x_wconf 86' lang='lat' dir='ltr'><strong>Nemo</strong></span> <span class='ocrx_word' id='word_1_701' title='bbox 841 5147 1068 5202; x_wconf 87' lang='lat' dir='ltr'><strong>ascendit</strong></span> <span class='ocrx_word' id='word_1_702' title='bbox 1099 5149 1152 5198; x_wconf 89' lang='lat' dir='ltr'><strong>in</strong></span> <span class='ocrx_word' id='word_1_703' title='bbox 1184 5148 1388 5208; x_wconf 75' lang='lat' dir='ltr'><strong>C(Blltlll,</strong></span> <span class='ocrx_word' id='word_1_704' title='bbox 1434 5145 1535 5198; x_wconf 88' lang='lat' dir='ltr'><strong>nisi</strong></span> <span class='ocrx_word' id='word_1_705' title='bbox 1582 5145 1670 5214; x_wconf 90' lang='lat' dir='ltr'><strong>qui</strong></span> <span class='ocrx_word' id='word_1_706' title='bbox 1706 5144 1969 5198; x_wconf 85' lang='lat' dir='ltr'><strong>descendit</strong></span> <span class='ocrx_word' id='word_1_707' title='bbox 1999 5146 2064 5201; x_wconf 92' lang='lat' dir='ltr'><strong>de</strong></span> 
     </span>
    </p>
   </div>
   <div class='ocr_carea' id='block_1_93' title="bbox 465 5213 2060 5286">
    <p class='ocr_par' dir='ltr' id='par_1_93' title="bbox 465 5213 2060 5286">
     <span class='ocr_line' id='line_1_93' title="bbox 465 5213 2060 5286; baseline 0.001 -17"><span class='ocrx_word' id='word_1_708' title='bbox 465 5220 618 5283; x_wconf 75' lang='lat' dir='ltr'><strong>cmlo,</strong></span> <span class='ocrx_word' id='word_1_709' title='bbox 655 5218 822 5272; x_wconf 79' lang='lat' dir='ltr'><strong>Filius</strong></span> <span class='ocrx_word' id='word_1_710' title='bbox 851 5217 1101 5281; x_wconf 88' lang='lat' dir='ltr'><strong>hominis,</strong></span> <span class='ocrx_word' id='word_1_711' title='bbox 1130 5217 1218 5284; x_wconf 88' lang='lat' dir='ltr'><strong>qui</strong></span> <span class='ocrx_word' id='word_1_712' title='bbox 1244 5226 1318 5269; x_wconf 89' lang='lat' dir='ltr'><strong>est</strong></span> <span class='ocrx_word' id='word_1_713' title='bbox 1338 5217 1391 5268; x_wconf 91' lang='lat' dir='ltr'><strong>in</strong></span> <span class='ocrx_word' id='word_1_714' title='bbox 1413 5215 1539 5270; x_wconf 74' lang='lat' dir='ltr'><strong>caelo</strong></span> <span class='ocrx_word' id='word_1_715' title='bbox 1569 5213 1770 5284; x_wconf 78' lang='lat' dir='ltr'><strong>(Joan.</strong></span> <span class='ocrx_word' id='word_1_716' title='bbox 1800 5231 1856 5270; x_wconf 87' lang='grc' dir='ltr'><strong>ιιι</strong></span> <span class='ocrx_word' id='word_1_717' title='bbox 1882 5217 1924 5286; x_wconf 91' lang='lat'><strong>),</strong></span> <span class='ocrx_word' id='word_1_718' title='bbox 1955 5233 2060 5271; x_wconf 91' lang='lat' dir='ltr'><strong>non</strong></span> 
     </span>
    </p>
   </div>
   <div class='ocr_carea' id='block_1_94' title="bbox 465 5288 2061 5357">
    <p class='ocr_par' dir='ltr' id='par_1_94' title="bbox 465 5288 2061 5357">
     <span class='ocr_line' id='line_1_94' title="bbox 465 5288 2061 5357; baseline 0.002 -15"><span class='ocrx_word' id='word_1_719' title='bbox 465 5291 610 5357; x_wconf 83' lang='lat' dir='ltr'><strong>quod</strong></span> <span class='ocrx_word' id='word_1_720' title='bbox 636 5290 686 5342; x_wconf 92' lang='lat' dir='ltr'><strong>in</strong></span> <span class='ocrx_word' id='word_1_721' title='bbox 719 5291 859 5344; x_wconf 73' lang='lat' dir='ltr'><strong>ctelo</strong></span> <span class='ocrx_word' id='word_1_722' title='bbox 887 5301 999 5342; x_wconf 83' lang='lat' dir='ltr'><strong>tum</strong></span> <span class='ocrx_word' id='word_1_723' title='bbox 1027 5297 1170 5341; x_wconf 87' lang='lat' dir='ltr'><strong>esset</strong></span> <span class='ocrx_word' id='word_1_724' title='bbox 1194 5295 1461 5356; x_wconf 88' lang='lat' dir='ltr'><strong>quatenus</strong></span> <span class='ocrx_word' id='word_1_725' title='bbox 1492 5288 1656 5342; x_wconf 80' lang='lat' dir='ltr'><strong>Filius</strong></span> <span class='ocrx_word' id='word_1_726' title='bbox 1679 5289 1932 5356; x_wconf 90' lang='lat' dir='ltr'><strong>hominis,</strong></span> <span class='ocrx_word' id='word_1_727' title='bbox 1966 5290 2061 5346; x_wconf 87' lang='lat' dir='ltr'><strong>sed</strong></span> 
     </span>
    </p>
   </div>
   <div class='ocr_carea' id='block_1_95' title="bbox 465 5358 2059 5429">
    <p class='ocr_par' dir='ltr' id='par_1_95' title="bbox 465 5358 2059 5429">
     <span class='ocr_line' id='line_1_95' title="bbox 465 5358 2059 5429; baseline 0.001 -17"><span class='ocrx_word' id='word_1_728' title='bbox 465 5362 611 5429; x_wconf 88' lang='lat' dir='ltr'><strong>quod</strong></span> <span class='ocrx_word' id='word_1_729' title='bbox 643 5361 783 5414; x_wconf 91' lang='lat' dir='ltr'><strong>idem</strong></span> <span class='ocrx_word' id='word_1_730' title='bbox 816 5370 962 5414; x_wconf 87' lang='lat' dir='ltr'><strong>esset</strong></span> <span class='ocrx_word' id='word_1_731' title='bbox 992 5358 1083 5412; x_wconf 87' lang='lat' dir='ltr'><strong>Dei</strong></span> <span class='ocrx_word' id='word_1_732' title='bbox 1111 5366 1166 5412; x_wconf 91' lang='lat' dir='ltr'><strong>et</strong></span> <span class='ocrx_word' id='word_1_733' title='bbox 1197 5358 1436 5429; x_wconf 87' lang='lat' dir='ltr'><strong>hominis</strong></span> <span class='ocrx_word' id='word_1_734' title='bbox 1483 5359 1626 5413; x_wconf 84' lang='lat' dir='ltr'><strong>filius</strong></span> <span class='ocrx_word' id='word_1_735' title='bbox 1661 5377 1674 5412; x_wconf 88' lang='lat'><strong>:</strong></span> <span class='ocrx_word' id='word_1_736' title='bbox 1715 5360 1785 5412; x_wconf 88' lang='lat' dir='ltr'><strong>ita</strong></span> <span class='ocrx_word' id='word_1_737' title='bbox 1820 5376 1943 5414; x_wconf 88' lang='lat' dir='ltr'><strong>vere</strong></span> <span class='ocrx_word' id='word_1_738' title='bbox 1973 5360 2059 5414; x_wconf 92' lang='lat' dir='ltr'><strong>di-</strong></span> 
     </span>
    </p>
   </div>
   <div class='ocr_carea' id='block_1_96' title="bbox 465 5427 2060 5498">
    <p class='ocr_par' dir='ltr' id='par_1_96' title="bbox 465 5427 2060 5498">
     <span class='ocr_line' id='line_1_96' title="bbox 465 5427 2060 5498; baseline 0.001 -14"><span class='ocrx_word' id='word_1_739' title='bbox 465 5427 611 5484; x_wconf 80' lang='lat' dir='ltr'><strong>citur</strong></span> <span class='ocrx_word' id='word_1_740' title='bbox 634 5433 795 5485; x_wconf 87' lang='lat' dir='ltr'><strong>homo</strong></span> <span class='ocrx_word' id='word_1_741' title='bbox 824 5430 913 5484; x_wconf 91' lang='lat' dir='ltr'><strong>ille</strong></span> <span class='ocrx_word' id='word_1_742' title='bbox 943 5444 1160 5495; x_wconf 85' lang='lat' dir='ltr'><strong>semper</strong></span> <span class='ocrx_word' id='word_1_743' title='bbox 1190 5427 1380 5493; x_wconf 80' lang='lat' dir='ltr'><strong>fuisse,</strong></span> <span class='ocrx_word' id='word_1_744' title='bbox 1422 5431 1632 5484; x_wconf 87' lang='lat' dir='ltr'><strong>ratione</strong></span> <span class='ocrx_word' id='word_1_745' title='bbox 1658 5444 1923 5498; x_wconf 64' lang='lat' dir='ltr'><strong>personae,</strong></span> <span class='ocrx_word' id='word_1_746' title='bbox 1954 5446 2060 5486; x_wconf 94' lang='lat' dir='ltr'><strong>non</strong></span> 
     </span>
    </p>
   </div>
   <div class='ocr_carea' id='block_1_97' title="bbox 466 5499 2063 5569">
    <p class='ocr_par' dir='ltr' id='par_1_97' title="bbox 466 5499 2063 5569">
     <span class='ocr_line' id='line_1_97' title="bbox 466 5499 2063 5569; baseline 0.001 -15"><span class='ocrx_word' id='word_1_747' title='bbox 466 5503 679 5556; x_wconf 78' lang='lat' dir='ltr'><strong>ratione</strong></span> <span class='ocrx_word' id='word_1_748' title='bbox 705 5503 955 5554; x_wconf 64' lang='lat' dir='ltr'><strong>humanae</strong></span> <span class='ocrx_word' id='word_1_749' title='bbox 979 5510 1210 5564; x_wconf 56' lang='lat' dir='ltr'><strong>naturai,</strong></span> <span class='ocrx_word' id='word_1_750' title='bbox 1235 5512 1295 5554; x_wconf 91' lang='lat' dir='ltr'><strong>ut</strong></span> <span class='ocrx_word' id='word_1_751' title='bbox 1319 5499 1598 5556; x_wconf 79' lang='lat' dir='ltr'><strong>Ne~torius</strong></span> <span class='ocrx_word' id='word_1_752' title='bbox 1619 5502 1944 5569; x_wconf 85' lang='lat' dir='ltr'><strong>somniabat,</strong></span> <span class='ocrx_word' id='word_1_753' title='bbox 1968 5513 2063 5556; x_wconf 90' lang='lat' dir='ltr'><strong>aut</strong></span> 
     </span>
    </p>
   </div>
   <div class='ocr_carea' id='block_1_98' title="bbox 466 5571 2059 5641">
    <p class='ocr_par' dir='ltr' id='par_1_98' title="bbox 466 5571 2059 5641">
     <span class='ocr_line' id='line_1_98' title="bbox 466 5571 2059 5641; baseline 0.001 -17"><span class='ocrx_word' id='word_1_754' title='bbox 466 5573 823 5625; x_wconf 85' lang='lat' dir='ltr'><strong>eavillabatur</strong></span> <span class='ocrx_word' id='word_1_755' title='bbox 853 5587 866 5625; x_wconf 91' lang='lat'><strong>:</strong></span> <span class='ocrx_word' id='word_1_756' title='bbox 894 5571 1349 5639; x_wconf 87' lang='lat' dir='ltr'><strong>quemadmodum</strong></span> <span class='ocrx_word' id='word_1_757' title='bbox 1385 5588 1446 5627; x_wconf 74' lang='lat' dir='ltr'><strong>ex</strong></span> <span class='ocrx_word' id='word_1_758' title='bbox 1492 5588 1559 5627; x_wconf 91' lang='lat' dir='ltr'><strong>eo</strong></span> <span class='ocrx_word' id='word_1_759' title='bbox 1581 5573 1724 5640; x_wconf 90' lang='lat' dir='ltr'><strong>quod</strong></span> <span class='ocrx_word' id='word_1_760' title='bbox 1755 5587 1850 5641; x_wconf 90' lang='lat' dir='ltr'><strong>per</strong></span> <span class='ocrx_word' id='word_1_761' title='bbox 1878 5575 2059 5626; x_wconf 87' lang='lat' dir='ltr'><strong>incar-</strong></span> 
     </span>
    </p>
   </div>
   <div class='ocr_carea' id='block_1_99' title="bbox 463 5643 2060 5710">
    <p class='ocr_par' dir='ltr' id='par_1_99' title="bbox 463 5643 2060 5710">
     <span class='ocr_line' id='line_1_99' title="bbox 463 5643 2060 5710; baseline 0.003 -16"><span class='ocrx_word' id='word_1_762' title='bbox 463 5643 746 5695; x_wconf 85' lang='lat' dir='ltr'><strong>nationem</strong></span> <span class='ocrx_word' id='word_1_763' title='bbox 792 5655 1086 5710; x_wconf 87' lang='lat' dir='ltr'><strong>corporeus</strong></span> <span class='ocrx_word' id='word_1_764' title='bbox 1125 5643 1297 5696; x_wconf 89' lang='lat' dir='ltr'><strong>factus</strong></span> <span class='ocrx_word' id='word_1_765' title='bbox 1327 5645 1400 5699; x_wconf 88' lang='lat' dir='ltr'><strong>sit</strong></span> <span class='ocrx_word' id='word_1_766' title='bbox 1443 5645 1533 5698; x_wconf 90' lang='lat' dir='ltr'><strong>Dei</strong></span> <span class='ocrx_word' id='word_1_767' title='bbox 1564 5644 1754 5710; x_wconf 77' lang='lat' dir='ltr'><strong>Filius,</strong></span> <span class='ocrx_word' id='word_1_768' title='bbox 1800 5643 2060 5698; x_wconf 82' lang='lat' dir='ltr'><strong>inferebat</strong></span> 
     </span>
    </p>
   </div>
   <div class='ocr_carea' id='block_1_100' title="bbox 466 5710 2061 5784">
    <p class='ocr_par' dir='ltr' id='par_1_100' title="bbox 466 5710 2061 5784">
     <span class='ocr_line' id='line_1_100' title="bbox 466 5710 2061 5784; baseline 0.003 -20"><span class='ocrx_word' id='word_1_769' title='bbox 466 5710 587 5779; x_wconf 90' lang='lat' dir='ltr'><strong>ipse</strong></span> <span class='ocrx_word' id='word_1_770' title='bbox 630 5712 698 5784; x_wconf 85' lang='lat' dir='ltr'><strong>ab</strong></span> <span class='ocrx_word' id='word_1_771' title='bbox 755 5722 960 5784; x_wconf 71' lang='lat' dir='ltr'><strong>aeterno</strong></span> <span class='ocrx_word' id='word_1_772' title='bbox 999 5727 1319 5782; x_wconf 86' lang='lat' dir='ltr'><strong>corporeum</strong></span> <span class='ocrx_word' id='word_1_773' title='bbox 1365 5713 1570 5782; x_wconf 87' lang='lat' dir='ltr'><strong>fuisse,</strong></span> <span class='ocrx_word' id='word_1_774' title='bbox 1622 5725 1729 5771; x_wconf 89' lang='lat' dir='ltr'><strong>tam</strong></span> <span class='ocrx_word' id='word_1_775' title='bbox 1779 5716 2061 5784; x_wconf 87' lang='lat' dir='ltr'><strong>nugatorie</strong></span> 
     </span>
    </p>
   </div>
   <div class='ocr_carea' id='block_1_101' title="bbox 465 5781 1046 5852">
    <p class='ocr_par' dir='ltr' id='par_1_101' title="bbox 465 5781 1046 5852">
     <span class='ocr_line' id='line_1_101' title="bbox 465 5781 1046 5852; baseline 0.012 -17"><span class='ocrx_word' id='word_1_776' title='bbox 465 5795 629 5852; x_wconf 84' lang='lat' dir='ltr'><strong>quam</strong></span> <span class='ocrx_word' id='word_1_777' title='bbox 657 5781 1046 5843; x_wconf 87' lang='lat' dir='ltr'><strong>fraudulenter.</strong></span> 
     </span>
    </p>
   </div>
   <div class='ocr_carea' id='block_1_102' title="bbox 2259 3433 3760 3504">
    <p class='ocr_par' dir='ltr' id='par_1_102' title="bbox 2259 3433 3760 3504">
     <span class='ocr_line' id='line_1_102' title="bbox 2259 3433 3760 3504; baseline -0.002 -10"><span class='ocrx_word' id='word_1_778' title='bbox 2259 3451 2282 3478; x_wconf 76' lang='grc' dir='ltr'><strong>ο</strong></span> <span class='ocrx_word' id='word_1_779' title='bbox 2321 3439 2554 3494; x_wconf 91' lang='lat' dir='ltr'><strong>Carnem</strong></span> <span class='ocrx_word' id='word_1_780' title='bbox 2596 3436 2808 3492; x_wconf 90' lang='lat' dir='ltr'><strong>scilicet</strong></span> <span class='ocrx_word' id='word_1_781' title='bbox 2851 3436 3000 3504; x_wconf 91' lang='lat' dir='ltr'><strong>prius</strong></span> <span class='ocrx_word' id='word_1_782' title='bbox 3042 3434 3392 3499; x_wconf 81' lang='lat' dir='ltr'><strong>existentem,</strong></span> <span class='ocrx_word' id='word_1_783' title='bbox 3442 3434 3527 3490; x_wconf 90' lang='lat' dir='ltr'><strong>vel</strong></span> <span class='ocrx_word' id='word_1_784' title='bbox 3567 3433 3760 3491; x_wconf 87' lang='lat' dir='ltr'><strong>aliunde</strong></span> 
     </span>
    </p>
   </div>
   <div class='ocr_carea' id='block_1_103' title="bbox 2183 3506 3756 3579">
    <p class='ocr_par' dir='ltr' id='par_1_103' title="bbox 2183 3506 3756 3579">
     <span class='ocr_line' id='line_1_103' title="bbox 2183 3506 3756 3579; baseline -0.004 -13"><span class='ocrx_word' id='word_1_785' title='bbox 2183 3521 2460 3578; x_wconf 78' lang='lat' dir='ltr'><strong>acceptam</strong></span> <span class='ocrx_word' id='word_1_786' title='bbox 2505 3528 2518 3563; x_wconf 91' lang='lat'>:</span> <span class='ocrx_word' id='word_1_787' title='bbox 2567 3509 2838 3579; x_wconf 91' lang='lat' dir='ltr'><strong>quomodo</strong></span> <span class='ocrx_word' id='word_1_788' title='bbox 2877 3506 3206 3579; x_wconf 72' lang='lat' dir='ltr'><strong>Apollinaris</strong></span> <span class='ocrx_word' id='word_1_789' title='bbox 3246 3506 3471 3562; x_wconf 87' lang='lat' dir='ltr'><strong>dicebat</strong></span> <span class='ocrx_word' id='word_1_790' title='bbox 3511 3506 3756 3579; x_wconf 76' lang='lat' dir='ltr'><strong>Christum</strong></span> 
     </span>
    </p>
   </div>
   <div class='ocr_carea' id='block_1_104' title="bbox 2183 3577 3758 3648">
    <p class='ocr_par' dir='ltr' id='par_1_104' title="bbox 2183 3577 3758 3648">
     <span class='ocr_line' id='line_1_104' title="bbox 2183 3577 3758 3648; baseline -0.003 -10"><span class='ocrx_word' id='word_1_791' title='bbox 2183 3583 2251 3638; x_wconf 89' lang='lat' dir='ltr'><strong>de</strong></span> <span class='ocrx_word' id='word_1_792' title='bbox 2274 3577 2415 3638; x_wconf 71' lang='lat' dir='ltr'><strong>ctelo</strong></span> <span class='ocrx_word' id='word_1_793' title='bbox 2439 3577 2668 3635; x_wconf 81' lang='lat' dir='ltr'><strong>traxisse</strong></span> <span class='ocrx_word' id='word_1_794' title='bbox 2693 3595 2916 3647; x_wconf 90' lang='lat' dir='ltr'><strong>corpus,</strong></span> <span class='ocrx_word' id='word_1_795' title='bbox 2938 3589 2989 3635; x_wconf 92' lang='lat' dir='ltr'><strong>et</strong></span> <span class='ocrx_word' id='word_1_796' title='bbox 3016 3593 3112 3648; x_wconf 89' lang='lat' dir='ltr'><strong>per</strong></span> <span class='ocrx_word' id='word_1_797' title='bbox 3133 3577 3376 3647; x_wconf 74' lang='lat' dir='ltr'><strong>Virginis</strong></span> <span class='ocrx_word' id='word_1_798' title='bbox 3399 3589 3608 3633; x_wconf 89' lang='lat' dir='ltr'><strong>uterum</strong></span> <span class='ocrx_word' id='word_1_799' title='bbox 3626 3577 3758 3646; x_wconf 86' lang='lat' dir='ltr'><strong>quasi</strong></span> 
     </span>
    </p>
   </div>
   <div class='ocr_carea' id='block_1_105' title="bbox 2182 3647 3760 3725">
    <p class='ocr_par' dir='ltr' id='par_1_105' title="bbox 2182 3647 3760 3725">
     <span class='ocr_line' id='line_1_105' title="bbox 2182 3647 3760 3725; baseline -0.004 -17"><span class='ocrx_word' id='word_1_800' title='bbox 2182 3669 2282 3719; x_wconf 85' lang='lat' dir='ltr'><strong>per</strong></span> <span class='ocrx_word' id='word_1_801' title='bbox 2322 3653 2568 3725; x_wconf 85' lang='lat' dir='ltr'><strong>canalem</strong></span> <span class='ocrx_word' id='word_1_802' title='bbox 2617 3666 2933 3725; x_wconf 54' lang='lat' dir='ltr'><strong>permgsse</strong></span> <span class='ocrx_word' id='word_1_803' title='bbox 2971 3647 3492 3725; x_wconf 40' lang='lat' dir='ltr'><strong>{quemadmodum</strong></span> <span class='ocrx_word' id='word_1_804' title='bbox 3537 3647 3760 3725; x_wconf 72' lang='lat' dir='ltr'><strong>referunt</strong></span> 
     </span>
    </p>
   </div>
   <div class='ocr_carea' id='block_1_106' title="bbox 2181 3719 3760 3793">
    <p class='ocr_par' dir='ltr' id='par_1_106' title="bbox 2181 3719 3760 3793">
     <span class='ocr_line' id='line_1_106' title="bbox 2181 3719 3760 3793; baseline -0.004 -13"><span class='ocrx_word' id='word_1_805' title='bbox 2181 3724 2519 3792; x_wconf 88' lang='lat' dir='ltr'><strong>Epiphanius</strong></span> <span class='ocrx_word' id='word_1_806' title='bbox 2546 3732 2602 3777; x_wconf 92' lang='lat' dir='ltr'><strong>et</strong></span> <span class='ocrx_word' id='word_1_807' title='bbox 2621 3719 2956 3793; x_wconf 71' lang='lat' dir='ltr'><strong>Augustinus</strong></span> <span class='ocrx_word' id='word_1_808' title='bbox 2991 3722 3087 3775; x_wconf 86' lang='lat' dir='ltr'><strong>lib.</strong></span> <span class='ocrx_word' id='word_1_809' title='bbox 3120 3722 3190 3776; x_wconf 89' lang='lat' dir='ltr'><strong>de</strong></span> <span class='ocrx_word' id='word_1_810' title='bbox 3217 3721 3551 3777; x_wconf 72' lang='lat' dir='ltr'><strong>llteresibus.</strong></span> <span class='ocrx_word' id='word_1_811' title='bbox 3585 3719 3673 3775; x_wconf 91' lang='lat' dir='ltr'><strong>Vel</strong></span> <span class='ocrx_word' id='word_1_812' title='bbox 3710 3727 3760 3774; x_wconf 89' lang='lat' dir='ltr'><strong>ut</strong></span> 
     </span>
    </p>
   </div>
   <div class='ocr_carea' id='block_1_107' title="bbox 2179 3793 3758 3862">
    <p class='ocr_par' dir='ltr' id='par_1_107' title="bbox 2179 3793 3758 3862">
     <span class='ocr_line' id='line_1_107' title="bbox 2179 3793 3758 3862; baseline -0.003 -13"><span class='ocrx_word' id='word_1_813' title='bbox 2179 3796 2273 3851; x_wconf 90' lang='lat' dir='ltr'><strong>alii</strong></span> <span class='ocrx_word' id='word_1_814' title='bbox 2303 3797 2546 3850; x_wconf 90' lang='lat' dir='ltr'><strong>dicentes</strong></span> <span class='ocrx_word' id='word_1_815' title='bbox 2574 3808 2792 3848; x_wconf 89' lang='lat' dir='ltr'><strong>carnem</strong></span> <span class='ocrx_word' id='word_1_816' title='bbox 2839 3793 3044 3848; x_wconf 89' lang='lat' dir='ltr'><strong>Christi</strong></span> <span class='ocrx_word' id='word_1_817' title='bbox 3075 3802 3402 3861; x_wconf 87' lang='lat' dir='ltr'><strong>conceptam</strong></span> <span class='ocrx_word' id='word_1_818' title='bbox 3430 3794 3579 3862; x_wconf 87' lang='lat' dir='ltr'><strong>prius</strong></span> <span class='ocrx_word' id='word_1_819' title='bbox 3614 3806 3758 3862; x_wconf 89' lang='lat' dir='ltr'><strong>quam</strong></span> 
     </span>
    </p>
   </div>
   <div class='ocr_carea' id='block_1_108' title="bbox 2178 3862 3759 3934">
    <p class='ocr_par' dir='ltr' id='par_1_108' title="bbox 2178 3862 3759 3934">
     <span class='ocr_line' id='line_1_108' title="bbox 2178 3862 3759 3934; baseline -0.002 -14"><span class='ocrx_word' id='word_1_820' title='bbox 2178 3882 2208 3920; x_wconf 86' lang='lat' dir='ltr'><strong>a</strong></span> <span class='ocrx_word' id='word_1_821' title='bbox 2253 3867 2430 3921; x_wconf 87' lang='lat' dir='ltr'><strong>Verbo</strong></span> <span class='ocrx_word' id='word_1_822' title='bbox 2470 3875 2860 3920; x_wconf 80' lang='lat' dir='ltr'><strong>assumeretur.</strong></span> <span class='ocrx_word' id='word_1_823' title='bbox 2906 3863 3108 3920; x_wconf 88' lang='lat' dir='ltr'><strong>Contra</strong></span> <span class='ocrx_word' id='word_1_824' title='bbox 3157 3880 3318 3934; x_wconf 90' lang='lat' dir='ltr'><strong>quem</strong></span> <span class='ocrx_word' id='word_1_825' title='bbox 3353 3879 3603 3934; x_wconf 65' lang='lat' dir='ltr'><strong>errorem</strong></span> <span class='ocrx_word' id='word_1_826' title='bbox 3635 3862 3759 3917; x_wconf 89' lang='lat' dir='ltr'><strong>idem</strong></span> 
     </span>
    </p>
   </div>
   <div class='ocr_carea' id='block_1_109' title="bbox 2178 3931 3759 4007">
    <p class='ocr_par' dir='ltr' id='par_1_109' title="bbox 2178 3931 3759 4007">
     <span class='ocr_line' id='line_1_109' title="bbox 2178 3931 3759 4007; baseline -0.003 -16"><span class='ocrx_word' id='word_1_827' title='bbox 2178 3938 2511 4007; x_wconf 76' lang='lat' dir='ltr'><strong>Augustinus</strong></span> <span class='ocrx_word' id='word_1_828' title='bbox 2543 3937 2634 3992; x_wconf 92' lang='lat' dir='ltr'><strong>lih.</strong></span> <span class='ocrx_word' id='word_1_829' title='bbox 2668 3936 2736 3990; x_wconf 93' lang='lat' dir='ltr'><strong>de</strong></span> <span class='ocrx_word' id='word_1_830' title='bbox 2768 3936 2899 3991; x_wconf 86' lang='lat' dir='ltr'><strong>Fide</strong></span> <span class='ocrx_word' id='word_1_831' title='bbox 2925 3936 2990 3990; x_wconf 85' lang='lat' dir='ltr'><strong>ad</strong></span> <span class='ocrx_word' id='word_1_832' title='bbox 3017 3931 3236 3991; x_wconf 52' lang='lat' dir='ltr'><strong>Petru&#39;m</strong></span> <span class='ocrx_word' id='word_1_833' title='bbox 3263 3951 3390 4007; x_wconf 87' lang='lat' dir='ltr'><strong>cap.</strong></span> <span class='ocrx_word' id='word_1_834' title='bbox 3422 3934 3489 3991; x_wconf 81' lang='grc'>18</span> <span class='ocrx_word' id='word_1_835' title='bbox 3518 3954 3529 3988; x_wconf 93' lang='lat'><strong>:</strong></span> <span class='ocrx_word' id='word_1_836' title='bbox 3559 3931 3759 3988; x_wconf 80' lang='lat' dir='ltr'><strong>Firmis-</strong></span> 
     </span>
    </p>
   </div>
   <div class='ocr_carea' id='block_1_110' title="bbox 2175 4006 3759 4079">
    <p class='ocr_par' dir='ltr' id='par_1_110' title="bbox 2175 4006 3759 4079">
     <span class='ocr_line' id='line_1_110' title="bbox 2175 4006 3759 4079; baseline -0.003 -17"><span class='ocrx_word' id='word_1_837' title='bbox 2175 4006 2324 4074; x_wconf 85' lang='lat' dir='ltr'><strong>sime,</strong></span> <span class='ocrx_word' id='word_1_838' title='bbox 2362 4010 2556 4079; x_wconf 89' lang='lat' dir='ltr'><strong>inquit,</strong></span> <span class='ocrx_word' id='word_1_839' title='bbox 2584 4010 2755 4071; x_wconf 86' lang='lat' dir='ltr'><strong>crede,</strong></span> <span class='ocrx_word' id='word_1_840' title='bbox 2785 4018 2830 4062; x_wconf 90' lang='lat' dir='ltr'><strong>et</strong></span> <span class='ocrx_word' id='word_1_841' title='bbox 2859 4008 3155 4062; x_wconf 81' lang='lat' dir='ltr'><strong>nullatenus</strong></span> <span class='ocrx_word' id='word_1_842' title='bbox 3185 4006 3414 4075; x_wconf 85' lang='lat' dir='ltr'><strong>dubites,</strong></span> <span class='ocrx_word' id='word_1_843' title='bbox 3443 4023 3543 4060; x_wconf 90' lang='lat' dir='ltr'><strong>non</strong></span> <span class='ocrx_word' id='word_1_844' title='bbox 3574 4021 3759 4060; x_wconf 84' lang='lat' dir='ltr'><strong>carnem</strong></span> 
     </span>
    </p>
   </div>
   <div class='ocr_carea' id='block_1_111' title="bbox 2177 4079 3756 4150">
    <p class='ocr_par' dir='ltr' id='par_1_111' title="bbox 2177 4079 3756 4150">
     <span class='ocr_line' id='line_1_111' title="bbox 2177 4079 3756 4150; baseline -0.003 -15"><span class='ocrx_word' id='word_1_845' title='bbox 2177 4081 2370 4136; x_wconf 81' lang='lat' dir='ltr'><strong>Christi</strong></span> <span class='ocrx_word' id='word_1_846' title='bbox 2406 4083 2516 4135; x_wconf 86' lang='lat' dir='ltr'><strong>sine</strong></span> <span class='ocrx_word' id='word_1_847' title='bbox 2560 4081 2826 4134; x_wconf 76' lang='lat' dir='ltr'><strong>divinitate</strong></span> <span class='ocrx_word' id='word_1_848' title='bbox 2865 4090 3166 4150; x_wconf 84' lang='lat' dir='ltr'><strong>conceptam</strong></span> <span class='ocrx_word' id='word_1_849' title='bbox 3209 4080 3263 4132; x_wconf 90' lang='lat' dir='ltr'><strong>in</strong></span> <span class='ocrx_word' id='word_1_850' title='bbox 3313 4079 3756 4150; x_wconf 85' lang='lat' dir='ltr'><strong>Virginis__utero,</strong></span> 
     </span>
    </p>
   </div>
   <div class='ocr_carea' id='block_1_112' title="bbox 2175 4147 3758 4224">
    <p class='ocr_par' dir='ltr' id='par_1_112' title="bbox 2175 4147 3758 4224">
     <span class='ocr_line' id='line_1_112' title="bbox 2175 4147 3758 4224; baseline -0.002 -20"><span class='ocrx_word' id='word_1_851' title='bbox 2175 4153 2473 4224; x_wconf 85' lang='lat' dir='ltr'><strong>priusquam</strong></span> <span class='ocrx_word' id='word_1_852' title='bbox 2515 4153 2858 4222; x_wconf 83' lang='lat' dir='ltr'><strong>susciperetur</strong></span> <span class='ocrx_word' id='word_1_853' title='bbox 2885 4167 2918 4204; x_wconf 91' lang='lat' dir='ltr'><strong>a</strong></span> <span class='ocrx_word' id='word_1_854' title='bbox 2954 4147 3156 4216; x_wconf 79' lang='lat' dir='ltr'><strong>Verbo,</strong></span> <span class='ocrx_word' id='word_1_855' title='bbox 3199 4152 3290 4204; x_wconf 89' lang='lat' dir='ltr'><strong>sed</strong></span> <span class='ocrx_word' id='word_1_856' title='bbox 3334 4147 3503 4221; x_wconf 77' lang='lat' dir='ltr'><strong>ipsum</strong></span> <span class='ocrx_word' id='word_1_857' title='bbox 3557 4147 3758 4202; x_wconf 80' lang='lat' dir='ltr'><strong>Verbum</strong></span> 
     </span>
    </p>
   </div>
   <div class='ocr_carea' id='block_1_113' title="bbox 2177 4223 3758 4293">
    <p class='ocr_par' dir='ltr' id='par_1_113' title="bbox 2177 4223 3758 4293">
     <span class='ocr_line' id='line_1_113' title="bbox 2177 4223 3758 4293; baseline -0.003 -18"><span class='ocrx_word' id='word_1_858' title='bbox 2177 4223 2342 4277; x_wconf 88' lang='lat' dir='ltr'><strong>Deum</strong></span> <span class='ocrx_word' id='word_1_859' title='bbox 2367 4240 2475 4278; x_wconf 69' lang='lat' dir='ltr'><strong>sua!</strong></span> <span class='ocrx_word' id='word_1_860' title='bbox 2503 4225 2674 4293; x_wconf 71' lang='lat' dir='ltr'><strong>carnis</strong></span> <span class='ocrx_word' id='word_1_861' title='bbox 2697 4224 2989 4293; x_wconf 84' lang='lat' dir='ltr'><strong>acceptione</strong></span> <span class='ocrx_word' id='word_1_862' title='bbox 3016 4233 3339 4292; x_wconf 82' lang='lat' dir='ltr'><strong>conceptum,</strong></span> <span class='ocrx_word' id='word_1_863' title='bbox 3371 4224 3632 4293; x_wconf 84' lang='lat' dir='ltr'><strong>ipsamque</strong></span> <span class='ocrx_word' id='word_1_864' title='bbox 3658 4235 3758 4293; x_wconf 74' lang='lat' dir='ltr'><strong>car-</strong></span> 
     </span>
    </p>
   </div>
   <div class='ocr_carea' id='block_1_114' title="bbox 2175 4289 3755 4363">
    <p class='ocr_par' dir='ltr' id='par_1_114' title="bbox 2175 4289 3755 4363">
     <span class='ocr_line' id='line_1_114' title="bbox 2175 4289 3755 4363; baseline -0.003 -16"><span class='ocrx_word' id='word_1_865' title='bbox 2175 4310 2290 4348; x_wconf 84' lang='lat' dir='ltr'><strong>nem</strong></span> <span class='ocrx_word' id='word_1_866' title='bbox 2329 4293 2478 4349; x_wconf 84' lang='lat' dir='ltr'><strong>Verbi</strong></span> <span class='ocrx_word' id='word_1_867' title='bbox 2504 4289 2867 4363; x_wconf 79' lang='lat' dir='ltr'><strong>lncarnatione</strong></span> <span class='ocrx_word' id='word_1_868' title='bbox 2893 4289 3208 4363; x_wconf 80' lang='lat' dir='ltr'><strong>conceptam.</strong></span> <span class='ocrx_word' id='word_1_869' title='bbox 3237 4293 3305 4346; x_wconf 87' lang='lat' dir='ltr'><strong>Et</strong></span> <span class='ocrx_word' id='word_1_870' title='bbox 3328 4289 3492 4360; x_wconf 81' lang='lat' dir='ltr'><strong>epist.</strong></span> <span class='ocrx_word' id='word_1_871' title='bbox 3517 4289 3554 4345; x_wconf 77' lang='lat'><strong>3</strong></span> <span class='ocrx_word' id='word_1_872' title='bbox 3571 4292 3635 4345; x_wconf 89' lang='lat' dir='ltr'><strong>ad</strong></span> <span class='ocrx_word' id='word_1_873' title='bbox 3665 4289 3755 4343; x_wconf 82' lang='lat' dir='ltr'><strong>Vo-</strong></span> 
     </span>
    </p>
   </div>
   <div class='ocr_carea' id='block_1_115' title="bbox 2173 4362 3757 4434">
    <p class='ocr_par' dir='ltr' id='par_1_115' title="bbox 2173 4362 3757 4434">
     <span class='ocr_line' id='line_1_115' title="bbox 2173 4362 3757 4434; baseline -0.003 -16"><span class='ocrx_word' id='word_1_874' title='bbox 2173 4365 2440 4421; x_wconf 87' lang='lat' dir='ltr'><strong>lusianum</strong></span> <span class='ocrx_word' id='word_1_875' title='bbox 2459 4366 2616 4420; x_wconf 84' lang='lat' dir='ltr'><strong>:Cum</strong></span> <span class='ocrx_word' id='word_1_876' title='bbox 2637 4366 2771 4419; x_wconf 87' lang='lat' dir='ltr'><strong>enim</strong></span> <span class='ocrx_word' id='word_1_877' title='bbox 2807 4362 3019 4417; x_wconf 87' lang='lat' dir='ltr'><strong>Verbum</strong></span> <span class='ocrx_word' id='word_1_878' title='bbox 3049 4362 3142 4418; x_wconf 87' lang='lat' dir='ltr'><strong>Dei</strong></span> <span class='ocrx_word' id='word_1_879' title='bbox 3161 4365 3478 4434; x_wconf 66' lang='lat' dir='ltr'><strong>permixtum</strong></span> <span class='ocrx_word' id='word_1_880' title='bbox 3495 4373 3569 4418; x_wconf 85' lang='lat' dir='ltr'><strong>est</strong></span> <span class='ocrx_word' id='word_1_881' title='bbox 3589 4363 3757 4416; x_wconf 63' lang='lat' dir='ltr'><strong>animo</strong></span> 
     </span>
    </p>
   </div>
   <div class='ocr_carea' id='block_1_116' title="bbox 2172 4435 3752 4507">
    <p class='ocr_par' dir='ltr' id='par_1_116' title="bbox 2172 4435 3752 4507">
     <span class='ocr_line' id='line_1_116' title="bbox 2172 4435 3752 4507; baseline -0.003 -18"><span class='ocrx_word' id='word_1_882' title='bbox 2172 4435 2378 4491; x_wconf 88' lang='lat' dir='ltr'><strong>habenti</strong></span> <span class='ocrx_word' id='word_1_883' title='bbox 2421 4453 2634 4507; x_wconf 87' lang='lat' dir='ltr'><strong>corpus,</strong></span> <span class='ocrx_word' id='word_1_884' title='bbox 2664 4435 2820 4490; x_wconf 89' lang='lat' dir='ltr'><strong>simul</strong></span> <span class='ocrx_word' id='word_1_885' title='bbox 2858 4446 2904 4488; x_wconf 89' lang='lat' dir='ltr'><strong>et</strong></span> <span class='ocrx_word' id='word_1_886' title='bbox 2941 4435 3459 4507; x_wconf 15' lang='lat' dir='ltr'><strong>animantisuscepio</strong></span> <span class='ocrx_word' id='word_1_887' title='bbox 3474 4445 3522 4486; x_wconf 88' lang='lat' dir='ltr'><strong>et</strong></span> <span class='ocrx_word' id='word_1_888' title='bbox 3563 4449 3752 4507; x_wconf 73' lang='lat' dir='ltr'><strong>corpus.</strong></span> 
     </span>
    </p>
   </div>
   <div class='ocr_carea' id='block_1_117' title="bbox 2172 4503 3753 4562">
    <p class='ocr_par' dir='ltr' id='par_1_117' title="bbox 2172 4503 3753 4562">
     <span class='ocr_line' id='line_1_117' title="bbox 2172 4503 3753 4562; baseline -0.003 -1"><span class='ocrx_word' id='word_1_889' title='bbox 2172 4503 2523 4562; x_wconf 71' lang='lat' dir='ltr'><strong>Athanasius</strong></span> <span class='ocrx_word' id='word_1_890' title='bbox 2553 4509 2647 4561; x_wconf 86' lang='lat' dir='ltr'><strong>lih.</strong></span> <span class='ocrx_word' id='word_1_891' title='bbox 2680 4508 2746 4560; x_wconf 89' lang='lat' dir='ltr'><strong>de</strong></span> <span class='ocrx_word' id='word_1_892' title='bbox 2773 4507 3150 4561; x_wconf 85' lang='lat' dir='ltr'><strong>lncarnatione</strong></span> <span class='ocrx_word' id='word_1_893' title='bbox 3181 4506 3343 4560; x_wconf 85' lang='lat' dir='ltr'><strong>Verbi</strong></span> <span class='ocrx_word' id='word_1_894' title='bbox 3362 4503 3388 4560; x_wconf 70' lang='grc' dir='ltr'>ἐ</span> <span class='ocrx_word' id='word_1_895' title='bbox 3421 4505 3602 4560; x_wconf 88' lang='lat' dir='ltr'><strong>Carnis</strong></span> <span class='ocrx_word' id='word_1_896' title='bbox 3644 4503 3753 4557; x_wconf 89' lang='lat' dir='ltr'><strong>unio</strong></span> 
     </span>
    </p>
   </div>
   <div class='ocr_carea' id='block_1_118' title="bbox 2171 4571 3756 4648">
    <p class='ocr_par' dir='ltr' id='par_1_118' title="bbox 2171 4571 3756 4648">
     <span class='ocr_line' id='line_1_118' title="bbox 2171 4571 3756 4648; baseline -0.003 -18"><span class='ocrx_word' id='word_1_897' title='bbox 2171 4595 2287 4633; x_wconf 89' lang='lat' dir='ltr'><strong>cum</strong></span> <span class='ocrx_word' id='word_1_898' title='bbox 2324 4579 2470 4633; x_wconf 80' lang='lat' dir='ltr'><strong>Verbi</strong></span> <span class='ocrx_word' id='word_1_899' title='bbox 2491 4579 2759 4633; x_wconf 86' lang='lat' dir='ltr'><strong>divinitate</strong></span> <span class='ocrx_word' id='word_1_900' title='bbox 2784 4594 2848 4632; x_wconf 79' lang='lat' dir='ltr'><strong>ea:</strong></span> <span class='ocrx_word' id='word_1_901' title='bbox 2869 4588 3014 4631; x_wconf 87' lang='lat' dir='ltr'><strong>utero</strong></span> <span class='ocrx_word' id='word_1_902' title='bbox 3037 4579 3286 4648; x_wconf 85' lang='lat' dir='ltr'><strong>originem</strong></span> <span class='ocrx_word' id='word_1_903' title='bbox 3318 4577 3498 4631; x_wconf 69' lang='lat' dir='ltr'><strong>traxit.</strong></span> <span class='ocrx_word' id='word_1_904' title='bbox 3533 4571 3612 4628; x_wconf 85' lang='lat' dir='ltr'><strong>Ibi</strong></span> <span class='ocrx_word' id='word_1_905' title='bbox 3634 4574 3756 4648; x_wconf 84' lang='lat' dir='ltr'><strong>enim</strong></span> 
     </span>
    </p>
   </div>
   <div class='ocr_carea' id='block_1_119' title="bbox 2173 4646 3756 4716">
    <p class='ocr_par' dir='ltr' id='par_1_119' title="bbox 2173 4646 3756 4716">
     <span class='ocr_line' id='line_1_119' title="bbox 2173 4646 3756 4716; baseline -0.004 -12"><span class='ocrx_word' id='word_1_906' title='bbox 2173 4667 2284 4704; x_wconf 89' lang='lat' dir='ltr'><strong>eam</strong></span> <span class='ocrx_word' id='word_1_907' title='bbox 2313 4649 2556 4714; x_wconf 88' lang='lat' dir='ltr'><strong>Verbum,</strong></span> <span class='ocrx_word' id='word_1_908' title='bbox 2586 4666 2702 4703; x_wconf 90' lang='lat' dir='ltr'><strong>cum</strong></span> <span class='ocrx_word' id='word_1_909' title='bbox 2727 4667 2753 4704; x_wconf 90' lang='lat' dir='ltr'><strong>e</strong></span> <span class='ocrx_word' id='word_1_910' title='bbox 2779 4650 2904 4703; x_wconf 71' lang='lat' dir='ltr'><strong>coelo</strong></span> <span class='ocrx_word' id='word_1_911' title='bbox 2924 4646 3233 4711; x_wconf 72' lang='lat' dir='ltr'><strong>adueniiset.</strong></span> <span class='ocrx_word' id='word_1_912' title='bbox 3260 4648 3524 4701; x_wconf 85' lang='lat' dir='ltr'><strong>constituit</strong></span> <span class='ocrx_word' id='word_1_913' title='bbox 3548 4646 3756 4716; x_wconf 86' lang='lat' dir='ltr'><strong>:quippe</strong></span> 
     </span>
    </p>
   </div>
   <div class='ocr_carea' id='block_1_120' title="bbox 2173 4718 3752 4789">
    <p class='ocr_par' dir='ltr' id='par_1_120' title="bbox 2173 4718 3752 4789">
     <span class='ocr_line' id='line_1_120' title="bbox 2173 4718 3752 4789; baseline -0.003 -17"><span class='ocrx_word' id='word_1_914' title='bbox 2173 4738 2287 4786; x_wconf 68' lang='lat' dir='ltr'><strong>qua:</strong></span> <span class='ocrx_word' id='word_1_915' title='bbox 2331 4738 2433 4776; x_wconf 92' lang='lat' dir='ltr'><strong>non</strong></span> <span class='ocrx_word' id='word_1_916' title='bbox 2471 4731 2616 4783; x_wconf 84' lang='lat' dir='ltr'><strong>erat,</strong></span> <span class='ocrx_word' id='word_1_917' title='bbox 2659 4730 2934 4789; x_wconf 83' lang='lat' dir='ltr'><strong>antequam</strong></span> <span class='ocrx_word' id='word_1_918' title='bbox 2970 4719 3197 4773; x_wconf 81' lang='lat' dir='ltr'><strong>Verbum</strong></span> <span class='ocrx_word' id='word_1_919' title='bbox 3243 4719 3449 4789; x_wconf 70' lang='lat' dir='ltr'><strong>calitus</strong></span> <span class='ocrx_word' id='word_1_920' title='bbox 3487 4718 3752 4789; x_wconf 69' lang='lat' dir='ltr'><strong>adveniret.</strong></span> 
     </span>
    </p>
   </div>
   <div class='ocr_carea' id='block_1_121' title="bbox 2175 4785 3754 4854">
    <p class='ocr_par' dir='ltr' id='par_1_121' title="bbox 2175 4785 3754 4854">
     <span class='ocr_line' id='line_1_121' title="bbox 2175 4785 3754 4854; baseline -0.004 -8"><span class='ocrx_word' id='word_1_921' title='bbox 2175 4794 2539 4848; x_wconf 86' lang='lat' dir='ltr'><strong>Damascenus</strong></span> <span class='ocrx_word' id='word_1_922' title='bbox 2569 4793 2606 4846; x_wconf 93' lang='lat' dir='ltr'><strong>I.</strong></span> <span class='ocrx_word' id='word_1_923' title='bbox 2629 4807 2684 4846; x_wconf 90' lang='lat' dir='ltr'><strong>Ill</strong></span> <span class='ocrx_word' id='word_1_924' title='bbox 2712 4785 2941 4846; x_wconf 49' lang='lat' dir='ltr'><strong>de&#39;Fide</strong></span> <span class='ocrx_word' id='word_1_925' title='bbox 2969 4791 3201 4845; x_wconf 82' lang='lat' dir='ltr'><strong>Ut‘thod.</strong></span> <span class='ocrx_word' id='word_1_926' title='bbox 3236 4806 3286 4842; x_wconf 90' lang='lat' dir='ltr'><strong>c.</strong></span> <span class='ocrx_word' id='word_1_927' title='bbox 3314 4790 3351 4844; x_wconf 75' lang='lat'><strong><em>‘2</em></strong></span> <span class='ocrx_word' id='word_1_928' title='bbox 3377 4808 3390 4842; x_wconf 90' lang='lat'><strong>:</strong></span> <span class='ocrx_word' id='word_1_929' title='bbox 3419 4787 3600 4854; x_wconf 82' lang='lat' dir='ltr'><strong>Itaque</strong></span> <span class='ocrx_word' id='word_1_930' title='bbox 3616 4785 3754 4841; x_wconf 84' lang='lat' dir='ltr'><strong>simul</strong></span> 
     </span>
    </p>
   </div>
   <div class='ocr_carea' id='block_1_122' title="bbox 2174 4858 3753 4929">
    <p class='ocr_par' dir='ltr' id='par_1_122' title="bbox 2174 4858 3753 4929">
     <span class='ocr_line' id='line_1_122' title="bbox 2174 4858 3753 4929; baseline -0.004 -13"><span class='ocrx_word' id='word_1_931' title='bbox 2174 4879 2318 4929; x_wconf 89' lang='lat' dir='ltr'><strong>caro,</strong></span> <span class='ocrx_word' id='word_1_932' title='bbox 2347 4864 2504 4918; x_wconf 90' lang='lat' dir='ltr'><strong>simul</strong></span> <span class='ocrx_word' id='word_1_933' title='bbox 2542 4861 2690 4916; x_wconf 86' lang='lat' dir='ltr'><strong>Verbi</strong></span> <span class='ocrx_word' id='word_1_934' title='bbox 2724 4862 2820 4915; x_wconf 87' lang='lat' dir='ltr'><strong>Dei</strong></span> <span class='ocrx_word' id='word_1_935' title='bbox 2851 4879 2992 4928; x_wconf 87' lang='lat' dir='ltr'><strong>caro,</strong></span> <span class='ocrx_word' id='word_1_936' title='bbox 3019 4863 3174 4914; x_wconf 86' lang='lat' dir='ltr'><strong>simul</strong></span> <span class='ocrx_word' id='word_1_937' title='bbox 3200 4877 3321 4914; x_wconf 89' lang='lat' dir='ltr'><strong>caro</strong></span> <span class='ocrx_word' id='word_1_938' title='bbox 3343 4864 3576 4914; x_wconf 83' lang='lat' dir='ltr'><strong>animata</strong></span> <span class='ocrx_word' id='word_1_939' title='bbox 3603 4858 3753 4911; x_wconf 85' lang='lat' dir='ltr'><strong>ratio-</strong></span> 
     </span>
    </p>
   </div>
   <div class='ocr_carea' id='block_1_123' title="bbox 2173 4931 3752 5005">
    <p class='ocr_par' dir='ltr' id='par_1_123' title="bbox 2173 4931 3752 5005">
     <span class='ocr_line' id='line_1_123' title="bbox 2173 4931 3752 5005; baseline -0.003 -19"><span class='ocrx_word' id='word_1_940' title='bbox 2173 4935 2252 4988; x_wconf 90' lang='lat' dir='ltr'><strong>nis</strong></span> <span class='ocrx_word' id='word_1_941' title='bbox 2294 4936 2569 5005; x_wconf 80' lang='lat' dir='ltr'><strong>particeps.</strong></span> <span class='ocrx_word' id='word_1_942' title='bbox 2618 4933 3362 5005; x_wconf 32' lang='lat' dir='ltr'><strong>intelligenstproptereaqne</strong></span> <span class='ocrx_word' id='word_1_943' title='bbox 3408 4948 3511 4985; x_wconf 86' lang='lat' dir='ltr'><strong>non</strong></span> <span class='ocrx_word' id='word_1_944' title='bbox 3544 4931 3752 5005; x_wconf 75' lang='lat' dir='ltr'><strong>dicimus</strong></span> 
     </span>
    </p>
   </div>
   <div class='ocr_carea' id='block_1_124' title="bbox 2172 5002 3746 5072">
    <p class='ocr_par' dir='ltr' id='par_1_124' title="bbox 2172 5002 3746 5072">
     <span class='ocr_line' id='line_1_124' title="bbox 2172 5002 3746 5072; baseline -0.004 -15"><span class='ocrx_word' id='word_1_945' title='bbox 2172 5006 2430 5059; x_wconf 87' lang='lat' dir='ltr'><strong>hominem</strong></span> <span class='ocrx_word' id='word_1_946' title='bbox 2463 5002 2805 5072; x_wconf 73' lang='lat' dir='ltr'><strong>Deiﬁcatum,</strong></span> <span class='ocrx_word' id='word_1_947' title='bbox 2831 5005 2918 5057; x_wconf 87' lang='lat' dir='ltr'><strong>sed</strong></span> <span class='ocrx_word' id='word_1_948' title='bbox 2948 5003 3115 5058; x_wconf 88' lang='lat' dir='ltr'><strong>Deum</strong></span> <span class='ocrx_word' id='word_1_949' title='bbox 3141 5007 3507 5056; x_wconf 87' lang='lat' dir='ltr'><strong>humanatum.</strong></span> <span class='ocrx_word' id='word_1_950' title='bbox 3540 5002 3679 5056; x_wconf 84' lang='lat' dir='ltr'><strong>Idem</strong></span> <span class='ocrx_word' id='word_1_951' title='bbox 3699 5013 3746 5053; x_wconf 89' lang='lat' dir='ltr'><strong>e.</strong></span> 
     </span>
    </p>
   </div>
   <div class='ocr_carea' id='block_1_125' title="bbox 2174 5073 3751 5151">
    <p class='ocr_par' dir='ltr' id='par_1_125' title="bbox 2174 5073 3751 5151">
     <span class='ocr_line' id='line_1_125' title="bbox 2174 5073 3751 5151; baseline -0.004 -23"><span class='ocrx_word' id='word_1_952' title='bbox 2174 5074 2241 5128; x_wconf 73' lang='lat'><strong>12</strong></span> <span class='ocrx_word' id='word_1_953' title='bbox 2270 5093 2284 5131; x_wconf 87' lang='lat'><strong>:</strong></span> <span class='ocrx_word' id='word_1_954' title='bbox 2312 5076 2484 5131; x_wconf 87' lang='lat' dir='ltr'><strong>Simul</strong></span> <span class='ocrx_word' id='word_1_955' title='bbox 2523 5086 2816 5146; x_wconf 84' lang='lat' dir='ltr'><strong>conceptus,</strong></span> <span class='ocrx_word' id='word_1_956' title='bbox 2849 5075 3254 5151; x_wconf 26' lang='lat' dir='ltr'><strong>etAs_ubsis_t_ent‘ia</strong></span> <span class='ocrx_word' id='word_1_957' title='bbox 3296 5073 3602 5151; x_wconf 77' lang='lat' dir='ltr'><strong>mirabiliter</strong></span> <span class='ocrx_word' id='word_1_958' title='bbox 3635 5085 3751 5151; x_wconf 68' lang='lat' dir='ltr'><strong>con-</strong></span> 
     </span>
    </p>
   </div>
   <div class='ocr_carea' id='block_1_126' title="bbox 2170 5144 3751 5216">
    <p class='ocr_par' dir='ltr' id='par_1_126' title="bbox 2170 5144 3751 5216">
     <span class='ocr_line' id='line_1_126' title="bbox 2170 5144 3751 5216; baseline -0.006 -15"><span class='ocrx_word' id='word_1_959' title='bbox 2170 5151 2304 5216; x_wconf 75' lang='lat' dir='ltr'><strong>fecta</strong></span> <span class='ocrx_word' id='word_1_960' title='bbox 2333 5159 2485 5213; x_wconf 85' lang='lat' dir='ltr'><strong>sunt;</strong></span> <span class='ocrx_word' id='word_1_961' title='bbox 2529 5144 2803 5214; x_wconf 77' lang='lat' dir='ltr'><strong>conceptus</strong></span> <span class='ocrx_word' id='word_1_962' title='bbox 2830 5147 3035 5213; x_wconf 83' lang='lat' dir='ltr'><strong>quidem</strong></span> <span class='ocrx_word' id='word_1_963' title='bbox 3080 5145 3256 5212; x_wconf 87' lang='lat' dir='ltr'><strong>Verbi,</strong></span> <span class='ocrx_word' id='word_1_964' title='bbox 3303 5144 3478 5198; x_wconf 84' lang='lat' dir='ltr'><strong>carnis</strong></span> <span class='ocrx_word' id='word_1_965' title='bbox 3502 5151 3668 5197; x_wconf 87' lang='lat' dir='ltr'><strong>autem</strong></span> <span class='ocrx_word' id='word_1_966' title='bbox 3700 5144 3751 5194; x_wconf 90' lang='lat' dir='ltr'><strong>in</strong></span> 
     </span>
    </p>
   </div>
   <div class='ocr_carea' id='block_1_127' title="bbox 2181 5218 2720 5274">
    <p class='ocr_par' dir='ltr' id='par_1_127' title="bbox 2181 5218 2720 5274">
     <span class='ocr_line' id='line_1_127' title="bbox 2181 5218 2720 5274; baseline -0.002 -3"><span class='ocrx_word' id='word_1_967' title='bbox 2181 5218 2344 5274; x_wconf 91' lang='lat' dir='ltr'><strong>Verbo</strong></span> <span class='ocrx_word' id='word_1_968' title='bbox 2373 5218 2720 5272; x_wconf 85' lang='lat' dir='ltr'><strong>subsistentia.</strong></span> 
     </span>
    </p>
   </div>
   <div class='ocr_carea' id='block_1_128' title="bbox 2241 5284 3746 5364">
    <p class='ocr_par' dir='ltr' id='par_1_128' title="bbox 2241 5284 3746 5364">
     <span class='ocr_line' id='line_1_128' title="bbox 2241 5284 3746 5364; baseline -0.006 -19"><span class='ocrx_word' id='word_1_969' title='bbox 2241 5289 2268 5327; x_wconf 79' lang='grc'><strong>¹¹</strong></span> <span class='ocrx_word' id='word_1_970' title='bbox 2309 5290 2416 5345; x_wconf 86' lang='lat' dir='ltr'><strong>Atii</strong></span> <span class='ocrx_word' id='word_1_971' title='bbox 2468 5300 2580 5344; x_wconf 89' lang='lat' dir='ltr'><strong>tum</strong></span> <span class='ocrx_word' id='word_1_972' title='bbox 2630 5289 2738 5353; x_wconf 90' lang='lat' dir='ltr'><strong>hic,</strong></span> <span class='ocrx_word' id='word_1_973' title='bbox 2765 5297 2898 5364; x_wconf 81' lang='lat' dir='ltr'><strong>_tum</strong></span> <span class='ocrx_word' id='word_1_974' title='bbox 2951 5287 3002 5341; x_wconf 95' lang='lat' dir='ltr'><strong>in</strong></span> <span class='ocrx_word' id='word_1_975' title='bbox 3042 5285 3486 5364; x_wconf 75' lang='lat' dir='ltr'><strong>praecedentibus</strong></span> <span class='ocrx_word' id='word_1_976' title='bbox 3532 5284 3746 5364; x_wconf 75' lang='lat' dir='ltr'><strong>legunt:</strong></span> 
     </span>
    </p>
   </div>
   <div class='ocr_carea' id='block_1_129' title="bbox 2164 5356 3742 5426">
    <p class='ocr_par' dir='ltr' id='par_1_129' title="bbox 2164 5356 3742 5426">
     <span class='ocr_line' id='line_1_129' title="bbox 2164 5356 3742 5426; baseline -0.005 -10"><span class='ocrx_word' id='word_1_977' title='bbox 2164 5365 2356 5416; x_wconf 74' lang='lat' dir='ltr'><strong>siccata</strong></span> <span class='ocrx_word' id='word_1_978' title='bbox 2383 5373 2556 5415; x_wconf 81' lang='lat' dir='ltr'><strong>creata</strong></span> <span class='ocrx_word' id='word_1_979' title='bbox 2585 5371 2724 5414; x_wconf 80' lang='lat' dir='ltr'><strong>sunt.</strong></span> <span class='ocrx_word' id='word_1_980' title='bbox 2765 5361 2862 5415; x_wconf 94' lang='lat' dir='ltr'><strong>Ubi</strong></span> <span class='ocrx_word' id='word_1_981' title='bbox 2893 5360 3111 5422; x_wconf 60' lang='lat' dir='ltr'><strong>saecula,</strong></span> <span class='ocrx_word' id='word_1_982' title='bbox 3148 5373 3245 5426; x_wconf 91' lang='lat' dir='ltr'><strong>pro</strong></span> <span class='ocrx_word' id='word_1_983' title='bbox 3277 5360 3441 5414; x_wconf 89' lang='lat' dir='ltr'><strong>rebus</strong></span> <span class='ocrx_word' id='word_1_984' title='bbox 3475 5356 3742 5413; x_wconf 66' lang='lat' dir='ltr'><strong>saeculari-</strong></span> 
     </span>
    </p>
   </div>
   <div class='ocr_carea' id='block_1_130' title="bbox 2164 5429 3744 5508">
    <p class='ocr_par' dir='ltr' id='par_1_130' title="bbox 2164 5429 3744 5508">
     <span class='ocr_line' id='line_1_130' title="bbox 2164 5429 3744 5508; baseline -0.002 -21"><span class='ocrx_word' id='word_1_985' title='bbox 2164 5433 2414 5508; x_wconf 81' lang='lat' dir='ltr'><strong>bus,_seu</strong></span> <span class='ocrx_word' id='word_1_986' title='bbox 2447 5431 2645 5508; x_wconf 77' lang='lat' dir='ltr'><strong>creatis</strong></span> <span class='ocrx_word' id='word_1_987' title='bbox 2674 5433 2725 5485; x_wconf 93' lang='lat' dir='ltr'><strong>in</strong></span> <span class='ocrx_word' id='word_1_988' title='bbox 2753 5431 2976 5494; x_wconf 66' lang='lat' dir='ltr'><strong>saeculo,</strong></span> <span class='ocrx_word' id='word_1_989' title='bbox 3005 5429 3122 5508; x_wconf 78' lang='lat' dir='ltr'><strong>sive</strong></span> <span class='ocrx_word' id='word_1_990' title='bbox 3153 5441 3495 5508; x_wconf 27' lang='lat' dir='ltr'><strong>te‘m‘porezh</strong></span> <span class='ocrx_word' id='word_1_991' title='bbox 3528 5499 3570 5508; x_wconf 48' lang='grc' dir='ltr'>η</span> <span class='ocrx_word' id='word_1_992' title='bbox 3640 5507 3645 5508; x_wconf 13' lang='grc' dir='ltr'><em>γ</em></span> <span class='ocrx_word' id='word_1_993' title='bbox 3714 5493 3744 5508; x_wconf 53' lang='grc' dir='ltr'><strong><em>η</em></strong></span> 
     </span>
    </p>
   </div>
   <div class='ocr_carea' id='block_1_131' title="bbox 2240 5499 3746 5573">
    <p class='ocr_par' dir='ltr' id='par_1_131' title="bbox 2240 5499 3746 5573">
     <span class='ocr_line' id='line_1_131' title="bbox 2240 5499 3746 5573; baseline -0.005 -16"><span class='ocrx_word' id='word_1_994' title='bbox 2240 5513 2263 5540; x_wconf 79' lang='grc' dir='ltr'>θ</span> <span class='ocrx_word' id='word_1_995' title='bbox 2302 5503 2398 5557; x_wconf 84' lang='lat' dir='ltr'><strong>illa</strong></span> <span class='ocrx_word' id='word_1_996' title='bbox 2445 5503 2722 5573; x_wconf 86' lang='lat' dir='ltr'><strong>nimirum,</strong></span> <span class='ocrx_word' id='word_1_997' title='bbox 2773 5517 2877 5572; x_wconf 80' lang='lat' dir='ltr'><strong>qua</strong></span> <span class='ocrx_word' id='word_1_998' title='bbox 2923 5499 3746 5573; x_wconf 78' lang='lat' dir='ltr'><strong>superius(Cap._20)Nestorii</strong></span> 
     </span>
    </p>
   </div>
   <div class='ocr_carea' id='block_1_132' title="bbox 2170 5571 3738 5640">
    <p class='ocr_par' dir='ltr' id='par_1_132' title="bbox 2170 5571 3738 5640">
     <span class='ocr_line' id='line_1_132' title="bbox 2170 5571 3738 5640; baseline -0.006 -12"><span class='ocrx_word' id='word_1_999' title='bbox 2170 5589 2410 5628; x_wconf 89' lang='lat' dir='ltr'><strong>errorem</strong></span> <span class='ocrx_word' id='word_1_1000' title='bbox 2439 5581 2492 5626; x_wconf 87' lang='lat' dir='ltr'><strong>et</strong></span> <span class='ocrx_word' id='word_1_1001' title='bbox 2523 5571 2715 5628; x_wconf 73' lang='lat' dir='ltr'><strong>falsam</strong></span> <span class='ocrx_word' id='word_1_1002' title='bbox 2749 5571 3257 5640; x_wconf 86' lang='lat' dir='ltr'><strong>interpretationem</strong></span> <span class='ocrx_word' id='word_1_1003' title='bbox 3283 5571 3515 5627; x_wconf 82' lang='lat' dir='ltr'><strong>exclusit</strong></span> <span class='ocrx_word' id='word_1_1004' title='bbox 3539 5572 3738 5626; x_wconf 87' lang='lat' dir='ltr'><strong>dicens:</strong></span> 
     </span>
    </p>
   </div>
   <div class='ocr_carea' id='block_1_133' title="bbox 2171 5644 3722 5716">
    <p class='ocr_par' dir='ltr' id='par_1_133' title="bbox 2171 5644 3722 5716">
     <span class='ocr_line' id='line_1_133' title="bbox 2171 5644 3722 5716; baseline -0.004 -18"><span class='ocrx_word' id='word_1_1005' title='bbox 2171 5644 2299 5716; x_wconf 12' lang='lat' dir='ltr'><strong>Non,</strong></span> <span class='ocrx_word' id='word_1_1006' title='bbox 2317 5645 2411 5708; x_wconf 87' lang='lat' dir='ltr'><strong>ita,</strong></span> <span class='ocrx_word' id='word_1_1007' title='bbox 2439 5645 2666 5716; x_wconf 77' lang='lat' dir='ltr'><strong>inquam,</strong></span> <span class='ocrx_word' id='word_1_1008' title='bbox 2693 5661 2793 5698; x_wconf 90' lang='lat' dir='ltr'><strong>non</strong></span> <span class='ocrx_word' id='word_1_1009' title='bbox 2817 5644 2887 5698; x_wconf 90' lang='lat' dir='ltr'><strong>ita</strong></span> <span class='ocrx_word' id='word_1_1010' title='bbox 2909 5645 3024 5698; x_wconf 88' lang='lat' dir='ltr'><strong>dico</strong></span> <span class='ocrx_word' id='word_1_1011' title='bbox 3045 5647 3182 5713; x_wconf 88' lang='lat' dir='ltr'><strong>quod</strong></span> <span class='ocrx_word' id='word_1_1012' title='bbox 3204 5645 3504 5716; x_wconf 78' lang='lat' dir='ltr'><strong>priusquam</strong></span> <span class='ocrx_word' id='word_1_1013' title='bbox 3533 5652 3722 5716; x_wconf 76' lang='lat' dir='ltr'><strong>nascere</strong></span> 
     </span>
    </p>
   </div>
   <div class='ocr_carea' id='block_1_134' title="bbox 2169 5713 3738 5791">
    <p class='ocr_par' dir='ltr' id='par_1_134' title="bbox 2169 5713 3738 5791">
     <span class='ocr_line' id='line_1_134' title="bbox 2169 5713 3738 5791; baseline -0.004 -23"><span class='ocrx_word' id='word_1_1014' title='bbox 2169 5725 2254 5768; x_wconf 88' lang='lat' dir='ltr'><strong>tur</strong></span> <span class='ocrx_word' id='word_1_1015' title='bbox 2280 5715 2430 5791; x_wconf 78' lang='lat' dir='ltr'><strong>ltom_o</strong></span> <span class='ocrx_word' id='word_1_1016' title='bbox 2459 5715 2513 5768; x_wconf 89' lang='lat' dir='ltr'><strong>in</strong></span> <span class='ocrx_word' id='word_1_1017' title='bbox 2541 5714 2650 5791; x_wconf 86' lang='lat' dir='ltr'><strong>D_e_o</strong></span> <span class='ocrx_word' id='word_1_1018' title='bbox 2679 5717 2856 5791; x_wconf 79' lang='lat' dir='ltr'><strong>fuerit,</strong></span> <span class='ocrx_word' id='word_1_1019' title='bbox 2886 5717 2976 5770; x_wconf 85' lang='lat' dir='ltr'><strong>sed</strong></span> <span class='ocrx_word' id='word_1_1020' title='bbox 2997 5717 3135 5791; x_wconf 77' lang='lat' dir='ltr'><strong>quod</strong></span> <span class='ocrx_word' id='word_1_1021' title='bbox 3164 5713 3341 5785; x_wconf 81' lang='lat' dir='ltr'><strong>postea</strong></span> <span class='ocrx_word' id='word_1_1022' title='bbox 3364 5713 3421 5767; x_wconf 87' lang='lat' dir='ltr'><strong>in</strong></span> <span class='ocrx_word' id='word_1_1023' title='bbox 3440 5713 3640 5791; x_wconf 65' lang='lat' dir='ltr'><strong>homine</strong></span> <span class='ocrx_word' id='word_1_1024' title='bbox 3657 5723 3738 5789; x_wconf 58' lang='lat' dir='ltr'><strong>nar</strong></span> 
     </span>
    </p>
   </div>
   <div class='ocr_carea' id='block_1_135' title="bbox 2174 5778 3740 5857">
    <p class='ocr_par' dir='ltr' id='par_1_135' title="bbox 2174 5778 3740 5857">
     <span class='ocr_line' id='line_1_135' title="bbox 2174 5778 3740 5857; baseline -0.001 -18"><span class='ocrx_word' id='word_1_1025' title='bbox 2174 5795 2255 5846; x_wconf 89' lang='lat' dir='ltr'><strong>tus</strong></span> <span class='ocrx_word' id='word_1_1026' title='bbox 2283 5787 2350 5846; x_wconf 86' lang='lat' dir='ltr'><strong>sit</strong></span> <span class='ocrx_word' id='word_1_1027' title='bbox 2376 5784 2535 5848; x_wconf 80' lang='lat' dir='ltr'><strong>Deus.</strong></span> <span class='ocrx_word' id='word_1_1028' title='bbox 2571 5778 2695 5844; x_wconf 77' lang='lat' dir='ltr'><strong>Non</strong></span> <span class='ocrx_word' id='word_1_1029' title='bbox 2723 5778 2859 5848; x_wconf 83' lang='lat' dir='ltr'><strong>enim</strong></span> <span class='ocrx_word' id='word_1_1030' title='bbox 2884 5778 3145 5855; x_wconf 36' lang='lat' dir='ltr'><strong>caro-illa,</strong></span> <span class='ocrx_word' id='word_1_1031' title='bbox 3165 5778 3286 5857; x_wconf 74' lang='lat' dir='ltr'><strong>quw</strong></span> <span class='ocrx_word' id='word_1_1032' title='bbox 3305 5800 3371 5848; x_wconf 68' lang='lat' dir='ltr'><strong>ea;</strong></span> <span class='ocrx_word' id='word_1_1033' title='bbox 3397 5798 3553 5840; x_wconf 86' lang='lat' dir='ltr'><strong>carne</strong></span> <span class='ocrx_word' id='word_1_1034' title='bbox 3586 5778 3740 5850; x_wconf 62' lang='lat' dir='ltr'><strong>Virgi&#39;</strong></span> 
     </span>
    </p>
   </div>
  </div>
