3966 6332
207 277 320 339 185

1237 284 1325 341 DE
1364 281 1873 345 iNCARNA'I'lONE
1912 282 2149 349 DOMINI
2188 294 2318 351 LIB.
2361 295 2450 354 Vl.

3382 298 3490 367 186

213 393 449 466 Virginis
471 402 681 464 partum
704 402 866 467 atque
889 404 1210 467 conceptum
1240 407 1263 435 ι
1289 398 1603 454 Dominicus
1628 399 1789 455 homo
1815 403 1869 465 Α
1893 414 2055 474 atque
2085 420 2468 480 concorporat,
2495 423 2555 468 ut
2580 429 2684 472 nec
2711 416 2764 471 in
2789 426 3038 489 tempore
3068 416 3360 475 admodum
3388 420 3489 479 ho-

206 490 429 545 omnino
468 504 572 543 non
607 486 801 557 fuerit,
847 486 1096 547 Christus
1126 501 1326 557 tamen,
1368 494 1457 563 qui
1489 510 1516 547 a
1551 504 1601 548 te
1628 494 1791 551 homo

204 586 479 643 solitarius
509 584 724 653 dicitur,
760 586 903 642 Deus
925 587 976 642 in
1008 588 1224 657 scriptis
1252 588 1456 644 sanctis
1484 589 1605 646 sine
1634 606 1790 646 exor-

205 678 297 734 dio
321 679 684 749 praedicatur?
714 690 770 736 et
798 688 949 737 tanta
979 682 1214 739 hominis
1239 698 1302 739 ac
1331 684 1424 741 Dei
1454 688 1631 742 unitas
1654 686 1790 758 legi-

196 759 291 829 'tur
321 771 352 812 δ
380 783 441 831 ιιι
466 785 523 832 et
557 776 720 832 homo
755 776 870 833 Deo
914 792 1126 847 semper
1168 790 1295 836 ante
1338 792 1665 849 cumternus,
1691 792 1713 820 ε
1737 791 1791 837 et

203 877 390 937 postea
424 867 630 923 homini
662 868 802 925 Deus
839 884 1153 942 compassus
1194 886 1314 929 esse
1346 873 1637 930 videatur?
1667 889 1789 930 cum

188 961 391 1041 )utique
411 975 513 1017 nec
538 958 564 998 δ
593 962 931 1019 ininitiabilis
963 964 1145 1033 homo,
1196 980 1296 1022 nec
1333 968 1608 1037 passibilis
1654 968 1794 1024 Deus

202 1054 509 1110 credendus
538 1055 609 1111 sit
634 1070 777 1113 esse.
810 1057 945 1113 lllud
976 1066 1060 1114 est
1090 1058 1293 1129 utique,
1322 1060 1466 1130 quod
1489 1060 1600 1129 jam
1633 1075 1795 1131 supe-

203 1147 443 1203 rioribus
472 1148 689 1219 scriptis
726 1151 904 1206 testati
928 1165 1141 1217 sumus,
1172 1152 1311 1221 quod
1347 1154 1534 1210 unitus
1560 1154 1789 1223 homini,

200 1238 253 1294 id
277 1251 385 1307 est,
417 1257 519 1297 suo
547 1244 763 1313 corpori
804 1244 963 1310 Deus,
994 1245 1194 1300 nullam
1240 1246 1354 1301 ﬂeri
1389 1248 1622 1315 patiatur
1651 1249 1793 1304 inter

198 1332 480 1389 hominem
506 1350 572 1391 ac
602 1335 766 1391 Deum
793 1336 1026 1392 humana
1048 1339 1301 1406 Opinione
1322 1338 1655 1396 distantiam.
1680 1340 1791 1396 Nec

196 1424 413 1481 admitti
463 1430 685 1483 omnino
727 1430 915 1495 voluit,
948 1440 1006 1485 ut
1048 1430 1186 1484 alius
1229 1444 1258 1483 a
1306 1446 1573 1501 quoiluam
1624 1433 1792 1491 Filius

199 1517 465 1587 hominis,
488 1521 626 1575 alius
653 1521 821 1577 Filius
848 1522 938 1577 Dei
964 1522 1297 1577 crederetur.
1320 1524 1423 1579 Sed
1450 1525 1518 1579 ita
1542 1529 1792 1584 omnibus

196 1610 419 1680 scriptis
463 1615 635 1670 sacris
659 1613 1001 1670 Dominicum
1032 1614 1305 1672 hominem
1354 1620 1633 1675 connectit
1680 1622 1791 1679 Deo

1898 499 2095 553 minem
2127 503 2246 571 quis
2282 519 2311 558 a
2337 504 2481 569 Deo.
2510 523 2610 564 nec
2651 509 2703 565 in
2727 508 2990 568 Passione
3019 514 3189 583 possit
3218 513 3389 570 Deum
3416 512 3490 573 ab

1897 591 2120 652 homine
2157 596 2486 657 discernere.
2519 603 2574 657 Si
2606 606 2749 659 enim
2785 605 2850 661 ad
2884 616 3096 677 tempus
3123 608 3367 679 respicis,
3401 610 3487 663 in-

1895 690 2080 745 venies
2109 706 2328 761 semper
2355 692 2547 750 Filium
2598 696 2832 754 hominis
2860 714 2979 753 cum
3008 698 3146 754 Filio
3187 700 3302 756 Dei.
3332 699 3388 757 Si
3416 700 3486 757 ad

1899 781 2233 852 Passionem,
2268 786 2516 843 invenies
2544 804 2761 860 semper
2791 807 2911 848 cum
2962 792 3098 848 Filio
3127 792 3361 849 hominis
3393 794 3488 851 Dei

1898 873 2090 930 Filium
2119 895 2131 929 :
2162 878 2235 932 ita
2266 879 2472 934 scilicet
2496 882 2703 936 unitttm
2736 891 2791 938 et
2820 883 3153 940 individuum
3196 884 3297 940 sibi
3328 883 3489 941 Chri-

1897 977 2037 1022 stum
2068 968 2259 1024 Filium
2292 970 2526 1028 hominis
2558 987 2619 1028 ac
2650 973 2744 1029 Dei
2777 973 2970 1030 Filium
2991 1020 3005 1044 ,
3049 984 3109 1031 ut
3134 986 3389 1046 quantum
3416 974 3487 1032 ad

1896 1075 2085 1118 vocem
2106 1063 2304 1119 divinae
2333 1063 2625 1135 Scriptura:
2649 1066 2906 1137 pertinet,
2932 1084 3030 1124 nec
3053 1070 3215 1125 homo
3242 1069 3487 1141 separari

1893 1170 1924 1209 a
1951 1156 2059 1211 Deo
2090 1166 2351 1228 tempore,
2384 1176 2483 1216 nec
2510 1160 2580 1217 ab
2609 1160 2827 1217 homine
2869 1163 3012 1219 Deus
3052 1166 3272 1219 omnino
3307 1166 3487 1221 valeat

1896 1246 2173 1305 Passione.
2210 1251 2347 1307 Hinc
2378 1253 2521 1308 enim
2566 1254 2695 1310 illud
2743 1263 2826 1310 est
2857 1273 2869 1308 :
2899 1264 2923 1293 0
2958 1254 3126 1310 Nemo
3156 1258 3385 1311 ascendit
3430 1258 3486 1313 in

1894 1343 2096 1411 calum,
2127 1345 2225 1399 nisi
2249 1347 2339 1417 qui
2380 1348 2443 1402 de
2471 1348 2597 1403 caelo
2621 1348 2903 1415 descendit,
2940 1347 3108 1404 Filius
3136 1349 3356 1405 hominis
3395 1349 3486 1420 qui

1896 1445 1969 1492 est
1989 1439 2039 1491 in
2063 1441 2186 1492 coelo
2214 1438 2408 1508 (Joan.
2442 1444 2553 1510 ιιι).
2585 1440 2680 1498 Ubi
2708 1458 2831 1497 cum
2859 1442 3025 1498 Filius
3050 1442 3145 1498 Dei
3173 1443 3484 1514 loqueretur

1897 1532 1951 1587 in
1983 1534 2163 1602 terris,
2197 1534 2395 1589 Filium
2426 1550 2546 1591 esse
2575 1534 2829 1603 hominis,
2865 1536 3165 1591 testabatur
3197 1537 3249 1590 in
3282 1535 3437 1591 cmlis
3466 1552 3482 1589 :

1895 1635 1950 1680 et
1971 1626 2219 1682 eumdem
2246 1628 2443 1683 Filium
2465 1629 2699 1685 hominis
2720 1646 2878 1700 quem
2902 1645 3252 1687 ascensurum
3275 1630 3487 1687 dicebat

1275 1776 1539 1833 ALARDI
1583 1779 1817 1837 ΟΑΖᾸΞΙ
1852 1780 2418 1843 COMMENTARIUS.

194 1895 272 1980 uis
311 1905 447 1975 nata
480 1904 580 1962 est,
605 1912 810 1980 semper
833 1899 1000 1980 fuitp
1021 1906 1126 1953 etc.
1164 1894 1265 1952 Ubi
1298 1897 1640 1980 manifestum
1668 1906 1751 1953 est
1776 1939 1792 1965 ,
1823 1907 1873 1966 Β
1889 1901 2124 1970 jusniodi
2152 1918 2267 1972 qua!
2294 1903 2535 1980 dicuntur
2558 1904 2622 1956 de
2646 1902 2861 1980 Christo
2884 1903 3020 1974 (sive
3048 1905 3329 1980 secundum
3354 1903 3486 1959 divi-

194 1965 476 2038 hominem
508 1969 673 2037 accipi
705 1965 803 2038 pro
833 1965 947 2038 ipsa
989 1972 1220 2023 humana
1254 1979 1461 2033 natura,
1505 1984 1598 2023 seu
1627 1984 1790 2025 carne

196 2035 473 2110 hominis,
508 2035 719 2109 utipse—
747 2035 928 2095 statim
978 2043 1202 2110 exponit
1236 2057 1248 2092 :
1282 2040 1552 2107 quomodo
1604 2041 1789 2095 Patres

195 2123 342 2175 saepe
375 2109 692 2181 loquuntur,
718 2113 962 2181 quamvis
992 2109 1168 2165 minus
1199 2112 1435 2181 pr0prie,
1463 2123 1515 2164 ut
1546 2112 1679 2164 alias
1707 2112 1788 2166 di-

192 2190 339 2233 ctum
373 2192 481 2241 est.
514 2198 635 2237 cum
656 2184 842 2238 dicunt
872 2186 1141 2238 hominem
1165 2198 1195 2235 a
1222 2182 1395 2237 Verbo
1423 2191 1786 2251 assumptum:

195 2253 277 2306 vel
310 2252 488 2307 Deum
518 2256 570 2307 in
603 2254 818 2309 homine
850 2270 1029 2310 natum
1056 2272 1069 2308 :
1098 2270 1193 2322 per
1224 2254 1493 2309 hominem
1524 2269 1631 2309 non
1666 2268 1786 2323 per-

196 2336 413 2389 SOnam,
448 2326 543 2379 sed
573 2336 815 2380 naturam
847 2327 1083 2380 hominis
1109 2326 1501 2393 intelligemus.

264 2402 289 2431 ⁸
339 2397 438 2450 llic
464 2412 649 2451 rursus
687 2399 930 2467 impingit
958 2398 1007 2452 in
1042 2399 1185 2450 illam
1220 2398 1451 2464 phrasim
1479 2413 1505 2449 a
1538 2396 1785 2453 Patribus

194 2466 475 2536 plerisque
508 2466 885 2538 improbatam,
919 2482 973 2524 et
1003 2468 1251 2523 Nestorio
1284 2469 1461 2537 potius
1490 2468 1783 2535 faventem,

196 2538 260 2610 de
281 2555 392 2607 qua
427 2555 593 2607 supra
614 2546 628 2602 (
652 2541 767 2595 Lib.
801 2557 855 2610 v,
888 2557 933 2594 c.
965 2540 1066 2609 5):
1097 2540 1185 2595 ubi
1219 2552 1418 2603 tamen,
1448 2555 1547 2609 qua
1569 2542 1785 2610 ratione

197 2609 541 2681 aliquatenus
589 2614 802 2668 tolerari
837 2614 1023 2681 possit,
1067 2612 1359 2665 indicatum
1386 2624 1488 2675 εει,
1529 2609 1783 2667 nimirum

200 2680 289 2753 (ut
310 2681 461 2753 alias
501 2680 971 2753 interpretattoites
1012 2683 1288 2752 omittam)
1314 2686 1356 2736 si
1388 2698 1481 2748 per
1514 2683 1781 2737 hominem

196 2752 566 2823 intelligamus
609 2752 777 2824 ipsam
825 2756 1234 2817 humanitatem,
1278 2765 1331 2804 ιιι
1376 2754 1534 2807 modo
1581 2755 1782 2808 dictum

196 2832 294 2895 est,
316 2836 373 2878 et
396 2823 794 2893 consequenter
817 2843 908 2895 per
932 2826 1204 2880 hominem
1232 2823 1587 2888 Dominicum,
1613 2827 1781 2893 ipsam

198 2893 409 2949 Domini
447 2893 857 2960 humanitatem.
882 2912 975 2952 seu
1003 2898 1331 2950 Dominicmn
1359 2911 1573 2950 carnem
1608 2906 1662 2949 et
1689 2900 1786 2950 ltu-

197 2968 512 3039 manitatem
540 2986 554 3021 :
582 2985 699 3038 qua:
728 2970 995 3039 expositio
1025 2974 1126 3022 hoc
1166 2970 1288 3022 loco
1333 2968 1489 3036 plane
1529 2968 1782 3036 exigitur.

198 3035 458 3104 Quamvis
490 3035 633 3093 enim
665 3035 824 3095 homo
855 3040 1101 3094 Christus
1132 3056 1250 3093 cmn
1282 3035 1388 3091 non
1419 3035 1785 3107 distinguatur

197 3112 545 3181 asnpposito
584 3112 786 3175 divino,
833 3112 975 3181 quod
1008 3123 1090 3165 est
1129 3110 1409 3172 Dominus,
1463 3126 1568 3163 non
1617 3112 1784 3178 possit

202 3179 517 3252 Dominicus
548 3185 832 3252 appellari,
854 3179 983 3252 'quia
1011 3182 1253 3237 itmuitur
1284 3197 1436 3234 error
1468 3182 1696 3235 Nestoi'ii
1732 3192 1785 3235 et

196 3249 478 3308 distinctio
506 3249 859 3323 personarum
882 3249 948 3307 in
991 3254 1204 3308 Christo
1234 3252 1478 3316 (Suares.
1524 3253 1576 3305 in
1616 3268 1672 3305 ιιι
1704 3271 1782 3319 ρ.,

196 3341 247 3393 q.
278 3324 369 3391 16,
400 3340 458 3378 a.
489 3327 524 3381 3
547 3330 597 3394 ):
630 3336 806 3381 tamen
840 3325 966 3379 nihil
1009 3337 1292 3393 repugnat,
1324 3324 1447 3389 quin
1485 3323 1787 3378 humanitas

199 3394 391 3467 Christi
429 3412 562 3452 vere
606 3399 776 3467 possit
816 3397 1156 3452 denominari
1205 3396 1504 3459 Dominica,
1537 3395 1659 3467 quia
1707 3407 1788 3450 est

200 3466 454 3521 distincta
484 3486 513 3521 a
546 3466 849 3537 supposito,
880 3470 1015 3523 sicut
1049 3470 1252 3521 dicitur
1294 3481 1447 3531 crux,
1483 3466 1565 3519 vel
1613 3469 1788 3533 passio

203 3538 503 3603 Dominica,
551 3551 605 3595 et
635 3540 737 3596 hoc
766 3542 998 3595 fortasse
1029 3539 1189 3593 modo
1236 3538 1397 3592 locuti
1445 3537 1633 3592 Patres
1676 3547 1787 3591 tum

204 3609 394 3675 Grani,
433 3620 547 3665 tum
581 3613 775 3677 Latini,
825 3628 947 3665 cum
1000 3610 1269 3665 hominem
1320 3608 1659 3663 Dominicum
1694 3624 1786 3663 no-

202 3682 439 3735 minant:
463 3693 524 3737 ut
546 3682 809 3737 Albanas.
838 3684 890 3737 in
918 3682 1265 3751 Expositione
1298 3681 1440 3744 lidei,
1470 3680 1791 3751 Chrysosm-

202 3768 322 3805 mus
356 3754 577 3809 humilia
608 3755 674 3809 de
701 3754 872 3809 Cruee
900 3750 1197 3811 Dominica.
1237 3751 1568 3821 Epiphanius
1599 3750 1790 3806 haeresi

202 3823 290 3885 69.
325 3825 661 3894 Augustinus
694 3836 922 3879 tractatu
952 3826 1023 3879 28
1049 3828 1100 3877 in
1135 3825 1420 3884 Joannem,
1452 3832 1506 3875 et
1537 3823 1662 3875 alibi
1692 3840 1793 3876 sa:-

201 3896 345 3964 pius.
379 3899 530 3963 Quod
558 3907 739 3952 autem
772 3900 908 3951 hanc
945 3898 1340 3965 expositionem
1373 3909 1613 3963 prarsens
1641 3894 1791 3948 locus

202 3970 532 4035 espostulet,
563 3976 710 4038 patet
749 3986 813 4024 ex
858 3983 923 4022 eo
951 3969 1090 4036 quod
1124 3966 1344 4025 dicitur,
1372 3974 1427 4019 et
1456 3966 1645 4019 iterata
1679 3968 1789 4020 Au-

174 4040 372 4092 ‘ctoris
396 4041 738 4095 confessione
771 4040 1031 4093 asseritur
1061 4050 1185 4091 ante
1229 4047 1554 4105 Conceptum
1586 4046 1641 4089 et
1675 4052 1794 4101 par-

207 4118 321 4162 tum
362 4112 521 4163 homo
551 4112 863 4166 Dominicus
907 4112 1126 4163 omnino
1159 4124 1265 4162 non
1298 4112 1481 4163 luisse.
1510 4110 1640 4173 Qua.-
1671 4124 1792 4176 pro-

208 4180 424 4249 positio,
455 4183 500 4234 si
540 4197 827 4251 personam
860 4180 1058 4235 Christi
1098 4181 1375 4249 respicias,
1421 4192 1475 4232 ιιι
1513 4179 1672 4233 verba
1704 4196 1794 4235 so-

208 4261 342 4304 nant
371 4264 423 4305 et
456 4250 786 4321 supponunt,
815 4254 1059 4306 absolute
1109 4250 1240 4305 falsa
1289 4262 1392 4318 est,
1421 4259 1477 4303 ut
1520 4267 1586 4304 ex
1633 4250 1795 4304 dictis

207 4332 373 4390 patet.
393 4324 773 4394 Debetergode
788 4324 1116 4378 humanitate
1141 4322 1379 4390 intelligi,
1401 4324 1477 4375 vel
1494 4322 1559 4376 de
1579 4323 1795 4377 Christo

208 4404 471 4460 quatenus
499 4398 661 4450 homo
688 4406 790 4450 est.

276 4462 306 4501 δ
349 4464 401 4518 tu
431 4478 533 4528 est,
564 4467 810 4521 Christus
842 4466 1002 4520 homo
1033 4474 1289 4529 aeternus,
1329 4464 1452 4534 quia
1484 4465 1627 4520 idem
1671 4475 1754 4520 est
1778 4508 1791 4529 ,

208 4544 261 4588 et
293 4534 393 4591 luit
419 4553 635 4601 semper
679 4540 836 4593 licus.

284 4617 308 4644 °
350 4608 402 4661 ιιι
425 4619 527 4673 est,
550 4626 671 4661 eum
697 4610 912 4662 homine
941 4610 1081 4662 Deus
1104 4621 1316 4675 passus,
1339 4606 1459 4675 quia
1487 4609 1626 4661 idem
1658 4608 1798 4662 Deus

1896 1988 2017 2025 nam
2054 1987 2313 2047 naturam,
2366 1976 2469 2047 sive
2512 1974 3157 2047 secundumﬂhumanum)
3203 1976 3310 2028 dici
3338 1992 3487 2047 posse

1894 2053 1997 2095 tant
2029 2044 2091 2097 de
2125 2043 2234 2117 Dio
2253 2062 2407 2115 quam
2433 2046 2496 2101 de
2523 2048 2746 2117 homine.
2795 2046 2944 2101 Unde
2969 2043 3196 2116 Cyrillus
3226 2043 3348 2100 dicit
3384 2044 3486 2117 (In

1892 2116 2109 2189 concilio
2136 2114 2395 2187 Ephesino
2421 2134 2459 2181 ι,
2489 2136 2607 2173 can.
2636 2116 2671 2171 4
2694 2120 2741 2187 );
2775 2118 2835 2174 Si
2862 2120 2975 2188 quis
2997 2114 3197 2171 duabus
3227 2114 3482 2189 personis,

1890 2201 1992 2261 seu,
2008 2188 2325 2261 substantiis,
2357 2191 2409 2243 id
2438 2202 2510 2243 est
2529 2232 2543 2253 ,
2571 2190 2964 2261 hypostasibus,
2996 2206 3081 2243 eas
3109 2188 3303 2260 quain
3331 2206 3485 2261 enau-

1890 2256 2067 2326 gelicis
2094 2269 2141 2312 et
2166 2262 2461 2327 apostolicis
2503 2256 2964 2328 conscriptionibus
3012 2256 3152 2323 sunt,
3187 2260 3368 2313 diuidit
3397 2277 3487 2314 uo-

1889 2344 1993 2395 ces,
2026 2332 2101 2383 vel
2129 2348 2187 2383 ea
2212 2347 2324 2397 qua:
2363 2334 2427 2385 de
2456 2331 2657 2386 Christo
2687 2351 2719 2385 a
2770 2334 2962 2386 sanctis
3004 2333 3269 2399 dicuntur,
3303 2331 3379 2385 rel
3421 2333 3485 2385 ab

1888 2399 2014 2475 ipso
2031 2400 2231 2454 Christo
2263 2408 2323 2475 de
2346 2406 2638 2475 semetipso,
2670 2413 2716 2455 et
2739 2404 2940 2473 aliquas
2967 2403 3173 2475 quidem
3194 2419 3256 2456 ex
3282 2402 3362 2475 his
3391 2402 3485 2475 ho-

1888 2472 2015 2523 mini
2045 2474 2382 2542 npplicandas
2429 2474 2735 2538 crediderit,
2784 2472 2987 2542 aliquas
3026 2490 3141 2527 vero
3186 2476 3284 2527 soli
3323 2472 3485 2527 Verbo

1890 2542 2228 2617 deputat'erit,
2253 2545 2531 2598 anathema
2560 2547 2646 2600 sit.
2681 2545 2744 2598 Et
2770 2547 2902 2599 ratio
2931 2546 3089 2617 hujus
3129 2545 3347 2617 estquia
3368 2559 3484 2599 cum

1889 2615 1953 2666 sit
1978 2614 2155 2667 eadem
2182 2615 2470 2686 hypostasis
2486 2618 2750 2687 utriusque
2764 2626 2981 2682 naturae,
2994 2614 3170 2669 eadem
3193 2614 3484 2685 hypostasis

1886 2687 2196 2757 supponitur
2232 2690 2441 2757 nomine
2464 2690 2725 2757 utriusque
2746 2698 2944 2742 natura:
2970 2704 2988 2741 :
3009 2690 3111 2741 sive
3138 2704 3256 2757 ergo
3282 2688 3484 2739 dicatur

1889 2754 2063 2822 homo,
2086 2758 2188 2810 sive
2217 2756 2378 2822 Deus,
2400 2754 2715 2821 supponitur
2764 2759 3054 2826 hypostasis
3080 2754 3269 2810 divina:
3315 2766 3361 2810 et
3388 2758 3485 2809 hu-

1887 2842 2055 2881 mana:
2094 2840 2310 2883 munra.
2345 2828 2412 2883 Et
2454 2830 2571 2884 ideo
2593 2830 2656 2883 de
2675 2831 2878 2882 homine
2904 2838 3113 2897 possunt
3142 2829 3244 2880 dici
3285 2844 3343 2880 ea
3372 2842 3485 2891 qua

1888 2909 2005 2951 sunt
2033 2899 2219 2953 divina:
2249 2912 2467 2961 naturas.
2499 2913 2760 2969 tamquam
2788 2901 2851 2953 de
2877 2900 3141 2971 hypostasi
3168 2899 3356 2971 diuina
3384 2915 3482 2951 na-

1890 2979 2040 3032 turae,
2075 2980 2121 3023 et
2169 2972 2233 3024 de
2265 2972 2371 3026 Deo
2416 2982 2627 3042 possunt
2668 2971 2769 3024 dici
2815 2987 2873 3042 ea
2915 2969 3038 3039 quin
3081 2980 3200 3023 sunt
3242 2969 3484 3042 human}:

1888 3050 2111 3114 naturis,
2155 3039 2425 3109 tamquam
2454 3044 2517 3097 de
2546 3042 2809 3114 [typostasi
2853 3040 3109 3114 humanas
3144 3050 3362 3094 natura.
3413 3039 3483 3114 Et

1890 3111 2027 3166 infra
2079 3115 2126 3165 in
2168 3115 2435 3168 solutione
2478 3111 2639 3184 primi
2675 3133 2688 3168 :
2729 3111 3055 3177 Dicendum,
3093 3113 3296 3184 inquit,
3342 3111 3482 3184 quod

1890 3185 2126 3255 opposita
2158 3187 2434 3255 prwdicari
2470 3181 2533 3240 de
2569 3186 2743 3240 eodem
2773 3185 3055 3238 secundum
3083 3183 3237 3246 idem,
3272 3191 3345 3255 es_t
3386 3181 3486 3255 im-

1890 3254 2132 3323 possibile
2157 3251 2174 3308 }
2196 3259 2283 3309 sed
2306 3258 2587 3311 secundum
2613 3258 2831 3313 diversa.
2856 3256 2987 3307 nihil
3011 3256 3259 3323 prohibet.
3291 3251 3359 3305 Et
3387 3253 3483 3305 hoc

1892 3325 2044 3399 modo
2074 3329 2309 3399 apposita
2340 3331 2685 3399 pradicantur
2712 3327 2776 3381 de
2803 3323 3037 3399 Christo,
3062 3341 3169 3399 non
3198 3323 3483 3399 sacrandum

1889 3396 2053 3462 idem,
2076 3398 2164 3450 sed
2187 3396 2464 3453 secundum
2487 3403 2712 3453 diversas
2734 3406 2966 3451 naturas.
2998 3397 3123 3451 llaec
3143 3398 3199 3450 S.
3222 3396 3481 3460 Thomas,

1891 3483 2012 3547 quae
2039 3470 2106 3521 ad
2144 3469 2302 3537 lntjus
2341 3469 2973 3547 capitis__intelligentiam
2997 3480 3057 3547 _et
3098 3475 3262 3521 totam
3289 3465 3485 3547 Sesto-

1891 3541 2167 3593 rianorum
2204 3556 2329 3595 Cum
2360 3537 2645 3596 catholicis
2671 3537 3120 3603 controversiam,
3159 3537 3391 3607 quaehis
3419 3537 3485 3591 li-

1894 3610 2004 3664 bris
2032 3611 2443 3666 cooscribendis
2464 3615 2809 3668 occasionem
2833 3610 2981 3665 dedit
3001 3619 3056 3664 et
3082 3618 3482 3678 argumentum,

1894 3683 2105 3749 penitus
2129 3698 2192 3736 ac
2225 3684 2534 3739 medullitus
2564 3681 2976 3751 concipiendam
3001 3681 3114 3735 visa
3142 3690 3266 3734 sunt
3295 3691 3487 3751 neces-

1894 3748 2063 3815 Sari:i;
2100 3754 2326 3823 ideoque
2354 3756 2571 3809 minime
2604 3748 3092 3819 praetermittenda.
3118 3767 3238 3821 qua:
3270 3764 3392 3805 cum
3423 3748 3488 3804 iis

1892 3839 2011 3891 qum.
2040 3826 2105 3877 (le
2136 3830 2630 3882 communicatione
2656 3825 2969 3879 idiomatum
2992 3823 3123 3877 alibi
3148 3832 3331 3876 notata
3361 3827 3488 3876 sunt

1894 3897 2184 3966 contulisse
2224 3897 2448 3966 juvabit.

1966 3962 1991 4002 ά
2033 3967 2106 4046 Μ.
2137 3962 2241 4030 est,
2289 3969 2493 4046 absque
2538 3966 2960 4046 initio:_Gra2ce
3005 3963 3486 4046 danaum-Porro,

1896 4042 2141 4105 quamvis
2174 4055 2347 4105 neque
2380 4039 2543 4095 homo
2567 4037 2863 4093 secundum
2904 4051 2963 4092 se
3005 4036 3363 4105 ininitiabilis,
3393 4048 3490 4105 ne-

1897 4123 2000 4229 que
2042 4109 2185 4164 Deus
2230 4104 2525 4166 secundum
2553 4127 2612 4166 se
2644 4110 2909 4179 passibilis
2956 4108 2973 4176 (
3002 4106 3209 4160 Damus.
3255 4104 3344 4159 lib.
3377 4120 3394 4159 ι
3426 4104 3491 4158 de

1952 4181 2062 4229 ide-
2094 4198 2207 4229 can.
2244 4184 2276 4229 Δ
2302 4186 2317 4229 ι
2339 4224 2350 4229 -
2384 4183 2629 4229 Christus
2654 4192 2853 4229 tamen.
2887 4181 3007 4229 nuia
3034 4178 3174 4229 Deus
3204 4186 3261 4229 et
3297 4178 3487 4229 homo.

1952 4181 2062 4257 ide,
2094 4198 2220 4257 cap._
2338 4178 3007 4257 .gChristustatnen,.quia
3034 4178 3174 4232 Deus
3204 4186 3261 4230 et
3291 4178 3487 4257 homo,

1898 4251 2059 4305 etiam
2093 4248 2426 4307 ininitiabilis
2467 4270 2567 4319 qua
2614 4253 2776 4315 Deus,
2828 4250 2879 4304 id
2924 4258 3030 4319 est,
3079 4263 3238 4319 neque
3284 4248 3493 4300 initium

1900 4323 2120 4394 dierum.
2153 4341 2313 4394 neque
2350 4318 2503 4392 ﬁnem
2532 4325 2647 4377 vita:
2676 4322 2863 4394 habens
2898 4318 3096 4394 (Hebr.
3143 4318 3271 4388 vn),
3306 4327 3364 4372 ut
3392 4333 3489 4371 ex-

1902 4393 2055 4461 ponit
2098 4390 2427 4462 Apostolns;
2469 4406 2521 4449 et
2562 4393 2861 4463 passmilis,
2909 4407 3011 4460 qua
3055 4390 3216 4444 homo
3265 4402 3391 4463 vere
3438 4397 3493 4441 et

1901 4460 2160 4541 absolute
2194 4468 2516 4541 praedicatur
2555 4460 2744 4521 {unde
2775 4464 2938 4518 etiam
2968 4463 3250 4541 sequitur,
3287 4467 3355 4541 ut.
3377 4460 3493 4541 haec

1902 4531 2418 4612 eadempra-dicata
2439 4537 2505 4591 de
2536 4551 2594 4591 se
2621 4546 2805 4612 mutuo
2837 4534 3047 4612 possint
3077 4531 3381 4612 praedicari.
3410 4531 3496 4612 Si-

1903 4618 1996 4661 cut
2024 4603 2169 4662 enim
2218 4623 2345 4664 vere
2370 4610 2586 4669 dicitur.
2623 4608 2792 4661 llotno
2822 4617 2903 4660 est
2935 4604 3075 4658 Deus
3104 4620 3121 4660 :
3154 4603 3224 4657 ita
3256 4616 3364 4655 non
3396 4603 3496 4655 mi-

212 4688 263 4730 et
298 4678 453 4732 homo
484 4671 693 4746 passus.
739 4682 812 4733 Ex
841 4696 944 4747 qna
980 4671 1259 4733 identitate
1288 4671 1589 4734 ct'nnitate
1615 4682 1798 4748 sequi-
1824 4683 1878 4742 ι)
1905 4694 2005 4732 nus
2032 4696 2178 4739 vere.
2212 4682 2417 4734 Servus
2446 4689 2528 4734 est
2560 4676 2840 4739 Dominus,
2889 4676 3070 4730 [initus
3097 4685 3178 4748 est
3212 4671 3454 4728 inﬁnitus
3479 4714 3494 4737 ,

216 4757 302 4801 tur
330 4749 412 4802 illa
448 4753 867 4805 communicatio
905 4751 1220 4805 idiomatum
1240 4791 1252 4811 ,
1288 4750 1355 4803 de
1387 4766 1488 4817 qua
1519 4752 1718 4819 sacpius
1746 4754 1796 4805 in

217 4821 642 4886 praecedentibus
675 4823 693 4891 (
718 4822 830 4877 Lib.
862 4837 934 4886 ιιι,
969 4839 1015 4875 c.
1042 4821 1133 4888 8).
1168 4822 1236 4874 Et
1261 4821 1318 4873 D.
1348 4819 1581 4875 Thomas
1608 4838 1800 4890 propo-

216 4893 320 4944 sito
356 4891 453 4944 hoc
482 4893 708 4946 articulo
739 4891 836 4959 (Ρ.
876 4909 967 4957 ιιι,
1009 4910 1060 4961 q.
1092 4892 1186 4953 16,
1220 4900 1320 4943 art.
1348 4892 1415 4959 li)
1453 4910 1463 4943 :
1512 4891 1702 4945 Vcrum
1741 4911 1803 4947 ea

216 4976 328 5029 quin
345 4968 641 5016 conveniunt
666 4966 774 5029 [ilio
797 4962 1042 5025 hominis,
1070 4963 1261 5031 possint
1287 4965 1555 5027 praedicari
1580 4965 1642 5016 de
1666 4962 1802 5018 Filio

223 5034 332 5089 Dei.
356 5044 399 5086 et
424 5051 450 5085 e
475 5037 755 5089 converso?
780 5035 1157 5088 Cooseulauee
1190 5038 1313 5087 huic
1344 5035 1459 5087 loco
1488 5035 1558 5087 ita
1589 5036 1805 5090 scribit:

222 5102 497 5155 Dicendum
524 5107 659 5174 quod
701 5107 829 5158 citra
853 5106 986 5159 hanc
1011 5105 1365 5173 quwstionem,
1399 5106 1667 5159 diversitas
1709 5105 1803 5174 fuit

221 5175 343 5225 inter
386 5174 727 5230 Nestorianos
754 5186 799 5228 et
830 5177 1129 5230 catholicos.
1166 5174 1466 5228 Nestoriani
1494 5179 1627 5229 enim
1658 5194 1803 5230 voces

222 5261 325 5305 quis
349 5247 594 5299 dicuntur
620 5250 684 5300 de
722 5246 928 5300 Christo
958 5248 1184 5300 dividere
1212 5245 1447 5299 volebant
1480 5248 1574 5299 hoc
1610 5249 1761 5300 modo
1785 5288 1802 5313 ,

228 5326 350 5369 utea
377 5332 495 5386 qua:
528 5320 784 5385 pertinent
823 5318 889 5369 ad
917 5318 1195 5370 humana‘n
1231 5326 1470 5369 naturam
1514 5319 1805 5372 dicerentur

228 5386 280 5436 de
304 5390 523 5441 nomine.
563 5388 710 5443 Unde
739 5388 1011 5442 Nestorius
1055 5389 1183 5442 dixit
1213 5404 1229 5442 :
1255 5388 1313 5441 Si
1353 5388 1466 5456 quis
1514 5389 1605 5442 Dei
1648 5389 1805 5442 Verbo

230 5465 371 5509 tentat
412 5462 681 5529 passiones
728 5460 970 5524 tribuere,
1003 5462 1275 5513 anathema
1317 5460 1399 5513 sit.
1434 5459 1496 5512 Si
1536 5476 1648 5527 quae
1688 5476 1804 5513 vero

230 5531 413 5581 nomina
447 5540 567 5583 sunt
600 5546 713 5596 qua:
741 5531 993 5601 pertinere
1022 5544 1230 5601 possunt
1261 5530 1327 5583 ad
1356 5543 1625 5599 utramque
1653 5544 1806 5584 natu-

231 5613 344 5663 tam,
372 5602 435 5653 de
475 5602 663 5655 talibus
708 5601 1120 5670 prcedicahantur
1156 5620 1214 5656 ea
1245 5618 1357 5669 qua:
1392 5611 1511 5654 sunt
1545 5604 1807 5671 utriusque

234 5678 431 5734 nature,
464 5673 617 5724 sicuti
638 5674 938 5736 hoc,nomen
971 5673 1203 5727 Christus
1232 5672 1305 5725 vel
1342 5672 1606 5726 Dominus.
1657 5672 1805 5727 Unde

232 5743 557 5812 concedebant
589 5741 850 5797 Christum
879 5759 984 5796 esse
1022 5753 1198 5796 natum
1226 5744 1288 5796 de
1330 5743 1555 5812 Virgine,
1597 5745 1672 5797 vel
1710 5744 1803 5796 ho-

232 5810 402 5868 minem
428 5816 493 5867 ab
521 5822 717 5870 eterna
733 5815 918 5878 fuisse.
953 5813 1205 5869 Catholici
1234 5831 1347 5869 ncro
1368 5810 1674 5881 posuerunt,
1703 5816 1801 5877 hu-

1905 4752 2214 4818 temporalis
2238 4764 2317 4804 est
2345 4762 2601 4815 aeternus,
2638 4751 2810 4803 minor
2837 4756 2919 4801 est
2945 4747 3188 4818 animalis,
3221 4756 3332 4818 etc
3360 4759 3497 4818 (τοιιτ

1906 4811 2057 4895 verso
2085 4838 2097 4873 :
2124 4821 2425 4889 cujusmodi
2452 4811 2847 4895 enuntiationes
2878 4811 3122 4895 reperire
3151 4811 3498 4895 licebitapud

1904 4889 2140 4946 Leonem
2173 4884 2422 4947 sermone
2447 4894 2481 4945 2
2513 4895 2578 4945 de
2603 4890 2913 4952 Nativitate,
2948 4888 3199 4957 Vigilium
3224 4884 3499 4941 Tridenti-

1906 4977 2031 5016 num
2059 4964 2093 5017 ι.
2123 4980 2177 5026 v,
2207 4974 2260 5018 et
2280 4965 2417 5017 alios
2448 4962 2655 5017 Patres.
2683 4962 2807 5015 llarc
2821 4959 3266 5014 cnimalternatio
3305 4968 3360 5011 et
3382 4970 3498 5010 mu-

1908 5042 1995 5086 tua
2031 5036 2341 5102 praadicatio
2374 5035 2507 5089 nihil
2532 5032 2673 5087 aliud
2701 5040 2785 5087 est
2813 5045 2973 5093 quam
3008 5031 3325 5102 idiomatum
3352 5041 3500 5102 com-

1909 5096 2224 5171 munit-utin,
2250 5116 2306 5158 ut
2331 5107 2487 5160 docet
2512 5106 2876 5159 Damascenus
2896 5102 2988 5155 lib.
3013 5117 3073 5157 ιιι
3093 5099 3160 5154 de
3183 5100 3345 5171 Οιίιιἶ
3366 5114 3417 5152 c.
3442 5096 3498 5153 4.

1988 5186 2009 5212 θ
2044 5177 2101 5251 Si
2130 5168 2378 5251 Christus
2403 5178 2483 5247 (se
2511 5177 2654 5251 enim
2687 5184 2842 5251 vocat
2865 5172 3074 5251 Filium
3094 5168 3356 5251 hominis)
3384 5176 3500 5251 erat

1914 5248 1965 5300 in
1995 5250 2136 5303 cmlo
2166 5248 2381 5318 quando
2412 5240 2732 5313 lotiuebatur
2761 5246 2813 5299 in
2846 5245 3030 5311 terris,
3064 5243 3226 5313 igitur
3250 5240 3413 5295 simul
3447 5240 3500 5318 in

1912 5321 2049 5391 ςωιυ
2081 5329 2135 5374 et
2167 5317 2218 5373 in
2260 5332 2400 5373 terra
2432 5329 2549 5391 erat
2581 5333 2722 5372 :non
2754 5328 2935 5371 autem
2966 5324 3368 5391 corpore_tunc
3386 5317 3502 5391 erat

1915 5390 1967 5442 in
1999 5393 2157 5455 C(cln,
2186 5406 2307 5445 cum
2334 5405 2391 5443 se
2414 5388 2618 5445 «liceret
2650 5402 3001 5443 ascettsurum
3036 5387 3093 5440 in
3119 5383 3351 5447 caelum;
3398 5383 3500 5449 igi-

1917 5470 2002 5535 tur
2031 5463 2134 5515 alia
2187 5464 2237 5516 in
2284 5461 2503 5535 Christo
2555 5455 3501 5535 naturaﬂeratprmternltumanam

1917 5533 2062 5586 illam
2107 5548 2226 5602 qua:
2274 5533 2599 5587 cernebatur
2638 5532 2832 5594 oculis,
2862 5526 3114 5584 videlicet
3145 5526 3500 5602 divi_oa,.q_u:.e

1912 5590 2174 5659 immensa
2202 5614 2301 5667 est,
2337 5614 2389 5654 et
2418 5604 2615 5658 caelum
2641 5604 2800 5656 simul
2823 5590 2889 5656 ac
2919 5613 3119 5655 terram
3152 5590 3504 5667 repletlBel-

1912 5677 2060 5727 latnt.
2098 5676 2186 5728 lib.
2224 5675 2288 5727 de
2330 5673 2530 5728 Christo
2575 5690 2688 5741 cap.
2721 5676 2798 5744 8).
2826 5672 3216 5744 Videucmtera
3270 5668 3505 5744 inuitant:

1911 5748 2235 5801 sententiam
2259 5744 2512 5819 superius
2551 5736 2805 5802 annotaia
2828 5744 2929 5814 (Ad
2955 5742 3044 5797 tib.
3078 5754 3131 5795 tv
3161 5753 3284 5815 cap.
3316 5736 3395 5811 6).
