3966 6332
1812 298 2092 359 JOANNIS
2127 271 2442 362 csssnlm
2494 256 2501 269 ’

3104 235 3241 257 ,ενι

488 418 656 493 gentis
679 416 890 490 (Cenes.
925 416 1041 493 xv).
1084 419 1243 488 Cum,
1291 416 1337 476 si
1383 398 1548 475 omne
1593 424 1809 488 tempus
1848 431 1916 473 ex
1968 431 2077 489 quo
2102 418 2361 489 Agatur,
2410 419 2673 477 mentitus
2712 420 2968 490 forsitan,
3003 420 3148 494 quod
3176 421 3324 479 absit
3369 436 3401 479 a
3448 421 3744 487 Christianis

488 508 633 567 Deus
660 509 874 567 locutus
918 520 1004 569 est
1024 510 1425 579 consideretur,
1456 508 1577 582 plus
1608 510 1718 565 sint
1747 524 1907 581 quam
1935 524 2069 580 qua-

487 601 864 675 dringenti;si
910 612 1089 660 autem
1137 602 1269 660 illud
1324 611 1534 661 tantum
1581 617 1692 674 quo
1740 601 2069 670 servierunt,

486 694 684 754 minus.
715 695 870 781 Quod
901 697 1117 755 scilicet
1154 707 1388 769 tempus,
1417 696 1523 754 nisi
1553 697 1656 755 hoc
1683 706 1841 769 tmpo
1868 697 2070 753 intelli-

2178 511 2451 577 sensibus,
2485 512 2580 568 Dei
2624 526 2807 570 sermo
2833 513 3103 570 videatur.
3132 514 3239 571 Sed
3286 514 3422 572 dum
3463 519 3638 589 utique
3669 529 3692 559 ι
3716 538 3744 579 a

2179 610 2426 675 tempore
2452 604 2657 663 divina:
2686 606 2854 676 vocis,
2886 614 2944 664 et
2983 617 3153 663 totum
3191 608 3320 663 vitze
3350 616 3561 679 tempus
3596 627 3746 672 annos

2177 699 2298 771 plus
2325 714 2486 771 quam
2519 700 2966 773 quadringentos,
3010 710 3068 758 et
3109 703 3351 759 servitus
3382 703 3560 760 minus
3599 706 3747 764 multo

1500 812 1759 870 ALABDI
1797 810 2031 869 GAZEI
2064 808 2631 874 COMMENTARIUS.

484 906 858 981 distinguenda
896 907 986 966 hic
1018 923 1144 965 esse
1174 916 1409 979 quatuor
1444 916 1710 981 tempora.
1745 906 2001 981 Primum,
2035 919 2066 959 a

486 976 845 1053 promissione
873 981 1102 1053 Abrahae
1132 976 1267 1036 facta
1300 995 1470 1049 usque
1495 976 1783 1053 ad’Aexitum
1807 976 2069 1053 exAEgy-

484 1045 597 1125 illo,
618 1060 684 1125 _et
710 1054 882 1120 legem
906 1052 1037 1108 Mosi
1064 1052 1242 1108 datam
1274 1053 1327 1108 in
1354 1045 1537 1125 monte
1562 1045 1687 1106 Sina
1714 1067 1728 1104 :
1758 1045 2069 1125 qualitatu-

482 1119 585 1193 pus
609 1122 709 1177 fuit
734 1119 839 1180 s50
859 1138 1145 1187 annorum,
1171 1124 1324 1194 juxta
1366 1122 1681 1191 Apostolum
1724 1119 1790 1194 ad
1826 1119 2062 1194 Galatas.

483 1192 803 1258 Secundum,
838 1206 1048 1265 tempus
1077 1192 1523 1267 peregrinationis
1543 1235 1559 1257 ,
1604 1196 1717 1248 sive
1739 1192 2025 1267 iaculatus

479 1281 588 1334 quo
611 1281 797 1321 semen
829 1264 1062 1322 Abrahae
1080 1264 1479 1335 peregrinatum
1508 1275 1589 1321 est
1618 1264 1808 1333 partim
1838 1264 1890 1317 iu
1921 1276 2060 1318 terra

479 1335 768 1402 Chanaan,
805 1339 997 1410 partim
1027 1340 1080 1394 in
1107 1338 1375 1410 Egypto:
1403 1337 1543 1407 quod
1575 1335 2060 1410 ctimputari‘debet

480 1422 510 1462 a
543 1405 819 1464 tiativitate
847 1409 1025 1481 Isaac,
1055 1413 1141 1481 qui
1183 1405 1281 1464 fuit
1326 1405 1552 1478 primum
1599 1423 1783 1462 setncn
1832 1405 2063 1481 Abraluc

479 1494 579 1550 per
602 1478 1281 1548 repromissionem'datnm
1306 1496 1323 1536 :
1351 1482 1439 1549 qui
1469 1494 1589 1535 cum
1623 1490 1781 1533 natus
1815 1478 1884 1532 sit
1923 1491 2065 1530 anno

479 1551 776 1621 centesimo
819 1551 984 1620 patris
1030 1554 1151 1620 sui,
1200 1566 1535 1621 coiisequens
1575 1559 1690 1611 est,
1723 1550 1825 1605 huc
1855 1562 2064 1615 tempus

480 1620 708 1678 durasse
731 1625 888 1679 annis
916 1624 1151 1694 quinque
1181 1637 1341 1691 supra
1371 1620 1794 1691 quadringentos
1819 1662 1835 1685 ,
1875 1621 2062 1674 detra-

478 1694 581 1766 ctis
610 1694 862 1749 nitnirntn
887 1694 1075 1763 viginti
1103 1694 1359 1766 quinque,
1389 1695 1477 1766 qui
1507 1697 1575 1747 ah
1601 1708 1743 1746 anno
1777 1700 2063 1760 septuage-

477 1764 618 1822 simo
659 1770 847 1835 quinto
894 1763 1134 1820 Abrahae
1161 1765 1227 1821 ad
1258 1763 1623 1835 cente~itnnm
1664 1779 1832 1835 usque
1869 1776 2063 1817 excur-

477 1845 621 1894 runt.
656 1833 723 1892 Et
748 1838 814 1891 de
840 1838 942 1892 hoc
970 1850 1210 1906 tempore
1239 1836 1553 1905 intelligitur
1584 1834 1712 1889 illud
1746 1833 1881 1888 Gen.
1917 1849 1984 1886 xv
2013 1842 2067 1887 et

478 1908 601 1979 Act.
626 1923 717 1970 vn,
741 1923 848 1979 quo
867 1908 1065 1964 dicitur
1088 1924 1270 1964 semen
1298 1909 1531 1963 Abrahae
1559 1908 1880 1961 serviturum
1911 1907 2065 1959 annis

477 1974 603 2034 400.
633 1974 785 2048 Quod
811 1980 954 2036 enim
986 1980 1265 2050 Scriptura
1293 1980 1399 2035 400
1437 1992 1607 2050 annos
1646 1987 1847 2031 tantum
1890 1980 2064 2029 numi-

477 2059 570 2103 πει
593 2094 609 2120 ,
651 2053 755 2107 hoc
795 2053 920 2107 facit
957 2049 1270 2117 more’suo,
1301 2066 1406 2121 quo
1436 2049 1577 2105 solet
1600 2051 1659 2121 in
1687 2058 2063 2121 supputatione

478 2118 779 2191 temporum
810 2125 891 2179 vel
918 2138 1131 2189 rerum,
1168 2118 1447 2177 numerum
1487 2119 1815 2176 cardinnlc-tn
1854 2118 2067 2191 dumta-

478 2202 571 2265 χιιι
594 2189 908 2265 exprimere
924 2194 953 2264 ,Ι
978 2196 1103 2249 licet
1127 2195 1328 2263 aliquid
1354 2192 1588 2260 supersit
1611 2200 1704 2245 aut
1729 2191 1890 2265 desit.
1932 2189 2061 2244 Nam

476 2263 522 2317 si
555 2263 608 2317 in
634 2260 774 2332 jure,
805 2264 870 2320 de
896 2260 1120 2320 minimis
1148 2260 1253 2320 non
1281 2273 1428 2318 curat
1466 2272 1681 2333 prtetor,
1723 2260 1914 2333 mirum
1956 2276 2063 2316 non

477 2342 583 2398 est,
614 2339 659 2391 si
682 2337 960 2407 Scriptura
986 2353 1232 2408 magnum
1262 2336 1410 2391 illum
1438 2346 1492 2390 et
1519 2334 1747 2408 solidum
1768 2332 1874 2389 400
1898 2348 2060 2386 nnno-

477 2416 595 2459 rum
627 2422 906 2463 numerum
936 2409 1239 2472 nominans,
1275 2422 1497 2477 parvum
1525 2407 1760 2477 thinque
1798 2418 2061 2458 annorum

476 2490 757 2532 excessum
800 2495 905 2534 non
944 2480 1143 2534 curarit
1182 2479 1505 2546 exprimere.
1544 2478 1771 2531 Tertium
1799 2515 1813 2535 ,
1854 2485 2065 2544 tempus

479 2550 933 2617 peregrinationis
973 2565 1068 2605 seu
1109 2550 1458 2605 habitationis
1511 2548 1740 2602 [ilicium
1798 2546 1959 2601 Israel
2012 2552 2063 2600 in

476 2626 621 2693 terra
663 2618 922 2693 Egypti,
954 2622 1094 2692 quod
1144 2622 1369 2693 incoepit
1406 2636 1434 2675 a
1480 2618 1744 2693 descensu
1792 2618 1960 2693 Jacoh
1991 2619 2061 2693 in

478 2687 1134 2760 Egyptum'fduravitqne
1158 2687 1313 2748 annis
1343 2692 1622 2746 dumtaxat
1644 2691 1890 2745 ducentis
1916 2688 2065 2758 quin~

477 2759 674 2827 decim,
707 2774 765 2817 ut
795 2765 1014 2818 tradunt
1040 2765 1328 2833 .Iosephus,
1355 2763 1645 2824 Eusebius,
1671 2761 2018 2833 _Angnstinus
2041 2799 2057 2825 ,

476 2842 532 2906 et
556 2833 671 2906 alii.
699 2833 763 2889 Et
787 2837 1055 2906 colligitur
1075 2852 1139 2891 ex
1162 2830 1342 2891 verbis
1366 2836 1605 2904 Apostoli
1633 2830 1901 2906 (Gatfnt).
1929 2830 2058 2885 Nam

476 2902 635 2975 silex
668 2906 775 2960 lata
812 2919 895 2961 est
918 2902 1074 2961 annis
1111 2907 1218 2963 450
1240 2947 1257 2972 ,
1300 2902 1428 2975 ροςι
1459 2902 1871 2972 promiSSionem
1915 2905 2058 2957 illam

476 2972 710 3031 Abraha:
740 2975 956 3041 factam,
987 2992 1093 3048 quo
1125 2972 1367 3048 tempore
1396 2976 1588 3048 agebat
1619 2975 1709 3030 ille
1736 2991 1933 3028 ammm
1970 2988 2057 3028 se-

476 3048 867 3120 ptuagesimum
905 3046 1149 3120 quintum
1173 3091 1187 3112 ,
1227 3046 1284 3103 nt
1315 3049 1507 3119 legtur
1535 3046 1761 3120 Genesis
1793 3063 1863 3100 ιιι
1891 3063 1903 3098 :
1918 3060 2057 3120 _cnm

476 3115 543 3169 ab
572 3114 639 3172 eo
673 3114 1120 3191 tempore'nsque
1155 3120 1221 3175 ad
1262 3114 1558 3191 ingressum
1598 3117 1764 3191 Jacob
1804 3120 1854 3171 in
1894 3114 2059 3185 Egy-

477 3197 625 3256 ptutn
673 3190 978 3246 effluxerint
1029 3193 1153 3247 anni
1202 3190 1416 3245 ducenti
1465 3190 1814 3259 qttindecim,
1867 3203 2058 3258 nempe

468 3271 649 3333 usque
694 3261 761 3316 ad
809 3273 987 3318 ortum
1029 3262 1175 3319 Isaac
1213 3263 1393 3333 viginti
1433 3258 1705 3333 quinque)
1745 3258 1880 3315 Gen.
1927 3275 2054 3315 xu:

2172 905 2322 987 illud
2362 920 2561 987 tempus
2611 925 2713 980 quo
2757 911 3040 987 servierunt
3077 909 3291 968 Hebraei
3331 911 3388 968 in
3421 909 3664 987 Egpr.
3689 920 3748 978 At

2172 978 2241 1033 de
2270 980 2354 1034 his
2381 978 2637 1037 hactenus
2668 982 2822 1036 satis.

2244 1059 2272 1089 ι
2302 1051 2353 1106 Id
2384 1061 2489 1121 est,
2527 1054 2903 1119 promissionis
2924 1052 3235 1110 Alirahamo
3259 1054 3434 1120 factm,
3460 1054 3528 1110 de
3553 1057 3748 1116 benedi-

2171 1122 2350 1198 ctiotxe
2378 1126 2613 1194 gentium
2637 1126 2689 1178 in
2712 1127 2904 1179 semine
2923 1127 3109 1197 ipsius,
3139 1128 3229 1197 qui
3254 1137 3333 1181 est
3361 1125 3592 1183 Christus
3618 1129 3744 1198 (Gal.

2158 1192 2250 1265 ριιι)
2278 1213 2290 1247 :
2322 1192 2479 1266 quam
2512 1198 2924 1266 promis~ionem
2944 1192 3250 1266 'Aposuiltts
3284 1208 3445 1253 vocat
3477 1192 3746 1258 leuamen-

2173 1276 2283 1341 tuin
2326 1268 2943 1341 a_Deorconfirtn_atum.
2988 1270 3087 1323 libi
3129 1269 3192 1323 D.
3236 1269 3598 1341 Hieronymus
3635 1290 3648 1327 :
3692 1274 3746 1331 Si

2167 1338 2300 1403 quis,
2333 1339 2430 1404 ait,
2460 1340 2729 1409 diligenter
2754 1339 2974 1394 Hebm'a
3000 1341 3259 1394 volumina
3283 1352 3332 1394 et
3360 1338 3469 1395 cret]
3485 1359 3567 1396 ras
3586 1345 3746 1401 editio-

2168 1424 2263 1483 nes
2286 1425 2401 1462 cum
2445 1412 2788 1483 Septuaginta
2826 1415 3161 1479 interpretum
3199 1413 3545 1467 translatione
3578 1428 3742 1471 contu-

2169 1477 2306 1540 lerit,
2336 1477 2571 1546 inveniet,
2606 1477 2690 1536 ubi
2716 1477 3066 1536 testamentum
3094 1490 3347 1552 scriptum
3369 1494 3463 1548 est,
3489 1501 3587 1539 non
3611 1496 3744 1542 testa-

2168 1561 2394 1623 mentum
2429 1570 2647 1618 sonare,
2689 1555 2778 1607 sed
2816 1566 3018 1623 pactum
3041 1602 3057 1619 ,
3099 1556 3235 1623 quod
3279 1554 3502 1610 llelirteo
3537 1573 3747 1615 sermone

2168 1622 2360 1695 dicitur
2389 1640 2567 1680 ιιειιιτ.
2596 1626 2659 1681 Ει
2690 1622 2852 1690 infra,
2888 1637 3121 1680 mentem
3164 1627 3412 1695 Apustolt
3452 1628 3743 1693 explicans:

2175 1691 2429 1766 Simplex,
2464 1698 2656 1766 inquit,
2690 1713 2892 1761 sensus,
2924 1698 3010 1764 qui
3037 1698 3091 1750 in
3122 1691 3226 1750 hoc
3247 1699 3363 1751 loco
3392 1691 3596 1764 texitur,
3625 1698 3744 1756 hanc

2172 1765 2273 1817 vim
2300 1767 2468 1827 habet.
2497 1765 2549 1821 ut
2575 1770 2754 1822 doceat
2794 1770 3073 1836 Apostolus
3109 1784 3212 1822 non
3252 1784 3406 1839 posse
3430 1809 3443 1827 .
3483 1786 3572 1839 per
3602 1769 3745 1839 legem

2172 1850 2286 1904 qua:
2320 1849 2495 1911 postea
2531 1838 2654 1893 data
2690 1850 2801 1905 est,
2840 1838 3259 1898 renroniissiones
3297 1854 3418 1908 qua
3452 1838 3570 1911 ante
3616 1838 3746 1911 facta!

2172 1918 2293 1981 sunt
2318 1909 2385 1961 ad
2411 1911 2667 1964 Abraham
2694 1911 2909 1975 destrui,
2938 1921 2984 1963 et
3012 1911 3300 1981 posteriora
3338 1910 3589 1979 prioribus
3617 1909 3743 1980 prte—

2160 1980 2436 2054 judicare,
2478 1998 2591 2034 cum
2632 1980 3052 2051 repromisaiones
3090 1983 3158 2034 ad
3198 1981 3461 2054 Abraham
3498 1992 3609 2037 ante
3634 2001 3746 2054 gna-

2167 2050 2467 2134 dringentos
2491 2053 2700 2134 triginta
2726 2069 2889 2134 annos
2914 2056 3051 2107 data:
3078 2055 3203 2134 sint,
3230 2053 3373 2121 quod
3413 2050 3743 2134 benediceren-

2168 2129 2253 2175 tur
2280 2122 2332 2195 in
2360 2122 2454 2175 illo
2483 2126 2726 2179 universa:
2765 2126 2995 2179 nationes
3018 2139 3038 2179 :
3077 2124 3204 2192 legis
3239 2134 3410 2178 autem
3449 2125 3740 2195 observatio,

2167 2194 2433 2268 quodqui
2468 2196 2666 2263 fecisset
2704 2211 2844 2268 eam,
2882 2196 3065 2268 t-iveret
3089 2197 3142 2268 in
3165 2211 3248 2268 ea,
3285 2206 3399 2262 post
3426 2197 3724 2268 quadringen

2170 2274 2246 2338 tos
2275 2266 2483 2335 triginta
2512 2283 2679 2321 annos
2724 2266 2897 2338 Moysi
2932 2271 3053 2320 data
3088 2267 3165 2338 sit
3192 2266 3246 2319 in
3282 2275 3459 2320 monte
3498 2265 3654 2322 διιιαῖ
3677 2268 3743 2323 hs

2168 2335 2551 2409 llieronytnus.
2593 2344 2659 2391 At
2693 2335 3100 2409 jam'qumritur
3138 2336 3206 2392 de
3249 2353 3358 2406 qua
3416 2340 3742 2407 promissione

2168 2405 2256 2460 hic
2284 2405 2493 2479 agatur,
2520 2425 2549 2463 a
2580 2405 2928 2479 qua'initinm
2957 2405 3380 2475 computationis
3417 2405 3623 2463 illorum
3657 2428 3743 2464 an-

2168 2494 2361 2532 norntn
2404 2482 2724 2535 Sumendnm
2764 2483 2866 2535 sit?
2902 2479 3176 2550 Multiplex
3218 2482 3366 2533 enim
3411 2479 3601 2550 legitur
3635 2497 3741 2551 pro-

2168 2552 2357 2604 missio
2389 2553 2523 2605 fztcta
2557 2552 2809 2611 Ahralne,
2843 2562 2897 2603 nt
2928 2553 3178 2605 observat
3204 2550 3265 2604 Ι).
3304 2550 3738 2620 Augustinuslib.

2166 2636 2253 2678 Χιί
2278 2623 2342 2693 de
2366 2621 2595 2678 Civitate
2623 2623 2713 2678 Dei
2741 2620 2894 2693 (Cap.
2928 2623 3013 2683 l6.
3046 2624 3137 2691 18,
3164 2623 3229 2677 ει
3265 2630 3319 2674 ct
3346 2630 3475 2691 seq.)
3499 2640 3511 2675 ε
3538 2621 3737 2688 Harum,

2166 2692 2360 2764 inquit,
2395 2696 2561 2764 prium
2588 2695 2657 2747 ita
2687 2692 2872 2763 legitur
2894 2710 2913 2748 :
2947 2693 3011 2745 Et
3036 2694 3164 2746 dixit
3200 2693 3459 2747 Dominus
3494 2695 3561 2746 ad
3597 2694 3740 2749 Abra-

2165 2764 2287 2817 ham
2309 2780 2328 2819 :
2357 2764 2458 2820 Exi
2484 2765 2547 2818 de
2576 2774 2711 2819 terra
2738 2777 2846 2827 tua,
2879 2777 2926 2817 et
2953 2765 3017 2818 de
3041 2765 3350 2836 cognatione
3371 2773 3485 2836 tua,
3511 2775 3555 2818 et
3578 2767 3636 2817 de
3661 2770 3741 2819 doc

2165 2852 2248 2890 mo
2279 2839 2442 2904 patris
2468 2838 2564 2899 tui,
2595 2848 2643 2888 et
2670 2838 2797 2889 vade
2820 2836 2873 2889 in
2905 2845 3092 2888 terram
3108 2835 3271 2906 gnam
3316 2835 3409 2888 tibi
3450 2835 3739 2890 demonstra-

2162 2924 2304 2975 vcro,
2335 2917 2380 2960 et
2408 2910 2597 2976 faciant
2626 2917 2673 2959 te
2702 2909 2753 2959 in
2785 2917 2985 2975 gentem
3014 2922 3276 2978 magnam,
3305 2918 3350 2959 et
3382 2906 3659 2960 benedicnnt
3681 2918 3737 2972 te,

2164 2988 2214 3033 et
2243 2978 2579 3051 ntagnificabo
2608 2995 2789 3032 nomen
2822 2988 2985 3040 tuum,
3010 2989 3055 3031 et
3072 2978 3186 3031 ‘eris
3212 2978 3528 3051 benedictus,
3550 2986 3594 3031 et
3615 2978 3739 3032 bene-

2164 3049 2702 3105 dicainbenedicentes
2731 3060 2798 3116 te,
2826 3059 2871 3101 et
2892 3050 3195 3102 maledicam
3222 3049 3581 3103 maledicentes
3602 3058 3672 3105 te.
3697 3057 3738 3102 et

2164 3121 2527 3175 benedicentur
2565 3122 2619 3173 in
2648 3130 2697 3173 te
2734 3137 2903 3174 omnes
2939 3121 3101 3173 tribus
3139 3128 3291 3174 terra!
3324 3116 3480 3185 (Gen.
3514 3122 3623 3189 xu).
3655 3117 3738 3173 Ubi

2162 3192 2528 3248 advertendum
2563 3202 2633 3245 est
2654 3192 2784 3263 duas
2808 3207 2887 3244 res
2918 3192 3194 3263 promissas
3226 3190 3467 3263 Abrahae.
3492 3189 3739 3243 unamsci-

2164 3264 2299 3329 licet,
2328 3264 2465 3332 quod
2494 3273 2681 3317 terram
2708 3259 2954 3317 Chanaan
2995 3278 3346 3328 possessorum
3395 3261 3547 3332 fuerit
3589 3276 3738 3315 semels

479 3328 605 3406 hinc
636 3347 803 3403 usque
831 3334 897 3406 ad
927 3344 1105 3389 ortum
1137 3328 1302 3390 incoli
1330 3328 1633 3406 sexaginta,
1662 3330 1890 3386 Genesis
1920 3347 2018 3384 xxv
2045 3347 2058 3383 :
2088 3333 2138 3398 ο
2168 3328 2321 3406 ejus:
2339 3328 2487 3405 'quod
2511 3335 2852 3406 signiﬁcatur,
2882 3333 2969 3387 ubi
2997 3335 3189 3385 dictum
3212 3342 3305 3406 est
3330 3347 3350 3387 :
3398 3328 3534 3386 Vade
3566 3333 3614 3385 in
3648 3341 3736 3383 ter-

480 3397 606 3482 inde
627 3397 794 3482 usque
815 3404 879 3458 ad
908 3406 1202 3482 ingressum
1224 3406 1392 3461 Jacob
1417 3397 1813 3482 in'Egyptum,
1847 3414 2058 3456 centum

481 3474 717 3545 triginta,
748 3474 983 3530 Genesis
1019 3491 1192 3540 xuii;
1230 3487 1519 3545 supersunt
1557 3476 1852 3537 dumtaxat,
1897 3487 2064 3542 usque

481 3544 545 3596 :ttl
570 3543 738 3613 legem
770 3547 950 3613 latam,
976 3549 1101 3602 anni
1128 3547 1254 3613 215,
1286 3543 1395 3614 qui,
1427 3560 1548 3601 cum
1583 3546 1695 3606 pari
1723 3546 1933 3598 illorum
1965 3561 2067 3598 ιιιι-

482 3628 655 3685 mero,
685 3615 923 3672 efﬁciunt
954 3634 1124 3674 annos
1157 3620 1275 3674 illos
1305 3619 1411 3673 450
1439 3618 1507 3671 de
1532 3616 1723 3685 quibus
1750 3614 2062 3684 Apostolus.

485 3682 739 3748 Quartum
761 3730 775 3753 ,
819 3697 1026 3758 tempus
1068 3690 1342 3745 servitutis
1380 3699 1434 3743 et
1469 3682 1775 3743 atllictionis
1802 3682 2066 3741 ‘Helira-o-

482 3768 599 3832 rum
627 3759 678 3812 in
702 3759 957 3832 Aiaypto,
985 3762 1125 3831 quod
1148 3762 1312 3828 C(Bpil
1343 3760 1517 3832 paulo
1547 3769 1666 3832 po~t
1706 3766 1933 3832 mortem
1973 3758 2066 3813 .lo-

481 3828 612 3898 scplt
644 3841 697 3883 et
727 3828 949 3886 fratrum
982 3828 1125 3901 ejus,
1157 3842 1215 3885 ιιι
1253 3828 1449 3887 dicitur
1480 3830 1647 3885 Exodi
1678 3847 1716 3896 t,
1745 3829 2065 3901 duravitque

481 3903 642 3974 annis
664 3903 878 3958 circiter
905 3913 1120 3959 centum
1151 3903 1355 3974 viginti.
1388 3903 1519 3974 Cum
1560 3902 1702 3957 enim
1734 3917 1796 3957 ex
1822 3900 2067 3974 ducentis

481 3970 784 4040 quindecim
825 3974 998 4041 annis,
1043 3970 1231 4041 quibus
1258 3975 1464 4030 llebrtei
1488 3973 1801 4028 habitavere
1825 3974 1874 4026 in
1900 3971 2063 4044 :Egy-

482 4050 595 4110 pto,
626 4044 910 4099 detrahere
936 4055 1181 4114 oporteat
1207 4061 1369 4101 unttm
1416 4053 1473 4099 et
1504 4045 1838 4112 septuaginta
1869 4058 2060 4105 annos,

521 4128 616 4167 nos
633 4115 767 4170 vixit
781 4115 979 4185 Joseph
993 4118 1412 4186 postadventum
1430 4115 1592 4185 patris
1608 4116 1687 4168 sui
1707 4114 1758 4169 in
1776 4117 2062 4185 ASgyptnm

521 4128 616 4167 nos
633 4127 767 4170 Vtxtt
781 4127 979 4185 Joseph
993 4127 1412 4186 postadventum
1430 4127 1592 4185 patris
1608 4131 1687 4168 sut
1707 4130 1758 4169 tn
1776 4127 2062 4185 [Egypllltll

481 4127 631 4254 ῗιοιο
669 4187 810 4241 enim
834 4187 955 4259 hoc
981 4198 1221 4259 tempore
1250 4205 1350 4242 non
1374 4189 1676 4259 servierunt,
1708 4187 1798 4240 sed
1825 4202 2067 4258 regnave-

482 4266 599 4330 runt
628 4260 795 4323 potius
822 4257 1029 4314 Hebraei
1056 4257 1110 4314 in
1140 4259 1395 4330 eEgypto,
1425 4261 1500 4312 ait
1524 4257 1582 4312 S.
1616 4257 1948 4330 Augustinus
1973 4272 2065 4311 Sit-

461 4325 601 4397 τινε)
623 4344 638 4391 ;
664 4336 719 4383 et
750 4340 1007 4399 prteti-rea
1036 4325 1349 4386 detrahendi
1380 4325 1501 4384 sunt
1529 4327 1656 4382 anni
1696 4325 1880 4398 viginti
1919 4329 2026 4383 duo
2046 4370 2063 4396 ,

481 4399 674 4469 quibus
700 4399 826 4455 Levi
859 4400 1010 4456 fratri
1034 4417 1132 4457 suo
1154 4401 1391 4469 .losepho
1421 4400 1720 4469 supervixit
1744 4417 1756 4452 ε
1784 4413 1849 4454 ex
1872 4400 2066 4469 quibus

480 4468 787 4541 efﬁciuntur
815 4474 940 4528 anui
973 4476 1254 4541 nonaginta
1288 4468 1434 4527 tres:
1472 4468 1553 4526 his
1584 4471 1838 4526 detractis
1866 4468 1929 4524 ex
1964 4472 2066 4525 illis

480 4537 726 4596 ducentis
755 4547 990 4613 quinque
1011 4537 1185 4611 annis,
1218 4552 1503 4613 supersunt
1532 4541 1899 4613 tantummodo
1937 4542 2065 4596 anni

478 4621 694 4666 centum
727 4612 1066 4683 vigintidno,
1098 4612 1404 4670 Julia-orum
1436 4614 1677 4670 servituti
1710 4623 1763 4667 et
1785 4612 2065 4669 al‘ﬂictinni

482 4684 809 4755 assignandi.
843 4685 945 4741 Sed
976 4686 1089 4741 haec
1120 4687 1363 4755 pluribus
1402 4685 1541 4755 apud
1586 4686 1859 4741 l’ererium
1901 4684 2066 4739 babes

479 4753 768 4828 explicata.
823 4756 898 4811 Ex
949 4756 1032 4813 his
1079 4753 1240 4828 porro
1284 4753 1633 4827 experiendus
1681 4765 1849 4810 restat
1897 4759 2063 4809 no~tri

479 4824 732 4900 Auctoris
759 4838 938 4884 textus
964 4824 1204 4900 qtto'ait:
1238 4828 1300 4886 Si
1323 4824 1470 4883 omne
1496 4838 1692 4900 tempus
1718 4842 1781 4900 ea:
1800 4843 1899 4897 quo
1921 4828 2067 4900 locu-

477 4904 563 4972 tus
584 4906 661 4951 est
691 4897 852 4966 Deus,
886 4897 1013 4956 illud
1048 4915 1238 4972 nempe
1266 4901 1404 4971 quod
1435 4897 1708 4972 pra-cedit,
1739 4897 1918 4972 Sciens
1939 4898 2065 4952 scito

476 4968 597 5038 quia
621 4975 946 5042 peregrinum
976 4972 1103 5040 erit,
1144 4968 1249 5028 etc.
1274 4968 1297 5039 ,⁷
1332 4971 1737 5034 consideretur,
1783 4970 1901 5037 plus
1939 4978 2066 5023 sunt

476 5054 635 5114 quam
676 5043 1051 5114 quadringenti
1077 5085 1091 5107 ,
1123 5045 1246 5112 quia
1278 5044 1401 5109 450,
1426 5043 1496 5097 ab
1523 5056 1589 5095 eo
1617 5050 1863 5114 tempog
1897 5055 2064 5110 usque

475 5113 544 5165 ad
575 5126 857 5180 egressum
881 5111 946 5170 ex
975 5111 1211 5187 tEgypto
1235 5125 1283 5169 et
1310 5116 1469 5187 finem
1493 5114 1765 5167 servitutis
1788 5111 2066 5181 Egyptia-

475 5194 572 5247 ωε,
606 5196 991 5242 numerantur:
1026 5184 1096 5241 Si
1124 5195 1295 5239 autem
1330 5184 1463 5238 illud
1500 5193 1702 5237 tantum
1738 5200 1839 5251 quo
1873 5186 2064 5238 servie-

472 5262 615 5323 runt,
648 5255 839 5320 minus,
873 5264 930 5313 'et
957 5257 1125 5312 multo
1156 5258 1333 5311 minus
1361 5266 1530 5316 certe,
1557 5267 1608 5307 ut
1636 5263 1777 5323 patet
1798 5270 1861 5308 ex
1886 5254 2062 5311 «lictis:

474 5319 563 5399 ita
583 5327 663 5399 ﬁt,
680 5336 736 5379 ut
759 5319 835 5382 vel
858 5345 890 5382 a
910 5338 1021 5399 toto
1043 5344 1185 5399 pars,
1213 5327 1291 5381 vel
1316 5345 1348 5381 a
1375 5335 1518 5396 parte
1544 5319 1700 5399 totum
1728 5325 1895 5379 ualeat
1920 5327 2068 5380 intel-

386 5455 394 5468 '
472 5393 582 5466 ligi,
616 5397 666 5452 id
695 5405 799 5463 est,
835 5398 921 5453 vel
956 5393 1123 5453 totum
1157 5412 1254 5467 pro
1295 5393 1447 5468 parte
1471 5441 1486 5465 ,
1530 5397 1614 5452 vel
1656 5411 1779 5466 pars
1818 5412 1915 5465 pro
1955 5408 2066 5453 toto

472 5479 725 5535 ponatur,
768 5484 863 5538 per
887 5468 1265 5540 synecdochen
1287 5468 1518 5540 scilicet,
1562 5484 1679 5538 quae
1725 5483 1893 5523 sacra:
1921 5470 2066 5523 Scri-

472 5546 644 5607 pturte
674 5539 931 5611 frequens
955 5555 1021 5611 ac
1045 5539 1327 5595 familiaris
1356 5550 1457 5595 est.
1496 5539 1626 5611 Pars
1658 5539 1925 5611 siquidem
1969 5554 2066 5608 pro

471 5617 586 5664 toto
609 5610 787 5679 posita
803 5610 1138 5682 intelligitur,
1162 5611 1206 5665 si
1227 5611 1407 5682 plures
1428 5610 1868 5680 quadringentis:
1895 5621 2063 5665 totum

474 5694 603 5735 vero
643 5696 739 5751 pro
776 5692 965 5750 parte.
1006 5683 1051 5738 si
1096 5689 1399 5754 pauciores.
1436 5682 1993 5754 Priorisexemplnm,
2022 5683 2067 5736 si

471 5764 623 5825 autne
653 5763 881 5825 tempus,
913 5770 977 5808 ea:
1018 5752 1120 5825 quo
1148 5754 1288 5825 Deus
1314 5753 1512 5807 locutus
1539 5763 1611 5808 est
1641 5752 1869 5825 Abralne
1896 5768 2065 5822 usque

469 5821 536 5879 ad
563 5821 739 5896 legem
755 5821 970 5897 datam,
1004 5821 1355 5894 consideretur
1381 5839 1399 5879 :
1432 5824 1767 5903 posterioris,
1791 5824 1836 5888 si
1856 5821 2056 5887 tantum

2094 4721 2145 4782 D

2168 3404 2278 3461 ram
2316 3422 2470 3475 quant
2517 3408 2615 3474 tibi,
2642 3405 3047 3459 demonstravero
3066 3447 3080 3465 ,
3123 3415 3169 3457 et
3197 3404 3388 3471 faciam
3421 3414 3468 3456 te
3493 3405 3542 3456 in
3568 3415 3739 3475 gentm

2168 3493 2426 3545 magnam.
2463 3476 2629 3531 Aliam
2658 3492 2775 3529 rero
2803 3478 2951 3546 longe.
2979 3475 3412 3546 prwstantiorem,
3445 3490 3540 3527 non
3563 3478 3620 3526 de
3644 3487 3739 3525 car-

2168 3550 2299 3613 nali,
2331 3554 2418 3601 sed
2448 3551 2511 3601 de
2537 3546 2761 3613 spiritali
2794 3549 3021 3617 semine,
3064 3562 3154 3615 per
3190 3548 3332 3611 quod
3370 3556 3512 3617 pater
3546 3560 3639 3598 non
3678 3550 3740 3597 est

2168 3621 2323 3674 unius
2353 3620 2515 3689 gentis
2548 3619 2885 3682 Israeliticae,
2936 3616 3024 3669 sed
3066 3632 3292 3671 omnium
3346 3619 3601 3689 gentium,
3644 3629 3741 3689 qua

2169 3691 2292 3759 ﬁdei
2340 3687 2457 3760 ejus
2503 3690 2714 3759 vestigia
2754 3701 3130 3754 consequuntur
3153 3733 3165 3754 ,
3198 3688 3343 3758 quod
3373 3687 3592 3760 promitti
3612 3687 3738 3751 capit

2170 3758 2249 3816 his
2280 3758 2481 3818 verbis:
2516 3760 2581 3815 Et
2608 3758 2965 3814 benedicentur
2992 3760 3045 3813 in
3084 3769 3131 3812 te
3178 3775 3352 3812 omnes
3400 3758 3554 3812 tribus
3592 3766 3737 3809 terra.

2169 3834 2347 3904 Atque
2376 3836 2510 3888 hanc
2541 3831 3240 3904 promissionem:pectavit
3278 3832 3561 3904 Apostolus
3581 3868 3603 3904 ,ξ
3630 3829 3738 3881 dum

2169 3906 2234 3959 ad
2261 3898 2482 3961 'Galatas
2514 3898 2759 3958 scribens
2797 3902 2907 3956 ait:
2953 3899 3237 3954 Providens
3274 3898 3449 3954 autem
3491 3898 3739 3968 Scriptura

2168 3978 2290 4043 quia
2304 3992 2369 4030 ea:
2390 3976 2491 4043 ﬁde
2502 3974 2756 4047 justi/ica!
2778 3983 2947 4043 gentes
2964 3971 3120 4037 Deus,
3138 3971 3501 4047 prtenttttt_iavit
3522 3968 3737 4047 Abraltte,

2169 4038 2290 4113 quia
2312 4048 2364 4101 in
2390 4038 2443 4098 "te
2472 4038 2833 4100 benedicentur
2863 4060 3035 4098 onmes
3064 4038 3233 4113 gentes
3256 4039 3402 4105 (Gal.
3427 4040 3526 4111 ιιι).
3552 4039 3628 4095 Ali
3652 4038 3738 4092 hac

2169 4132 2348 4173 autem
2376 4118 2731 4185 promissione
2758 4115 3206 4183 computationem
3228 4115 3450 4185 illorum
3471 4113 3571 4166 400
3591 4123 3740 4185 anno-

2168 4204 2289 4243 rum
2320 4179 2615 4241 ducendum
2646 4202 2767 4241 esse
2816 4179 2971 4240 docet
3020 4185 3160 4239 idem
3212 4181 3539 4254 Augusuinos
3582 4179 3737 4254 verbis

2169 4261 2622 4326 consequentibus
2650 4276 2664 4313 :
2698 4256 2872 4321 Hanc,
2905 4256 3108 4326 inquit,
3145 4253 3738 4327 prontgssiouentfactant

2169 4320 2726 4385 arbitra-turtEusebius
2746 4320 3117 4400 sep'uage'sinto
3137 4320 3314 4396 quinto
3335 4326 3506 4400 anatis
3522 4320 3734 4400 Αὺνιώα,

2171 4411 2427 4473 tamquam
2457 4417 2577 4455 mox
2606 4409 2656 4452 ut
2689 4392 2826 4468 facta
2849 4392 3035 4473 est:
3054 4392 3253 4452 Chai-ra
3274 4398 3453 4452 exierit
3473 4392 3735 4473 Abraham:

2170 4466 2409 4538 quoniam
2443 4466 2727 4541 Scriptura:
2753 4470 3036 4524 contradici
3062 4485 3161 4521 non
3193 4480 3386 4540 p0'est,
3426 4470 3502 4522 uti
3538 4466 3735 4533 legitur:

2171 4546 2429 4598 Abraham
2474 4554 2580 4597 erat
2622 4547 2844 4615 quinque
2886 4554 2933 4595 et
2976 4543 3298 4615 septuaginta
3343 4548 3736 4615 annorum,_cum

2170 4616 2291 4668 exiit
2321 4615 2384 4669 de
2412 4608 2768 4668 tlltarrafSed'
2787 4615 2832 4666 si
2852 4628 2910 4665 co
2935 4608 3070 4664 anno
3097 4608 3237 4676 [acta
3258 4622 3333 4664 est
3355 4613 3448 4665 ista
3471 4608 3731 4677 p:omissio,

2163 4689 2274 4757 jam
2299 4688 2469 4750 utique
2487 4689 2540 4739 in
2563 4684 2759 4740 Charra
2782 4700 2894 4737 cuin
2922 4693 3066 4757 patre
3088 4699 3179 4736 suo
3209 4681 3571 4757 demorabatur
3582 4677 3735 4757 Abra-

2175 4744 2326 4828 liam;
2358 4744 2516 4828 neque
2544 4757 2677 4810 enim
2707 4757 2823 4808 inde
2852 4744 2994 4809 exite
3020 4766 3209 4824 posset,
3244 4756 3345 4828 nisi
3381 4756 3520 4828 prius
3554 4749 3618 4828 ibi
3651 4744 3734 4798 Ita-

2166 4820 2400 4897 .bitasset.
2434 4820 2586 4881 'Nuln
2622 4829 2867 4897 quidnam
2905 4820 3029 4896 ergo
3063 4820 3430 4897 contradicitur
3468 4820 3730 4897 Stephano,

2166 4896 2365 4952 ‘dicsnti
2389 4914 2406 4951 :
2434 4897 2577 4952 Dens
2596 4895 2776 4969 gini-ite
2824 4895 3063 4967 apparuit
3106 4895 3325 4969 Abrahae
3372 4896 3506 4969 patri
3529 4900 3730 4969 nostro,

2174 4985 2290 5021 cum
2336 4980 2464 5023 esset
2509 4971 2561 5022 in
2598 4967 2981 5031 illesapotninia
3007 5009 3021 5030 ,
3070 4968 3371 5037 priu~quam
3421 4967 3729 5037 habitaretm

2158 5039 2368 5093 tCharra
2396 5042 2534 5111 (Act.
2566 5038 2684 5110 vn).
2719 5030 2825 5094 sed
2852 5030 3339 5111 intelligenduniest
3359 5078 3376 5102 ,
3414 5036 3543 5107 quod
3576 5030 3728 5109 eodeni

2160 5118 2305 5165 ’auno
2337 5109 2477 5178 facta
2502 5123 2615 5164 sunt
2644 5109 2834 5169 Omnia,
2869 5120 2914 5162 et
2955 5109 3053 5163 Dei
3090 5110 3361 5178 promissio
3407 5117 3654 5178 antequam
3683 5113 3761 5152 tu.

2169 5174 2368 5238 Charra
2392 5182 2642 5236 habitaret
2670 5181 2951 5247 Abraham,
2979 5193 3024 5232 et
3051 5174 3103 5233 in
3131 5177 3329 5251 C_harra
3357 5180 3586 5251 habittnio
3610 5174 3725 5251 ejuf.

2168 5265 2214 5307 et
2243 5256 2360 5308 inde
2387 5254 2636 5324 profectio
2658 5269 2677 5307 :
2704 5269 2802 5305 non
2824 5245 2988 5324 solum
3013 5254 3132 5320 quia
3155 5249 3402 5305 Eusebius
3423 5252 3470 5303 ili
3494 5245 3728 5324 Chrouicis

2169 5324 2235 5378 ab
2263 5317 2405 5397 anno
2428 5317 2581 5397 hujus
2612 5323 2964 5397 promissionis
2995 5317 3287 5397 computat,
3322 5333 3367 5375 et
3395 5317 3595 5397 (uendit
3628 5318 3725 5397 post

2168 5386 2576 5468 quadringen'tos
2599 5386 2645 5448 et
2668 5395 2877 5468 triginta
2899 5409 3069 5468 annos
3084 5386 3277 5468 exitum
3299 5409 3402 5468 esse
3420 5394 3479 5444 de
3500 5386 3721 5468 κερεῖρέοτ

2169 5455 2374 5533 quando
2397 5455 2485 5520 lex
2515 5470 2636 5519 data
2666 5455 2775 5528 est";
2803 5481 2977 5519 rerum
3005 5466 3156 5518 etiam
3183 5465 3305 5527 quia
3332 5466 3382 5517 id
3404 5455 3724 5533 comntémirai

2168 5522 2440 5608 apostolus
2473 5536 2688 5592 Paulus.
2719 5522 2986 5591 llai-teuns
3021 5522 3361 5609 Augustinus
3386 5542 3615 5609 spectans
3648 5522 3721 5609 l9-

2170 5602 2291 5664 cntii
2325 5609 2595 5677 Apostoli,
2626 5623 2784 5678 quem
2810 5611 2970 5663 etiam
3006 5602 3135 5661 citat
3172 5602 3432 5661 Eusebius
3453 5602 3589 5678 ,ιιιὺὶ
3622 5602 3719 5678 alii

2175 5679 2350 5751 legem
2377 5674 2540 5735 latam
2579 5674 2697 5751 post
2725 5680 3150 5750 quadringentos
3177 5693 3348 5751 annos
3378 5678 3447 5751 ab
3473 5674 3556 5728 illo
3581 5674 3721 5751 tem:

2174 5744 2356 5806 niénto
2383 5753 2497 5806 sive
2528 5744 2762 5821 βιαιο-εἰ
2789 5744 3151 5821 promissione
3174 5746 3411 5821 Abrahae
3429 5748 3575 5807 facta,
3598 5744 3718 5821 nullo

2176 5824 2350 5881 tetatis
2374 5813 2542 5903 ipsius
2567 5813 2962 5899 septuagesimo
2985 5820 3195 5893 quinto,
3219 5829 3280 5876 ut
3302 5818 3561 5894 Scriptura
3583 5813 3720 5866 testa-
