  <div class='ocr_page' id='page_1' title='image "/cluster/home/n/w/nwhite01/storage/ocr_20150623/50/hvd.32044015471550/102.png"; bbox 0 0 3966 6332; ppageno 0'>
   <div class='ocr_carea' id='block_1_1' title="bbox 245 438 371 498">
    <p class='ocr_par' dir='ltr' id='par_1_1' title="bbox 245 438 371 498">
     <span class='ocr_line' id='line_1_1' title="bbox 245 438 371 498; baseline 0.016 -1"><span class='ocrx_word' id='word_1_1' title='bbox 245 438 371 498; x_wconf 73' lang='grc'><strong>195</strong></span> 
     </span>
    </p>
   </div>
   <div class='ocr_carea' id='block_1_2' title="bbox 1302 431 2525 496">
    <p class='ocr_par' dir='ltr' id='par_1_2' title="bbox 1302 431 2525 496">
     <span class='ocr_line' id='line_1_2' title="bbox 1302 431 2525 496; baseline 0.002 -4"><span class='ocrx_word' id='word_1_2' title='bbox 1302 433 1393 493; x_wconf 84' lang='lat' dir='ltr'><strong>DE</strong></span> <span class='ocrx_word' id='word_1_3' title='bbox 1434 431 1947 495; x_wconf 78' lang='lat' dir='ltr'><strong>INCARNATIONE</strong></span> <span class='ocrx_word' id='word_1_4' title='bbox 1984 435 2225 494; x_wconf 82' lang='lat' dir='ltr'><strong>DOMINI</strong></span> <span class='ocrx_word' id='word_1_5' title='bbox 2259 435 2391 495; x_wconf 86' lang='lat' dir='ltr'><strong>LIB.</strong></span> <span class='ocrx_word' id='word_1_6' title='bbox 2438 434 2525 496; x_wconf 76' lang='lat' dir='ltr'><strong>Vl.</strong></span> 
     </span>
    </p>
   </div>
   <div class='ocr_carea' id='block_1_3' title="bbox 3440 447 3548 512">
    <p class='ocr_par' dir='ltr' id='par_1_3' title="bbox 3440 447 3548 512">
     <span class='ocr_line' id='line_1_3' title="bbox 3440 447 3548 512; baseline 0.009 -10"><span class='ocrx_word' id='word_1_7' title='bbox 3440 447 3548 512; x_wconf 67' lang='grc' dir='ltr'><strong>1υᾷ</strong></span> 
     </span>
    </p>
   </div>
   <div class='ocr_carea' id='block_1_4' title="bbox 243 551 3544 626">
    <p class='ocr_par' dir='ltr' id='par_1_4' title="bbox 243 551 3544 626">
     <span class='ocr_line' id='line_1_4' title="bbox 243 551 3544 626; baseline 0.002 -16"><span class='ocrx_word' id='word_1_8' title='bbox 243 569 422 626; x_wconf 83' lang='lat' dir='ltr'><strong>quam</strong></span> <span class='ocrx_word' id='word_1_9' title='bbox 453 552 878 625; x_wconf 77' lang='lat' dir='ltr'><strong>quadringentos</strong></span> <span class='ocrx_word' id='word_1_10' title='bbox 903 551 1067 610; x_wconf 85' lang='lat' dir='ltr'><strong>habet</strong></span> <span class='ocrx_word' id='word_1_11' title='bbox 1094 568 1108 606; x_wconf 87' lang='lat'><strong>:</strong></span> <span class='ocrx_word' id='word_1_12' title='bbox 1139 551 1210 607; x_wconf 89' lang='lat' dir='ltr'><strong>ita</strong></span> <span class='ocrx_word' id='word_1_13' title='bbox 1238 552 1296 607; x_wconf 85' lang='lat' dir='ltr'><strong>tit</strong></span> <span class='ocrx_word' id='word_1_14' title='bbox 1319 562 1378 608; x_wconf 89' lang='lat' dir='ltr'><strong>ut</strong></span> <span class='ocrx_word' id='word_1_15' title='bbox 1407 553 1543 608; x_wconf 83' lang='lat' dir='ltr'><strong>vela</strong></span> <span class='ocrx_word' id='word_1_16' title='bbox 1569 562 1680 610; x_wconf 91' lang='lat' dir='ltr'><strong>toto</strong></span> <span class='ocrx_word' id='word_1_17' title='bbox 1702 569 1848 625; x_wconf 87' lang='lat' dir='ltr'><strong>pars,</strong></span> <span class='ocrx_word' id='word_1_18' title='bbox 1878 561 1931 622; x_wconf 70' lang='grc' dir='ltr'>Α</span> <span class='ocrx_word' id='word_1_19' title='bbox 1961 551 2136 624; x_wconf 70' lang='lat' dir='ltr'><strong>phetae</strong></span> <span class='ocrx_word' id='word_1_20' title='bbox 2165 563 2191 590; x_wconf 73' lang='grc' dir='ltr'><strong>ι</strong></span> <span class='ocrx_word' id='word_1_21' title='bbox 2221 553 2458 609; x_wconf 78' lang='lat' dir='ltr'><strong>futurum</strong></span> <span class='ocrx_word' id='word_1_22' title='bbox 2500 551 2698 612; x_wconf 88' lang='lat' dir='ltr'><strong>Filium</strong></span> <span class='ocrx_word' id='word_1_23' title='bbox 2741 551 2978 613; x_wconf 87' lang='lat' dir='ltr'><strong>hominis</strong></span> <span class='ocrx_word' id='word_1_24' title='bbox 3003 556 3266 614; x_wconf 85' lang='lat' dir='ltr'><strong>Dominus</strong></span> <span class='ocrx_word' id='word_1_25' title='bbox 3296 557 3350 614; x_wconf 90' lang='lat' dir='ltr'><strong>in</strong></span> <span class='ocrx_word' id='word_1_26' title='bbox 3377 561 3544 619; x_wconf 86' lang='lat' dir='ltr'><strong>corde</strong></span> 
     </span>
    </p>
   </div>
   <div class='ocr_carea' id='block_1_5' title="bbox 248 647 1852 718">
    <p class='ocr_par' dir='ltr' id='par_1_5' title="bbox 248 647 1852 718">
     <span class='ocr_line' id='line_1_5' title="bbox 248 647 1852 718; baseline 0.001 -16"><span class='ocrx_word' id='word_1_27' title='bbox 248 649 355 704; x_wconf 84' lang='lat' dir='ltr'><strong>vel</strong></span> <span class='ocrx_word' id='word_1_28' title='bbox 405 662 435 701; x_wconf 90' lang='lat' dir='ltr'><strong>a</strong></span> <span class='ocrx_word' id='word_1_29' title='bbox 492 657 646 718; x_wconf 90' lang='lat' dir='ltr'><strong>parte</strong></span> <span class='ocrx_word' id='word_1_30' title='bbox 679 657 851 704; x_wconf 90' lang='lat' dir='ltr'><strong>totum</strong></span> <span class='ocrx_word' id='word_1_31' title='bbox 898 647 1075 703; x_wconf 83' lang='lat' dir='ltr'><strong>valeat</strong></span> <span class='ocrx_word' id='word_1_32' title='bbox 1125 647 1371 718; x_wconf 80' lang='lat' dir='ltr'><strong>intelligi.</strong></span> <span class='ocrx_word' id='word_1_33' title='bbox 1403 647 1518 702; x_wconf 87' lang='lat' dir='ltr'><strong>Non</strong></span> <span class='ocrx_word' id='word_1_34' title='bbox 1569 648 1852 704; x_wconf 84' lang='lat' dir='ltr'><strong>dissimilis</strong></span> 
     </span>
    </p>
   </div>
   <div class='ocr_carea' id='block_1_6' title="bbox 245 738 1852 810">
    <p class='ocr_par' dir='ltr' id='par_1_6' title="bbox 245 738 1852 810">
     <span class='ocr_line' id='line_1_6' title="bbox 245 738 1852 810; baseline 0.002 -20"><span class='ocrx_word' id='word_1_35' title='bbox 245 753 481 810; x_wconf 82' lang='lat' dir='ltr'><strong>quoque</strong></span> <span class='ocrx_word' id='word_1_36' title='bbox 505 753 536 795; x_wconf 90' lang='lat' dir='ltr'><strong>e</strong></span> <span class='ocrx_word' id='word_1_37' title='bbox 565 740 668 793; x_wconf 88' lang='lat' dir='ltr'><strong>iam</strong></span> <span class='ocrx_word' id='word_1_38' title='bbox 690 738 757 793; x_wconf 91' lang='lat' dir='ltr'><strong>de</strong></span> <span class='ocrx_word' id='word_1_39' title='bbox 782 738 972 795; x_wconf 88' lang='lat' dir='ltr'><strong>diebus</strong></span> <span class='ocrx_word' id='word_1_40' title='bbox 1001 739 1271 794; x_wconf 85' lang='lat' dir='ltr'><strong>interdum</strong></span> <span class='ocrx_word' id='word_1_41' title='bbox 1312 754 1377 795; x_wconf 90' lang='lat' dir='ltr'><strong>ac</strong></span> <span class='ocrx_word' id='word_1_42' title='bbox 1405 740 1662 796; x_wconf 90' lang='lat' dir='ltr'><strong>noctibus</strong></span> <span class='ocrx_word' id='word_1_43' title='bbox 1684 738 1852 809; x_wconf 76' lang='lat' dir='ltr'><strong>signi-</strong></span> 
     </span>
    </p>
   </div>
   <div class='ocr_carea' id='block_1_7' title="bbox 243 831 1852 903">
    <p class='ocr_par' dir='ltr' id='par_1_7' title="bbox 243 831 1852 903">
     <span class='ocr_line' id='line_1_7' title="bbox 243 831 1852 903; baseline 0.002 -18"><span class='ocrx_word' id='word_1_44' title='bbox 243 831 447 886; x_wconf 78' lang='lat' dir='ltr'><strong>ﬁcatio</strong></span> <span class='ocrx_word' id='word_1_45' title='bbox 483 841 606 888; x_wconf 87' lang='lat' dir='ltr'><strong>est:</strong></span> <span class='ocrx_word' id='word_1_46' title='bbox 639 832 726 887; x_wconf 89' lang='lat' dir='ltr'><strong>ubi</strong></span> <span class='ocrx_word' id='word_1_47' title='bbox 756 847 877 887; x_wconf 85' lang='lat' dir='ltr'><strong>cum</strong></span> <span class='ocrx_word' id='word_1_48' title='bbox 921 832 973 887; x_wconf 92' lang='lat' dir='ltr'><strong>in</strong></span> <span class='ocrx_word' id='word_1_49' title='bbox 1021 844 1252 903; x_wconf 85' lang='lat' dir='ltr'><strong>utroque</strong></span> <span class='ocrx_word' id='word_1_50' title='bbox 1285 842 1529 902; x_wconf 87' lang='lat' dir='ltr'><strong>tempore</strong></span> <span class='ocrx_word' id='word_1_51' title='bbox 1571 849 1708 887; x_wconf 88' lang='lat' dir='ltr'><strong>unus</strong></span> <span class='ocrx_word' id='word_1_52' title='bbox 1735 832 1852 888; x_wconf 91' lang='lat' dir='ltr'><strong>dies</strong></span> 
     </span>
    </p>
   </div>
   <div class='ocr_carea' id='block_1_8' title="bbox 242 923 1853 995">
    <p class='ocr_par' dir='ltr' id='par_1_8' title="bbox 242 923 1853 995">
     <span class='ocr_line' id='line_1_8' title="bbox 242 923 1853 995; baseline -0.001 -16"><span class='ocrx_word' id='word_1_53' title='bbox 242 923 617 993; x_wconf 76' lang='lat' dir='ltr'><strong>intelligatur,</strong></span> <span class='ocrx_word' id='word_1_54' title='bbox 646 923 700 979; x_wconf 91' lang='lat' dir='ltr'><strong>in</strong></span> <span class='ocrx_word' id='word_1_55' title='bbox 732 934 886 994; x_wconf 87' lang='lat' dir='ltr'><strong>parte</strong></span> <span class='ocrx_word' id='word_1_56' title='bbox 917 924 1076 979; x_wconf 92' lang='lat' dir='ltr'><strong>unius</strong></span> <span class='ocrx_word' id='word_1_57' title='bbox 1110 925 1371 993; x_wconf 86' lang='lat' dir='ltr'><strong>temporis</strong></span> <span class='ocrx_word' id='word_1_58' title='bbox 1405 935 1617 995; x_wconf 83' lang='lat' dir='ltr'><strong>tempus</strong></span> <span class='ocrx_word' id='word_1_59' title='bbox 1645 933 1853 978; x_wconf 91' lang='lat' dir='ltr'><strong>utrum-</strong></span> 
     </span>
    </p>
   </div>
   <div class='ocr_carea' id='block_1_9' title="bbox 243 1019 1848 1088">
    <p class='ocr_par' dir='ltr' id='par_1_9' title="bbox 243 1019 1848 1088">
     <span class='ocr_line' id='line_1_9' title="bbox 243 1019 1848 1088; baseline 0.003 -20"><span class='ocrx_word' id='word_1_60' title='bbox 243 1033 370 1087; x_wconf 84' lang='lat' dir='ltr'><strong>que</strong></span> <span class='ocrx_word' id='word_1_61' title='bbox 418 1027 771 1074; x_wconf 81' lang='lat' dir='ltr'><strong>nimistratur.</strong></span> <span class='ocrx_word' id='word_1_62' title='bbox 809 1019 919 1072; x_wconf 91' lang='lat' dir='ltr'><strong>lloc</strong></span> <span class='ocrx_word' id='word_1_63' title='bbox 971 1019 1238 1088; x_wconf 85' lang='lat' dir='ltr'><strong>siquidem</strong></span> <span class='ocrx_word' id='word_1_64' title='bbox 1287 1019 1448 1074; x_wconf 87' lang='lat' dir='ltr'><strong>modo</strong></span> <span class='ocrx_word' id='word_1_65' title='bbox 1497 1019 1659 1074; x_wconf 87' lang='lat' dir='ltr'><strong>etiam</strong></span> <span class='ocrx_word' id='word_1_66' title='bbox 1694 1019 1848 1084; x_wconf 87' lang='lat' dir='ltr'><strong>illud,</strong></span> 
     </span>
    </p>
   </div>
   <div class='ocr_carea' id='block_1_10' title="bbox 242 1108 1853 1180">
    <p class='ocr_par' dir='ltr' id='par_1_10' title="bbox 242 1108 1853 1180">
     <span class='ocr_line' id='line_1_10' title="bbox 242 1108 1853 1180; baseline 0.001 -16"><span class='ocrx_word' id='word_1_67' title='bbox 242 1108 409 1179; x_wconf 84' lang='lat' dir='ltr'><strong>quod</strong></span> <span class='ocrx_word' id='word_1_68' title='bbox 434 1109 506 1166; x_wconf 90' lang='lat' dir='ltr'><strong>de</strong></span> <span class='ocrx_word' id='word_1_69' title='bbox 537 1121 781 1180; x_wconf 89' lang='lat' dir='ltr'><strong>tempore</strong></span> <span class='ocrx_word' id='word_1_70' title='bbox 809 1109 1108 1165; x_wconf 76' lang='lat' dir='ltr'><strong>Dominica:</strong></span> <span class='ocrx_word' id='word_1_71' title='bbox 1141 1111 1410 1180; x_wconf 56' lang='lat' dir='ltr'><strong>passionis</strong></span> <span class='ocrx_word' id='word_1_72' title='bbox 1439 1112 1728 1166; x_wconf 82' lang='lat' dir='ltr'><strong>obscurum</strong></span> <span class='ocrx_word' id='word_1_73' title='bbox 1770 1112 1853 1166; x_wconf 85' lang='lat' dir='ltr'><strong>vi-</strong></span> 
     </span>
    </p>
   </div>
   <div class='ocr_carea' id='block_1_11' title="bbox 239 1197 1849 1274">
    <p class='ocr_par' dir='ltr' id='par_1_11' title="bbox 239 1197 1849 1274">
     <span class='ocr_line' id='line_1_11' title="bbox 239 1197 1849 1274; baseline 0.003 -20"><span class='ocrx_word' id='word_1_74' title='bbox 239 1197 443 1269; x_wconf 87' lang='lat' dir='ltr'><strong>detur,</strong></span> <span class='ocrx_word' id='word_1_75' title='bbox 476 1200 737 1271; x_wconf 85' lang='lat' dir='ltr'><strong>aperitur.</strong></span> <span class='ocrx_word' id='word_1_76' title='bbox 763 1199 896 1258; x_wconf 84' lang='lat' dir='ltr'><strong>Cum</strong></span> <span class='ocrx_word' id='word_1_77' title='bbox 924 1204 1070 1258; x_wconf 89' lang='lat' dir='ltr'><strong>enim</strong></span> <span class='ocrx_word' id='word_1_78' title='bbox 1099 1203 1202 1258; x_wconf 88' lang='lat' dir='ltr'><strong>sub</strong></span> <span class='ocrx_word' id='word_1_79' title='bbox 1235 1205 1490 1274; x_wconf 79' lang='lat' dir='ltr'><strong>exemplo</strong></span> <span class='ocrx_word' id='word_1_80' title='bbox 1530 1203 1682 1261; x_wconf 71' lang='lat' dir='ltr'><strong>lente</strong></span> <span class='ocrx_word' id='word_1_81' title='bbox 1714 1220 1849 1272; x_wconf 88' lang='lat' dir='ltr'><strong>pro-</strong></span> 
     </span>
    </p>
   </div>
   <div class='ocr_carea' id='block_1_12' title="bbox 1964 647 3544 724">
    <p class='ocr_par' dir='ltr' id='par_1_12' title="bbox 1964 647 3544 724">
     <span class='ocr_line' id='line_1_12' title="bbox 1964 647 3544 724; baseline 0.006 -22"><span class='ocrx_word' id='word_1_82' title='bbox 1964 656 2125 702; x_wconf 71' lang='lat' dir='ltr'><strong>terra:</strong></span> <span class='ocrx_word' id='word_1_83' title='bbox 2156 647 2325 703; x_wconf 90' lang='lat' dir='ltr'><strong>tribus</strong></span> <span class='ocrx_word' id='word_1_84' title='bbox 2355 648 2546 702; x_wconf 88' lang='lat' dir='ltr'><strong>diebus</strong></span> <span class='ocrx_word' id='word_1_85' title='bbox 2576 660 2630 704; x_wconf 90' lang='lat' dir='ltr'><strong>et</strong></span> <span class='ocrx_word' id='word_1_86' title='bbox 2656 649 2827 704; x_wconf 88' lang='lat' dir='ltr'><strong>tribus</strong></span> <span class='ocrx_word' id='word_1_87' title='bbox 2850 652 3100 708; x_wconf 85' lang='lat' dir='ltr'><strong>noctibus</strong></span> <span class='ocrx_word' id='word_1_88' title='bbox 3129 667 3249 709; x_wconf 88' lang='lat' dir='ltr'><strong>esse</strong></span> <span class='ocrx_word' id='word_1_89' title='bbox 3276 653 3544 724; x_wconf 69' lang='lat' dir='ltr'><strong>praedixe-</strong></span> 
     </span>
    </p>
   </div>
   <div class='ocr_carea' id='block_1_13' title="bbox 1958 739 3545 814">
    <p class='ocr_par' dir='ltr' id='par_1_13' title="bbox 1958 739 3545 814">
     <span class='ocr_line' id='line_1_13' title="bbox 1958 739 3545 814; baseline 0.007 -19"><span class='ocrx_word' id='word_1_90' title='bbox 1958 741 2029 796; x_wconf 88' lang='lat' dir='ltr'><strong>rit</strong></span> <span class='ocrx_word' id='word_1_91' title='bbox 2050 739 2271 808; x_wconf 77' lang='lat' dir='ltr'><strong>(Matth.</strong></span> <span class='ocrx_word' id='word_1_92' title='bbox 2305 742 2399 811; x_wconf 76' lang='lat' dir='ltr'><strong>sn)</strong></span> <span class='ocrx_word' id='word_1_93' title='bbox 2431 757 2444 794; x_wconf 90' lang='lat'><strong>:</strong></span> <span class='ocrx_word' id='word_1_94' title='bbox 2476 751 2529 796; x_wconf 90' lang='lat' dir='ltr'><strong>et</strong></span> <span class='ocrx_word' id='word_1_95' title='bbox 2564 750 2686 811; x_wconf 88' lang='lat' dir='ltr'><strong>post</strong></span> <span class='ocrx_word' id='word_1_96' title='bbox 2716 754 2924 801; x_wconf 77' lang='lat' dir='ltr'><strong>sextam</strong></span> <span class='ocrx_word' id='word_1_97' title='bbox 2952 748 3162 803; x_wconf 80' lang='lat' dir='ltr'><strong>sabbati</strong></span> <span class='ocrx_word' id='word_1_98' title='bbox 3184 786 3199 806; x_wconf 89' lang='lat'><strong>.</strong></span> <span class='ocrx_word' id='word_1_99' title='bbox 3233 764 3337 814; x_wconf 84' lang='lat' dir='ltr'><strong>qua</strong></span> <span class='ocrx_word' id='word_1_100' title='bbox 3363 750 3545 806; x_wconf 88' lang='lat' dir='ltr'><strong>cruci-</strong></span> 
     </span>
    </p>
   </div>
   <div class='ocr_carea' id='block_1_14' title="bbox 1959 834 3545 910">
    <p class='ocr_par' dir='ltr' id='par_1_14' title="bbox 1959 834 3545 910">
     <span class='ocr_line' id='line_1_14' title="bbox 1959 834 3545 910; baseline 0.006 -22"><span class='ocrx_word' id='word_1_101' title='bbox 1959 834 2100 888; x_wconf 75' lang='lat' dir='ltr'><strong>fixus</strong></span> <span class='ocrx_word' id='word_1_102' title='bbox 2137 841 2242 902; x_wconf 81' lang='lat' dir='ltr'><strong>est,</strong></span> <span class='ocrx_word' id='word_1_103' title='bbox 2277 847 2383 888; x_wconf 91' lang='lat' dir='ltr'><strong>non</strong></span> <span class='ocrx_word' id='word_1_104' title='bbox 2425 834 2526 889; x_wconf 87' lang='lat' dir='ltr'><strong>nisi</strong></span> <span class='ocrx_word' id='word_1_105' title='bbox 2577 851 2679 890; x_wconf 91' lang='lat' dir='ltr'><strong>una</strong></span> <span class='ocrx_word' id='word_1_106' title='bbox 2714 846 2920 893; x_wconf 88' lang='lat' dir='ltr'><strong>tantum</strong></span> <span class='ocrx_word' id='word_1_107' title='bbox 2949 840 3089 910; x_wconf 86' lang='lat' dir='ltr'><strong>apud</strong></span> <span class='ocrx_word' id='word_1_108' title='bbox 3132 840 3335 897; x_wconf 79' lang='lat' dir='ltr'><strong>inferos</strong></span> <span class='ocrx_word' id='word_1_109' title='bbox 3374 843 3463 898; x_wconf 92' lang='lat' dir='ltr'><strong>die</strong></span> <span class='ocrx_word' id='word_1_110' title='bbox 3490 850 3545 899; x_wconf 83' lang='lat' dir='ltr'><strong>et</strong></span> 
     </span>
    </p>
   </div>
   <div class='ocr_carea' id='block_1_15' title="bbox 1957 927 3541 1007">
    <p class='ocr_par' dir='ltr' id='par_1_15' title="bbox 1957 927 3541 1007">
     <span class='ocr_line' id='line_1_15' title="bbox 1957 927 3541 1007; baseline 0.006 -23"><span class='ocrx_word' id='word_1_111' title='bbox 1957 928 2164 984; x_wconf 86' lang='lat' dir='ltr'><strong>duabus</strong></span> <span class='ocrx_word' id='word_1_112' title='bbox 2221 929 2472 984; x_wconf 88' lang='lat' dir='ltr'><strong>noctilms</strong></span> <span class='ocrx_word' id='word_1_113' title='bbox 2518 927 2700 994; x_wconf 80' lang='lat' dir='ltr'><strong>fuerit,</strong></span> <span class='ocrx_word' id='word_1_114' title='bbox 2748 934 3019 1007; x_wconf 80' lang='lat' dir='ltr'><strong>quomodo</strong></span> <span class='ocrx_word' id='word_1_115' title='bbox 3058 934 3224 991; x_wconf 81' lang='lat' dir='ltr'><strong>divini</strong></span> <span class='ocrx_word' id='word_1_116' title='bbox 3271 938 3541 993; x_wconf 74' lang='lat' dir='ltr'><strong>sermonis</strong></span> 
     </span>
    </p>
   </div>
   <div class='ocr_carea' id='block_1_16' title="bbox 1958 1022 3562 1100">
    <p class='ocr_par' dir='ltr' id='par_1_16' title="bbox 1958 1022 3562 1100">
     <span class='ocr_line' id='line_1_16' title="bbox 1958 1022 3562 1100; baseline 0.006 -24"><span class='ocrx_word' id='word_1_117' title='bbox 1958 1023 2164 1078; x_wconf 81' lang='lat' dir='ltr'><strong>veritas</strong></span> <span class='ocrx_word' id='word_1_118' title='bbox 2217 1022 2534 1077; x_wconf 83' lang='lat' dir='ltr'><strong>invenitur?</strong></span> <span class='ocrx_word' id='word_1_119' title='bbox 2581 1023 2760 1093; x_wconf 82' lang='lat' dir='ltr'><strong>Trapo</strong></span> <span class='ocrx_word' id='word_1_120' title='bbox 2805 1026 3012 1082; x_wconf 86' lang='lat' dir='ltr'><strong>scilicet</strong></span> <span class='ocrx_word' id='word_1_121' title='bbox 3053 1027 3448 1100; x_wconf 82' lang='lat' dir='ltr'><strong>synecdocbes,</strong></span> <span class='ocrx_word' id='word_1_122' title='bbox 3491 1028 3562 1086; x_wconf 87' lang='lat' dir='ltr'><strong>id.</strong></span> 
     </span>
    </p>
   </div>
   <div class='ocr_carea' id='block_1_17' title="bbox 1963 1116 3549 1192">
    <p class='ocr_par' dir='ltr' id='par_1_17' title="bbox 1963 1116 3549 1192">
     <span class='ocr_line' id='line_1_17' title="bbox 1963 1116 3549 1192; baseline 0.006 -21"><span class='ocrx_word' id='word_1_123' title='bbox 1963 1126 2070 1184; x_wconf 85' lang='lat' dir='ltr'><strong>est,</strong></span> <span class='ocrx_word' id='word_1_124' title='bbox 2104 1131 2162 1171; x_wconf 86' lang='lat' dir='ltr'><strong>ut</strong></span> <span class='ocrx_word' id='word_1_125' title='bbox 2187 1116 2254 1171; x_wconf 84' lang='lat' dir='ltr'><strong>ad</strong></span> <span class='ocrx_word' id='word_1_126' title='bbox 2277 1117 2419 1173; x_wconf 92' lang='lat' dir='ltr'><strong>diem</strong></span> <span class='ocrx_word' id='word_1_127' title='bbox 2447 1132 2550 1188; x_wconf 89' lang='lat' dir='ltr'><strong>qua</strong></span> <span class='ocrx_word' id='word_1_128' title='bbox 2578 1118 2868 1175; x_wconf 69' lang='lat' dir='ltr'><strong>crucifixus</strong></span> <span class='ocrx_word' id='word_1_129' title='bbox 2891 1129 2996 1184; x_wconf 80' lang='lat' dir='ltr'><strong>est,</strong></span> <span class='ocrx_word' id='word_1_130' title='bbox 3024 1135 3128 1176; x_wconf 74' lang='lat' dir='ltr'><strong>nos</strong></span> <span class='ocrx_word' id='word_1_131' title='bbox 3162 1125 3462 1192; x_wconf 76' lang='lat' dir='ltr'><strong>prteterita,</strong></span> <span class='ocrx_word' id='word_1_132' title='bbox 3492 1131 3549 1180; x_wconf 83' lang='lat' dir='ltr'><strong>et</strong></span> 
     </span>
    </p>
   </div>
   <div class='ocr_carea' id='block_1_18' title="bbox 1960 1209 3544 1281">
    <p class='ocr_par' dir='ltr' id='par_1_18' title="bbox 1960 1209 3544 1281">
     <span class='ocr_line' id='line_1_18' title="bbox 1960 1209 3544 1281; baseline 0.007 -18"><span class='ocrx_word' id='word_1_133' title='bbox 1960 1209 2029 1264; x_wconf 87' lang='lat' dir='ltr'><strong>ad</strong></span> <span class='ocrx_word' id='word_1_134' title='bbox 2057 1219 2271 1266; x_wconf 84' lang='lat' dir='ltr'><strong>noctem</strong></span> <span class='ocrx_word' id='word_1_135' title='bbox 2299 1224 2406 1281; x_wconf 87' lang='lat' dir='ltr'><strong>qua</strong></span> <span class='ocrx_word' id='word_1_136' title='bbox 2435 1211 2758 1278; x_wconf 83' lang='lat' dir='ltr'><strong>resurrexit,</strong></span> <span class='ocrx_word' id='word_1_137' title='bbox 2782 1211 2900 1267; x_wconf 87' lang='lat' dir='ltr'><strong>dies</strong></span> <span class='ocrx_word' id='word_1_138' title='bbox 2927 1212 3112 1268; x_wconf 80' lang='lat' dir='ltr'><strong>futura</strong></span> <span class='ocrx_word' id='word_1_139' title='bbox 3144 1216 3410 1274; x_wconf 76' lang='lat' dir='ltr'><strong>referatur</strong></span> <span class='ocrx_word' id='word_1_140' title='bbox 3434 1234 3448 1272; x_wconf 85' lang='lat'><strong>:</strong></span> <span class='ocrx_word' id='word_1_141' title='bbox 3477 1229 3544 1274; x_wconf 83' lang='lat' dir='ltr'><strong>ac</strong></span> 
     </span>
    </p>
   </div>
   <div class='ocr_carea' id='block_1_19' title="bbox 1335 1359 2471 1423">
    <p class='ocr_par' dir='ltr' id='par_1_19' title="bbox 1335 1359 2471 1423">
     <span class='ocr_line' id='line_1_19' title="bbox 1335 1359 2471 1423; baseline 0.006 -9"><span class='ocrx_word' id='word_1_142' title='bbox 1335 1359 1590 1415; x_wconf 79' lang='lat' dir='ltr'><strong>ALARDI</strong></span> <span class='ocrx_word' id='word_1_143' title='bbox 1631 1359 1863 1417; x_wconf 75' lang='lat' dir='ltr'><strong>GAZ/El</strong></span> <span class='ocrx_word' id='word_1_144' title='bbox 1901 1361 2279 1420; x_wconf 78' lang='lat' dir='ltr'><strong>COMMENTA</strong></span> <span class='ocrx_word' id='word_1_145' title='bbox 2292 1365 2471 1423; x_wconf 81' lang='lat' dir='ltr'><strong>RIUS.</strong></span> 
     </span>
    </p>
   </div>
   <div class='ocr_carea' id='block_1_20' title="bbox 238 1474 1852 1531">
    <p class='ocr_par' dir='ltr' id='par_1_20' title="bbox 238 1474 1852 1531">
     <span class='ocr_line' id='line_1_20' title="bbox 238 1474 1852 1531; baseline 0 -1"><span class='ocrx_word' id='word_1_146' title='bbox 238 1485 362 1531; x_wconf 87' lang='lat' dir='ltr'><strong>tur.</strong></span> <span class='ocrx_word' id='word_1_147' title='bbox 392 1475 514 1531; x_wconf 82' lang='lat' dir='ltr'><strong>Non</strong></span> <span class='ocrx_word' id='word_1_148' title='bbox 544 1476 683 1531; x_wconf 90' lang='lat' dir='ltr'><strong>enim</strong></span> <span class='ocrx_word' id='word_1_149' title='bbox 711 1483 861 1531; x_wconf 87' lang='lat' dir='ltr'><strong>certo</strong></span> <span class='ocrx_word' id='word_1_150' title='bbox 885 1482 1156 1530; x_wconf 85' lang='lat' dir='ltr'><strong>constaret</strong></span> <span class='ocrx_word' id='word_1_151' title='bbox 1187 1489 1441 1529; x_wconf 89' lang='lat' dir='ltr'><strong>numerus</strong></span> <span class='ocrx_word' id='word_1_152' title='bbox 1469 1474 1567 1528; x_wconf 84' lang='lat' dir='ltr'><strong>iste</strong></span> <span class='ocrx_word' id='word_1_153' title='bbox 1587 1489 1852 1530; x_wconf 88' lang='lat' dir='ltr'><strong>annorum</strong></span> 
     </span>
    </p>
   </div>
   <div class='ocr_carea' id='block_1_21' title="bbox 243 1546 1848 1615">
    <p class='ocr_par' dir='ltr' id='par_1_21' title="bbox 243 1546 1848 1615">
     <span class='ocr_line' id='line_1_21' title="bbox 243 1546 1848 1615; baseline -0.002 -13"><span class='ocrx_word' id='word_1_154' title='bbox 243 1548 385 1610; x_wconf 71' lang='grc'><strong>430,</strong></span> <span class='ocrx_word' id='word_1_155' title='bbox 418 1549 466 1602; x_wconf 90' lang='lat' dir='ltr'><strong>si</strong></span> <span class='ocrx_word' id='word_1_156' title='bbox 499 1549 568 1602; x_wconf 83' lang='lat' dir='ltr'><strong>ab</strong></span> <span class='ocrx_word' id='word_1_157' title='bbox 596 1549 714 1601; x_wconf 81' lang='lat' dir='ltr'><strong>aliis</strong></span> <span class='ocrx_word' id='word_1_158' title='bbox 758 1547 1144 1609; x_wconf 81' lang='lat' dir='ltr'><strong>posterioribus</strong></span> <span class='ocrx_word' id='word_1_159' title='bbox 1188 1547 1639 1615; x_wconf 88' lang='lat' dir='ltr'><strong>promissionibus</strong></span> <span class='ocrx_word' id='word_1_160' title='bbox 1678 1546 1848 1600; x_wconf 70' lang='lat' dir='ltr'><strong>dedu-</strong></span> 
     </span>
    </p>
   </div>
   <div class='ocr_carea' id='block_1_22' title="bbox 239 1618 1851 1682">
    <p class='ocr_par' dir='ltr' id='par_1_22' title="bbox 239 1618 1851 1682">
     <span class='ocr_line' id='line_1_22' title="bbox 239 1618 1851 1682; baseline -0.001 -9"><span class='ocrx_word' id='word_1_161' title='bbox 239 1627 499 1682; x_wconf 89' lang='lat' dir='ltr'><strong>ceretur,</strong></span> <span class='ocrx_word' id='word_1_162' title='bbox 527 1631 580 1673; x_wconf 89' lang='lat' dir='ltr'><strong>ut</strong></span> <span class='ocrx_word' id='word_1_163' title='bbox 605 1619 888 1672; x_wconf 78' lang='lat' dir='ltr'><strong>manifeste</strong></span> <span class='ocrx_word' id='word_1_164' title='bbox 912 1618 1070 1672; x_wconf 72' lang='lat' dir='ltr'><strong>ducet</strong></span> <span class='ocrx_word' id='word_1_165' title='bbox 1098 1618 1386 1672; x_wconf 89' lang='lat' dir='ltr'><strong>continuus</strong></span> <span class='ocrx_word' id='word_1_166' title='bbox 1417 1631 1587 1670; x_wconf 75' lang='lat' dir='ltr'><strong>sacrae</strong></span> <span class='ocrx_word' id='word_1_167' title='bbox 1616 1618 1851 1671; x_wconf 86' lang='lat' dir='ltr'><strong>chrono-</strong></span> 
     </span>
    </p>
   </div>
   <div class='ocr_carea' id='block_1_23' title="bbox 239 1688 1846 1758">
    <p class='ocr_par' dir='ltr' id='par_1_23' title="bbox 239 1688 1846 1758">
     <span class='ocr_line' id='line_1_23' title="bbox 239 1688 1846 1758; baseline -0.001 -13"><span class='ocrx_word' id='word_1_168' title='bbox 239 1689 412 1757; x_wconf 66' lang='lat' dir='ltr'><strong>loaia:</strong></span> <span class='ocrx_word' id='word_1_169' title='bbox 443 1691 723 1744; x_wconf 74' lang='lat' dir='ltr'><strong>decursus.</strong></span> <span class='ocrx_word' id='word_1_170' title='bbox 755 1691 937 1758; x_wconf 81' lang='lat' dir='ltr'><strong>Neque</strong></span> <span class='ocrx_word' id='word_1_171' title='bbox 969 1688 1048 1742; x_wconf 71' lang='lat' dir='ltr'><strong>his</strong></span> <span class='ocrx_word' id='word_1_172' title='bbox 1077 1690 1253 1743; x_wconf 83' lang='lat' dir='ltr'><strong>obstat</strong></span> <span class='ocrx_word' id='word_1_173' title='bbox 1283 1689 1422 1758; x_wconf 89' lang='lat' dir='ltr'><strong>quod</strong></span> <span class='ocrx_word' id='word_1_174' title='bbox 1471 1689 1524 1743; x_wconf 92' lang='lat' dir='ltr'><strong>in</strong></span> <span class='ocrx_word' id='word_1_175' title='bbox 1559 1690 1725 1753; x_wconf 83' lang='lat' dir='ltr'><strong>prima</strong></span> <span class='ocrx_word' id='word_1_176' title='bbox 1759 1690 1846 1743; x_wconf 87' lang='lat' dir='ltr'><strong>illa</strong></span> 
     </span>
    </p>
   </div>
   <div class='ocr_carea' id='block_1_24' title="bbox 282 1760 1846 1817">
    <p class='ocr_par' dir='ltr' id='par_1_24' title="bbox 282 1760 1846 1817">
     <span class='ocr_line' id='line_1_24' title="bbox 282 1760 1846 1817; baseline 0 -4"><span class='ocrx_word' id='word_1_177' title='bbox 282 1763 621 1817; x_wconf 86' lang='lat' dir='ltr'><strong>romissione</strong></span> <span class='ocrx_word' id='word_1_178' title='bbox 653 1761 789 1815; x_wconf 87' lang='lat' dir='ltr'><strong>nulla</strong></span> <span class='ocrx_word' id='word_1_179' title='bbox 842 1763 932 1814; x_wconf 79' lang='lat' dir='ltr'><strong>liat</strong></span> <span class='ocrx_word' id='word_1_180' title='bbox 968 1763 1170 1814; x_wconf 85' lang='lat' dir='ltr'><strong>mentio</strong></span> <span class='ocrx_word' id='word_1_181' title='bbox 1199 1760 1266 1814; x_wconf 88' lang='lat' dir='ltr'><strong>de</strong></span> <span class='ocrx_word' id='word_1_182' title='bbox 1303 1760 1437 1814; x_wconf 66' lang='lat' dir='ltr'><strong>semi</strong></span> <span class='ocrx_word' id='word_1_183' title='bbox 1462 1777 1508 1812; x_wconf 68' lang='lat' dir='ltr'><strong>te</strong></span> <span class='ocrx_word' id='word_1_184' title='bbox 1538 1761 1764 1813; x_wconf 70' lang='lat' dir='ltr'><strong>Abrahae</strong></span> <span class='ocrx_word' id='word_1_185' title='bbox 1794 1773 1846 1813; x_wconf 89' lang='lat' dir='ltr'><strong>et</strong></span> 
     </span>
    </p>
   </div>
   <div class='ocr_carea' id='block_1_25' title="bbox 259 1831 1844 1902">
    <p class='ocr_par' dir='ltr' id='par_1_25' title="bbox 259 1831 1844 1902">
     <span class='ocr_line' id='line_1_25' title="bbox 259 1831 1844 1902; baseline -0.003 -14"><span class='ocrx_word' id='word_1_186' title='bbox 259 1836 638 1888; x_wconf 62' lang='lat' dir='ltr'><strong>benedictione</strong></span> <span class='ocrx_word' id='word_1_187' title='bbox 667 1834 904 1887; x_wconf 87' lang='lat' dir='ltr'><strong>omnium</strong></span> <span class='ocrx_word' id='word_1_188' title='bbox 935 1846 1172 1902; x_wconf 77' lang='lat' dir='ltr'><strong>gentium</strong></span> <span class='ocrx_word' id='word_1_189' title='bbox 1206 1836 1253 1885; x_wconf 90' lang='lat' dir='ltr'><strong>in</strong></span> <span class='ocrx_word' id='word_1_190' title='bbox 1283 1839 1488 1886; x_wconf 83' lang='lat' dir='ltr'><strong>semine</strong></span> <span class='ocrx_word' id='word_1_191' title='bbox 1517 1831 1652 1897; x_wconf 85' lang='lat' dir='ltr'><strong>ejus,</strong></span> <span class='ocrx_word' id='word_1_192' title='bbox 1685 1846 1844 1901; x_wconf 89' lang='lat' dir='ltr'><strong>quam</strong></span> 
     </span>
    </p>
   </div>
   <div class='ocr_carea' id='block_1_26' title="bbox 1954 1476 3548 1553">
    <p class='ocr_par' dir='ltr' id='par_1_26' title="bbox 1954 1476 3548 1553">
     <span class='ocr_line' id='line_1_26' title="bbox 1954 1476 3548 1553; baseline 0.006 -24"><span class='ocrx_word' id='word_1_193' title='bbox 1954 1478 2084 1553; x_wconf 82' lang='lat' dir='ltr'><strong>cius.</strong></span> <span class='ocrx_word' id='word_1_194' title='bbox 2119 1476 2283 1553; x_wconf 86' lang='lat' dir='ltr'><strong>Finge</strong></span> <span class='ocrx_word' id='word_1_195' title='bbox 2308 1480 2530 1553; x_wconf 82' lang='lat' dir='ltr'><strong>aliquem</strong></span> <span class='ocrx_word' id='word_1_196' title='bbox 2555 1479 2686 1553; x_wconf 84' lang='lat' dir='ltr'><strong>liora</strong></span> <span class='ocrx_word' id='word_1_197' title='bbox 2711 1497 2848 1535; x_wconf 91' lang='lat' dir='ltr'><strong>nona</strong></span> <span class='ocrx_word' id='word_1_198' title='bbox 2873 1498 3132 1553; x_wconf 83' lang='lat' dir='ltr'><strong>egressum</strong></span> <span class='ocrx_word' id='word_1_199' title='bbox 3156 1502 3263 1542; x_wconf 89' lang='lat' dir='ltr'><strong>esse</strong></span> <span class='ocrx_word' id='word_1_200' title='bbox 3300 1488 3364 1542; x_wconf 87' lang='lat' dir='ltr'><strong>de</strong></span> <span class='ocrx_word' id='word_1_201' title='bbox 3398 1506 3548 1548; x_wconf 81' lang='lat' dir='ltr'><strong>man.</strong></span> 
     </span>
    </p>
   </div>
   <div class='ocr_carea' id='block_1_27' title="bbox 1952 1549 3546 1619">
    <p class='ocr_par' dir='ltr' id='par_1_27' title="bbox 1952 1549 3546 1619">
     <span class='ocr_line' id='line_1_27' title="bbox 1952 1549 3546 1619; baseline 0.011 -17"><span class='ocrx_word' id='word_1_202' title='bbox 1952 1549 2112 1615; x_wconf 90' lang='lat' dir='ltr'><strong>sione,</strong></span> <span class='ocrx_word' id='word_1_203' title='bbox 2148 1560 2196 1603; x_wconf 79' lang='lat' dir='ltr'><strong>et</strong></span> <span class='ocrx_word' id='word_1_204' title='bbox 2220 1551 2427 1604; x_wconf 96' lang='lat' dir='ltr'><strong>alterius</strong></span> <span class='ocrx_word' id='word_1_205' title='bbox 2452 1552 2554 1604; x_wconf 87' lang='lat' dir='ltr'><strong>diei</strong></span> <span class='ocrx_word' id='word_1_206' title='bbox 2585 1552 2711 1606; x_wconf 84' lang='lat' dir='ltr'><strong>liora</strong></span> <span class='ocrx_word' id='word_1_207' title='bbox 2734 1554 2880 1606; x_wconf 87' lang='lat' dir='ltr'><strong>tertia</strong></span> <span class='ocrx_word' id='word_1_208' title='bbox 2901 1549 2974 1607; x_wconf 71' lang='lat' dir='ltr'><strong>ad</strong></span> <span class='ocrx_word' id='word_1_209' title='bbox 2995 1557 3310 1612; x_wconf 74' lang='lat' dir='ltr'><strong>mansionem</strong></span> <span class='ocrx_word' id='word_1_210' title='bbox 3330 1560 3546 1619; x_wconf 81' lang='lat' dir='ltr'><strong>alterum</strong></span> 
     </span>
    </p>
   </div>
   <div class='ocr_carea' id='block_1_28' title="bbox 1954 1621 3549 1694">
    <p class='ocr_par' dir='ltr' id='par_1_28' title="bbox 1954 1621 3549 1694">
     <span class='ocr_line' id='line_1_28' title="bbox 1954 1621 3549 1694; baseline 0.011 -23"><span class='ocrx_word' id='word_1_211' title='bbox 1954 1622 2237 1694; x_wconf 74' lang='lat' dir='ltr'><strong>pervenisse</strong></span> <span class='ocrx_word' id='word_1_212' title='bbox 2256 1637 2274 1674; x_wconf 92' lang='lat'><strong><em>:</em></strong></span> <span class='ocrx_word' id='word_1_213' title='bbox 2302 1624 2345 1674; x_wconf 84' lang='lat' dir='ltr'><strong>si</strong></span> <span class='ocrx_word' id='word_1_214' title='bbox 2371 1621 2549 1675; x_wconf 67' lang='lat' dir='ltr'><strong>dixero</strong></span> <span class='ocrx_word' id='word_1_215' title='bbox 2580 1622 2711 1677; x_wconf 87' lang='lat' dir='ltr'><strong>brevi</strong></span> <span class='ocrx_word' id='word_1_216' title='bbox 2741 1641 2852 1678; x_wconf 85' lang='lat' dir='ltr'><strong>eum</strong></span> <span class='ocrx_word' id='word_1_217' title='bbox 2881 1626 3060 1692; x_wconf 77' lang='lat' dir='ltr'><strong>fecisse</strong></span> <span class='ocrx_word' id='word_1_218' title='bbox 3090 1631 3206 1694; x_wconf 84' lang='lat' dir='ltr'><strong>iter,</strong></span> <span class='ocrx_word' id='word_1_219' title='bbox 3240 1647 3339 1685; x_wconf 85' lang='lat' dir='ltr'><strong>non</strong></span> <span class='ocrx_word' id='word_1_220' title='bbox 3375 1635 3549 1689; x_wconf 80' lang='lat' dir='ltr'><strong>statim</strong></span> 
     </span>
    </p>
   </div>
   <div class='ocr_carea' id='block_1_29' title="bbox 1951 1691 3547 1763">
    <p class='ocr_par' dir='ltr' id='par_1_29' title="bbox 1951 1691 3547 1763">
     <span class='ocr_line' id='line_1_29' title="bbox 1951 1691 3547 1763; baseline 0.012 -22"><span class='ocrx_word' id='word_1_221' title='bbox 1951 1691 2297 1756; x_wconf 69' lang='lat' dir='ltr'><strong>reprehendar</strong></span> <span class='ocrx_word' id='word_1_222' title='bbox 2343 1695 2596 1746; x_wconf 76' lang='lat' dir='ltr'><strong>mendacii</strong></span> <span class='ocrx_word' id='word_1_223' title='bbox 2630 1710 2648 1747; x_wconf 90' lang='lat'><strong><em>:</em></strong></span> <span class='ocrx_word' id='word_1_224' title='bbox 2693 1697 2814 1762; x_wconf 88' lang='lat' dir='ltr'><strong>quia</strong></span> <span class='ocrx_word' id='word_1_225' title='bbox 2856 1691 2946 1750; x_wconf 89' lang='lat' dir='ltr'><strong>ille</strong></span> <span class='ocrx_word' id='word_1_226' title='bbox 2973 1700 3060 1763; x_wconf 87' lang='lat' dir='ltr'><strong>qui</strong></span> <span class='ocrx_word' id='word_1_227' title='bbox 3110 1691 3390 1756; x_wconf 73' lang='lat' dir='ltr'><strong>ambulavit</strong></span> <span class='ocrx_word' id='word_1_228' title='bbox 3442 1720 3547 1760; x_wconf 83' lang='lat' dir='ltr'><strong>non</strong></span> 
     </span>
    </p>
   </div>
   <div class='ocr_carea' id='block_1_30' title="bbox 1951 1764 3551 1844">
    <p class='ocr_par' dir='ltr' id='par_1_30' title="bbox 1951 1764 3551 1844">
     <span class='ocr_line' id='line_1_30' title="bbox 1951 1764 3551 1844; baseline 0.011 -32"><span class='ocrx_word' id='word_1_229' title='bbox 1951 1777 2126 1844; x_wconf 74' lang='lat' dir='ltr'><strong>omnes</strong></span> <span class='ocrx_word' id='word_1_230' title='bbox 2151 1764 2302 1817; x_wconf 84' lang='lat' dir='ltr'><strong>horas</strong></span> <span class='ocrx_word' id='word_1_231' title='bbox 2333 1766 2725 1844; x_wconf 60' lang='lat' dir='ltr'><strong>utriusquediei</strong></span> <span class='ocrx_word' id='word_1_232' title='bbox 2746 1807 2761 1832; x_wconf 96' lang='lat'><strong>,</strong></span> <span class='ocrx_word' id='word_1_233' title='bbox 2784 1767 2899 1844; x_wconf 46' lang='lat' dir='ltr'><strong>&quot;sed</strong></span> <span class='ocrx_word' id='word_1_234' title='bbox 2942 1772 3218 1834; x_wconf 82' lang='lat' dir='ltr'><strong>quamdam</strong></span> <span class='ocrx_word' id='word_1_235' title='bbox 3255 1784 3449 1844; x_wconf 83' lang='lat' dir='ltr'><strong>ptrtem</strong></span> <span class='ocrx_word' id='word_1_236' title='bbox 3494 1778 3551 1832; x_wconf 86' lang='lat' dir='ltr'><strong>in</strong></span> 
     </span>
    </p>
   </div>
   <div class='ocr_carea' id='block_1_31' title="bbox 1949 1833 3550 1912">
    <p class='ocr_par' dir='ltr' id='par_1_31' title="bbox 1949 1833 3550 1912">
     <span class='ocr_line' id='line_1_31' title="bbox 1949 1833 3550 1912; baseline 0.012 -30"><span class='ocrx_word' id='word_1_237' title='bbox 1949 1833 2130 1912; x_wconf 77' lang='lat' dir='ltr'><strong>itinere</strong></span> <span class='ocrx_word' id='word_1_238' title='bbox 2167 1836 2554 1912; x_wconf 60' lang='lat' dir='ltr'><strong>consumpserit.</strong></span> <span class='ocrx_word' id='word_1_239' title='bbox 2596 1837 2658 1912; x_wconf 51' lang='lat' dir='ltr'><strong>lit</strong></span> <span class='ocrx_word' id='word_1_240' title='bbox 2689 1838 2744 1912; x_wconf 80' lang='lat' dir='ltr'><strong>in</strong></span> <span class='ocrx_word' id='word_1_241' title='bbox 2777 1833 3177 1912; x_wconf 70' lang='lat' dir='ltr'><strong>Commentario</strong></span> <span class='ocrx_word' id='word_1_242' title='bbox 3213 1833 3375 1912; x_wconf 77' lang='lat' dir='ltr'><strong>super</strong></span> <span class='ocrx_word' id='word_1_243' title='bbox 3417 1847 3550 1902; x_wconf 78' lang='lat' dir='ltr'><strong>Mat-</strong></span> 
     </span>
    </p>
   </div>
   <div class='ocr_carea' id='block_1_32' title="bbox 237 1892 3549 1977">
    <p class='ocr_par' dir='ltr' id='par_1_32' title="bbox 237 1892 3549 1977">
     <span class='ocr_line' id='line_1_32' title="bbox 237 1892 3549 1977; baseline 0.004 -19"><span class='ocrx_word' id='word_1_244' title='bbox 237 1905 676 1974; x_wconf 84' lang='lat' dir='ltr'><strong>promissionem</strong></span> <span class='ocrx_word' id='word_1_245' title='bbox 705 1918 854 1974; x_wconf 83' lang='lat' dir='ltr'><strong>urget</strong></span> <span class='ocrx_word' id='word_1_246' title='bbox 887 1892 1175 1971; x_wconf 73' lang='lat' dir='ltr'><strong>Apostolus</strong></span> <span class='ocrx_word' id='word_1_247' title='bbox 1203 1920 1268 1977; x_wconf 84' lang='lat' dir='ltr'><strong>eo</strong></span> <span class='ocrx_word' id='word_1_248' title='bbox 1295 1903 1448 1977; x_wconf 72' lang='lat' dir='ltr'><strong>loco;</strong></span> <span class='ocrx_word' id='word_1_249' title='bbox 1489 1892 1580 1957; x_wconf 57' lang='lat' dir='ltr'><strong>scil</strong></span> <span class='ocrx_word' id='word_1_250' title='bbox 1620 1892 1847 1971; x_wconf 58' lang='lat' dir='ltr'><strong>tle&#39;pos-</strong></span> <span class='ocrx_word' id='word_1_251' title='bbox 1877 1892 1925 1952; x_wconf 88' lang='grc' dir='ltr'><strong>Β</strong></span> <span class='ocrx_word' id='word_1_252' title='bbox 1955 1902 2148 1977; x_wconf 64' lang='lat' dir='ltr'><strong>tinuum</strong></span> <span class='ocrx_word' id='word_1_253' title='bbox 2173 1905 2324 1976; x_wconf 80' lang='lat' dir='ltr'><strong>(Cap.</strong></span> <span class='ocrx_word' id='word_1_254' title='bbox 2356 1892 2475 1976; x_wconf 58' lang='lat' dir='ltr'><strong>x&#39;n).</strong></span> <span class='ocrx_word' id='word_1_255' title='bbox 2506 1905 2582 1960; x_wconf 90' lang='lat' dir='ltr'><strong>De</strong></span> <span class='ocrx_word' id='word_1_256' title='bbox 2607 1905 2704 1960; x_wconf 79' lang='lat' dir='ltr'><strong>hoc</strong></span> <span class='ocrx_word' id='word_1_257' title='bbox 2726 1909 2837 1962; x_wconf 85' lang='lat' dir='ltr'><strong>loco</strong></span> <span class='ocrx_word' id='word_1_258' title='bbox 2863 1892 3549 1977; x_wconf 36' lang='lat' dir='ltr'><strong>pleni—usin-cotniiienta&#39;iiis</strong></span> 
     </span>
    </p>
   </div>
   <div class='ocr_carea' id='block_1_33' title="bbox 239 1974 1846 2043">
    <p class='ocr_par' dir='ltr' id='par_1_33' title="bbox 239 1974 1846 2043">
     <span class='ocr_line' id='line_1_33' title="bbox 239 1974 1846 2043; baseline -0.001 -14"><span class='ocrx_word' id='word_1_259' title='bbox 239 1978 507 2030; x_wconf 84' lang='lat' dir='ltr'><strong>sessione</strong></span> <span class='ocrx_word' id='word_1_260' title='bbox 549 1986 704 2030; x_wconf 71' lang='lat' dir='ltr'><strong>terrae</strong></span> <span class='ocrx_word' id='word_1_261' title='bbox 734 1977 1012 2043; x_wconf 75' lang='lat' dir='ltr'><strong>Chanaan,</strong></span> <span class='ocrx_word' id='word_1_262' title='bbox 1042 1991 1160 2042; x_wconf 70' lang='lat' dir='ltr'><strong>quse</strong></span> <span class='ocrx_word' id='word_1_263' title='bbox 1187 1975 1252 2027; x_wconf 91' lang='lat' dir='ltr'><strong>ad</strong></span> <span class='ocrx_word' id='word_1_264' title='bbox 1285 1974 1554 2027; x_wconf 67' lang='lat' dir='ltr'><strong>Clit-istum</strong></span> <span class='ocrx_word' id='word_1_265' title='bbox 1585 1990 1689 2027; x_wconf 83' lang='lat' dir='ltr'><strong>non</strong></span> <span class='ocrx_word' id='word_1_266' title='bbox 1725 1990 1846 2041; x_wconf 86' lang='lat' dir='ltr'><strong>per-</strong></span> 
     </span>
    </p>
   </div>
   <div class='ocr_carea' id='block_1_34' title="bbox 237 2046 1844 2116">
    <p class='ocr_par' dir='ltr' id='par_1_34' title="bbox 237 2046 1844 2116">
     <span class='ocr_line' id='line_1_34' title="bbox 237 2046 1844 2116; baseline -0.002 -15"><span class='ocrx_word' id='word_1_267' title='bbox 237 2051 406 2101; x_wconf 77' lang='lat' dir='ltr'><strong>tinet.</strong></span> <span class='ocrx_word' id='word_1_268' title='bbox 462 2046 595 2101; x_wconf 80' lang='lat' dir='ltr'><strong>Nam</strong></span> <span class='ocrx_word' id='word_1_269' title='bbox 643 2048 765 2100; x_wconf 81' lang='lat' dir='ltr'><strong>licet</strong></span> <span class='ocrx_word' id='word_1_270' title='bbox 804 2046 855 2099; x_wconf 90' lang='lat' dir='ltr'><strong>in</strong></span> <span class='ocrx_word' id='word_1_271' title='bbox 909 2061 1079 2112; x_wconf 81' lang='lat' dir='ltr'><strong>prima</strong></span> <span class='ocrx_word' id='word_1_272' title='bbox 1120 2049 1480 2116; x_wconf 80' lang='lat' dir='ltr'><strong>prOtnissione</strong></span> <span class='ocrx_word' id='word_1_273' title='bbox 1530 2047 1844 2099; x_wconf 81' lang='lat' dir='ltr'><strong>nominatim</strong></span> 
     </span>
    </p>
   </div>
   <div class='ocr_carea' id='block_1_35' title="bbox 236 2116 1846 2188">
    <p class='ocr_par' dir='ltr' id='par_1_35' title="bbox 236 2116 1846 2188">
     <span class='ocr_line' id='line_1_35' title="bbox 236 2116 1846 2188; baseline -0.002 -15"><span class='ocrx_word' id='word_1_274' title='bbox 236 2131 289 2173; x_wconf 87' lang='lat' dir='ltr'><strong>et</strong></span> <span class='ocrx_word' id='word_1_275' title='bbox 321 2133 594 2188; x_wconf 81' lang='lat' dir='ltr'><strong>expresse</strong></span> <span class='ocrx_word' id='word_1_276' title='bbox 625 2133 730 2172; x_wconf 87' lang='lat' dir='ltr'><strong>noo</strong></span> <span class='ocrx_word' id='word_1_277' title='bbox 760 2116 852 2171; x_wconf 82' lang='lat' dir='ltr'><strong>ﬁat</strong></span> <span class='ocrx_word' id='word_1_278' title='bbox 879 2117 1079 2170; x_wconf 79' lang='lat' dir='ltr'><strong>mentio</strong></span> <span class='ocrx_word' id='word_1_279' title='bbox 1120 2119 1342 2171; x_wconf 79' lang='lat' dir='ltr'><strong>seminis</strong></span> <span class='ocrx_word' id='word_1_280' title='bbox 1385 2117 1613 2188; x_wconf 69' lang='lat' dir='ltr'><strong>Abrahae</strong></span> <span class='ocrx_word' id='word_1_281' title='bbox 1639 2156 1654 2180; x_wconf 92' lang='lat'><strong>,</strong></span> <span class='ocrx_word' id='word_1_282' title='bbox 1703 2116 1846 2186; x_wconf 87' lang='lat' dir='ltr'><strong>quod</strong></span> 
     </span>
    </p>
   </div>
   <div class='ocr_carea' id='block_1_36' title="bbox 237 2187 1844 2259">
    <p class='ocr_par' dir='ltr' id='par_1_36' title="bbox 237 2187 1844 2259">
     <span class='ocr_line' id='line_1_36' title="bbox 237 2187 1844 2259; baseline -0.001 -17"><span class='ocrx_word' id='word_1_283' title='bbox 237 2187 528 2259; x_wconf 69' lang='lat' dir='ltr'><strong>prmcipue</strong></span> <span class='ocrx_word' id='word_1_284' title='bbox 571 2190 908 2258; x_wconf 78' lang='lat' dir='ltr'><strong>maximeque</strong></span> <span class='ocrx_word' id='word_1_285' title='bbox 937 2198 1091 2258; x_wconf 76' lang='lat' dir='ltr'><strong>urget</strong></span> <span class='ocrx_word' id='word_1_286' title='bbox 1120 2188 1405 2259; x_wconf 83' lang='lat' dir='ltr'><strong>Apostolus</strong></span> <span class='ocrx_word' id='word_1_287' title='bbox 1431 2205 1444 2240; x_wconf 90' lang='lat'>:</span> <span class='ocrx_word' id='word_1_288' title='bbox 1479 2187 1635 2241; x_wconf 83' lang='lat' dir='ltr'><strong>tacite</strong></span> <span class='ocrx_word' id='word_1_289' title='bbox 1665 2196 1844 2242; x_wconf 75' lang='lat' dir='ltr'><strong>tamen</strong></span> 
     </span>
    </p>
   </div>
   <div class='ocr_carea' id='block_1_37' title="bbox 237 2257 1846 2316">
    <p class='ocr_par' dir='ltr' id='par_1_37' title="bbox 237 2257 1846 2316">
     <span class='ocr_line' id='line_1_37' title="bbox 237 2257 1846 2316; baseline -0.002 -1"><span class='ocrx_word' id='word_1_290' title='bbox 237 2257 293 2315; x_wconf 74' lang='lat' dir='ltr'><strong>et</strong></span> <span class='ocrx_word' id='word_1_291' title='bbox 322 2263 575 2316; x_wconf 87' lang='lat' dir='ltr'><strong>involule</strong></span> <span class='ocrx_word' id='word_1_292' title='bbox 602 2263 902 2315; x_wconf 88' lang='lat' dir='ltr'><strong>insinuatur</strong></span> <span class='ocrx_word' id='word_1_293' title='bbox 931 2257 1033 2312; x_wconf 84' lang='lat' dir='ltr'><strong>illis</strong></span> <span class='ocrx_word' id='word_1_294' title='bbox 1065 2265 1241 2313; x_wconf 79' lang='lat' dir='ltr'><strong>verbis</strong></span> <span class='ocrx_word' id='word_1_295' title='bbox 1271 2277 1281 2310; x_wconf 93' lang='lat'>:</span> <span class='ocrx_word' id='word_1_296' title='bbox 1317 2257 1382 2311; x_wconf 78' lang='lat' dir='ltr'><strong>In</strong></span> <span class='ocrx_word' id='word_1_297' title='bbox 1409 2268 1454 2311; x_wconf 86' lang='lat' dir='ltr'><strong>te</strong></span> <span class='ocrx_word' id='word_1_298' title='bbox 1485 2259 1846 2314; x_wconf 71' lang='lat' dir='ltr'><strong>benedicentur</strong></span> 
     </span>
    </p>
   </div>
   <div class='ocr_carea' id='block_1_38' title="bbox 236 2330 1846 2404">
    <p class='ocr_par' dir='ltr' id='par_1_38' title="bbox 236 2330 1846 2404">
     <span class='ocr_line' id='line_1_38' title="bbox 236 2330 1846 2404; baseline 0.001 -19"><span class='ocrx_word' id='word_1_299' title='bbox 236 2347 423 2388; x_wconf 85' lang='lat' dir='ltr'><strong>omnes</strong></span> <span class='ocrx_word' id='word_1_300' title='bbox 455 2343 627 2404; x_wconf 78' lang='lat' dir='ltr'><strong>gentes</strong></span> <span class='ocrx_word' id='word_1_301' title='bbox 658 2333 735 2386; x_wconf 87' lang='lat' dir='ltr'><strong>vel</strong></span> <span class='ocrx_word' id='word_1_302' title='bbox 762 2332 1087 2403; x_wconf 78' lang='lat' dir='ltr'><strong>cegnationes</strong></span> <span class='ocrx_word' id='word_1_303' title='bbox 1112 2339 1279 2384; x_wconf 61' lang='lat' dir='ltr'><strong>terra}.</strong></span> <span class='ocrx_word' id='word_1_304' title='bbox 1317 2330 1459 2404; x_wconf 64' lang='grc' dir='ltr'><strong>111ιιι1Δ</strong></span> <span class='ocrx_word' id='word_1_305' title='bbox 1491 2345 1751 2404; x_wconf 82' lang='lat' dir='ltr'><strong>namque,</strong></span> <span class='ocrx_word' id='word_1_306' title='bbox 1791 2333 1846 2386; x_wconf 88' lang='lat' dir='ltr'><strong>in</strong></span> 
     </span>
    </p>
   </div>
   <div class='ocr_carea' id='block_1_39' title="bbox 236 2401 1848 2473">
    <p class='ocr_par' dir='ltr' id='par_1_39' title="bbox 236 2401 1848 2473">
     <span class='ocr_line' id='line_1_39' title="bbox 236 2401 1848 2473; baseline 0.002 -18"><span class='ocrx_word' id='word_1_307' title='bbox 236 2411 306 2470; x_wconf 86' lang='lat' dir='ltr'><strong>te,</strong></span> <span class='ocrx_word' id='word_1_308' title='bbox 337 2401 552 2458; x_wconf 70' lang='lat' dir='ltr'><strong>dictum</strong></span> <span class='ocrx_word' id='word_1_309' title='bbox 597 2418 676 2458; x_wconf 67' lang='lat' dir='ltr'><strong>est</strong></span> <span class='ocrx_word' id='word_1_310' title='bbox 707 2401 838 2473; x_wconf 71' lang='lat' dir='ltr'><strong>pro,</strong></span> <span class='ocrx_word' id='word_1_311' title='bbox 865 2403 918 2456; x_wconf 90' lang='lat' dir='ltr'><strong>in</strong></span> <span class='ocrx_word' id='word_1_312' title='bbox 947 2404 1137 2455; x_wconf 88' lang='lat' dir='ltr'><strong>semine</strong></span> <span class='ocrx_word' id='word_1_313' title='bbox 1165 2412 1283 2467; x_wconf 90' lang='lat' dir='ltr'><strong>tuo,</strong></span> <span class='ocrx_word' id='word_1_314' title='bbox 1321 2401 1462 2470; x_wconf 87' lang='lat' dir='ltr'><strong>quod</strong></span> <span class='ocrx_word' id='word_1_315' title='bbox 1499 2403 1755 2470; x_wconf 83' lang='lat' dir='ltr'><strong>explicito</strong></span> <span class='ocrx_word' id='word_1_316' title='bbox 1792 2412 1848 2458; x_wconf 88' lang='lat' dir='ltr'><strong>et</strong></span> 
     </span>
    </p>
   </div>
   <div class='ocr_carea' id='block_1_40' title="bbox 236 2473 1846 2545">
    <p class='ocr_par' dir='ltr' id='par_1_40' title="bbox 236 2473 1846 2545">
     <span class='ocr_line' id='line_1_40' title="bbox 236 2473 1846 2545; baseline 0 -17"><span class='ocrx_word' id='word_1_317' title='bbox 236 2475 542 2544; x_wconf 87' lang='lat' dir='ltr'><strong>perspicue</strong></span> <span class='ocrx_word' id='word_1_318' title='bbox 574 2486 759 2545; x_wconf 87' lang='lat' dir='ltr'><strong>postea</strong></span> <span class='ocrx_word' id='word_1_319' title='bbox 783 2475 982 2528; x_wconf 86' lang='lat' dir='ltr'><strong>dictum</strong></span> <span class='ocrx_word' id='word_1_320' title='bbox 1014 2481 1098 2526; x_wconf 87' lang='lat' dir='ltr'><strong>est</strong></span> <span class='ocrx_word' id='word_1_321' title='bbox 1129 2476 1377 2530; x_wconf 74' lang='lat' dir='ltr'><strong>Abrahae.</strong></span> <span class='ocrx_word' id='word_1_322' title='bbox 1407 2488 1527 2526; x_wconf 87' lang='lat' dir='ltr'><strong>cum</strong></span> <span class='ocrx_word' id='word_1_323' title='bbox 1561 2473 1846 2545; x_wconf 83' lang='lat' dir='ltr'><strong>imtnolare</strong></span> 
     </span>
    </p>
   </div>
   <div class='ocr_carea' id='block_1_41' title="bbox 235 2544 1847 2614">
    <p class='ocr_par' dir='ltr' id='par_1_41' title="bbox 235 2544 1847 2614">
     <span class='ocr_line' id='line_1_41' title="bbox 235 2544 1847 2614; baseline 0 -16"><span class='ocrx_word' id='word_1_324' title='bbox 235 2546 420 2601; x_wconf 84' lang='lat' dir='ltr'><strong>voluit</strong></span> <span class='ocrx_word' id='word_1_325' title='bbox 446 2544 613 2600; x_wconf 86' lang='lat' dir='ltr'><strong>lilium</strong></span> <span class='ocrx_word' id='word_1_326' title='bbox 639 2545 784 2600; x_wconf 87' lang='lat' dir='ltr'><strong>Isaac</strong></span> <span class='ocrx_word' id='word_1_327' title='bbox 809 2563 821 2597; x_wconf 86' lang='lat'><strong>:</strong></span> <span class='ocrx_word' id='word_1_328' title='bbox 855 2561 959 2599; x_wconf 73' lang='lat' dir='ltr'><strong>non</strong></span> <span class='ocrx_word' id='word_1_329' title='bbox 986 2545 1130 2600; x_wconf 89' lang='lat' dir='ltr'><strong>enim</strong></span> <span class='ocrx_word' id='word_1_330' title='bbox 1159 2547 1319 2597; x_wconf 87' lang='lat' dir='ltr'><strong>verba</strong></span> <span class='ocrx_word' id='word_1_331' title='bbox 1354 2545 1463 2605; x_wconf 86' lang='lat' dir='ltr'><strong>illa,</strong></span> <span class='ocrx_word' id='word_1_332' title='bbox 1493 2547 1536 2598; x_wconf 90' lang='lat' dir='ltr'><strong>si</strong></span> <span class='ocrx_word' id='word_1_333' title='bbox 1565 2544 1630 2597; x_wconf 87' lang='lat' dir='ltr'><strong>ad</strong></span> <span class='ocrx_word' id='word_1_334' title='bbox 1661 2560 1847 2614; x_wconf 88' lang='lat' dir='ltr'><strong>perso-</strong></span> 
     </span>
    </p>
   </div>
   <div class='ocr_carea' id='block_1_42' title="bbox 236 2615 1845 2680">
    <p class='ocr_par' dir='ltr' id='par_1_42' title="bbox 236 2615 1845 2680">
     <span class='ocr_line' id='line_1_42' title="bbox 236 2615 1845 2680; baseline -0.003 -8"><span class='ocrx_word' id='word_1_335' title='bbox 236 2632 368 2672; x_wconf 86' lang='lat' dir='ltr'><strong>nam</strong></span> <span class='ocrx_word' id='word_1_336' title='bbox 402 2618 644 2673; x_wconf 75' lang='lat' dir='ltr'><strong>Abralite</strong></span> <span class='ocrx_word' id='word_1_337' title='bbox 675 2616 1001 2680; x_wconf 81' lang='lat' dir='ltr'><strong>referantur,</strong></span> <span class='ocrx_word' id='word_1_338' title='bbox 1030 2629 1210 2668; x_wconf 85' lang='lat' dir='ltr'><strong>veram</strong></span> <span class='ocrx_word' id='word_1_339' title='bbox 1245 2615 1564 2674; x_wconf 86' lang='lat' dir='ltr'><strong>sententiam</strong></span> <span class='ocrx_word' id='word_1_340' title='bbox 1604 2617 1845 2672; x_wconf 81' lang='lat' dir='ltr'><strong>Contine-</strong></span> 
     </span>
    </p>
   </div>
   <div class='ocr_carea' id='block_1_43' title="bbox 237 2686 1843 2756">
    <p class='ocr_par' dir='ltr' id='par_1_43' title="bbox 237 2686 1843 2756">
     <span class='ocr_line' id='line_1_43' title="bbox 237 2686 1843 2756; baseline -0.002 -14"><span class='ocrx_word' id='word_1_341' title='bbox 237 2699 361 2742; x_wconf 87' lang='lat' dir='ltr'><strong>rent</strong></span> <span class='ocrx_word' id='word_1_342' title='bbox 389 2706 407 2745; x_wconf 86' lang='lat'><strong>:</strong></span> <span class='ocrx_word' id='word_1_343' title='bbox 456 2691 540 2744; x_wconf 85' lang='lat' dir='ltr'><strong>siti</strong></span> <span class='ocrx_word' id='word_1_344' title='bbox 577 2701 755 2744; x_wconf 74' lang='lat' dir='ltr'><strong>amem</strong></span> <span class='ocrx_word' id='word_1_345' title='bbox 805 2688 870 2740; x_wconf 85' lang='lat' dir='ltr'><strong>ad</strong></span> <span class='ocrx_word' id='word_1_346' title='bbox 914 2686 1184 2742; x_wconf 75' lang='lat' dir='ltr'><strong>Christum</strong></span> <span class='ocrx_word' id='word_1_347' title='bbox 1217 2728 1230 2747; x_wconf 85' lang='lat'><em>.</em></span> <span class='ocrx_word' id='word_1_348' title='bbox 1264 2687 1352 2752; x_wconf 85' lang='lat' dir='ltr'><strong>qui</strong></span> <span class='ocrx_word' id='word_1_349' title='bbox 1377 2695 1459 2741; x_wconf 71' lang='lat' dir='ltr'><strong>est</strong></span> <span class='ocrx_word' id='word_1_350' title='bbox 1489 2699 1672 2740; x_wconf 82' lang='lat' dir='ltr'><strong>Semen</strong></span> <span class='ocrx_word' id='word_1_351' title='bbox 1704 2686 1843 2756; x_wconf 81' lang='lat' dir='ltr'><strong>ejus,</strong></span> 
     </span>
    </p>
   </div>
   <div class='ocr_carea' id='block_1_44' title="bbox 235 2756 1844 2828">
    <p class='ocr_par' dir='ltr' id='par_1_44' title="bbox 235 2756 1844 2828">
     <span class='ocr_line' id='line_1_44' title="bbox 235 2756 1844 2828; baseline -0.001 -14"><span class='ocrx_word' id='word_1_352' title='bbox 235 2761 536 2815; x_wconf 85' lang='lat' dir='ltr'><strong>continent</strong></span> <span class='ocrx_word' id='word_1_353' title='bbox 567 2763 923 2816; x_wconf 79' lang='lat' dir='ltr'><strong>veriSsimam.</strong></span> <span class='ocrx_word' id='word_1_354' title='bbox 973 2757 1166 2812; x_wconf 83' lang='lat' dir='ltr'><strong>Paulus</strong></span> <span class='ocrx_word' id='word_1_355' title='bbox 1211 2759 1372 2828; x_wconf 81' lang='lat' dir='ltr'><strong>igitur</strong></span> <span class='ocrx_word' id='word_1_356' title='bbox 1423 2756 1648 2822; x_wconf 87' lang='lat' dir='ltr'><strong>primatu</strong></span> <span class='ocrx_word' id='word_1_357' title='bbox 1698 2761 1844 2814; x_wconf 84' lang='lat' dir='ltr'><strong>illam</strong></span> 
     </span>
    </p>
   </div>
   <div class='ocr_carea' id='block_1_45' title="bbox 234 2829 1847 2901">
    <p class='ocr_par' dir='ltr' id='par_1_45' title="bbox 234 2829 1847 2901">
     <span class='ocr_line' id='line_1_45' title="bbox 234 2829 1847 2901; baseline -0.001 -17"><span class='ocrx_word' id='word_1_358' title='bbox 234 2833 670 2901; x_wconf 82' lang='lat' dir='ltr'><strong>promissionem</strong></span> <span class='ocrx_word' id='word_1_359' title='bbox 706 2843 1134 2884; x_wconf 71' lang='lat' dir='ltr'><strong>con&#39;nneinorans</strong></span> <span class='ocrx_word' id='word_1_360' title='bbox 1156 2872 1170 2895; x_wconf 87' lang='lat'><strong>,</strong></span> <span class='ocrx_word' id='word_1_361' title='bbox 1206 2840 1267 2901; x_wconf 82' lang='lat' dir='ltr'><strong>et</strong></span> <span class='ocrx_word' id='word_1_362' title='bbox 1296 2844 1362 2882; x_wconf 82' lang='lat' dir='ltr'><strong>ex</strong></span> <span class='ocrx_word' id='word_1_363' title='bbox 1388 2843 1473 2901; x_wconf 80' lang='lat' dir='ltr'><strong>ea,</strong></span> <span class='ocrx_word' id='word_1_364' title='bbox 1502 2831 1642 2898; x_wconf 84' lang='lat' dir='ltr'><strong>quod</strong></span> <span class='ocrx_word' id='word_1_365' title='bbox 1672 2829 1847 2884; x_wconf 81' lang='lat' dir='ltr'><strong>inten-</strong></span> 
     </span>
    </p>
   </div>
   <div class='ocr_carea' id='block_1_46' title="bbox 237 2899 1846 2971">
    <p class='ocr_par' dir='ltr' id='par_1_46' title="bbox 237 2899 1846 2971">
     <span class='ocr_line' id='line_1_46' title="bbox 237 2899 1846 2971; baseline 0 -15"><span class='ocrx_word' id='word_1_366' title='bbox 237 2899 411 2958; x_wconf 75' lang='lat' dir='ltr'><strong>debat</strong></span> <span class='ocrx_word' id='word_1_367' title='bbox 456 2904 821 2968; x_wconf 83' lang='lat' dir='ltr'><strong>cencludens,</strong></span> <span class='ocrx_word' id='word_1_368' title='bbox 871 2904 937 2954; x_wconf 86' lang='lat' dir='ltr'><strong>ad</strong></span> <span class='ocrx_word' id='word_1_369' title='bbox 986 2899 1307 2956; x_wconf 84' lang='lat' dir='ltr'><strong>sententiam</strong></span> <span class='ocrx_word' id='word_1_370' title='bbox 1355 2899 1534 2971; x_wconf 83' lang='lat' dir='ltr'><strong>petitis</strong></span> <span class='ocrx_word' id='word_1_371' title='bbox 1581 2902 1846 2969; x_wconf 81' lang='lat' dir='ltr'><strong>spectavit</strong></span> 
     </span>
    </p>
   </div>
   <div class='ocr_carea' id='block_1_47' title="bbox 234 2973 1041 3043">
    <p class='ocr_par' dir='ltr' id='par_1_47' title="bbox 234 2973 1041 3043">
     <span class='ocr_line' id='line_1_47' title="bbox 234 2973 1041 3043; baseline -0.005 -15"><span class='ocrx_word' id='word_1_372' title='bbox 234 2988 409 3043; x_wconf 84' lang='lat' dir='ltr'><strong>quam</strong></span> <span class='ocrx_word' id='word_1_373' title='bbox 445 2976 630 3029; x_wconf 87' lang='lat' dir='ltr'><strong>verba.</strong></span> <span class='ocrx_word' id='word_1_374' title='bbox 663 2975 737 3030; x_wconf 68' lang='lat' dir='ltr'><strong>lia</strong></span> <span class='ocrx_word' id='word_1_375' title='bbox 773 2973 1041 3028; x_wconf 86' lang='lat' dir='ltr'><strong>Pererins.</strong></span> 
     </span>
    </p>
   </div>
   <div class='ocr_carea' id='block_1_48' title="bbox 307 3039 1844 3113">
    <p class='ocr_par' dir='ltr' id='par_1_48' title="bbox 307 3039 1844 3113">
     <span class='ocr_line' id='line_1_48' title="bbox 307 3039 1844 3113; baseline -0.003 -11"><span class='ocrx_word' id='word_1_376' title='bbox 307 3055 334 3081; x_wconf 81' lang='grc'><strong>⁸</strong></span> <span class='ocrx_word' id='word_1_377' title='bbox 366 3047 497 3113; x_wconf 79' lang='lat' dir='ltr'><strong>Quo</strong></span> <span class='ocrx_word' id='word_1_378' title='bbox 523 3062 683 3102; x_wconf 89' lang='lat' dir='ltr'><strong>sensu</strong></span> <span class='ocrx_word' id='word_1_379' title='bbox 720 3044 880 3100; x_wconf 83' lang='lat' dir='ltr'><strong>Filius</strong></span> <span class='ocrx_word' id='word_1_380' title='bbox 915 3043 1167 3103; x_wconf 78' lang='lat' dir='ltr'><strong>boniinis,</strong></span> <span class='ocrx_word' id='word_1_381' title='bbox 1209 3042 1258 3097; x_wconf 88' lang='lat' dir='ltr'><strong>id</strong></span> <span class='ocrx_word' id='word_1_382' title='bbox 1297 3050 1382 3098; x_wconf 91' lang='lat' dir='ltr'><strong>est</strong></span> <span class='ocrx_word' id='word_1_383' title='bbox 1406 3083 1422 3106; x_wconf 92' lang='lat'><strong>,</strong></span> <span class='ocrx_word' id='word_1_384' title='bbox 1472 3039 1720 3097; x_wconf 87' lang='lat' dir='ltr'><strong>Christus</strong></span> <span class='ocrx_word' id='word_1_385' title='bbox 1763 3043 1844 3098; x_wconf 89' lang='lat' dir='ltr'><strong>di-</strong></span> 
     </span>
    </p>
   </div>
   <div class='ocr_carea' id='block_1_49' title="bbox 235 3113 1844 3173">
    <p class='ocr_par' dir='ltr' id='par_1_49' title="bbox 235 3113 1844 3173">
     <span class='ocr_line' id='line_1_49' title="bbox 235 3113 1844 3173; baseline -0.001 -1"><span class='ocrx_word' id='word_1_386' title='bbox 235 3126 396 3172; x_wconf 88' lang='lat' dir='ltr'><strong>catur</strong></span> <span class='ocrx_word' id='word_1_387' title='bbox 432 3119 602 3173; x_wconf 80' lang='lat' dir='ltr'><strong>luisse</strong></span> <span class='ocrx_word' id='word_1_388' title='bbox 635 3117 808 3172; x_wconf 91' lang='lat' dir='ltr'><strong>tribus</strong></span> <span class='ocrx_word' id='word_1_389' title='bbox 837 3116 1026 3170; x_wconf 87' lang='lat' dir='ltr'><strong>diebus</strong></span> <span class='ocrx_word' id='word_1_390' title='bbox 1051 3124 1104 3169; x_wconf 92' lang='lat' dir='ltr'><strong>et</strong></span> <span class='ocrx_word' id='word_1_391' title='bbox 1130 3113 1303 3170; x_wconf 86' lang='lat' dir='ltr'><strong>tribus</strong></span> <span class='ocrx_word' id='word_1_392' title='bbox 1331 3115 1578 3168; x_wconf 87' lang='lat' dir='ltr'><strong>noctibus</strong></span> <span class='ocrx_word' id='word_1_393' title='bbox 1609 3118 1658 3168; x_wconf 90' lang='lat' dir='ltr'><strong>in</strong></span> <span class='ocrx_word' id='word_1_394' title='bbox 1679 3119 1844 3170; x_wconf 86' lang='lat' dir='ltr'><strong>corde</strong></span> 
     </span>
    </p>
   </div>
   <div class='ocr_carea' id='block_1_50' title="bbox 235 3185 1842 3255">
    <p class='ocr_par' dir='ltr' id='par_1_50' title="bbox 235 3185 1842 3255">
     <span class='ocr_line' id='line_1_50' title="bbox 235 3185 1842 3255; baseline -0.002 -13"><span class='ocrx_word' id='word_1_395' title='bbox 235 3197 432 3249; x_wconf 76' lang='lat' dir='ltr'><strong>terrae.</strong></span> <span class='ocrx_word' id='word_1_396' title='bbox 462 3189 564 3243; x_wconf 86' lang='lat' dir='ltr'><strong>hoc</strong></span> <span class='ocrx_word' id='word_1_397' title='bbox 597 3200 702 3255; x_wconf 89' lang='lat' dir='ltr'><strong>est,</strong></span> <span class='ocrx_word' id='word_1_398' title='bbox 738 3190 821 3244; x_wconf 85' lang='lat' dir='ltr'><strong>vel</strong></span> <span class='ocrx_word' id='word_1_399' title='bbox 853 3191 903 3241; x_wconf 90' lang='lat' dir='ltr'><strong>in</strong></span> <span class='ocrx_word' id='word_1_400' title='bbox 934 3186 1204 3251; x_wconf 80' lang='lat' dir='ltr'><strong>sepulcro,</strong></span> <span class='ocrx_word' id='word_1_401' title='bbox 1238 3186 1322 3255; x_wconf 79' lang='lat' dir='ltr'><strong>vel</strong></span> <span class='ocrx_word' id='word_1_402' title='bbox 1351 3185 1526 3253; x_wconf 77' lang='lat' dir='ltr'><strong>pOIiIlS</strong></span> <span class='ocrx_word' id='word_1_403' title='bbox 1554 3189 1603 3238; x_wconf 92' lang='lat' dir='ltr'><strong>in</strong></span> <span class='ocrx_word' id='word_1_404' title='bbox 1633 3187 1842 3240; x_wconf 82' lang='lat' dir='ltr'><strong>inl‘erno</strong></span> 
     </span>
    </p>
   </div>
   <div class='ocr_carea' id='block_1_51' title="bbox 237 3254 1836 3332">
    <p class='ocr_par' dir='ltr' id='par_1_51' title="bbox 237 3254 1836 3332">
     <span class='ocr_line' id='line_1_51' title="bbox 237 3254 1836 3332; baseline -0.001 -19"><span class='ocrx_word' id='word_1_405' title='bbox 237 3260 424 3332; x_wconf 87' lang='lat' dir='ltr'><strong>(unde</strong></span> <span class='ocrx_word' id='word_1_406' title='bbox 451 3254 713 3316; x_wconf 83' lang='lat' dir='ltr'><strong>articulus</strong></span> <span class='ocrx_word' id='word_1_407' title='bbox 744 3260 867 3314; x_wconf 87' lang='lat' dir='ltr'><strong>lidei</strong></span> <span class='ocrx_word' id='word_1_408' title='bbox 900 3258 967 3332; x_wconf 74' lang='lat' dir='ltr'><strong>de</strong></span> <span class='ocrx_word' id='word_1_409' title='bbox 994 3258 1257 3332; x_wconf 78' lang='lat' dir='ltr'><strong>descensu</strong></span> <span class='ocrx_word' id='word_1_410' title='bbox 1287 3254 1482 3332; x_wconf 76' lang='lat' dir='ltr'><strong>Clitiin</strong></span> <span class='ocrx_word' id='word_1_411' title='bbox 1506 3258 1570 3332; x_wconf 80' lang='lat' dir='ltr'><strong>ad</strong></span> <span class='ocrx_word' id='word_1_412' title='bbox 1602 3257 1836 3332; x_wconf 62' lang='lat' dir='ltr'><strong>inferos)</strong></span> 
     </span>
    </p>
   </div>
   <div class='ocr_carea' id='block_1_52' title="bbox 236 3328 1834 3402">
    <p class='ocr_par' dir='ltr' id='par_1_52' title="bbox 236 3328 1834 3402">
     <span class='ocr_line' id='line_1_52' title="bbox 236 3328 1834 3402; baseline -0.003 -18"><span class='ocrx_word' id='word_1_413' title='bbox 236 3328 686 3402; x_wconf 76' lang='lat' dir='ltr'><strong>quandoquidem</strong></span> <span class='ocrx_word' id='word_1_414' title='bbox 732 3341 881 3386; x_wconf 83' lang='lat' dir='ltr'><strong>sexta</strong></span> <span class='ocrx_word' id='word_1_415' title='bbox 930 3328 1058 3382; x_wconf 79' lang='lat' dir='ltr'><strong>feria</strong></span> <span class='ocrx_word' id='word_1_416' title='bbox 1109 3328 1381 3397; x_wconf 86' lang='lat' dir='ltr'><strong>sepultus,</strong></span> <span class='ocrx_word' id='word_1_417' title='bbox 1417 3330 1506 3402; x_wconf 81' lang='lat' dir='ltr'><strong>tlte</strong></span> <span class='ocrx_word' id='word_1_418' title='bbox 1540 3329 1834 3394; x_wconf 86' lang='lat' dir='ltr'><strong>Uominica,</strong></span> 
     </span>
    </p>
   </div>
   <div class='ocr_carea' id='block_1_53' title="bbox 237 3399 1838 3473">
    <p class='ocr_par' dir='ltr' id='par_1_53' title="bbox 237 3399 1838 3473">
     <span class='ocr_line' id='line_1_53' title="bbox 237 3399 1838 3473; baseline -0.001 -19"><span class='ocrx_word' id='word_1_419' title='bbox 237 3399 359 3473; x_wconf 69' lang='lat' dir='ltr'><strong>qua:</strong></span> <span class='ocrx_word' id='word_1_420' title='bbox 388 3399 566 3473; x_wconf 86' lang='lat' dir='ltr'><strong>prima</strong></span> <span class='ocrx_word' id='word_1_421' title='bbox 591 3402 801 3457; x_wconf 86' lang='lat' dir='ltr'><strong>sabbati</strong></span> <span class='ocrx_word' id='word_1_422' title='bbox 833 3403 1144 3473; x_wconf 74' lang='lat' dir='ltr'><strong>vocabatur,</strong></span> <span class='ocrx_word' id='word_1_423' title='bbox 1171 3399 1565 3473; x_wconf 56' lang='lat' dir='ltr'><strong>resurregterit;</strong></span> <span class='ocrx_word' id='word_1_424' title='bbox 1597 3417 1700 3454; x_wconf 92' lang='lat' dir='ltr'><strong>non</strong></span> <span class='ocrx_word' id='word_1_425' title='bbox 1733 3416 1838 3473; x_wconf 86' lang='lat' dir='ltr'><strong>uno</strong></span> 
     </span>
    </p>
   </div>
   <div class='ocr_carea' id='block_1_54' title="bbox 237 3470 1837 3539">
    <p class='ocr_par' dir='ltr' id='par_1_54' title="bbox 237 3470 1837 3539">
     <span class='ocr_line' id='line_1_54' title="bbox 237 3470 1837 3539; baseline -0.006 -10"><span class='ocrx_word' id='word_1_426' title='bbox 237 3470 412 3529; x_wconf 73' lang='lat' dir='ltr'><strong>modo</strong></span> <span class='ocrx_word' id='word_1_427' title='bbox 443 3490 472 3527; x_wconf 83' lang='lat' dir='ltr'><strong>a</strong></span> <span class='ocrx_word' id='word_1_428' title='bbox 512 3475 753 3528; x_wconf 82' lang='lat' dir='ltr'><strong>Patribus</strong></span> <span class='ocrx_word' id='word_1_429' title='bbox 779 3471 1084 3539; x_wconf 82' lang='lat' dir='ltr'><strong>exponitur.</strong></span> <span class='ocrx_word' id='word_1_430' title='bbox 1123 3470 1354 3524; x_wconf 82' lang='lat' dir='ltr'><strong>Isidorus</strong></span> <span class='ocrx_word' id='word_1_431' title='bbox 1385 3470 1675 3526; x_wconf 71' lang='lat' dir='ltr'><strong>Pe|u~intes</strong></span> <span class='ocrx_word' id='word_1_432' title='bbox 1720 3471 1837 3538; x_wconf 86' lang='lat' dir='ltr'><strong>epi-</strong></span> 
     </span>
    </p>
   </div>
   <div class='ocr_carea' id='block_1_55' title="bbox 235 3541 1840 3612">
    <p class='ocr_par' dir='ltr' id='par_1_55' title="bbox 235 3541 1840 3612">
     <span class='ocr_line' id='line_1_55' title="bbox 235 3541 1840 3612; baseline -0.004 -10"><span class='ocrx_word' id='word_1_433' title='bbox 235 3548 379 3602; x_wconf 80' lang='lat' dir='ltr'><strong>stola</strong></span> <span class='ocrx_word' id='word_1_434' title='bbox 435 3547 539 3602; x_wconf 71' lang='grc'><strong>114</strong></span> <span class='ocrx_word' id='word_1_435' title='bbox 569 3546 660 3599; x_wconf 86' lang='lat' dir='ltr'><strong>lib.</strong></span> <span class='ocrx_word' id='word_1_436' title='bbox 711 3560 729 3599; x_wconf 91' lang='grc' dir='ltr'><strong>ι</strong></span> <span class='ocrx_word' id='word_1_437' title='bbox 776 3545 954 3609; x_wconf 83' lang='lat' dir='ltr'><strong>plures</strong></span> <span class='ocrx_word' id='word_1_438' title='bbox 1000 3541 1154 3595; x_wconf 80' lang='lat' dir='ltr'><strong>aﬂert</strong></span> <span class='ocrx_word' id='word_1_439' title='bbox 1196 3542 1578 3607; x_wconf 79' lang='lat' dir='ltr'><strong>expositiones,</strong></span> <span class='ocrx_word' id='word_1_440' title='bbox 1611 3558 1840 3612; x_wconf 86' lang='lat' dir='ltr'><strong>quarum</strong></span> 
     </span>
    </p>
   </div>
   <div class='ocr_carea' id='block_1_56' title="bbox 237 3613 1838 3686">
    <p class='ocr_par' dir='ltr' id='par_1_56' title="bbox 237 3613 1838 3686">
     <span class='ocr_line' id='line_1_56' title="bbox 237 3613 1838 3686; baseline -0.003 -15"><span class='ocrx_word' id='word_1_441' title='bbox 237 3617 360 3671; x_wconf 67' lang='lat' dir='ltr'><strong>dua:</strong></span> <span class='ocrx_word' id='word_1_442' title='bbox 399 3619 686 3686; x_wconf 63' lang='grc' dir='ltr'><strong>ντςιορὶμυπξ</strong></span> <span class='ocrx_word' id='word_1_443' title='bbox 720 3617 800 3670; x_wconf 90' lang='lat' dir='ltr'><strong>bis</strong></span> <span class='ocrx_word' id='word_1_444' title='bbox 828 3615 1005 3668; x_wconf 87' lang='lat' dir='ltr'><strong>verbis</strong></span> <span class='ocrx_word' id='word_1_445' title='bbox 1030 3624 1340 3686; x_wconf 63' lang='lat' dir='ltr'><strong>concupiui;</strong></span> <span class='ocrx_word' id='word_1_446' title='bbox 1374 3613 1532 3686; x_wconf 77' lang='lat' dir='ltr'><strong>Sexta</strong></span> <span class='ocrx_word' id='word_1_447' title='bbox 1575 3615 1704 3686; x_wconf 80' lang='lat' dir='ltr'><strong>liora</strong></span> <span class='ocrx_word' id='word_1_448' title='bbox 1743 3629 1838 3686; x_wconf 79' lang='lat' dir='ltr'><strong>pa-_</strong></span> 
     </span>
    </p>
   </div>
   <div class='ocr_carea' id='block_1_57' title="bbox 239 3683 1842 3743">
    <p class='ocr_par' dir='ltr' id='par_1_57' title="bbox 239 3683 1842 3743">
     <span class='ocr_line' id='line_1_57' title="bbox 239 3683 1842 3743; baseline -0.002 -3"><span class='ocrx_word' id='word_1_449' title='bbox 239 3683 475 3743; x_wconf 76' lang='lat' dir='ltr'><strong>rasceves</strong></span> <span class='ocrx_word' id='word_1_450' title='bbox 501 3683 779 3741; x_wconf 38' lang='lat' dir='ltr'><strong>in’crucem</strong></span> <span class='ocrx_word' id='word_1_451' title='bbox 809 3695 952 3739; x_wconf 88' lang='lat' dir='ltr'><strong>actus</strong></span> <span class='ocrx_word' id='word_1_452' title='bbox 979 3695 1050 3738; x_wconf 84' lang='lat' dir='ltr'><strong>est</strong></span> <span class='ocrx_word' id='word_1_453' title='bbox 1083 3685 1349 3737; x_wconf 74' lang='lat' dir='ltr'><strong>Dominus.</strong></span> <span class='ocrx_word' id='word_1_454' title='bbox 1380 3685 1454 3737; x_wconf 86' lang='lat' dir='ltr'><strong>Ab</strong></span> <span class='ocrx_word' id='word_1_455' title='bbox 1483 3685 1578 3736; x_wconf 85' lang='lat' dir='ltr'><strong>Itac</strong></span> <span class='ocrx_word' id='word_1_456' title='bbox 1609 3684 1739 3736; x_wconf 87' lang='lat' dir='ltr'><strong>liora</strong></span> <span class='ocrx_word' id='word_1_457' title='bbox 1774 3683 1842 3737; x_wconf 89' lang='lat' dir='ltr'><strong>ad</strong></span> 
     </span>
    </p>
   </div>
   <div class='ocr_carea' id='block_1_58' title="bbox 239 3753 1844 3826">
    <p class='ocr_par' dir='ltr' id='par_1_58' title="bbox 239 3753 1844 3826">
     <span class='ocr_line' id='line_1_58' title="bbox 239 3753 1844 3826; baseline -0.002 -15"><span class='ocrx_word' id='word_1_458' title='bbox 239 3776 438 3812; x_wconf 88' lang='lat' dir='ltr'><strong>nonam</strong></span> <span class='ocrx_word' id='word_1_459' title='bbox 469 3776 627 3826; x_wconf 82' lang='lat' dir='ltr'><strong>usque</strong></span> <span class='ocrx_word' id='word_1_460' title='bbox 652 3759 868 3812; x_wconf 79' lang='lat' dir='ltr'><strong>tenebrte</strong></span> <span class='ocrx_word' id='word_1_461' title='bbox 894 3756 1213 3810; x_wconf 81' lang='lat' dir='ltr'><strong>exstiterunt.</strong></span> <span class='ocrx_word' id='word_1_462' title='bbox 1248 3753 1367 3808; x_wconf 88' lang='lat' dir='ltr'><strong>Hoc</strong></span> <span class='ocrx_word' id='word_1_463' title='bbox 1394 3767 1448 3807; x_wconf 90' lang='lat' dir='ltr'><strong>tu</strong></span> <span class='ocrx_word' id='word_1_464' title='bbox 1472 3767 1670 3808; x_wconf 87' lang='lat' dir='ltr'><strong>noctem</strong></span> <span class='ocrx_word' id='word_1_465' title='bbox 1692 3754 1844 3826; x_wconf 81' lang='lat' dir='ltr'><strong>intel-</strong></span> 
     </span>
    </p>
   </div>
   <div class='ocr_carea' id='block_1_59' title="bbox 240 3825 1844 3902">
    <p class='ocr_par' dir='ltr' id='par_1_59' title="bbox 240 3825 1844 3902">
     <span class='ocr_line' id='line_1_59' title="bbox 240 3825 1844 3902; baseline -0.005 -17"><span class='ocrx_word' id='word_1_466' title='bbox 240 3831 362 3902; x_wconf 86' lang='lat' dir='ltr'><strong>lige.</strong></span> <span class='ocrx_word' id='word_1_467' title='bbox 397 3825 601 3884; x_wconf 80' lang='lat' dir='ltr'><strong>Rursus</strong></span> <span class='ocrx_word' id='word_1_468' title='bbox 629 3847 660 3883; x_wconf 93' lang='lat' dir='ltr'><strong>a</strong></span> <span class='ocrx_word' id='word_1_469' title='bbox 682 3829 953 3902; x_wconf 38' lang='lat' dir='ltr'><strong>tiOtthlux.</strong></span> <span class='ocrx_word' id='word_1_470' title='bbox 970 3826 1034 3902; x_wconf 62' lang='lat' dir='ltr'><strong>ll</strong></span> <span class='ocrx_word' id='word_1_471' title='bbox 1045 3843 1104 3880; x_wconf 91' lang='lat' dir='ltr'><strong>oc</strong></span> <span class='ocrx_word' id='word_1_472' title='bbox 1129 3841 1306 3902; x_wconf 80' lang='lat' dir='ltr'><strong>rursus</strong></span> <span class='ocrx_word' id='word_1_473' title='bbox 1329 3843 1422 3894; x_wconf 86' lang='lat' dir='ltr'><strong>pro</strong></span> <span class='ocrx_word' id='word_1_474' title='bbox 1445 3825 1844 3902; x_wconf 33' lang='lat' dir='ltr'><strong>dieitubesNo;</strong></span> 
     </span>
    </p>
   </div>
   <div class='ocr_carea' id='block_1_60' title="bbox 239 3898 1844 3968">
    <p class='ocr_par' dir='ltr' id='par_1_60' title="bbox 239 3898 1844 3968">
     <span class='ocr_line' id='line_1_60' title="bbox 239 3898 1844 3968; baseline -0.004 -12"><span class='ocrx_word' id='word_1_475' title='bbox 239 3898 425 3956; x_wconf 68' lang='lat' dir='ltr'><strong>rursus</strong></span> <span class='ocrx_word' id='word_1_476' title='bbox 449 3915 766 3968; x_wconf 78' lang='lat' dir='ltr'><strong>parasceves.</strong></span> <span class='ocrx_word' id='word_1_477' title='bbox 795 3899 923 3954; x_wconf 85' lang='lat' dir='ltr'><strong>Tum</strong></span> <span class='ocrx_word' id='word_1_478' title='bbox 944 3900 1052 3952; x_wconf 85' lang='lat' dir='ltr'><strong>dies</strong></span> <span class='ocrx_word' id='word_1_479' title='bbox 1079 3898 1293 3960; x_wconf 86' lang='lat' dir='ltr'><strong>sabbati,</strong></span> <span class='ocrx_word' id='word_1_480' title='bbox 1318 3913 1420 3951; x_wconf 77' lang='lat' dir='ltr'><strong>nox</strong></span> <span class='ocrx_word' id='word_1_481' title='bbox 1441 3898 1655 3961; x_wconf 77' lang='lat' dir='ltr'><strong>sabbati,</strong></span> <span class='ocrx_word' id='word_1_482' title='bbox 1682 3899 1844 3968; x_wconf 85' lang='lat' dir='ltr'><strong>domi-</strong></span> 
     </span>
    </p>
   </div>
   <div class='ocr_carea' id='block_1_61' title="bbox 239 3967 1846 4043">
    <p class='ocr_par' dir='ltr' id='par_1_61' title="bbox 239 3967 1846 4043">
     <span class='ocr_line' id='line_1_61' title="bbox 239 3967 1846 4043; baseline -0.002 -18"><span class='ocrx_word' id='word_1_483' title='bbox 239 3975 344 4027; x_wconf 85' lang='lat' dir='ltr'><strong>nici</strong></span> <span class='ocrx_word' id='word_1_484' title='bbox 387 3967 495 4026; x_wconf 82' lang='lat' dir='ltr'><strong>diei</strong></span> <span class='ocrx_word' id='word_1_485' title='bbox 519 3972 829 4034; x_wconf 83' lang='lat' dir='ltr'><strong>diluculum,</strong></span> <span class='ocrx_word' id='word_1_486' title='bbox 851 3974 1006 4043; x_wconf 77' lang='lat' dir='ltr'><strong>juxta</strong></span> <span class='ocrx_word' id='word_1_487' title='bbox 1029 3971 1392 4043; x_wconf 80' lang='lat' dir='ltr'><strong>evangelistam</strong></span> <span class='ocrx_word' id='word_1_488' title='bbox 1419 3967 1668 4023; x_wconf 84' lang='lat' dir='ltr'><strong>dicentem</strong></span> <span class='ocrx_word' id='word_1_489' title='bbox 1691 3967 1846 4043; x_wconf 46' lang='lat' dir='ltr'><strong>:_Ve-:</strong></span> 
     </span>
    </p>
   </div>
   <div class='ocr_carea' id='block_1_62' title="bbox 241 4039 1846 4115">
    <p class='ocr_par' dir='ltr' id='par_1_62' title="bbox 241 4039 1846 4115">
     <span class='ocr_line' id='line_1_62' title="bbox 241 4039 1846 4115; baseline -0.005 -15"><span class='ocrx_word' id='word_1_490' title='bbox 241 4060 391 4115; x_wconf 80' lang='lat' dir='ltr'><strong>spere</strong></span> <span class='ocrx_word' id='word_1_491' title='bbox 407 4054 577 4096; x_wconf 89' lang='lat' dir='ltr'><strong>autem</strong></span> <span class='ocrx_word' id='word_1_492' title='bbox 599 4044 815 4104; x_wconf 87' lang='lat' dir='ltr'><strong>sabbati,</strong></span> <span class='ocrx_word' id='word_1_493' title='bbox 839 4039 954 4112; x_wconf 71' lang='lat' dir='ltr'><strong>quae</strong></span> <span class='ocrx_word' id='word_1_494' title='bbox 974 4041 1179 4115; x_wconf 77' lang='lat' dir='ltr'><strong>lucescit</strong></span> <span class='ocrx_word' id='word_1_495' title='bbox 1201 4043 1439 4115; x_wconf 77' lang='lat' dir='ltr'><strong>inprima</strong></span> <span class='ocrx_word' id='word_1_496' title='bbox 1457 4043 1673 4115; x_wconf 82' lang='lat' dir='ltr'><strong>sabbati.</strong></span> <span class='ocrx_word' id='word_1_497' title='bbox 1697 4039 1846 4108; x_wconf 83' lang='lat' dir='ltr'><strong>Quod</strong></span> 
     </span>
    </p>
   </div>
   <div class='ocr_carea' id='block_1_63' title="bbox 241 4113 1848 4184">
    <p class='ocr_par' dir='ltr' id='par_1_63' title="bbox 241 4113 1848 4184">
     <span class='ocr_line' id='line_1_63' title="bbox 241 4113 1848 4184; baseline -0.004 -14"><span class='ocrx_word' id='word_1_498' title='bbox 241 4113 279 4170; x_wconf 87' lang='lat' dir='ltr'><strong>si</strong></span> <span class='ocrx_word' id='word_1_499' title='bbox 308 4117 523 4171; x_wconf 79' lang='lat' dir='ltr'><strong>tertiam</strong></span> <span class='ocrx_word' id='word_1_500' title='bbox 550 4117 913 4184; x_wconf 65' lang='lat' dir='ltr'><strong>expositionem</strong></span> <span class='ocrx_word' id='word_1_501' title='bbox 943 4129 1006 4168; x_wconf 79' lang='lat' dir='ltr'><strong>ea:</strong></span> <span class='ocrx_word' id='word_1_502' title='bbox 1036 4129 1114 4164; x_wconf 89' lang='lat' dir='ltr'><strong>me</strong></span> <span class='ocrx_word' id='word_1_503' title='bbox 1152 4113 1434 4182; x_wconf 84' lang='lat' dir='ltr'><strong>intelligere</strong></span> <span class='ocrx_word' id='word_1_504' title='bbox 1480 4113 1736 4184; x_wconf 80' lang='lat' dir='ltr'><strong>postulas,</strong></span> <span class='ocrx_word' id='word_1_505' title='bbox 1787 4128 1848 4164; x_wconf 87' lang='lat' dir='ltr'><strong>ea</strong></span> 
     </span>
    </p>
   </div>
   <div class='ocr_carea' id='block_1_64' title="bbox 241 4183 1846 4254">
    <p class='ocr_par' dir='ltr' id='par_1_64' title="bbox 241 4183 1846 4254">
     <span class='ocr_line' id='line_1_64' title="bbox 241 4183 1846 4254; baseline -0.003 -14"><span class='ocrx_word' id='word_1_506' title='bbox 241 4197 311 4240; x_wconf 89' lang='lat' dir='ltr'><strong>est</strong></span> <span class='ocrx_word' id='word_1_507' title='bbox 340 4183 690 4254; x_wconf 82' lang='lat' dir='ltr'><strong>hujusmodi:</strong></span> <span class='ocrx_word' id='word_1_508' title='bbox 727 4183 794 4238; x_wconf 89' lang='lat' dir='ltr'><strong>In</strong></span> <span class='ocrx_word' id='word_1_509' title='bbox 842 4186 927 4237; x_wconf 85' lang='lat' dir='ltr'><strong>die</strong></span> <span class='ocrx_word' id='word_1_510' title='bbox 967 4198 1258 4254; x_wconf 85' lang='lat' dir='ltr'><strong>parasceves</strong></span> <span class='ocrx_word' id='word_1_511' title='bbox 1311 4185 1562 4236; x_wconf 80' lang='lat' dir='ltr'><strong>Dominus</strong></span> <span class='ocrx_word' id='word_1_512' title='bbox 1609 4183 1846 4250; x_wconf 85' lang='lat' dir='ltr'><strong>spiritum</strong></span> 
     </span>
    </p>
   </div>
   <div class='ocr_carea' id='block_1_65' title="bbox 243 4253 1846 4325">
    <p class='ocr_par' dir='ltr' id='par_1_65' title="bbox 243 4253 1846 4325">
     <span class='ocr_line' id='line_1_65' title="bbox 243 4253 1846 4325; baseline -0.004 -13"><span class='ocrx_word' id='word_1_513' title='bbox 243 4253 488 4312; x_wconf 84' lang='lat' dir='ltr'><strong>tradidit.</strong></span> <span class='ocrx_word' id='word_1_514' title='bbox 533 4257 609 4310; x_wconf 79' lang='lat' dir='ltr'><strong>En</strong></span> <span class='ocrx_word' id='word_1_515' title='bbox 653 4274 757 4311; x_wconf 88' lang='lat' dir='ltr'><strong>una</strong></span> <span class='ocrx_word' id='word_1_516' title='bbox 805 4257 934 4309; x_wconf 86' lang='lat' dir='ltr'><strong>dies.</strong></span> <span class='ocrx_word' id='word_1_517' title='bbox 984 4253 1266 4325; x_wconf 87' lang='lat' dir='ltr'><strong>Sabbatum</strong></span> <span class='ocrx_word' id='word_1_518' title='bbox 1314 4263 1477 4306; x_wconf 87' lang='lat' dir='ltr'><strong>totunt</strong></span> <span class='ocrx_word' id='word_1_519' title='bbox 1520 4257 1573 4306; x_wconf 90' lang='lat' dir='ltr'><strong>in</strong></span> <span class='ocrx_word' id='word_1_520' title='bbox 1611 4257 1846 4325; x_wconf 84' lang='lat' dir='ltr'><strong>sepulcro</strong></span> 
     </span>
    </p>
   </div>
   <div class='ocr_carea' id='block_1_66' title="bbox 243 4324 1846 4399">
    <p class='ocr_par' dir='ltr' id='par_1_66' title="bbox 243 4324 1846 4399">
     <span class='ocr_line' id='line_1_66' title="bbox 243 4324 1846 4399; baseline -0.004 -16"><span class='ocrx_word' id='word_1_521' title='bbox 243 4330 413 4399; x_wconf 69' lang='lat' dir='ltr'><strong>exegit</strong></span> <span class='ocrx_word' id='word_1_522' title='bbox 434 4345 456 4384; x_wconf 92' lang='lat'><strong><em>:</em></strong></span> <span class='ocrx_word' id='word_1_523' title='bbox 494 4341 669 4396; x_wconf 86' lang='lat' dir='ltr'><strong>postea</strong></span> <span class='ocrx_word' id='word_1_524' title='bbox 697 4329 811 4399; x_wconf 85' lang='lat' dir='ltr'><strong>ejus</strong></span> <span class='ocrx_word' id='word_1_525' title='bbox 838 4340 1055 4381; x_wconf 86' lang='lat' dir='ltr'><strong>noctem.</strong></span> <span class='ocrx_word' id='word_1_526' title='bbox 1089 4324 1397 4399; x_wconf 59' lang='lat' dir='ltr'><strong>Lucescente</strong></span> <span class='ocrx_word' id='word_1_527' title='bbox 1422 4324 1683 4399; x_wconf 82' lang='lat' dir='ltr'><strong>dominica</strong></span> <span class='ocrx_word' id='word_1_528' title='bbox 1709 4341 1737 4378; x_wconf 90' lang='lat' dir='ltr'><strong>e</strong></span> <span class='ocrx_word' id='word_1_529' title='bbox 1766 4341 1846 4376; x_wconf 82' lang='lat' dir='ltr'><strong>se-</strong></span> 
     </span>
    </p>
   </div>
   <div class='ocr_carea' id='block_1_67' title="bbox 245 4395 1843 4472">
    <p class='ocr_par' dir='ltr' id='par_1_67' title="bbox 245 4395 1843 4472">
     <span class='ocr_line' id='line_1_67' title="bbox 245 4395 1843 4472; baseline -0.003 -20"><span class='ocrx_word' id='word_1_530' title='bbox 245 4395 432 4472; x_wconf 68' lang='lat' dir='ltr'><strong>pulcro</strong></span> <span class='ocrx_word' id='word_1_531' title='bbox 466 4395 731 4454; x_wconf 62' lang='lat' dir='ltr'><strong>surrexit}</strong></span> <span class='ocrx_word' id='word_1_532' title='bbox 760 4401 814 4452; x_wconf 90' lang='lat' dir='ltr'><strong>id</strong></span> <span class='ocrx_word' id='word_1_533' title='bbox 827 4415 1036 4472; x_wconf 82' lang='lat' dir='ltr'><strong>quoque</strong></span> <span class='ocrx_word' id='word_1_534' title='bbox 1063 4397 1171 4472; x_wconf 61' lang='lat' dir='ltr'><strong>dies</strong></span> <span class='ocrx_word' id='word_1_535' title='bbox 1199 4406 1294 4451; x_wconf 90' lang='lat' dir='ltr'><strong>est.</strong></span> <span class='ocrx_word' id='word_1_536' title='bbox 1327 4395 1592 4466; x_wconf 83' lang='lat' dir='ltr'><strong>Siquidem</strong></span> <span class='ocrx_word' id='word_1_537' title='bbox 1622 4414 1652 4447; x_wconf 92' lang='lat' dir='ltr'><strong>a</strong></span> <span class='ocrx_word' id='word_1_538' title='bbox 1679 4404 1843 4466; x_wconf 86' lang='lat' dir='ltr'><strong>parte,</strong></span> 
     </span>
    </p>
   </div>
   <div class='ocr_carea' id='block_1_68' title="bbox 244 4467 1846 4541">
    <p class='ocr_par' dir='ltr' id='par_1_68' title="bbox 244 4467 1846 4541">
     <span class='ocr_line' id='line_1_68' title="bbox 244 4467 1846 4541; baseline -0.005 -15"><span class='ocrx_word' id='word_1_539' title='bbox 244 4467 295 4526; x_wconf 77' lang='lat' dir='ltr'><strong>iit</strong></span> <span class='ocrx_word' id='word_1_540' title='bbox 324 4475 492 4537; x_wconf 89' lang='lat' dir='ltr'><strong>nosti,</strong></span> <span class='ocrx_word' id='word_1_541' title='bbox 527 4482 686 4524; x_wconf 91' lang='lat' dir='ltr'><strong>totum</strong></span> <span class='ocrx_word' id='word_1_542' title='bbox 715 4467 1033 4541; x_wconf 87' lang='lat' dir='ltr'><strong>intelligitur.</strong></span> <span class='ocrx_word' id='word_1_543' title='bbox 1076 4467 1136 4523; x_wconf 92' lang='lat' dir='ltr'><strong>Si</strong></span> <span class='ocrx_word' id='word_1_544' title='bbox 1175 4477 1347 4521; x_wconf 86' lang='lat' dir='ltr'><strong>autem</strong></span> <span class='ocrx_word' id='word_1_545' title='bbox 1388 4484 1479 4541; x_wconf 82' lang='lat' dir='ltr'><strong>nos</strong></span> <span class='ocrx_word' id='word_1_546' title='bbox 1516 4483 1719 4534; x_wconf 87' lang='lat' dir='ltr'><strong>quoque</strong></span> <span class='ocrx_word' id='word_1_547' title='bbox 1760 4482 1846 4519; x_wconf 84' lang='lat' dir='ltr'><strong>eo-</strong></span> 
     </span>
    </p>
   </div>
   <div class='ocr_carea' id='block_1_69' title="bbox 244 4538 1847 4613">
    <p class='ocr_par' dir='ltr' id='par_1_69' title="bbox 244 4538 1847 4613">
     <span class='ocr_line' id='line_1_69' title="bbox 244 4538 1847 4613; baseline -0.003 -18"><span class='ocrx_word' id='word_1_548' title='bbox 244 4560 360 4597; x_wconf 90' lang='lat' dir='ltr'><strong>rum</strong></span> <span class='ocrx_word' id='word_1_549' title='bbox 403 4544 497 4613; x_wconf 87' lang='lat' dir='ltr'><strong>qui</strong></span> <span class='ocrx_word' id='word_1_550' title='bbox 540 4555 754 4595; x_wconf 86' lang='lat' dir='ltr'><strong>mortem</strong></span> <span class='ocrx_word' id='word_1_551' title='bbox 791 4538 974 4594; x_wconf 74' lang='lat' dir='ltr'><strong>obeunt</strong></span> <span class='ocrx_word' id='word_1_552' title='bbox 1018 4541 1315 4613; x_wconf 85' lang='lat' dir='ltr'><strong>memoriam</strong></span> <span class='ocrx_word' id='word_1_553' title='bbox 1354 4538 1610 4613; x_wconf 79' lang='lat' dir='ltr'><strong>celebrare</strong></span> <span class='ocrx_word' id='word_1_554' title='bbox 1634 4554 1847 4592; x_wconf 87' lang='lat' dir='ltr'><strong>consue-</strong></span> 
     </span>
    </p>
   </div>
   <div class='ocr_carea' id='block_1_70' title="bbox 246 4609 1846 4682">
    <p class='ocr_par' dir='ltr' id='par_1_70' title="bbox 246 4609 1846 4682">
     <span class='ocr_line' id='line_1_70' title="bbox 246 4609 1846 4682; baseline -0.006 -13"><span class='ocrx_word' id='word_1_555' title='bbox 246 4609 435 4669; x_wconf 66' lang='lat' dir='ltr'><strong>vimus.</strong></span> <span class='ocrx_word' id='word_1_556' title='bbox 474 4615 805 4682; x_wconf 82' lang='lat' dir='ltr'><strong>Quacumque</strong></span> <span class='ocrx_word' id='word_1_557' title='bbox 831 4613 964 4665; x_wconf 87' lang='lat' dir='ltr'><strong>enim</strong></span> <span class='ocrx_word' id='word_1_558' title='bbox 992 4611 1095 4663; x_wconf 85' lang='lat' dir='ltr'><strong>diei</strong></span> <span class='ocrx_word' id='word_1_559' title='bbox 1124 4612 1250 4682; x_wconf 81' lang='lat' dir='ltr'><strong>liora</strong></span> <span class='ocrx_word' id='word_1_560' title='bbox 1274 4609 1530 4682; x_wconf 81' lang='lat' dir='ltr'><strong>quispiam</strong></span> <span class='ocrx_word' id='word_1_561' title='bbox 1552 4609 1704 4682; x_wconf 81' lang='lat' dir='ltr'><strong>vitam</strong></span> <span class='ocrx_word' id='word_1_562' title='bbox 1728 4623 1846 4660; x_wconf 89' lang='lat' dir='ltr'><strong>cum</strong></span> 
     </span>
    </p>
   </div>
   <div class='ocr_carea' id='block_1_71' title="bbox 246 4679 1844 4754">
    <p class='ocr_par' dir='ltr' id='par_1_71' title="bbox 246 4679 1844 4754">
     <span class='ocr_line' id='line_1_71' title="bbox 246 4679 1844 4754; baseline -0.003 -18"><span class='ocrx_word' id='word_1_563' title='bbox 246 4697 417 4739; x_wconf 84' lang='lat' dir='ltr'><strong>morte</strong></span> <span class='ocrx_word' id='word_1_564' title='bbox 466 4679 825 4745; x_wconf 75' lang='lat' dir='ltr'><strong>comniutarit.</strong></span> <span class='ocrx_word' id='word_1_565' title='bbox 866 4693 1068 4754; x_wconf 86' lang='lat' dir='ltr'><strong>postero</strong></span> <span class='ocrx_word' id='word_1_566' title='bbox 1109 4681 1378 4754; x_wconf 75' lang='lat' dir='ltr'><strong>dumtaxat</strong></span> <span class='ocrx_word' id='word_1_567' title='bbox 1425 4681 1527 4754; x_wconf 83' lang='lat' dir='ltr'><strong>die.</strong></span> <span class='ocrx_word' id='word_1_568' title='bbox 1576 4679 1844 4754; x_wconf 11' lang='lat' dir='ltr'><strong>interjeﬁcto</strong></span> 
     </span>
    </p>
   </div>
   <div class='ocr_carea' id='block_1_72' title="bbox 246 4751 1847 4826">
    <p class='ocr_par' dir='ltr' id='par_1_72' title="bbox 246 4751 1847 4826">
     <span class='ocr_line' id='line_1_72' title="bbox 246 4751 1847 4826; baseline -0.004 -16"><span class='ocrx_word' id='word_1_569' title='bbox 246 4756 416 4810; x_wconf 83' lang='lat' dir='ltr'><strong>altero</strong></span> <span class='ocrx_word' id='word_1_570' title='bbox 447 4767 562 4826; x_wconf 89' lang='lat' dir='ltr'><strong>post</strong></span> <span class='ocrx_word' id='word_1_571' title='bbox 591 4756 675 4809; x_wconf 84' lang='lat' dir='ltr'><strong>die</strong></span> <span class='ocrx_word' id='word_1_572' title='bbox 705 4751 992 4826; x_wconf 83' lang='lat' dir='ltr'><strong>tertianam</strong></span> <span class='ocrx_word' id='word_1_573' title='bbox 1008 4754 1165 4824; x_wconf 86' lang='lat' dir='ltr'><strong>ipsius</strong></span> <span class='ocrx_word' id='word_1_574' title='bbox 1195 4752 1329 4805; x_wconf 88' lang='lat' dir='ltr'><strong>diem</strong></span> <span class='ocrx_word' id='word_1_575' title='bbox 1355 4752 1596 4826; x_wconf 47' lang='lat' dir='ltr'><strong>agimus:</strong></span> <span class='ocrx_word' id='word_1_576' title='bbox 1607 4754 1730 4826; x_wconf 68' lang='lat' dir='ltr'><strong>llwc</strong></span> <span class='ocrx_word' id='word_1_577' title='bbox 1742 4751 1847 4826; x_wconf 71' lang='grc' dir='ltr'><strong>1δὶ-</strong></span> 
     </span>
    </p>
   </div>
   <div class='ocr_carea' id='block_1_73' title="bbox 247 4822 1844 4894">
    <p class='ocr_par' dir='ltr' id='par_1_73' title="bbox 247 4822 1844 4894">
     <span class='ocr_line' id='line_1_73' title="bbox 247 4822 1844 4894; baseline -0.006 -12"><span class='ocrx_word' id='word_1_578' title='bbox 247 4822 457 4883; x_wconf 36' lang='lat' dir='ltr'><strong>dorus;</strong></span> <span class='ocrx_word' id='word_1_579' title='bbox 477 4826 670 4881; x_wconf 81' lang='lat' dir='ltr'><strong>Verum</strong></span> <span class='ocrx_word' id='word_1_580' title='bbox 699 4831 930 4894; x_wconf 89' lang='lat' dir='ltr'><strong>priorem</strong></span> <span class='ocrx_word' id='word_1_581' title='bbox 963 4822 1104 4877; x_wconf 81' lang='lat' dir='ltr'><strong>illam</strong></span> <span class='ocrx_word' id='word_1_582' title='bbox 1137 4824 1524 4890; x_wconf 81' lang='lat' dir='ltr'><strong>expositionem</strong></span> <span class='ocrx_word' id='word_1_583' title='bbox 1570 4822 1675 4875; x_wconf 87' lang='lat' dir='ltr'><strong>DD.</strong></span> <span class='ocrx_word' id='word_1_584' title='bbox 1717 4823 1844 4894; x_wconf 79' lang='lat' dir='ltr'><strong>Ilie-</strong></span> 
     </span>
    </p>
   </div>
   <div class='ocr_carea' id='block_1_74' title="bbox 249 4892 1848 4970">
    <p class='ocr_par' dir='ltr' id='par_1_74' title="bbox 249 4892 1848 4970">
     <span class='ocr_line' id='line_1_74' title="bbox 249 4892 1848 4970; baseline -0.003 -20"><span class='ocrx_word' id='word_1_585' title='bbox 249 4913 516 4970; x_wconf 80' lang='lat' dir='ltr'><strong>ronymus</strong></span> <span class='ocrx_word' id='word_1_586' title='bbox 544 4906 600 4952; x_wconf 89' lang='lat' dir='ltr'><strong>et</strong></span> <span class='ocrx_word' id='word_1_587' title='bbox 625 4892 956 4970; x_wconf 36' lang='lat' dir='ltr'><strong>Augustinus</strong></span> <span class='ocrx_word' id='word_1_588' title='bbox 985 4897 1112 4970; x_wconf 79' lang='lat' dir='ltr'><strong>pari</strong></span> <span class='ocrx_word' id='word_1_589' title='bbox 1131 4896 1306 4949; x_wconf 89' lang='lat' dir='ltr'><strong>studio</strong></span> <span class='ocrx_word' id='word_1_590' title='bbox 1329 4902 1383 4948; x_wconf 90' lang='lat' dir='ltr'><strong>et</strong></span> <span class='ocrx_word' id='word_1_591' title='bbox 1403 4892 1848 4970; x_wconf 77' lang='lat' dir='ltr'><strong>se_ntentia_r_elel-</strong></span> 
     </span>
    </p>
   </div>
   <div class='ocr_carea' id='block_1_75' title="bbox 249 4962 1848 5035">
    <p class='ocr_par' dir='ltr' id='par_1_75' title="bbox 249 4962 1848 5035">
     <span class='ocr_line' id='line_1_75' title="bbox 249 4962 1848 5035; baseline -0.004 -10"><span class='ocrx_word' id='word_1_592' title='bbox 249 4962 387 5025; x_wconf 62' lang='lat' dir='ltr'><strong>lnnt&#39;.</strong></span> <span class='ocrx_word' id='word_1_593' title='bbox 421 4969 514 5024; x_wconf 74' lang='lat' dir='ltr'><strong>Sic</strong></span> <span class='ocrx_word' id='word_1_594' title='bbox 542 4970 683 5024; x_wconf 91' lang='lat' dir='ltr'><strong>enim</strong></span> <span class='ocrx_word' id='word_1_595' title='bbox 714 4962 1070 5035; x_wconf 75' lang='lat' dir='ltr'><strong>Hieroiiyuius</strong></span> <span class='ocrx_word' id='word_1_596' title='bbox 1102 4967 1154 5018; x_wconf 90' lang='lat' dir='ltr'><strong>in</strong></span> <span class='ocrx_word' id='word_1_597' title='bbox 1193 4979 1311 5032; x_wconf 79' lang='lat' dir='ltr'><strong>cap.</strong></span> <span class='ocrx_word' id='word_1_598' title='bbox 1364 4979 1402 5018; x_wconf 86' lang='lat' dir='ltr'><strong>it</strong></span> <span class='ocrx_word' id='word_1_599' title='bbox 1445 4963 1596 5018; x_wconf 73' lang='lat' dir='ltr'><strong>.Ionte</strong></span> <span class='ocrx_word' id='word_1_600' title='bbox 1625 4981 1645 5017; x_wconf 87' lang='lat'><strong><em>:</em></strong></span> <span class='ocrx_word' id='word_1_601' title='bbox 1670 4962 1848 5035; x_wconf 73' lang='lat' dir='ltr'><strong>llujus</strong></span> 
     </span>
    </p>
   </div>
   <div class='ocr_carea' id='block_1_76' title="bbox 250 5033 1843 5109">
    <p class='ocr_par' dir='ltr' id='par_1_76' title="bbox 250 5033 1843 5109">
     <span class='ocr_line' id='line_1_76' title="bbox 250 5033 1843 5109; baseline -0.004 -16"><span class='ocrx_word' id='word_1_602' title='bbox 250 5039 354 5094; x_wconf 81' lang='lat' dir='ltr'><strong>loci</strong></span> <span class='ocrx_word' id='word_1_603' title='bbox 385 5041 685 5109; x_wconf 76' lang='lat' dir='ltr'><strong>mysterium</strong></span> <span class='ocrx_word' id='word_1_604' title='bbox 713 5041 765 5092; x_wconf 91' lang='lat' dir='ltr'><strong>in</strong></span> <span class='ocrx_word' id='word_1_605' title='bbox 797 5033 1079 5109; x_wconf 80' lang='lat' dir='ltr'><strong>Evangelia</strong></span> <span class='ocrx_word' id='word_1_606' title='bbox 1109 5035 1356 5088; x_wconf 86' lang='lat' dir='ltr'><strong>Dominus</strong></span> <span class='ocrx_word' id='word_1_607' title='bbox 1391 5036 1594 5109; x_wconf 72' lang='lat' dir='ltr'><strong>exponit</strong></span> <span class='ocrx_word' id='word_1_608' title='bbox 1628 5033 1843 5109; x_wconf 67' lang='lat' dir='ltr'><strong>(Matth.</strong></span> 
     </span>
    </p>
   </div>
   <div class='ocr_carea' id='block_1_77' title="bbox 251 5105 1848 5180">
    <p class='ocr_par' dir='ltr' id='par_1_77' title="bbox 251 5105 1848 5180">
     <span class='ocr_line' id='line_1_77' title="bbox 251 5105 1848 5180; baseline -0.006 -14"><span class='ocrx_word' id='word_1_609' title='bbox 251 5113 375 5180; x_wconf 75' lang='grc' dir='ltr'>ιιι),</span> <span class='ocrx_word' id='word_1_610' title='bbox 401 5105 460 5165; x_wconf 67' lang='lat' dir='ltr'><strong>et</strong></span> <span class='ocrx_word' id='word_1_611' title='bbox 470 5112 786 5180; x_wconf 83' lang='lat' dir='ltr'><strong>superﬂuum</strong></span> <span class='ocrx_word' id='word_1_612' title='bbox 813 5121 883 5162; x_wconf 83' lang='lat' dir='ltr'><strong>est</strong></span> <span class='ocrx_word' id='word_1_613' title='bbox 911 5105 983 5162; x_wconf 77' lang='lat' dir='ltr'><strong>vét</strong></span> <span class='ocrx_word' id='word_1_614' title='bbox 1009 5109 1235 5180; x_wconf 80' lang='lat' dir='ltr'><strong>idipsnm</strong></span> <span class='ocrx_word' id='word_1_615' title='bbox 1259 5109 1333 5160; x_wconf 90' lang='lat' dir='ltr'><strong>vel</strong></span> <span class='ocrx_word' id='word_1_616' title='bbox 1355 5108 1496 5158; x_wconf 83' lang='lat' dir='ltr'><strong>aliud</strong></span> <span class='ocrx_word' id='word_1_617' title='bbox 1517 5107 1700 5180; x_wconf 48' lang='lat' dir='ltr'><strong>dicere:</strong></span> <span class='ocrx_word' id='word_1_618' title='bbox 1729 5105 1778 5158; x_wconf 85' lang='grc' dir='ltr'><em>Η</em></span> <span class='ocrx_word' id='word_1_619' title='bbox 1787 5122 1848 5180; x_wconf 80' lang='lat' dir='ltr'><strong>ac</strong></span> 
     </span>
    </p>
   </div>
   <div class='ocr_carea' id='block_1_78' title="bbox 252 5176 1847 5249">
    <p class='ocr_par' dir='ltr' id='par_1_78' title="bbox 252 5176 1847 5249">
     <span class='ocr_line' id='line_1_78' title="bbox 252 5176 1847 5249; baseline -0.005 -13"><span class='ocrx_word' id='word_1_620' title='bbox 252 5176 420 5236; x_wconf 76' lang='lat' dir='ltr'><strong>solum</strong></span> <span class='ocrx_word' id='word_1_621' title='bbox 448 5176 743 5249; x_wconf 68' lang='lat' dir='ltr'><strong>quieriinus,</strong></span> <span class='ocrx_word' id='word_1_622' title='bbox 773 5180 982 5248; x_wconf 87' lang='lat' dir='ltr'><strong>quando</strong></span> <span class='ocrx_word' id='word_1_623' title='bbox 1008 5187 1109 5232; x_wconf 86' lang='lat' dir='ltr'><strong>tres</strong></span> <span class='ocrx_word' id='word_1_624' title='bbox 1135 5178 1243 5231; x_wconf 88' lang='lat' dir='ltr'><strong>dies</strong></span> <span class='ocrx_word' id='word_1_625' title='bbox 1270 5189 1314 5231; x_wconf 85' lang='lat' dir='ltr'><strong>et</strong></span> <span class='ocrx_word' id='word_1_626' title='bbox 1347 5191 1446 5230; x_wconf 87' lang='lat' dir='ltr'><strong>tres</strong></span> <span class='ocrx_word' id='word_1_627' title='bbox 1472 5190 1642 5249; x_wconf 86' lang='lat' dir='ltr'><strong>noctes</strong></span> <span class='ocrx_word' id='word_1_628' title='bbox 1671 5176 1847 5245; x_wconf 79' lang='lat' dir='ltr'><strong>fecerit</strong></span> 
     </span>
    </p>
   </div>
   <div class='ocr_carea' id='block_1_79' title="bbox 253 5248 1850 5325">
    <p class='ocr_par' dir='ltr' id='par_1_79' title="bbox 253 5248 1850 5325">
     <span class='ocr_line' id='line_1_79' title="bbox 253 5248 1850 5325; baseline -0.004 -18"><span class='ocrx_word' id='word_1_629' title='bbox 253 5254 305 5307; x_wconf 88' lang='lat' dir='ltr'><strong>in</strong></span> <span class='ocrx_word' id='word_1_630' title='bbox 336 5248 495 5307; x_wconf 86' lang='lat' dir='ltr'><strong>corde</strong></span> <span class='ocrx_word' id='word_1_631' title='bbox 518 5253 708 5325; x_wconf 70' lang='lat' dir='ltr'><strong>terrm?</strong></span> <span class='ocrx_word' id='word_1_632' title='bbox 735 5253 1346 5325; x_wconf 69' lang='lat' dir='ltr'><strong>Quidatttrratpotczswiv,</strong></span> <span class='ocrx_word' id='word_1_633' title='bbox 1379 5248 1581 5317; x_wconf 89' lang='lat' dir='ltr'><strong>quando</strong></span> <span class='ocrx_word' id='word_1_634' title='bbox 1623 5251 1728 5300; x_wconf 89' lang='lat' dir='ltr'><strong>sole</strong></span> <span class='ocrx_word' id='word_1_635' title='bbox 1763 5251 1850 5325; x_wconf 78' lang='lat' dir='ltr'><strong>fu-</strong></span> 
     </span>
    </p>
   </div>
   <div class='ocr_carea' id='block_1_80' title="bbox 255 5319 1849 5394">
    <p class='ocr_par' dir='ltr' id='par_1_80' title="bbox 255 5319 1849 5394">
     <span class='ocr_line' id='line_1_80' title="bbox 255 5319 1849 5394; baseline -0.003 -19"><span class='ocrx_word' id='word_1_636' title='bbox 255 5327 447 5394; x_wconf 88' lang='lat' dir='ltr'><strong>giente,</strong></span> <span class='ocrx_word' id='word_1_637' title='bbox 481 5326 543 5377; x_wconf 85' lang='lat' dir='ltr'><strong>ab</strong></span> <span class='ocrx_word' id='word_1_638' title='bbox 573 5323 702 5375; x_wconf 81' lang='lat' dir='ltr'><strong>liora</strong></span> <span class='ocrx_word' id='word_1_639' title='bbox 729 5333 873 5376; x_wconf 78' lang='lat' dir='ltr'><strong>sexta</strong></span> <span class='ocrx_word' id='word_1_640' title='bbox 898 5323 965 5375; x_wconf 88' lang='lat' dir='ltr'><strong>ad</strong></span> <span class='ocrx_word' id='word_1_641' title='bbox 1006 5319 1185 5374; x_wconf 76' lang='lat' dir='ltr'><strong>horam</strong></span> <span class='ocrx_word' id='word_1_642' title='bbox 1231 5337 1416 5372; x_wconf 88' lang='lat' dir='ltr'><strong>nonam</strong></span> <span class='ocrx_word' id='word_1_643' title='bbox 1462 5335 1566 5372; x_wconf 70' lang='grc' dir='ltr'><strong>ποτε</strong></span> <span class='ocrx_word' id='word_1_644' title='bbox 1609 5319 1849 5372; x_wconf 82' lang='lat' dir='ltr'><strong>successit</strong></span> 
     </span>
    </p>
   </div>
   <div class='ocr_carea' id='block_1_81' title="bbox 257 5393 1848 5460">
    <p class='ocr_par' dir='ltr' id='par_1_81' title="bbox 257 5393 1848 5460">
     <span class='ocr_line' id='line_1_81' title="bbox 257 5393 1848 5460; baseline -0.004 -12"><span class='ocrx_word' id='word_1_645' title='bbox 257 5393 380 5460; x_wconf 83' lang='lat' dir='ltr'><strong>diei,</strong></span> <span class='ocrx_word' id='word_1_646' title='bbox 409 5397 462 5449; x_wconf 86' lang='lat' dir='ltr'><strong>in</strong></span> <span class='ocrx_word' id='word_1_647' title='bbox 493 5393 621 5448; x_wconf 86' lang='lat' dir='ltr'><strong>duos</strong></span> <span class='ocrx_word' id='word_1_648' title='bbox 643 5395 753 5447; x_wconf 86' lang='lat' dir='ltr'><strong>dies</strong></span> <span class='ocrx_word' id='word_1_649' title='bbox 778 5407 825 5447; x_wconf 87' lang='lat' dir='ltr'><strong>et</strong></span> <span class='ocrx_word' id='word_1_650' title='bbox 855 5405 1024 5446; x_wconf 88' lang='lat' dir='ltr'><strong>noctes</strong></span> <span class='ocrx_word' id='word_1_651' title='bbox 1049 5393 1305 5451; x_wconf 87' lang='lat' dir='ltr'><strong>dividunt,</strong></span> <span class='ocrx_word' id='word_1_652' title='bbox 1334 5399 1379 5443; x_wconf 90' lang='lat' dir='ltr'><strong>et</strong></span> <span class='ocrx_word' id='word_1_653' title='bbox 1404 5399 1711 5460; x_wconf 84' lang='lat' dir='ltr'><strong>opponentes</strong></span> <span class='ocrx_word' id='word_1_654' title='bbox 1733 5395 1848 5442; x_wconf 82' lang='lat' dir='ltr'><strong>sab-</strong></span> 
     </span>
    </p>
   </div>
   <div class='ocr_carea' id='block_1_82' title="bbox 259 5463 1843 5532">
    <p class='ocr_par' dir='ltr' id='par_1_82' title="bbox 259 5463 1843 5532">
     <span class='ocr_line' id='line_1_82' title="bbox 259 5463 1843 5532; baseline -0.002 -13"><span class='ocrx_word' id='word_1_655' title='bbox 259 5467 453 5527; x_wconf 81' lang='lat' dir='ltr'><strong>batum,</strong></span> <span class='ocrx_word' id='word_1_656' title='bbox 483 5475 584 5520; x_wconf 87' lang='lat' dir='ltr'><strong>tres</strong></span> <span class='ocrx_word' id='word_1_657' title='bbox 612 5466 720 5519; x_wconf 89' lang='lat' dir='ltr'><strong>dies</strong></span> <span class='ocrx_word' id='word_1_658' title='bbox 750 5473 796 5518; x_wconf 91' lang='lat' dir='ltr'><strong>et</strong></span> <span class='ocrx_word' id='word_1_659' title='bbox 835 5475 934 5518; x_wconf 88' lang='lat' dir='ltr'><strong>tres</strong></span> <span class='ocrx_word' id='word_1_660' title='bbox 972 5474 1146 5516; x_wconf 83' lang='lat' dir='ltr'><strong>noctes</strong></span> <span class='ocrx_word' id='word_1_661' title='bbox 1179 5463 1428 5515; x_wconf 71' lang='lat' dir='ltr'><strong>restituant</strong></span> <span class='ocrx_word' id='word_1_662' title='bbox 1467 5463 1843 5532; x_wconf 81' lang='lat' dir='ltr'><strong>suppatandas.</strong></span> 
     </span>
    </p>
   </div>
   <div class='ocr_carea' id='block_1_83' title="bbox 263 5532 1842 5608">
    <p class='ocr_par' dir='ltr' id='par_1_83' title="bbox 263 5532 1842 5608">
     <span class='ocr_line' id='line_1_83' title="bbox 263 5532 1842 5608; baseline -0.005 -17"><span class='ocrx_word' id='word_1_663' title='bbox 263 5535 373 5591; x_wconf 79' lang='lat' dir='ltr'><strong>Nos</strong></span> <span class='ocrx_word' id='word_1_664' title='bbox 400 5554 519 5590; x_wconf 79' lang='lat' dir='ltr'><strong>vero</strong></span> <span class='ocrx_word' id='word_1_665' title='bbox 546 5535 927 5608; x_wconf 74' lang='grc' dir='ltr'><strong>συνεκδοχικῶς</strong></span> <span class='ocrx_word' id='word_1_666' title='bbox 955 5545 1116 5588; x_wconf 89' lang='lat' dir='ltr'><strong>totum</strong></span> <span class='ocrx_word' id='word_1_667' title='bbox 1140 5532 1470 5603; x_wconf 82' lang='lat' dir='ltr'><strong>intelligimus</strong></span> <span class='ocrx_word' id='word_1_668' title='bbox 1494 5549 1524 5584; x_wconf 87' lang='lat' dir='ltr'><strong>a</strong></span> <span class='ocrx_word' id='word_1_669' title='bbox 1555 5547 1696 5608; x_wconf 71' lang='lat' dir='ltr'><strong>parte</strong></span> <span class='ocrx_word' id='word_1_670' title='bbox 1719 5549 1738 5586; x_wconf 80' lang='lat'><strong>.&#39;</strong></span> <span class='ocrx_word' id='word_1_671' title='bbox 1769 5543 1842 5600; x_wconf 90' lang='lat' dir='ltr'><strong>ut,</strong></span> 
     </span>
    </p>
   </div>
   <div class='ocr_carea' id='block_1_84' title="bbox 260 5605 1846 5686">
    <p class='ocr_par' dir='ltr' id='par_1_84' title="bbox 260 5605 1846 5686">
     <span class='ocr_line' id='line_1_84' title="bbox 260 5605 1846 5686; baseline -0.004 -23"><span class='ocrx_word' id='word_1_672' title='bbox 260 5624 321 5663; x_wconf 68' lang='lat' dir='ltr'><strong>ex</strong></span> <span class='ocrx_word' id='word_1_673' title='bbox 358 5625 417 5662; x_wconf 87' lang='lat' dir='ltr'><strong>eo</strong></span> <span class='ocrx_word' id='word_1_674' title='bbox 456 5612 593 5673; x_wconf 88' lang='lat' dir='ltr'><strong>quod</strong></span> <span class='ocrx_word' id='word_1_675' title='bbox 621 5610 669 5662; x_wconf 72' lang='grc' dir='ltr'><strong>ἐν</strong></span> <span class='ocrx_word' id='word_1_676' title='bbox 688 5605 990 5686; x_wconf 59' lang='lat' dir='ltr'><strong>repugnavit</strong></span> <span class='ocrx_word' id='word_1_677' title='bbox 1013 5619 1238 5686; x_wconf 72' lang='lat' dir='ltr'><strong>mortuus</strong></span> <span class='ocrx_word' id='word_1_678' title='bbox 1263 5616 1356 5686; x_wconf 76' lang='lat' dir='ltr'><strong>est.</strong></span> <span class='ocrx_word' id='word_1_679' title='bbox 1383 5619 1538 5656; x_wconf 87' lang='lat' dir='ltr'><strong>unam</strong></span> <span class='ocrx_word' id='word_1_680' title='bbox 1563 5605 1696 5685; x_wconf 75' lang='lat' dir='ltr'><strong>diem</strong></span> <span class='ocrx_word' id='word_1_681' title='bbox 1722 5620 1846 5675; x_wconf 85' lang='lat' dir='ltr'><strong>sitp-</strong></span> 
     </span>
    </p>
   </div>
   <div class='ocr_carea' id='block_1_85' title="bbox 263 5676 1847 5750">
    <p class='ocr_par' dir='ltr' id='par_1_85' title="bbox 263 5676 1847 5750">
     <span class='ocr_line' id='line_1_85' title="bbox 263 5676 1847 5750; baseline -0.004 -17"><span class='ocrx_word' id='word_1_682' title='bbox 263 5693 532 5750; x_wconf 76' lang='lat' dir='ltr'><strong>putentus,</strong></span> <span class='ocrx_word' id='word_1_683' title='bbox 573 5689 620 5732; x_wconf 87' lang='lat' dir='ltr'><strong>et</strong></span> <span class='ocrx_word' id='word_1_684' title='bbox 659 5676 882 5744; x_wconf 79' lang='lat' dir='ltr'><strong>nociern,</strong></span> <span class='ocrx_word' id='word_1_685' title='bbox 919 5676 975 5732; x_wconf 76' lang='grc' dir='ltr'><strong>εί</strong></span> <span class='ocrx_word' id='word_1_686' title='bbox 992 5676 1187 5730; x_wconf 88' lang='lat' dir='ltr'><strong>sabbati</strong></span> <span class='ocrx_word' id='word_1_687' title='bbox 1222 5677 1433 5750; x_wconf 82' lang='lat' dir='ltr'><strong>alterum</strong></span> <span class='ocrx_word' id='word_1_688' title='bbox 1460 5689 1477 5727; x_wconf 89' lang='lat'><strong><em>:</em></strong></span> <span class='ocrx_word' id='word_1_689' title='bbox 1506 5677 1706 5727; x_wconf 87' lang='lat' dir='ltr'><strong>tertiam</strong></span> <span class='ocrx_word' id='word_1_690' title='bbox 1731 5690 1847 5750; x_wconf 75' lang='lat' dir='ltr'><strong>vero</strong></span> 
     </span>
    </p>
   </div>
   <div class='ocr_carea' id='block_1_86' title="bbox 264 5745 1848 5822">
    <p class='ocr_par' dir='ltr' id='par_1_86' title="bbox 264 5745 1848 5822">
     <span class='ocr_line' id='line_1_86' title="bbox 264 5745 1848 5822; baseline -0.004 -19"><span class='ocrx_word' id='word_1_691' title='bbox 264 5745 476 5817; x_wconf 79' lang='lat' dir='ltr'><strong>noctem,</strong></span> <span class='ocrx_word' id='word_1_692' title='bbox 505 5766 620 5822; x_wconf 75' lang='lat' dir='ltr'><strong>qua:</strong></span> <span class='ocrx_word' id='word_1_693' title='bbox 646 5751 747 5805; x_wconf 88' lang='lat' dir='ltr'><strong>diei</strong></span> <span class='ocrx_word' id='word_1_694' title='bbox 775 5750 1044 5804; x_wconf 76' lang='lat' dir='ltr'><strong>dominica:</strong></span> <span class='ocrx_word' id='word_1_695' title='bbox 1073 5749 1396 5822; x_wconf 65' lang='lat' dir='ltr'><strong>tinnicipgtttr</strong></span> <span class='ocrx_word' id='word_1_696' title='bbox 1415 5789 1443 5822; x_wconf 27' lang='grc' dir='ltr'><strong>,Α</strong></span> <span class='ocrx_word' id='word_1_697' title='bbox 1461 5752 1742 5816; x_wconf 73' lang='lat' dir='ltr'><strong>referamus</strong></span> <span class='ocrx_word' id='word_1_698' title='bbox 1779 5745 1848 5798; x_wconf 88' lang='lat' dir='ltr'><strong>ad</strong></span> 
     </span>
    </p>
   </div>
   <div class='ocr_carea' id='block_1_87' title="bbox 266 5817 1850 5882">
    <p class='ocr_par' dir='ltr' id='par_1_87' title="bbox 266 5817 1850 5882">
     <span class='ocr_line' id='line_1_87' title="bbox 266 5817 1850 5882; baseline -0.004 -6"><span class='ocrx_word' id='word_1_699' title='bbox 266 5817 532 5876; x_wconf 65' lang='lat' dir='ltr'><strong>exordium</strong></span> <span class='ocrx_word' id='word_1_700' title='bbox 561 5823 660 5875; x_wconf 84' lang='lat' dir='ltr'><strong>diei</strong></span> <span class='ocrx_word' id='word_1_701' title='bbox 686 5822 899 5876; x_wconf 86' lang='lat' dir='ltr'><strong>alterius</strong></span> <span class='ocrx_word' id='word_1_702' title='bbox 921 5837 939 5875; x_wconf 89' lang='lat'><strong><em>:</em></strong></span> <span class='ocrx_word' id='word_1_703' title='bbox 965 5836 1082 5875; x_wconf 88' lang='lat' dir='ltr'><strong>nam</strong></span> <span class='ocrx_word' id='word_1_704' title='bbox 1107 5830 1156 5874; x_wconf 90' lang='lat' dir='ltr'><strong>et</strong></span> <span class='ocrx_word' id='word_1_705' title='bbox 1183 5820 1236 5872; x_wconf 90' lang='lat' dir='ltr'><strong>in</strong></span> <span class='ocrx_word' id='word_1_706' title='bbox 1262 5817 1443 5872; x_wconf 82' lang='lat' dir='ltr'><strong>Genesi</strong></span> <span class='ocrx_word' id='word_1_707' title='bbox 1466 5834 1568 5871; x_wconf 76' lang='lat' dir='ltr'><strong>no.1:</strong></span> <span class='ocrx_word' id='word_1_708' title='bbox 1587 5835 1688 5870; x_wconf 83' lang='lat' dir='ltr'><strong>non</strong></span> <span class='ocrx_word' id='word_1_709' title='bbox 1717 5832 1850 5882; x_wconf 80' lang='lat' dir='ltr'><strong>pra:-</strong></span> 
     </span>
    </p>
   </div>
   <div class='ocr_carea' id='block_1_88' title="bbox 266 5889 1842 5964">
    <p class='ocr_par' dir='ltr' id='par_1_88' title="bbox 266 5889 1842 5964">
     <span class='ocr_line' id='line_1_88' title="bbox 266 5889 1842 5964; baseline -0.003 -18"><span class='ocrx_word' id='word_1_710' title='bbox 266 5894 484 5948; x_wconf 82' lang='lat' dir='ltr'><strong>cedentis</strong></span> <span class='ocrx_word' id='word_1_711' title='bbox 506 5894 608 5946; x_wconf 85' lang='lat' dir='ltr'><strong>diei</strong></span> <span class='ocrx_word' id='word_1_712' title='bbox 631 5904 724 5960; x_wconf 84' lang='lat' dir='ltr'><strong>est,</strong></span> <span class='ocrx_word' id='word_1_713' title='bbox 748 5893 1122 5964; x_wconf 20' lang='lat' dir='ltr'><strong>sedisequentis,</strong></span> <span class='ocrx_word' id='word_1_714' title='bbox 1141 5891 1196 5964; x_wconf 87' lang='lat' dir='ltr'><strong>id</strong></span> <span class='ocrx_word' id='word_1_715' title='bbox 1216 5903 1310 5952; x_wconf 87' lang='lat' dir='ltr'><strong>est,</strong></span> <span class='ocrx_word' id='word_1_716' title='bbox 1332 5889 1634 5964; x_wconf 65' lang='lat' dir='ltr'><strong>principium</strong></span> <span class='ocrx_word' id='word_1_717' title='bbox 1658 5889 1842 5964; x_wconf 75' lang='lat' dir='ltr'><strong>futuri,</strong></span> 
     </span>
    </p>
   </div>
   <div class='ocr_carea' id='block_1_89' title="bbox 264 5960 1848 6034">
    <p class='ocr_par' dir='ltr' id='par_1_89' title="bbox 264 5960 1848 6034">
     <span class='ocr_line' id='line_1_89' title="bbox 264 5960 1848 6034; baseline -0.003 -15"><span class='ocrx_word' id='word_1_718' title='bbox 264 5973 363 6019; x_wconf 71' lang='lat' dir='ltr'><strong>Ion</strong></span> <span class='ocrx_word' id='word_1_719' title='bbox 379 5964 504 6034; x_wconf 74' lang='lat' dir='ltr'><strong>ﬁnis</strong></span> <span class='ocrx_word' id='word_1_720' title='bbox 519 5965 783 6032; x_wconf 65' lang='lat' dir='ltr'><strong>prwtsriti.</strong></span> <span class='ocrx_word' id='word_1_721' title='bbox 808 5960 928 6022; x_wconf 73' lang='lat' dir='ltr'><strong>Hoc</strong></span> <span class='ocrx_word' id='word_1_722' title='bbox 946 5974 1000 6020; x_wconf 88' lang='lat' dir='ltr'><strong>ut</strong></span> <span class='ocrx_word' id='word_1_723' title='bbox 1019 5962 1233 6034; x_wconf 76' lang='lat' dir='ltr'><strong>intelligi</strong></span> <span class='ocrx_word' id='word_1_724' title='bbox 1249 5961 1432 6034; x_wconf 78' lang='lat' dir='ltr'><strong>possit,</strong></span> <span class='ocrx_word' id='word_1_725' title='bbox 1459 5963 1624 6016; x_wconf 86' lang='lat' dir='ltr'><strong>dicam</strong></span> <span class='ocrx_word' id='word_1_726' title='bbox 1647 5960 1848 6030; x_wconf 85' lang='lat' dir='ltr'><strong>simpli-</strong></span> 
     </span>
    </p>
   </div>
   <div class='ocr_carea' id='block_1_90' title="bbox 1614 6106 1821 6122">
    <p class='ocr_par' dir='ltr' id='par_1_90' title="bbox 1614 6106 1821 6122">
     <span class='ocr_line' id='line_1_90' title="bbox 1614 6106 1821 6122; baseline 0.019 -4"><span class='ocrx_word' id='word_1_727' title='bbox 1614 6111 1626 6118; x_wconf 74' lang='lat'><em>.</em></span> <span class='ocrx_word' id='word_1_728' title='bbox 1645 6109 1721 6122; x_wconf 63' lang='grc' dir='ltr'><strong>ο-ι-</strong></span> <span class='ocrx_word' id='word_1_729' title='bbox 1767 6106 1772 6109; x_wconf 84' lang='grc'><strong><em>¹</em></strong></span> <span class='ocrx_word' id='word_1_730' title='bbox 1817 6110 1821 6113; x_wconf 88' lang='grc'><strong>·</strong></span> 
     </span>
    </p>
   </div>
   <div class='ocr_carea' id='block_1_91' title="bbox 1949 1971 3551 2059">
    <p class='ocr_par' dir='ltr' id='par_1_91' title="bbox 1949 1971 3551 2059">
     <span class='ocr_line' id='line_1_91' title="bbox 1949 1971 3551 2059; baseline 0.011 -34"><span class='ocrx_word' id='word_1_731' title='bbox 1949 1971 2410 2059; x_wconf 37' lang='grc' dir='ltr'><strong>τιοιιωοῃὶρηϊιειιε.</strong></span> <span class='ocrx_word' id='word_1_732' title='bbox 2436 1971 2826 2059; x_wconf 72' lang='lat' dir='ltr'><strong>disputavimus</strong></span> <span class='ocrx_word' id='word_1_733' title='bbox 2857 1971 2876 2034; x_wconf 71' lang='grc' dir='ltr'><em>Ξ</em></span> <span class='ocrx_word' id='word_1_734' title='bbox 2915 1982 2985 2059; x_wconf 73' lang='lat' dir='ltr'><strong>ad</strong></span> <span class='ocrx_word' id='word_1_735' title='bbox 3028 1983 3174 2059; x_wconf 81' lang='lat' dir='ltr'><strong>illum</strong></span> <span class='ocrx_word' id='word_1_736' title='bbox 3221 2001 3343 2059; x_wconf 88' lang='lat' dir='ltr'><strong>ergo</strong></span> <span class='ocrx_word' id='word_1_737' title='bbox 3381 1971 3551 2044; x_wconf 80' lang='lat' dir='ltr'><strong>locum</strong></span> 
     </span>
    </p>
   </div>
   <div class='ocr_carea' id='block_1_92' title="bbox 1947 2043 3549 2114">
    <p class='ocr_par' dir='ltr' id='par_1_92' title="bbox 1947 2043 3549 2114">
     <span class='ocr_line' id='line_1_92' title="bbox 1947 2043 3549 2114; baseline 0.011 -18"><span class='ocrx_word' id='word_1_738' title='bbox 1947 2043 2154 2099; x_wconf 74' lang='lat' dir='ltr'><strong>lectoris</strong></span> <span class='ocrx_word' id='word_1_739' title='bbox 2181 2043 2496 2114; x_wconf 82' lang='lat' dir='ltr'><strong>diligemiam</strong></span> <span class='ocrx_word' id='word_1_740' title='bbox 2527 2051 2829 2103; x_wconf 86' lang='lat' dir='ltr'><strong>remittimus</strong></span> <span class='ocrx_word' id='word_1_741' title='bbox 2861 2067 2880 2104; x_wconf 91' lang='lat'><strong><em>:</em></strong></span> <span class='ocrx_word' id='word_1_742' title='bbox 2906 2051 3004 2106; x_wconf 84' lang='lat' dir='ltr'><strong>lioc</strong></span> <span class='ocrx_word' id='word_1_743' title='bbox 3041 2054 3254 2110; x_wconf 87' lang='lat' dir='ltr'><strong>breviter</strong></span> <span class='ocrx_word' id='word_1_744' title='bbox 3278 2043 3428 2112; x_wconf 42' lang='lat' dir='ltr'><strong>&quot;nunc</strong></span> <span class='ocrx_word' id='word_1_745' title='bbox 3462 2043 3549 2114; x_wconf 36' lang='lat' dir='ltr'><strong>die</strong></span> 
     </span>
    </p>
   </div>
   <div class='ocr_carea' id='block_1_93' title="bbox 1945 2117 3549 2200">
    <p class='ocr_par' dir='ltr' id='par_1_93' title="bbox 1945 2117 3549 2200">
     <span class='ocr_line' id='line_1_93' title="bbox 1945 2117 3549 2200; baseline 0.011 -31"><span class='ocrx_word' id='word_1_746' title='bbox 1945 2117 2084 2170; x_wconf 73' lang='lat' dir='ltr'><strong>xisse</strong></span> <span class='ocrx_word' id='word_1_747' title='bbox 2111 2120 2354 2182; x_wconf 88' lang='lat' dir='ltr'><strong>contenti,</strong></span> <span class='ocrx_word' id='word_1_748' title='bbox 2380 2121 2517 2200; x_wconf 86' lang='lat' dir='ltr'><strong>quod</strong></span> <span class='ocrx_word' id='word_1_749' title='bbox 2547 2120 2912 2200; x_wconf 69' lang='lat' dir='ltr'><strong>synecdocliice</strong></span> <span class='ocrx_word' id='word_1_750' title='bbox 2939 2134 3099 2178; x_wconf 90' lang='lat' dir='ltr'><strong>totum</strong></span> <span class='ocrx_word' id='word_1_751' title='bbox 3135 2125 3460 2200; x_wconf 81' lang='lat' dir='ltr'><strong>intelligatur</strong></span> <span class='ocrx_word' id='word_1_752' title='bbox 3483 2147 3549 2186; x_wconf 66' lang='lat' dir='ltr'><strong>ex</strong></span> 
     </span>
    </p>
   </div>
   <div class='ocr_carea' id='block_1_94' title="bbox 1951 2192 3548 2271">
    <p class='ocr_par' dir='ltr' id='par_1_94' title="bbox 1951 2192 3548 2271">
     <span class='ocr_line' id='line_1_94' title="bbox 1951 2192 3548 2271; baseline 0.011 -32"><span class='ocrx_word' id='word_1_753' title='bbox 1951 2201 2112 2271; x_wconf 50' lang='lat' dir='ltr'><strong>parte,</strong></span> <span class='ocrx_word' id='word_1_754' title='bbox 2143 2206 2242 2242; x_wconf 88' lang='lat' dir='ltr'><strong>non</strong></span> <span class='ocrx_word' id='word_1_755' title='bbox 2273 2192 2408 2271; x_wconf 79' lang='lat' dir='ltr'><strong>quod</strong></span> <span class='ocrx_word' id='word_1_756' title='bbox 2437 2208 2609 2271; x_wconf 74' lang='lat' dir='ltr'><strong>omnes</strong></span> <span class='ocrx_word' id='word_1_757' title='bbox 2637 2200 2735 2271; x_wconf 69' lang='lat' dir='ltr'><strong>tres</strong></span> <span class='ocrx_word' id='word_1_758' title='bbox 2753 2192 2865 2271; x_wconf 75' lang='lat' dir='ltr'><strong>dies</strong></span> <span class='ocrx_word' id='word_1_759' title='bbox 2881 2203 2930 2246; x_wconf 89' lang='lat' dir='ltr'><strong>et</strong></span> <span class='ocrx_word' id='word_1_760' title='bbox 2950 2203 3050 2249; x_wconf 88' lang='lat' dir='ltr'><strong>tres</strong></span> <span class='ocrx_word' id='word_1_761' title='bbox 3074 2209 3242 2252; x_wconf 88' lang='lat' dir='ltr'><strong>noctes</strong></span> <span class='ocrx_word' id='word_1_762' title='bbox 3266 2192 3327 2252; x_wconf 70' lang='lat' dir='ltr'><strong>iri</strong></span> <span class='ocrx_word' id='word_1_763' title='bbox 3347 2199 3548 2271; x_wconf 79' lang='lat' dir='ltr'><strong>inferno</strong></span> 
     </span>
    </p>
   </div>
   <div class='ocr_carea' id='block_1_95' title="bbox 1951 2256 3546 2335">
    <p class='ocr_par' dir='ltr' id='par_1_95' title="bbox 1951 2256 3546 2335">
     <span class='ocr_line' id='line_1_95' title="bbox 1951 2256 3546 2335; baseline 0.012 -26"><span class='ocrx_word' id='word_1_764' title='bbox 1951 2256 2202 2335; x_wconf 79' lang='lat' dir='ltr'><strong>Dominus</strong></span> <span class='ocrx_word' id='word_1_765' title='bbox 2232 2256 2439 2325; x_wconf 70' lang='lat' dir='ltr'><strong>steterit,</strong></span> <span class='ocrx_word' id='word_1_766' title='bbox 2472 2264 2560 2316; x_wconf 88' lang='lat' dir='ltr'><strong>sed</strong></span> <span class='ocrx_word' id='word_1_767' title='bbox 2581 2263 2721 2335; x_wconf 76' lang='lat' dir='ltr'><strong>quod</strong></span> <span class='ocrx_word' id='word_1_768' title='bbox 2747 2263 2799 2316; x_wconf 90' lang='lat' dir='ltr'><strong>in</strong></span> <span class='ocrx_word' id='word_1_769' title='bbox 2824 2274 2970 2334; x_wconf 86' lang='lat' dir='ltr'><strong>parte</strong></span> <span class='ocrx_word' id='word_1_770' title='bbox 3002 2284 3302 2335; x_wconf 76' lang='lat' dir='ltr'><strong>parasceves</strong></span> <span class='ocrx_word' id='word_1_771' title='bbox 3320 2311 3332 2333; x_wconf 88' lang='lat'><strong>,</strong></span> <span class='ocrx_word' id='word_1_772' title='bbox 3360 2256 3412 2326; x_wconf 80' lang='lat' dir='ltr'><strong>el</strong></span> <span class='ocrx_word' id='word_1_773' title='bbox 3447 2256 3546 2327; x_wconf 73' lang='lat' dir='ltr'><strong>do-</strong></span> 
     </span>
    </p>
   </div>
   <div class='ocr_carea' id='block_1_96' title="bbox 1950 2331 3546 2398">
    <p class='ocr_par' dir='ltr' id='par_1_96' title="bbox 1950 2331 3546 2398">
     <span class='ocr_line' id='line_1_96' title="bbox 1950 2331 3546 2398; baseline 0.011 -18"><span class='ocrx_word' id='word_1_774' title='bbox 1950 2331 2163 2390; x_wconf 67' lang='lat' dir='ltr'><strong>minime.</strong></span> <span class='ocrx_word' id='word_1_775' title='bbox 2195 2342 2243 2386; x_wconf 88' lang='lat' dir='ltr'><strong>et</strong></span> <span class='ocrx_word' id='word_1_776' title='bbox 2271 2342 2374 2385; x_wconf 90' lang='lat' dir='ltr'><strong>tota</strong></span> <span class='ocrx_word' id='word_1_777' title='bbox 2401 2335 2485 2386; x_wconf 88' lang='lat' dir='ltr'><strong>die</strong></span> <span class='ocrx_word' id='word_1_778' title='bbox 2513 2331 2736 2396; x_wconf 86' lang='lat' dir='ltr'><strong>sabbati,</strong></span> <span class='ocrx_word' id='word_1_779' title='bbox 2770 2331 2870 2389; x_wconf 80' lang='lat' dir='ltr'><strong>tres</strong></span> <span class='ocrx_word' id='word_1_780' title='bbox 2899 2331 3011 2391; x_wconf 78' lang='lat' dir='ltr'><strong>dies</strong></span> <span class='ocrx_word' id='word_1_781' title='bbox 3044 2348 3090 2391; x_wconf 87' lang='lat' dir='ltr'><strong>et</strong></span> <span class='ocrx_word' id='word_1_782' title='bbox 3120 2331 3329 2394; x_wconf 86' lang='lat' dir='ltr'><strong>totidem</strong></span> <span class='ocrx_word' id='word_1_783' title='bbox 3373 2353 3546 2398; x_wconf 87' lang='lat' dir='ltr'><strong>noctes</strong></span> 
     </span>
    </p>
   </div>
   <div class='ocr_carea' id='block_1_97' title="bbox 1947 2399 3546 2475">
    <p class='ocr_par' dir='ltr' id='par_1_97' title="bbox 1947 2399 3546 2475">
     <span class='ocr_line' id='line_1_97' title="bbox 1947 2399 3546 2475; baseline 0.011 -23"><span class='ocrx_word' id='word_1_784' title='bbox 1947 2399 2316 2475; x_wconf 70' lang='lat' dir='ltr'><strong>intelligantur.</strong></span> <span class='ocrx_word' id='word_1_785' title='bbox 2345 2404 2417 2457; x_wconf 85' lang='lat' dir='ltr'><strong>lla</strong></span> <span class='ocrx_word' id='word_1_786' title='bbox 2446 2404 2818 2473; x_wconf 85' lang='lat' dir='ltr'><strong>Hieronymus.</strong></span> <span class='ocrx_word' id='word_1_787' title='bbox 2848 2408 3178 2475; x_wconf 76' lang='lat' dir='ltr'><strong>Augustinus</strong></span> <span class='ocrx_word' id='word_1_788' title='bbox 3205 2426 3332 2466; x_wconf 84' lang='lat' dir='ltr'><strong>vero</strong></span> <span class='ocrx_word' id='word_1_789' title='bbox 3355 2412 3453 2468; x_wconf 87' lang='lat' dir='ltr'><strong>lib.</strong></span> <span class='ocrx_word' id='word_1_790' title='bbox 3487 2430 3546 2470; x_wconf 90' lang='grc' dir='ltr'><strong>ιιι</strong></span> 
     </span>
    </p>
   </div>
   <div class='ocr_carea' id='block_1_98' title="bbox 1952 2469 3543 2553">
    <p class='ocr_par' dir='ltr' id='par_1_98' title="bbox 1952 2469 3543 2553">
     <span class='ocr_line' id='line_1_98' title="bbox 1952 2469 3543 2553; baseline 0.009 -29"><span class='ocrx_word' id='word_1_791' title='bbox 1952 2469 2019 2550; x_wconf 72' lang='lat' dir='ltr'><strong>de</strong></span> <span class='ocrx_word' id='word_1_792' title='bbox 2048 2469 2324 2553; x_wconf 42' lang='lat' dir='ltr'><strong>Cliti‘lﬂttsu</strong></span> <span class='ocrx_word' id='word_1_793' title='bbox 2364 2469 2824 2553; x_wconf 74' lang='lat' dir='ltr'><strong>Evangelisiarum</strong></span> <span class='ocrx_word' id='word_1_794' title='bbox 2863 2469 3012 2553; x_wconf 65' lang='lat' dir='ltr'><strong>(gap,</strong></span> <span class='ocrx_word' id='word_1_795' title='bbox 3060 2480 3250 2551; x_wconf 77' lang='lat' dir='ltr'><strong>xxiv):</strong></span> <span class='ocrx_word' id='word_1_796' title='bbox 3293 2469 3543 2553; x_wconf 77' lang='lat' dir='ltr'><strong>Usttatus,</strong></span> 
     </span>
    </p>
   </div>
   <div class='ocr_carea' id='block_1_99' title="bbox 1951 2543 3548 2621">
    <p class='ocr_par' dir='ltr' id='par_1_99' title="bbox 1951 2543 3548 2621">
     <span class='ocr_line' id='line_1_99' title="bbox 1951 2543 3548 2621; baseline 0.011 -27"><span class='ocrx_word' id='word_1_797' title='bbox 1951 2543 2144 2621; x_wconf 82' lang='lat' dir='ltr'><strong>inquit,</strong></span> <span class='ocrx_word' id='word_1_798' title='bbox 2174 2543 2423 2621; x_wconf 76' lang='lat' dir='ltr'><strong>loquendi</strong></span> <span class='ocrx_word' id='word_1_799' title='bbox 2458 2543 2638 2621; x_wconf 59' lang='lat' dir='ltr'><strong>modus</strong></span> <span class='ocrx_word' id='word_1_800' title='bbox 2664 2547 2852 2621; x_wconf 72' lang='lat' dir='ltr'><strong>divinae</strong></span> <span class='ocrx_word' id='word_1_801' title='bbox 2872 2543 3169 2616; x_wconf 76' lang='lat' dir='ltr'><strong>Scriptura!</strong></span> <span class='ocrx_word' id='word_1_802' title='bbox 3195 2543 3304 2620; x_wconf 82' lang='lat' dir='ltr'><strong>est,</strong></span> <span class='ocrx_word' id='word_1_803' title='bbox 3331 2571 3366 2608; x_wconf 82' lang='grc' dir='ltr'><em>α</em></span> <span class='ocrx_word' id='word_1_804' title='bbox 3401 2543 3548 2621; x_wconf 62' lang='lat' dir='ltr'><strong>parte</strong></span> 
     </span>
    </p>
   </div>
   <div class='ocr_carea' id='block_1_100' title="bbox 1946 2615 3546 2691">
    <p class='ocr_par' dir='ltr' id='par_1_100' title="bbox 1946 2615 3546 2691">
     <span class='ocr_line' id='line_1_100' title="bbox 1946 2615 3546 2691; baseline 0.01 -27"><span class='ocrx_word' id='word_1_805' title='bbox 1946 2619 2110 2666; x_wconf 89' lang='lat' dir='ltr'><strong>totum</strong></span> <span class='ocrx_word' id='word_1_806' title='bbox 2137 2617 2450 2683; x_wconf 74' lang='lat' dir='ltr'><strong>significare.</strong></span> <span class='ocrx_word' id='word_1_807' title='bbox 2484 2615 2622 2670; x_wconf 75' lang='lat' dir='ltr'><strong>Nam</strong></span> <span class='ocrx_word' id='word_1_808' title='bbox 2653 2628 2697 2669; x_wconf 91' lang='lat' dir='ltr'><strong>et</strong></span> <span class='ocrx_word' id='word_1_809' title='bbox 2728 2618 2897 2691; x_wconf 85' lang='lat' dir='ltr'><strong>ipsum</strong></span> <span class='ocrx_word' id='word_1_810' title='bbox 2932 2615 3158 2675; x_wconf 87' lang='lat' dir='ltr'><strong>triduum</strong></span> <span class='ocrx_word' id='word_1_811' title='bbox 3179 2663 3193 2685; x_wconf 89' lang='lat'><strong>,</strong></span> <span class='ocrx_word' id='word_1_812' title='bbox 3226 2615 3327 2691; x_wconf 77' lang='lat' dir='ltr'><strong>quo</strong></span> <span class='ocrx_word' id='word_1_813' title='bbox 3364 2615 3546 2682; x_wconf 80' lang='lat' dir='ltr'><strong>Darni-</strong></span> 
     </span>
    </p>
   </div>
   <div class='ocr_carea' id='block_1_101' title="bbox 1947 2690 3542 2765">
    <p class='ocr_par' dir='ltr' id='par_1_101' title="bbox 1947 2690 3542 2765">
     <span class='ocr_line' id='line_1_101' title="bbox 1947 2690 3542 2765; baseline 0.011 -29"><span class='ocrx_word' id='word_1_814' title='bbox 1947 2699 2044 2737; x_wconf 85' lang='lat' dir='ltr'><strong>nus</strong></span> <span class='ocrx_word' id='word_1_815' title='bbox 2075 2695 2307 2740; x_wconf 82' lang='lat' dir='ltr'><strong>mortuus</strong></span> <span class='ocrx_word' id='word_1_816' title='bbox 2334 2698 2425 2750; x_wconf 75' lang='lat' dir='ltr'><strong>est,</strong></span> <span class='ocrx_word' id='word_1_817' title='bbox 2459 2690 2833 2765; x_wconf 64' lang='lat' dir='ltr'><strong>etresurretcit,</strong></span> <span class='ocrx_word' id='word_1_818' title='bbox 2864 2692 2967 2765; x_wconf 85' lang='lat' dir='ltr'><strong>nisi</strong></span> <span class='ocrx_word' id='word_1_819' title='bbox 2983 2690 3344 2765; x_wconf 73' lang='lat' dir='ltr'><strong>istaloquentli</strong></span> <span class='ocrx_word' id='word_1_820' title='bbox 3371 2698 3542 2765; x_wconf 83' lang='lat' dir='ltr'><strong>modo,</strong></span> 
     </span>
    </p>
   </div>
   <div class='ocr_carea' id='block_1_102' title="bbox 1947 2758 3541 2878">
    <p class='ocr_par' dir='ltr' id='par_1_102' title="bbox 1947 2758 3541 2878">
     <span class='ocr_line' id='line_1_102' title="bbox 1947 2758 3541 2878; baseline 0.011 -73"><span class='ocrx_word' id='word_1_821' title='bbox 1947 2771 2047 2878; x_wconf 49' lang='lat' dir='ltr'><strong>gina</strong></span> <span class='ocrx_word' id='word_1_822' title='bbox 2069 2774 2100 2809; x_wconf 90' lang='lat' dir='ltr'><strong>a</strong></span> <span class='ocrx_word' id='word_1_823' title='bbox 2130 2769 2273 2824; x_wconf 89' lang='lat' dir='ltr'><strong>parte</strong></span> <span class='ocrx_word' id='word_1_824' title='bbox 2299 2769 2457 2811; x_wconf 88' lang='lat' dir='ltr'><strong>totum</strong></span> <span class='ocrx_word' id='word_1_825' title='bbox 2484 2759 2586 2812; x_wconf 88' lang='lat' dir='ltr'><strong>dici</strong></span> <span class='ocrx_word' id='word_1_826' title='bbox 2614 2758 2764 2824; x_wconf 70' lang='lat' dir='ltr'><strong>solet,</strong></span> <span class='ocrx_word' id='word_1_827' title='bbox 2790 2773 2924 2815; x_wconf 88' lang='lat' dir='ltr'><strong>recte</strong></span> <span class='ocrx_word' id='word_1_828' title='bbox 2950 2758 3175 2834; x_wconf 84' lang='lat' dir='ltr'><strong>intelligi</strong></span> <span class='ocrx_word' id='word_1_829' title='bbox 3208 2782 3309 2818; x_wconf 88' lang='lat' dir='ltr'><strong>non</strong></span> <span class='ocrx_word' id='word_1_830' title='bbox 3353 2758 3541 2838; x_wconf 57' lang='lat' dir='ltr'><strong>potest:</strong></span> 
     </span>
     <span class='ocr_line' id='line_1_103' title="bbox 2008 2831 3541 2878; baseline 0 0"><span class='ocrx_word' id='word_1_831' title='bbox 2008 2843 2089 2878; x_wconf 87' lang='lat' dir='ltr'><strong>tm:</strong></span> <span class='ocrx_word' id='word_1_832' title='bbox 2131 2844 2318 2878; x_wconf 87' lang='lat' dir='ltr'><strong>maantt</strong></span> <span class='ocrx_word' id='word_1_833' title='bbox 2348 2831 2582 2878; x_wconf 83' lang='lat' dir='ltr'><strong>redditur</strong></span> <span class='ocrx_word' id='word_1_834' title='bbox 2623 2831 2758 2878; x_wconf 86' lang='lat' dir='ltr'><strong>ratio</strong></span> <span class='ocrx_word' id='word_1_835' title='bbox 2787 2831 2924 2878; x_wconf 75' lang='lat' dir='ltr'><strong>verbi</strong></span> <span class='ocrx_word' id='word_1_836' title='bbox 2957 2831 3184 2878; x_wconf 79' lang='lat' dir='ltr'><strong>Domini-</strong></span> <span class='ocrx_word' id='word_1_837' title='bbox 3225 2834 3333 2878; x_wconf 73' lang='lat' dir='ltr'><strong>Im;</strong></span> <span class='ocrx_word' id='word_1_838' title='bbox 3360 2839 3541 2878; x_wconf 72' lang='grc' dir='ltr'><strong>ηηῑηηι</strong></span> 
     </span>
    </p>
   </div>
   <div class='ocr_carea' id='block_1_103' title="bbox 2008 2829 3546 2910">
    <p class='ocr_par' dir='ltr' id='par_1_103' title="bbox 2008 2829 3546 2910">
     <span class='ocr_line' id='line_1_104' title="bbox 2008 2829 3546 2910; baseline 0.01 -32"><span class='ocrx_word' id='word_1_839' title='bbox 2008 2829 2318 2910; x_wconf 57' lang='lat' dir='ltr'><strong>ins-&quot;magna</strong></span> <span class='ocrx_word' id='word_1_840' title='bbox 2333 2831 2604 2910; x_wconf 42' lang='lat' dir='ltr'><strong>redditur.</strong></span> <span class='ocrx_word' id='word_1_841' title='bbox 2623 2831 2758 2883; x_wconf 86' lang='lat' dir='ltr'><strong>ratio</strong></span> <span class='ocrx_word' id='word_1_842' title='bbox 2787 2831 2924 2884; x_wconf 82' lang='lat' dir='ltr'><strong>verbi</strong></span> <span class='ocrx_word' id='word_1_843' title='bbox 2956 2829 3185 2910; x_wconf 75' lang='lat' dir='ltr'><strong>Domini.</strong></span> <span class='ocrx_word' id='word_1_844' title='bbox 3206 2834 3333 2910; x_wconf 80' lang='lat' dir='ltr'><strong>psi</strong></span> <span class='ocrx_word' id='word_1_845' title='bbox 3353 2829 3546 2910; x_wconf 73' lang='lat' dir='ltr'><strong>quippe</strong></span> 
     </span>
    </p>
   </div>
   <div class='ocr_carea' id='block_1_104' title="bbox 1945 2898 3546 2969">
    <p class='ocr_par' dir='ltr' id='par_1_104' title="bbox 1945 2898 3546 2969">
     <span class='ocr_line' id='line_1_105' title="bbox 1945 2898 3546 2969; baseline 0.011 -22"><span class='ocrx_word' id='word_1_846' title='bbox 1945 2898 2018 2969; x_wconf 85' lang='lat' dir='ltr'><strong>ait</strong></span> <span class='ocrx_word' id='word_1_847' title='bbox 2042 2913 2060 2950; x_wconf 91' lang='lat'><strong><em>:</em></strong></span> <span class='ocrx_word' id='word_1_848' title='bbox 2088 2898 2233 2951; x_wconf 84' lang='lat' dir='ltr'><strong>Sicut</strong></span> <span class='ocrx_word' id='word_1_849' title='bbox 2265 2902 2363 2969; x_wconf 74' lang='lat' dir='ltr'><strong>fuit</strong></span> <span class='ocrx_word' id='word_1_850' title='bbox 2391 2898 2557 2953; x_wconf 79' lang='lat' dir='ltr'><strong>Jonas</strong></span> <span class='ocrx_word' id='word_1_851' title='bbox 2579 2901 2640 2969; x_wconf 72' lang='lat' dir='ltr'><strong>in</strong></span> <span class='ocrx_word' id='word_1_852' title='bbox 2673 2910 2843 2955; x_wconf 76' lang='lat' dir='ltr'><strong>ventre</strong></span> <span class='ocrx_word' id='word_1_853' title='bbox 2871 2904 2967 2957; x_wconf 87' lang='lat' dir='ltr'><strong>ceti</strong></span> <span class='ocrx_word' id='word_1_854' title='bbox 2995 2906 3153 2960; x_wconf 87' lang='lat' dir='ltr'><strong>tribus</strong></span> <span class='ocrx_word' id='word_1_855' title='bbox 3181 2898 3428 2963; x_wconf 51' lang='lat' dir='ltr'><strong>diebus&#39;et</strong></span> <span class='ocrx_word' id='word_1_856' title='bbox 3449 2898 3546 2963; x_wconf 68' lang='lat' dir='ltr'><strong>iri-</strong></span> 
     </span>
    </p>
   </div>
   <div class='ocr_carea' id='block_1_105' title="bbox 1947 2968 3543 3036">
    <p class='ocr_par' dir='ltr' id='par_1_105' title="bbox 1947 2968 3543 3036">
     <span class='ocr_line' id='line_1_106' title="bbox 1947 2968 3543 3036; baseline 0.008 -15"><span class='ocrx_word' id='word_1_857' title='bbox 1947 2968 2037 3022; x_wconf 90' lang='lat' dir='ltr'><strong>bus</strong></span> <span class='ocrx_word' id='word_1_858' title='bbox 2068 2969 2320 3036; x_wconf 67' lang='lat' dir='ltr'><strong>noctibus,</strong></span> <span class='ocrx_word' id='word_1_859' title='bbox 2345 2972 2417 3023; x_wconf 85' lang='lat' dir='ltr'><strong>sic</strong></span> <span class='ocrx_word' id='word_1_860' title='bbox 2447 2974 2540 3024; x_wconf 86' lang='lat' dir='ltr'><strong>erit</strong></span> <span class='ocrx_word' id='word_1_861' title='bbox 2568 2968 2736 3024; x_wconf 82' lang='lat' dir='ltr'><strong>Filius</strong></span> <span class='ocrx_word' id='word_1_862' title='bbox 2762 2971 2983 3027; x_wconf 83' lang='lat' dir='ltr'><strong>hominis</strong></span> <span class='ocrx_word' id='word_1_863' title='bbox 3011 2979 3062 3028; x_wconf 90' lang='lat' dir='ltr'><strong>in</strong></span> <span class='ocrx_word' id='word_1_864' title='bbox 3091 2977 3246 3030; x_wconf 86' lang='lat' dir='ltr'><strong>corde</strong></span> <span class='ocrx_word' id='word_1_865' title='bbox 3272 2989 3421 3032; x_wconf 78' lang='lat' dir='ltr'><strong>terra:</strong></span> <span class='ocrx_word' id='word_1_866' title='bbox 3450 2983 3543 3033; x_wconf 82' lang='lat' dir='ltr'><strong>tri-</strong></span> 
     </span>
    </p>
   </div>
   <div class='ocr_carea' id='block_1_106' title="bbox 1947 3037 3542 3111">
    <p class='ocr_par' dir='ltr' id='par_1_106' title="bbox 1947 3037 3542 3111">
     <span class='ocr_line' id='line_1_107' title="bbox 1947 3037 3542 3111; baseline 0.008 -19"><span class='ocrx_word' id='word_1_867' title='bbox 1947 3037 2038 3092; x_wconf 82' lang='lat' dir='ltr'><strong>bus</strong></span> <span class='ocrx_word' id='word_1_868' title='bbox 2061 3040 2245 3111; x_wconf 79' lang='lat' dir='ltr'><strong>diebus</strong></span> <span class='ocrx_word' id='word_1_869' title='bbox 2273 3055 2316 3094; x_wconf 88' lang='lat' dir='ltr'><strong>et</strong></span> <span class='ocrx_word' id='word_1_870' title='bbox 2367 3042 2527 3095; x_wconf 89' lang='lat' dir='ltr'><strong>tribus</strong></span> <span class='ocrx_word' id='word_1_871' title='bbox 2571 3043 2822 3096; x_wconf 86' lang='lat' dir='ltr'><strong>noctibus.</strong></span> <span class='ocrx_word' id='word_1_872' title='bbox 2879 3045 3100 3111; x_wconf 82' lang='lat' dir='ltr'><strong>Quidam</strong></span> <span class='ocrx_word' id='word_1_873' title='bbox 3149 3056 3354 3111; x_wconf 87' lang='lat' dir='ltr'><strong>autem,</strong></span> <span class='ocrx_word' id='word_1_874' title='bbox 3405 3049 3542 3106; x_wconf 84' lang='lat' dir='ltr'><strong>hunc</strong></span> 
     </span>
    </p>
   </div>
   <div class='ocr_carea' id='block_1_107' title="bbox 1947 3109 3540 3182">
    <p class='ocr_par' dir='ltr' id='par_1_107' title="bbox 1947 3109 3540 3182">
     <span class='ocr_line' id='line_1_108' title="bbox 1947 3109 3540 3182; baseline 0.009 -21"><span class='ocrx_word' id='word_1_875' title='bbox 1947 3109 2156 3163; x_wconf 88' lang='lat' dir='ltr'><strong>modum</strong></span> <span class='ocrx_word' id='word_1_876' title='bbox 2188 3114 2456 3166; x_wconf 86' lang='lat' dir='ltr'><strong>locutionis</strong></span> <span class='ocrx_word' id='word_1_877' title='bbox 2489 3113 2773 3182; x_wconf 74' lang='lat' dir='ltr'><strong>Scriptura:</strong></span> <span class='ocrx_word' id='word_1_878' title='bbox 2797 3109 3096 3179; x_wconf 80' lang='lat' dir='ltr'><strong>nescientes.</strong></span> <span class='ocrx_word' id='word_1_879' title='bbox 3129 3109 3540 3176; x_wconf 30' lang='lat' dir='ltr'><strong>noctem—volue-</strong></span> 
     </span>
    </p>
   </div>
   <div class='ocr_carea' id='block_1_108' title="bbox 1947 3184 3545 3255">
    <p class='ocr_par' dir='ltr' id='par_1_108' title="bbox 1947 3184 3545 3255">
     <span class='ocr_line' id='line_1_109' title="bbox 1947 3184 3545 3255; baseline 0.009 -23"><span class='ocrx_word' id='word_1_880' title='bbox 1947 3195 2064 3234; x_wconf 89' lang='lat' dir='ltr'><strong>runt</strong></span> <span class='ocrx_word' id='word_1_881' title='bbox 2094 3200 2431 3238; x_wconf 59' lang='lat' dir='ltr'><strong>annumcrare</strong></span> <span class='ocrx_word' id='word_1_882' title='bbox 2460 3194 2557 3236; x_wconf 79' lang='lat' dir='ltr'><strong>tres</strong></span> <span class='ocrx_word' id='word_1_883' title='bbox 2583 3184 2702 3238; x_wconf 83' lang='lat' dir='ltr'><strong>illas</strong></span> <span class='ocrx_word' id='word_1_884' title='bbox 2732 3185 2884 3240; x_wconf 79' lang='lat' dir='ltr'><strong>horas</strong></span> <span class='ocrx_word' id='word_1_885' title='bbox 2911 3204 2942 3238; x_wconf 88' lang='lat' dir='ltr'><strong>a</strong></span> <span class='ocrx_word' id='word_1_886' title='bbox 2969 3197 3112 3241; x_wconf 76' lang='lat' dir='ltr'><strong>sexta</strong></span> <span class='ocrx_word' id='word_1_887' title='bbox 3142 3205 3299 3255; x_wconf 87' lang='lat' dir='ltr'><strong>usque</strong></span> <span class='ocrx_word' id='word_1_888' title='bbox 3339 3191 3409 3244; x_wconf 88' lang='lat' dir='ltr'><strong>ad</strong></span> <span class='ocrx_word' id='word_1_889' title='bbox 3452 3209 3545 3247; x_wconf 88' lang='lat' dir='ltr'><strong>no-</strong></span> 
     </span>
    </p>
   </div>
   <div class='ocr_carea' id='block_1_109' title="bbox 1946 3255 3537 3330">
    <p class='ocr_par' dir='ltr' id='par_1_109' title="bbox 1946 3255 3537 3330">
     <span class='ocr_line' id='line_1_110' title="bbox 1946 3255 3537 3330; baseline 0.008 -26"><span class='ocrx_word' id='word_1_890' title='bbox 1946 3268 2086 3330; x_wconf 81' lang='lat' dir='ltr'><strong>nam,</strong></span> <span class='ocrx_word' id='word_1_891' title='bbox 2111 3255 2292 3330; x_wconf 84' lang='lat' dir='ltr'><strong>quibus</strong></span> <span class='ocrx_word' id='word_1_892' title='bbox 2314 3255 2393 3307; x_wconf 80' lang='lat' dir='ltr'><strong>sol</strong></span> <span class='ocrx_word' id='word_1_893' title='bbox 2412 3256 2713 3330; x_wconf 72' lang='lat' dir='ltr'><strong>obscuratus</strong></span> <span class='ocrx_word' id='word_1_894' title='bbox 2734 3265 2827 3330; x_wconf 68' lang='lat' dir='ltr'><strong>est,</strong></span> <span class='ocrx_word' id='word_1_895' title='bbox 2859 3267 2910 3330; x_wconf 80' lang='lat' dir='ltr'><strong>et</strong></span> <span class='ocrx_word' id='word_1_896' title='bbox 2925 3258 3063 3312; x_wconf 88' lang='lat' dir='ltr'><strong>diem</strong></span> <span class='ocrx_word' id='word_1_897' title='bbox 3084 3271 3182 3314; x_wconf 88' lang='lat' dir='ltr'><strong>tres</strong></span> <span class='ocrx_word' id='word_1_898' title='bbox 3207 3259 3360 3315; x_wconf 84' lang='lat' dir='ltr'><strong>haras</strong></span> <span class='ocrx_word' id='word_1_899' title='bbox 3382 3261 3537 3330; x_wconf 84' lang='lat' dir='ltr'><strong>alias,</strong></span> 
     </span>
    </p>
   </div>
   <div class='ocr_carea' id='block_1_110' title="bbox 1940 3325 3544 3403">
    <p class='ocr_par' dir='ltr' id='par_1_110' title="bbox 1940 3325 3544 3403">
     <span class='ocr_line' id='line_1_111' title="bbox 1940 3325 3544 3403; baseline 0.009 -31"><span class='ocrx_word' id='word_1_900' title='bbox 1940 3325 2120 3403; x_wconf 73' lang='lat' dir='ltr'><strong>quibus</strong></span> <span class='ocrx_word' id='word_1_901' title='bbox 2151 3328 2336 3379; x_wconf 85' lang='lat' dir='ltr'><strong>iterum</strong></span> <span class='ocrx_word' id='word_1_902' title='bbox 2354 3327 2508 3403; x_wconf 63' lang='lat' dir='ltr'><strong>terris</strong></span> <span class='ocrx_word' id='word_1_903' title='bbox 2532 3335 2604 3380; x_wconf 85' lang='lat' dir='ltr'><strong>est</strong></span> <span class='ocrx_word' id='word_1_904' title='bbox 2626 3328 2870 3403; x_wconf 81' lang='lat' dir='ltr'><strong>redditus.</strong></span> <span class='ocrx_word' id='word_1_905' title='bbox 2896 3329 2949 3403; x_wconf 74' lang='lat' dir='ltr'><strong>id</strong></span> <span class='ocrx_word' id='word_1_906' title='bbox 2969 3341 3062 3403; x_wconf 76' lang='lat' dir='ltr'><strong>est,</strong></span> <span class='ocrx_word' id='word_1_907' title='bbox 3086 3346 3272 3403; x_wconf 80' lang='lat' dir='ltr'><strong>auena</strong></span> <span class='ocrx_word' id='word_1_908' title='bbox 3294 3348 3451 3403; x_wconf 86' lang='lat' dir='ltr'><strong>usque</strong></span> <span class='ocrx_word' id='word_1_909' title='bbox 3473 3325 3544 3387; x_wconf 83' lang='lat' dir='ltr'><strong>ad</strong></span> 
     </span>
    </p>
   </div>
   <div class='ocr_carea' id='block_1_111' title="bbox 1941 3396 3542 3470">
    <p class='ocr_par' dir='ltr' id='par_1_111' title="bbox 1941 3396 3542 3470">
     <span class='ocr_line' id='line_1_112' title="bbox 1941 3396 3542 3470; baseline 0.007 -23"><span class='ocrx_word' id='word_1_910' title='bbox 1941 3397 2050 3466; x_wconf 83' lang='lat' dir='ltr'><strong>ejus</strong></span> <span class='ocrx_word' id='word_1_911' title='bbox 2067 3411 2320 3470; x_wconf 73' lang='lat' dir='ltr'><strong>occasum.</strong></span> <span class='ocrx_word' id='word_1_912' title='bbox 2345 3396 2586 3466; x_wconf 64' lang='lat' dir='ltr'><strong>Sequitur</strong></span> <span class='ocrx_word' id='word_1_913' title='bbox 2608 3399 2738 3451; x_wconf 87' lang='lat' dir='ltr'><strong>enim</strong></span> <span class='ocrx_word' id='word_1_914' title='bbox 2761 3415 2864 3453; x_wconf 73' lang='lat' dir='ltr'><strong>nox</strong></span> <span class='ocrx_word' id='word_1_915' title='bbox 2883 3398 3045 3468; x_wconf 77' lang='lat' dir='ltr'><strong>futuri</strong></span> <span class='ocrx_word' id='word_1_916' title='bbox 3061 3401 3219 3456; x_wconf 87' lang='lat' dir='ltr'><strong>subba</strong></span> <span class='ocrx_word' id='word_1_917' title='bbox 3241 3403 3279 3467; x_wconf 89' lang='lat' dir='ltr'><strong>i,</strong></span> <span class='ocrx_word' id='word_1_918' title='bbox 3306 3396 3406 3470; x_wconf 71' lang='lat' dir='ltr'><strong>qua</strong></span> <span class='ocrx_word' id='word_1_919' title='bbox 3425 3421 3542 3458; x_wconf 90' lang='lat' dir='ltr'><strong>cum</strong></span> 
     </span>
    </p>
   </div>
   <div class='ocr_carea' id='block_1_112' title="bbox 1939 3466 3541 3541">
    <p class='ocr_par' dir='ltr' id='par_1_112' title="bbox 1939 3466 3541 3541">
     <span class='ocr_line' id='line_1_113' title="bbox 1939 3466 3541 3541; baseline 0.009 -23"><span class='ocrx_word' id='word_1_920' title='bbox 1939 3481 2036 3541; x_wconf 58' lang='lat' dir='ltr'><strong>suo</strong></span> <span class='ocrx_word' id='word_1_921' title='bbox 2067 3466 2150 3520; x_wconf 88' lang='lat' dir='ltr'><strong>die</strong></span> <span class='ocrx_word' id='word_1_922' title='bbox 2178 3479 2486 3539; x_wconf 74' lang='lat' dir='ltr'><strong>computata,</strong></span> <span class='ocrx_word' id='word_1_923' title='bbox 2519 3481 2664 3541; x_wconf 85' lang='lat' dir='ltr'><strong>erant</strong></span> <span class='ocrx_word' id='word_1_924' title='bbox 2686 3472 2801 3541; x_wconf 87' lang='lat' dir='ltr'><strong>jam</strong></span> <span class='ocrx_word' id='word_1_925' title='bbox 2830 3466 2948 3525; x_wconf 77' lang='lat' dir='ltr'><strong>dua:</strong></span> <span class='ocrx_word' id='word_1_926' title='bbox 2971 3481 3143 3526; x_wconf 87' lang='lat' dir='ltr'><strong>noctes</strong></span> <span class='ocrx_word' id='word_1_927' title='bbox 3173 3482 3219 3524; x_wconf 83' lang='lat' dir='ltr'><strong>et</strong></span> <span class='ocrx_word' id='word_1_928' title='bbox 3261 3466 3364 3528; x_wconf 79' lang='lat' dir='ltr'><strong>duo</strong></span> <span class='ocrx_word' id='word_1_929' title='bbox 3407 3476 3541 3532; x_wconf 85' lang='lat' dir='ltr'><strong>dies.</strong></span> 
     </span>
    </p>
   </div>
   <div class='ocr_carea' id='block_1_113' title="bbox 1944 3534 3532 3613">
    <p class='ocr_par' dir='ltr' id='par_1_113' title="bbox 1944 3534 3532 3613">
     <span class='ocr_line' id='line_1_114' title="bbox 1944 3534 3532 3613; baseline 0.007 -24"><span class='ocrx_word' id='word_1_930' title='bbox 1944 3534 2312 3613; x_wconf 70' lang='lat' dir='ltr'><strong>Porroautem</strong></span> <span class='ocrx_word' id='word_1_931' title='bbox 2338 3548 2452 3613; x_wconf 84' lang='lat' dir='ltr'><strong>post</strong></span> <span class='ocrx_word' id='word_1_932' title='bbox 2482 3534 2782 3613; x_wconf 72' lang='lat' dir='ltr'><strong>sabbatum,</strong></span> <span class='ocrx_word' id='word_1_933' title='bbox 2805 3543 3033 3613; x_wconf 89' lang='lat' dir='ltr'><strong>sequitur</strong></span> <span class='ocrx_word' id='word_1_934' title='bbox 3062 3559 3171 3596; x_wconf 76' lang='lat' dir='ltr'><strong>nox</strong></span> <span class='ocrx_word' id='word_1_935' title='bbox 3199 3545 3383 3613; x_wconf 67' lang='lat' dir='ltr'><strong>primm</strong></span> <span class='ocrx_word' id='word_1_936' title='bbox 3412 3546 3532 3600; x_wconf 53' lang='lat' dir='ltr'><strong>sub.</strong></span> 
     </span>
    </p>
   </div>
   <div class='ocr_carea' id='block_1_114' title="bbox 1944 3609 3543 3686">
    <p class='ocr_par' dir='ltr' id='par_1_114' title="bbox 1944 3609 3543 3686">
     <span class='ocr_line' id='line_1_115' title="bbox 1944 3609 3543 3686; baseline 0.008 -26"><span class='ocrx_word' id='word_1_937' title='bbox 1944 3609 2168 3686; x_wconf 38' lang='lat' dir='ltr'><strong>bnati,_id</strong></span> <span class='ocrx_word' id='word_1_938' title='bbox 2197 3619 2290 3669; x_wconf 72' lang='lat' dir='ltr'><strong>est,</strong></span> <span class='ocrx_word' id='word_1_939' title='bbox 2331 3611 2670 3686; x_wconf 66' lang='lat' dir='ltr'><strong>illucescentis</strong></span> <span class='ocrx_word' id='word_1_940' title='bbox 2710 3609 2812 3664; x_wconf 88' lang='lat' dir='ltr'><strong>diei</strong></span> <span class='ocrx_word' id='word_1_941' title='bbox 2851 3613 3144 3686; x_wconf 70' lang='lat' dir='ltr'><strong>dominicw,</strong></span> <span class='ocrx_word' id='word_1_942' title='bbox 3187 3609 3370 3686; x_wconf 84' lang='lat' dir='ltr'><strong>inqua</strong></span> <span class='ocrx_word' id='word_1_943' title='bbox 3420 3627 3543 3672; x_wconf 85' lang='lat' dir='ltr'><strong>tunc</strong></span> 
     </span>
    </p>
   </div>
   <div class='ocr_carea' id='block_1_115' title="bbox 1945 3678 3543 3754">
    <p class='ocr_par' dir='ltr' id='par_1_115' title="bbox 1945 3678 3543 3754">
     <span class='ocr_line' id='line_1_116' title="bbox 1945 3678 3543 3754; baseline 0.006 -21"><span class='ocrx_word' id='word_1_944' title='bbox 1945 3678 2201 3754; x_wconf 84' lang='lat' dir='ltr'><strong>Dominus</strong></span> <span class='ocrx_word' id='word_1_945' title='bbox 2244 3682 2546 3735; x_wconf 72' lang='lat' dir='ltr'><strong>resurrexit.</strong></span> <span class='ocrx_word' id='word_1_946' title='bbox 2573 3679 2745 3734; x_wconf 87' lang='lat' dir='ltr'><strong>Erunt</strong></span> <span class='ocrx_word' id='word_1_947' title='bbox 2783 3699 2906 3754; x_wconf 87' lang='lat' dir='ltr'><strong>ergo</strong></span> <span class='ocrx_word' id='word_1_948' title='bbox 2947 3683 3065 3738; x_wconf 78' lang='lat' dir='ltr'><strong>dua:</strong></span> <span class='ocrx_word' id='word_1_949' title='bbox 3107 3678 3302 3753; x_wconf 69' lang='lat' dir='ltr'><strong>noctes,</strong></span> <span class='ocrx_word' id='word_1_950' title='bbox 3347 3695 3394 3740; x_wconf 87' lang='lat' dir='ltr'><strong>et</strong></span> <span class='ocrx_word' id='word_1_951' title='bbox 3440 3690 3543 3743; x_wconf 87' lang='lat' dir='ltr'><strong>duo</strong></span> 
     </span>
    </p>
   </div>
   <div class='ocr_carea' id='block_1_116' title="bbox 1946 3751 3542 3828">
    <p class='ocr_par' dir='ltr' id='par_1_116' title="bbox 1946 3751 3542 3828">
     <span class='ocr_line' id='line_1_117' title="bbox 1946 3751 3542 3828; baseline 0.008 -26"><span class='ocrx_word' id='word_1_952' title='bbox 1946 3751 2086 3828; x_wconf 73' lang='lat' dir='ltr'><strong>dies,</strong></span> <span class='ocrx_word' id='word_1_953' title='bbox 2119 3761 2165 3804; x_wconf 82' lang='lat' dir='ltr'><strong>et</strong></span> <span class='ocrx_word' id='word_1_954' title='bbox 2197 3769 2298 3804; x_wconf 86' lang='lat' dir='ltr'><strong>una</strong></span> <span class='ocrx_word' id='word_1_955' title='bbox 2326 3769 2457 3828; x_wconf 71' lang='lat' dir='ltr'><strong>nox,</strong></span> <span class='ocrx_word' id='word_1_956' title='bbox 2477 3753 2695 3828; x_wconf 60' lang='lat' dir='ltr'><strong>etiamsi</strong></span> <span class='ocrx_word' id='word_1_957' title='bbox 2715 3762 2820 3828; x_wconf 77' lang='lat' dir='ltr'><strong>tota</strong></span> <span class='ocrx_word' id='word_1_958' title='bbox 2841 3751 3018 3824; x_wconf 75' lang='lat' dir='ltr'><strong>posset</strong></span> <span class='ocrx_word' id='word_1_959' title='bbox 3045 3751 3302 3828; x_wconf 81' lang='lat' dir='ltr'><strong>intelligi,</strong></span> <span class='ocrx_word' id='word_1_960' title='bbox 3336 3774 3427 3813; x_wconf 85' lang='lat' dir='ltr'><strong>nec</strong></span> <span class='ocrx_word' id='word_1_961' title='bbox 3457 3776 3542 3814; x_wconf 88' lang='lat' dir='ltr'><strong>os-</strong></span> 
     </span>
    </p>
   </div>
   <div class='ocr_carea' id='block_1_117' title="bbox 1947 3823 3538 3897">
    <p class='ocr_par' dir='ltr' id='par_1_117' title="bbox 1947 3823 3538 3897">
     <span class='ocr_line' id='line_1_118' title="bbox 1947 3823 3538 3897; baseline 0.008 -24"><span class='ocrx_word' id='word_1_962' title='bbox 1947 3824 2290 3897; x_wconf 62' lang='lat' dir='ltr'><strong>tenderemus,</strong></span> <span class='ocrx_word' id='word_1_963' title='bbox 2313 3824 2448 3890; x_wconf 82' lang='lat' dir='ltr'><strong>quod</strong></span> <span class='ocrx_word' id='word_1_964' title='bbox 2471 3823 2604 3877; x_wconf 88' lang='lat' dir='ltr'><strong>illud</strong></span> <span class='ocrx_word' id='word_1_965' title='bbox 2619 3824 2909 3897; x_wconf 85' lang='lat' dir='ltr'><strong>diluculum</strong></span> <span class='ocrx_word' id='word_1_966' title='bbox 2934 3842 3052 3893; x_wconf 83' lang='lat' dir='ltr'><strong>pars</strong></span> <span class='ocrx_word' id='word_1_967' title='bbox 3073 3828 3185 3897; x_wconf 81' lang='lat' dir='ltr'><strong>ejus</strong></span> <span class='ocrx_word' id='word_1_968' title='bbox 3207 3823 3432 3883; x_wconf 68' lang='lat' dir='ltr'><strong>Extrema</strong></span> <span class='ocrx_word' id='word_1_969' title='bbox 3452 3831 3538 3885; x_wconf 88' lang='lat' dir='ltr'><strong>sit.</strong></span> 
     </span>
    </p>
   </div>
   <div class='ocr_carea' id='block_1_118' title="bbox 1951 3891 3540 3965">
    <p class='ocr_par' dir='ltr' id='par_1_118' title="bbox 1951 3891 3540 3965">
     <span class='ocr_line' id='line_1_119' title="bbox 1951 3891 3540 3965; baseline 0.009 -23"><span class='ocrx_word' id='word_1_970' title='bbox 1951 3891 2277 3965; x_wconf 80' lang='lat' dir='ltr'><strong>Quapropter</strong></span> <span class='ocrx_word' id='word_1_971' title='bbox 2323 3910 2413 3947; x_wconf 85' lang='lat' dir='ltr'><strong>nec</strong></span> <span class='ocrx_word' id='word_1_972' title='bbox 2451 3897 2799 3948; x_wconf 87' lang='lat' dir='ltr'><strong>annumeratis</strong></span> <span class='ocrx_word' id='word_1_973' title='bbox 2838 3891 2942 3949; x_wconf 85' lang='lat' dir='ltr'><strong>illis</strong></span> <span class='ocrx_word' id='word_1_974' title='bbox 2979 3913 3070 3952; x_wconf 80' lang='lat' dir='ltr'><strong>sea:</strong></span> <span class='ocrx_word' id='word_1_975' title='bbox 3094 3891 3275 3964; x_wconf 58' lang='lat' dir='ltr'><strong>&#39;Itoris,</strong></span> <span class='ocrx_word' id='word_1_976' title='bbox 3316 3916 3540 3965; x_wconf 88' lang='lat' dir='ltr'><strong>quarum</strong></span> 
     </span>
    </p>
   </div>
   <div class='ocr_carea' id='block_1_119' title="bbox 1946 3964 3542 4037">
    <p class='ocr_par' dir='ltr' id='par_1_119' title="bbox 1946 3964 3542 4037">
     <span class='ocr_line' id='line_1_120' title="bbox 1946 3964 3542 4037; baseline 0.008 -23"><span class='ocrx_word' id='word_1_977' title='bbox 1946 3964 2108 4017; x_wconf 83' lang='lat' dir='ltr'><strong>tribus</strong></span> <span class='ocrx_word' id='word_1_978' title='bbox 2138 3966 2214 4016; x_wconf 89' lang='lat' dir='ltr'><strong>sol</strong></span> <span class='ocrx_word' id='word_1_979' title='bbox 2243 3965 2628 4037; x_wconf 83' lang='lat' dir='ltr'><strong>contenebratus</strong></span> <span class='ocrx_word' id='word_1_980' title='bbox 2658 3975 2754 4027; x_wconf 76' lang='lat' dir='ltr'><strong>est,</strong></span> <span class='ocrx_word' id='word_1_981' title='bbox 2786 3975 2835 4020; x_wconf 88' lang='lat' dir='ltr'><strong>et</strong></span> <span class='ocrx_word' id='word_1_982' title='bbox 2866 3965 3028 4020; x_wconf 88' lang='lat' dir='ltr'><strong>tribus</strong></span> <span class='ocrx_word' id='word_1_983' title='bbox 3055 3965 3220 4022; x_wconf 71' lang='lat' dir='ltr'><strong>eluxit</strong></span> <span class='ocrx_word' id='word_1_984' title='bbox 3240 4013 3254 4037; x_wconf 91' lang='lat'><strong>,</strong></span> <span class='ocrx_word' id='word_1_985' title='bbox 3288 3964 3542 4026; x_wconf 80' lang='lat' dir='ltr'><strong>canstabit</strong></span> 
     </span>
    </p>
   </div>
   <div class='ocr_carea' id='block_1_120' title="bbox 1946 4036 3541 4112">
    <p class='ocr_par' dir='ltr' id='par_1_120' title="bbox 1946 4036 3541 4112">
     <span class='ocr_line' id='line_1_121' title="bbox 1946 4036 3541 4112; baseline 0.006 -25"><span class='ocrx_word' id='word_1_986' title='bbox 1946 4036 2269 4112; x_wconf 48' lang='lat' dir='ltr'><strong>rationtrium</strong></span> <span class='ocrx_word' id='word_1_987' title='bbox 2307 4036 2506 4089; x_wconf 82' lang='lat' dir='ltr'><strong>dierum</strong></span> <span class='ocrx_word' id='word_1_988' title='bbox 2542 4044 2587 4112; x_wconf 78' lang='lat' dir='ltr'><strong>et</strong></span> <span class='ocrx_word' id='word_1_989' title='bbox 2618 4039 2772 4112; x_wconf 83' lang='lat' dir='ltr'><strong>trium</strong></span> <span class='ocrx_word' id='word_1_990' title='bbox 2807 4039 3052 4112; x_wconf 78' lang='lat' dir='ltr'><strong>noctium.</strong></span> <span class='ocrx_word' id='word_1_991' title='bbox 3093 4036 3268 4112; x_wconf 69' lang='lat' dir='ltr'><strong>Restat</strong></span> <span class='ocrx_word' id='word_1_992' title='bbox 3295 4041 3452 4112; x_wconf 88' lang='lat' dir='ltr'><strong>igitur</strong></span> <span class='ocrx_word' id='word_1_993' title='bbox 3480 4053 3541 4098; x_wconf 86' lang='lat' dir='ltr'><strong>ut</strong></span> 
     </span>
    </p>
   </div>
   <div class='ocr_carea' id='block_1_121' title="bbox 1946 4105 3540 4184">
    <p class='ocr_par' dir='ltr' id='par_1_121' title="bbox 1946 4105 3540 4184">
     <span class='ocr_line' id='line_1_122' title="bbox 1946 4105 3540 4184; baseline 0.006 -26"><span class='ocrx_word' id='word_1_994' title='bbox 1946 4107 2036 4158; x_wconf 89' lang='lat' dir='ltr'><strong>illo</strong></span> <span class='ocrx_word' id='word_1_995' title='bbox 2070 4105 2838 4184; x_wconf 30' lang='lat' dir='ltr'><strong>Scrip&#39;uraruniLusitatissimo</strong></span> <span class='ocrx_word' id='word_1_996' title='bbox 2868 4106 3111 4184; x_wconf 82' lang='lat' dir='ltr'><strong>loquendi</strong></span> <span class='ocrx_word' id='word_1_997' title='bbox 3143 4105 3334 4178; x_wconf 62' lang='lat' dir='ltr'><strong>modo;</strong></span> <span class='ocrx_word' id='word_1_998' title='bbox 3373 4130 3477 4184; x_wconf 90' lang='lat' dir='ltr'><strong>qua</strong></span> <span class='ocrx_word' id='word_1_999' title='bbox 3503 4130 3540 4168; x_wconf 83' lang='grc' dir='ltr'><em>α</em></span> 
     </span>
    </p>
   </div>
   <div class='ocr_carea' id='block_1_122' title="bbox 1948 4179 3539 4247">
    <p class='ocr_par' dir='ltr' id='par_1_122' title="bbox 1948 4179 3539 4247">
     <span class='ocr_line' id='line_1_123' title="bbox 1948 4179 3539 4247; baseline 0.008 -20"><span class='ocrx_word' id='word_1_1000' title='bbox 1948 4186 2096 4246; x_wconf 88' lang='lat' dir='ltr'><strong>parte</strong></span> <span class='ocrx_word' id='word_1_1001' title='bbox 2143 4187 2303 4230; x_wconf 88' lang='lat' dir='ltr'><strong>totum</strong></span> <span class='ocrx_word' id='word_1_1002' title='bbox 2342 4179 2644 4247; x_wconf 73' lang='lat' dir='ltr'><strong>intelligitur</strong></span> <span class='ocrx_word' id='word_1_1003' title='bbox 2667 4220 2682 4242; x_wconf 92' lang='lat'><strong>,</strong></span> <span class='ocrx_word' id='word_1_1004' title='bbox 2712 4181 3031 4234; x_wconf 85' lang='lat' dir='ltr'><strong>inveniamus</strong></span> <span class='ocrx_word' id='word_1_1005' title='bbox 3073 4191 3354 4237; x_wconf 75' lang='lat' dir='ltr'><strong>extremum</strong></span> <span class='ocrx_word' id='word_1_1006' title='bbox 3384 4179 3539 4239; x_wconf 44' lang='lat' dir='ltr'><strong>&#39;diem</strong></span> 
     </span>
    </p>
   </div>
   <div class='ocr_carea' id='block_1_123' title="bbox 1952 4251 3539 4321">
    <p class='ocr_par' dir='ltr' id='par_1_123' title="bbox 1952 4251 3539 4321">
     <span class='ocr_line' id='line_1_124' title="bbox 1952 4251 3539 4321; baseline 0.006 -21"><span class='ocrx_word' id='word_1_1007' title='bbox 1952 4256 2148 4321; x_wconf 83' lang='lat' dir='ltr'><strong>tempus</strong></span> <span class='ocrx_word' id='word_1_1008' title='bbox 2177 4264 2489 4321; x_wconf 73' lang='lat' dir='ltr'><strong>par-asceves,</strong></span> <span class='ocrx_word' id='word_1_1009' title='bbox 2521 4265 2624 4319; x_wconf 89' lang='lat' dir='ltr'><strong>quo</strong></span> <span class='ocrx_word' id='word_1_1010' title='bbox 2668 4252 2946 4313; x_wconf 70' lang='lat' dir='ltr'><strong>cruciﬁxus</strong></span> <span class='ocrx_word' id='word_1_1011' title='bbox 2988 4262 3035 4304; x_wconf 88' lang='lat' dir='ltr'><strong>et</strong></span> <span class='ocrx_word' id='word_1_1012' title='bbox 3063 4251 3294 4321; x_wconf 87' lang='lat' dir='ltr'><strong>sepultus</strong></span> <span class='ocrx_word' id='word_1_1013' title='bbox 3323 4265 3396 4309; x_wconf 78' lang='lat' dir='ltr'><strong>t‘st</strong></span> <span class='ocrx_word' id='word_1_1014' title='bbox 3427 4254 3539 4310; x_wconf 90' lang='lat' dir='ltr'><strong>Do-</strong></span> 
     </span>
    </p>
   </div>
   <div class='ocr_carea' id='block_1_124' title="bbox 1946 4320 3541 4390">
    <p class='ocr_par' dir='ltr' id='par_1_124' title="bbox 1946 4320 3541 4390">
     <span class='ocr_line' id='line_1_125' title="bbox 1946 4320 3541 4390; baseline 0.008 -19"><span class='ocrx_word' id='word_1_1015' title='bbox 1946 4320 2119 4372; x_wconf 85' lang='lat' dir='ltr'><strong>minus</strong></span> <span class='ocrx_word' id='word_1_1016' title='bbox 2143 4359 2159 4384; x_wconf 93' lang='lat'><strong>,</strong></span> <span class='ocrx_word' id='word_1_1017' title='bbox 2192 4328 2239 4372; x_wconf 88' lang='lat' dir='ltr'><strong>et</strong></span> <span class='ocrx_word' id='word_1_1018' title='bbox 2268 4335 2332 4372; x_wconf 75' lang='lat' dir='ltr'><strong>ex</strong></span> <span class='ocrx_word' id='word_1_1019' title='bbox 2361 4320 2470 4390; x_wconf 85' lang='lat' dir='ltr'><strong>ipsa</strong></span> <span class='ocrx_word' id='word_1_1020' title='bbox 2498 4330 2726 4373; x_wconf 76' lang='lat' dir='ltr'><strong>extrema</strong></span> <span class='ocrx_word' id='word_1_1021' title='bbox 2755 4331 2898 4386; x_wconf 82' lang='lat' dir='ltr'><strong>parte</strong></span> <span class='ocrx_word' id='word_1_1022' title='bbox 2928 4330 3090 4374; x_wconf 88' lang='lat' dir='ltr'><strong>totum</strong></span> <span class='ocrx_word' id='word_1_1023' title='bbox 3119 4324 3256 4377; x_wconf 80' lang='lat' dir='ltr'><strong>diem</strong></span> <span class='ocrx_word' id='word_1_1024' title='bbox 3300 4341 3417 4380; x_wconf 88' lang='lat' dir='ltr'><strong>cum</strong></span> <span class='ocrx_word' id='word_1_1025' title='bbox 3444 4343 3541 4383; x_wconf 84' lang='lat' dir='ltr'><strong>sua</strong></span> 
     </span>
    </p>
   </div>
   <div class='ocr_carea' id='block_1_125' title="bbox 1947 4391 3539 4462">
    <p class='ocr_par' dir='ltr' id='par_1_125' title="bbox 1947 4391 3539 4462">
     <span class='ocr_line' id='line_1_126' title="bbox 1947 4391 3539 4462; baseline 0.006 -20"><span class='ocrx_word' id='word_1_1026' title='bbox 1947 4401 2089 4442; x_wconf 68' lang='lat' dir='ltr'><strong>nocte</strong></span> <span class='ocrx_word' id='word_1_1027' title='bbox 2114 4391 2246 4462; x_wconf 86' lang='lat' dir='ltr'><strong>.qui</strong></span> <span class='ocrx_word' id='word_1_1028' title='bbox 2283 4391 2653 4462; x_wconf 75' lang='lat' dir='ltr'><strong>jamperactus</strong></span> <span class='ocrx_word' id='word_1_1029' title='bbox 2683 4395 2883 4462; x_wconf 80' lang='lat' dir='ltr'><strong>fuerat,</strong></span> <span class='ocrx_word' id='word_1_1030' title='bbox 2917 4393 3232 4460; x_wconf 86' lang='lat' dir='ltr'><strong>accipiamus</strong></span> <span class='ocrx_word' id='word_1_1031' title='bbox 3265 4409 3285 4448; x_wconf 88' lang='lat'><strong><em>:</em></strong></span> <span class='ocrx_word' id='word_1_1032' title='bbox 3315 4398 3539 4452; x_wconf 89' lang='lat' dir='ltr'><strong>medium</strong></span> 
     </span>
    </p>
   </div>
   <div class='ocr_carea' id='block_1_126' title="bbox 1946 4460 3542 4538">
    <p class='ocr_par' dir='ltr' id='par_1_126' title="bbox 1946 4460 3542 4538">
     <span class='ocr_line' id='line_1_127' title="bbox 1946 4460 3542 4538; baseline 0.007 -26"><span class='ocrx_word' id='word_1_1033' title='bbox 1946 4475 2062 4513; x_wconf 89' lang='lat' dir='ltr'><strong>vero</strong></span> <span class='ocrx_word' id='word_1_1034' title='bbox 2083 4501 2098 4524; x_wconf 91' lang='lat'><strong>,</strong></span> <span class='ocrx_word' id='word_1_1035' title='bbox 2125 4461 2180 4514; x_wconf 85' lang='lat' dir='ltr'><strong>id</strong></span> <span class='ocrx_word' id='word_1_1036' title='bbox 2202 4460 2302 4538; x_wconf 82' lang='lat' dir='ltr'><strong>est,</strong></span> <span class='ocrx_word' id='word_1_1037' title='bbox 2331 4460 2524 4514; x_wconf 77' lang='lat' dir='ltr'><strong>sabbati</strong></span> <span class='ocrx_word' id='word_1_1038' title='bbox 2545 4460 2708 4530; x_wconf 76' lang='lat' dir='ltr'><strong>diem,</strong></span> <span class='ocrx_word' id='word_1_1039' title='bbox 2735 4478 2834 4516; x_wconf 87' lang='lat' dir='ltr'><strong>non</strong></span> <span class='ocrx_word' id='word_1_1040' title='bbox 2856 4479 2888 4516; x_wconf 90' lang='lat' dir='ltr'><strong>a</strong></span> <span class='ocrx_word' id='word_1_1041' title='bbox 2908 4473 3084 4538; x_wconf 82' lang='lat' dir='ltr'><strong>parte,</strong></span> <span class='ocrx_word' id='word_1_1042' title='bbox 3116 4467 3204 4538; x_wconf 85' lang='lat' dir='ltr'><strong>sed</strong></span> <span class='ocrx_word' id='word_1_1043' title='bbox 3243 4467 3434 4538; x_wconf 84' lang='lat' dir='ltr'><strong>integre</strong></span> <span class='ocrx_word' id='word_1_1044' title='bbox 3463 4480 3542 4524; x_wconf 69' lang='lat' dir='ltr'><strong>to~</strong></span> 
     </span>
    </p>
   </div>
   <div class='ocr_carea' id='block_1_127' title="bbox 1947 4533 3542 4603">
    <p class='ocr_par' dir='ltr' id='par_1_127' title="bbox 1947 4533 3542 4603">
     <span class='ocr_line' id='line_1_128' title="bbox 1947 4533 3542 4603; baseline 0.007 -18"><span class='ocrx_word' id='word_1_1045' title='bbox 1947 4541 2056 4585; x_wconf 87' lang='lat' dir='ltr'><strong>tum</strong></span> <span class='ocrx_word' id='word_1_1046' title='bbox 2087 4546 2104 4583; x_wconf 89' lang='lat'><strong><em>:</em></strong></span> <span class='ocrx_word' id='word_1_1047' title='bbox 2136 4533 2338 4585; x_wconf 88' lang='lat' dir='ltr'><strong>tertium</strong></span> <span class='ocrx_word' id='word_1_1048' title='bbox 2366 4548 2544 4586; x_wconf 88' lang='lat' dir='ltr'><strong>rursus</strong></span> <span class='ocrx_word' id='word_1_1049' title='bbox 2569 4550 2603 4587; x_wconf 88' lang='lat' dir='ltr'><strong>a</strong></span> <span class='ocrx_word' id='word_1_1050' title='bbox 2624 4544 2767 4603; x_wconf 86' lang='lat' dir='ltr'><strong>parte</strong></span> <span class='ocrx_word' id='word_1_1051' title='bbox 2792 4551 2889 4588; x_wconf 78' lang='lat' dir='ltr'><strong>sua</strong></span> <span class='ocrx_word' id='word_1_1052' title='bbox 2910 4533 3100 4602; x_wconf 84' lang='lat' dir='ltr'><strong>prima,</strong></span> <span class='ocrx_word' id='word_1_1053' title='bbox 3132 4537 3186 4589; x_wconf 88' lang='lat' dir='ltr'><strong>id</strong></span> <span class='ocrx_word' id='word_1_1054' title='bbox 3215 4547 3309 4603; x_wconf 84' lang='lat' dir='ltr'><strong>est,</strong></span> <span class='ocrx_word' id='word_1_1055' title='bbox 3341 4533 3374 4592; x_wconf 78' lang='grc' dir='ltr'>ἆ</span> <span class='ocrx_word' id='word_1_1056' title='bbox 3393 4548 3542 4597; x_wconf 83' lang='lat' dir='ltr'><strong>nocte</strong></span> 
     </span>
    </p>
   </div>
   <div class='ocr_carea' id='block_1_128' title="bbox 1949 4604 3533 4677">
    <p class='ocr_par' dir='ltr' id='par_1_128' title="bbox 1949 4604 3533 4677">
     <span class='ocr_line' id='line_1_129' title="bbox 1949 4604 3533 4677; baseline 0.006 -22"><span class='ocrx_word' id='word_1_1057' title='bbox 1949 4612 2111 4656; x_wconf 88' lang='lat' dir='ltr'><strong>totum</strong></span> <span class='ocrx_word' id='word_1_1058' title='bbox 2135 4619 2248 4677; x_wconf 82' lang='lat' dir='ltr'><strong>cum</strong></span> <span class='ocrx_word' id='word_1_1059' title='bbox 2282 4620 2381 4677; x_wconf 82' lang='lat' dir='ltr'><strong>suo</strong></span> <span class='ocrx_word' id='word_1_1060' title='bbox 2411 4604 2598 4677; x_wconf 80' lang='lat' dir='ltr'><strong>diurno</strong></span> <span class='ocrx_word' id='word_1_1061' title='bbox 2630 4617 2855 4676; x_wconf 84' lang='lat' dir='ltr'><strong>tempore</strong></span> <span class='ocrx_word' id='word_1_1062' title='bbox 2884 4621 2904 4659; x_wconf 87' lang='lat'><strong><em>:</em></strong></span> <span class='ocrx_word' id='word_1_1063' title='bbox 2935 4623 2997 4660; x_wconf 87' lang='lat' dir='ltr'><strong>ac</strong></span> <span class='ocrx_word' id='word_1_1064' title='bbox 3039 4607 3113 4661; x_wconf 87' lang='lat' dir='ltr'><strong>sic</strong></span> <span class='ocrx_word' id='word_1_1065' title='bbox 3141 4609 3239 4662; x_wconf 87' lang='lat' dir='ltr'><strong>erit</strong></span> <span class='ocrx_word' id='word_1_1066' title='bbox 3265 4609 3493 4665; x_wconf 87' lang='lat' dir='ltr'><strong>triduum</strong></span> <span class='ocrx_word' id='word_1_1067' title='bbox 3513 4652 3533 4677; x_wconf 85' lang='lat'><strong>,</strong></span> 
     </span>
    </p>
   </div>
   <div class='ocr_carea' id='block_1_129' title="bbox 1949 4674 3540 4746">
    <p class='ocr_par' dir='ltr' id='par_1_129' title="bbox 1949 4674 3540 4746">
     <span class='ocr_line' id='line_1_130' title="bbox 1949 4674 3540 4746; baseline 0.007 -20"><span class='ocrx_word' id='word_1_1068' title='bbox 1949 4674 2379 4743; x_wconf 90' lang='lat' dir='ltr'><strong>quemadmodum</strong></span> <span class='ocrx_word' id='word_1_1069' title='bbox 2429 4675 2508 4728; x_wconf 92' lang='lat' dir='ltr'><strong>illi</strong></span> <span class='ocrx_word' id='word_1_1070' title='bbox 2539 4683 2656 4746; x_wconf 84' lang='lat' dir='ltr'><strong>octo</strong></span> <span class='ocrx_word' id='word_1_1071' title='bbox 2700 4674 2832 4742; x_wconf 83' lang='lat' dir='ltr'><strong>dies,</strong></span> <span class='ocrx_word' id='word_1_1072' title='bbox 2882 4687 2994 4746; x_wconf 87' lang='lat' dir='ltr'><strong>post</strong></span> <span class='ocrx_word' id='word_1_1073' title='bbox 3038 4693 3165 4746; x_wconf 87' lang='lat' dir='ltr'><strong>quos</strong></span> <span class='ocrx_word' id='word_1_1074' title='bbox 3208 4682 3438 4735; x_wconf 88' lang='lat' dir='ltr'><strong>ascendit</strong></span> <span class='ocrx_word' id='word_1_1075' title='bbox 3481 4674 3540 4737; x_wconf 76' lang='lat' dir='ltr'><strong>in</strong></span> 
     </span>
    </p>
   </div>
   <div class='ocr_carea' id='block_1_130' title="bbox 1951 4745 3535 4819">
    <p class='ocr_par' dir='ltr' id='par_1_130' title="bbox 1951 4745 3535 4819">
     <span class='ocr_line' id='line_1_131' title="bbox 1951 4745 3535 4819; baseline 0.009 -24"><span class='ocrx_word' id='word_1_1076' title='bbox 1951 4755 2193 4819; x_wconf 70' lang='lat' dir='ltr'><strong>montem,</strong></span> <span class='ocrx_word' id='word_1_1077' title='bbox 2215 4763 2430 4819; x_wconf 78' lang='lat' dir='ltr'><strong>quorum</strong></span> <span class='ocrx_word' id='word_1_1078' title='bbox 2451 4745 2644 4800; x_wconf 87' lang='lat' dir='ltr'><strong>medios</strong></span> <span class='ocrx_word' id='word_1_1079' title='bbox 2669 4745 2890 4819; x_wconf 82' lang='lat' dir='ltr'><strong>integros</strong></span> <span class='ocrx_word' id='word_1_1080' title='bbox 2911 4745 3225 4819; x_wconf 72' lang='lat' dir='ltr'><strong>attendentes</strong></span> <span class='ocrx_word' id='word_1_1081' title='bbox 3255 4749 3535 4809; x_wconf 68' lang='lat' dir='ltr'><strong>Matt/item</strong></span> 
     </span>
    </p>
   </div>
   <div class='ocr_carea' id='block_1_131' title="bbox 1950 4815 3535 4888">
    <p class='ocr_par' dir='ltr' id='par_1_131' title="bbox 1950 4815 3535 4888">
     <span class='ocr_line' id='line_1_132' title="bbox 1950 4815 3535 4888; baseline 0.006 -19"><span class='ocrx_word' id='word_1_1082' title='bbox 1950 4827 1996 4869; x_wconf 90' lang='lat' dir='ltr'><strong>et</strong></span> <span class='ocrx_word' id='word_1_1083' title='bbox 2013 4815 2493 4888; x_wconf 70' lang='lat' dir='ltr'><strong>Marcusdixerunt</strong></span> <span class='ocrx_word' id='word_1_1084' title='bbox 2521 4827 2635 4882; x_wconf 89' lang='lat' dir='ltr'><strong>post</strong></span> <span class='ocrx_word' id='word_1_1085' title='bbox 2663 4833 2753 4872; x_wconf 81' lang='lat' dir='ltr'><strong>sea:</strong></span> <span class='ocrx_word' id='word_1_1086' title='bbox 2774 4815 2884 4872; x_wconf 75' lang='lat' dir='ltr'><strong>dies</strong></span> <span class='ocrx_word' id='word_1_1087' title='bbox 2914 4817 3142 4888; x_wconf 82' lang='lat' dir='ltr'><strong>(Matth.</strong></span> <span class='ocrx_word' id='word_1_1088' title='bbox 3177 4836 3288 4874; x_wconf 76' lang='lat' dir='ltr'><strong>xvn</strong></span> <span class='ocrx_word' id='word_1_1089' title='bbox 3312 4863 3327 4883; x_wconf 92' lang='lat'><strong>,</strong></span> <span class='ocrx_word' id='word_1_1090' title='bbox 3366 4822 3535 4880; x_wconf 82' lang='lat' dir='ltr'><strong>Marc.</strong></span> 
     </span>
    </p>
   </div>
   <div class='ocr_carea' id='block_1_132' title="bbox 1949 4886 3537 4964">
    <p class='ocr_par' dir='ltr' id='par_1_132' title="bbox 1949 4886 3537 4964">
     <span class='ocr_line' id='line_1_133' title="bbox 1949 4886 3537 4964; baseline 0.004 -22"><span class='ocrx_word' id='word_1_1091' title='bbox 1949 4887 2052 4964; x_wconf 76' lang='lat' dir='ltr'><strong>Ix),</strong></span> <span class='ocrx_word' id='word_1_1092' title='bbox 2073 4889 2206 4956; x_wconf 89' lang='lat' dir='ltr'><strong>quod</strong></span> <span class='ocrx_word' id='word_1_1093' title='bbox 2230 4886 2740 4964; x_wconf 68' lang='lat' dir='ltr'><strong>Lucasdixeritpost</strong></span> <span class='ocrx_word' id='word_1_1094' title='bbox 2766 4898 2879 4942; x_wconf 90' lang='lat' dir='ltr'><strong>octo</strong></span> <span class='ocrx_word' id='word_1_1095' title='bbox 2902 4886 3186 4964; x_wconf 75' lang='lat' dir='ltr'><strong>dies_(L_uc.</strong></span> <span class='ocrx_word' id='word_1_1096' title='bbox 3212 4889 3382 4964; x_wconf 80' lang='lat' dir='ltr'><strong>utv).</strong></span> <span class='ocrx_word' id='word_1_1097' title='bbox 3413 4897 3537 4954; x_wconf 70' lang='lat' dir='ltr'><strong>llmc</strong></span> 
     </span>
    </p>
   </div>
   <div class='ocr_carea' id='block_1_133' title="bbox 1950 4959 3532 5031">
    <p class='ocr_par' dir='ltr' id='par_1_133' title="bbox 1950 4959 3532 5031">
     <span class='ocr_line' id='line_1_134' title="bbox 1950 4959 3532 5031; baseline 0.006 -19"><span class='ocrx_word' id='word_1_1098' title='bbox 1950 4974 2014 5013; x_wconf 76' lang='lat' dir='ltr'><strong>eo</strong></span> <span class='ocrx_word' id='word_1_1099' title='bbox 2041 4960 2158 5031; x_wconf 71' lang='lat' dir='ltr'><strong>loco</strong></span> <span class='ocrx_word' id='word_1_1100' title='bbox 2197 4959 2544 5031; x_wconf 81' lang='lat' dir='ltr'><strong>Augustinus.</strong></span> <span class='ocrx_word' id='word_1_1101' title='bbox 2573 4959 2717 5031; x_wconf 87' lang='lat' dir='ltr'><strong>Idem</strong></span> <span class='ocrx_word' id='word_1_1102' title='bbox 2742 4975 2872 5014; x_wconf 85' lang='lat' dir='ltr'><strong>vero</strong></span> <span class='ocrx_word' id='word_1_1103' title='bbox 2900 4960 3029 5016; x_wconf 87' lang='lat' dir='ltr'><strong>alibi</strong></span> <span class='ocrx_word' id='word_1_1104' title='bbox 3043 4959 3190 5031; x_wconf 77' lang='lat' dir='ltr'><strong>(Lib.</strong></span> <span class='ocrx_word' id='word_1_1105' title='bbox 3219 4977 3272 5016; x_wconf 87' lang='lat' dir='ltr'><strong>tv</strong></span> <span class='ocrx_word' id='word_1_1106' title='bbox 3301 4959 3366 5018; x_wconf 78' lang='lat' dir='ltr'><strong>de</strong></span> <span class='ocrx_word' id='word_1_1107' title='bbox 3383 4964 3532 5025; x_wconf 85' lang='lat' dir='ltr'><strong>Trin.</strong></span> 
     </span>
    </p>
   </div>
   <div class='ocr_carea' id='block_1_134' title="bbox 1949 5029 3530 5101">
    <p class='ocr_par' dir='ltr' id='par_1_134' title="bbox 1949 5029 3530 5101">
     <span class='ocr_line' id='line_1_135' title="bbox 1949 5029 3530 5101; baseline 0.006 -18"><span class='ocrx_word' id='word_1_1108' title='bbox 1949 5047 2065 5101; x_wconf 74' lang='lat' dir='ltr'><strong>cap.</strong></span> <span class='ocrx_word' id='word_1_1109' title='bbox 2099 5030 2152 5099; x_wconf 86' lang='grc'>6)</span> <span class='ocrx_word' id='word_1_1110' title='bbox 2188 5032 2344 5097; x_wconf 88' lang='lat' dir='ltr'><strong>paulo</strong></span> <span class='ocrx_word' id='word_1_1111' title='bbox 2374 5029 2571 5083; x_wconf 71' lang='lat' dir='ltr'><strong>clarius</strong></span> <span class='ocrx_word' id='word_1_1112' title='bbox 2604 5030 2706 5084; x_wconf 83' lang='lat' dir='ltr'><strong>hoc</strong></span> <span class='ocrx_word' id='word_1_1113' title='bbox 2734 5034 2904 5101; x_wconf 87' lang='lat' dir='ltr'><strong>ipsum</strong></span> <span class='ocrx_word' id='word_1_1114' title='bbox 2934 5029 3158 5101; x_wconf 75' lang='lat' dir='ltr'><strong>esponit</strong></span> <span class='ocrx_word' id='word_1_1115' title='bbox 3186 5032 3288 5089; x_wconf 89' lang='lat' dir='ltr'><strong>hoc</strong></span> <span class='ocrx_word' id='word_1_1116' title='bbox 3319 5036 3480 5091; x_wconf 88' lang='lat' dir='ltr'><strong>modo</strong></span> <span class='ocrx_word' id='word_1_1117' title='bbox 3514 5055 3530 5094; x_wconf 89' lang='lat'><strong>:</strong></span> 
     </span>
    </p>
   </div>
   <div class='ocr_carea' id='block_1_135' title="bbox 1950 5099 3536 5176">
    <p class='ocr_par' dir='ltr' id='par_1_135' title="bbox 1950 5099 3536 5176">
     <span class='ocr_line' id='line_1_136' title="bbox 1950 5099 3536 5176; baseline 0.007 -23"><span class='ocrx_word' id='word_1_1118' title='bbox 1950 5099 2132 5176; x_wconf 63' lang='lat' dir='ltr'><strong>ipsum</strong></span> <span class='ocrx_word' id='word_1_1119' title='bbox 2184 5101 2625 5176; x_wconf 87' lang='lat' dir='ltr'><strong>autem_triduum</strong></span> <span class='ocrx_word' id='word_1_1120' title='bbox 2669 5099 3076 5176; x_wconf 46' lang='lat' dir='ltr'><strong>nontotum&#39;et</strong></span> <span class='ocrx_word' id='word_1_1121' title='bbox 3122 5102 3330 5175; x_wconf 77' lang='lat' dir='ltr'><strong>plenum</strong></span> <span class='ocrx_word' id='word_1_1122' title='bbox 3376 5107 3536 5176; x_wconf 77' lang='lat' dir='ltr'><strong>fuisse</strong></span> 
     </span>
    </p>
   </div>
   <div class='ocr_carea' id='block_1_136' title="bbox 1952 5171 3536 5244">
    <p class='ocr_par' dir='ltr' id='par_1_136' title="bbox 1952 5171 3536 5244">
     <span class='ocr_line' id='line_1_137' title="bbox 1952 5171 3536 5244; baseline 0.006 -18"><span class='ocrx_word' id='word_1_1123' title='bbox 1952 5171 2227 5242; x_wconf 85' lang='lat' dir='ltr'><strong>Scriptura</strong></span> <span class='ocrx_word' id='word_1_1124' title='bbox 2265 5172 2405 5224; x_wconf 86' lang='lat' dir='ltr'><strong>testis</strong></span> <span class='ocrx_word' id='word_1_1125' title='bbox 2454 5179 2563 5237; x_wconf 82' lang='lat' dir='ltr'><strong>est;</strong></span> <span class='ocrx_word' id='word_1_1126' title='bbox 2601 5173 2690 5226; x_wconf 89' lang='lat' dir='ltr'><strong>sed</strong></span> <span class='ocrx_word' id='word_1_1127' title='bbox 2718 5173 2914 5244; x_wconf 86' lang='lat' dir='ltr'><strong>primus</strong></span> <span class='ocrx_word' id='word_1_1128' title='bbox 2940 5174 3047 5228; x_wconf 89' lang='lat' dir='ltr'><strong>dies</strong></span> <span class='ocrx_word' id='word_1_1129' title='bbox 3077 5171 3283 5244; x_wconf 51' lang='lat' dir='ltr'><strong>a&#39;parte</strong></span> <span class='ocrx_word' id='word_1_1130' title='bbox 3309 5171 3536 5235; x_wconf 72' lang='lat' dir='ltr'><strong>extrema</strong></span> 
     </span>
    </p>
   </div>
   <div class='ocr_carea' id='block_1_137' title="bbox 1951 5244 3534 5316">
    <p class='ocr_par' dir='ltr' id='par_1_137' title="bbox 1951 5244 3534 5316">
     <span class='ocr_line' id='line_1_138' title="bbox 1951 5244 3534 5316; baseline 0.006 -21"><span class='ocrx_word' id='word_1_1131' title='bbox 1951 5253 2084 5299; x_wconf 79' lang='lat' dir='ltr'><strong>totus</strong></span> <span class='ocrx_word' id='word_1_1132' title='bbox 2113 5251 2578 5316; x_wconf 80' lang='lat' dir='ltr'><strong>annumeratusest</strong></span> <span class='ocrx_word' id='word_1_1133' title='bbox 2611 5258 2630 5297; x_wconf 90' lang='lat'><strong><em>:</em></strong></span> <span class='ocrx_word' id='word_1_1134' title='bbox 2661 5244 2770 5298; x_wconf 86' lang='lat' dir='ltr'><strong>dies</strong></span> <span class='ocrx_word' id='word_1_1135' title='bbox 2799 5260 2916 5298; x_wconf 86' lang='lat' dir='ltr'><strong>vero</strong></span> <span class='ocrx_word' id='word_1_1136' title='bbox 2939 5246 3118 5300; x_wconf 87' lang='lat' dir='ltr'><strong>tertius</strong></span> <span class='ocrx_word' id='word_1_1137' title='bbox 3140 5263 3172 5298; x_wconf 94' lang='lat' dir='ltr'><strong>a</strong></span> <span class='ocrx_word' id='word_1_1138' title='bbox 3203 5261 3344 5314; x_wconf 82' lang='lat' dir='ltr'><strong>parte</strong></span> <span class='ocrx_word' id='word_1_1139' title='bbox 3367 5251 3534 5316; x_wconf 86' lang='lat' dir='ltr'><strong>prima</strong></span> 
     </span>
    </p>
   </div>
   <div class='ocr_carea' id='block_1_138' title="bbox 1950 5314 3538 5384">
    <p class='ocr_par' dir='ltr' id='par_1_138' title="bbox 1950 5314 3538 5384">
     <span class='ocr_line' id='line_1_139' title="bbox 1950 5314 3538 5384; baseline 0.007 -18"><span class='ocrx_word' id='word_1_1140' title='bbox 1950 5324 1994 5366; x_wconf 89' lang='lat' dir='ltr'><strong>et</strong></span> <span class='ocrx_word' id='word_1_1141' title='bbox 2027 5316 2132 5384; x_wconf 83' lang='lat' dir='ltr'><strong>ipse</strong></span> <span class='ocrx_word' id='word_1_1142' title='bbox 2160 5323 2296 5366; x_wconf 88' lang='lat' dir='ltr'><strong>totus</strong></span> <span class='ocrx_word' id='word_1_1143' title='bbox 2327 5329 2347 5367; x_wconf 90' lang='lat'><strong><em>:</em></strong></span> <span class='ocrx_word' id='word_1_1144' title='bbox 2378 5314 2571 5368; x_wconf 88' lang='lat' dir='ltr'><strong>medius</strong></span> <span class='ocrx_word' id='word_1_1145' title='bbox 2591 5325 2761 5369; x_wconf 87' lang='lat' dir='ltr'><strong>autem</strong></span> <span class='ocrx_word' id='word_1_1146' title='bbox 2787 5316 2923 5370; x_wconf 82' lang='lat' dir='ltr'><strong>inter</strong></span> <span class='ocrx_word' id='word_1_1147' title='bbox 2945 5332 3048 5382; x_wconf 89' lang='lat' dir='ltr'><strong>eos,</strong></span> <span class='ocrx_word' id='word_1_1148' title='bbox 3075 5317 3131 5369; x_wconf 87' lang='lat' dir='ltr'><strong>id</strong></span> <span class='ocrx_word' id='word_1_1149' title='bbox 3158 5329 3254 5380; x_wconf 87' lang='lat' dir='ltr'><strong>est,</strong></span> <span class='ocrx_word' id='word_1_1150' title='bbox 3278 5314 3538 5377; x_wconf 84' lang='lat' dir='ltr'><strong>secundus</strong></span> 
     </span>
    </p>
   </div>
   <div class='ocr_carea' id='block_1_139' title="bbox 1951 5385 3611 5455">
    <p class='ocr_par' dir='ltr' id='par_1_139' title="bbox 1951 5385 3611 5455">
     <span class='ocr_line' id='line_1_140' title="bbox 1951 5385 3611 5455; baseline 0.005 -19"><span class='ocrx_word' id='word_1_1151' title='bbox 1951 5385 2061 5437; x_wconf 81' lang='lat' dir='ltr'><strong>dies</strong></span> <span class='ocrx_word' id='word_1_1152' title='bbox 2091 5385 2319 5439; x_wconf 88' lang='lat' dir='ltr'><strong>absolute</strong></span> <span class='ocrx_word' id='word_1_1153' title='bbox 2363 5396 2517 5447; x_wconf 88' lang='lat' dir='ltr'><strong>totus,</strong></span> <span class='ocrx_word' id='word_1_1154' title='bbox 2553 5385 2732 5455; x_wconf 87' lang='lat' dir='ltr'><strong>viginti</strong></span> <span class='ocrx_word' id='word_1_1155' title='bbox 2757 5398 2979 5452; x_wconf 90' lang='lat' dir='ltr'><strong>quatuor</strong></span> <span class='ocrx_word' id='word_1_1156' title='bbox 3008 5387 3146 5440; x_wconf 83' lang='lat' dir='ltr'><strong>heris</strong></span> <span class='ocrx_word' id='word_1_1157' title='bbox 3176 5389 3306 5446; x_wconf 89' lang='lat' dir='ltr'><strong>suis.</strong></span> <span class='ocrx_word' id='word_1_1158' title='bbox 3341 5389 3537 5446; x_wconf 84' lang='lat' dir='ltr'><strong>duode-</strong></span> <span class='ocrx_word' id='word_1_1159' title='bbox 3607 5449 3611 5455; x_wconf 59' lang='grc'><em>,</em></span> 
     </span>
    </p>
   </div>
   <div class='ocr_carea' id='block_1_140' title="bbox 1950 5455 3538 5532">
    <p class='ocr_par' dir='ltr' id='par_1_140' title="bbox 1950 5455 3538 5532">
     <span class='ocr_line' id='line_1_141' title="bbox 1950 5455 3538 5532; baseline 0.007 -25"><span class='ocrx_word' id='word_1_1160' title='bbox 1950 5458 2050 5532; x_wconf 74' lang='lat' dir='ltr'><strong>cini</strong></span> <span class='ocrx_word' id='word_1_1161' title='bbox 2079 5456 2338 5532; x_wconf 82' lang='lat' dir='ltr'><strong>nocturnis</strong></span> <span class='ocrx_word' id='word_1_1162' title='bbox 2368 5466 2416 5508; x_wconf 89' lang='lat' dir='ltr'><strong>et</strong></span> <span class='ocrx_word' id='word_1_1163' title='bbox 2438 5455 2706 5532; x_wconf 68' lang='lat' dir='ltr'><strong>duodecim</strong></span> <span class='ocrx_word' id='word_1_1164' title='bbox 2736 5457 2979 5532; x_wconf 79' lang='lat' dir='ltr'><strong>diurnis:</strong></span> <span class='ocrx_word' id='word_1_1165' title='bbox 3002 5473 3106 5532; x_wconf 71' lang='lat' dir='ltr'><strong>nos:</strong></span> <span class='ocrx_word' id='word_1_1166' title='bbox 3123 5459 3255 5532; x_wconf 77' lang='lat' dir='ltr'><strong>enim</strong></span> <span class='ocrx_word' id='word_1_1167' title='bbox 3284 5476 3445 5532; x_wconf 86' lang='lat' dir='ltr'><strong>usque</strong></span> <span class='ocrx_word' id='word_1_1168' title='bbox 3468 5464 3538 5518; x_wconf 87' lang='lat' dir='ltr'><strong>ad</strong></span> 
     </span>
    </p>
   </div>
   <div class='ocr_carea' id='block_1_141' title="bbox 1951 5524 3538 5596">
    <p class='ocr_par' dir='ltr' id='par_1_141' title="bbox 1951 5524 3538 5596">
     <span class='ocr_line' id='line_1_142' title="bbox 1951 5524 3538 5596; baseline 0.004 -15"><span class='ocrx_word' id='word_1_1169' title='bbox 1951 5528 2271 5589; x_wconf 80' lang='lat' dir='ltr'><strong>diluculum,</strong></span> <span class='ocrx_word' id='word_1_1170' title='bbox 2304 5543 2406 5596; x_wconf 87' lang='lat' dir='ltr'><strong>quo</strong></span> <span class='ocrx_word' id='word_1_1171' title='bbox 2436 5524 2645 5581; x_wconf 86' lang='lat' dir='ltr'><strong>Domini</strong></span> <span class='ocrx_word' id='word_1_1172' title='bbox 2683 5530 2984 5583; x_wconf 89' lang='lat' dir='ltr'><strong>resurrectio</strong></span> <span class='ocrx_word' id='word_1_1173' title='bbox 3026 5527 3288 5583; x_wconf 83' lang='lat' dir='ltr'><strong>declarata</strong></span> <span class='ocrx_word' id='word_1_1174' title='bbox 3318 5524 3392 5587; x_wconf 81' lang='lat' dir='ltr'><strong>est</strong></span> <span class='ocrx_word' id='word_1_1175' title='bbox 3421 5575 3434 5596; x_wconf 85' lang='lat'><strong>,</strong></span> <span class='ocrx_word' id='word_1_1176' title='bbox 3467 5536 3538 5589; x_wconf 87' lang='lat' dir='ltr'><strong>ad</strong></span> 
     </span>
    </p>
   </div>
   <div class='ocr_carea' id='block_1_142' title="bbox 1952 5599 3537 5672">
    <p class='ocr_par' dir='ltr' id='par_1_142' title="bbox 1952 5599 3537 5672">
     <span class='ocr_line' id='line_1_143' title="bbox 1952 5599 3537 5672; baseline 0.005 -20"><span class='ocrx_word' id='word_1_1177' title='bbox 1952 5601 2153 5672; x_wconf 83' lang='lat' dir='ltr'><strong>tertiam</strong></span> <span class='ocrx_word' id='word_1_1178' title='bbox 2199 5601 2413 5672; x_wconf 85' lang='lat' dir='ltr'><strong>pertinet</strong></span> <span class='ocrx_word' id='word_1_1179' title='bbox 2444 5600 2599 5672; x_wconf 86' lang='lat' dir='ltr'><strong>diem.</strong></span> <span class='ocrx_word' id='word_1_1180' title='bbox 2644 5600 2952 5672; x_wconf 84' lang='lat' dir='ltr'><strong>Sicutcnim</strong></span> <span class='ocrx_word' id='word_1_1181' title='bbox 2985 5599 3134 5667; x_wconf 89' lang='lat' dir='ltr'><strong>primi</strong></span> <span class='ocrx_word' id='word_1_1182' title='bbox 3179 5600 3289 5657; x_wconf 88' lang='lat' dir='ltr'><strong>dies</strong></span> <span class='ocrx_word' id='word_1_1183' title='bbox 3326 5618 3537 5671; x_wconf 83' lang='lat' dir='ltr'><strong>propter</strong></span> 
     </span>
    </p>
   </div>
   <div class='ocr_carea' id='block_1_143' title="bbox 1951 5670 3536 5744">
    <p class='ocr_par' dir='ltr' id='par_1_143' title="bbox 1951 5670 3536 5744">
     <span class='ocr_line' id='line_1_144' title="bbox 1951 5670 3536 5744; baseline 0.004 -20"><span class='ocrx_word' id='word_1_1184' title='bbox 1951 5670 2430 5744; x_wconf 13' lang='lat' dir='ltr'><strong>futurumr&#39;ltominis</strong></span> <span class='ocrx_word' id='word_1_1185' title='bbox 2462 5671 2666 5744; x_wconf 87' lang='lat' dir='ltr'><strong>lapsum</strong></span> <span class='ocrx_word' id='word_1_1186' title='bbox 2691 5716 2705 5739; x_wconf 86' lang='lat'><strong>,</strong></span> <span class='ocrx_word' id='word_1_1187' title='bbox 2737 5687 2766 5723; x_wconf 81' lang='grc' dir='ltr'>α</span> <span class='ocrx_word' id='word_1_1188' title='bbox 2794 5671 2908 5724; x_wconf 86' lang='lat' dir='ltr'><strong>luce</strong></span> <span class='ocrx_word' id='word_1_1189' title='bbox 2947 5673 3259 5744; x_wconf 71' lang='lat' dir='ltr'><strong>iunonem,</strong></span> <span class='ocrx_word' id='word_1_1190' title='bbox 3291 5674 3362 5727; x_wconf 88' lang='lat' dir='ltr'><strong>ita</strong></span> <span class='ocrx_word' id='word_1_1191' title='bbox 3403 5670 3491 5730; x_wconf 71' lang='lat' dir='ltr'><strong>isti</strong></span> <span class='ocrx_word' id='word_1_1192' title='bbox 3519 5719 3536 5744; x_wconf 86' lang='lat'><strong>,</strong></span> 
     </span>
    </p>
   </div>
   <div class='ocr_carea' id='block_1_144' title="bbox 1947 5741 3538 5812">
    <p class='ocr_par' dir='ltr' id='par_1_144' title="bbox 1947 5741 3538 5812">
     <span class='ocr_line' id='line_1_145' title="bbox 1947 5741 3538 5812; baseline 0.002 -19"><span class='ocrx_word' id='word_1_1193' title='bbox 1947 5751 2156 5812; x_wconf 86' lang='lat' dir='ltr'><strong>propter</strong></span> <span class='ocrx_word' id='word_1_1194' title='bbox 2177 5743 2396 5796; x_wconf 81' lang='lat' dir='ltr'><strong>hominis</strong></span> <span class='ocrx_word' id='word_1_1195' title='bbox 2426 5743 2820 5807; x_wconf 86' lang='lat' dir='ltr'><strong>reparationem,</strong></span> <span class='ocrx_word' id='word_1_1196' title='bbox 2844 5757 2876 5794; x_wconf 90' lang='lat' dir='ltr'><strong>a</strong></span> <span class='ocrx_word' id='word_1_1197' title='bbox 2897 5741 3114 5795; x_wconf 88' lang='lat' dir='ltr'><strong>tenebris</strong></span> <span class='ocrx_word' id='word_1_1198' title='bbox 3137 5743 3189 5796; x_wconf 89' lang='lat' dir='ltr'><strong>in</strong></span> <span class='ocrx_word' id='word_1_1199' title='bbox 3214 5745 3376 5800; x_wconf 81' lang='lat' dir='ltr'><strong>lucem</strong></span> <span class='ocrx_word' id='word_1_1200' title='bbox 3399 5741 3538 5801; x_wconf 65' lang='lat' dir='ltr'><strong>com;</strong></span> 
     </span>
    </p>
   </div>
   <div class='ocr_carea' id='block_1_145' title="bbox 1949 5812 3538 5883">
    <p class='ocr_par' dir='ltr' id='par_1_145' title="bbox 1949 5812 3538 5883">
     <span class='ocr_line' id='line_1_146' title="bbox 1949 5812 3538 5883; baseline 0.006 -17"><span class='ocrx_word' id='word_1_1201' title='bbox 1949 5825 2218 5883; x_wconf 84' lang='lat' dir='ltr'><strong>putantur.</strong></span> <span class='ocrx_word' id='word_1_1202' title='bbox 2277 5813 2550 5868; x_wconf 85' lang='lat' dir='ltr'><strong>Hactenus</strong></span> <span class='ocrx_word' id='word_1_1203' title='bbox 2578 5812 2678 5870; x_wconf 92' lang='lat' dir='ltr'><strong>SS.</strong></span> <span class='ocrx_word' id='word_1_1204' title='bbox 2723 5815 2909 5869; x_wconf 79' lang='lat' dir='ltr'><strong>Patres</strong></span> <span class='ocrx_word' id='word_1_1205' title='bbox 2938 5813 3006 5870; x_wconf 89' lang='lat' dir='ltr'><strong>de</strong></span> <span class='ocrx_word' id='word_1_1206' title='bbox 3038 5813 3217 5870; x_wconf 88' lang='lat' dir='ltr'><strong>triduo</strong></span> <span class='ocrx_word' id='word_1_1207' title='bbox 3247 5820 3438 5874; x_wconf 87' lang='lat' dir='ltr'><strong>mortis</strong></span> <span class='ocrx_word' id='word_1_1208' title='bbox 3482 5825 3538 5882; x_wconf 75' lang='lat' dir='ltr'><strong>ei</strong></span> 
     </span>
    </p>
   </div>
   <div class='ocr_carea' id='block_1_146' title="bbox 1941 5883 2505 5954">
    <p class='ocr_par' dir='ltr' id='par_1_146' title="bbox 1941 5883 2505 5954">
     <span class='ocr_line' id='line_1_147' title="bbox 1941 5883 2505 5954; baseline -0.004 -14"><span class='ocrx_word' id='word_1_1209' title='bbox 1941 5886 2240 5954; x_wconf 68' lang='lat' dir='ltr'><strong>sepulturae</strong></span> <span class='ocrx_word' id='word_1_1210' title='bbox 2271 5883 2505 5939; x_wconf 88' lang='lat' dir='ltr'><strong>Domini.</strong></span> 
     </span>
    </p>
   </div>
   <div class='ocr_carea' id='block_1_147' title="bbox 2793 6009 3576 6052">
    <p class='ocr_par' dir='ltr' id='par_1_147' title="bbox 2793 6009 3576 6052">
     <span class='ocr_line' id='line_1_148' title="bbox 2793 6009 3576 6052; baseline 0.011 -20"><span class='ocrx_word' id='word_1_1211' title='bbox 2793 6023 3078 6037; x_wconf 73' lang='lat'><strong>.</strong></span> <span class='ocrx_word' id='word_1_1212' title='bbox 3187 6032 3189 6034; x_wconf 91' lang='lat'><strong>.</strong></span> <span class='ocrx_word' id='word_1_1213' title='bbox 3425 6009 3576 6052; x_wconf 65' lang='grc' dir='ltr'><strong>,..ιι,</strong></span> 
     </span>
    </p>
   </div>
  </div>
