3966 6332
585 419 691 485 I99

1897 411 2180 473 JOANNIS
2215 413 2530 473 CASSIANI

3698 434 3787 498 200

582 539 773 610 ejectis
813 534 1082 608 quondam
1124 534 1392 590 idolorum
1433 531 1668 588 cultibus
1697 532 2176 602 exterminatisque
2201 533 2258 593 Α
2283 532 2383 587 bus
2411 533 2527 589 haec
2555 532 2658 588 dici
2687 543 2932 605 possunt.
2958 533 3128 591 Nemo
3153 536 3297 592 enim
3320 549 3387 594 ex
3411 537 3493 596 bis
3518 545 3787 612 anteriorem

584 631 926 700 simulacris,
969 629 1146 685 fecisti
1173 643 1238 684 ex
1273 626 1410 680 lanis
1438 625 1742 681 daemonum
1773 625 1972 693 templa
2006 626 2178 678 virtu-

557 734 722 810 ⁴⁴μυσὶ,
757 724 1004 778 inserens
1031 720 1084 774 in
1115 733 1377 774 cavernas
1405 726 1716 789 serpentum
1745 727 1800 773 et
1828 717 2174 787 scorpionum

559 811 839 888 'lulgentis
865 813 1086 872 luminis
1123 812 1330 880 radios,
1357 820 1415 867 et
1439 827 1504 865 ex
1529 811 1801 866 cubilibus
1833 825 2081 866 errorum
2112 824 2176 865 ac

587 909 982 980 turpitudinum
1013 905 1207 962 domos
1236 914 1678 960 ornamentorum
1711 918 1773 959 ac
1815 902 2174 974 pulchritudi-

587 1016 713 1056 num
758 998 1060 1065 reddidisti,
1091 997 1167 1052 ita
1197 996 1452 1052 omnibus
1487 1012 1716 1067 quorum
1771 997 1958 1052 oeulos
2003 996 2176 1065 caligo

585 1093 860 1149 lta'reticte
903 1089 1271 1162 perversitatis
1314 1089 1527 1145 obsedit
1565 1089 1740 1144 lucem
1789 1087 2176 1144 misericordia:

587 1197 692 1243 tuae
719 1201 784 1242 ac
812 1186 1054 1241 veritatis
1082 1182 1302 1239 infunde
1325 1224 1344 1250 ,
1376 1191 1435 1237 ut
1473 1182 1867 1238 lncarnationis
1913 1191 2021 1236 tua:
2063 1195 2178 1236 ma-

584 1293 747 1350 gnum
774 1292 839 1334 ac
865 1275 1206 1332 salutiferum
1253 1282 1656 1330 sacramentum
1688 1283 1933 1328 reserato
1959 1271 2174 1326 tandem

585 1389 651 1430 ac
677 1387 812 1442 puro
836 1371 1041 1426 lumine
1064 1377 1408 1433 contuentes,
1439 1367 1512 1422 ita
1543 1376 1596 1422 te
1621 1381 1689 1421 ex
1715 1376 2062 1422 sacrosancto
2085 1366 2178 1420 illo

590 1466 952 1524 immaculata:
976 1463 1217 1534 Virginis
1238 1470 1392 1517 utero
1415 1460 1617 1515 editum
1645 1459 1845 1514 mundo
1869 1473 2054 1513 verum
2080 1458 2178 1512 ho-

590 1561 790 1616 minem
819 1573 941 1613 esse
969 1557 1289 1626 intelligant,
1316 1562 1377 1608 ut
1401 1567 1588 1608 verum
1621 1561 1806 1608 tamen
1837 1550 2005 1607 Deutn
2033 1564 2180 1606 sem-

590 1667 690 1724 per
717 1651 884 1708 fuisse
913 1658 1265 1721 cognoscant.

1209 1740 1437 1800 CAPUT
1476 1741 1545 1799 ll.

693 1837 941 1894 Dissolvit
971 1837 1304 1902 objectionem
1333 1843 1588 1902 sumptam
1625 1848 1700 1886 ex.
1719 1829 1826 1885 illis
1862 1827 2026 1885 verbis
2048 1842 2070 1882 :

1051 1925 1163 1962 emo
1193 1909 1501 1960 anteriorem
1531 1921 1584 1958 se
1614 1904 1771 1974 parit.

664 2026 740 2080 Ac
769 2023 1075 2094 priusquam
1096 2020 1162 2076 de
1189 2020 1274 2075 bis
1300 2019 1462 2075 rebus
1488 2017 1637 2088 loqui
1661 2015 1861 2084 incipio
1880 2028 2014 2085 quas
2045 2026 2178 2069 nec-

590 2117 717 2174 dum
757 2117 907 2172 libris
935 2114 1307 2186 superioribus
1351 2112 1666 2183 praelibavi,
1699 2125 1911 2181 aequum
1941 2108 2178 2164 arbitror

591 2221 649 2266 ut
687 2209 862 2266 enitar
901 2208 1186 2265 exsolvere
1225 2223 1345 2276 qua:
1379 2207 1490 2276 jam
1531 2213 1656 2260 ante
1696 2202 1960 2274 promisi,
1991 2211 2050 2258 ut
2076 2219 2175 2257 cx-

592 2307 735 2378 pleta
769 2304 984 2376 penitus
1015 2302 1308 2372 sponsione
1330 2341 1346 2368 ,
1380 2300 1604 2356 liberius
1633 2299 1703 2354 de
1748 2298 1964 2353 intactis
1991 2297 2176 2352 dicere

589 2400 792 2468 ordiar,
834 2413 954 2454 cum
997 2397 1064 2452 de
1103 2395 1358 2467 pollicitis
1397 2394 1738 2451 satisiecero.
1791 2394 1883 2449 Ait
1931 2407 2062 2462 ergo
2107 2391 2177 2447 ad

591 2493 978 2550 destruendam
1011 2505 1182 2546 sacra:
1214 2488 1513 2544 nativitatis
1545 2486 1708 2542 ﬁdem
1737 2485 1965 2541 sibilans
1996 2486 2047 2540 in
2083 2484 2177 2540 Dei

590 2586 830 2643 Ecclesia
863 2600 1035 2640 novus
1065 2582 1290 2639 coluber
1321 2600 1335 2634 :
1367 2591 1392 2618 α
1423 2581 1595 2636 Nemo
1634 2579 1961 2635 anteriorem
1994 2563 2052 2632 se
2083 2593 2177 2648 pa-

587 2681 679 2737 rit.
729 2681 966 2736 Primum
1007 2693 1139 2749 ergo
1176 2684 1233 2733 te
1274 2690 1382 2731 non
1429 2675 1607 2730 solum
1660 2673 1790 2743 qttid
1837 2673 2027 2740 dicas,
2077 2673 2176 2728 sed

588 2772 750 2829 etiam
783 2769 924 2826 unde
955 2770 1104 2826 dicas
1124 2811 1138 2835 ,
1169 2769 1380 2823 nescire
1410 2767 1671 2822 arbitror.
1702 2765 1759 2821 Si
1793 2767 1934 2819 cnitn
1966 2765 2169 2832 scires,

587 2877 683 2921 aut
719 2865 1049 2936 intelligeres
1077 2862 1221 2918 unde
1248 2861 1502 2929 diceres,
1537 2875 1876 2931 nequaquam
1911 2858 2171 2929 unigeniti

587 2960 679 3015 Dei
722 2959 1054 3014 nativitatem
1099 2955 1348 3012 mortalis
1386 2955 1755 3025 opiniunculae
1794 2955 2003 3008 ratione
2039 2968 2172 3006 cen-

585 3067 775 3121 seres;
817 3068 992 3123 neque
1031 3052 1081 3107 ei
1121 3051 1212 3118 qui
1246 3060 1398 3106 extra
1427 3056 1748 3116 conceptum
1781 3047 2035 3102 humanae
2062 3047 2174 3102 ori-

581 3145 724 3216 ginis
752 3154 905 3199 natus
931 3153 1011 3200 est
1033 3183 1049 3209 ,
1078 3142 1331 3197 humanis
1360 3140 1786 3196 deﬁnitiunculis
1818 3140 2172 3208 prmjttdicare

583 3242 864 3302 teutares;
904 3244 998 3289 aut
1039 3243 1281 3290 terrenas
1322 3232 1791 3301 impossibilitates
1830 3233 2026 3288 divinae
2052 3248 2170 3288 om-

2279 641 2342 683 se
2370 627 2594 696 gignere
2624 629 2914 698 praevalet,
2947 629 3070 699 quia
3102 645 3165 686 ea
3205 646 3328 702 quae
3363 642 3476 688 orta
3511 636 3608 706 jam
3635 641 3789 703 iuerint

2279 720 2460 776 redire
2491 721 2549 775 in
2581 720 2631 776 id
2666 736 2882 776 rursum
2915 733 3257 793 non-queunt
3277 765 3294 792 ,
3326 734 3384 780 ut
3409 740 3536 782 nova
3565 734 3786 795 creatione

2277 822 2626 885 generentur.
2672 813 2743 869 Et
2786 814 2908 870 id'eo
2953 830 3113 870 nemo
3159 815 3479 873 anteriorem
3519 833 3575 876 se
3612 837 3788 894 parcre,

2279 906 2532 976 quoniam
2564 921 2664 961 nec
2694 907 3021 962 anteriorem
3063 907 3284 979 gignere
3324 918 3528 980 potest,
3569 915 3676 982 quia
3710 934 3790 974 non

2279 1001 2428 1053 venit
2453 1013 2616 1053 causa
2654 999 2899 1068 pariendi
2933 999 3033 1055 nisi
3062 1015 3129 1056 ex
3160 999 3508 1067 possibilitate
3532 1010 3789 1076 generandi.

2280 1091 2361 1147 Tu
2389 1107 2520 1162 ergo
2551 1093 2603 1146 id
2635 1093 2689 1147 in
2731 1093 3014 1149 nativitate
3045 1093 3435 1164 omnip0tentis
3464 1098 3588 1166 Dei,
3617 1104 3731 1170 quod
3754 1105 3794 1160 in

2278 1195 2402 1241 ortu
2439 1195 2783 1242 terrenorum
2816 1187 3128 1242 animalium
3170 1191 3604 1248 considerandum
3640 1201 3794 1265 putas?

2280 1287 2336 1332 et
2373 1279 2422 1333 ei
2465 1287 2713 1333 naturam
2742 1279 2991 1335 humana:
3019 1280 3353 1336 conditionis
3384 1282 3602 1349 obiicis,
3637 1288 3713 1355 qui
3736 1300 3797 1344 est

2280 1379 2474 1425 auctor
2501 1369 2615 1440 ipse
2643 1371 2894 1426 naturae?
2928 1370 3090 1427 Vides
3117 1387 3250 1443 ergo
3269 1413 3286 1440 ,
3318 1383 3374 1428 ut
3401 1388 3555 1444 supra
3579 1376 3702 1443 dixi.
3727 1397 3796 1435 ne-

2279 1461 2424 1517 scire
2455 1471 2508 1518 te
2539 1461 2682 1518 unde
2711 1472 2804 1517 aut
2833 1463 2900 1518 de
2927 1478 3036 1532 quo
3065 1463 3216 1519 dicas
3237 1505 3255 1532 ,
3284 1465 3374 1534 qui
3404 1464 3623 1523 facturas
3648 1468 3796 1528 lactari

2279 1569 2598 1625 comparas,
2645 1565 2700 1610 et
2747 1556 2812 1612 ad
2857 1556 3230 1612 aestimandam
3277 1557 3374 1614 Dei
3412 1560 3797 1630 omnipotentiam

2280 1664 2479 1712 earum,
2499 1664 2680 1705 rerum
2708 1649 2958 1719 exemplo
2988 1651 3160 1706 uteris
3181 1693 3197 1718 ,
3231 1647 3354 1722 qua:
3384 1653 3508 1722 ipsa:
3536 1656 3698 1725 utique
3719 1673 3797 1712 non

2281 1751 2466 1798 essent
2483 1783 2500 1809 ,
2531 1743 2635 1797 nisi
2669 1742 2903 1813 idipsum
2931 1757 2998 1798 ex
3024 1742 3138 1799 Deo
3164 1752 3349 1799 essent
3373 1744 3514 1814 quod
3540 1755 3668 1801 sunt.
3695 1749 3800 1804 Deus

2279 1850 2412 1906 ergo
2436 1845 2499 1890 ut
2525 1834 2734 1903 voluit,
2763 1845 2819 1890 et
2845 1835 3064 1905 quando
3090 1835 3300 1906 voluit,
3341 1844 3396 1892 et
3431 1851 3494 1892 ex
3532 1851 3590 1893 ea
3624 1853 3711 1909 qua
3729 1855 3802 1894 vo-

2204 1925 2257 1987 B
2281 1931 2412 1996 luit,
2440 1930 2680 1986 advenit.
2708 1929 2818 1984 Nec
2843 1937 3057 1999 tempus
3081 1930 3129 1984 ei
3152 1969 3169 1996 ,
3198 1943 3300 1984 nec
3327 1943 3545 1999 persona
3563 1970 3579 1996 ,
3602 1945 3688 1986 nec
3705 1946 3802 1987 con-

2279 2023 2508 2078 suetudo
2539 2021 2852 2088 hominum,
2887 2036 2988 2085 nec
3018 2022 3272 2092 exempla
3314 2036 3495 2077 rerum
3534 2021 3802 2093 prmjttdica-

2280 2125 2438 2181 runt;
2469 2117 2595 2186 quia
2624 2115 2889 2171 obsistere
2915 2115 2966 2170 ei
2997 2130 3104 2170 non
3133 2114 3310 2184 potuit
3341 2115 3426 2169 lex
3453 2123 3799 2182 creaturarum,

2279 2211 2368 2281 qui
2407 2218 2489 2264 est
2528 2217 2742 2266 creator
2787 2208 2905 2279 ipse
2944 2216 3291 2264 cunctorum.
3334 2205 3403 2262 Et
3443 2221 3592 2276 posse
3617 2207 3658 2263 ei
3691 2207 3800 2278 quod

2280 2304 2451 2358 voluit
2490 2312 2800 2373 promptum
2842 2301 2979 2368 fuit,
3019 2302 3142 2373 quia
3188 2310 3426 2371 potestas
3464 2300 3621 2354 adluit
3657 2301 3804 2355 volun-

2280 2397 2398 2451 tati.
2429 2396 2522 2452 Vis
2561 2397 2704 2454 scire
2744 2396 3085 2466 aliquatenus
3126 2404 3327 2462 quanta
3369 2395 3439 2450 sit
3479 2395 3804 2462 omnip0tentia

2279 2489 2422 2544 Dei?
2447 2503 2549 2558 ego
2577 2488 2628 2543 id
2659 2487 2823 2544 etiam
2852 2488 3144 2543 Dominum
3171 2488 3244 2542 de
3268 2487 3527 2542 creaturis
3549 2484 3648 2540 suis
3669 2485 3804 2541 facere

2278 2596 2438 2652 posse
2462 2581 2628 2636 credo
2645 2621 2662 2648 ,
2693 2580 2836 2651 quod
2866 2587 2925 2634 tu
2951 2594 3073 2634 eum
3099 2579 3168 2634 de
3193 2594 3257 2633 se
3286 2577 3402 2649 ipso
3429 2577 3596 2632 facere
3619 2577 3806 2645 potuisse

2279 2690 2387 2730 non
2417 2673 2618 2729 credis.
2650 2671 2841 2728 Omnia
2871 2671 3016 2726 enim
3061 2671 3362 2726 animantia
3401 2685 3517 2740 quae
3557 2670 3805 2739 posteriora

2278 2784 2336 2824 se
2359 2767 2655 2838 parinnt.,'si
2687 2766 2846 2821 modo
2873 2764 2924 2819 id
2953 2765 3096 2820 Deus
3114 2764 3326 2835 jubcat,
3345 2763 3373 2802 ι)
3399 2764 3652 2820 anteriora
3671 2762 3806 2818 multo

2278 2876 2340 2918 se
2367 2876 2560 2931 parere
2597 2867 2844 2930 possunt.
2887 2857 3020 2912 Nam
3046 2865 3102 2912 et
3128 2855 3362 2930 cibi'ipsi
3401 2864 3453 2910 et
3481 2853 3682 2925 pocula,
3703 2855 3805 2910 sica

2277 2955 2588 3011 Divinitatis
2628 2955 2882 3008 Voluntas
2919 2951 3025 3021 sit,
3072 2951 3141 3011 in,
3166 2958 3466 3021 conceptus
3505 2948 3734 3021 quosdam
3763 2958 3805 3004 et

2275 3050 2562 3120 progenies
2591 3048 2729 3102 verti
2757 3054 3003 3117 possunt.
3053 3044 3223 3113 Aquae
3265 3042 3498 3114 denique
3533 3042 3680 3112 ipsae,
3717 3040 3806 3108 qui-

2274 3141 2378 3197 bus
2403 3140 2472 3195 ab
2501 3139 2725 3195 exordio
2755 3153 2933 3194 rerum
2966 3135 3316 3191 manantibus
3337 3177 3353 3203 ,
3378 3144 3433 3191 et
3455 3134 3635 3206 quibus
3661 3133 3805 3187 admo-

2274 3235 2402 3291 dum
2430 3234 2608 3289 omnia
2632 3232 2929 3287 animantia
2952 3240 3202 3296 utuntur,
3229 3227 3506 3300 corporari
3526 3270 3540 3296 ,
3563 3227 3602 3282 si
3630 3224 3675 3281 id
3694 3227 3804 3281 Deus

583 3327 896 3400 nip0tentize
934 3326 1237 3397 objiceres,
1278 3325 1324 3381 si
1368 3325 1482 3381 Deo
1514 3324 1850 3396 impossibile
1883 3325 2017 3379 nihil
2047 3340 2169 3382 esse
2197 3311 2244 3377 C
2272 3329 2497 3400 jubeat,
2531 3326 2586 3381 in
2628 3323 2933 3380 visceribus
2971 3331 3027 3378 et
3069 3321 3216 3392 gigni
3261 3329 3502 3391 possunt.
3544 3317 3660 3386 Quis
3691 3317 3805 3371 enim

581 3420 949 3491 cognovisses.
983 3415 1155 3473 Nemo
1180 3431 1310 3488 ergo
1329 3457 1344 3482 ,
1375 3417 1551 3486 inquis
1573 3457 1590 3483 ,
1623 3416 1956 3472 anteriorem
1987 3432 2047 3474 se
2075 3434 2169 3489 pa-

579 3513 672 3568 rit.
707 3511 803 3567 Dic
831 3510 963 3566 milti
987 3551 1002 3574 ,
1029 3524 1215 3581 quaeso
1237 3549 1252 3574 ,
1281 3509 1349 3563 de
1373 3507 1571 3578 quibus
1596 3518 1649 3561 te
1681 3507 1827 3579 loqui
1857 3510 2070 3576 causis,
2101 3510 2170 3567 de

579 3619 807 3676 quorum
833 3602 1184 3657 animantium
1211 3593 1454 3656 aestimas
1471 3598 1702 3655 definire
1729 3601 1976 3656 naturis?
1999 3601 2168 3658 homi-

578 3698 736 3752 nibus
765 3703 817 3750 te
843 3710 907 3750 an
938 3695 1097 3760 leris,
1122 3693 1312 3748 avibus
1338 3709 1405 3747 an
1437 3693 1734 3760 pecudibus
1763 3693 1933 3764 legem
1966 3710 2168 3764 ponere

576 3788 778 3862 putas?
806 3787 910 3843 Ista
942 3787 1086 3844 enim
1117 3795 1239 3842 sunt
1272 3793 1326 3842 et
1363 3785 1467 3840 alia
1500 3784 1874 3856 hujuscemodi
1899 3827 1915 3853 ,
1947 3787 2016 3842 de
2045 3791 2166 3859 qui-

2276 3421 2446 3477 sacris
2473 3417 2726 3488 operibus
2757 3415 2976 3472 modum
3017 3421 3256 3480 statuet,
3291 3422 3381 3468 aut
3411 3411 3632 3466 divinam
3663 3409 3804 3477 provi-

2277 3513 2518 3571 dentiam
2548 3508 3001 3566 circumscrihet?
3027 3517 3118 3563 aut
3150 3519 3172 3547 ο
3201 3507 3354 3578 quis,
3380 3515 3437 3560 tit
3463 3504 3695 3574 scriptum
3720 3509 3804 3566 est,

2276 3606 2408 3662 dicit
2433 3606 2517 3660 ei:
2553 3603 2690 3671 Quid
2727 3601 2896 3672 fecisti
2929 3597 3130 3670 (Isaite
3151 3615 3261 3654 va
3287 3599 3350 3671 )?
3383 3597 3440 3654 Si
3479 3610 3632 3666 negas
3663 3590 3805 3649 omnia

2276 3701 2445 3755 Deum
2478 3709 2638 3767 posse
2659 3739 2674 3765 ,
2707 3710 2841 3765 nega
2871 3694 3198 3748 anteriorem
3227 3693 3379 3747 nasci
3411 3706 3477 3746 ex
3510 3687 3657 3744 Maria
3678 3726 3692 3752 ,
3718 3684 3805 3738 Deo

2277 3799 2532 3846 nascente
2553 3831 2567 3855 ,
2605 3785 2868 3858 potuisse.
2901 3786 2958 3841 Si
2990 3793 3175 3840 autem
3205 3780 3539 3855 impossibile
3566 3778 3666 3834 Deo
3698 3771 3803 3831 nihil

1644 3899 1902 3954 ALARDI
1941 3899 2178 3959 GAZ/El
2214 3899 2789 3963 COMMENTARlUS.

649 4031 674 4057 ιι
712 4018 791 4074 De
828 4017 932 4073 hoc
970 4015 1201 4071 Nestorii
1240 4013 1510 4070 axiomate
1540 4012 1835 4083 aliquoties
1862 4014 2073 4084 egimus
2101 4018 2156 4072 in

578 4087 1030 4162 prmcetleiitibtis.

648 4162 673 4200 ι)
697 4158 1140 4231 Μεεηοίίιηὶἀθη)
1170 4157 1431 4231 iniractdo
1463 4155 1512 4210 id
1530 4155 1696 4231 lieret
1717 4197 1731 4219 ,
1753 4155 1983 4231 sitieret
2009 4160 2158 4231 quod

576 4227 867 4300 numquam
897 4227 1094 4284 factum
1123 4228 1342 4299 legitur,
1372 4237 1429 4283 ut
1454 4229 1655 4282 animal
1680 4227 1948 4300 quoddam
1973 4229 2119 4285 aliud
2139 4272 2155 4297 ,

615 4299 895 4365 uodprius
921 4300 1161 4367 exstitit,
1190 4300 1386 4354 animal
1414 4299 1480 4352 de
1505 4315 1648 4352 novo
1673 4299 1917 4368 gigneret
1941 4315 2006 4354 ac
2034 4317 2157 4370 pro-

615 4321 719 4358 una
749 4321 895 4365 prius
921 4321 1126 4356 exsuttt
1145 4341 1161 4367 ,
1190 4321 1386 4354 atumat
1414 4321 1480 4352 uc
1505 4321 1648 4352 nuvu
1673 4321 1917 4368 gigneret
1941 4321 2006 4354 ac
2034 4321 2157 4370 pro-

574 4321 796 4431 ﬂuccret
815 4372 1174 4446 ‘(quodesset
1220 4373 1463 4425 anterius
1495 4385 1555 4446 s_e
1601 4385 1812 4446 parere.
1856 4375 2157 4446 secundum

575 4447 740 4500 verba
787 4439 1080 4510 Nestorii),
1124 4457 1230 4496 non
1275 4451 1456 4496 tamen
1501 4440 1612 4494 Deo
1656 4439 2008 4509 impossibili,
2055 4459 2153 4500 nec

576 4527 682 4572 tatu
715 4514 1054 4583 admirabili,
1095 4528 1158 4567 ac
1198 4512 1798 4584 supernatnraliquam
1826 4521 1912 4566 est
1953 4529 2152 4584 tnySIe-

573 4588 712 4643 rium
743 4584 1159 4640 lnc‘arn-ationis.
1196 4583 1379 4638 Potest
1407 4583 1549 4637 enim
1582 4582 1724 4637 Deus
1753 4583 1892 4636 idetn
1925 4582 2152 4642 munero

572 4673 770 4722 corpus
810 4657 1173 4720 exstinctum,
1221 4655 1386 4708 immo
1429 4653 1486 4708 itt
1528 4667 1636 4725 sua,
1666 4655 1836 4721 prima
1870 4655 2151 4725 principia

572 4728 904 4794 resolutum,
951 4727 1274 4790 restituere,
1319 4734 1378 4778 ut
1419 4733 1564 4780 certa
1612 4724 1715 4779 tide
1757 4724 2038 4781 credimus
2069 4724 2151 4784 de

569 4801 972 4856 resurrectione
1001 4796 1300 4852 hominum.
1333 4795 1522 4850 PoteSt
1551 4804 1605 4849 et
1645 4794 1712 4850 de
1752 4795 2016 4864 lapidibus
2054 4815 2147 4854 su-

569 4872 773 4927 scitare
806 4870 946 4924 lilios
977 4868 1236 4934 Abrahae,
1277 4877 1331 4921 et
1363 4876 1468 4920 tam
1500 4865 1570 4921 de
1606 4866 1759 4936 aquis
1788 4882 1946 4936 quant
1978 4867 2044 4922 de
2071 4870 2150 4924 ci-

569 4942 654 4999 bis
683 4953 738 4998 et
772 4941 984 5010 potibus
1020 4939 1294 5010 hominem
1326 4938 1408 4992 vel
1443 4936 1669 5010 quodvis
1709 4938 1907 4991 animal
1950 4943 2149 5006 produ-

567 5029 731 5080 cere;
760 5003 947 5080 sicque
976 5010 1085 5064 cibi
1115 5009 1215 5079 ipsi
1247 5020 1298 5064 et
1332 5011 1518 5076 pocula
1563 5008 1618 5062 in
1656 5003 1960 5080 conceptus
1981 5027 2146 5078 quos-
2173 5003 2228 5064 D
2253 5013 2332 5068 nit
2363 5003 2420 5068 S'.
2456 5012 2694 5068 Thomas

565 5086 691 5141 dam
718 5079 796 5138 ac
840 5079 1121 5152 progenies
1165 5088 1525 5152 verterentur,
1575 5091 1633 5152 ut
1681 5079 1766 5134 hic
1813 5081 2030 5136 dicitur.
2081 5084 2147 5138 Et.

567 5150 853 5212 vertuntur
881 5150 1010 5208 sane
1036 5152 1198 5206 etiam
1227 5153 1359 5205 citra
1389 5150 1706 5205 miraculum
1726 5192 1740 5214 ,
1769 5164 1902 5215 etc.,
1933 5153 2057 5206 dum
2091 5155 2145 5210 in

567 5226 922 5284 substantiam
955 5222 1071 5276 aliti
1099 5234 1152 5276 et
1186 5223 1236 5275 itt
1273 5222 1551 5276 materiam
1589 5223 1946 5276 Sementinam
1991 5237 2146 5278 natu-

565 5299 751 5354 raliter
794 5301 1206 5359 convertuntttr,
1257 5295 1401 5347 unde
1450 5293 1588 5346 fetus
1624 5305 1676 5347 et
1719 5294 2006 5363 progenies
2044 5311 2144 5350 na-

564 5376 826 5433 scuntur;
857 5381 957 5434 qua
991 5366 1199 5436 ratione
1229 5363 1288 5436 lit
1314 5375 1372 5419 ut
1405 5363 1596 5429 homo,
1639 5367 1722 5418 vel
1765 5368 2146 5436 quodetimque

566 5439 767 5496 animal
788 5481 804 5502 ,
831 5434 1155 5492 anteriorem
1178 5478 1194 5503 ,
1225 5435 1276 5490 id
1303 5447 1386 5491 eSt
1406 5479 1420 5503 ,
1447 5437 1808 5506 antiquiorem
1837 5453 1895 5492 se
1921 5434 2144 5506 gignere

565 5527 630 5568 ac
656 5526 847 5581 parere
869 5509 1270 5581 quodammodo
1294 5508 1562 5581 videatur,
1592 5509 1716 5561 dum
1745 5508 1796 5562 id
1825 5513 1965 5581 quod
1995 5509 2144 5579 prius

566 5579 773 5639 exstitit
825 5579 1078 5636 iu‘aliam
1127 5580 1480 5634 substantiam
1528 5584 1773 5648 emergit.
1821 5579 1936 5646 Qua
1981 5583 2144 5637 etiam

565 5655 776 5710 ratione
804 5669 993 5722 aquae,
1039 5667 1160 5722 quae
1201 5661 1324 5704 ante
1369 5649 1639 5705 hominem
1685 5652 2046 5716 eustiterunt,
2091 5661 2145 5707 et

565 5724 794 5797 proinde
822 5724 1123 5797 anteriores
1153 5723 1369 5797 homine
1408 5730 1532 5776 sunt
1555 5765 1568 5788 ,
1617 5724 1668 5797 in
1702 5737 1945 5797 corp0rc_
1968 5724 2142 5797 liomif

566 5792 654 5853 itis
679 5798 954 5866 corporari
973 5839 988 5863 ,
1018 5795 1069 5850 id
1097 5804 1212 5857 est,
1241 5796 1294 5847 iii
1321 5808 1520 5863 corpus
1544 5794 1839 5866 animatum
1867 5792 2141 5849 cliorniari

565 5865 792 5942 queunt.
843 5870 912 5922 At
954 5866 1228 5942 quomodo
1273 5873 1401 5921 tunc
1434 5881 1569 5934 aqua
1605 5868 1688 5920 vel
1725 5865 1889 5942 homo
1928 5866 2142 5942 dicatur

563 5937 893 5999 interiorem
931 5937 1016 5997 vel
1055 5939 1296 5997 anterius
1331 5953 1390 5995 se
1425 5951 1650 6009 parere,
1691 5947 1748 5994 ut
1786 5937 2001 5996 videtur
2031 5939 2140 5996 Au-

2219 4059 2226 4066 .
2264 4031 2385 4074 ctor
2412 4017 2690 4080 indicare,
2729 4023 2880 4071 certe
2917 4030 3023 4072 non
3061 4014 3254 4079 video,
3301 4013 3403 4070 nisi
3439 4025 3597 4082 aquas
3632 4008 3681 4063 in
3715 4012 3804 4059 tota

2263 4091 2444 4160 specie
2474 4089 2805 4158 accipiamus
2836 4103 2955 4155 qua:
2985 4087 3412 4160 antehominem
3438 4083 3657 4160 condita}
3680 4087 3798 4160 sunt.

2260 4149 2404 4231 q'nod
2435 4161 2504 4214 de
2530 4149 2665 4215 cibis
2699 4149 2884 4231 itidem
2916 4173 2979 4212 ac
3012 4157 3229 4225 potibus
3259 4157 3367 4212 dici
3401 4163 3592 4231 putcst.
3623 4154 3684 4204 At
3711 4149 3804 4201 hinc

2262 4227 2511 4300 exempla
2545 4247 2649 4284 non
2679 4230 2908 4284 multum
2938 4244 3166 4299 urgere,
3197 4231 3333 4300 satis
3365 4227 3683 4300 perspicuum
3707 4230 3803 4300 est;

2262 4291 2442 4372 neque
2479 4304 2638 4356 aliter
2677 4317 2706 4354 a
2747 4291 3249 4372 Cassiano'prolata
3295 4291 3613 4372 fui'sse,'ni-si
3645 4291 3804 4372 ntali:

2260 4361 2529 4445 quatenus
2569 4388 2684 4445 retu
2721 4361 3061 4441 exponeret,
3101 4379 3157 4425 et
3193 4371 3371 4426 obiter
3397 4361 3687 4445 ostenderet
3711 4361 3804 4442 ﬁeri

2262 4443 2424 4516 posse
2465 4461 2561 4515 per
2599 4443 2835 4497 divinam
2881 4445 3177 4516 potentiam
3219 4444 3802 4516 utposterioranterto-

2261 4507 2376 4572 rem
2405 4507 2480 4570 se'
2495 4515 2700 4584 pariat,
2729 4507 2918 4569 contra
2943 4512 3187 4584 Nestorii
3208 4507 3456 4577 axioma;
3488 4507 3696 4581 proinde
3719 4516 3801 4584 non

2258 4603 2382 4643 esse
2434 4573 2545 4642 Deo
2589 4573 2924 4654 impossibile
2964 4593 3024 4638 ut
3064 4583 3228 4639 Maria
3273 4573 3596 4639 anteriorem
3634 4591 3687 4654 se
3726 4573 3802 4654 Dei

2258 4658 2456 4713 Filium
2489 4649 2776 4727 pepererit,
2794 4665 3086 4711 attestante
3113 4659 3330 4723 angelo,
3350 4655 3473 4727 quia
3499 4667 3594 4727 non
3615 4649 3802 4727 gitim-

2259 4719 2503 4798 possibile
2535 4719 2677 4798 apud
2704 4719 3058 4798 Deumiomne
3097 4719 3491 4796 uerbuntl'Luc.
3515 4724 3585 4798 t).
3709 4719 3802 4798 ἱρειξ

2255 4791 2538 4855 Salvatore
2571 4791 2834 4854 dicente:
2872 4797 3052 4862 Pater,
3090 4801 3263 4852 omnia
3304 4791 3396 4852 tibi
3436 4791 3686 4865 possibilia
3705 4793 3802 4841 sunt

2254 4870 2450 4942 (Marc.
2492 4869 2642 4939 λιν),
2680 4885 2800 4940 quae
2829 4860 3049 4942 scilicet
3085 4871 3360 4942 possibilia
3402 4860 3526 4923 sunt
3553 4860 3799 4942 absolute.

2253 4938 2350 4996 Seu
2386 4958 2505 5010 qua:
2545 4938 2650 4995 neu
2693 4938 2972 5008 implicant
3011 4938 3536 5004 contradiCtionem,
3578 4938 3804 5010 ut_exito-

2734 5000 2923 5082 (l’art.
2954 5028 2992 5072 ι,
3024 5029 3076 5082 q.
3105 5011 3207 5079 25,
3239 5021 3338 5065 art.
3370 5013 3452 5082 5-),
3489 5000 3602 5079 post
3628 5002 3686 5057 D.
3714 5000 3800 5053 Au-

2251 5086 2531 5155 gustinum
2561 5084 2657 5138 lih.
2691 5098 2724 5155 v
2752 5083 2820 5138 de
2851 5081 3084 5138 Civitate
3120 5084 3209 5155 Dei
3242 5097 3362 5152 cap.
3400 5081 3484 5155 i0.

2331 5167 2350 5194 ε
2387 5155 2560 5209 Locus
2589 5164 2674 5209 est
2701 5153 2853 5209 Isaiae
2873 5194 2889 5219 ,
2918 5155 3008 5222 qui
3039 5155 3088 5207 in
3123 5140 3345 5222 Vulgata
3371 5143 3699 5222 editionesic
3724 5140 3800 5222 ha:

2253 5227 2380 5282 bet:
2417 5225 2684 5295 Numquid
2714 5226 2840 5278 dicit
2877 5212 3045 5277 lutum
3084 5212 3401 5295 ﬁguloisuo.
3433 5220 3566 5295 Quid
3584 5215 3734 5295 facit,
3758 5212 3797 5291 et

2252 5315 2383 5362 Opus
2425 5290 2786 5365 tuum'absque
2815 5295 3052 5351 manibus
3082 5290 3201 5350 est?
3239 5294 3325 5348 γω
3366 5297 3452 5363 qui
3495 5290 3614 5365 dicit
3650 5290 3793 5365 patritus

2257 5351 2393 5436 Quid
2421 5367 2677 5440 generos?
2700 5351 2749 5421 et
2780 5367 3176 5440 ntttlieri,_Quid
3213 5351 3438 5440 periuris
3461 5363 3604 5440 ?_l)u_i
3635 5351 3796 5440 studiis

2253 5427 2403 5494 locus
2421 5427 2701 5495 "Jeromite
2751 5455 2926 5493 xvut:
2975 5427 3247 5504 Nu'mqui'd
3292 5442 3424 5507 sicut
3473 5431 3650 5507 ﬁgulus
3680 5427 3794 5507 iste.

2248 5528 2356 5635 gon
2383 5520 2562 5583 potero
2591 5512 2727 5564 vobis
2755 5512 2926 5578 facere
2946 5551 2960 5572 ,
2993 5510 3176 5563 domus
3208 5506 3421 5562 Israel?
3448 5503 3521 5560 ait
3552 5503 3822 5575 Dominus.‘

2301 5599 2383 5635 cce
2407 5585 2536 5635 sicut
2564 5583 2726 5635 lutum
2753 5583 2808 5635 in
2837 5599 2990 5635 manu
3020 5581 3190 5635 ﬁauli.
3221 5581 3294 5634 sic
3319 5595 3405 5632 vos
3434 5580 3486 5632 itt
3508 5587 3654 5629 manu
3681 5579 3816 5635 tota!"

2301 5579 2536 5636 cce'st'cut
2564 5583 2726 5635 lutum
2753 5583 2808 5636 in
2837 5599 2990 5635 manu
3017 5581 3190 5653 ﬁguli.
3221 5581 3294 5634 sic
3319 5595 3405 5632 vos
3434 5580 3486 5653 in
3508 5587 3654 5653 manu
3681 5579 3816 5653 W335

2248 5632 3108 5717 signa;'i‘trai;"dissiliens
3132 5632 3391 5706 imit—atus
3430 5642 3699 5717 Apostolus
3738 5632 3793 5711 at!

2247 5722 2521 5778 Romanos
2572 5740 2624 5778 Ix
2667 5723 2858 5778 scribit
2902 5740 2917 5776 :
2967 5723 3237 5793 Numquid
3286 5721 3408 5775 dicit
3449 5717 3792 5793 ﬁgtttenlumf‘

2244 5797 2334 5865 qui
2366 5812 2420 5849 se
2458 5795 2609 5864 ﬁnxit
2629 5811 2648 5848 :
2681 5794 2820 5858 Quid
2851 5810 2931 5848 me
2962 5787 3132 5865 fecisti
3153 5794 3267 5849 sic?
3297 5787 3643 5865 Annott'ltabel
3667 5789 3790 5865 ηεεξς

2243 5848 2428 5922 statem
2450 5848 2642 5936 ['ioulus
2663 5848 2758 5921 luti
2784 5881 2848 5920 ea:
2870 5848 3047 5922 eadem
3073 5848 3252 5921 massa
3269 5848 3434 5936 [dcere
3458 5857 3594 5936 aliud
3612 5848 3792 5927 (litim

2242 5953 2332 5993 vas
2359 5940 2407 5993 in
2437 5933 2681 5998 honorem
2703 5977 2718 6006 ,
2750 5939 2896 5992 aliud
2925 5955 3037 5994 vero
3071 5941 3119 5993 in
3151 5933 3547 5992 corttittnelt’attt?
