3966 6332
434 266 542 325 205

435 473 708 547 quomodo
736 471 1006 540 disparem
1036 481 1065 520 a
1093 464 1175 519 sui
1208 461 1469 533 qualitate
1506 457 1869 513 substantiam
1911 455 2025 513 dis-

434 582 532 637 par
560 573 749 620 natura
777 557 1095 632 generavit?
1128 549 1427 623 praesertim
1469 564 1591 605 cum
1636 548 1687 604 id
1732 548 1874 618 quod
1917 548 2025 604 Do-

435 658 647 713 minicze
687 652 953 710 nativitati
998 646 1229 703 maxime
1269 642 1560 712 convenit,
1603 640 1888 697 nobilioris
1928 640 2026 696 ad-

431 750 651 808 modum
682 749 762 804 rei
788 755 939 802 ortus
967 758 1033 799 ex
1065 739 1331 796 inferiore
1363 736 1736 809 processerit?
1769 735 1863 792 Dic
1891 734 2022 791 mihi

427 861 562 915 ergo
610 839 880 914 quomodo
922 852 989 893 ex
1038 835 1128 891 illa
1174 848 1329 904 aqum
1375 831 1723 903 simplicitate
1769 831 2021 903 egregius

429 937 538 991 vini
588 944 641 990 et
667 929 1001 987 admirabilis
1053 941 1218 997 sapor
1263 934 1424 981 natus
1473 922 1588 979 sit?
1632 924 1906 995 quomodo
1949 923 2022 979 sit

427 1026 574 1083 aliud
597 1025 872 1088 haustum,
896 1019 1043 1077 aliud
1067 1018 1343 1075 infusum?
1368 1016 1903 1087 Numquid'cisterna
1927 1015 2018 1071 illa
2053 1013 2058 1017 ’

426 1118 511 1172 vel
558 1125 747 1186 puteus
793 1114 932 1167 hanc
976 1120 1221 1166 naturam
1266 1108 1491 1176 habuit,
1537 1117 1595 1163 ut
1636 1123 1805 1179 aquas
1845 1123 1916 1164 ex
1958 1121 2019 1163 se

423 1221 672 1282 sumptas
708 1211 761 1265 in
803 1209 1007 1278 optima
1038 1205 1158 1261 vina
1192 1204 1464 1261 mutaret?
1496 1207 1602 1258 Aut
1634 1203 1893 1274 numquid
1926 1219 2021 1258 va-

423 1321 605 1363 sorum
636 1304 689 1360 id
720 1302 988 1374 qualitas,
1023 1310 1119 1355 aut
1149 1297 1524 1355 ministrorum
1556 1297 1666 1367 egit
1707 1297 1973 1352 industria
1993 1297 2019 1351 ?

422 1396 562 1455 nihil
594 1399 777 1467 utique
807 1395 1023 1449 horum.
1057 1392 1125 1447 Et
1152 1390 1426 1462 quomodo
1465 1388 1596 1444 lacti
1635 1390 1773 1444 ratio
1813 1389 2018 1458 cogita-

426 1492 572 1547 tione
598 1488 781 1545 cordis
811 1501 917 1542 non
947 1480 1449 1553 comprehenditur,
1490 1494 1617 1537 cum
1657 1479 1783 1536 facti
1834 1491 2012 1537 tamen

420 1585 621 1640 veritas
648 1581 999 1639 conscientiae
1024 1578 1285 1633 ﬁrmitate
1310 1574 1649 1633 servetur?ll
1669 1572 1827 1631 Caeco
1852 1589 2017 1645 super

422 1676 611 1732 oculos
642 1676 697 1729 in
730 1671 1031 1743 Evangeiio
1058 1668 1277 1744 (Joann.
1304 1668 1389 1741 Ix)
1418 1668 1589 1723 lutum
1623 1667 1858 1737 positum
1886 1677 2009 1735 est,

1770 248 2054 308 JOANNIS
2091 246 2403 308 CASSIANI
2714 316 2719 321 ,

436 384 533 440 ima
576 382 760 435 vinum
786 378 855 433 de
878 375 1034 446 aquis
1063 370 1296 442 legimus
1325 370 1345 440 (
1371 360 1564 422 Joann.
1594 380 1634 421 ll
1663 364 1703 436 ).
1748 364 1845 420 Dic
1885 364 2020 421 mihi
2046 369 2098 430 Α
2125 374 2244 421 tens
2299 366 2439 420 Deus
2494 375 2652 420 natus
2700 374 2821 432 est,
2864 367 2998 423 dicis
3030 387 3041 421 :
3078 368 3432 429 Homoousios
3470 360 3672 448 parienti

3582 264 3682 369 10%

2127 457 2289 515 debet
2316 472 2439 515 esse
2460 456 2712 516 nativitas
2743 461 2936 533 :quasi
2969 477 3100 517 vero
3130 478 3252 520 cum
3273 467 3500 534 quolibet
3522 472 3672 532 homi-

2127 567 2253 606 num
2278 551 2528 609 humanis
2550 551 2763 624 legibus
2786 568 2938 624 agas,
2960 556 3043 609 cui
3065 554 3530 625 impossibilitatem
3546 560 3673 625 suam

2125 643 2374 715 objicias,
2417 660 2579 717 quem
2614 657 2828 704 terrena
2868 647 3180 705 inﬁrmitate
3218 652 3512 710 concludas.
3538 656 3675 715 Com-

2124 751 2340 793 munem
2390 739 2631 796 omnium
2675 741 2814 797 dicis
2852 732 3222 799 conditionem
3262 759 3380 802 esse
3418 753 3673 820 nascendi,

2123 831 2369 887 eamdem
2395 833 2573 907 legem
2598 850 2722 891 esse
2745 836 3079 909 generandi;
3102 852 3209 894 non
3234 840 3468 908 potuisse
3488 846 3677 915 penitus

2121 920 2175 977 in
2211 924 2566 983 universitate
2610 931 2830 996 generis
2881 928 3100 985 humani
3141 931 3232 986 uni
3278 941 3473 989 tantum
3502 936 3677 996 homini

2120 1017 2462 1089 contingere,
2496 1020 2640 1090 quod
2672 1023 2908 1077 vetuerit
2941 1023 3083 1079 Deus
3111 1023 3368 1081 omnibus
3398 1031 3673 1096 provenire.

2119 1110 2236 1167 Non
2268 1112 2531 1181 intelligis
2554 1113 2625 1170 de
2648 1124 2759 1186 quo
2786 1115 2957 1183 dicas,
2985 1132 3090 1171 non
3122 1115 3271 1172 vides
3293 1117 3360 1173 de
3390 1136 3488 1187 quo
3518 1121 3679 1192 loqua-

2119 1208 2194 1260 ris
2218 1221 2234 1262 :
2264 1207 2391 1277 quia
2409 1217 2602 1263 auctor
2622 1208 2812 1280 utique
2836 1210 3081 1265 omnium
3108 1210 3468 1267 conditionum
3494 1226 3543 1269 et
3566 1230 3679 1272 cun-

2117 1307 2323 1355 ctarum
2357 1300 2447 1356 lex
2473 1310 2789 1358 naturarum
2818 1312 2922 1370 est,
2948 1319 3049 1374 per
3071 1320 3230 1375 quem
3254 1313 3355 1374 est,
3376 1315 3430 1361 et
3451 1308 3677 1380 quidquid

2119 1390 2284 1447 homo
2309 1403 2508 1464 potest,
2523 1405 2577 1450 et
2602 1396 2861 1466 quidquid
2880 1412 2984 1451 non
3005 1407 3211 1467 potest;
3232 1400 3355 1469 quia
3380 1401 3487 1463 ipse
3504 1404 3680 1458 utrius-

2117 1498 2224 1551 que
2255 1486 2335 1540 rei
2367 1487 2584 1555 penitus
2621 1489 2837 1545 modum
2874 1490 3089 1558 statuit,
3133 1499 3190 1546 et
3229 1506 3506 1561 usquequo
3546 1510 3680 1552 acce-

2116 1575 2244 1632 dere
2292 1577 2552 1647 facultas,
2598 1589 2655 1635 et
2696 1596 2808 1652 quo
2845 1581 3079 1637 ulterius
3129 1598 3233 1637 non
3288 1585 3680 1656 progrederetur

2115 1667 2423 1724 inﬁrmitas.
2455 1669 2627 1736 Quam
2667 1671 2859 1727 insane
2887 1686 3020 1742 ergo
3050 1681 3104 1727 tu
3134 1674 3182 1728 ei
3215 1674 3677 1744 impossibilitatem

417 1780 471 1825 et
501 1768 644 1823 oculi
673 1767 859 1821 abluto
892 1764 999 1818 nati
1047 1770 1197 1817 sunt.
1239 1760 1509 1832 Numquid
1548 1769 1644 1816 aut
1685 1775 1826 1832 aqua
1869 1760 2011 1816 hanc
2039 1762 2089 1825 B
2117 1758 2403 1816 humanam
2431 1762 2646 1832 objicis,
2693 1764 2780 1819 cui
2814 1764 3146 1834 possibilitas
3193 1764 3310 1836 ipsa
3358 1764 3605 1826 debetur?
3627 1772 3678 1828 Si

417 1869 663 1916 naturam
690 1855 877 1911 habuit
896 1865 950 1910 ut
972 1855 1162 1910 oculos
1183 1853 1431 1925 pareret?
1448 1863 1541 1908 aut
1561 1853 1730 1908 lutum
1755 1862 1813 1910 ut
1834 1854 2009 1909 lucem

416 1953 667 2011 crearet?
697 1949 832 2005 nihil
860 1948 1044 2019 utique
1087 1947 1313 2009 horum,
1364 1946 1663 2016 prresertim
1704 1960 1827 2000 cum
1870 1960 2009 2015 aqua

414 2060 561 2102 caeco
588 2044 718 2099 nihil
757 2041 999 2097 conferat
1026 2084 1039 2107 ,
1074 2040 1249 2094 lutum
1290 2050 1470 2093 autem
1502 2038 1812 2093 videntibus
1842 2041 2007 2093 etiam

414 2140 608 2194 obesse
650 2136 838 2205 possit.
888 2133 955 2188 Et
998 2133 1274 2204 quomodo
1316 2147 1406 2187 res
1447 2132 1677 2187 nocendi
1722 2131 1829 2185 vim
1862 2132 1916 2187 in
1948 2145 2009 2188 se

415 2233 624 2289 habens
651 2230 889 2286 ofﬁcium
922 2226 1151 2284 remedii
1181 2241 1245 2282 ac
1268 2224 1464 2283 salutis
1487 2223 1771 2292 exhibuit;
1803 2235 1856 2280 et
1884 2238 2009 2295 quze

412 2327 605 2383 obesse
656 2322 805 2379 sanis
855 2321 1028 2385 solet,
1080 2320 1235 2390 quasi
1287 2319 1540 2374 ministra
1587 2328 1717 2374 tunc
1762 2318 2011 2374 sanitatis

412 2417 560 2474 luit?
593 2416 732 2471 Dicis
763 2416 947 2484 itaque
981 2411 1075 2469 Dei
1108 2411 1251 2467 hanc
1294 2410 1554 2465 tribuisse
1583 2411 1840 2465 virtutem
1862 2450 1879 2476 ,
1912 2410 2008 2464 Dei

411 2510 731 2581 praestitisse
758 2503 1081 2561 medicinam
1111 2521 1123 2557 :
1153 2512 1209 2558 et
1238 2501 1420 2556 omnia
1458 2502 1574 2556 haec
1602 2516 1723 2571 qua:
1767 2501 2009 2556 diximus

411 2598 859 2670 omnipotentiam
886 2597 1101 2666 penitus
1127 2593 1379 2650 eﬂ'ecisse
1404 2593 1664 2659 divinam,
1692 2594 1784 2665 qui
1811 2602 2007 2663 potens

409 2696 482 2753 sit
510 2695 695 2765 utique
725 2699 777 2747 et
807 2707 873 2747 ex
906 2689 1144 2745 ittSolitis
1177 2703 1319 2744 nova
1348 2688 1590 2743 condere
1612 2727 1626 2751 ,
1667 2697 1726 2742 et
1765 2702 1832 2743 ex
1875 2702 2006 2742 con-

409 2788 590 2844 trariis
621 2784 859 2840 salubria
888 2782 1258 2847 constituere,
1300 2789 1354 2836 et
1391 2797 1454 2836 ea
1496 2795 1617 2851 quae
1653 2782 1706 2835 in
1752 2780 2007 2849 impossi-

406 2881 706 2939 bilitatibus
738 2888 900 2947 atque
946 2875 1000 2931 in
1039 2874 1347 2931 elﬁcientiis
1389 2873 1491 2928 sita
1533 2874 1679 2941 sint,
1724 2873 1778 2929 in
1819 2888 2001 2928 rerum

405 2971 797 3045 possibilitates
830 2967 1169 3037 eﬁectusque
1200 2973 1434 3020 mutare.

1018 3078 1251 3134 CAPUT
1290 3077 1383 3134 IV.

2112 1869 2403 1924 personam
2432 1855 2645 1911 Domini
2673 1859 2909 1914 terrenis
2934 1858 3341 1916 inﬁrmitatibus
3367 1863 3610 1930 aestimes,
3633 1872 3681 1921 et

2111 1950 2563 2018 omnipotentiam
2603 1949 2697 2005 Dei
2729 1950 2979 2007 humanis
3010 1951 3312 2008 rationibus
3340 1954 3591 2026 metiaris,
3613 1954 3679 2011 ni-

2112 2039 2188 2096 hil
2207 2043 2413 2112 utique,
2431 2042 2572 2112 quod
2596 2045 2890 2099 secundum
2914 2058 3207 2113 corporeas
3238 2044 3403 2117 ipsius
3428 2046 3681 2117 passiones

2113 2135 2226 2190 Deo
2257 2151 2553 2207 congruum
2578 2137 2849 2207 videatur,
2878 2140 3146 2196 invenies.
3168 2140 3225 2197 Si
3250 2123 3395 2195 enim
3415 2141 3681 2198 verisimile

2110 2230 2279 2285 videri
2310 2238 2507 2301 potest,
2541 2241 2600 2286 ut
2648 2231 2812 2288 Maria
2855 2234 3185 2289 anteriorem
3225 2249 3285 2289 se
3317 2234 3478 2289 Deum
3505 2249 3680 2304 parere

2111 2338 2216 2378 non
2242 2324 2504 2393 quiverit,
2536 2324 2810 2395 quomodo
2835 2325 3135 2380 verisimile
3176 2326 3278 2381 erit
3303 2366 3318 2389 ,
3352 2325 3491 2396 quod
3519 2327 3680 2381 cruci-

2112 2416 2252 2471 ﬁxus
2284 2418 2352 2471 ab
2385 2416 2699 2473 hominibus
2734 2419 2871 2472 Deus
2905 2416 3102 2473 fuerit?
3127 2430 3183 2474 et
3207 2423 3393 2473 tamen
3438 2416 3572 2473 idem
3598 2417 3680 2487 qui

2108 2507 2408 2564 cruciﬁxus
2433 2520 2536 2575 est,
2566 2509 2704 2564 Deus
2736 2510 2851 2579 ipse
2881 2507 3133 2579 pradisit
3165 2525 3180 2563 :
3212 2507 3241 2547 δ
3274 2510 3339 2563 Si
3367 2509 3527 2581 aﬂiget
3549 2509 3680 2564 homo

2107 2602 2276 2657 Deum
2306 2620 2475 2667 suum,
2500 2604 2625 2674 quia
2648 2620 2736 2658 vos
2757 2603 2964 2675 afﬁgitis
2995 2620 3072 2658 me
3094 2602 3354 2677 (Malach.
3381 2601 3474 2676 v)?
3499 2603 3555 2659 Si
3574 2603 3680 2677 ideo

2108 2702 2265 2749 natus
2292 2712 2356 2751 ex
2387 2694 2611 2766 Virgine
2642 2695 2907 2751 Dominus
2938 2712 3042 2750 non
3068 2676 3369 2764 putabitur,
3398 2696 3518 2765 quia
3546 2676 3682 2767 ante}

2104 2789 2218 2843 rior
2251 2788 2482 2857 parienti
2513 2789 2705 2857 fuerit,
2731 2790 2824 2859 qui
2866 2790 3235 2845 nascebatur:
3262 2790 3536 2860 quomodo
3556 2790 3685 2845 Deus

2102 2884 2420 2952 sanguinem
2453 2883 2706 2939 habuisse
2730 2885 3011 2940 creditur?
3036 2896 3087 2939 et
3116 2892 3294 2939 tamen
3322 2885 3388 2939 ad
3418 2883 3679 2956 presbyte-

2103 2993 2197 3034 ros
2214 2979 2575 3049 Ephesiorum
2607 2978 2842 3037 dicitur:
2870 2979 3053 3051 [legite
3083 2977 3376 3035 Ecclesium
3405 2976 3522 3046 Dei,
3542 2966 3683 3055 quam

2100 3075 2367 3145 acquisivit
2389 3076 2642 3148 sanguine
2669 3091 2766 3130 suo
2784 3075 2926 3146 (Act.
2957 3076 3071 3145 xx).
3096 3072 3405 3138 Postremo,
3432 3072 3681 3142 quomodo

404 3178 572 3234 Deum
600 3177 735 3231 sicut
759 3174 813 3228 in
840 3173 991 3227 rebus
1013 3172 1243 3236 cwteris,
1275 3172 1348 3224 ila
1376 3170 1735 3240 intemperati
1763 3178 1879 3225 ortu
1903 3185 1997 3225 sua
2024 3148 2071 3215 C
2101 3175 2289 3220 auctor
2314 3167 2438 3221 vitae
2485 3168 2726 3235 privatus
2771 3166 2883 3221 vita
2931 3164 3374 3223 existintabitur?
3419 3165 3487 3220 Et
3519 3172 3679 3218 tamen

716 3246 1136 3314 omnipotentiam
1165 3259 1313 3296 suam
1344 3239 1702 3297 declaravisse.

472 3342 619 3398 idem
650 3353 781 3409 ergo
814 3339 882 3392 de
911 3345 1035 3391 ortu
1065 3334 1238 3404 ipsius
1284 3333 1533 3399 Domini,
1560 3333 1705 3404 quod
1733 3333 1803 3388 de
1834 3334 1999 3390 rebus

400 3434 654 3494 omnibus
683 3432 970 3487 conﬁtere.
1012 3425 1191 3484 Crede
1239 3425 1409 3481 Deum
1440 3435 1657 3488 natum.
1698 3434 1757 3480 ut
1801 3426 1992 3493 voluit,

2102 3254 2330 3327 Petrus,
2359 3258 2654 3321 Auctorem,
2689 3258 2899 3328 inquit,
2942 3259 3059 3314 vilic
3105 3258 3441 3334 inter[ecistis
3485 3244 3677 3332 (Actor.

2098 3347 2217 3419 ιιι).
2246 3347 2421 3404 Nemo
2451 3349 2502 3405 in
2536 3340 2697 3405 terris
2726 3351 2896 3419 situs,
2947 3350 3003 3405 in
3045 3351 3199 3405 C(Blis
3236 3365 3363 3406 esse
3391 3358 3562 3420 potest
3589 3365 3602 3402 :
3632 3354 3687 3411 et

2098 3441 2372 3509 quomodo
2406 3442 2670 3497 Dominus
2714 3444 2830 3511 ipse
2856 3442 3011 3509 dicit,
3045 3438 3220 3496 Filius
3251 3442 3478 3496 hominis
3503 3440 3590 3514 qui
3615 3446 3682 3523 est

399 3543 562 3599 quem
613 3540 723 3580 non
764 3537 928 3591 negas
968 3519 1213 3590 potuisse
1251 3517 1391 3589 quod
1426 3515 1596 3572 voluit
1636 3532 1653 3573 :
1698 3517 1803 3574 nisi
1849 3516 1994 3576 forte

2103 3531 2149 3584 in
2181 3533 2307 3587 caelo
2325 3531 2346 3607 (
2363 3532 2522 3588 Joan.
2539 3536 2622 3605 tu)
2640 3533 2666 3589 τ
2687 3532 2748 3591 Si
2770 3533 3007 3605 denique
3031 3533 3153 3589 ideo
3184 3545 3370 3588 natum
3398 3550 3463 3590 ex
3484 3520 3689 3611 Virgine.

398 3623 677 3686 virtutem,
703 3632 826 3687 quae
870 3616 919 3670 ei
961 3615 1029 3670 ad
1060 3612 1165 3667 alia
1194 3611 1376 3666 omnia
1425 3610 1621 3681 adfuit,
1653 3609 1721 3665 ad
1753 3611 1989 3682 seipsum

397 3716 634 3774 astimas
658 3713 930 3780 defuisse;
957 3720 1014 3769 et
1042 3711 1145 3782 ipsi
1172 3710 1237 3765 ad
1263 3710 1602 3765 nativitatem
1634 3724 1786 3765 suam
1811 3713 1990 3765 omni-

398 3807 640 3880 potentia
685 3822 780 3862 sua
823 3806 1015 3873 deluit,
1043 3819 1162 3875 quae
1202 3803 1271 3859 ab
1300 3817 1368 3859 eo
1399 3802 1698 3877 procedens
1739 3804 1990 3861 universa

396 3901 725 3974 penetravit.
757 3900 837 3955 Tu
878 3898 1010 3955 mihi
1043 3899 1097 3953 in
1146 3897 1426 3955 nativitate
1477 3895 1720 3966 Domini,
1750 3897 1984 3967 obiicis:

397 3994 567 4051 Nemo
592 3994 921 4049 anteriorem
951 4007 1012 4047 se
1036 3991 1208 4063 parit;
1235 3990 1366 4047 etin
1394 3999 1576 4061 partu,
1604 4006 1715 4062 quo
1734 3993 1991 4063 omnipo-

2100 3622 2270 3679 Deum
2317 3641 2424 3682 non
2475 3635 2655 3697 putas,
2696 3632 2823 3698 quia
2872 3625 3223 3685 hontoousios
3254 3625 3488 3697 parieuti
3532 3614 3688 3682 debet

2097 3732 2218 3774 esse
2246 3720 2501 3775 nativitas
2532 3737 2548 3774 :
2590 3721 2868 3791 quomodo
2900 3736 2986 3777 res
3008 3721 3301 3777 dissimiles
3327 3737 3398 3777 ex
3419 3719 3681 3777 dissimili-

2099 3810 2200 3867 bus
2234 3813 2538 3871 crediturus
2567 3830 2626 3870 es
2660 3814 2972 3871 substitisse
3000 3815 3246 3871 naturis?
3276 3816 3422 3888 Ergo
3473 3812 3607 3885 apud
3634 3823 3680 3870 te

2096 3919 2198 3959 nec
2223 3905 2535 3964 coturnices
2574 3907 2751 3964 subito
2782 3920 2977 3964 ventus
3007 3909 3205 3973 intulit,
3251 3924 3355 3965 nec
3379 3890 3571 3981 manna
3595 3907 3681 3964 de-

2096 3999 2253 4067 cidit,
2285 4018 2385 4059 nee
2416 4002 2602 4059 vinum
2642 4018 2715 4061 ea
2742 4018 2881 4075 aqua
2925 4004 3151 4076 prodiit,
3197 4018 3304 4061 nec
3327 4002 3498 4060 multa
3525 4002 3677 4059 millia

1464 4102 1726 4163 ALABDI
1762 4102 2001 4163 GAzm
2035 4104 2647 4174 conumramus.‘

646 4204 920 4264 Vinumque
938 4202 1071 4264 iussa
1090 4198 1300 4264 fundere

645 4262 850 4315 Mutavit
881 4262 1011 4313 unda
1035 4262 1300 4324 originem.

2089 4205 2185 4279 luti
2212 4208 2433 4276 virtute,
2463 4210 2558 4267 sed
2589 4210 2770 4267 divina
2808 4208 3011 4268 Christi
3041 4209 3305 4279 polentia,
3345 4208 3681 4266 mirationem

2090 4276 2257 4334 fuisse
2296 4280 2514 4337 laetam.
2544 4283 2693 4338 Solet
2726 4284 2868 4339 Deus
2897 4282 3000 4338 hac
3035 4276 3106 4338 de
3140 4296 3307 4338 causa
3339 4284 3407 4336 ad
3442 4280 3673 4336 facienda

394 4351 503 4409 Nec
526 4348 944 4422 possum_etiam_
960 4346 1235 4415 elegantes
1260 4344 1362 4400 hac
1389 4344 1458 4400 de
1480 4359 1540 4402 re
1568 4343 1777 4403 Sedulii
1792 4359 1985 4402 versus
2027 4380 2033 4387 ν
2088 4351 2367 4417 miracula,
2421 4353 2585 4408 rebus
2631 4353 2708 4408 uti
2762 4355 2996 4410 maxime
3035 4352 3348 4410 contrariis.
3390 4351 3536 4408 Nihil
3572 4362 3666 4422 est,

393 4418 669 4493 praeterire
701 4418 895 4490 (Carm.
926 4419 965 4472 ι.
998 4426 1119 4485 ut):

455 4515 618 4565 Prima
639 4525 740 4561 suae
764 4510 1003 4559 Dominus
1029 4507 1255 4573 thalamis
1271 4508 1503 4573 dignatus
1525 4512 1702 4562 adesse

450 4576 657 4647 Iirtutis
678 4575 969 4644 documenta
990 4572 1148 4647 dedit,
1168 4572 1472 4647 convivaque
1492 4584 1715 4647 presens

452 4639 690 4696 Pascere,
713 4649 811 4685 non
830 4635 955 4697 pasci
974 4634 1183 4683 veniens
1206 4633 1503 4697 (mirabile),
1518 4633 1650 4684 [usas

452 4700 509 4751 In
535 4695 700 4749 vinum
717 4695 961 4747 convertit
986 4708 1137 4759 aquas
1161 4695 1447 4759 {dimittere
1468 4695 1686 4759 gaudent

449 4760 696 4812 Pallorem
717 4760 889 4809 latices
915 4774 927 4807 :
952 4758 1154 4808 mutavit
1174 4758 1290 4807 laesa
1312 4758 1538 4821 saporem

456 4823 592 4875 Unda
616 4836 773 4877 suum,
799 4822 972 4882 largita
993 4833 1204 4882 merum,
1226 4832 1518 4883 mensasque
1540 4829 1632 4883 per
1652 4832 1827 4870 omnes

449 4886 626 4938 Dulcia
645 4899 740 4933 non
765 4892 874 4932 nato
893 4882 1166 4931 rubuerunt
1191 4882 1360 4943 pocula
1383 4882 1562 4932 musto.

449 4948 688 5011 Implevit
700 4960 789 4996 sex
817 4956 941 5011 ergo
964 4943 1097 5011 lacus
1118 4945 1211 4993 hoc
1233 4950 1436 5011 nectare
1464 4944 1721 5011 Christus:

451 5007 1603 5084 Quiritem}.intulisse}:Siciliaque

451 5067 624 5126 Omnia
647 5067 971 5132 fructiﬁcaus,
984 5069 1122 5132 cujus
1140 5068 1236 5117 sub
1257 5069 1479 5132 tegmine
1497 5067 1674 5118 blando

450 5135 581 5185 Mitis
602 5132 878 5184 inocciduas
900 5127 973 5190 (id
991 5127 1079 5189 est,
1102 5127 1427 5195 immrtales,_
1443 5136 1526 5195 aut
1547 5127 1822 5195 perpetuas)
1848 5142 1975 5179 enu-

1407 5191 1515 5254 [trit
1536 5194 1789 5256 pampinus
1804 5191 1942 5242 uvas.

457 5287 485 5318 ι
525 5280 777 5349 Plerique
825 5276 1148 5345 interpretes
1197 5275 1507 5349 existimant
1549 5275 1673 5349 ideo
1722 5276 1892 5330 lutum
1928 5290 1974 5349 _a

2086 4424 2229 4491 quod
2257 4438 2427 4493 aquas
2463 4424 2636 4495 magis
2665 4440 2878 4480 amaras
2905 4432 3070 4493 atque
3100 4424 3448 4492 impotabiles
3492 4421 3673 4495 reddat

2084 4508 2245 4566 quam
2293 4496 2416 4551 sai:
2460 4493 2584 4566 quis
2611 4496 2758 4554 enim
2807 4497 3044 4552 marinas
3093 4495 3245 4552 bibat
3284 4495 3492 4565 aquas?
3517 4493 3671 4561 Atqui

2088 4565 2319 4623 Elimus
2368 4568 2613 4624 immisso
2658 4570 2711 4623 in
2761 4582 2976 4622 amaras
3020 4582 3190 4636 aquas
3235 4567 3375 4633 sale,
3404 4566 3587 4621 dulces
3611 4576 3671 4618 ac

2003 4651 2057 4710 ι)
2083 4638 2351 4705 potabiles
2370 4639 2615 4711 {reddidit
2642 4638 2733 4711 (Ill
2764 4637 2895 4709 Reg.
2918 4640 3002 4706 tt).
3032 4637 3172 4711 Quid
3210 4650 3316 4693 tam
3341 4638 3665 4711 contrarium

2083 4709 2427 4765 extrahendo
2447 4711 2516 4766 de
2536 4707 2691 4777 aquis
2708 4707 2875 4775 ferro,
2896 4726 3057 4780 quam
3075 4710 3310 4779 lignum;
3331 4707 3479 4778 (ιιιοά
3502 4711 3666 4780 5P")!ml

2086 4794 2145 4833 re
2172 4781 2276 4834 alia
2305 4782 2642 4846 extrahatur,
2691 4778 3062 4837 necesse'est?
3095 4782 3325 4836 Elizmus
3350 4788 3556 4841 tamen.
3585 4778 3666 4832 in-

2078 4848 2225 4924 jecto
2256 4851 2310 4906 in
2336 4851 2564 4924 ﬂuvium
2591 4845 2755 4924 ligno,
2789 4851 2936 4919 fecit,
2969 4863 3026 4906 ut
3044 4853 3243 4924 ferrum
3269 4845 3673 4924 securis,._qugd

2083 4918 2141 4993 in
2169 4920 2366 4976 ﬁumen
2415 4918 2716 4984 ceciderit,
2744 4932 2991 4978 enataret
3032 4922 3129 4993 (IV
3170 4920 3298 4992 Reg.
3322 4924 3447 4993 γι).
3486 4920 3577 4993 Si_c
3603 4918 3661 4972 ﬂ.

2084 4991 2442 5065 Hieronymus
2470 4993 2524 5049 in
2567 5008 2689 5063 cap.
2721 5009 2923 5050 xxxviii
2967 4991 3140 5065 Isaiae,
3170 4991 3276 5065 ubi
3303 4991 3503 5065 dicitur
3532 4991 3664 5046 Eze-

2082 5062 2233 5117 chias
2249 5061 2480 5134 jussisse
2499 5065 2611 5120 Suis
2628 5061 2902 5120 ulceribus
2924 5064 3181 5135 applicari
3207 5078 3441 5135 massam
3470 5061 3661 5117 ﬁcuum

2082 5136 2165 5189 vel
2197 5133 2419 5191 ﬁcorum
2447 5153 2462 5191 :
2507 5136 2697 5200 Aiunt,
2729 5135 2930 5205 inquit,
2962 5133 3187 5189 Hebraei
3237 5134 3446 5190 uerbum
3482 5147 3661 5205 suis.

2079 5205 2215 5268 quod
2244 5208 2615 5279 prsetermiscrc
2640 5202 3004 5279 Septuaginta,
3026 5207 3172 5260 ulcus
3192 5221 3398 5279 agitare,
3429 5202 3665 5279 nou_vul-

2079 5294 2196 5350 nus.
2226 5277 2365 5332 Nam
2399 5286 2451 5335 et
2473 5279 2681 5350 Aquila,
2712 5274 3060 5350 Symmachus
3079 5317 3095 5340 ,
3124 5286 3172 5331 et
3202 5274 3661 5350 Theodotiaﬂxoc

386 5348 598 5406 Christo
643 5346 875 5420 positum
925 5360 1089 5420 Super
1116 5348 1313 5420 oculos
1341 5346 1487 5420 caeci
1504 5347 1639 5420 na_ti,
1671 5360 1779 5415 quo
1803 5347 1972 5420 magis
2076 5349 2401 5420 interpretati
2421 5346 2562 5415 cuni,
2588 5366 2678 5419 per
2697 5346 2836 5419 quod
2865 5349 3101 5420 morbum
3120 5349 3317 5417 regium
3336 5347 3552 5420 intellig
3577 5354 3660 5420 ea:

383 5416 668 5492 appareret
698 5423 779 5474 vis
822 5428 876 5473 et
904 5418 1214 5492 magnitudo
1246 5416 1514 5492 miraculi:
1547 5417 1760 5492 Etenim
1792 5417 1841 5492 si
1862 5418 1969 5492 alia

2075 5419 2186 5474 lunt
2210 5414 2229 5476 ἑ
2257 5422 2339 5474 cui
2364 5414 2626 5476 contraria
2671 5414 2952 5492 putantur.
2972 5416 3056 5475 uel
3097 5414 3394 5492 ςαιὶιρω-ὺι
3415 5414 3551 5476 ciba.
3574 5414 3659 5492 fel

384 5484 443 5548 re
458 5484 641 5548 'minus
664 5492 801 5547 visui
822 5484 1092 5564 contraria
1115 5487 1419 5564 curavisset
1443 5485 1635 5564 ({aau.
1657 5487 1761 5561 Ix),
1793 5489 1968 5547 videri
2072 5492 2311 5563 apposita
2335 5494 2562 5564 corpori,
2591 5484 2924 5561 quiscumque
2945 5497 3068 5546 sunt
3082 5484 3280 5564 dulcia.
3305 5488 3465 5564 Ergo,
3487 5496 3543 5541 ut
3566 5484 3663 5539 Dei

383 5565 650 5634 potuisset
697 5578 803 5617 non
834 5559 1162 5634 divinatsed
1194 5558 1841 5634 naturalialiqua__a'tqne
1879 5577 1965 5617 se.
2069 5558 2295 5634 pacientia
2341 5558 2856 5634 monstraretur,”

2882 5576 2967 5618 res
2992 5561 3179 5618 nasia
3201 5569 3253 5617 ct
3277 5562 3542 5625 auersas,
3570 5572 3653 5611 sa-

381 5629 526 5709 c_reta
589 5634 961 5709 medicamenti
1013 5629 1216 5709 virtute
1261 5629 1855 5709 curavisse—(Halaou.
1910 5634 1967 5693 in
2070 5629 2474 5709 uitasfatituta
2496 5644 2594 5709 est.
2629 5633 2703 5690 Ita
2736 5629 3122 5709 Hieronymus.

382 5700 866 5773 Camment.)._Cunt
892 5712 1074 5759 autem
1097 5700 1211 5756 luto
1239 5705 1530 5773 curaverit,
1553 5719 1659 5772 quo
1688 5704 1822 5760 nihil
1849 5720 1963 5760 ma-

381 5783 464 5858 gis
494 5769 822 5837 contrarium
848 5779 1019 5834 oculis
1042 5782 1148 5841 est,
1171 5771 1318 5827 credi
1352 5788 1456 5828 non
1493 5769 1701 5842 poterat
1727 5777 1957 5845 naturali

2138 5701 2170 5744 δ
2196 5706 2530 5765 Sententiae:
2551 5705 2689 5762 hanc
2717 5705 2841 5762 vide
2859 5697 3112 5777 superius
3138 5702 3280 5777 (ω.
3309 5718 3373 5774 tt,
3393 5719 3446 5760 c.
3468 5697 3543 5775 ὅ)
3561 5713 3652 5761 οι·

2063 5774 2337 5846 plicatam.
