3966 6332
284 340 398 500 tu

1278 413 1375 471 ne
1413 374 1927 470 INCARNATIONE
1965 410 2239 469 CHRISTI
2277 410 2409 481 LIB,
2456 408 2565 466 vn.

3471 398 3585 459 ΞΜ

284 520 417 589 dam
450 521 714 593 pestifero
736 506 971 581 tractatu
1000 531 1126 590 tuo,
1181 520 1368 579 dicens
1394 540 1406 574 :
1448 522 1711 589 Quoniam
1741 521 1876 578 divi-
1908 522 1962 583 Α
1984 520 2260 592 ptionem,
2293 532 2465 592 pietas
2492 521 2670 577 divina
2701 520 2971 591 repararit
3004 536 3019 573 :
3051 517 3376 587 Corruptam
3409 516 3574 583 enim,

282 634 372 675 me
394 625 612 675 natura:
633 618 810 687 imago
837 627 922 673 est
944 616 1129 684 homo,
1157 615 1490 673 hancautem
1517 614 1744 687 proiecit
1770 614 1885 671 dia-

268 709 447 779 .bplus
475 709 528 769 in
550 711 977 779 corruptionem,
1009 708 1181 765 doluit
1212 708 1352 773 sicut
1384 723 1481 779 pro
1524 708 1757 779 imagine
1785 723 1882 763 sua

278 799 452 864 Deus.
476 801 635 877 sicut,
653 817 751 871 pro
777 809 953 860 statua
978 816 1071 859 sua
1096 801 1413 872 imperator,
1465 812 1523 859 et
1567 812 1881 873 corruptam

279 904 504 962 reparat
525 892 853 966 imaginem;
885 904 942 955 et
961 895 1077 955 sine
1101 896 1309 951 semine
1329 894 1583 952 formavit
1609 894 1680 953 de
1711 893 1885 964 Virgi-

274 1000 351 1041 ne
375 994 653 1055 naturam,
675 988 973 1053 secundum
998 988 1145 1043 illum
1171 988 1265 1059 qui
1306 991 1426 1045 sine
1474 989 1684 1045 semine
1724 999 1883 1049 natus

277 1088 361 1137 est
380 1079 581 1147 Adam,
594 1092 642 1136 et
667 1097 764 1152 per
774 1081 1047 1139 hominem
1063 1082 1350 1139 humanam
1368 1094 1614 1139 naturam
1628 1084 1880 1149 suscitat;

272 1176 529 1245 quoniam
553 1177 689 1231 enim
708 1193 801 1249 per
828 1178 1086 1233 hominem
1117 1195 1275 1247 mors,
1299 1178 1417 1235 ideo
1444 1188 1488 1236 et
1507 1196 1596 1252 per
1622 1177 1882 1234 hominem

264 1272 588 1331 resurrectio
614 1280 933 1326 mortuorum
957 1271 1002 1343 (Ι
1031 1269 1154 1327 Cor.
1186 1278 1298 1342 xv).
1323 1271 1702 1330 Veneticorum
1744 1289 1880 1345 quo-

270 1358 553 1429 rumdam,
583 1370 642 1415 ut
666 1361 837 1427 aiunt,
864 1363 1201 1418 consuetudo
1229 1371 1315 1419 est
1344 1373 1403 1420 ut
1428 1365 1481 1420 in
1519 1365 1729 1437 poculis
1758 1381 1880 1436 qua:

264 1450 568 1517 conficiunt
602 1456 826 1511 venenis
878 1455 1036 1512 mella
1094 1457 1478 1527 permisceant,
1535 1468 1594 1517 ut
1635 1459 1880 1517 dulcibus

266 1548 529 1607 nocitura
565 1549 848 1617 celentur;
877 1560 931 1607 et
959 1551 1087 1607 dum
1113 1552 1234 1623 quis
1262 1553 1440 1610 mellis
1469 1554 1755 1611 dulcedine
1781 1569 1877 1611 ca-

254 1638 444 1712 ,pitur,
478 1643 674 1697 veneni
700 1652 848 1713 peste
877 1644 1195 1714 perimatur.
1228 1645 1304 1702 ita
1321 1662 1451 1718 ergo
1476 1656 1531 1704 et
1552 1656 1629 1716 tu,
1653 1650 1872 1705 dicens:

260 1730 489 1797 Divina;
518 1741 727 1793 naturae
759 1736 934 1808 imago
979 1749 1062 1794 est
1093 1740 1255 1801 homo
1287 1757 1299 1793 :
1335 1742 1472 1798 hanc
1499 1752 1677 1797 autem
1700 1743 1877 1813 proje-

262 1827 349 1893 cit
374 1826 631 1885 diabolus
678 1834 733 1885 in
780 1834 1217 1903 c0rruptionem;
1248 1834 1421 1893 doluit
1443 1836 1581 1895 sicut
1604 1851 1706 1906 pro
1738 1838 1875 1892 ima-

1984 614 2188 685 inquis,
2218 626 2437 686 reparat
2466 616 2777 687 imaginem.
2822 613 2941 671 Jam
2986 612 3094 671 hoc
3142 628 3301 683 quam
3353 611 3583 669 subdole

1983 709 2128 779 quod
2158 709 2259 777 ais,
2284 719 2598 780 corruptam
2629 718 2848 779 reparat
2890 707 3199 779 imaginem,
3256 705 3485 771 scilicet,
3523 715 3582 761 ut

1986 802 2311 872 persuadeas
2334 802 2467 857 nihil
2490 802 2610 873 plus
2629 799 2798 859 fuisse
2828 800 2882 856 in
2915 815 2984 859 eo
3041 799 3095 855 in
3125 812 3232 871 quo
3281 797 3458 869 imago
3494 814 3582 854 re-

1985 896 2293 966 parabatur,
2312 911 2470 967 quam
2498 898 2552 951 in
2573 911 2637 953 ea
2663 896 2777 966 ipsa
2800 894 3035 966 imagine
3062 893 3226 950 fuerit
3246 893 3333 948 cui
3360 906 3579 962 repara-
3636 926 3656 965 -ξ

1985 989 2061 1047 tio
2088 988 2470 1059 praestabatur.
2526 991 2600 1045 Ac
2647 1004 2746 1059 per
2780 988 2882 1044 hoc
2913 987 3055 1044 idem
3100 984 3476 1041 tantummodo
3501 984 3583 1038 vis
3647 979 3685 1067 in

1982 1096 2106 1141 esse
2136 1081 2425 1138 Dominum
2454 1081 2597 1152 quod
2629 1080 2836 1146 Adam;
2863 1080 2997 1136 nihil
3040 1079 3163 1151 plus
3184 1076 3446 1147 imaginis
3499 1091 3583 1130 re-
3674 1069 3685 1083 “

1985 1188 2290 1248 paratorem
2320 1192 2483 1250 quam
2524 1176 2697 1248 ipsam
2734 1175 3023 1246 imaginem
3077 1180 3448 1231 corruentem.
3477 1171 3584 1227 De-

1983 1272 2149 1343 nique
2168 1272 2296 1344 quid
2338 1286 2489 1345 agas,
2517 1270 2649 1342 quid
2679 1269 2947 1335 moliaris,
2975 1266 3326 1338 sequentibus
3358 1264 3579 1335 probas,

1981 1363 2210 1422 dicens:
2238 1364 2371 1422 Sine
2417 1364 2630 1421 semine
2679 1359 2935 1417 formavit
2977 1367 3224 1415 naturam
3278 1356 3582 1413 secundum

1980 1456 2134 1513 illum
2159 1458 2253 1529 qui
2283 1458 2403 1514 sine
2427 1455 2637 1514 semine
2667 1454 2907 1513 nascitur
2944 1451 3139 1516 Adam,
3183 1460 3238 1506 et
3282 1465 3377 1520 per
3406 1448 3584 1504 homi-

1980 1566 2105 1608 nem
2144 1551 2431 1608 humanam
2466 1559 2719 1607 naturam
2746 1550 2992 1605 suscitat.
3041 1545 3070 1586 δ
3103 1543 3345 1603 Similem
3379 1544 3430 1597 in
3462 1557 3583 1598 om-

1981 1644 2141 1700 nibus
2179 1652 2238 1698 et
2265 1659 2447 1715 parem
2469 1643 2600 1700 Adae
2627 1643 2922 1699 Dominum
2949 1640 3134 1697 Jesum
3161 1638 3327 1694 fuisse
3349 1635 3584 1693 asseris:

1982 1735 2136 1791 illum
2177 1737 2361 1807 utique
2404 1735 2523 1792 sine
2564 1737 2797 1813 semine,
2856 1745 2911 1789 et
2966 1734 3110 1788 hunc
3163 1734 3279 1787 sine
3330 1731 3583 1797 semine;

1981 1826 2130 1883 illum
2167 1827 2442 1883 hominem
2487 1826 2696 1893 solum,
2738 1827 2884 1882 hunc
2936 1827 3212 1881 hominem
3256 1825 3582 1879 solitarium.

256 1920 400 1990 giae
440 1936 557 1981 sua,
591 1922 755 1988 Deus.
811 1924 954 1980 sicut
1008 1942 1106 1996 pro
1154 1936 1331 1984 statua
1377 1944 1472 1988 sua
1526 1930 1821 1998 imperator
1854 1948 1864 1983 ε
1901 1927 1947 1988 Β
1978 1919 2052 1974 Ac
2071 1935 2164 1988 per
2194 1922 2294 1975 hoc
2320 1919 2470 1976 vides
2500 1931 2550 1975 te
2578 1920 2869 1991 diligenter
2902 1920 3111 1975 cavisse
3140 1932 3202 1973 ac
3236 1917 3585 1988 prospexisse

265 2019 297 2073 ει
329 2028 431 2068 ora
461 2013 865 2089 quodammodo
886 2020 1068 2089 poculi
1098 2022 1399 2091 pestilentis
1423 2023 1717 2080 'duleedine
1744 2042 1876 2095 qua-

258 2101 398 2171 tiam
420 2115 475 2160 et
502 2108 659 2178 quasi
687 2109 1241 2181 mellecircumlinis;
1268 2126 1322 2172 ut
1379 2116 1695 2174 haurientes
1725 2119 1875 2190 inge-

263 2207 420 2255 stum
453 2203 707 2271 poculum
736 2207 1003 2274 homines,
1034 2208 1162 2264 dum
1210 2210 1530 2267 illecebrosa
1560 2213 1871 2284 degustant,

263 2294 585 2362 perniciosa
614 2311 717 2351 non
752 2301 1009 2356 sentiant.
1051 2302 1143 2358 Dei
1175 2318 1374 2360 nomen
1417 2305 1627 2375 objicis,
1658 2315 1715 2362 ttt
1743 2307 1872 2362 reli-

263 2388 458 2459 gionis
488 2392 709 2447 nomine
736 2387 1048 2462 mentiaris;
1098 2406 1283 2453 sancta
1336 2400 1647 2468 prmmittis,
1678 2409 1735 2455 ut
1750 2415 1875 2470 per-

266 2495 435 2545 versa
470 2484 833 2553 persuadeas;
866 2495 924 2545 et
940 2489 1252 2547 conﬁtendo
1282 2491 1447 2548 Deum
1478 2492 1534 2547 id
1566 2492 1793 2560 ellicias,
1821 2502 1878 2548 ut

261 2588 402 2629 eum
454 2575 631 2646 ipsum
659 2593 844 2649 neges,
870 2594 1030 2651 quem
1081 2583 1380 2639 conﬁteris.
1419 2584 1552 2652 Quis
1583 2587 1726 2641 enim
1769 2602 1874 2641 non

261 2665 423 2721 videt
463 2683 572 2738 quo
605 2685 718 2736 eas,
749 2673 876 2742 quid
912 2675 1189 2732 moliaris?
1220 2676 1364 2733 Dicis
1408 2680 1607 2749 quippe
1638 2697 1650 2734 :
1695 2679 1879 2736 Doluit

261 2757 415 2823 sicut
448 2777 549 2831 pro
579 2763 812 2835 imagine
836 2780 933 2822 sua
964 2768 1129 2835 Deus,
1155 2771 1296 2826 sicut
1326 2787 1425 2841 pro
1452 2782 1628 2830 statua
1651 2789 1747 2830 sua
1771 2774 1871 2830 im-

253 2862 517 2923 perator,
552 2864 608 2911 et
634 2866 948 2928 corruptam
983 2872 1199 2931 reparat
1222 2865 1529 2934 imaginem,
1564 2875 1617 2922 et
1646 2868 1764 2922 sine
1790 2882 1878 2923 se-

265 2943 429 3001 mine
451 2944 708 3035 formavit
727 2951 795 3007 de
829 2951 1050 3023 Virgine
1076 2965 1348 3025 naturam,
1399 2959 1694 3016 secundum
1725 2960 1875 3017 illum

266 3040 365 3109 qui
396 3040 521 3097 sine
542 3044 751 3102 semine
772 3049 1016 3104 nascitur
1044 3050 1237 3119 Adam,
1267 3061 1323 3108 et
1345 3068 1441 3123 per
1480 3054 1753 3110 hominem
1780 3057 1879 3109 hu-

269 3146 496 3190 manam
547 3147 796 3195 naturam
853 3143 1114 3211 suscitat;
1156 3146 1398 3213 quoniam
1441 3147 1575 3201 enim
1596 3164 1688 3220 per
1715 3146 1879 3202 Itami-

268 3241 389 3280 nem
430 3244 595 3300 mors,
623 3229 740 3285 ideo
783 3240 831 3286 et
867 3250 959 3305 per
998 3236 1254 3291 hominem
1290 3240 1597 3307 resurrectio
1645 3252 1878 3295 mortuo-ut

1982 2029 2050 2070 ne
2075 2014 2332 2070 Dominus
2381 2015 2548 2071 Iesus
2612 2014 2865 2071 Christus
2910 2025 3003 2069 aut
3055 2013 3228 2084 major
3300 2015 3352 2067 in
3404 2011 3583 2082 aliquo

1980 2109 2212 2176 Adamn,
2238 2120 2331 2167 aut
2358 2110 2500 2168 forte
2526 2110 2720 2167 melior
2750 2120 3066 2181 putaretur;
3099 2124 3222 2164 cum
3255 2108 3329 2162 ita
3355 2121 3451 2163 eos
3480 2105 3585 2161 sibi

1981 2204 2252 2260 mensuris
2284 2205 2507 2276 paribus
2559 2205 2988 2275 comparaveris,
3036 2213 3093 2257 ut
3121 2202 3506 2270 derogatorum
3530 2208 3584 2255 te

1982 2298 2384 2369 quodammodo
2416 2296 2548 2353 Atla:
2573 2297 2773 2369 aliquid
2831 2296 3111 2363 crederes,
3145 2296 3191 2349 si
3223 2293 3399 2350 eidem
3425 2291 3586 2364 quid—

1986 2392 2128 2463 piam
2157 2392 2510 2462 praetulisses.

2586 2481 2814 2539 CAPUT
2855 2482 2969 2538 VII.

1982 2576 2230 2633 Haeretici
2272 2578 2519 2650 dogmata
2545 2595 2642 2634 sua
2679 2578 2868 2633 divina:
2899 2579 3191 2646 Scriptura:
3223 2575 3386 2646 pallio
3416 2586 3584 2649 tegere

2594 2659 2985 2704 consueverunt.

2053 2768 2313 2835 Quoniam
2341 2766 2510 2832 enim,
2533 2765 2744 2837 inquis,
2771 2752 2863 2837 per
2902 2766 3161 2820 hominem
3196 2782 3361 2833 mors,
3394 2764 3509 2819 ideo
3534 2772 3583 2818 et

1980 2876 2067 2932 per
2091 2861 2348 2915 hominem
2378 2860 2685 2915 resurrectio
2715 2868 3059 2915 mortuorum.
3084 2858 3335 2913 Etiamne
3363 2864 3581 2926 aposto-

1978 2954 2085 3010 lico
2114 2954 2425 3010 testimonio
2444 2952 2856 3023 perversitatem
2884 2966 2948 3006 ac
2966 2951 3147 3006 scelus
3176 2952 3410 3021 probare
3438 2948 3582 3005 nite-

1978 3048 2094 3105 ris?
2121 3058 2175 3103 et
2194 3049 2514 3118 contagione
2543 3044 2840 3118 impietatis
2871 3056 2975 3101 tute
3028 3044 3136 3100 Vas
3179 3043 3461 3100 electionis
3491 3045 3576 3099 in-

1980 3143 2152 3198 l‘amas
2172 3142 2195 3196 ἲ
2217 3141 2489 3207 videlicet,
2518 3148 2596 3210 ut,
2627 3142 2756 3211 quia
2777 3155 2805 3194 a
2838 3149 2890 3194 te
2912 3148 3100 3195 auctor
3123 3138 3315 3194 salutis
3341 3150 3445 3209 tuas
3467 3152 3576 3194 non

1981 3237 2319 3308 intelligitur,
2354 3235 2558 3291 idcirco
2593 3233 2755 3289 etiam
2809 3234 3096 3303 Apostolus
3137 3233 3305 3288 Deum
3348 3246 3578 3302 negasse

261 3333 410 3401 Iram.
446 3320 563 3389 iloc
590 3337 723 3394 ergo
767 3334 914 3379 tanto
953 3328 1156 3398 studio,
1199 3329 1301 3385 hoc
1331 3338 1481 3385 tanto
1524 3341 1650 3387 actu
1681 3333 1877 3401 praelo-
1906 3331 1953 3397 C
1983 3334 2248 3388 videatur.
2288 3332 2355 3387 Et
2404 3338 2613 3397 tamen,
2653 3329 2699 3384 si
2746 3329 3078 3399 Apostolicis
3134 3328 3459 3383 testimoniis
3502 3329 3578 3382 uti

268 3410 596 3469 cutionibus
626 3415 835 3477 blandis
858 3417 1023 3474 fallax
1058 3421 1340 3477 insidiator
1380 3424 1562 3493 egisti,
1593 3434 1650 3479 ut
1700 3426 1868 3481 Deum

267 3500 323 3557 in
370 3505 815 3573 praecedentibus
844 3512 1148 3578 nominans,
1176 3514 1242 3569 ad
1277 3516 1550 3571 hominem
1584 3518 1636 3572 in
1677 3532 1871 3574 conse-

267 3598 574 3689 quentibus
608 3602 950 3676 pervenires_;
976 3612 1031 3659 et
1060 3620 1182 3662 eum
1232 3606 1406 3677 ipsum
1438 3608 1664 3664 Solitarii
1696 3608 1876 3666 homi-

267 3676 355 3747 his
377 3697 711 3759 contumella
743 3708 863 3767 post
887 3698 1155 3769 afliceres,
1179 3704 1266 3758 cui
1298 3703 1539 3758 subdolae
1558 3703 1877 3760 humilitatis

268 3787 742 3847 ofﬁcio'hnlnorem
780 3794 871 3849 Dei
894 3801 1022 3850 ante
1043 3794 1353 3851 detulisses.
1393 3798 1538 3853 Dicis
1562 3813 1692 3865 ergo
1731 3799 1874 3868 quod

268 3877 572 3954 imaginem
612 3884 732 3957 Dei,
764 3878 1217 3959 quam'diabolus
1246 3888 1538 3961 projecerit
1587 3892 1643 3948 in
1680 3906 1873 3947 corru-

1980 3427 2243 3498 placebat.
2267 3441 2366 3481 cur
2407 3439 2515 3479 uno
2561 3423 2677 3493 ejus
2734 3430 3023 3478 contentus
3050 3433 3247 3476 cuncta
3278 3420 3493 3486 siluisti,
3525 3430 3581 3475 et

1974 3520 2085 3599 hoc
2118 3533 2225 3575 non
2255 3517 2545 3574 subdidisti
2577 3515 2758 3570 statim
2796 3532 2811 3569 :
2844 3514 3046 3568 Paulus
3096 3516 3361 3583 apostolus
3392 3514 3456 3567 ab
3484 3511 3581 3568 lto-

1980 3612 2201 3667 minibus
2232 3627 2393 3683 neque
2419 3627 2508 3681 per
2546 3609 2832 3675 hominem,
2866 3609 2954 3662 sed
2982 3624 3071 3679 per
3098 3606 3276 3662 Jesum
3317 3606 3581 3662 Christum

1981 3704 2181 3778 (Galat.
2214 3704 2295 3775 1)?
2323 3714 2414 3758 aut
2445 3702 2576 3757 illud
2608 3720 2620 3756 :
2657 3701 2982 3770 Sapientiam
3014 3700 3275 3768 loquimur
3302 3701 3436 3754 inter
3463 3716 3580 3770 per-

1982 3795 2208 3869 fectos(l
2238 3794 2357 3850 Cor.
2384 3794 2483 3864 tt)?
2529 3804 2585 3849 et
2639 3804 2761 3864 post
2807 3794 2912 3847 alia
2948 3810 2960 3844 :
2997 3791 3166 3856 Quam
3190 3809 3356 3859 nemo,
3382 3792 3577 3861 inquit,

1981 3890 2275 3962 principum
2298 3888 2471 3944 steculi
2495 3888 2650 3960 hujus
2677 3886 2933 3959 cognovit.
2958 3885 3018 3942 Si
3039 3886 3174 3941 enim
3204 3885 3575 3956 cognovissent.

1355 4025 1615 4081 ALARDI
1654 4025 1887 4084 GAZEI
1924 4023 2493 4083 COMMENTARIUS.

269 4127 464 4183 eosque
490 4113 598 4181 igni
621 4116 856 4183 tradidit,
888 4118 1061 4175 dicens
1091 4135 1110 4173 :
1134 4116 1253 4173 Non
1278 4120 1497 4173 manebit
1520 4119 1573 4173 in
1603 4120 1734 4175 cella
1765 4137 1876 4174 mea

269 4181 950 4263 licini-nmmostrtesanctg
973 4186 1077 4263 Dei
1096 4190 1357 4263 genitricis
1387 4207 1682 4263 semperque
1719 4192 1878 4261 virgi-

262 4257 356 4333 ‘nis
390 4252 864 4335 dia‘rite_i_niniicus.
892 4259 1024 4335 Htec
1061 4252 1150 4315 ibi.
1180 4260 1454 4335 Eiusmodi
1495 4252 1716 4333 namque
1760 4252 1877 4335 {tie-

272 4324 556 4406 runt_libri
574 4327 923 4406 i‘lﬁ,qttos,(ut
948 4332 1197 4406 diximus)
1224 4324 1314 4402 per
1334 4334 1568 4406 diversas
1597 4324 1731 4406 orbis
1753 4324 1880 4406 par-

262 4396 664 4481 ,ζαεΝεδιοι-ἱιέτδ
701 4396 1023 4481 tlit'ulgavit;
1052 4396 1288 4481 quorum
1323 4403 1669 4481 blasphemias
1714 4396 1870 4481 idem,

272 4470 366 4551 qui
394 4470 1076 4551 supra,_qgril_lusieorsini
1102 4475 1307 4551 collegit
1335 4483 1381 4529 et
1401 4470 1704 4551 confutavit.
1730 4477 1871 4532 Hac-

277 4548 535 4611 tenusiex
569 4542 799 4599 Ba'rouio
822 4556 876 4611 et
904 4542 1318 4603 auctorihus'ah
1348 4562 1414 4602 eo
1444 4547 1645 4601 citatis.

353 4610 859 4689 {Meliusgirtasse
909 4633 1025 4673 oras
1068 4619 1362 4689 legeretur,
1404 4616 1557 4687 juxta
1594 4618 1720 4674 illud
1770 4617 1872 4675 Lu-

268 4683 489 4823 ‘glegiita
519 4683 581 4739 D.
616 4678 944 4759 Hieronymo
990 4678 1220 4745 relatitm
1275 4691 1328 4744 in
1349 4678 1577 4759 epistola
1608 4690 1674 4745 ad
1705 4689 1877 4747 Ctesi-

399 4772 430 4807 n
460 4770 546 4811 em
578 4772 596 4811 :

399 4772 430 4807 ll
438 4770 546 4811 tem
578 4772 596 4811 Ξ

411 4868 485 4934 ᾼο
503 4868 657 4934 veluti
682 4873 852 4934 pueris
875 4874 1116 4923 absinthia
1139 4881 1271 4925 tetra
1292 4877 1550 4927 medentes

409 4930 946 5002 Qum_dare'cqnan_tur,
965 4938 1103 5002 prius
1123 4950 1235 4986 oras
1255 4939 1423 5002 poeula
1446 4940 1631 4989 circum

411 4993 711 5057 Contingunt
729 4996 859 5048 dulci
881 4993 1041 5049 mellis
1060 4993 1285 5064 ﬂavoque
1304 5000 1511 5065 liquore.

284 5097 496 5164 Ouibus
524 5104 797 5179 versibus
829 5104 889 5159 D.
915 5098 1301 5179 _Hieronymus
1332 5106 1583 5162 Ruﬁnum
1617 5111 1888 5179 perstrin—

287 5185 445 5250 gens,
474 5172 737 5250 qui,,_ha_c
778 5175 965 5250 fraude
1016 5172 1163 5250 usus,
1199 5176 1250 5232 in
1300 5179 1440 5233 libro
1467 5172 1634 5250 quem
1665 5180 1735 5235 de
1774 5180 1883 5236 Mo-

287 5243 477 5318 nachis
514 5244 733 5318 scripsit
768 5248 964 5301 multos
1006 5248 1343 5318 Otigenistas
1382 5243 1718 5316 inte-meruit,
1758 5267 1882 5306 mox

288 5314 476 5392 subdit
499 5331 517 5392 _:
544 5314 633 5369 lla
663 5316 753 5372 ille
795 5314 1243 5392 unum_loannem
1273 5322 1325 5374 in
1367 5322 1530 5391 ipsius
1559 5320 1679 5376 libri
1707 5314 1886 5392 posuit

290 5385 563 5464 principio,
594 5405 743 5460 quem
783 5389 1183 5464 ethcatholicum
1232 5403 1278 5446 et
1324 5385 1560 5446 sanctum
1591 5385 1753 5464 fuisse
1785 5411 1886 5448 non

293 5454 501 5509 dubium
521 5454 619 5527 est;
644 5468 698 5512 ut
754 5477 807 5513 er
826 5459 969 5513 illius
991 5464 1311 5517 occasionem
1335 5474 1542 5518 cwteros
1557 5454 1682 5533 quos
1706 5482 1885 5529 posue-

293 5533 370 5578 rat
392 5525 659 5583 hcerelicos
690 5478 937 5583 Ειέςιεδὶω
971 5533 1340 5583 introduceret.
1394 5535 1446 5583 In
1478 5537 1726 5583 eamdem
1761 5552 1885 5583 san—

291 5533 370 5578 rat
392 5525 659 5584 luet-elices
690 5525 937 5586 Ericlesitu
971 5533 1340 5588 introduceret.
1394 5535 1446 5587 In
1478 5525 1726 5590 eamdem
1761 5552 1886 5592 scn-

191 5648 207 5678 λ
294 5599 851 5678 ιξηιίεηῃυϐηίςοτὶυδ
904 5603 1273 5678 Nazianzenus
1317 5607 1457 5678 (Lib.
1515 5609 1577 5660 de
1622 5606 1756 5661 Fide
1782 5609 1886 5661 sive

192 5662 209 5685 ’⁸
235 5685 255 5751 ξ
298 5665 441 5751 ρνρι.
596 5689 612 5727 :
648 5662 714 5728 Ut
752 5678 898 5737 solet,
954 5676 1146 5751 inquit.
1199 5662 1387 5731 let/uile
1429 5680 1667 5750 poculum
1720 5679 1884 5733 mellis

229 5744 242 5782 ἑ
294 5738 567 5822 dulcedine
596 5752 932 5822 temperatum
958 5738 1209 5822 suauitate
1241 5738 1470 5822 fallente,
1500 5754 1781 5822 perimam;
1811 5755 1885 5804 sic

292 5817 338 5863 et
372 5811 469 5890 hoc
502 5811 706 5890 malum
736 5819 1100 5890 (ltznreseos),
1135 5811 1612 5890 per'blandim'enta
1654 5811 1884 5888 aurium,

291 5882 614 5957 audientium
660 5904 837 5941 sensus
875 5882 1099 5957 quadam
1135 5882 1247 5946 labe
1284 5894 1667 5955 contaminans,
1712 5882 1889 5948 conta-'-

291 5955 439 6015 qione
478 5957 773 6014 adluerente
804 5955 987 6021 inﬁcit.
1020 5962 1085 6019 Et
1136 5964 1325 6022 eadem
1380 5964 1732 6024 similitudine
1761 5981 1890 6024 usus

1980 4116 2353 4173 Themloretus
2385 4114 2473 4187 (In
2506 4119 2750 4186 prooemio
2781 4117 2910 4171 lib.t
2947 4117 3141 4171 Hteret.
3172 4114 3336 4187 Fab.)
3386 4135 3398 4169 :
3449 4114 3578 4172 Cum

1968 4189 2211 4255 ἒΙιοηιὶηεδ
2258 4191 2451 4259 inquit,
2483 4207 2578 4243 sua
2618 4190 2916 4254 Operatione
2950 4189 3132 4259 dignos
3181 4188 3410 4259 elegisset
3445 4188 3580 4258 (dia-

1980 4260 2181 4330 bolus),
2216 4270 2263 4314 et
2291 4247 2551 4329 ttimquam
2594 4247 2740 4315 melle
2766 4261 2991 4331 quodam
3006 4247 3085 4314 vos
3118 4247 3287 4327 poculi
3315 4247 3575 4325 illivisset,

1979 4332 2188 4386 exitiale
2206 4333 2462 4385 mendacii
2488 4347 2733 4385 venenum
2767 4330 3055 4385 hominibus
3086 4330 3283 4384 obtulit.
3316 4332 3384 4385 At
3408 4332 3576 4385 multo

1979 4405 2289 4471 expressius
2334 4401 2648 4456 Vincentius
2699 4402 2995 4457 Lirinensis
3040 4402 3092 4455 in
3147 4403 3575 4457 tiommonitorio

1981 4472 2136 4544 (Cap.
2167 4474 2259 4544 55)
2287 4490 2301 4527 :
2328 4472 2514 4535 Tanto,
2548 4476 2738 4543 inquit,
2775 4476 2938 4545 magis
2962 4473 3199 4545 _cavendi
3238 4490 3298 4526 ac
3339 4475 3580 4545 pertime-

1979 4545 2156 4615 scendi
2185 4555 2300 4599 sunt
2327 4544 2576 4607 hteretici,
2606 4554 2798 4613 quanto
2826 4543 3072 4598 occultius
3100 4544 3191 4598 sub
3218 4545 3406 4599 divina:
3454 4544 3579 4616 legis

1982 4616 2294 4671 umbraculis
2307 4617 2531 4670 latitant.
2559 4617 2746 4671 Sciunt
2772 4619 2903 4671 enim
2942 4616 3129 4688 {stores
3158 4633 3277 4669 suos
3300 4616 3432 4688 nulli
3450 4615 3581 4687 forte

1983 4688 2083 4740 cito
2120 4706 2169 4742 es
2200 4706 2225 4742 ε
2267 4690 2568 4752 placitaros,
2607 4689 2651 4741 si
2690 4690 2816 4740 muli
2863 4697 2911 4740 et
2946 4687 3215 4753 simplices
3242 4687 3580 4751 exhalentur;

1905 4748 1956 4806 Ι)
1982 4769 2135 4828 atque
2159 4748 2353 4813 idcirco
2374 4776 2462 4812 eos
2504 4759 2718 4812 scelestis
2764 4757 2953 4829 eloquii
3005 4748 3141 4811 velut
3208 4760 3428 4827 quodam
3461 4748 3582 4811 ara-

1980 4842 2121 4899 male
2141 4839 2442 4912 aspergunt,
2470 4840 2527 4884 ut
2554 4829 2641 4912 ille
2671 4830 2759 4912 qui
2789 4831 3069 4883 humanum
3110 4829 3264 4901 facile
3292 4830 3580 4912 despiceret

1983 4916 2228 4973 errorem,
2259 4898 2432 4955 divina
2459 4918 2559 4973 non
2588 4898 2766 4973 facile
2795 4910 3087 4954 contemnat
3110 4898 3355 4957 oracula.
3395 4898 3583 4966 Itaque

1981 4970 2181 5044 faciunt
2207 4973 2348 5041 quod
2385 4973 2436 5025 Ιιί
2481 4970 2645 5044 solent
2670 4971 2768 5044 qui
2816 4974 3044 5044 parvulis
3082 4981 3289 5025 austera
3342 4977 3581 5043 qua-dam

1983 5041 2319 5116 temperaturi
2346 5041 2565 5116 pocula.
2595 5043 2740 5116 prius
2756 5059 2889 5097 -oras
2921 5042 3071 5097 melle
3110 5041 3493 5116 circumlinunt,
3522 5052 3582 5116 ut

1982 5112 2194 5169 incauta
2212 5112 2356 5181 tetas,
2373 5130 2505 5167 -cum
2531 5112 2856 5168 dulcedinem
2877 5116 3215 5182 pra’senserit,
3270 5114 3551 5167 amaritudi
3565 5143 3580 5153 -

1987 5201 2102 5240 nem
2131 5200 2235 5239 non
2262 5185 2581 5256 reformidet.
2612 5186 2764 5250 Quod
2790 5187 2941 5240 etiam
2963 5185 3042 5239 his
3075 5201 3213 5238 curae
3236 5196 3311 5238 est
3331 5187 3416 5253 qui
3444 5182 3581 5256 mala

1985 5257 2221 5327 gramina
2280 5253 2331 5310 et
2394 5259 2575 5311 noxios
2638 5264 2815 5311 suecos
2866 5259 3259 5311 medicaminum
3318 5253 3582 5308 vocabulis

1988 5327 2367 5399 prtccolorant,
2406 5338 2459 5381 ut
2502 5345 2649 5381 nemo
2682 5332 2816 5396 fere,
2842 5329 2926 5382 ubi
2946 5345 3105 5395 supra
3138 5330 3379 5399 scriptum
3407 5327 3584 5396 legerit

1972 5398 2622 5470 _remedium,»suspicetur
2660 5414 2931 5453 venenum.
2979 5400 3113 5453 Vide
3162 5398 3407 5470 annalem
3456 5413 3576 5467 cap.

1989 5470 2237 5540 sequenti
2279 5468 2523 5540 ejusdem
2573 5468 2726 5538 libri,
2769 5482 2825 5527 et
2864 5472 3123 5526 lrenamm
3165 5471 3199 5523 l.
3236 5485 3291 5523 ιιι
3326 5469 3584 5523 adversus

1988 5538 2225 5596 ltm’reses
2245 5538 2364 5610 cap.
2401 5540 2486 5597 l9.

2060 5609 2088 5649 δ
2109 5613 2227 5665 Alia
2261 5609 2485 5668 haeresis
2514 5611 2769 5678 Nestorii,
2795 5611 2928 5665 nihil
2974 5611 3202 5679 amplius
3228 5610 3441 5663 Christo
3475 5612 3577 5663 Do-

1989 5682 2135 5737 tnino
2170 5699 2327 5754 quam
2378 5685 2585 5737 Adamn
2638 5685 2949 5745 tribuentis,
3028 5694 3082 5735 et
3164 5690 3451 5754 utrumque
3487 5696 3582 5754 ex-

1987 5750 2419 5825 wquaniiszqua:
2440 5768 2616 5810 tamen
2649 5757 2700 5808 in
2729 5754 2813 5808 illa
2842 5754 3094 5823 primaria
3121 5764 3175 5809 et
3196 5750 3579 5825 principaliin-

1988 5826 2244 5890 cluditur,
2295 5843 2396 5895 qua
2445 5826 2723 5881 Christum
2776 5840 2885 5881 non
2928 5826 3029 5882 nisi
3080 5842 3271 5897 purum
3306 5837 3354 5882 et
3398 5824 3582 5881 solita-

1989 5898 2129 5953 rium
2160 5897 2436 5954 hominem
2462 5897 2761 5953 asserebat.
