3966 6332
217 294 317 361 233

1230 291 1321 355 nn
1358 269 1875 383 ιΝαΑῐιΝΑτιόΝε
1911 260 2187 352 cnntsrt
2222 276 2367 352 ιιθί
2398 292 2509 352 vu.

3388 292 3498 363 ξω

214 417 393 475 monio
426 404 610 482 ntenS,
650 412 774 485 quia
803 400 995 469 Filium
1018 410 1116 468 Dei
1170 413 1289 469 sine
1332 424 1506 469 matre
1554 411 1756 470 asseris
1783 457 1799 482 ,
1828 412 1885 474 Α
1907 392 2133 467 vitatemv
2149 413 2397 481 corporis
2423 410 2528 467 sibi
2552 410 2666 481 ipse
2690 411 2901 470 suffecit
2946 388 3067 472 sine
3120 392 3296 486 patre.
3325 419 3492 493 Ergo,

213 512 371 568 etiam
391 508 507 565 sine
525 517 677 580 patre
697 521 819 564 esse
839 505 1202 576 blasphemes.
1230 504 1397 562 Vides
1419 520 1549 578 ergo
1573 519 1799 576 perver-

211 604 384 659 sitatis
417 618 481 657 ac
511 600 765 672 nequitias
794 609 899 655 tuae
924 599 1124 675 studio,
1159 599 1216 654 in
1253 597 1403 670 quod
1432 608 1486 655 te
1511 597 1805 669 impietatis

209 706 541 767 praeruptum
566 694 767 765 jeceris
793 710 807 749 :
837 702 899 750 ut
927 693 1073 762 quod
1100 707 1261 749 nemo
1292 692 1469 749 adhuc
1510 706 1540 748 a
1568 692 1801 762 saeculis,

209 788 314 843 nisi
344 789 565 843 insanus
593 787 848 855 fortasse,
877 786 1033 856 dixit,
1074 785 1200 843 dum
1226 784 1425 842 Filium
1449 786 1545 841 Dei
1576 795 1806 841 matrem

207 895 317 935 non
348 880 604 937 habuisse
633 881 789 949 dicis,
821 880 988 937 etiam
1013 888 1221 951 patrem
1253 880 1425 951 ipsius
1447 878 1704 950 deneges.
1738 877 1809 934 Et

206 974 315 1030 hoc
341 985 521 1031 tamen
548 975 1035 1053 nescioimpietate
1064 972 1255 1044 majori
1288 988 1359 1030 an
1402 973 1639 1043 ineptia;
1684 972 1803 1044 quia

206 1069 339 1140 quid
367 1070 603 1135 stultius,
634 1069 762 1141 quid
793 1054 1051 1141 ineptius,
1074 1066 1234 1141 quam
1264 1068 1360 1125 lilii
1382 1084 1580 1125 nomen
1605 1082 1810 1139 ponere

207 1170 263 1218 et
298 1164 462 1233 patris
493 1179 691 1220 nomen
721 1164 861 1221 velle
889 1164 1164 1221 reticere?
1196 1163 1303 1219 Sed
1325 1163 1459 1219 dicis
1485 1181 1499 1218 :
1530 1162 1648 1218 Non
1675 1162 1808 1218 reti-

207 1268 331 1318 ceo,
361 1270 465 1310 non
486 1269 645 1326 nego.
678 1256 746 1312 Et
771 1257 893 1327 quis
921 1271 1052 1328 ergo
1080 1265 1133 1313 te
1162 1254 1314 1311 furor
1339 1254 1623 1326 compulit,
1656 1254 1812 1323 testi-

207 1353 455 1405 monium
508 1348 639 1405 illud
690 1364 916 1420 ponere,
947 1348 1215 1417 ubi,dum
1251 1357 1485 1404 matrem
1534 1362 1659 1403 eum
1700 1361 1811 1402 non

209 1441 471 1499 habuisse
499 1441 659 1513 dicis,
694 1443 855 1499 etiam
883 1451 1094 1514 patrem
1122 1442 1241 1514 ejus
1269 1456 1499 1513 negasse
1524 1441 1762 1497 videaris
1788 1441 1812 1496 ἲ

206 1534 345 1591 Nam
380 1551 506 1591 cum
538 1535 592 1591 in
616 1536 814 1592 eodem
840 1535 1177 1606 testimonio,
1205 1535 1344 1591 sicut
1366 1535 1483 1591 sine
1507 1544 1707 1603 matre,
1738 1533 1813 1590 ita

208 1628 378 1685 etiam
409 1630 529 1685 sine
559 1638 717 1699 patre
744 1643 867 1685 esse
887 1627 1121 1697 dicatur,
1155 1642 1378 1684 necesse
1406 1634 1491 1682 est
1514 1635 1574 1682 ut
1603 1626 1650 1682 si
1694 1625 1813 1682 sine

207 1733 387 1779 matre
417 1724 491 1780 ibi
520 1724 751 1795 intelligi
783 1733 964 1795 potest
1005 1724 1197 1781 eodem
1226 1723 1388 1779 modo
1418 1738 1526 1793 quo
1555 1723 1675 1779 sine
1695 1736 1811 1777 ma-

1908 503 2080 576 inquit
2101 505 2419 577 Apostolus,
2442 508 2551 562 sine
2579 518 2767 575 matre,
2813 511 2925 565 sine
2953 510 3274 584 genealogia.

2510 621 2749 683 CAPUT.
2777 622 2895 682 XV.

1913 710 2184 780 Quomodo
2213 712 2453 786 Christus
2473 714 2928 843 sinedger‘tealogia
2951 720 3016 775 ab
3045 720 3295 792 Apostolo
3339 724 3505 797 fuisse

2617 803 2696 841 tca
2723 805 2810 843 ur.
2983 816 2995 829 '
3212 834 3217 840 ε

2617 803 2810 845 tcatur.
2983 816 2995 829 ο
3212 834 3217 840 .

1981 877 2266 946 Quomodo
2308 880 2428 935 sine
2448 881 2762 953 genealogia
2791 883 3081 943 Dominum
3132 887 3299 946 fuisse
3348 890 3507 961 dicit,

1910 980 2032 1023 cum
2084 970 2437 1041 Evangelium
2488 972 2725 1028 Matthaei
2754 978 3000 1047 evangeli
3034 995 3104 1035 ne
3129 995 3160 1035 a
3189 984 3509 1055 genealogis

1911 1062 2138 1129 cmperit
2173 1062 2496 1128 Salvatoris,
2548 1065 2773 1124 dicens:
2818 1066 2969 1123 Liber
2996 1074 3338 1143 generationis
3379 1074 3508 1133 Iesu

1914 1153 2128 1224 Christi,
2153 1156 2253 1226 ﬁlii
2278 1156 2466 1224 David,
2493 1160 2591 1228 ﬁlii
2613 1160 2909 1218 Abraham?
2933 1165 3075 1236 Ergo
3096 1167 3318 1237 etjuxta
3343 1183 3509 1225 evan-

1912 1249 2163 1320 gelistam
2221 1251 2385 1308 habet
2426 1255 2820 1326 genealogiam,
2881 1266 2935 1312 et
2983 1256 3135 1327 juxta
3185 1262 3507 1331 Apostolutn

1914 1356 2021 1398 non
2055 1343 2259 1399 habet:
2293 1346 2417 1416 quia
2446 1347 2599 1416 juxta
2628 1347 2982 1419 Evangelium
3007 1366 3072 1405 ex
3104 1362 3277 1407 matre
3320 1355 3505 1423 habet,

1907 1434 2063 1507 juxta
2088 1438 2413 1507 Apostolum
2441 1454 2507 1494 ex
2553 1452 2705 1510 patre
2747 1456 2855 1498 non
2900 1441 3084 1499 habet.
3118 1444 3188 1499 Et
3218 1445 3340 1500 ideo
3369 1446 3509 1505 bene

1914 1531 2207 1600 Apostolus
2233 1532 2441 1597 dicens,
2483 1534 2613 1589 Sine
2641 1545 2809 1605 patre,
2840 1537 2951 1592 sine
2979 1546 3161 1608 matre,
3195 1540 3305 1593 sine
3325 1558 3511 1610 genea—

1916 1622 2093 1695 logia;
2118 1624 2209 1681 ubi
2237 1640 2361 1681 eum
2385 1626 2505 1683 sine
2536 1637 2711 1685 matre
2738 1629 2977 1700 genitum
3009 1646 3130 1687 esse
3186 1634 3386 1703 posuit,
3434 1635 3511 1693 ibi

1917 1717 2084 1773 etiam
2109 1717 2229 1775 sine
2258 1720 2575 1791 genealogia
2604 1728 2737 1777 esse
2782 1724 3121 1780 memoravit.
3179 1724 3255 1782 Ac
3282 1743 3377 1797 per
3407 1726 3511 1784 hoc

208 1826 295 1872 tre
322 1832 446 1872 esse
476 1816 551 1872 ibi
574 1794 914 1889 intelligitur,
948 1818 1112 1873 etiam
1135 1817 1254 1873 sine
1284 1826 1441 1887 patre
1469 1830 1594 1871 esse
1617 1815 1811 1872 creda-
1838 1794 1888 1856 Β
1913 1809 1969 1865 in
2018 1820 2247 1883 utraque
2296 1813 2511 1869 Domini
2567 1816 2873 1883 nativitate,
2901 1828 2957 1874 et
2986 1794 3298 1891 evangelica
3322 1821 3424 1877 sibi
3454 1829 3512 1879 et

210 1921 315 1966 tur.
335 1909 443 1967 Sed
466 1911 572 1968 hoc
596 1919 866 1983 praerupta
895 1910 987 1966 illa
1005 1909 1071 1964 ad
1090 1909 1395 1981 negandum
1415 1907 1807 1965 Deuminsania

207 2016 317 2059 non
340 2002 648 2070 intellexit;
681 2019 802 2074 qua:
831 2017 953 2059 cum
975 2002 1027 2057 id
1062 2010 1366 2058 truncatum
1386 2010 1639 2072 poneret,
1665 1998 1808 2071 quod

206 2097 479 2167 integrum
509 2096 768 2166 scriptum
799 2105 901 2163 est,
927 2111 1038 2150 non
1060 2094 1193 2151 vidit
1216 2104 1458 2150 reserata
1486 2093 1631 2149 sacri
1650 2093 1810 2150 volu-

207 2190 368 2247 minis
400 2191 544 2247 serie
564 2190 816 2262 redargui
839 2190 1128 2262 impudens
1153 2199 1315 2262 atque
1345 2198 1599 2260 apertum
1646 2203 1808 2260 posse

208 2282 574 2339 mendacium.
631 2281 677 2338 Ο
723 2283 885 2339 stulta
918 2282 1257 2353 blasphemia
1286 2290 1341 2338 et
1371 2282 1647 2338 amentia!
1688 2297 1809 2352 qua:

205 2375 330 2431 dum
357 2376 477 2446 ipsa
517 2390 624 2431 non
650 2374 799 2431 videt
852 2375 981 2447 quid
1028 2376 1183 2447 sequi
1230 2375 1446 2443 debeat,
1478 2375 1641 2431 etiam
1673 2374 1809 2431 illud

206 2485 312 2527 non
343 2472 529 2542 sapuit
556 2471 683 2542 quid
714 2468 823 2541 legi
852 2470 1057 2541 possit;
1102 2470 1257 2541 quasi
1284 2484 1419 2525 vero
1445 2467 1569 2539 quia
1601 2477 1627 2505 ει
1653 2468 1809 2524 aufe-

205 2565 361 2620 rebat
409 2564 516 2619 sibi
554 2564 993 2635 intelligentiam,
1053 2562 1269 2619 auferre
1316 2568 1502 2633 posset
1556 2561 1809 2618 omnibus

206 2657 533 2722 lectionem;
564 2668 656 2713 aut
694 2658 817 2713 ideo
842 2656 1127 2728 'perdituri
1157 2670 1350 2712 omnes
1394 2654 1463 2711 ad
1494 2654 1806 2726 legendum

206 2750 399 2805 oculos
420 2749 613 2819 capitis
634 2749 717 2804 sui
745 2760 952 2816 essent,
979 2749 1108 2820 quia
1132 2749 1246 2819 ipse
1263 2748 1373 2819 jam
1401 2748 1596 2803 mentis
1618 2747 1806 2804 oculos

207 2842 558 2912 perdidisset.
590 2840 729 2897 Audi
749 2846 918 2914 ;ergo,
962 2842 1237 2911 haeretice,
1279 2841 1425 2912 quod
1455 2840 1664 2897 furatus
1704 2856 1805 2907 es;

205 2935 327 2990 audi
365 2935 529 3005 plena
559 2946 613 2992 et
644 2937 874 3007 integra,
923 2952 1046 3007 quae
1093 2936 1294 2992 debilia
1325 2950 1390 2991 ac
1438 2944 1685 2991 truncata
1713 2949 1809 3005 po-

206 3027 386 3082 suisti.
423 3028 715 3098 Apostolus
737 3027 1007 3098 duplicem
1038 3028 1134 3084 Dei
1158 3028 1502 3085 nativitatem
1530 3027 1807 3084 insinuare

208 3121 460 3176 omnibus
484 3122 729 3191 cupiens,
764 3129 823 3177 ut
849 3129 906 3177 et
954 3121 1008 3177 in
1045 3120 1258 3176 Deitate
1282 3127 1469 3176 natum
1514 3119 1807 3175 Dominum

1914 1903 2218 1973 apostolica
2268 1905 2431 1961 simul
2467 1907 2669 1977 scripta
2700 1910 3058 1967 conveniunt.
3107 1911 3243 1980 Quia
3278 1922 3333 1969 et
3355 1914 3512 1985 juxta

1914 1998 2298 2069 evangelistam
2330 1998 2496 2056 habet
2522 2001 2899 2073 genealogiam
2929 2004 3048 2059 sine
3074 2016 3231 2075 patre
3260 2006 3314 2062 in
3344 2021 3512 2066 carne

1912 2098 2109 2158 natus;
2138 2100 2194 2147 et
2241 2093 2392 2161 juxta
2440 2092 2763 2163 Apostolum
2790 2110 2899 2151 non
2928 2094 3113 2163 habet,
3166 2097 3287 2155 sine
3334 2108 3511 2158 matre

1911 2181 2177 2239 Dominus
2201 2184 2254 2239 in
2273 2184 2485 2242 Deitate
2506 2195 2816 2259 generatus,
2842 2188 2980 2245 Isaia
3000 2190 3216 2247 dicente
3242 2210 3257 2245 :
3288 2190 3316 2230 ιι
3344 2190 3511 2250 Gene-

1911 2275 2163 2331 rationem
2192 2286 2361 2333 autem
2398 2279 2509 2349 ejus
2535 2280 2649 2347 quis
2674 2280 2937 2336 enarrabit
2963 2280 3067 2355 (Is.
3099 2282 3216 2356 un)
3246 2285 3271 2339 τ

2512 2392 2739 2450 CAPUT
2782 2394 2919 2452 XVI.

1911 2483 1994 2539 Ad
2018 2486 2469 2561 Δἔπισιιιιίιίιψηιοηίδ
2510 2487 2773 2543 Christunt
2801 2492 3067 2561 tentantis,
3099 2495 3321 2548 ostendit
3350 2495 3511 2553 hare-

1987 2557 2117 2611 ticos
2175 2556 2503 2628 Scripturam
2546 2576 2746 2615 sacram
2794 2571 3035 2635 truncare
3054 2556 3112 2617 et
3133 2577 3437 2636 pervertere.

1986 2650 2096 2706 Cur
2120 2667 2268 2723 ergo,
2314 2650 2590 2721 haeretice,
2622 2669 2729 2710 non
2758 2655 2865 2711 hoc
2909 2656 3074 2713 modo
3124 2674 3245 2729 quae
3301 2661 3517 2732 legeras

1914 2741 2125 2813 integra
2154 2753 2209 2799 et
2231 2744 2539 2815 incorrupta
2567 2746 2845 2816 posuisti?
2874 2746 3039 2801 Vides
3063 2748 3244 2819 itaque
3270 2754 3512 2820 Aposto-

1912 2832 2023 2889 lum
2051 2834 2151 2890 hac
2201 2835 2414 2890 ratione
2466 2850 2568 2906 qua
2619 2845 2805 2893 natum
2858 2837 3149 2893 Dominum
3196 2840 3313 2895 sine
3358 2851 3514 2911 patre

1914 2928 2117 2999 posuit,
2150 2928 2248 2982 hac
2268 2928 2431 2983 etiam
2478 2927 2596 3003 sine
2625 2939 2801 2985 matre
2854 2930 3138 3000 posuisse;
3198 2942 3257 2987 ut
3304 2941 3360 2989 et
3406 2949 3513 3005 qua

1917 3021 2128 3076 ratione
2150 3021 2540 3091 intelligeretur
2559 3037 2685 3078 esse
2711 3020 2831 3078 sine
2857 3031 3030 3093 patre,
3065 3025 3167 3079 hac
3190 3036 3512 3085 nosceretur

1917 3129 2039 3172 esse
2065 3117 2184 3172 sine
2215 3126 2408 3172 matre.
2440 3117 2511 3173 Et
2536 3117 2679 3173 sicut
2708 3131 2818 3173 non
2848 3120 3019 3189 possit
3044 3120 3235 3191 utique
3263 3121 3382 3177 sine
3412 3137 3513 3192 pa-

209 3219 261 3267 et
303 3212 357 3267 in
389 3186 571 3269 carne
586 3186 939 3280 monstraret,
972 3212 1068 3280 ait,
1105 3210 1232 3268 Sine
1264 3218 1430 3282 patre,
1461 3210 1572 3266 sine
1598 3220 1806 3278 matre;
1836 3186 1883 3251 ο
1913 3219 1996 3268 tre
2016 3212 2191 3278 credi,
2222 3213 2296 3267 ita
2326 3212 2447 3268 sine
2475 3221 2649 3269 matre
2676 3186 3025 3284 quoque-non
3054 3186 3229 3285 possit
3256 3186 3510 3288 intelligi.

210 3298 441 3361 alterum
493 3306 639 3361 enim
704 3303 985 3377 proprium
1038 3314 1124 3361 est
1170 3303 1475 3358 divinitatis
1517 3303 1804 3371 nativitati,

209 3396 439 3452 alterum
479 3397 682 3454 carnis.
715 3396 851 3465 Quia
881 3397 1022 3452 sicut
1049 3395 1104 3451 in
1138 3396 1463 3452 Deitate-est
1488 3395 1607 3451 sine
1635 3403 1808 3451 matre

209 3498 520 3561 generatus,
546 3491 625 3547 ita
650 3492 707 3547 in
737 3505 967 3562 corpore
997 3499 1083 3547 est
1111 3491 1231 3547 sine
1261 3501 1415 3563 patre
1444 3509 1456 3545 :
1490 3506 1554 3548 ac
1580 3493 1659 3547 sic
1683 3506 1806 3548 cum

212 3598 308 3641 nec
349 3585 470 3641 sine
514 3595 688 3657 patre,
737 3600 840 3640 nec
866 3584 987 3640 sine
1024 3592 1198 3640 matre
1246 3585 1337 3655 sit,
1395 3592 1450 3641 et
1504 3584 1626 3641 sine
1655 3594 1808 3656 patre

212 3684 391 3734 tamen
431 3689 487 3734 et
516 3679 635 3734 sine
679 3688 854 3734 matre
880 3677 1184 3735 credendus
1212 3688 1318 3734 est.
1351 3677 1485 3746 Quia
1513 3677 1562 3734 si
1584 3678 1713 3734 dum
1738 3693 1808 3734 ex

212 3779 363 3839 patre
400 3771 662 3837 nascitur,
692 3771 941 3839 respicis,
975 3771 1096 3827 sine
1125 3782 1299 3827 matre
1322 3786 1475 3838 esse;
1508 3772 1552 3827 si
1580 3771 1707 3828 dum
1739 3787 1807 3829 ex

215 3871 409 3934 matre,
441 3864 561 3919 sine
592 3872 763 3934 patre.
796 3863 876 3919 Ac
921 3861 999 3919 sic
1048 3863 1105 3918 in
1157 3863 1385 3935 singulis
1437 3864 1809 3923 nativitatibus

216 3954 446 4021 alterum
476 3955 706 4021 habens,
748 3955 979 4011 alterum
1031 3955 1086 4011 in
1132 3966 1365 4027 utroque
1415 3972 1524 4013 non
1576 3956 1806 4027 habuit;

218 4049 334 4118 quia
363 4063 469 4106 nec
496 4048 797 4106 divinitatis
823 4048 1078 4105 nativitas
1098 4056 1273 4104 matre
1294 4048 1465 4119 eguit,
1498 4056 1555 4104 et
1574 4048 1640 4104 ad
1664 4051 1809 4107 nati-

1910 3306 2023 3361 Cur
2052 3320 2204 3376 ergo,
2237 3305 2514 3374 haeretice,
2547 3320 2655 3362 non
2695 3305 2800 3362 hoc
2827 3307 2991 3363 modo
3017 3323 3136 3378 quas
3163 3308 3217 3363 in
3246 3309 3515 3379 Apostolo

1912 3399 2125 3470 legeras
2148 3398 2439 3454 incolumia
2462 3397 2790 3454 etinviolata
2812 3399 3040 3469 posuisti
3065 3400 3088 3453 ?
3117 3400 3213 3456 sed
3246 3410 3267 3439 ο
3301 3411 3512 3471 partem

1910 3490 2139 3564 ingeris,
2168 3502 2374 3561 partem
2396 3490 2702 3555 subtrahis;
2738 3498 2793 3546 et
2818 3502 2872 3547 ut
2904 3502 3159 3547 astruere
3218 3490 3510 3549 falsitatem

1913 3602 2012 3659 per
2039 3586 2218 3642 scelus
2265 3586 2467 3656 possis,
2516 3585 2762 3641 veritatis
2811 3587 2982 3642 verba
3016 3585 3235 3641 iuraris.
3270 3586 3439 3642 Video
3480 3602 3513 3645 a

1911 3694 2022 3752 quo
2040 3678 2233 3734 doctus
2249 3692 2329 3732 es.
2354 3676 2507 3732 Illius
2536 3676 2680 3731 enim
2706 3676 2906 3732 habere
2928 3676 3236 3734 credendus
3264 3693 3322 3733 es
3345 3677 3511 3735 insti-

1912 3773 2202 3836 tutionem,
2219 3771 2372 3842 cujus
2386 3771 2631 3841 sequeris
2645 3771 2977 3842 exemplum.
2996 3771 3088 3828 Sic
3100 3772 3244 3825 enim
3260 3771 3509 3827 diabolus

1912 3864 1968 3921 in
1988 3864 2288 3934 Evangelio
2317 3872 2533 3920 tentans
2563 3864 2833 3920 Deum:Si
2855 3850 3053 3929 Filius,
3082 3865 3275 3935 inquit,
3300 3863 3400 3920 Dei
3430 3883 3506 3933 es,

1913 3960 2057 4013 mitte
2077 3967 2123 4013 te
2138 3958 2397 4012 deorsum.
2455 3955 2724 4026 Scriptum
2747 3964 2821 4010 est
2845 3957 2980 4011 enim
3008 3956 3131 4023 quia
3161 3960 3360 4027 angelis
3399 3960 3510 4013 suis

1913 4050 2177 4105 mandavit
2197 4049 2261 4103 de
2275 4058 2344 4117 te,
2360 4057 2418 4103 ut
2434 4048 2724 4103 custodiant
2744 4056 2791 4103 te
2813 4047 2865 4102 in
2880 4047 3114 4104 omnibus
3127 4049 3220 4104 viis
3234 4049 3336 4105 tuis
3352 4048 3506 4120 (Luc.

1275 4166 1537 4224 ALARDI
1576 4168 1813 4226 GAZEI
1850 4166 2422 4228 COMMENTARIUS.

291 4274 314 4301 ⁸
354 4263 413 4318 ld
435 4270 538 4326 est,
572 4259 793 4316 nolebat
821 4259 1124 4329 intelligere
1163 4259 1304 4329 quod
1329 4259 1563 4329 legebat.
1597 4260 1674 4315 De
1703 4277 1811 4328 quo

226 4334 502 4401 Psalmista
528 4350 541 4387 :
580 4330 763 4405 Noluit
794 4331 1106 4405 intelligere,
1136 4340 1191 4384 ut
1221 4331 1343 4405 bene
1372 4340 1568 4403 ageret.
1604 4332 1679 4387 De
1707 4332 1823 4405 Ne—p

226 4408 387 4461 sterio
416 4403 659 4474 proprie,
694 4411 754 4457 ut
794 4403 931 4456 bene
961 4401 1191 4456 sentiret
1212 4409 1267 4456 et
1296 4401 1626 4472 loqueretur.

290 4475 317 4515 ιι
357 4477 485 4530 Haec
531 4476 699 4529 verba
730 4472 881 4527 Isaiae
911 4472 979 4527 de
1027 4473 1209 4528 divina
1257 4481 1312 4528 et
1355 4482 1556 4529 aeterna
1608 4472 1809 4530 Christi

290 4481 317 4515 ιι
357 4481 485 4530 Haec
531 4481 699 4529 verba
731 4481 881 4527 Isaia:
911 4481 979 4527 de
1027 4481 1209 4528 divina
1257 4481 1312 4528 et
1355 4482 1556 4529 aeterna
1608 4481 1810 4530 Christi

228 4547 575 4618 generatione
615 4560 645 4599 a
692 4544 853 4618 Patre
900 4542 1288 4618 interpretatur
1314 4546 1592 4618 _etiam,D.
1619 4546 1814 4601 Hiero-

231 4613 417 4687 nymus
440 4617 693 4672 scribens
722 4616 775 4670 in
800 4629 920 4685 cap.
948 4631 967 4669 ι
995 4614 1229 4670 Μαιηιωί
1254 4633 1267 4669 :
1303 4613 1369 4669 In
1400 4614 1586 4688 Isaia,
1616 4618 1806 4688 inquit,

1918 4263 1990 4316 tio
2016 4277 2079 4314 ex
2104 4258 2357 4331 ,Virgine.
2388 4257 2509 4325 Ipse
2539 4256 2703 4331 etiam
2731 4257 3092 4331 Hieronymus
3137 4261 3188 4315 in
3219 4259 3511 4320 Commen-

1916 4331 2071 4406 tariis
2100 4328 2251 4406 Isaia:
2276 4330 2471 4406 latetur
2495 4328 2688 4406 eadem
2713 4328 2888 4406 verba_
2892 4328 3198 4406 dupliciter
3240 4334 3500 4406 intelligi,

1914 4412 2006 4458 aut
2035 4403 2098 4455 de
2127 4400 2417 4473 divinitate,
2449 4408 2539 4453 aut
2583 4400 2646 4455 de
2676 4410 2836 4473 partu
2854 4399 3116 4473 _Virginis.
3150 4399 3510 4473 Apertissttne

1915 4488 2048 4529 vero
2073 4473 2137 4528 D.
2168 4471 2281 4525 Leo
2310 4485 2565 4526 sermone
2593 4473 2626 4526 3
2654 4472 2721 4526 de
2746 4471 3035 4529 Nativitate
3059 4491 3070 4525 :
3105 4471 3227 4529 Non
3245 4476 3402 4536 enim.
3430 4481 3513 4535 in-

1914 4545 2050 4617 quit,
2092 4542 2161 4597 ad
2204 4541 2339 4617 illud
2380 4543 2745 4617 tantummodo
2773 4555 3306 4617 sacramentum,pquo
3336 4545 3511 4606 Filius

1916 4615 2013 4671 Dei
2042 4615 2478 4685 consempiternus
2500 4625 2575 4667 est
2594 4613 2766 4685 Patri,
2800 4615 2891 4668 sed
2912 4617 3065 4669 etiam
3085 4618 3153 4669 ad
3174 4613 3310 4672 hunc
3337 4630 3513 4676 ortum

232 4675 437 4762 legimus
460 4706 480 4743 :
508 4675 903 4762 Generationem
930 4688 1185 4762 eiusquis
1201 4688 1461 4741 enarrabit
1485 4688 1509 4740 ?
1536 4675 1660 4762 Non
1690 4675 1810 4761 ἓν·σό
1837 4675 1891 4736 Ι)
1915 4702 2015 4762 quo
2047 4675 2272 4740 Verbum
2290 4701 2416 4762 _c_aro
2451 4691 2640 4762 factum
2666 4675 2764 4762 est,
2794 4689 3047 4762 credimus
3066 4689 3342 4762 pertinere.
3372 4693 3514 4760 quod

232 4756 453 4829 putemus
499 4758 863 4829 evangelistam
907 4756 1167 4829 propheta:
1207 4774 1314 4813 esse
1358 4760 1673 4813 contrarium
1699 4804 1712 4826 ,
1747 4756 1812 4813 ut

231 4827 358 4901 quod
386 4835 475 4888 ille
500 4827 820 4904 impossibile
834 4827 969 4904 dixit
993 4827 1175 4904 effatu,
1211 4830 1302 4904 hic,
1326 4846 1538 4904 narrare
1556 4831 1812 4904 incipiat;

232 4899 347 4973 quia
364 4906 432 4958 ibi
454 4905 519 4959 de
556 4899 890 4974 generatione
916 4899 1332 4974 diuinitatis,_hic
1357 4901 1421 4954 de
1456 4899 1813 4974 incarnatione
1850 4920 1853 4923 ί

236 4969 304 5027 est
328 4977 539 5030 dictum.
556 4969 611 5029 Ἀ
635 4973 887 5028 Matthaeo
911 4971 1137 5035 scilicet,
1163 4969 1254 5040 qui
1275 4986 1431 5025 suum
1455 4972 1812 5040 Evangelium

238 5046 309 5101 sic
336 5062 562 5101 esursns
590 5055 676 5099 est
702 5062 715 5096 :
740 5042 893 5096 Liber
918 5042 1267 5113 generationis
1302 5040 1437 5113 rJesu
1484 5041 1676 5095 Christi
1716 5041 1815 5113 ﬁlii

240 5115 398 5171 David
445 5118 665 5187 (Matth.
699 5117 794 5187 ι),
825 5123 932 5169 etc.
980 5112 1184 5168 Verum
1224 5112 1313 5168 alii
1355 5114 1540 5187 Patres
1565 5112 1815 5169 eumdem

241 5188 406 5243 locum
429 5183 592 5243 etiam
648 5187 715 5241 de
771 5184 1002 5239 humana
1029 5193 1084 5239 et
1134 5183 1419 5253 temporali
1470 5186 1819 5255 generatione

242 5270 291 5313 et
315 5260 587 5314 nativitate
609 5257 809 5313 Christi
854 5271 918 5311 ex
960 5255 1181 5324 Virgine
1208 5265 1503 5325 exponunt.
1534 5255 1821 5310 Tertullia-

245 5344 337 5384 nus
368 5332 459 5385 lib.
497 5330 759 5384 adversus
796 5326 1012 5381 Judtnos
1040 5340 1165 5397 cap.
1217 5324 1303 5388 i5,
1337 5324 1571 5397 Cyrillus
1616 5326 1655 5382 l.
1685 5343 1719 5381 v
1766 5329 1819 5381 in

243 5398 489 5456 Joannem
533 5416 585 5457 c.
616 5400 672 5467 2,
702 5399 1121 5467 Chrysostomns
1154 5396 1485 5467 hontilia’de
1522 5399 1581 5453 S.
1610 5398 1820 5453 Joanne

242 5470 487 5539 Baptista,
538 5466 858 5526 Ambrosius
906 5468 1005 5523 lib.
1059 5483 1077 5522 ι
1106 5467 1174 5526 de
1204 5466 1355 5535 Fide,
1388 5468 1455 5522 ad
1480 5468 1819 5538 Gratianum,

242 5555 291 5612 c.
321 5543 373 5605 5,
396 5544 508 5612 ubi,
529 5558 652 5597 cum
676 5544 827 5612 prius
847 5539 918 5612 de
947 5546 1149 5595 aeterna
1176 5540 1526 5612 generatione
1546 5540 1812 5597 dixisset:

246 5611 367 5666 Mihi
392 5609 597 5684 quidem
624 5609 937 5683 impossibile
969 5620 1061 5684 “est
1104 5611 1446 5683 generationis
1474 5611 1606 5665 scire
1652 5628 1818 5666 secre-

247 5694 341 5737 tum
359 5703 377 5739 :
404 5680 554 5739 'mens
595 5680 793 5751 deﬁcit,
814 5696 914 5736 vos:
936 5680 1074 5749 silet,
1106 5680 1210 5735 non
1236 5698 1350 5737 mea
1379 5692 1597 5747 tantum,
1653 5684 1743 5738 sed
1770 5694 1819 5738 et

248 5760 550 5829 angelorum.
583 5754 777 5829 subdit
807 5751 1035 5829 inferius
1060 5768 1081 5829 :_
1107 5751 1237 5829 Non
1259 5754 1375 5829 sola
1395 5755 1716 5809 admirabilis
1756 5772 1819 5809 ea:

1916 4760 2208 4839 d‘ictumest
2230 4756 2670 4839 :ﬂG‘enerationem
2692 4760 2805 4839 ejus
2822 4758 2947 4839 quis
2968 4759 3221 4839 enarrabit
3248 4762 3272 4814 φ
3300 4761 3366 4816 Et
3384 4756 3512 4817 Ser-

1917 4843 2078 4885 mone
2104 4830 2171 4882 10
2196 4844 2208 4880 :
2242 4826 2528 4883 Saluatoris
2560 4826 2725 4882 nostri
2744 4828 2983 4882 nativitas
3010 4846 3112 4883 non
3140 4830 3307 4884 solum
3327 4849 3514 4888 secun-

1918 4902 2041 4954 dum
2070 4898 2321 4952 Deitatem
2350 4899 2413 4953 de
2460 4897 2640 4969 Patre,
2681 4899 2771 4969 sed
2799 4900 2951 4952 etiam
2991 4901 3275 4969 secundum
3304 4918 3513 4960 carnem

1919 4972 1983 5025 de
2007 4978 2201 5045 matre,
2250 4970 2325 5022 ita
2376 4967 2679 5036 facultatem
2718 4968 2939 5045 humani
2964 4967 3158 5045 excedit
3212 4971 3423 5045 eloquii,
3457 4985 3515 5030 ut

1918 5042 2105 5095 merito
2134 5041 2201 5094 ad
2227 5050 2499 5110 utrumque
2521 5044 2779 5110 referatur
2800 5042 2939 5109 quod
2977 5043 3173 5096 dictum
3217 5041 3315 5111 est,
3341 5044 3512 5101 Gene-

1919 5114 2169 5168 rutionem
2198 5113 2309 5183 ejus
2335 5115 2448 5183 quis
2474 5111 2775 5166 enarrabit?
2800 5121 2905 5168 etc.
2939 5112 3005 5166 D.
3038 5113 3273 5170 Thomas
3298 5125 3511 5173 utram-

1921 5182 2379 5258 que_s_ente_ntiam
2402 5182 2687 5258 explicans
2708 5191 2763 5258 et
2782 5184 3075 5258 concilians
3099 5187 3156 5255 (5
3182 5203 3257 5253 p.,
3282 5206 3333 5258 q.
3353 5185 3508 5254 3I,a.

1922 5255 2000 5330 1’3);
2018 5253 2332 5330 Dicendum:
2346 5253 2841 5330 inquit,quod,sie_ut
2861 5255 2983 5308 dicit
2996 5253 3513 5330 Hieronymussuper

1925 5323 2269 5409 ﬂatthwum,
2300 5323 2470 5379 Isaias
2500 5325 2729 5395 loquitur
2754 5325 2817 5379 de
2844 5328 3172 5409 generatione
3200 5323 3511 5409 divinitatis,
3566 5325 3568 5328 ’

1924 5397 2203 5452 Μαηὴιεαε
2224 5407 2392 5450 autem
2418 5397 3013 5469 enarratgenerationem
3031 5397 3513 5468 Christisecundum

1926 5469 2299 5540 humanitatem
2325 5483 2343 5521 :
2373 5484 2473 5521 non
2500 5468 2706 5540 quidem
2727 5468 2995 5540 explicans
3022 5471 3230 5523 modum
3260 5470 3515 5527 lncarna.

1926 5540 2103 5603 tionis,
2127 5540 2247 5611 quia
2270 5539 2540 5612 hoc_etiam
2567 5550 2640 5593 est
2669 5539 2950 5609 ineﬂ'abile,
2975 5541 3065 5596 sed
3089 5558 3391 5598 enumerans
3411 5560 3513 5612 pa-

1927 5620 2029 5666 tres
2049 5627 2113 5666 ea:
2138 5609 2320 5681 quibus
2348 5609 2585 5666 Christus
2622 5612 2907 5667 secundum
2946 5628 3154 5666 carnem
3194 5609 3462 5683 processit.

2002 5694 2023 5723 ε
2057 5683 2135 5739 De
2170 5683 2270 5743 hac
2302 5684 2679 5755 haereticorum
2711 5684 2975 5755 pravitate
3016 5684 3070 5737 in
3116 5685 3429 5747 truncandis
3452 5694 3511 5752 et

1927 5752 2293 5816 dilacerandis
2319 5752 2621 5827 Scripturis
2651 5752 2901 5826 superius
2923 5755 3126 5813 dictum
3158 5767 3264 5816 est.

250 5823 392 5889 Patre
417 5826 673 5887 aenerario
694 5823 909 5892 Christi,
943 5824 1263 5883 admirabilis
1289 5827 1441 5884 etiam
1474 5829 1585 5899 ejus
1605 5843 1821 5902 genera-

510 5922 793 5985 Panon.
832 5914 911 5981 Ι..

2955 5920 2998 5985 8
