3966 6332
216 250 343 342 Si?

1237 237 1330 296 ne
1370 236 1884 334 mensarios;
1921 233 2198 316 CBBISTI
2235 235 2365 294 LlB.
2407 233 2520 295 vu.

3427 241 3536 314 258

241 323 489 452 ξέηίεςρ,
543 361 643 428 sed
695 361 862 431 etiam
920 360 1102 430 virtus,
1144 357 1407 424 Altissimi
1474 323 1920 419 obumbrasse'A
1946 356 2229 428 templum,
2273 366 2329 428 et
2368 358 2567 436 quodat
2607 355 3196 452 Spiritu'elevgtt‘tssit
3224 357 3280 415 in
3307 357 3532 444 caelum,

240 443 523 529 Virginem
557 455 791 528 legitur;
824 464 884 508 ut
923 452 1047 524 quia
1085 451 1356 523 sapientia
1400 450 1516 521 ipsa
1558 447 1838 521 plenitudo

237 552 550 622 Divinilalis
605 562 710 614 est,
769 550 1067 620 Sapientiae
1113 549 1218 604 sibi
1273 548 1496 603 domum
1549 547 1838 602 aediﬁcanti

234 661 452 701 omnem
511 643 816 699 divinitatis
872 643 1264 713 plenitudinem
1319 656 1481 697 nemo
1535 641 1842 712 ambigeret

233 740 476 796 affuisse.
504 738 613 795 Sed
644 737 832 792 infelix
868 735 1281 806 blasphemandi
1304 736 1567 802 amentia,
1594 734 1722 788 dum
1755 748 1842 790 se-

231 849 432 906 parare
471 832 753 888 Christum
795 847 826 886 a
867 829 1006 888 Filio
1052 831 1145 886 Dei
1184 831 1404 896 nititur,
1446 845 1553 886 non
1595 828 1741 885 videt
1779 842 1840 884 se

231 929 407 999 ipsam
431 942 461 981 a
484 943 544 982 se
570 926 879 982 Divinitatis
904 929 1124 1004 penitus
1146 941 1405 997 reparare
1427 936 1698 980 naturam.
1723 924 1837 980 Nisi

231 1019 378 1075 forte
414 1019 587 1074 credit
624 1018 771 1090 quod
817 1018 942 1074 ideo
972 1018 1240 1073 aediﬁcata
1270 1019 1317 1073 ei
1346 1033 1377 1072 a
1411 1017 1617 1088 Spiritu
1648 1024 1839 1073 sancto

228 1111 430 1168 domus
477 1112 571 1181 sit,
621 1113 752 1182 quia
800 1111 1030 1167 idoneus
1077 1125 1142 1165 ac
1181 1119 1374 1182 potens
1417 1110 1694 1167 mdiﬁcare
1734 1109 1839 1166 sibi

228 1207 454 1260 domum
486 1205 602 1276 ipse
629 1222 738 1260 non
769 1203 952 1261 fuerit.
988 1204 1095 1261 Sed
1122 1204 1228 1262 hoc
1255 1222 1416 1276 quam
1447 1206 1698 1262 insanum
1730 1213 1835 1270 est,

229 1305 343 1352 tam
389 1296 716 1362 ridiculum;
763 1309 821 1352 ut
853 1299 946 1370 qui
993 1308 1128 1354 nutu
1170 1313 1384 1354 omnem
1421 1297 1731 1355 caelestium
1773 1312 1840 1356 ac

227 1391 577 1447 terrestrium
609 1392 1024 1448 universitatem
1050 1407 1266 1447 creasse
1288 1391 1546 1459 creditur,
1575 1391 1840 1449 adlllcare

225 1483 338 1540 sibi
383 1499 584 1555 corpus
625 1501 731 1540 non
776 1487 1018 1554 potuisse
1051 1484 1344 1540 credatur?
1373 1486 1677 1556 praesertim
1710 1500 1837 1542 cum

226 1579 409 1634 virtus
437 1579 610 1634 sancti
650 1578 887 1650 Spiritus
924 1579 1100 1638 virtus
1129 1579 1248 1648 ejus
1278 1579 1375 1633 sit:
1419 1588 1474 1634 et
1515 1589 1538 1617 ι
1583 1580 1655 1634 ita
1687 1579 1837 1635 unita

224 1672 336 1730 sibi
383 1681 548 1742 atque
585 1671 969 1742 inseparabilis
1000 1671 1256 1727 divinitas
1296 1672 1370 1726 sit
1421 1670 1707 1728 Trinitatis
1757 1681 1839 1727 at-

226 1779 338 1836 que
375 1763 654 1835 maiestas,
687 1774 747 1818 ut
778 1762 913 1818 nihil
943 1762 1172 1819 omnino
1211 1765 1267 1818 in
1312 1779 1415 1818 una
1463 1763 1684 1819 Deitatis
1716 1779 1840 1835 per—
1867 1747 1916 1809 Β

225 1871 370 1914 sono
412 1858 588 1929 possit
629 1856 859 1927 intelligi
901 1857 1043 1926 quod
1086 1872 1115 1911 a
1161 1855 1500 1927 plenitudine
1540 1855 1842 1912 divinitatis

226 1950 416 2005 valeat
445 1948 712 2018 separari.
747 1948 891 2018 Ergo
920 1948 1026 2004 hoc
1052 1949 1231 2019 posito
1257 1957 1316 2003 et
1341 1947 1642 2013 intellecto,
1671 1948 1834 2019 quod,

224 2043 392 2116 juxta
427 2042 586 2098 fidem
620 2041 916 2112 Scriptura:
946 2057 1139 2109 sacrm,
1182 2041 1386 2111 Spiritu
1428 2049 1619 2097 sancto
1649 2056 1842 2110 super-

226 2137 514 2204 veniente,
545 2141 601 2189 et
627 2134 824 2189 virtute
851 2134 1122 2190 Altissimi
1145 2134 1530 2202 obumbrante,
1563 2134 1839 2205 Sapientia

229 2228 333 2284 sibi
360 2229 584 2283 domum
613 2227 990 2292 aedificaverit,
1021 2228 1246 2298 reliqum
1267 2228 1664 2284 calumniarum
1692 2228 1840 2284 blas-

233 2323 478 2393 phemiae
521 2322 651 2378 nihil
695 2334 843 2376 sunt.
884 2320 1073 2392 Neque
1119 2321 1260 2376 enim
1305 2321 1527 2376 dubium
1573 2329 1660 2376 est
1699 2321 1843 2392 quod

229 2416 353 2488 ipse
404 2432 505 2485 per
545 2431 606 2471 se
643 2425 803 2485 atque
841 2416 892 2471 in
935 2431 994 2470 se
1040 2416 1295 2470 universa
1335 2415 1548 2483 fecerit,
1593 2415 1646 2470 in
1688 2415 1844 2486 cujus

229 2510 464 2566 nomine
507 2525 571 2565 ac
617 2511 721 2565 fide
763 2512 926 2566 etiam
976 2510 1313 2564 credentium
1361 2510 1497 2564 fides
1545 2510 1690 2564 nulla
1733 2526 1842 2565 non

228 2604 436 2674 potuit.
479 2602 666 2672 Neque
705 2604 846 2658 enim
884 2604 978 2658 ille
1005 2604 1214 2657 auxilio
1246 2601 1478 2657 alterius
1508 2603 1674 2671 eguit,
1719 2618 1840 2658 cum

227 2711 298 2754 ne
330 2697 419 2751 illi
449 2697 672 2766 quidem
713 2698 986 2767 eguerint,
1019 2697 1108 2767 qui
1141 2697 1194 2752 in
1226 2697 1428 2752 virtute
1462 2697 1633 2768 ipsius
1663 2697 1844 2752 credi-

225 2789 456 2848 derunt.
497 2793 671 2859 Atque
698 2789 822 2844 ideo
850 2799 905 2846 et
933 2789 1090 2856 illud,
1119 2791 1261 2860 qttod
1289 2791 1390 2854 ais,
1425 2790 1549 2860 quia
1577 2806 1606 2843 a
1637 2790 1841 2859 Spiritu

225 2883 569 2956 iustiﬁcatus
600 2884 694 2954 sit,
722 2891 780 2939 et
805 2884 951 2954 quod
981 2884 1333 2938 metuendum
1357 2900 1479 2940 eum
1505 2884 1844 2938 daemonibus

227 2978 472 3035 Sniritur
507 2979 717 3046 iecerit,
747 2989 799 3034 et
825 2977 975 3050 quod
1003 2992 1135 3035 caro
1162 2978 1279 3048 ejus
1309 2994 1338 3032 a
1367 2978 1574 3049 Spiritu
1602 2979 1741 3034 facta
1775 2978 1843 3033 sit

1941 451 2206 522 sacrilega
2247 460 2304 507 et
2346 451 2545 506 furiosa
2584 441 2714 506 sunt
2749 449 2928 528 omnia
2972 441 2998 509 ξ’
3036 443 3311 528 nonquia
3354 449 3408 506 in
3451 441 3538 516 his

1941 544 2196 600 omnibus
2227 560 2346 614 qum
2376 545 2492 614 ipse
2511 543 2640 600 fecit
2667 546 2843 599 unitas
2867 555 2924 600 et
2949 545 3266 618 cooperatio
3294 543 3534 620 Spiritus

1940 635 2185 694 defuisse
2215 638 2484 694 credenda
2524 638 2617 705 sit,
2647 649 2834 710 utpote
2863 655 2985 694 cum
3017 655 3308 716 numquam
3351 641 3537 697 Deitas

1940 745 1970 784 a
2009 745 2069 786 se
2098 729 2263 797 desit,
2306 738 2363 785 et
2392 729 2444 784 in
2471 730 2729 799 operibus
2765 719 3323 802 Salvatoris'semper
3362 733 3536 789 virtus

1941 822 2108 878 fuerit
2139 821 2457 890 Trinitatis;
2492 823 2586 879 sed
2619 825 2742 894 quia
2785 834 2838 879 tu
2881 826 3108 881 Domino
3132 821 3266 881 'Jesu
3292 825 3535 892 Christo,

1941 913 2096 986 quasi
2150 914 2299 983 inopi
2351 921 2407 968 et
2452 912 2732 968 imbecillo
2779 914 3104 984 opitulatum
3148 916 3230 971 vis
3274 915 3533 986 Spiritum

1941 1013 2215 1071 sanctum,
2247 1006 2337 1076 qui
2373 1019 2437 1061 ea
2474 1005 2554 1060 illi
2595 1003 2783 1077 utique
2815 1006 3086 1074 tribuerit,
3119 1023 3242 1084 quae
3268 1018 3535 1080 praestare

1940 1099 2042 1156 sibi
2073 1101 2176 1170 ipsi
2200 1115 2308 1155 non
2339 1099 2590 1170 quiverit.
2621 1098 2778 1155 Disce
2805 1101 2986 1171 itaque
3005 1116 3080 1164 ex,
3093 1104 3263 1164 sacris
3293 1103 3538 1159 testimo-

1941 1192 2046 1249 niis
2078 1193 2242 1248 Deum
2275 1192 2524 1258 credere,
2555 1201 2611 1248 et
2649 1191 2942 1249 falsitatem
2975 1181 3190 1250 veritati
3223 1181 3331 1250 non
3363 1194 3536 1251 admi-

1941 1299 2121 1350 scere,
2152 1286 2278 1356 quia
2308 1300 2396 1344 res
2423 1300 2530 1340 non
2560 1285 2778 1355 recipit,
2803 1293 2858 1341 et
2881 1285 3020 1343 ratio
3051 1285 3448 1357 perhorrescit,
3474 1295 3537 1344 ut

1942 1379 2141 1436 divinis
2187 1378 2516 1438 testimoniis
2557 1380 2876 1456 daemoniaci
2913 1381 3140 1454 spiritus
3182 1383 3536 1456 intelligentia

1942 1475 2254 1532 misceatur.

2508 1589 2740 1652 CAPUT
2780 1589 2971 1650 XVIII.

1941 1720 2092 1778 Illud
2130 1723 2365 1799 Apostoli
2405 1723 2665 1799 quomodo
2704 1725 3102 1799 intelligendum
3135 1727 3201 1781 sit
3230 1742 3250 1781 :
3279 1726 3538 1799 Apparuit

2165 1795 2220 1851 in
2248 1795 2426 1864 carne,
2441 1797 2761 1868 justiﬁcatus
2787 1795 2936 1852 estin
2963 1798 3186 1870 Spiritu,
3211 1806 3318 1855 etc.

2013 1951 2134 2007 Jam
2179 1951 2419 2021 primum
2456 1952 2601 2008 enim
2648 1953 2753 2010 hoc
2787 1952 2816 1993 ι’
2861 1955 3004 2024 quod
3035 1955 3134 2022 ais,
3169 1957 3291 2026 quia
3329 1955 3535 2026 justitia

1941 2043 2237 2113 repleverit
2274 2043 2419 2112 quod
2460 2054 2702 2102 creatum
2741 2055 2856 2113 est;
2896 2057 2950 2104 et
2979 2047 3082 2103 hoc
3113 2047 3428 2119 Apostolico
3456 2049 3538 2105 vis

1943 2137 2260 2193 testimonio
2282 2138 2661 2208 comprobare,
2687 2141 2828 2212 quod
2848 2140 3013 2208 dicat,
3037 2143 3278 2216 apparuit
3291 2144 3342 2200 in
3360 2161 3536 2209 carne.

1939 2234 2260 2304 justi/icatus
2284 2244 2357 2288 est
2388 2235 2442 2290 in
2477 2234 2680 2305 Spiritu
2706 2253 2724 2290 :
2758 2246 3043 2306 utrumque
3069 2237 3261 2293 insano
3291 2253 3456 2293 sensu
3485 2246 3543 2292 et

1946 2323 2154 2382 furioso
2181 2327 2373 2396 spiritu
2406 2327 2662 2398 loqueris.
2695 2329 2832 2397 Quia
2862 2329 3048 2386 ethoc
3077 2331 3222 2399 quod
3262 2347 3291 2385 a
3333 2330 3542 2402 Spiritu

1948 2421 2030 2476 vis
2061 2437 2181 2475 eum
2213 2419 2481 2490 repletum
2518 2437 2640 2477 esse
2667 2421 2902 2492 justitia,
2937 2424 3058 2481 ideo
3085 2425 3242 2494 ponis
3272 2433 3330 2480 ut
3359 2434 3543 2481 osten-

1947 2511 2046 2566 das
2076 2511 2196 2580 ejus
2223 2511 2571 2578 vacuitatem,
2601 2513 2685 2566 cui
2712 2515 3006 2582 prmstitam
3037 2530 3164 2571 esse
3189 2531 3403 2572 asseras
3427 2531 3545 2585 Jus-

1947 2604 2082 2659 titize
2103 2603 2573 2673 adimpletionem.
2602 2605 2668 2660 Et
2696 2605 2799 2660 hoc
2829 2607 2973 2674 quod
3003 2623 3168 2677 super
3189 2608 3290 2663 hac
3312 2625 3372 2664 re
3397 2608 3545 2679 Apo-

1946 2699 2144 2753 stolico
2175 2699 2485 2753 testimonio
2516 2699 2708 2766 uteris,
2754 2699 2923 2754 divini
2963 2701 3261 2756 testimonii
3294 2701 3543 2758 ordinem

1947 2791 2326 2860 rationemque
2354 2790 2572 2845 l‘uraris.
2604 2789 2722 2844 Non
2753 2791 2898 2845 enim
2942 2790 3016 2846 ita
3049 2791 3119 2847 ab
3154 2794 3415 2864 Apostolo
3444 2809 3544 2864 po-

1946 2884 2110 2937 situm
2142 2891 2244 2947 est,
2280 2892 2336 2936 ut
2375 2891 2433 2935 tu
2475 2881 2527 2935 id
2571 2890 2875 2936 truncatum
2904 2881 3259 2954 vitiatumque
3290 2884 3541 2954 posuisti.

1949 2975 2086 3045 Quid
2119 2975 2262 3030 enim
2297 2973 2590 3042 Apostolus
2620 2973 2732 3026 ait?
2760 2972 2830 3025 Et
2856 2976 3127 3046 ntmifeste
3151 2985 3172 3015 ο
3198 2991 3440 3049 magnum
3466 2988 3546 3033 est

1337 3116 1594 3172 ALARDI
1633 3115 1867 3172 GAZAEI
1909 3111 2470 3170 COMMENTARIUS.

230 3211 508 3268 mediante
531 3219 707 3266 uittam
729 3218 782 3266 ut
808 3220 1092 3284 θηλείαιπο
1119 3211 1232 3281 ﬁeri
1257 3212 1498 3280 dignatus
1526 3221 1600 3265 est
1628 3209 1843 3278 per'hu-
1871 3209 1916 3272 C
1953 3208 2070 3284 Dei,
2114 3208 2184 3262 ita
2237 3217 2295 3262 et
2342 3205 2516 3284 virtus
2559 3204 2655 3260 Dei
2695 3205 2902 3284 eadem
2931 3206 3292 3284 similitudine
3334 3212 3542 3284 vocari.

231 3285 546 3338 manitatem
586 3299 791 3352 corpus.
830 3282 978 3349 'Quia
1015 3300 1138 3352 ergo
1179 3287 1349 3337 lumen
1395 3285 1754 3353 incorporeum
1794 3284 1844 3334 in

233 3357 346 3422 eius
369 3363 488 3406 erat
516 3365 665 3408 utero
691 3355 1096 3421 corporandum,
1130 3354 1175 3408 ei
1202 3371 1315 3422 quae
1342 3357 1701 3423 incorporeum
1728 3370 1850 3405 con-

233 3426 371 3486 cepit
403 3427 478 3479 ad
507 3443 714 3497 corpus.
746 3425 939 3479 dicitur
970 3441 990 3481 :
1028 3423 1212 3497 Virtus
1244 3426 1495 3480 Altissimi
1529 3423 1850 3478 obumbrabit

236 3497 350 3562 tibi,
385 3498 442 3550 id
474 3507 570 3563 est,
599 3496 784 3570 corpus
826 3498 899 3570 in
926 3507 972 3551 te
996 3496 1578 3570 humanitatisiaccipiet
1607 3497 1850 3570 incorpo-

233 3583 387 3623 reum
438 3571 615 3622 lumen
643 3567 950 3623 divinitatis.
982 3569 1246 3624 Similiter
1272 3578 1325 3622 et
1350 3569 1718 3622 Damascenus
1753 3567 1845 3621 lib.

232 3655 293 3710 tu
331 3655 465 3710 cap.
506 3639 566 3701 2,
599 3639 737 3693 Beda
769 3649 824 3692 et
852 3639 1290 3710 Tltenphylactus
1319 3641 1368 3694 in
1401 3639 1844 3694 Commentariis.

232 3709 313 3768 Ex
359 3709 566 3781 quibus
613 3712 673 3765 Ι).
716 3710 952 3765 Thomas
1000 3709 1114 3764 lnee
1153 3711 1490 3777 summatim,
1532 3725 1684 3781 more
1725 3725 1847 3774 suo,

232 3779 472 3850 colligit,
527 3796 647 3849 qua:
692 3782 814 3836 huic
861 3784 979 3837 loco
1017 3782 1348 3837 elucidando
1391 3779 1680 3850 commode
1729 3796 1848 3834 ser-

234 3849 402 3912 viunt
433 3873 447 3906 :
488 3851 799 3917 Dicendum,
844 3854 1016 3920 inquit
1052 3854 1145 3923 (ιιι
1178 3871 1255 3920 p.,
1291 3871 1345 3924 q.
1383 3854 1476 3915 32.
1507 3853 1618 3924 a._l
1647 3849 1686 3914 ),
1708 3853 1852 3924 quod

235 3942 368 3998 Opus
408 3925 758 3998 canceptionis
785 3921 1312 3998 comntunelquidem'
1336 3934 1408 3979 est
1437 3926 1539 3998 toti
1566 3921 1850 3998 Trinitati;

233 3993 533 4064 secundum
567 3993 737 4067 tamen
755 3996 989 4067 _madum
1033 3995 1261 4067 aliquem
1301 3996 1604 4050 attribuitur
1632 3993 1851 4064 singulis

235 4067 505 4138 personis.
537 4065 698 4138 _Nam
745 4065 895 4120 Patri
939 4065 1236 4122 attribuitur
1285 4069 1567 4122 auctoritas
1617 4075 1852 4138 respectu

233 4135 488 4210 persona:
527 4135 677 4204 Filii,
718 4139 808 4208 qui
851 4156 940 4205 per
979 4139 1283 4210 hujusm_odi
1323 4138 1708 4210 conceptionem
1757 4137 1852 4210 sibi

235 4206 528 4276 assumpsit
561 4206 842 4262 humanam
871 4206 1134 4264 naturam.
1170 4206 1312 4264 Filio
1355 4206 1526 4262 autem
1555 4207 1854 4261 attribuitur

234 4281 354 4352 ipsa
403 4281 582 4334 carnis
613 4281 914 4353 assumptio.
951 4281 1056 4337 Sed
1095 4282 1320 4353 Spiritui
1348 4289 1526 4353 Stﬂtt‘lo
1553 4278 1853 4353 attribuitur

236 4349 499 4421 formatio
528 4349 791 4419 corporis,
823 4353 962 4421 quod
1006 4349 1282 4406 assumitur
1311 4369 1344 4406 a
1379 4349 1543 4405 Filio.
1583 4350 1720 4404 Nam
1746 4351 1853 4420 ipse

237 4420 492 4496 Spiritus
540 4436 748 4496 sanctus
788 4420 860 4476 est
912 4425 1139 4496 Spiritus
1185 4421 1333 4496 Iiilii,
1390 4422 1669 4496 secundum
1721 4422 1854 4474 illud

236 4492 367 4576 Qa].
407 4509 462 4547 tv
492 4512 504 4547 :
529 4491 683 4575 'Misit
720 4494 856 4548 Deus
897 4490 1326 4576 Spiritum.Filii
1366 4493 1656 4576 sui..Sicttt
1681 4503 1850 4574 autem

236 4565 413 4619 virtus
449 4566 658 4622 animte.
698 4582 812 4633 quae
849 4577 922 4619 est
967 4567 1020 4618 in
1056 4567 1264 4632 semine,
1304 4583 1394 4634 per
1418 4566 1656 4630 spiritum
1681 4565 1768 4631 qui
1798 4564 1848 4616 in

235 4638 445 4707 semine
468 4637 755 4689 includitur
776 4639 967 4705 format
990 4654 1176 4707 corpus
1203 4641 1254 4690 in
1277 4638 1605 4707 generatione
1629 4637 1849 4688 aliarum

236 4705 557 4778 hominum;
577 4712 668 4778 ‘ita
696 4708 856 4761 virtus
893 4707 1007 4771 Dei,
1035 4705 1151 4778 qum
1177 4719 1249 4763 est
1278 4705 1386 4778 ipse
1420 4705 1593 4778 Filius
1632 4707 1851 4770 (secun-

238 4777 376 4836 dum
407 4777 544 4830 illud
575 4775 593 4830 I
624 4779 749 4832 Cor.
778 4794 791 4830 ι
819 4795 832 4831 :
877 4775 1135 4833 Christum
1169 4781 1260 4833 Dei
1282 4775 1538 4848 virtutem)
1569 4794 1660 4848 per
1681 4779 1852 4848 Spiri-

240 4857 358 4904 tum
396 4859 635 4920 sanctum
662 4865 849 4912 corpus
882 4853 1120 4918 formarit
1159 4851 1297 4920 quod
1337 4847 1636 4917 assumpsit.
1668 4847 1734 4902 Et
1760 4851 1853 4902 hoc

237 4921 409 4974 etiam
449 4919 603 4972 verba
645 4922 817 4989 angeli
847 4919 1277 4984 contmonstrant,
1308 4923 1524 4974 dicentis
1566 4936 1584 4974 :
1624 4920 1853 4992 Spiritus

239 5002 464 5046 sanctus
499 4993 825 5064 superueniet
864 4993 917 5046 in
965 5001 1033 5056 te,
1082 4994 1230 5064 quasi
1275 4993 1342 5047 ad
1388 4994 1782 5064 praeparandam
1810 5000 1856 5044 et

241 5063 592 5134 [armandam
621 5069 887 5134 materiam
916 5061 1148 5134 corporis
1180 5061 1402 5131 Christi;
1430 5075 1475 5118 et
1495 5061 1661 5117 ivirtus
1689 5063 1850 5116 Altis—

240 5131 393 5195 simi,
441 5133 499 5185 id
533 5141 625 5201 est,
678 5131 931 5201 Christus,
973 5131 1289 5190 obumbrabit
1334 5137 1445 5202 tibi,
1485 5150 1668 5202 corpus
1712 5134 1762 5186 in
1809 5143 1855 5186 te

241 5202 602 5280 humanitatis
658 5207 876 5280 accipiet
922 5206 1281 5280 incorporeum
1324 5207 1496 5261 lumen
1547 5202 1849 5280 divinitatis.

248 5271 460 5349 Umbra
499 5276 631 5349 enim
669 5293 702 5329 a
745 5271 936 5349 lumine
974 5271 1228 5349 formatur
1264 5289 1311 5334 et
1349 5293 1584 5349 corpore,
1626 5286 1693 5349 ut
1727 5276 1854 5329 Gre-

242 5346 437 5418 gorius
470 5346 595 5400 dicit
632 5363 764 5402 ινιιι
789 5346 1002 5412 Morah,
1030 5349 1324 5406 Altissimus
1350 5346 1523 5405 autem
1547 5347 1855 5418 intelligitur

247 5414 622 5492 £Mﬂ,ftljtt8
652 5421 812 5492 virtus
846 5428 918 5472 est
941 5419 1153 5492 AFilius.
1183 5422 1473 5492 [lucusque
1505 5420 1560 5475 S.
1593 5414 1850 5474 'I'huinas.

247 5484 435 5561 gerro
461 5484 780 5561 Euthymins
806 5502 858 5545 et
883 5490 972 5546 alii
1002 5509 1097 5558 pro
1119 5494 1310 5549 eodem
1337 5484 1609 5560 accipiunt
1628 5501 1684 5546 et
1710 5491 1848 5560 quod

249 5557 501 5633 Spiritus
530 5557 752 5616 sanctus
779 5557 1156 5630 supervenerit
1202 5569 1254 5620 in
1298 5557 1595 5633 Virginem,
1623 5575 1678 5617 et
1708 5557 1850 5631 quod

251 5631 436 5687 virtus
483 5633 744 5688 Altissimi
793 5650 911 5688 eam
961 5636 1328 5701 obumbrarit;
1383 5631 1438 5690 ut
1492 5638 1564 5690 sit
1609 5634 1851 5704 ejusdem

245 5705 551 5776 gementia:
591 5705 846 5776 subialiis
883 5709 1064 5761 verbis
1105 5710 1380 5770 repetitio.
1410 5724 1530 5776 quae
1562 5706 1856 5769 Scripturis

242 5769 520 5851 ﬁeun
541 5785 654 5832 est.
690 5775 766 5831 Et.
802 5777 946 5834 solet
965 5769 1197 5849 Spiritus
1223 5769 1464 5845 sanctus,
1497 5780 1636 5831 sicut
1656 5777 1858 5847 digitus

1951 3278 2111 3334 Luca:
2154 3295 2277 3352 xxiv
2305 3296 2327 3352 εΔ
2350 3276 2454 3330 Vos
2477 3286 2650 3352 autem
2689 3278 2856 3332 sedete
2884 3278 2936 3332 in
2963 3279 3186 3345 civitate,
3216 3282 3548 3352 quoadusque

1949 3351 2244 3404 induamini
2282 3349 2466 3402 virtute
2498 3350 2721 3422 exalto.
2760 3352 3014 3422 Agctorum
3048 3367 3062 3405 ι
3098 3369 3113 3406 :
3141 3349 3412 3422 Accipietis
3441 3349 3546 3410 uir-

1950 3431 2103 3477 tutem
2134 3421 2533 3491 supervenientis
2571 3421 2620 3473 in
2654 3437 2740 3473 vos
2780 3420 3007 3491 Spiritus
3033 3423 3218 3480 sancti.

2025 3504 2050 3532 ἰ
2087 3493 2386 3569 Numquam
2415 3491 2664 3569 enim,_ait
2691 3491 2890 3569 S._I._e_o
2913 3491 3105 3569 (_3erm.
3131 3491 3164 3547 5
3191 3496 3255 3548 de
3284 3494 3544 3569 Pentec.),

1951 3565 2014 3619 ab
2041 3564 2412 3634 omnipotentia
2441 3560 2636 3624 Patris,
2659 3571 2702 3634 et
2732 3560 2884 3625 Filii,
2907 3563 3137 3631 Spiritus
3155 3569 3320 3622 sancti
3341 3579 3415 3623 est
3437 3560 3550 3625 uti;

1952 3646 2090 3691 creta
2137 3633 2412 3706 majestas;
2457 3644 2504 3688 et
2546 3633 2799 3704 quidquid
2843 3637 2896 3688 in
2941 3637 3276 3706 dispositione
3320 3642 3549 3696 omnium

1951 3725 2123 3782 rerum
2153 3716 2261 3782 agit
2290 3707 2463 3782 diving
2490 3706 2799 3782 moderatio,
2829 3723 2894 3782 ea:
2923 3709 3079 3782 totius
3108 3711 3242 3782 venit
3272 3713 3547 3782 providen-

1953 3781 2024 3832 tia
2075 3779 2362 3832 Trinitatis.
2418 3776 2533 3852 Una
2578 3787 2650 3830 est
2821 3779 3104 3852 benignitas
3154 3776 3544 3852 misericordia,

1953 3867 2059 3925 una
2078 3866 2292 3925 censura
2308 3849 2551 3925 justitiaz,
2577 3865 2666 3902 nec
2691 3849 2893 3925 aliquid
2915 3851 3062 3906 estin
3089 3849 3545 3925 actionedwisum,

1953 3921 2042 3976 ubi
2071 3921 2202 3974 nihil
2233 3931 2304 3974 est
2336 3921 2387 3974 in
2413 3921 2674 3974 voluntate
2701 3922 2981 3984 diversum,
3013 3932 3117 3978 etc.

2027 3993 2053 4031 δ
2098 3994 2255 4065 Quia,
2287 4007 2383 4059 pro
2411 3992 2563 4060 quod,
2593 3992 2800 4065 justitia
2822 3993 3087 4061 repleverit
3113 3994 3349 4064 (scilicet
3377 3995 3551 4065 Spiri-

1957 4065 2068 4134 tus)
2095 4063 2234 4136 quod
2263 4075 2490 4136 creatum
2523 4074 2616 4128 est,
2654 4063 2704 4116 id
2743 4072 2845 4136 e_s_t,
2877 4063 3172 4136 Christum,
3202 4081 3362 4136 quem
3394 4063 3543 4123 crea-

1955 4133 2055 4191 vit.
2091 4135 2202 4190 Inlue
2229 4135 2373 4188 enim
2405 4146 2482 4186 est
2518 4138 2730 4188 tertium
2759 4133 2993 4190 Nestorii
3025 4133 3251 4202 dictum,
3279 4153 3372 4191 seu
3399 4140 3545 4195 blas-

1956 4206 2195 4292 p‘hemia,
2241 4207 2379 4288 inter
2421 4204 2567 4292 alias.
2609 4207 2855 4292 superius
2907 4203 3059 4277 (Cap.
3215 4224 3545 4292 eitpressas:

1960 4276 2062 4344 Qui
2086 4277 2351 4347 ctjustitia
2379 4276 2588 4343 replevit
2615 4276 2754 4345 quod
2779 4276 3012 4331 creatum
3029 4287 3119 4331 est.
3137 4276 3232 4333 Cui
3267 4281 3400 4334 infra
3435 4298 3548 4337 res-

1959 4349 2301 4418 pondt-bitttr.

2033 4430 2055 4457 ο
2097 4419 2290 4491 Graece
2316 4418 2510 4491 legitur
2545 4433 2558 4470 :
2589 4421 2676 4473 Kal.
2704 4417 3112 4491 ὁμολογουμένως
3150 4420 3171 4490 (
3195 4422 3242 4475 id
3299 4432 3398 4484 est,
3425 4440 3547 4478 om-

1958 4491 2105 4546 nium
2161 4488 2526 4551 Confessioue,
2582 4499 2640 4545 ttt
2688 4488 3003 4542 Aiubrbsius
3038 4488 3219 4552 vertit,
3264 4495 3345 4547 vel
3395 4507 3545 4550 extra

1958 4559 2407 4639 Cllntl‘tlYerS‘Illlll,
2442 4568 2497 4613 ιιι
2520 4561 2632 4639 alii)
2657 4564 2789 4639 μέγα
2816 4562 3014 4639 aeriae
3043 4571 3134 4639 τῆς
3158 4565 3419 4639 εὐσεϐείας
3446 4589 3550 4639 μυ.

1955 4639 2176 4709 ᾳζτήριον.
2195 4634 2317 4709 est};
2348 4634 2627 4707 ἐφανερώθη
2654 4631 2891 4709 ἔνρὋφκὶΒ
2915 4631 3174 4709 ἐδικαιώθη
3203 4638 3250 4690 ἐν
3269 4631 3543 4709 meum".

1959 4707 2054 4762 Ubi
2090 4707 2428 4758 mzmifestum
2461 4705 2674 4756 estnon
2710 4705 2890 4758 haberi
2934 4707 3091 4769 quod,
3145 4719 3198 4760 ut
3253 4709 3303 4760 in
3361 4705 3547 4765 nostro

1957 4788 2126 4838 textu,
2159 4775 2250 4829 sed
2285 4791 2380 4843 pro
2402 4790 2488 4841 eo,
2518 4776 2661 4836 Θεὸς.
2691 4776 2741 4829 id
2767 4783 2870 4834 est.
2907 4775 3050 4830 Deus
3081 4777 3162 4845 (ut
3193 4783 3329 4834 scite
3360 4783 3548 4836 obser-

1955 4845 2436 4924 vavitGagueius),
2475 4857 2527 4899 ttt
2558 4848 2658 4900 hoc
2690 4863 2930 4924 magnum
2973 4849 3173 4924 pietatis
3204 4860 3249 4924 et
3281 4851 3547 4924 religionis

1955 4922 2272 4990 mysterium,
2306 4919 2832 4990 siveﬁsacrnmentum,
2866 4918 3193 4988 intelligatur
3225 4922 3362 4977 Deus
3379 4918 3546 4978 'Chri-

1957 4989 2097 5056 stus,
2130 4991 2219 5054 qui
2251 4989 2624 5042 manifestatns
2649 5000 2736 5043 est
2765 4990 2818 5041 in
2849 5003 3042 5054 carne;
3075 4993 3163 5058 qui
3193 4993 3336 5048 enim
3387 5008 3548 5051 antea

1964 5063 2212 5135 homines
2244 5060 2528 5135 latebatin
2551 5060 2850 5135 divinitate,
2883 5077 2976 5135 per
3006 5065 3183 5135 carnis
3219 5068 3550 5135 assumptio-

1963 5149 2084 5205 nem
2116 5133 2224 5186 illis
2255 5133 2484 5205 innotuit
2515 5130 2568 5205 in
2599 5148 2694 5205 sua
2728 5133 3082 5205 humanitate.
3110 5130 3442 5205 Justiﬁcatus
3471 5148 3549 5193 est

1960 5204 2012 5258 in
2036 5203 2269 5274 Spiritu;
2302 5202 2444 5272 quod
2473 5202 2694 5258 indubie
2722 5204 3017 5258 secundum
3049 5202 3439 5263 humanitatem
3467 5210 3548 5264 in-

1962 5275 2124 5343 telligi
2173 5275 2352 5349 debet,
2411 5274 2707 5349 secundum
2761 5291 2920 5349 quam
2971 5275 3296 5349 jnstillcatus
3321 5278 3544 5349 dicitur,

1960 5346 2234 5416 quomodo
2276 5355 2329 5399 et
2384 5345 2770 5412 sanctificatus,
2803 5346 3028 5416 Joannis
3073 5363 3104 5401 χ
3139 5364 3152 5400 :
3184 5349 3344 5415 Quem
3385 5345 3549 5408 Pater

1961 5414 2300 5484 sancti/ienuit
2320 5427 2366 5470 et
2394 5418 2529 5470 misit
2560 5419 2610 5470 in
2632 5416 2898 5471 mundum.
2922 5414 3250 5485 Justi/icatus
3271 5431 3442 5476 autem
3470 5431 3548 5477 est

1962 5490 2188 5556 Spiritu,
2221 5489 2270 5542 id
2303 5496 2408 5551 est,
2440 5503 2536 5555 per
2565 5487 2825 5557 Spiritum
2873 5503 3116 5543 sanetum
3160 5499 3214 5543 et
3257 5492 3548 5556 plenitudi-

1961 5577 2085 5634 nem
2115 5563 2340 5634 gratim;
2372 5560 2457 5634 vel
2481 5559 2805 5631 justiﬁcatus
2836 5571 2930 5625 est,
2962 5559 3014 5612 id
3046 5569 3149 5634 est,
3174 5560 3350 5628 justus
3378 5579 3546 5634 appa.

1960 5633 2089 5687 ruit.
2120 5633 2251 5686 Nam
2285 5633 2383 5684 etsi
2419 5640 2754 5685 εοιιιιιεετιῑοι
2779 5643 2832 5684 et
2861 5640 3070 5697 potator
3100 5632 3232 5699 viui,
3264 5645 3318 5688 et
3340 5632 3544 5690 daemo-

1963 5705 2108 5759 nium
2161 5703 2385 5763 habens,
2434 5718 2461 5755 a
2517 5702 2717 5756 Judacis
2767 5701 2996 5767 audiret,
3050 5702 3228 5769 justus
3268 5716 3444 5761 tamen
3475 5708 3546 5766 ab

1963 5777 2217 5833 omnibus
2243 5778 2458 5845 agnitus
2479 5784 2588 5843 est,
2607 5784 2664 5832 et
2679 5774 2911 5845 amplius
2937 5786 3267 5846 agnoscetur
3295 5795 3420 5836 cum
3441 5779 3548 5837 lu-
