3966 6332
233 379 328 439 ΞΗ

1228 375 1321 433 DE
1361 372 1875 432 INCARNATIONE
1913 372 2188 433 CHRISTI
2223 373 2355 432 LIB.
2397 372 2508 432 VII.

3401 381 3514 442 212

234 490 882 568 acceperunt,'numquam
917 499 1184 564 potestate
1205 493 1320 563 ipsa
1343 501 1401 548 ut
1430 507 1526 548 sua
1553 494 1637 548 usi
1667 500 1816 562 sunt,
1843 495 1900 556 Α
1923 496 2191 566 mandate,
2220 497 2477 552 daemones
2505 495 2991 571 ejicite(Matth.x).
3023 494 3092 555 Et
3118 497 3311 556 iterum
3343 516 3356 554 :
3383 500 3413 539 ι’
3439 500 3510 558 In

234 590 324 648 sed
348 595 667 658 potestatem
699 587 869 656 ipsam
893 587 959 640 ad
987 602 1108 642 eum
1138 602 1170 639 a
1197 602 1302 660 quo
1326 595 1648 656 acceperant
1672 595 1818 640 retu-

234 687 409 740 lerunt
443 700 458 737 :
489 683 610 751 quia
643 697 742 736 nec
790 691 1028 752 potestas
1058 681 1174 750 ipsa
1223 681 1330 735 vim
1367 679 1528 735 ullam
1562 693 1818 749 umquam

231 778 433 834 habere
462 775 660 845 potuit,
691 775 795 830 nisi
826 791 921 846 per
951 789 1147 830 nomen
1174 773 1339 844 ipsius
1361 773 1450 844 qui
1478 772 1644 828 dedit.
1668 770 1821 827 Ideo-

229 885 334 940 que
363 878 415 923 et
445 868 680 938 apostoli
717 876 772 924 et
810 882 1000 923 omnes
1041 866 1272 922 ministri
1313 865 1408 922 Dei
1433 865 1566 921 nihil
1618 866 1672 920 in
1721 879 1822 921 suo

229 975 508 1028 umquam,
557 959 654 1015 sed
706 961 762 1014 in
815 961 1014 1016 Christi
1047 961 1266 1018 nomine
1298 972 1457 1032 atque
1486 960 1822 1017 invocatione

227 1051 506 1117 fecerunt;
533 1051 655 1120 quia
680 1059 917 1121 potestas
939 1053 1054 1123 ipsa
1083 1053 1212 1108 inde
1229 1051 1524 1122 accipiebat
1545 1052 1819 1118 virtutem,

227 1145 374 1201 unde
406 1145 636 1200 habebat
666 1147 982 1212 exordium;
1015 1157 1070 1204 et
1096 1147 1212 1202 dari
1263 1163 1358 1217 per
1403 1150 1682 1204 ministros
1724 1162 1823 1204 ne-

227 1253 498 1308 quaquam
531 1247 768 1307 poterat,
795 1239 898 1294 nisi
929 1239 998 1294 ab
1028 1250 1249 1296 auctore
1270 1242 1527 1297 venisset.
1559 1245 1640 1297 Tu
1672 1257 1819 1314 ergo,

225 1329 318 1400 qui
348 1330 492 1385 idem
521 1330 808 1385 Dominum
843 1330 1010 1387 fuisse
1031 1331 1165 1388 dicis
1192 1333 1334 1404 quod
1362 1350 1527 1389 unum
1557 1349 1622 1391 ex
1655 1337 1823 1391 servis

226 1423 380 1488 suis;
413 1425 539 1494 quia
569 1425 710 1478 sicut
738 1425 968 1493 apoétoli
996 1426 1129 1482 nihil
1161 1427 1343 1498 utique
1370 1428 1688 1496 habuerant,
1721 1430 1823 1486 nisi

225 1531 253 1570 a
278 1514 517 1569 Domino
542 1531 642 1570 suo
670 1517 1028 1586 accepissent,
1056 1519 1128 1572 ita
1159 1529 1212 1573 tu
1248 1519 1379 1574 nihil
1407 1522 1490 1576 vis
1534 1522 1824 1578 Dominum

227 1605 405 1677 ipsum
423 1606 808 1675 habuisse,nisi
825 1610 966 1680 quod
981 1627 1009 1664 a
1023 1611 1224 1681 Spiritu
1241 1613 1600 1683 acceperit,ac
1613 1630 1710 1684 per
1724 1616 1826 1671 hoc

224 1706 279 1753 et
301 1699 480 1770 ipsum
507 1701 653 1771 quod
683 1702 885 1767 habuit,
906 1719 1012 1759 non
1036 1713 1095 1759 ut
1119 1705 1404 1760 Dominum
1437 1707 1518 1760 vis
1548 1707 1821 1777 habuisse,

226 1792 323 1847 sed
354 1804 415 1847 ut
437 1809 654 1850 servum
683 1798 990 1868 accepisse:
1025 1798 1111 1854 dic
1129 1800 1257 1854 mihi
1287 1816 1415 1871 ergo
1441 1803 1713 1872 quomodo
1736 1804 1827 1861 ille

1923 591 2146 655 nomine,
2193 589 2388 659 inquit,
2430 605 2539 644 meo
2589 592 2845 645 daemonia“
2896 591 3109 663 ejicietis
3143 590 3334 663 (Marc.
3365 595 3506 666 xvt).

1921 680 2190 752 Numquid
2212 679 2275 736 ad
2301 690 2617 752 potestatem
2649 684 3005 739 exercendam
3037 684 3259 740 alterius
3288 687 3510 743 nomine

1924 775 2088 844 eguit,
2119 775 2210 846 qui
2243 775 2417 846 ipsum
2449 791 2648 832 nomen
2679 791 2833 832 suum
2853 784 3176 848 potestatem
3200 791 3321 833 esse
3349 776 3512 833 fecit?

1922 867 2029 923 Sed
2058 866 2185 938 quid
2215 865 2393 922 adhuc
2423 866 2637 923 additur
2663 887 2674 922 :
2703 869 2854 938 Ecce,
2885 868 3076 940 inquit,
3107 869 3230 923 dedi
3256 869 3395 924 vobis
3419 885 3514 941 po-

1926 968 2156 1016 testatem
2179 960 2418 1014 calcandi
2438 977 2592 1030 super
2616 970 2874 1032 serpentes
2901 973 2948 1016 et
2973 963 3269 1028 scorpiones
3290 971 3339 1017 et
3357 979 3516 1033 super

1927 1070 2124 1110 omnem
2148 1056 2382 1110 virtutem
2427 1055 2625 1110 inimici
2665 1055 2843 1128 (Luca:
2882 1056 2959 1129 χ).
2988 1057 3108 1128 Ipse
3133 1067 3282 1114 certe
3304 1059 3514 1126 mitem,

1925 1156 1983 1204 ut
2006 1164 2134 1205 vere
2161 1156 2298 1215 erat,
2323 1157 2378 1204 et
2402 1148 2660 1204 humilem
2700 1149 2865 1204 corde
2904 1165 2965 1206 se
2993 1165 3113 1208 esse
3133 1153 3262 1208 dicit
3294 1152 3508 1224 (Matth.

1925 1238 2023 1311 ιι).
2077 1240 2143 1295 Et
2197 1240 2491 1309 quomodo,
2524 1255 2622 1311 pro
2651 1255 2858 1296 summa
2891 1243 3078 1313 utique
3119 1254 3409 1314 potestate,
3461 1245 3517 1300 in

1927 1333 2146 1388 nomine
2174 1349 2273 1389 suo
2296 1333 2509 1403 operari
2540 1333 2675 1388 alios
2704 1333 2971 1404 praecipit,
3002 1335 3045 1390 si
3075 1336 3189 1405 ipse
3217 1337 3268 1392 in
3299 1337 3518 1393 nomine

1927 1427 2252 1496 operabatur
2278 1427 2491 1482 alieno?
2523 1434 2614 1481 aut
2637 1425 2756 1481 aliis
2786 1426 2945 1481 dabat
2972 1429 3124 1498 quasi
3169 1444 3347 1498 suum,
3375 1429 3520 1500 quod

1927 1520 2065 1590 ipse,
2100 1530 2157 1575 ut
2188 1528 2241 1574 tu
2297 1521 2398 1586 ais,
2429 1534 2536 1574 non
2567 1517 2849 1584 habuerat,
2882 1518 2990 1574 nisi
3036 1521 3337 1590 accepisset
3382 1522 3522 1577 alie-

1926 1615 2091 1668 num?
2121 1614 2216 1669 Dic
2249 1616 2379 1670 mihi
2422 1626 2623 1684 autem,
2657 1620 2747 1690 qui
2778 1629 3089 1675 sanctorum
3123 1627 3444 1691 potestatem
3488 1634 3522 1676 a

1927 1707 2039 1763 Deo
2073 1709 2398 1777 accipientes
2425 1709 2503 1764 sic
2553 1712 2761 1781 operati
2812 1712 2972 1766 sunt?
2999 1721 3091 1766 aut
3119 1711 3377 1780 numquid
3411 1725 3522 1766 non

1927 1801 2148 1858 insanus
2173 1801 2364 1858 Petrus
2385 1803 2621 1861 creditus
2649 1805 2840 1874 fuerat,
2878 1814 2969 1860 aut
2999 1806 3234 1860 furiosus
3255 1803 3518 1871 Joannes,

227 1897 506 1958 potestate
551 1890 691 1961 ipsa,
725 1900 783 1944 nt
839 1907 958 1958 sua,
1011 1907 1117 1947 non
1164 1902 1224 1948 ut
1253 1903 1494 1964 accepta,
1544 1897 1830 1953 utebatur?
1859 1882 1908 1944 B
1933 1903 2026 1948 aut
2052 1909 2238 1948 amens
2269 1895 2488 1963 Paulus,
2510 1897 2554 1950 si
2584 1897 3021 1969 quibuscumque
3043 1906 3134 1953 aut
3162 1896 3319 1968 aegris
3344 1896 3516 1953 dixisv

227 1981 372 2048 Quid
397 1983 542 2036 enim
570 1982 640 2039 de
666 1998 730 2039 eo
752 1983 1014 2054 legimus?
1047 1984 1237 2057 Surge,
1287 1987 1463 2057 inquit
1507 1989 1824 2058 paralytico,

227 2074 356 2128 tolle
384 2078 658 2147 grabatum
685 2087 848 2144 tuum,
901 2087 950 2132 et
980 2079 1107 2133 vade
1133 2081 1188 2134 in
1216 2081 1421 2134 domum
1451 2090 1586 2136 tuam
1614 2082 1824 2155 (Matth.

228 2168 329 2238 rx).
368 2168 436 2223 Et
483 2171 677 2226 iterum
713 2172 1035 2242 supplicanti
1063 2189 1160 2242 pro
1190 2172 1300 2228 filio
1324 2175 1460 2243 patri
1497 2192 1509 2228 :
1548 2174 1706 2242 Vade,
1740 2176 1828 2230 in-

228 2261 372 2330 quit,
418 2263 558 2330 filius
585 2274 702 2318 tuus
724 2265 839 2317 vivit
869 2263 1049 2333 (Joan.
1084 2265 1178 2336 tv).
1233 2266 1298 2321 Et
1326 2266 1458 2321 illud
1507 2267 1598 2322 ubi
1640 2268 1829 2324 unicus

230 2355 426 2409 matris
447 2355 516 2409 ad
546 2356 852 2425 sepulcrum
884 2357 1232 2413 deferebatur
1264 2377 1277 2412 :
1313 2368 1341 2396 α
1382 2358 1716 2425 Adolescens,
1748 2360 1829 2414 in-

228 2447 372 2517 quit,
428 2448 520 2501 tibi
564 2449 696 2516 dico,
743 2467 893 2520 surge
939 2448 1122 2522 (Lucae
1145 2451 1266 2519 vn).
1299 2450 1564 2522 Numquid
1593 2467 1740 2523 ergo,
1771 2459 1832 2507 ut

229 2553 352 2592 IIOS
384 2553 574 2594 eorum
605 2541 694 2611 qui
729 2551 1049 2611 potestatem
1082 2559 1110 2596 a
1144 2544 1256 2598 Deo
1286 2544 1642 2614 accipiebant,
1677 2553 1830 2614 pote-

227 2638 432 2685 statem
467 2647 679 2702 quoque
731 2633 822 2688 ille
853 2634 969 2688 dari
999 2635 1099 2689 sibi
1131 2635 1196 2690 ad
1229 2635 1568 2691 efﬁciendum
1614 2638 1832 2692 invoca-

231 2723 386 2778 tione
415 2723 586 2779 divini
613 2728 848 2781 nominis
875 2728 1215 2797 postulabat?
1238 2727 1346 2782 Cur
1372 2744 1476 2784 non
1528 2729 1668 2785 sicut
1695 2745 1830 2801 apo-

230 2816 356 2871 stoli
388 2816 444 2870 in
477 2819 697 2872 nomine
727 2818 920 2889 ipsius,
976 2819 1048 2874 ita
1096 2820 1214 2890 ipse
1254 2836 1467 2892 quoque
1512 2822 1568 2877 in
1617 2823 1835 2880 nomine

230 2906 478 2976 Spiritus
513 2911 869 2978 operabatur?
894 2913 1137 2982 Denique
1166 2915 1291 2984 quid
1324 2915 1390 2970 de
1440 2916 1561 2984 ipso
1591 2917 1835 2988 Evange-

232 2999 365 3054 lium
397 3003 767 3069 protestetur?
800 3001 951 3071 Erat,
984 3004 1176 3074 inquit,
1206 3008 1392 3062 docens
1424 3024 1506 3061 eos
1536 3010 1664 3063 sicut
1693 3018 1836 3079 pote-

233 3102 421 3147 statem
454 3096 663 3162 habens,
693 3113 797 3151 non
820 3098 953 3153 sicut
995 3098 1191 3154 Scriba:
1229 3111 1276 3154 et
1326 3100 1584 3156 Pharisazi
1615 3103 1832 3174 (Matth.

233 3186 352 3256 vn).
384 3189 498 3242 Aut
522 3189 813 3258 superbum
836 3197 892 3246 et
911 3203 1254 3261 arrogantem
1282 3193 1507 3249 forsitan
1535 3196 1617 3250 vis
1645 3195 1831 3266 fuisse,

233 3280 324 3350 qui
358 3289 686 3350 potestatem
722 3297 881 3352 quam
907 3298 936 3337 a
967 3284 1100 3350 Deo,
1129 3293 1187 3339 ut
1226 3285 1327 3353 ais,
1376 3287 1695 3358 accepisset,
1725 3303 1837 3344 sua:
1861 3269 1908 3334 Ο
1967 3297 1970 3299 ’

235 3374 501 3441 pmentiae
529 3373 846 3443 deputaret?
872 3375 977 3431 Sed
1007 3375 1134 3445 quid
1169 3376 1393 3433 facimus
1422 3379 1564 3446 quod
1597 3389 1836 3450 potestas

236 3482 543 3538 numquam
569 3477 652 3524 est
678 3470 930 3525 obsecuta
962 3469 1201 3536 famulis,
1229 3472 1332 3527 nisi
1374 3487 1471 3543 per
1491 3488 1686 3528 nomen
1710 3489 1838 3530 auc—

238 3559 410 3626 toris;
445 3576 548 3615 nec
574 3562 772 3618 habere
802 3563 1150 3620 efficientiam
1195 3566 1392 3635 potuit,
1427 3566 1471 3621 si
1503 3567 1702 3638 aliquid
1734 3568 1838 3625 sibi

238 3668 304 3708 ex
339 3669 407 3709 ea
435 3655 646 3711 faciens
686 3657 985 3728 deputavit.

861 3743 1094 3828 CAPUT
1129 3771 1251 3827 xx.

271 3858 620 3918 Gravioribus
647 3865 1125 3934 urgentioribusque
1154 3865 1469 3935 argumentis
1499 3867 1799 3920 sententiam

685 3936 828 3989 illam
860 3937 1145 3990 invalidare
1174 3944 1409 3992 conatur.

308 4025 424 4082 Sed
456 4027 587 4098 quid
615 4027 818 4082 tamdiu
841 4027 1186 4083 evidentibus
1224 4028 1461 4099 quidem,
1516 4030 1611 4086 sed
1660 4037 1836 4086 tamen

238 4120 551 4175 minoribus
577 4121 908 4190 argumentis
934 4129 1122 4176 contra
1151 4120 1418 4176 furentem
1443 4122 1836 4192 blasphemiam

238 4212 497 4281 agimus?
522 4213 814 4269 Audiamus
863 4214 1038 4280 ipsum
1072 4214 1136 4268 ad
1177 4215 1476 4286 discipulos
1526 4215 1837 4286 loquentem

242 4306 416 4361 Deum
455 4324 467 4358 :
501 4305 747 4376 Inﬁrmos
793 4317 989 4372 curate,
1045 4317 1273 4363 mortuos
1315 4308 1578 4375 suscitate,
1610 4311 1838 4379 leprosos

1931 1996 2052 2041 sent
2085 2003 2099 2041 ε
2131 1986 2185 2042 1η
2216 1989 2433 2044 nomine
2461 2000 2649 2045 nostro
2676 1993 2907 2061 surgite;
2936 2002 3027 2046 aut
3056 1990 3265 2048 claudis
3297 2009 3311 2047 :
3339 1991 3397 2047 In
3426 2004 3523 2046 no-

1932 2080 2077 2134 mine
2103 2088 2288 2134 nostro
2318 2081 2624 2147 ambulate;
2654 2090 2748 2136 aut
2773 2085 3001 2140 mortuis
3031 2083 3126 2139 :In
3167 2082 3385 2139 nomine
3423 2098 3525 2138 noo

1931 2177 2047 2224 stro
2068 2170 2267 2236 vivite;
2296 2179 2390 2225 aut
2420 2171 2548 2226 illud
2580 2171 2646 2226 ad
2678 2174 2888 2244 aliquos
2918 2193 2929 2227 :
2965 2174 3166 2229 Damus
3193 2173 3347 2230 vobis
3370 2183 3525 2245 pote-

1931 2269 2124 2316 statem
2176 2261 2420 2317 calcandi
2470 2277 2634 2333 super
2675 2273 2978 2334 serpentes,
3008 2274 3062 2321 et
3093 2266 3431 2335 scorpiones,
3469 2273 3526 2322 et

1932 2366 2095 2422 super
2119 2367 2332 2407 omnem
2364 2362 2688 2423 potestatem
2720 2354 2961 2410 inimici?
2990 2354 3252 2425 Intelligis
3281 2370 3413 2426 ergo
3456 2371 3527 2412 ex

1933 2442 2035 2498 hoc
2084 2443 2204 2512 ipso
2235 2445 2497 2500 insaniam
2532 2455 2678 2501 tuam
2706 2466 2718 2501 :
2750 2449 2873 2518 quia
2901 2448 3042 2504 sicut
3081 2449 3198 2504 haec
3225 2448 3390 2505 verba
3442 2449 3528 2505 in-

1933 2551 2063 2592 sana
2087 2545 2232 2603 sunt,
2265 2538 2310 2593 si
2335 2539 2442 2594 sint
2470 2538 2716 2596 humanae
2745 2539 3187 2612 prmsumptionis
3210 2583 3224 2608 ,
3254 2543 3325 2596 ita
3359 2549 3414 2596 tu
3445 2541 3528 2597 in-

1934 2631 2271 2699 sanissimus,
2302 2634 2391 2704 qui
2419 2633 2616 2688 divinae
2644 2633 2757 2690 lucc
2788 2650 2895 2690 non
2924 2635 3182 2706 intelligis
3214 2637 3525 2708 potestatis.

1935 2723 2018 2778 Ex
2050 2724 2259 2780 duobus
2290 2727 2431 2781 enim
2462 2728 2688 2782 alterum
2715 2728 3024 2784 confitearis
3055 2744 3281 2784 necesse
3303 2736 3410 2794 est,
3437 2736 3531 2786 aut

1938 2830 2096 2885 posse
2127 2817 2397 2872 hominem
2425 2819 2660 2874 divinam
2689 2828 3015 2890 potestatem
3045 2829 3100 2876 et
3123 2821 3323 2877 habere
3346 2830 3400 2876 et
3426 2820 3530 2876 da-

1938 2925 2030 2976 re;
2083 2921 2174 2966 aut
2225 2920 2374 2966 certe
2403 2913 2449 2968 si
2481 2912 2662 2967 nullus
2692 2915 2914 2968 omnino
2937 2916 3214 2968 hominum
3242 2913 3296 2969 id
3322 2920 3526 2983 potest,

1940 3003 2109 3059 Deum
2130 3004 2294 3060 fuisse
2318 3006 2408 3076 qui
2440 3007 2635 3077 potuit.
2655 3006 2824 3062 Nemo
2845 3008 2988 3063 enim
3011 3007 3247 3062 divinam
3270 3007 3528 3063 virtutem

1939 3105 2122 3168 potest
2154 3097 2391 3154 tribuere
2419 3097 2472 3154 in
2500 3097 2893 3168 munificentia,
2923 3099 3030 3155 nisi
3055 3099 3149 3169 qui
3179 3098 3431 3156 habuerit
3471 3099 3528 3156 in

1943 3199 2154 3245 natura.

2535 3305 2763 3364 CAPUT
2801 3305 2944 3363 XXI.

1889 3457 1892 3462 '
1941 3448 2147 3505 Christo
2195 3447 2406 3521 perinde
2466 3453 2616 3519 atque
2665 3447 2895 3521 (Spiritui
2947 3453 3125 3504 sancto
3171 3445 3532 3521 ascribendum

2012 3538 2142 3662 cisse,
2193 3519 2331 3603 quod
2387 3535 2510 3574 caro
2560 3528 2608 3572 et
2650 3520 2944 3574 humanitas
2991 3523 3104 3592 ejus
3146 3519 3393 3590 templum
3436 3520 3532 3576 Dei

2041 3604 2154 3645 acta
2185 3602 2276 3646 stt.

2041 3604 2154 3645 acta
2185 3602 2276 3646 stt.

2013 3750 2270 3821 Sequitur
2297 3761 2474 3808 autem
2503 3752 2555 3807 in
2580 3751 2916 3822 blasphemia
2949 3759 3062 3819 tua,
3090 3750 3235 3821 quod
3259 3765 3388 3808 caro
3417 3751 3536 3822 ejus

1943 3845 2200 3914 templum
2235 3861 2263 3900 a
2284 3845 2486 3914 Spiritu
2518 3845 2658 3900 facta
2689 3845 2780 3911 sit,
2811 3845 2937 3901 ideo
2967 3845 3094 3916 quia
3121 3846 3359 3901 Joannes
3385 3844 3535 3899 dixe-

1941 3937 2049 3993 rit:
2091 3936 2209 3990 Vidi
2247 3939 2390 3992 enim
2443 3937 2700 4006 Spiritum
2750 3937 3133 3993 descendentem
3183 3937 3246 3990 de
3292 3937 3437 4004 coelo,
3487 3944 3536 3992 et

1941 4037 2230 4084 manentem
2261 4046 2415 4098 super
2437 4046 2553 4084 eum
2579 4029 2763 4100 .(Joan.
2796 4028 2865 4101 ι).
2897 4030 3034 4096 Quia
3065 4029 3326 4084 furiosam
3351 4042 3535 4084 asser-

1943 4123 2146 4177 tionem
2190 4132 2334 4176 tuam
2382 4123 2542 4178 etiam
2593 4122 2792 4178 divinis
2843 4122 3167 4177 testimoniis
3210 4121 3534 4177 conﬁrmare

1943 4217 2157 4272 conaris
2193 4234 2206 4269 :
2238 4231 2398 4286 quam
2430 4216 2500 4270 ob
2527 4212 2744 4271 causam
2791 4214 3071 4270 videamus
3110 4230 3199 4275 an
3225 4214 3346 4280 hoc,
3389 4212 3536 4284 quod

1943 4319 1999 4365 tu
2031 4311 2134 4375 ais,
2168 4309 2535 4364 testimonium
2566 4322 2778 4363 sacrum
2799 4308 3018 4364 dixerit.
3048 4318 3070 4345 ο
3103 4295 3222 4361 Vidi
3248 4306 3414 4372 enim,
3445 4306 3534 4361 in.

1316 4447 1574 4505 ALARDI
1614 4447 1846 4504 GAZ/EI
1884 4443 2449 4502 COMMENTARIUS.

310 4560 340 4588 ³
384 4557 624 4642 ()bserva
654 4558 740 4614 hic
765 4557 1055 4641 discrimen
1081 4557 1598 4642 inter_Christum_et
1618 4567 1832 4642 a-posto-
1856 4560 1909 4620 D
1935 4567 2063 4642 gnat
2090 4557 2352 4642 Thyrreus
2383 4557 2522 4641 [ρὶὁ.
2552 4559 2616 4612 ds
2642 4557 2877 4642 Daemon:
2907 4575 2954 4612 c.
2973 4556 3140 4642 Eun],
3166 4572 3272 4642 non
3315 4557 3527 4642 video),

239 4631 324 4685 los
355 4636 524 4698 atque
546 4631 678 4684 alios
704 4639 920 4684 sanctos
948 4632 997 4684 in
1019 4630 1293 4700 patrandis
1323 4631 1614 4684 miraculis.
1640 4631 1830 4684 Petrus

238 4701 461 4766 quidem
506 4701 647 4754 dixit
696 4710 921 4755 martum
965 4702 1153 4766 puella:
1184 4718 1199 4755 :
1235 4700 1475 4769 Tabitha,
1510 4718 1661 4770 surge
1689 4702 1826 4770 (Act.

236 4773 355 4840 1x);
397 4771 491 4823 sed
525 4786 627 4824 non
657 4771 796 4825 dixit
828 4772 982 4827 :Tibi
1005 4772 1146 4837 dico,
1176 4785 1362 4839 surge;
1410 4772 1532 4840 quia
1573 4788 1678 4825 non
1707 4787 1826 4835 sua,

238 4844 333 4896 sed
363 4841 565 4895 Christi
590 4843 908 4896 auctoritate
929 4849 983 4896 et
1001 4843 1221 4897 nomine
1239 4842 1574 4912 loquebatur.
1604 4842 1755 4898 Unde
1778 4852 1832 4897 et

235 4914 368 4966 alibi
401 4913 599 4966 dicitur
625 4914 868 4968 Christus
893 4928 988 4981 per
1011 4914 1267 4968 miracula
1301 4913 1674 4968 manifestasse
1715 4914 1832 4981 glo-

238 4984 380 5038 riam
414 4997 567 5036 suam
615 4983 795 5052 (Joan.
831 4983 911 5052 tt),
943 4984 996 5036 id
1036 4992 1140 5049 est,
1188 4983 1523 5038 divinitatem
1564 4999 1744 5048 suam;
1775 4991 1833 5039 ut

239 5054 613 5121 intelligamus
661 5055 817 5109 aliter
867 5054 1165 5119 Christum,
1215 5055 1372 5108 aliter
1423 5054 1714 5124 prophetas
1779 5064 1833 5109 et

239 5128 402 5186 alios,
434 5125 688 5196 miracula
719 5125 927 5196 fecisse.
963 5125 1097 5179 Nam
1128 5124 1281 5179 multi
1311 5125 1527 5196 quidem
1555 5125 1832 5194 propheta:

241 5195 507 5250 miracula
539 5194 805 5261 fecerunt,
829 5195 897 5250 de
923 5196 1071 5250 nullo
1099 5205 1276 5250 tamen
1303 5194 1489 5251 eorum
1521 5196 1722 5250 dictum
1751 5206 1836 5250 est

240 5267 471 5336 gloriam
504 5281 625 5319 eum
650 5282 800 5338 suam
826 5268 1230 5338 manifcstasse;
1258 5268 1380 5338 quia
1420 5283 1525 5322 non
1559 5276 1828 5338 tamquam

242 5349 616 5408 creaturarum
643 5337 868 5404 domini,
896 5337 988 5391 sed
1014 5347 1283 5408 tamquam
1298 5337 1569 5392 Creatoris
1600 5337 1830 5392 ministri

240 5407 297 5461 in
329 5408 597 5464 creaturis
621 5409 881 5462 miracula
908 5407 1195 5471 faciebant,
1214 5410 1396 5477 sicque
1419 5423 1524 5462 non
1549 5423 1719 5476 suam,
1736 5408 1830 5463 sed

240 5477 342 5551 Dei
373 5480 599 5548 gloriam
619 5479 1064 5551 manifestabant;
1091 5479 1337 5533 Christus
1359 5494 1486 5534 vero
1510 5495 1685 5545 suam,
1704 5481 1827 5551 quia

243 5550 360 5616 ipse
391 5551 616 5604 Creator
644 5559 699 5604 et
728 5550 1013 5619 Dominus,
1045 5551 1162 5620 ipse
1192 5551 1395 5621 primus
1419 5559 1608 5606 auctor
1645 5550 1828 5621 ac'pa-

245 5629 418 5675 trator
455 5621 842 5676 miraculorum
873 5631 1008 5677 erat.

314 5691 342 5730 δ
386 5692 444 5746 In
503 5691 586 5746 his
618 5693 800 5748 verbis
845 5693 952 5748 duo
990 5694 1248 5748 notanda.
1297 5693 1535 5749 Primum
1572 5695 1724 5759 illud,
1757 5693 1826 5749 In

246 5766 453 5817 nomine
477 5780 606 5836 meo,
639 5765 787 5818 varie
815 5764 986 5833 accipi
1014 5766 1069 5836 in
1109 5765 1406 5836 Scriptura.
1450 5766 1635 5834 Neque
1683 5769 1825 5822 enim

246 5850 353 5889 una
370 5846 450 5887 est
471 5834 635 5902 ipsius
652 5836 880 5889 nominis
902 5835 1140 5902 signiﬁca
1153 5834 1248 5890 tioI
1265 5837 1534 5904 Accipitur
1557 5837 1825 5894 interdum

247 5920 348 5974 pro
376 5906 626 5977 imperio,
659 5921 752 5963 seu
800 5907 1119 5965 auctoritate
1149 5907 1267 5978 (cur
1300 5908 1443 5965 enim
1493 5907 1610 5968 haec
1638 5906 1826 5966 distin-

1937 4639 1996 4683 ut
2017 4645 2136 4684 cum
2166 4629 2293 4683 dicit
2323 4629 2531 4683 venisse
2557 4643 2620 4685 se
2649 4632 2704 4682 in
2733 4632 2938 4684 nomine
2965 4629 3162 4696 Patris,
3188 4630 3345 4683 Joan.
3385 4646 3437 4695 v,
3471 4629 3524 4686 id

1937 4708 2041 4769 est,
2069 4716 2134 4754 cx
2167 4700 2336 4754 Patris
2364 4700 2607 4766 decreto,
2640 4704 2975 4766 auctoritate,
3023 4701 3314 4755 voluntate.
3351 4700 3526 4756 Inter-

1936 4771 2065 4825 dum
2098 4787 2192 4839 pro
2222 4772 2449 4839 meritis,
2481 4780 2540 4824 ut
2565 4787 2686 4827 cum
2715 4772 2897 4826 omnia
2930 4772 3196 4840 promittit
3224 4775 3530 4840 petentibus

1937 4852 1991 4897 et
2017 4842 2327 4911 rogantibus
2378 4842 2586 4896 Patrem
2621 4844 2671 4895 in
2703 4844 2919 4897 nomine
2947 4858 3066 4906 suo,
3091 4843 3250 4907 Joau,
3284 4858 3392 4896 XIV.
3424 4844 3527 4897 Pe-

1937 4921 2051 4967 tere
2077 4914 2218 4967 enim
2249 4914 2301 4967 in
2329 4914 2546 4967 nomine
2572 4913 2794 4978 Christi,
2851 4925 2934 4969 est
2984 4923 3165 4981 petere
3191 4929 3289 4982 per
3333 4915 3529 4970 merita

1936 4982 2158 5048 Christi,
2189 4995 2246 5038 ut
2276 4985 2531 5038 Ecclesiae
2553 4999 2679 5038 usus
2709 4985 3114 5054 interpretatur.
3142 4985 3385 5052 Denique
3430 5001 3529 5053 pro

1937 5056 2139 5108 virtute
2161 5071 2223 5109 ac
2252 5063 2519 5121 potestate
2544 5058 2789 5120 sumitur,
2836 5070 2958 5109 cum
3009 5055 3176 5111 dicit:
3207 5055 3379 5121 Opera
3409 5073 3527 5124 qua

1936 5142 2032 5194 ego
2061 5127 2196 5192 facio
2227 5127 2280 5178 in
2311 5128 2513 5178 nomine
2541 5125 2715 5179 Patris
2745 5127 2863 5190 mei,
2889 5129 3002 5194 ipsa
3037 5127 3381 5179 testimonium
3408 5143 3526 5194 per-

1939 5197 2109 5250 hibent
2137 5197 2198 5250 de
2225 5212 2324 5262 nte,
2355 5196 2510 5250 Joan.
2539 5213 2595 5252 x.
2630 5197 2818 5261 Porro,
2849 5197 3090 5264 quamvis
3114 5205 3170 5252 et
3188 5197 3388 5251 Christi
3423 5198 3530 5250 im-

1938 5267 2107 5336 perio,
2143 5276 2196 5322 et
2244 5268 2445 5322 Christi
2497 5269 2726 5335 meritis,
2759 5277 2813 5322 et
2845 5269 3048 5322 Christi
3100 5275 3368 5336 potestate
3417 5267 3528 5322 dici

1937 5341 2106 5407 possit
2134 5339 2324 5406 expelli
2352 5338 2868 5408 d:cmonia,quando
2896 5339 2965 5393 ad
2993 5338 3226 5394 nominis
3255 5338 3371 5405 ejus
3401 5353 3526 5392 evo-

1936 5411 2204 5464 cationem
2237 5411 2600 5479 expelluntur,
2651 5411 2867 5479 proprie
2897 5419 3073 5465 tamen
3124 5411 3376 5463 virtutem
3403 5409 3524 5478 ejus

1937 5480 2301 5552 intelligimus,
2332 5481 2589 5552 divinam,
2620 5481 2862 5550 inquam,
2887 5482 3162 5552 virtutem,
3195 5479 3424 5552 ut_idem
3449 5482 3523 5534 sit

1936 5551 1989 5605 in
2023 5549 2218 5607 Christi
2251 5551 2468 5607 nomine
2521 5549 2762 5622 atquein
2791 5554 2985 5607 virtute
3016 5550 3213 5608 Christi
3234 5549 3521 5622 (daemones

1935 5625 2223 5692 expellere.
2275 5624 2426 5691 Quod
2474 5620 2761 5679 confirmat
2794 5624 3019 5689 Auctor,
3045 5637 3168 5676 cum
3198 5621 3269 5674 ait
3301 5636 3314 5673 :
3349 5620 3523 5676 Num-

1933 5696 2057 5763 quid
2083 5695 2150 5748 ad
2204 5704 2499 5760 potestatem
2524 5697 2858 5751 exercendam
2884 5695 3096 5748 alterius
3116 5693 3322 5746 nomine
3350 5695 3515 5764 eguit,

1933 5767 2022 5836 qui
2050 5768 2216 5838 ipsum
2242 5784 2422 5820 nomen
2447 5784 2595 5821 suum
2619 5776 2911 5835 potestatem
2942 5782 3049 5820 esse
3072 5765 3236 5838 fecit?

2010 5849 2032 5876 ε
2068 5833 2228 5892 Docet
2265 5839 2322 5890 ι).
2355 5833 2648 5906 Gregorius
2672 5843 2721 5893 in
2756 5841 2857 5892 line
2883 5838 2971 5892 lib.
3007 5852 3044 5891 il
3069 5833 3372 5902 Moralium,
3409 5833 3511 5893 aII-

1937 5917 2021 5966 ter
2040 5908 2092 5965 in
2112 5909 2528 5976 Christo,aliter
2559 5911 2611 5966 in
2641 5912 2771 5967 viris
2795 5909 2998 5967 sanctis
3029 5909 3293 5982 Spiritum
3317 5907 3529 5989 Sunt
