3966 6332
465 385 573 450 263

1793 389 2078 450 JOANNIS
2115 365 2425 448 cassum

3597 395 3684 462 Μ

465 517 602 586 quit,
635 514 893 587 Spiritum
936 513 1319 571 descendentem
1341 515 1474 567 sicut
1509 512 1824 581 columbam,
1862 521 1911 570 et
1937 529 2052 569 mas
2081 513 2136 576 Α
2159 511 2416 568 habuisse
2446 509 2680 568 traditur
2712 511 2768 567 iu
2799 510 3005 569 radice.
3039 519 3062 551 ε
3090 508 3347 583 Leporius
3366 509 3449 570 ille
3474 513 3598 570 enim
3619 518 3688 588 (ut

466 622 671 669 nentem
697 630 853 680 super
872 627 1009 669 eum.
1037 611 1290 666 Discerne
1316 608 1426 675 hic,
1445 606 1490 664 si
1513 616 1686 679 potes,
1711 610 1832 681 quis
1854 610 2054 678 potior,

466 705 585 777 quis
617 705 790 778 ma‘jor
814 707 904 772 sit,
949 706 1072 778 quis
1103 704 1450 760 honoratior?
1480 705 1524 760 is
1549 705 1638 775 qui
1671 705 2056 773 descendebat,

463 812 530 854 an
557 799 602 853 is
623 798 690 854 ad
713 813 873 868 quem
902 796 1375 852 descendebatur?
1404 797 1453 852 is
1471 799 1562 867 qui
1587 797 1864 854 deferebat
1886 798 2077 852 hono-'

464 908 602 961 rem,
645 909 711 948 an
743 893 786 947 is
815 893 897 948 cui
928 890 1272 947 deferebatur
1301 892 1508 947 honor?
1537 891 1639 948 Ubi
1669 891 1758 949 hic
1810 895 1863 948 in
1905 895 2058 950 testi-

464 988 648 1044 n'onio
677 993 856 1055 sonat,
900 985 1047 1057 quod
1090 1001 1309 1042 carnem
1350 985 1468 1056 ejus
1517 986 1777 1058 templum
1825 988 2056 1058 Spiritus

467 1079 684 1135 'ecerit?
712 1085 805 1134 aut
837 1077 890 1133 in
918 1093 1027 1149 quo
1069 1076 1334 1134 honorem
1367 1077 1462 1133 Dei
1506 1077 1734 1144 minuit,
1775 1079 1820 1134 si
1862 1079 2058 1146 adde-

465 1191 495 1226 n
520 1172 878 1228 onstrandum
909 1171 1151 1227 humano
1197 1172 1380 1242 generi
1425 1171 1592 1226 Deum
1632 1172 1771 1229 Deus
1813 1173 1926 1240 ipse
1957 1173 2051 1229 de-

462 1265 705 1322 scendit?
735 1263 870 1320 Cum
911 1265 1096 1336 utique
1139 1278 1248 1320 non
1287 1264 1465 1318 minor
1504 1263 1727 1334 intelligi
1757 1265 1950 1321 debeat
1980 1267 2048 1332 is,

461 1359 616 1428 cujus
648 1359 882 1414 indicata
913 1359 985 1414 sit
1011 1357 1280 1427 dignitas,
1317 1372 1476 1427 quam
1505 1359 1558 1411 is
1585 1359 1674 1428 qui
1709 1358 1868 1414 index
1894 1359 2056 1415 fuerit

458 1450 760 1521 dignitatis.
793 1449 900 1506 Sed
930 1449 1072 1506 absit
1101 1450 1264 1505 ullam
1302 1450 1530 1507 credere
1555 1461 1649 1506 aut
1681 1451 1797 1508 fieri
1834 1452 1887 1506 in
1917 1453 2056 1508 divi-

460 1543 630 1599 nitate
657 1542 974 1598 distantiam
1002 1559 1016 1596 :
1041 1543 1168 1614 quia
1189 1541 1376 1598 eadem
1399 1558 1504 1598 una
1527 1542 1720 1609 deitas,
1748 1554 1802 1600 et
1826 1545 2053 1614 aqualis

457 1643 704 1704 potestas
734 1634 1044 1704 opinionem
1076 1634 1290 1704 penitus
1330 1634 1509 1704 impia
1551 1636 1933 1703 inaqualitatis
1958 1652 2055 1691 ex-

459 1725 648 1782 cludit.
679 1727 748 1783 Et
767 1726 889 1782 ideo
913 1727 966 1782 in
993 1726 1099 1782 hoc
1123 1727 1359 1798 negotio,
1385 1743 1505 1783 cum
1531 1739 1584 1784 et
1610 1727 1789 1784 Patris
1820 1743 2049 1798 persona

458 1828 512 1872 et
541 1817 668 1873 Filii
696 1829 750 1874 et
783 1818 1018 1888 Spiritus
1047 1821 1220 1876 sancti
1251 1821 1340 1885 sit,
1371 1829 1426 1876 et
1468 1836 1589 1876 cum
1622 1821 1797 1877 Filius
1845 1821 1938 1882 Dei
1979 1825 2052 1878 sit

2160 605 2425 673 Leporius
2473 605 2770 673 discipulus
2817 620 2947 660 suus
2975 603 3144 677 dixit)
3184 605 3456 661 Dominum
3483 618 3686 669 nostrum

2157 699 2436 756 asserebat
2464 697 2741 755 Christum
2772 698 2970 754 factum
3002 714 3123 754 esse
3155 715 3257 769 per
3283 699 3580 770 baptismum
3602 721 3615 759 :
3640 713 3688 762 tu

2158 793 2211 848 in
2243 792 2510 862 baptismo
2541 794 2800 863 templum
2831 793 2925 848 Dei
2951 791 3088 848 discis
3113 792 3310 850 iactum
3335 809 3454 850 esse
3481 811 3564 864 per
3591 799 3688 869 δρᾶ.

2157 886 2342 942 ritum.
2372 883 2402 925 ά
2430 888 2546 945 Non
2577 887 2799 960 quidem
2829 887 2896 944 ad
2931 889 3147 958 plenum
3181 887 3370 943 eadem
3393 891 3549 946 verba
3569 903 3688 962 sunt,

2155 979 2250 1036 sed
2281 979 2350 1036 ad
2378 980 2597 1052 plenum
2625 996 2730 1038 una
2762 984 3118 1052 perversitas.

2732 1133 2965 1196 CAPUT
3003 1123 3174 1196 x'xn.
3218 1155 3224 1160 -

2157 1241 2510 1316 ιςιρυαιίοηεηι
2543 1255 2737 1314 Christi
2769 1258 2825 1330 in
2861 1257 3045 1312 calum
3073 1272 3177 1312 non
3206 1257 3304 1312 soli
3330 1255 3538 1330 Spiritui
3562 1262 3698 1316 ascri-

2757 1328 2976 1383 bendam
3012 1344 3144 1384 esse.
3374 1328 3380 1330 ⁷
3591 1391 3596 1395 ,

2224 1443 2396 1501 Addis
2413 1453 2594 1501 autem
2617 1443 2780 1500 etiam
2804 1445 2910 1502 hoc
2935 1443 3208 1514 praedictis
3228 1443 3574 1513 impietatibus
3591 1447 3696 1513 tuis,

2153 1539 2297 1609 quod
2323 1539 2686 1594 elevationem
2719 1536 2949 1593 Domino
2982 1538 3035 1592 in
3061 1536 3262 1592 calum
3285 1536 3509 1608 Spiritus
3529 1537 3700 1592 condo-

2155 1631 2335 1687 narit:
2371 1631 2667 1687 ostendens
2706 1629 2921 1686 scilicet
2947 1630 3212 1699 sacrilego
3242 1644 3400 1686 sensu
3449 1639 3553 1694 tuo,
3579 1629 3698 1700 quod

2153 1732 2263 1780 tam
2313 1723 2646 1780 imbecillum
2682 1739 2748 1778 ac
2781 1733 2890 1779 tam
2943 1738 3172 1794 egenum
3222 1722 3500 1778 Dominum
3545 1722 3702 1781 losum

2117 1841 2122 1846 ο
2152 1815 2430 1874 Christum
2465 1816 2630 1873 fuisse
2667 1816 2867 1880 credis,
2897 1816 3038 1885 quod
3075 1816 3177 1872 nisi
3210 1832 3330 1871 eum
3361 1815 3578 1886 Spiritus
3612 1818 3704 1874 ele-

457 1910 526 1965 ad
557 1925 717 1979 quem
760 1911 1132 1979 descenditur,
1167 1913 1398 1985 Spiritus
1424 1915 1513 1984 qui
1545 1914 1856 1982 descendit,
1893 1917 2054 1972 Pater
2083 1908 2130 1968 B
2157 1921 2335 1966 vasset
2366 1912 2418 1967 in
2447 1911 2672 1977 calum,
2695 1911 2871 1966 adhuc
2897 1909 3059 1966 hodie
3091 1910 3314 1966 forsitan
3338 1909 3559 1966 futurum
3584 1913 3704 1967 asti-

457 2003 550 2076 qui
583 1997 956 2060 testimonium
1003 2005 1139 2061 dicit
1168 2024 1180 2060 :
1215 2006 1394 2062 nullus
1436 2007 1560 2076 plus
1589 2007 1772 2061 habuit
1804 2007 2048 2073 honoris,

459 2095 642 2150 nullus
670 2097 960 2168 quidquam
1005 2099 1214 2172 accepit
1259 2099 1472 2170 injuria
1500 2118 1512 2155 :
1545 2101 1640 2155 sed
1672 2102 1951 2168 aqualiter
1980 2101 2048 2157 ad

461 2188 851 2257 plenitudinem
884 2191 1100 2246 deitalis
1134 2202 1305 2248 totum
1353 2193 1656 2249 redundat:
1691 2195 1815 2264 quia
1845 2195 2051 2265 quavis

463 2282 519 2337 in
561 2279 822 2340 Trinitate
867 2297 1098 2354 persona
1130 2283 1391 2340 honorem
1422 2286 1474 2340 in
1504 2301 1563 2341 se
1601 2287 1767 2341 totius
1811 2287 2052 2342 continet

464 2376 764 2434 Trinitatis.
793 2377 860 2435 Et
883 2377 1006 2434 ideo
1027 2377 1130 2434 dici
1154 2378 1282 2434 hinc
1298 2379 1532 2451 amplius
1559 2398 1665 2436 non
1695 2396 1921 2438 necesse
1943 2389 2049 2449 est,

461 2469 567 2526 nisi
586 2470 652 2526 ad
681 2469 1128 2527 manifestandam
1152 2480 1359 2527 tantum
1383 2472 1677 2542 impietatis
1695 2483 1810 2529 tua
1829 2488 2048 2529 causam

460 2573 622 2634 atque
667 2563 962 2636 originem.
991 2574 1018 2603 ι
1049 2567 1185 2632 Quia
1217 2566 1386 2636 spina
1425 2567 1612 2639 utique
1655 2583 1719 2622 ac
1768 2567 1952 2623 tribuli
1982 2583 2050 2624 ea

456 2657 728 2720 radicibus
779 2673 1121 2731 emergentes
1165 2660 1425 2730 qualitate
1475 2660 1562 2715 sui
1614 2661 1838 2730 stirpem
1894 2675 2047 2716 suam

457 2752 725 2822 produnt;
759 2768 827 2810 ex
857 2769 925 2810 eo
960 2756 1078 2826 ipso
1120 2754 1265 2824 quod
1307 2765 1452 2819 sunt,
1488 2755 1727 2811 indicant
1757 2754 1901 2810 unde
1945 2768 2047 2809 na-

453 2854 698 2899 scantur.
726 2844 802 2900 ita
827 2859 956 2917 ergo
982 2856 1037 2901 et
1065 2857 1118 2900 tu
1140 2844 1169 2884 ι)
1199 2843 1500 2916 Pelagiana
1523 2845 1801 2904 hareseos
1821 2847 2042 2916 spinosa

452 2935 670 2994 soboles
697 2937 843 2994 idem
873 2939 1116 2994 ostendis
1163 2940 1216 2994 in
1245 2941 1510 3011 germine,
1540 2940 1686 3010 quod
1719 2940 1877 2995 Pater
1911 2949 2036 2996 tuus

2157 2022 2334 2062 mares
2363 2006 2417 2062 in
2465 2019 2630 2062 terra.
2657 2005 2739 2062 Ad
2786 2006 3164 2076 probationem
3210 2014 3390 2060 autem
3421 2005 3542 2060 dicti
3564 2007 3705 2064 etiam

2156 2102 2522 2156 testimonium
2568 2115 2788 2156 sacrum
2833 2099 3062 2155 adhibes
3102 2115 3118 2156 :
3169 2100 3346 2169 inquis
3381 2100 3555 2154 enim:
3589 2099 3706 2156 Datis

2155 2197 2399 2247 mandata
2427 2194 2678 2262 apostolis
2703 2209 2832 2262 quos
2875 2193 3057 2264 elegit,
3085 2208 3181 2264 per
3227 2191 3479 2262 Spiritum
3505 2201 3704 2246 sanctum

2156 2288 2379 2342 elevatus
2400 2297 2473 2342 est
2503 2287 2640 2356 (Act.
2669 2285 2747 2357 ι).
2770 2286 2907 2356 Quid
2935 2295 2986 2342 te
3008 2286 3313 2356 appellem?
3331 2286 3453 2357 quid
3475 2295 3524 2342 te
3545 2285 3706 2340 existi-

2158 2382 2338 2436 mem?
2364 2382 2455 2452 qui
2495 2381 2895 2451 corrumpendo
2924 2381 3134 2436 divinas
3171 2380 3402 2446 litteras,
3443 2379 3490 2434 id
3528 2380 3706 2448 agisne

2156 2472 2458 2528 testimonia
2481 2487 2637 2528 sacra
2657 2473 2894 2528 habeant
2915 2473 3021 2526 vim
3049 2471 3512 2527 testimoniorum?
3530 2469 3706 2526 Novum

2151 2565 2392 2620 audacia
2413 2580 2608 2635 genus,
2634 2565 2778 2635 quod
2802 2565 2856 2620 id
2881 2565 3101 2621 efﬁcere
3126 2565 3462 2635 argumentis
3487 2563 3706 2630 nequitia

2153 2673 2265 2713 sua
2287 2658 2499 2722 nititur,
2520 2666 2580 2712 ut
2601 2657 2886 2713 falsitatem
2906 2657 3108 2713 veritas
3131 2659 3452 2713 confirmare
3473 2657 3705 2712 videatur.

2152 2750 2269 2806 Non
2299 2751 2443 2806 enim
2466 2751 2538 2806 ita
2563 2751 2614 2804 in
2644 2750 2978 2820 Apostolicis
3000 2750 3227 2806 Actibus
3253 2750 3449 2804 dictum
3475 2756 3572 2811 est,
3591 2757 3640 2802 ut
3659 2756 3707 2802 tu

2151 2845 2275 2901 ais:
2306 2845 2432 2915 quid
2477 2845 2624 2900 enim
2674 2845 2951 2914 Scriptura
2998 2843 3165 2899 dicit?
3215 2843 3346 2911 Qua:
3393 2843 3537 2914 capit
3578 2839 3710 2897 ἔρια

2153 2939 2322 3008 facere
2369 2946 2418 2992 et
2463 2938 2679 3004 docere,
2719 2947 2746 2976 ⁸
2789 2954 2950 3008 usque
2995 2939 3051 2992 in
3099 2938 3238 3001 diem
3287 2953 3391 3008 qua
3442 2937 3708 3008 precipiens

1528 3053 1784 3110 ALARDI
1824 3052 2057 3109 GAZEI
2094 3049 2662 3110 COMMENTARIUS.

452 3155 604 3216 uere.
640 3140 1060 3216 Quomodohait,
1091 3145 1356 3216 singulare
1389 3144 1595 3216 signum
1621 3155 1715 3210 est,
1745 3145 1882 3214 quod
1913 3144 2040 3212 Spi-

453 3212 582 3286 ritus
607 3225 813 3286 sanctus
838 3215 893 3268 in
924 3211 1125 3286 Christo
1155 3211 1458 3286 ﬁermanet?
1492 3213 1556 3269 In
1577 3211 1894 3282 dottis,'sine
1924 3216 2040 3284 qui-

453 3282 546 3358 bus
573 3282 642 3358 ad
672 3284 1125 3358 vitant__pervcniri
1155 3282 1268 3358 non
1313 3293 1502 3358 potest,
1553 3286 1784 3358 Spiritus
1832 3282 2038 3341 sanctus

2148 3158 2244 3196 nas
2269 3151 2325 3198 et
2353 3144 2604 3211 tribulos,
2635 3153 2908 3213 tamquam
2945 3141 3234 3198 maledicta
3267 3151 3430 3213 terra,
3458 3139 3704 3213 germina-

2101 3229 2104 3232 ’
2143 3213 2255 3286 rit)
2286 3215 2506 3281 spinosa
2537 3211 2779 3286 proinde—
2792 3214 3082 3285 progenies
3109 3214 3360 3270 ostendis
3388 3212 3442 3268 in
3470 3211 3706 3286 germine,

2146 3284 2196 3337 id
2226 3284 2328 3342 est.
2359 3287 2413 3338 in
2450 3296 2502 3340 te
2533 3285 2670 3355 ipso.
2706 3286 2796 3354 qui
2825 3284 3144 3354 es’germen
3177 3287 3349 3349 illius,
3379 3285 3517 3355 quod
3558 3294 3706 3355 pater,

450 3354 556 3409 sive
595 3354 649 3407 in
699 3356 1122 3426 pradicotoribus
1168 3354 1448 3420 suis,'sire
1490 3358 1546 3411 in
1593 3354 1763 3411 electis
1807 3357 2041 3412 omnibus
2069 3356 2117 3421 C
2148 3355 2199 3409 id
2231 3365 2334 3420 est,
2367 3354 2665 3426 praceQSor
2709 3365 2831 3411 tuus
2861 3357 3096 3426 (scilicet
3142 3354 3414 3426 Pelagius,
3445 3356 3527 3411 vel
3555 3354 3708 3426 Lepo-

452 3433 652 3500 semper
681 3421 870 3480 manet.
905 3421 972 3482 In
1001 3426 1109 3500 iilis
1147 3438 1336 3492 autem,
1366 3427 1551 3500 quibus
1583 3444 1673 3496 per
1700 3430 2038 3482 ostensione‘m

451 3493 594 3550 illius
623 3511 726 3549 non
753 3507 930 3551 nostra
970 3499 1076 3552 vita
1104 3505 1354 3564 seruam,
1379 3493 1472 3553 sed
1500 3493 1726 3553 aliorum
1770 3500 2039 3568 queritur,

451 3582 772 3637 nequaquam
821 3585 1018 3639 semper
1043 3570 1095 3622 in
1126 3570 1550 3636 praedicatoribus
1590 3579 1847 3638 permanet
1875 3586 1895 3624 :
1922 3573 2044 3638 quia

451 3654 650 3713 semper
673 3640 882 3708 quidem
913 3656 1090 3694 eorum
1116 3641 1353 3696 cordibus
1374 3642 1442 3695 ad
1473 3644 1592 3695 bene
1617 3643 1887 3695 vivendum
1908 3658 2043 3713 prte-

451 3707 615 3781 ss'det;
639 3707 734 3781 nec
772 3717 942 3766 tamen
969 3727 1059 3781 per
1081 3725 1166 3765 eos
1187 3713 1437 3766 uirtutum
1471 3714 1619 3781 signa
1648 3727 1848 3778 semper
1878 3707 2043 3766 o'sten-

451 3779 557 3851 dit,
579 3780 671 3836 sed
702 3779 979 3851 aliquando
1006 3798 1059 3836 se
1077 3785 1150 3836 eis
1173 3799 1204 3834 a
1233 3784 1498 3851 signorum
1521 3779 1895 3838 ostensionibus
1915 3783 2039 3838 sub-

453 3849 611 3904 trahit
635 3867 664 3924 :_
685 3849 918 3924 Christus
947 3865 1115 3905 autem
1157 3853 1210 3905 in
1251 3849 1444 3908 cunctis
1477 3854 1731 3924 Spiritum
1765 3865 1812 3909 et
1841 3873 2042 3918 semper

452 3927 502 3996 et
531 3919 767 3976 continue
792 3921 938 3996 habet
963 3931 1284 3996 pra’sentem,
1317 3927 1439 3996 quia
1471 3919 1605 3979 etes;
1640 3927 1732 3980 illo
1755 3927 1886 3980 idem
1919 3926 2040 3993 Spi.

451 3991 725 4065 ritusrper
767 3991 1106 4048 substantiam
1151 3991 1428 4064 profertur.
1477 3997 1627 4050 Recte
1669 4011 1810 4065 ergo,
1843 3991 2041 4052 cumin

452 4064 642 4117 sanctis
670 4067 1091 4130 praedicatoribus
1121 4077 1357 4133 maneat,
1384 4070 1438 4122 in
1478 4065 1682 4121 Christo
1709 4064 2042 4138 singulariter

452 4149 655 4209 manere
689 4137 990 4209 perhibetur
1020 4153 1039 4192 :
1067 4138 1192 4206 quia
1231 4138 1284 4209 in
1334 4140 1446 4192 istis
1473 4155 1564 4207 per
1605 4141 1826 4209 gratiam
1871 4149 2041 4194 manet

451 4201 518 4278 od
564 4201 764 4278 aliquid
792 4223 812 4262 :
840 4208 892 4262 in
932 4207 1029 4263 illo
1061 4201 1150 4278 per
1177 4201 1517 4263 substantiam
1547 4201 1716 4263 manet
1741 4211 1808 4262 ad
1837 4221 2039 4264 cuncta.

455 4272 544 4330 Sic
571 4272 884 4346 Gregorius.

528 4355 552 4417 ἐι
585 4349 840 4417 Spectare
885 4349 1101 4406 videtur
1145 4351 1275 4406 illud
1323 4352 1488 4407 Luca
1518 4367 1573 4406 ﬂ
1606 4368 1618 4403 :
1649 4349 1770 4404 Non
1803 4359 1877 4404 est
1909 4352 2040 4405 enim

451 4415 815 4492 arbor’bona,
863 4439 977 4488 autc
1016 4421 1138 4492 facit
1185 4424 1382 4492 fructus
1424 4422 1588 4476 malos
1626 4438 1644 4474 :
1685 4437 1847 4492 neque
1887 4423 2042 4477 arbor

449 4491 589 4562 mala
633 4490 830 4562 faciens
878 4490 1104 4559 fructum
1136 4490 1341 4562 bonum.
1373 4493 1701 4559 Una/(utrque
1726 4490 1858 4547 enim
1889 4497 2042 4548 arbor

451 4559 514 4612 de
539 4559 714 4634 fructu
743 4579 839 4615 suo
863 4564 1211 4632 cognoscitur.
1240 4561 1422 4632 Neque
1447 4566 1583 4618 enim
1612 4565 1676 4617 de
1696 4566 1857 4634 spinis
1888 4565 2039 4618 colli-

451 4631 754 4703 gunt/ﬁcus,
784 4631 940 4703 neque
965 4634 1030 4687 de
1057 4634 1188 4688 rubo
1216 4631 1530 4689 vindemiant
1564 4631 1734 4688 uvam.

521 4697 550 4738 δ
581 4697 889 4774 Nestorium
914 4703 1218 4773 Pelagiana
1249 4705 1522 4760 lia-reseas
1556 4705 1794 4760 sobolem
1823 4719 1888 4760 ac
1911 4721 2038 4774 ger-

451 4786 591 4845 men_
623 4783 802 4845 vocat,
847 4773 915 4830 ob
963 4777 1224 4830 tationem
1272 4777 1381 4845 jam
1431 4775 1631 4830 dudum
1677 4773 2036 4845 expressam:

451 4843 595 4916 quod
645 4841 924 4899 Nestorius
977 4841 1286 4916 Pelagiana
1330 4847 1602 4903 haereseos
1660 4841 1763 4902 non
1826 4856 2036 4903 tantum

452 4912 625 4988 nares
656 4930 717 4968 ac
744 4924 996 4988 sectator,
1029 4912 1202 4972 sedet
1228 4929 1488 4988 patronus
1524 4933 1588 4973 ac
1619 4917 1796 4972 fautor
1820 4918 2039 4972 ﬂatile-

451 4983 546 5060 rit,
579 4994 646 5060 ut
663 4987 923 5060 superius
945 4983 1328 5060 ostensum-est
1361 4988 1498 5056 (Lib.
1529 5005 1545 5044 ι
1578 5007 1691 5060 cap.
1727 4988 1806 5058 5).
1836 4988 2035 5044 Verum

451 5055 542 5129 alii
575 5053 769 5124 (Basil.
805 5058 994 5129 editio)
1037 5059 1216 5129 legunt
1255 5077 1269 5116 :
1315 5053 1393 5114 Tu
1446 5053 1742 5129 Pelagiana:
1766 5053 2038 5115 'htcrcseos

451 5127 715 5204 spinosam
737 5128 904 5204 sabuli
932 5127 1345 5204 ﬁdem'ostendis
1373 5134 1423 5186 in
1450 5127 1696 5204 germine,
1726 5131 1864 5201 quod
1893 5142 2038 5203 pater

453 5197 567 5250 tuus
590 5197 828 5252 habuisse
849 5200 1068 5252 traditur
1089 5204 1140 5256 in
1162 5205 1352 5256 radice.
1375 5197 1544 5268 Qu'am
1570 5197 1856 5258 lectionem
1884 5197 2038 5257 secu-

454 5279 538 5343 tus
562 5268 824 5343 Baronius
841 5268 984 5343 (TN
1009 5273 1227 5340 Annal.,
1245 5292 1332 5328 an.
1354 5273 1484 5338 420)
1504 5274 1707 5343 colligit
1731 5273 1854 5328 hinc
1872 5273 2043 5342 Lepo-

450 5340 589 5414 rium
646 5339 796 5414 illum
852 5339 1221 5412 Pelagianism,
1278 5346 1345 5400 de
1402 5360 1507 5414 quo
1559 5339 1716 5410 infra,
1766 5339 2038 5402 auctorem

451 5409 615 5480 fuisse
645 5410 899 5466 Nestorio
931 5409 1041 5469 sua
1085 5418 1250 5480 ipsius
1307 5409 1548 5470 harosis.
1602 5419 1670 5470 At
1703 5409 1846 5479 prior
1878 5419 2042 5472 lectio

450 5488 511 5556 ut
535 5477 744 5538 facilior
761 5494 812 5537 et
836 5485 1055 5551 clarior,
1085 5477 1184 5540 Do.
1216 5484 1456 5556 Cuyoltio
1495 5487 1546 5541 in
1572 5477 1805 5542 editione
1839 5489 2042 5543 Plauti-

453 5550 612 5628 niana
643 5550 1072 5628 magis_placuit,
1111 5573 1268 5623 quam
1301 5550 1367 5612 vel.
1395 5558 1626 5614 libenter
1655 5575 1875 5628 sequor.
1908 5559 2038 5614 Nam

451 5621 614 5698 yerba
648 5621 781 5698 illa}
804 5621 1106 5698 Pelagiana
1130 5621 1379 5683 hareseos
1407 5631 1666 5698 spinosam
1695 5621 1869 5684 sabuli
1894 5632 2040 5685 sobo-

454 5691 554 5747 lem
583 5696 807 5770 ostendis
835 5699 888 5752 in
912 5691 1164 5770 g'ermine,
1189 5712 1321 5762 etc.,
1349 5691 1505 5769 quem
1530 5719 1749 5758 sensum
1783 5702 2036 5766 habeant.

452 5777 506 5841 et
555 5769 825 5836 quomodo
874 5769 1208 5838 conareant,
1260 5772 1483 5828 difficile
1527 5787 1609 5828 est
1656 5774 1935 5841 expedire.
1969 5778 2040 5828 At

455 5839 606 5910 juxta
653 5850 894 5894 nostram
941 5843 1256 5910 lectionem,
1289 5860 1483 5900 sensus
1512 5846 1598 5899 hic.
1627 5839 1748 5900 esse
1781 5846 2034 5903 videtur:

455 5909 534 5964 Tu
565 5907 778 5988 Nestori
808 5910 1104 5982 Pelagiana
1145 5907 1414 5972 hareseos
1449 5919 1595 5987 (qua
1627 5916 1760 5972 nihil
1791 5916 1897 5973 nisi
1925 5917 2034 5987 spi-

2065 4741 2118 4801 D

2147 3427 2260 3482 rius
2291 3425 2635 3500 Pelagianos)
2669 3425 2924 3483 habuisse
2961 3428 3194 3482 traditur
3237 3425 3293 3483 in
3325 3429 3500 3500 radice
3541 3444 3554 3480 :
3603 3425 3708 3495 quia

2146 3513 2210 3553 ex
2266 3498 2436 3564 ipsius
2480 3498 2667 3554 errore
2713 3509 2987 3564 tamquam
3035 3515 3099 3554 ex
3131 3500 3339 3562 radice.
3395 3498 3712 3553 haresistua

2147 3569 2473 3638 pullulavit:
2507 3571 2608 3625 hoc
2652 3581 2757 3637 est,
2807 3572 2949 3625 idem
2999 3571 3172 3641 reipsa
3222 3571 3386 3627 doces
3430 3580 3484 3626 et
3510 3569 3710 3638 asseris,

2145 3642 2286 3710 quod
2318 3642 2397 3695 illi
2433 3653 2557 3696 ante
2587 3651 2638 3696 te
2663 3644 2989 3697 docuerunt.

2220 3722 2242 3750 ο
2278 3711 2354 3767 De
2381 3712 2610 3777 Leporio
2642 3715 2790 3781 prius
2835 3712 3032 3780 insigni
3059 3710 3377 3780 Pelagiano,
3426 3719 3542 3780 post
3566 3723 3708 3780 opera

2143 3781 2203 3855 S.
2252 3784 2569 3853 Augustini,
2624 3796 2677 3839 et
2721 3785 2997 3855 Gallorum
3045 3783 3332 3855 doctorum
3386 3784 3553 3855 (inter
3594 3795 3710 3848 qum

2143 3853 2462 3921 Cassianus)
2491 3856 2560 3908 ab
2587 3855 2782 3910 haresi
2813 3855 2876 3907 ad
2909 3854 3068 3908 fidem
3101 3853 3436 3920 {catholicam
3470 3865 3711 3908 converso

2144 3924 2389 3997 diximus
2429 3927 2562 3979 alias
2587 3925 2724 3996 (Lib.
2755 3942 2772 3997 ι
2802 3924 3025 3997 (αρηιι).
3060 3927 3294 3992 Apparet
3323 3938 3496 3980 autem
3535 3924 3712 3997 ex_hoc

2145 3995 2264 4050 loco
2293 3995 2521 4050 alterum
2554 3993 2721 4050 fuisse
2747 3993 3035 4066 Lt'ptirllllll
3065 3997 3181 4059 eius
3215 3998 3536 4065 discipulum
3571 3993 3712 4064 (Gen-

2146 4067 2268 4122 nad.
2303 4067 2369 4120 de
2414 4067 2520 4122 Vir.
2557 4068 2761 4121 Illustr.
2796 4083 2914 4136 cap.
2947 4067 3060 4134 59),
3087 4083 3115 4120 a
3143 4083 3254 4134 quo
3304 4067 3586 4122 Cassianus
3615 4069 3712 4117 hac

2143 4141 2415 4209 acceperit
2459 4155 2475 4194 :
2530 4150 2728 4209 praeter
2771 4141 2933 4193 alium
2984 4140 3162 4194 itidem
3195 4139 3437 4206 ejusdem
3482 4136 3711 4209 numinis,

2145 4208 2208 4262 D.
2243 4208 2542 4278 Augustino
2581 4211 2804 4265 charum
2851 4222 2904 4266 et
2947 4212 2996 4264 in
3039 4210 3155 4279 ejus
3184 4211 3438 4265 cauuhio
3485 4208 3715 4278 religiose

2143 4291 2446 4352 versantem
2474 4282 2715 4352 (.lugust.
2741 4283 2804 4334 de
2838 4281 3037 4335 Divers.
3071 4297 3226 4334 serm.
3263 4279 3379 4348 50).

2215 4347 2241 4387 ἀ
2272 4347 2536 4405 Siiixiliter
2578 4347 2667 4410 lib.
2705 4368 2720 4407 l
2765 4368 2884 4417 cap.
2914 4354 2947 4406 5
2983 4371 2995 4405 :
3030 4347 3359 4405 Addiderunt
3391 4347 3708 4422 (Pelagiani)

2145 4418 2429 4475 Dominum
2487 4423 2912 4492 Salvatoremque
2973 4433 3202 4476 nostrum
3272 4418 3418 4493 post:
3445 4424 3712 4488 baptisma,

2145 4496 2340 4562 factum
2355 4510 2463 4546 esse
2483 4493 2768 4558 Christum;
2794 4505 2907 4560 post
2927 4492 3373 4570 resurrectionem,
3393 4492 3554 4546 Deum
3575 4493 3716 4570 :alte-

2141 4579 2257 4617 rum
2299 4567 2619 4633 assignantes
2667 4567 2922 4619 unctionis
2969 4566 3242 4634 mysterio,
3289 4566 3508 4618 alterum
3555 4566 3715 4616 merito

2143 4636 2419 4702 passionis.
2473 4635 2624 4690 Unde
2671 4635 2889 4689 advertit
2943 4653 3103 4689 novus
3148 4653 3249 4688 non
3299 4651 3444 4689 norte
3492 4636 3717 4687 hereseos

2147 4716 2325 4758 auctor
2379 4705 2762 4775 (Nestorius)
2813 4708 2903 4776 qui
2967 4707 3242 4760 hominum
3323 4707 3716 4776 Saluatoremque

2147 4773 2393 4830 nostrum.
2421 4779 2712 4831 solitarium
2744 4773 3016 4830 hominem
3064 4787 3239 4830 natum
3296 4794 3400 4831 esse
3455 4773 3714 4836 contendit,

2144 4846 2276 4899 idem
2305 4865 2358 4900 se
2383 4850 2590 4902 omnino
2621 4849 2811 4915 dicere,
2853 4849 2991 4918 quod
3035 4847 3404 4919 Pelagianism:
3430 4861 3548 4901 ante
3581 4846 3716 4898 diste-

2146 4929 2288 4982 runt,
2322 4929 2428 4972 etc.

2224 4998 2244 5025 °
2279 4989 2568 5060 Redargnit
2597 4991 2796 5044 Auctor
2821 4989 3150 5054 Nestorium,
3181 4990 3324 5059 quod
3355 4991 3408 5044 in
3442 4989 3524 5043 his
3553 4983 3716 5040 verbis

2149 5074 2253 5113 non
2285 5062 2456 5113 solum
2504 5061 2801 5126 Scriptura
2833 5078 3075 5120 sensum.
3119 5064 3212 5116 Sed
3246 5072 3302 5116 et
3332 5063 3613 5114 wrhnruni
3642 5071 3720 5108 or-

2147 5131 2330 5184 dinem
2373 5141 2708 5199 perverterot
2751 5142 2910 5202 atque
2954 5135 3311 5188 confunderet
3348 5151 3359 5184 :
3392 5132 3584 5201 quippe
3610 5141 3719 5179 cum

2148 5203 2312 5256 verba
2344 5205 2450 5262 illa.
2482 5219 2572 5273 per
2602 5204 2857 5273 Spiritum
2883 5213 3139 5265 sanctum,
3167 5220 3289 5272 qua
3317 5206 3384 5257 ad
3416 5203 3719 5257 electionem

2147 5274 2522 5343 apostolorum
2559 5274 2842 5328 referenda
2873 5286 3022 5338 sunt,
3056 5277 3171 5341 ipse
3215 5275 3279 5328 ad
3316 5274 3718 5342 assumptionem

2147 5359 2241 5400 seu
2271 5347 2646 5400 ascensionem
2688 5345 2889 5400 Christi
2923 5347 3180 5409 referret,
3211 5347 3282 5399 ita
3317 5346 3492 5400 citans
3519 5352 3575 5398 et
3599 5354 3720 5393 con-

2146 5425 2361 5470 struens
2391 5417 2534 5471 hunc
2559 5417 2735 5470 locum
2763 5435 2775 5469 :
2809 5416 2955 5470 Dans
2985 5417 3230 5471 mandata
3249 5419 3499 5486 apostolis
3523 5413 3598 5486 (id
3624 5421 3719 5472 est.

2146 5488 2451 5560 praecipiens
2484 5491 2756 5560 apostolis,
2790 5498 2843 5541 ut
2873 5498 3059 5542 noster
3091 5489 3360 5556 Interpres
3393 5485 3722 5560 vertit)qu_o_s

2142 5551 2318 5627 elegit,
2351 5574 2439 5628 per
2493 5551 2750 5628 Spiritum
2777 5568 3015 5612 sanctum
3049 5551 3270 5612 elevatus
3300 5568 3396 5612 est.
3433 5551 3722 5628 Verumalii

2147 5622 2400 5703 auctores
2430 5622 2657 5683 censent
2685 5629 2953 5703 illtldsdta't
2983 5632 3270 5702 Πνεύματος
3301 5630 3585 5703 ἁγίουλμρςι·
3609 5622 3722 5703 Spir

2144 5701 2305 5752 ritum
2331 5711 2583 5764 sanctum,
2615 5716 2774 5769 posse
2793 5702 3012 5770 adjungi
3044 5697 3408 5768 el'pracep'to
3435 5697 3651 5770 Christi,
3671 5702 3721 5748 et

2143 5771 2400 5826 clectioni
2427 5775 2820 5847 apostolorum.
2843 5769 2898 5827 et
2919 5773 3273 5847 assumptioni
3296 5771 3523 5828 Christi.
3554 5769 3722 5847 Primo

2143 5847 2284 5917 enim
2316 5855 2369 5897 et
2399 5836 2646 5917 proxime
2660 5836 2868 5917 (referri
2915 5836 3185 5914 putest'ad
3218 5852 3546 5917 praceptqu
3573 5838 3718 5917 Chri:

2141 5914 2243 5982 sti,
2273 5913 2568 5971 secundum
2608 5914 3084 5987 Cbrysostomutn,
3131 5919 3257 5986 quia
3288 5915 3523 5984 Spiritus
3561 5913 3717 5968 sancti
