3966 6332
310 275 435 360 its

1308 307 1400 364 DE
1437 306 1948 368 INCARNATIONE
1986 311 2262 372 CHRISTI
2298 317 2428 376 LIB.
2472 319 2582 375 Vll.

3486 325 3600 390 240

308 415 612 487 apostolis,
673 435 765 491 per
811 418 1081 514 Spiritum
1132 426 1372 514 sanctum
1423 435 1549 491 quos
1602 422 1776 492 elegit,
1816 439 1904 478 as-
1931 428 1984 486 Α
2009 426 2167 493 mihi,
2208 432 2479 499 quomodo
2503 433 2620 504 ipse
2647 435 2744 505 ait,
2770 435 2799 477 ιι
2833 437 3001 494 Nam,
3029 436 3265 494 ωπηάίι
3298 437 3354 494 δη
3380 439 3594 514 mum,

307 520 558 582 sumptus
597 521 695 571 est.
737 522 765 551 ³
794 512 946 582 Quod
979 514 1161 584 utique
1208 513 1546 587 hyperbaton
1590 523 1694 581 est,
1736 524 1793 571 et
1831 517 1906 572 ita

305 599 772 676 intelligendum:
804 605 938 673 Qua:
981 607 1150 675 coepit
1177 606 1337 663 lesus
1385 604 1569 663 facere
1611 617 1668 664 et
1709 608 1908 664 docere

305 709 494 766 usque
522 699 578 752 in
605 697 750 754 diem
781 713 888 772 qua
925 707 1235 770 assumptus
1273 708 1392 767 est,
1417 700 1748 771 praecipiens
1775 717 1906 773 apo-

303 789 476 844 stolis
505 804 647 861 quos
673 791 836 862 elegit
862 806 957 861 per
983 790 1245 861 Spiritum
1279 800 1526 848 sanctum
1555 809 1567 845 :
1592 803 1650 847 ut
1681 808 1907 868 respon-

300 879 433 936 deri
463 881 565 937 tibi
612 882 842 938 forsitan
873 883 1106 953 amplius
1142 900 1304 954 quam
1335 886 1654 940 testimonio
1695 884 1812 955 ipso
1843 885 1902 941 in

301 973 420 1031 hac
446 984 606 1047 parte
629 993 739 1033 non
769 976 1003 1034 debeat:
1045 978 1169 1048 quia
1199 976 1452 1034 sufficere
1482 980 1667 1049 utique
1690 979 1758 1032 ad
1786 977 1903 1049 ple-

298 1083 442 1125 num
468 1069 686 1125 veritati
713 1069 908 1126 debeat
933 1069 1214 1139 integritas
1242 1071 1558 1140 testimonii,
1595 1071 1643 1125 si
1678 1070 1903 1128 falsitati

299 1169 532 1230 poterat
555 1160 686 1217 satis
709 1174 835 1216 esse
858 1162 1159 1232 correptio.
1183 1160 1291 1217 Sed
1321 1170 1522 1227 tamen,
1549 1171 1605 1216 tu
1626 1163 1717 1233 qui
1746 1173 1901 1232 putas

299 1251 604 1308 Dominum
656 1261 902 1308 nostrum
953 1253 1135 1309 Jesum
1188 1254 1465 1309 Christum
1502 1268 1610 1309 non
1655 1257 1898 1324 potuisse

294 1347 510 1402 celum
541 1346 858 1416 ascendere,
888 1346 993 1402 nisi
1033 1347 1273 1403 elevatus
1299 1359 1442 1404 esset
1470 1359 1501 1401 a
1527 1345 1730 1418 Spiritu
1762 1365 1776 1403 :
1807 1349 1894 1405 dic

2008 539 2109 593 nisi
2135 541 2225 610 qui
2254 542 2317 596 de
2344 542 2470 597 caelo
2500 544 2784 614 descendit,
2812 547 2985 604 Filius
3015 548 3271 619 hominis,
3314 551 3406 623 qui
3440 562 3511 607 est
3537 554 3595 610 in

2006 633 2345 714 ἐωῑομυαη.
2395 645 2526 718 nt)?
2574 644 2826 720 Agnos'ce
2881 642 3009 724 ergo
3059 639 3217 724 q'ir‘ai'n
3268 655 3492 711 ridicule
3538 663 3596 712 et

2009 743 2174 801 ‘stulte
2206 755 2361 816 putas
2389 761 2496 803 non
2526 745 2769 820 potuisse
2793 745 2916 808 eum
2945 745 3001 808 iri
3028 735 3227 811 ctélum
3270 756 3590 823 ascendere,

2008 847 2249 917 quicum
2280 847 2659 907 descendisset
2697 854 2751 910 in
2793 835 2974 924 terris,
3020 859 3308 928 numquam
3351 833 3594 915 abfuisse

2007 947 2221 1004 dicatur
2249 965 2281 1006 e
2325 951 2468 1008 coelo
2498 968 2512 1007 :
2546 946 2600 1008 et
2641 943 2711 1008 an
2744 957 2997 1027 possibile
3040 959 3089 1014 ei
3135 959 3298 1014 fuerit
3328 960 3594 1029 linquenti

2006 1046 2209 1104 inferos
2233 1049 2432 1107 caelum
2462 1053 2781 1118 ascendere.
2808 1056 2885 1111 eui
2910 1071 3213 1129 promptum
3243 1059 3403 1116 fuerit
3425 1060 3591 1116 etiam

2005 1149 2058 1206 in
2092 1153 2252 1208 terris
2278 1153 2408 1221 sito,
2433 1168 2647 1226 semper
2667 1155 2722 1212 in
2748 1156 3058 1214 caelestibus
3084 1175 3423 1229 permanere.
3449 1160 3590 1228 Quid

2002 1261 2180 1306 autem
2213 1251 2342 1308 illud
2365 1254 2506 1324 quod
2537 1254 2654 1324 ipse
2680 1257 2757 1310 ait
2785 1272 2802 1312 :
2832 1257 3062 1312 Ascendo
3087 1259 3157 1314 ad
3187 1258 3394 1315 Patrem
3419 1279 3589 1316 meum

2006 1348 2198 1422 (Joan.
2224 1352 2355 1425 xx)?
2384 1363 2409 1394 ο
2433 1355 2694 1426 numquid
2725 1357 2780 1412 in
2809 1360 3124 1416 ascensione
3146 1360 3590 1422 bacintercessu-

1381 1461 1640 1519 ALABDI
1679 1460 1912 1522 GAZ/El
1949 1464 2508 1526 COMMENTARIUS.

295 1556 473 1613 ductu
499 1564 558 1614 et
593 1557 852 1613 instinctu
885 1566 1155 1626 praecepta
1183 1555 1335 1612 dedit
1357 1556 1607 1611 Christus
1639 1558 1899 1626 apostolis

295 1627 594 1697 spiritalia,
621 1645 728 1684 non
752 1625 1005 1693 humana,
1030 1625 1106 1682 ait
1125 1630 1239 1698 ipse
1259 1625 1699 1698 Chrysostomus.
1720 1627 1900 1699 Atque

293 1701 372 1755 ita
416 1716 616 1758 sensus
644 1701 730 1756 hic
768 1701 874 1755 erit
905 1717 921 1756 :
956 1699 1137 1770 Usque
1180 1701 1246 1753 ad
1277 1699 1423 1753 diem
1473 1700 1624 1753 illum
1667 1713 1773 1768 quo
1813 1715 1900 1755 as-

293 1785 560 1840 sumptus
612 1781 725 1836 est,
768 1771 895 1826 dato
943 1769 1337 1841 per'Spiritum
1370 1780 1612 1824 sanctum
1647 1770 1899 1826 mandato

297 1842 413 1898 illis
447 1843 586 1913 quos
627 1843 868 1913 elegerat
910 1842 1190 1913 apostolis,
1221 1841 1477 1896 Alludere
1515 1842 1656 1894 enim
1687 1841 1899 1913 videtur

295 1915 367 1984 a_d
399 1911 897 1980 mandatum’illud,
931 1915 1077 1984 quod
1104 1911 1270 1968 refert
1297 1913 1504 1966 Marcus
1524 1927 1648 1980 cap:
1671 1911 1893 1984 Ultimo:

293 1981 565 2039 Doceutes
588 2001 674 2040 eos
693 2001 893 2040 servare
916 1981 1089 2054 omnia
1116 1999 1461 2054 quiscumque
1471 1984 1708 2036 mandavi
1735 1983 1894 2039 vobis.

299 2056 368 2111 Ει
400 2072 528 2111 mox
559 2057 779 2112 subdit:
810 2054 880 2108 Et
907 2052 1158 2109 Dominus
1200 2052 1404 2124 quidem
1425 2052 1598 2125 Jgsus,
1623 2062 1894 2125 postquam

295 2125 513 2180 locutus
556 2127 776 2190 est'eis,
825 2134 1120 2195 assumptus
1165 2123 1260 2192 est,
1311 2135 1417 2180 etc.
1459 2123 1724 2192 Prmcepit
1769 2140 1896 2194 ergo

295 2197 570 2266 apostolis
596 2215 686 2269 per
715 2199 972 2269 Spiritum
999 2205 1254 2262 sanctum,
1282 2197 1409 2266 quia
1443 2197 1544 2249 hoc
1567 2206 1894 2269 praeceptum

299 2284 411 2322 non
445 2266 705 2330 humano.
728 2266 822 2322 sed
846 2268 1035 2322 divino
1057 2269 1260 2335 Spiritu
1284 2276 1604 2335 conceptum
1632 2266 1898 2335 apostolis

298 2340 535 2394 tradidit
560 2338 672 2409 (Ita
699 2337 1008 2410 Gagneius).
1037 2337 1290 2410 Secundo
1316 2339 1505 2392 referri
1530 2340 1792 2410 ptitest_rb
1811 2337 1898 2395 διὰ

297 2407 595 2484 Πνεύμαεςοζ
619 2407 882 2484 ἁγίονέά
910 2407 1228 2484 electionem
1276 2410 1641 2484 aposmlorum
1670 2407 1898 2484 (Salute-

298 2499 396 2535 ron
428 2478 473 2536 et
500 2478 794 2552 Larinas).
824 2497 962 2551 quos
994 2490 1051 2536 ut
1078 2480 1387 2548 designaret
1411 2478 1716 2552 et_eligeret_
1737 2479 1896 2534 Citri-

298 2563 447 2618 stus,
485 2553 636 2619 prius
667 2549 1015 2622 pernoctasse
1046 2552 1242 2621 legitur
1272 2555 1324 2606 in
1351 2549 1596 2607 oratione
1627 2550 1757 2606 Dei:
1788 2565 1896 2620 quo

298 2625 622 2702 ostenderet
681 2624 1003 2702 electionem
1065 2624 1458 2702 apostolorum
1505 2622 1750 2702 sequenti
1805 2622 1896 2678 die

298 2694 502 2750 factam
551 2711 658 2750 non
705 2695 775 2750 ab
821 2695 1017 2764 spiritu
1064 2691 1323 2759 humano,
1367 2693 1462 2748 sed
1489 2707 1519 2746 a
1549 2691 1734 2764 divino
1767 2707 1892 2761 pro-

301 2765 503 2822 fectam
538 2784 550 2820 :
583 2779 636 2820 et
671 2774 794 2835 post
822 2763 1282 2820 resurrectionem
1328 2779 1481 2818 suam
1526 2763 1797 2835 insufﬂauit
1819 2764 1895 2835 in

300 2855 386 2891 eos
419 2833 682 2908 Spiritum
712 2848 968 2900 sanctum,
993 2844 1276 2908 postquam
1299 2837 1553 2908 dixerat:
1585 2833 1894 2908 Sic-ut,misit

302 2925 382 2962 me
415 2903 600 2980 Fater,
630 2917 680 2963 et
707 2925 800 2980 ego
825 2909 972 2962 mitto
995 2903 1082 2961 vos
1104 2905 1286 2973 (Joan.
1317 2904 1435 2976 xx).
1453 2907 1639 2980 Atque
1669 2905 1721 2980 in
1755 2903 1896 2980 hunc

301 2995 524 3051 sensum
569 2975 753 3051 Syrus'
782 2979 1053 3047 interpres
1099 2980 1170 3034 ita
1219 2980 1418 3032 vertit:
1446 2975 1616 3051 Usque
1662 2979 1716 3051 in
1758 2975 1894 3051 diem

304 3049 452 3104 illum
490 3044 871 3122 quo'sublattts
909 3044 1022 3122 est,
1069 3058 1338 3122 postquam
1383 3047 1632 3122 mandata
1673 3044 1894 3122 dedisset

305 3065 452 3104 tuum
490 3067 596 3134 quo
636 3065 871 3134 suotams
917 3065 1022 3132 αι’,
1069 3065 1338 3176 postguum
1383 3065 1632 3127 mandata
1673 3065 1894 3133 acuisses

305 3123 554 3190 apostolis
578 3123 683 3177 tllts
717 3137 843 3191 quos
868 3119 1020 3191 elegit
1046 3136 1139 3191 per
1222 3130 1434 3190 ptruum
1469 3125 1770 3191 sanctitatis.
1805 3122 1895 3172 Sic

305 3189 420 3247 ille.
451 3193 629 3262 Elegit
667 3189 845 3248 autem
889 3189 1138 3247 Christus
1179 3189 1457 3262 apostolos
1498 3204 1594 3258 per
1635 3189 1892 3256 Spiritum

306 3261 579 3330 sanctum,
610 3278 716 3318 non
755 3263 909 3332 quasi
940 3277 1036 3330 per
1071 3262 1258 3327 alium,
1287 3261 1381 3332 vel
1409 3268 1726 3332 extraneum
1766 3274 1894 3332 ope:

309 3329 571 3400 ratorem,
592 3335 673 3389 vel
702 3329 1104 3400 administrum,
1127 3343 1186 3387 ut
1212 3331 1429 3386 volebat
1452 3329 1767 3395 Nesmrius;
1799 3331 1892 3386 sed

314 3415 371 3460 ut
422 3422 521 3474 per
574 3405 818 3476 ejusdem
877 3419 1063 3460 secum
1114 3403 1522 3472 inspirationis,
1577 3401 1900 3476 vocationis,

313 3472 619 3541 electionis,
654 3477 927 3532 missionis
954 3485 1253 3539 auctorem,
1283 3488 1553 3543 suumque
1579 3472 1746 3540 ipsius
1774 3474 1899 3541 Spi-

312 3550 500 3609 ritum.
531 3549 743 3618 sibique
779 3546 1214 3611 counaturaletn,
1247 3548 1378 3618 etin
1419 3544 1671 3618 omnibus
1699 3557 1898 3618 coope-

312 3629 548 3686 rantem,
578 3613 701 3690 quia
729 3619 858 3673 nihil
885 3629 955 3673 est
981 3621 1037 3670 in
1061 3618 1260 3690 actione
1278 3617 1522 3690 divisum,
1553 3613 1805 3690 ubinihil
1830 3619 1904 3670 ett

313 3690 366 3744 in
409 3684 667 3745 uoluntate
695 3690 972 3749 diuersum,
1005 3691 1081 3743 ait
1106 3689 1164 3742 S.
1188 3688 1310 3760 _Leo
1336 3687 1534 3760 (Serm.
1624 3685 1686 3738 de
1715 3684 1904 3760 gente-

313 3763 467 3832 coste)
497 3777 514 3816 :
542 3762 672 3825 Quae
715 3777 836 3833 ergo
878 3760 1163 3833 illuminat_
1181 3752 1357 3822 Pater,
1403 3758 1663 3833 illuminat
1705 3752 1900 3833 Itilius,

314 3826 576 3886 illuminat
604 3826 835 3899 Spiritus
872 3831 961 3896 S.,
1001 3843 1106 3885 etc.
1140 3831 1420 3884 Postremo
1447 3829 1576 3883 illud
1607 3843 1696 3899 per
1729 3826 1904 3899 Spiri-

316 3913 418 3956 tum
439 3898 674 3958 sanctum
688 3903 906 3972 adjungi
931 3901 1137 3975 potest(
1153 3902 1279 3956 licet
1301 3901 1714 3975 incommodius)
1736 3898 1902 3975 verbo

313 3970 1314 4049 biiugibus.assumptus‘est._quiamvis
1364 3972 1522 4049 aliter
1566 3970 1652 4024 hic
1698 3971 1902 4049 sentire

314 4038 560 4100 videa'tur
582 4038 903 4101 Cassianus:
929 4055 988 4099 ut
1009 4038 1101 4098 hic
1118 4045 1186 4098 sit
1207 4043 1344 4098 ordo
1365 4047 1650 4098 verborum
1677 4057 1690 4092 :
1717 4038 1902 4108 Usque

316 4117 379 4170 ad
424 4118 572 4172 diem
614 4133 720 4186 qua
753 4125 1064 4184 assumptus
1093 4123 1178 4171 est
1210 4131 1305 4184 per
1335 4114 1898 4186 Spit-itumsanctum.

313 4187 442 4241 Nam
464 4184 912 4258 sicuti—conceptus
936 4197 980 4240 et
1003 4199 1151 4240 natus
1179 4184 1454 4258 dicituride
1471 4184 1677 4252 Spiritu
1694 4193 1898 4258 sancto,

317 4258 554 4314 Hattltmi
583 4274 599 4313 I
626 4268 681 4314 et
708 4251 872 4330 Luca;
901 4274 948 4330 ις
969 4258 1313 4330 justiﬁcatus,
1340 4257 1390 4310 id
1409 4251 1900 4330 est,san_ctiticatus

315 4345 342 4381 a
371 4331 575 4396 Spiritu
603 4339 822 4392 sancto,
853 4329 876 4383 Ι
903 4327 1103 4383 Tiinot.
1133 4344 1221 4393 ut;
1261 4338 1441 4381 unctus
1484 4335 1531 4380 et
1574 4327 1642 4379 ad
1681 4341 1898 4394 evange-

315 4399 577 4456 lisandum
606 4401 811 4465 missus,
855 4400 1007 4455 Isaiae
1038 4415 1124 4454 ιιιι
1148 4410 1204 4454 et
1231 4397 1390 4453 Luca:
1424 4412 1507 4461 tv;
1552 4408 1606 4451 et
1633 4396 1901 4451 daemonia

313 4473 584 4540 ejecit,-et
613 4473 714 4526 alia
748 4472 1008 4526 miracula
1051 4470 1183 4526 fecit
1227 4471 1279 4525 in
1331 4469 1534 4539 Spiritu
1563 4467 1682 4532 Dei,
1710 4466 1896 4522 Matth.

313 4559 432 4608 vut,
463 4554 520 4598 et
550 4552 687 4598 teste
712 4542 998 4612 Apostolo,
1026 4558 1116 4612 per
1159 4541 1429 4612 Spiritum
1453 4548 1697 4612 sanctum,
1718 4548 1895 4594 semet-

311 4614 485 4683 ipsum
511 4615 694 4669 obtulit
733 4609 1114 4684 immaculatum
1141 4611 1251 4667 Deo
1292 4610 1492 4684 (Hebr.
1519 4609 1640 4684 ix);
1667 4609 1900 4684 denique

320 4681 484 4741 totum
537 4701 678 4757 opus
719 4683 1110 4757 redemptionis
1136 4681 1336 4739 nostra:
1379 4682 1638 4757 peculiari
1669 4681 1896 4749 quadarn

315 4760 524 4812 ratione
552 4754 868 4812 attribuitur
893 4755 1113 4823 Spiritui
1145 4764 1370 4810 sancto:
1402 4754 1476 4808 ita
1509 4768 1636 4808 vere
1678 4767 1742 4808 ac
1784 4767 1899 4808 me-

314 4829 419 4882 rito
462 4829 661 4883 dicitur
721 4829 772 4882 in
832 4829 1030 4882 caelum
1074 4836 1414 4895 assumptus,
1459 4835 1521 4880 ut
1566 4825 1750 4891 homo,
1801 4839 1898 4893 per

317 4900 578 4966 Spiritum
611 4900 692 4963 S.,
725 4900 852 4968 quia
881 4898 999 4967 ejus
1025 4897 1273 4952 ascensio
1295 4906 1351 4952 et
1375 4897 1670 4965 assumptio
1698 4905 1898 4968 nostrae

313 4965 411 5041 fuit
452 4965 843 5041 redemptionis
886 4965 1342 5041 complementum
1384 4979 1439 5022 et
1477 4965 1897 5041 consummatio.

311 5040 380 5094 At
411 5041 538 5096 huic
567 5037 857 5097 intellectui
914 5039 1159 5095 nonnihil
1204 5039 1608 5094 incommodare
1652 5037 1900 5093 videntur

313 5112 398 5165 illa
434 5113 768 5182 interposita,
821 5110 912 5173 οὓς
961 5112 1234 5178 ἐξελέξατο,
1289 5127 1443 5182 quos,
1469 5111 1636 5182 elegit.
1676 5109 1810 5182 Nam
1853 5108 1900 5163 si

311 5181 771 5256 voluissetLucas
797 5186 856 5240 τὸ
900 5183 983 5239 διὰ
1028 5185 1310 5256 [laetitia-ro;
1352 5181 1522 5256 ἁγίου,
1553 5181 1901 5256 conjungere

309 5254 478 5330 verbo
537 5266 811 5330 postremo
857 5256 1096 5330 ἀνιλήφθη
1112 5295 1127 5318 ,
1155 5252 1432 5321 ἰιιιοιειιιιι
1453 5252 1898 5330 “interposuisset

311 5323 463 5393 illud,
510 5321 600 5388 ob:
631 5327 901 5392 ὶξιλέξατο,
942 5321 1064 5380 cu'm
1111 5339 1407 5393 pronomen
1451 5322 1581 5377 illud
1614 5321 1897 5393 relativum

311 5411 414 5450 non
446 5391 591 5451 aliud
628 5391 831 5452 referre
886 5391 1058 5465 possit
1105 5391 1263 5466 quam
1307 5391 1898 5466 apostolosiProinde

308 5467 502 5522 merito
547 5468 957 5538 redarguendus
999 5465 1308 5538 Nestorius,
1341 5467 1432 5536 qni
1463 5465 1600 5520 hanc
1628 5465 1897 5532 interpre-

309 5539 591 5612 tationem,
644 5537 795 5594 tante
825 5540 1127 5612 hyperbato
1155 5537 1526 5612 confusatnet
1560 5539 1892 5612 perplexam,

307 5625 465 5676 quam
495 5611 634 5666 duas
673 5605 882 5680 priores
902 5605 967 5666 et
993 5610 1392 5665 commodiores
1418 5609 1486 5680 de
1517 5607 1778 5662 industria
1809 5605 1898 5680 vel

308 5681 511 5737 malitia
541 5677 724 5752 potius
751 5682 994 5753 elegerit,
1018 5695 1078 5737 ut
1107 5696 1206 5736 suo
1230 5682 1404 5736 errori
1430 5679 1612 5735 fucum
1637 5677 1894 5753 obtende-

310 5764 391 5807 ret
421 5771 437 5807 :
471 5748 582 5824 quo
605 5764 788 5810 tamen
827 5748 961 5808 nihil
991 5764 1272 5809 assecutus
1297 5762 1410 5819 est;
1443 5767 1564 5807 cum
1599 5765 1692 5820 per
1720 5748 1892 5818 Spiri-

307 5829 420 5881 tum
438 5835 715 5896 sanctum,
735 5834 796 5885 et
818 5825 1025 5897 Spiritu
1052 5832 1244 5883 sancto
1268 5823 1560 5892 non,aliter
1585 5830 1893 5890 assumptus

2004 1559 2342 1642 sthC'hristus
2371 1577 2530 1642 quam
2559 1577 2587 1616 a
2611 1563 2770 1619 Patre
2792 1574 2847 1619 et
2868 1567 3122 1642 aseipso,
3158 1566 3260 1622 hoc
3282 1576 3385 1632 est,
3417 1582 3445 1623 a
3476 1577 3589 1628 tota

2003 1630 2287 1708 'I_‘_rinitate,
2342 1630 2690 1708 cujusopera
2732 1645 2859 1708 sunt
2914 1630 3176 1703 indivisa,
3232 1648 3289 1692 ut
3338 1630 3589 1708 superius

2001 1702 2205 1779 dictum
2235 1712 2337 1779 est.
2363 1705 2410 1759 A
2439 1702 2618 1775 seipso
2661 1707 2804 1762 enim
2837 1717 3141 1775 assumptus
3165 1702 3282 1769 est.
3319 1702 3585 1779 quatenus

2003 1772 2187 1850 homo,
2238 1775 2346 1850 hoc
2387 1784 2490 1850 est,
2520 1772 2576 1828 'a
2629 1791 2722 1832 sua
2779 1772 3128 1850 deitate,’vel
3159 1796 3187 1835 a
3222 1772 3586 1850 sua-persona

2000 1844 2279 1927 divitia,.et
2300 1847 2367 1901 ab
2389 1849 2568 1903 anima
2589 1861 2689 1927 sua
2707 1849 3140 1927 communicante
3166 1844 3381 1927 corpori
3405 1854 3588 1909 dotem

1999 1916 2275 1990 agilitatis.
2312 1933 2431 1990 quae
2459 1921 2777 1986 corporibus
2815 1922 3064 1990 gloriosis
3095 1923 3235 1976 inter
3263 1916 3393 1976 alias
3434 1925 3587 1981 dotes

1926 1971 1975 2033 Β
2001 1971 2340 2065 assignatur;
2352 1971 2503 2065 juxta
2690 1971 2844 2065 lsiaid;

2000 2058 2224 2127 aquiltc;
2247 2060 2517 2125 volabunt,
2550 2073 2718 2115 etnon
2749 2063 2999 2129 deﬁcient.

2073 2138 2101 2203 εξ
2128 2130 2300 2203 Sic_et
2326 2131 2528 2203 Vener.
2555 2131 2696 2186 Beda
2721 2134 2770 2185 in
2795 2133 3471 2203 commentariileibwm,
3490 2133 3587 2192 αἱ

1995 2200 2184 2276 εξϐμ
2220 2201 2322 2255 Per
2349 2202 2687 2272 hyperbaton,
2741 2204 2931 2274 inquit,
2958 2200 3274 2276 legendum,
3320 2200 3488 2276 Usque
3531 2208 3587 2262 in

1999 2270 2133 2324 diem
2178 2288 2282 2342 qua
2306 2270 2596 2347 assumptus
2629 2283 2723 2337 est,
2751 2270 3056 2347 prizcipicns
3081 2270 3500 2347 assumptionem,
3529 2277 3586 2331 id

1999 2351 2092 2418 est,
2125 2353 2376 2418 pracepta
2406 2346 2533 2418 dans
2561 2346 2976 2418 upostolis._etc.
3011 2348 3104 2400 Est
3157 2346 3332 2401 autem
3387 2349 3587 2418 hyper-

2000 2412 2160 2467 baton
2218 2412 2361 2482 apud
2415 2412 2688 2481 rhetores,
2741 2415 3032 2471 verborum
3081 2426 3135 2472 et
3163 2412 3589 2474 construciiouis

1997 2483 2135 2563 ordo
2185 2489 2451 2539 turbatus.
2484 2487 2850 2563 Quintilianus
2897 2488 3044 2543 verbi
3091 2490 3586 2563 transgressionem

1999 2557 2413 2628 interpretatur,
2447 2571 2608 2628 quam
2642 2557 2959 2628 frequenter
3001 2559 3142 2614 ratio
3166 2558 3588 2628 comparationis

1999 2627 2081 2706 vel
2103 2625 2316 2706 decoris
2345 2625 2536 2706 exigit.
2560 2628 2674 2683 Nic.
2695 2625 2950 2706 Perottus
2978 2629 3070 2706 (Ain
3098 2625 3440 2706 Coritucop.)_:
3467 2632 3584 2706 Est.

1997 2699 2202 2762 inquit,
2239 2699 2574 2767 hyperbaton
2605 2700 2838 2770 undique
2873 2699 3186 2768 confusum,
3220 2711 3281 2757 ut
3305 2699 3436 2756 illud
3467 2703 3589 2758 Vir-

1997 2766 2107 2836 gilii
2134 2767 2295 2835 (zEn.
2326 2771 2409 2838 ιιι)
2444 2787 2456 2822 :

1994 2780 2107 2836 gttn
2134 2780 2295 2835 (mn.
2326 2780 2409 2836 ιιι)
2444 2787 2456 2822 :

2089 2877 2215 2956 gres
2235 2887 2378 2931 notus
2400 2884 2634 2956 abreptos
2655 2885 2864 2956 iri-saxa
2890 2884 3094 2956 Ia_tent_i_a
3117 2891 3337 2948 torquet,

2090 2942 2218 2992 Saxa
2244 2953 2414 2994 vocant
2430 2942 2559 3004 Itali,
2585 2946 2762 2996 mediis
2785 2959 2894 3008 quae
2917 2946 3166 3008 fluctibus,
3187 2942 3312 2998 aras.

2000 3050 2095 3105 Est
2124 3050 2285 3124 igitur
2317 3050 2367 3104 in
2409 3051 2527 3124 illis
2557 3051 2740 3106 verbis
2785 3051 2943 3106 Luete
2993 3051 3348 3124 hyperbaton,
3396 3052 3447 3108 id
3479 3065 3586 3124 est,

1996 3123 2242 3247 quaedam
2294 3120 2542 3177 confusio
2593 3131 2646 3177 et
2694 3120 3409 3191 transgressioverborum.
3456 3120 3589 3182 Nam

2039 3191 2283 3247 icendum
2313 3200 2432 3246 erat
2464 3209 2476 3244 :
2512 3191 2684 3247 Usaue
2725 3195 2776 3246 in
2823 3194 2964 3247 diem
3010 3209 3111 3247 oua
3143 3206 3450 3247 assumptus
3481 3204 3587 3247 est.

2039 3191 2283 3264 icendum
2313 3200 2432 3246 erat
2464 3209 2476 3264 ς
2512 3191 2684 3260 Usque
2725 3195 2776 3246 in
2823 3194 2964 3247 diem
3010 3209 3111 3261 qua
3143 3206 3450 3261 assumptus
3481 3204 3588 3264 cst,

1998 3271 2105 3318 etc.
2139 3263 2272 3328 Qum
2300 3278 2430 3317 vero
2459 3263 2803 3331 iulerjacenl,
2839 3265 3067 3317 hiulcum
3096 3276 3143 3316 et
3172 3265 3348 3318 minus
3375 3263 3588 3320 concin-

2006 3350 2126 3388 nam
2160 3334 2392 3388 reddunt
2410 3335 2734 3399 orationem,
2757 3345 2814 3387 ut
2840 3335 2893 3388 in
2921 3335 3010 3388 illo
3034 3335 3306 3388 versiculo
3329 3351 3408 3404 ps.
3432 3353 3586 3391 xuv:

2005 3405 2225 3478 Sagittae
2254 3416 2356 3458 tua?
2379 3417 2564 3478 acuta,
2599 3407 2772 3477 populi
2799 3407 2891 3459 sub
2922 3415 2968 3478 te
2993 3407 3191 3478 cadent,
3224 3406 3275 3458 in
3305 3409 3461 3459 corda
3490 3407 3590 3460 ini-

2004 3477 2256 3530 micorum
2283 3477 2434 3547 rcgis.
2471 3477 2624 3541 Quod
2671 3478 2892 3531 suavius
2919 3477 3121 3531 dictum
3155 3477 3341 3531 luisset
3389 3488 3441 3531 et
3472 3479 3590 3534 sine

2005 3547 2304 3616 hyperbato
2331 3564 2342 3599 :
2379 3548 2600 3616 Sagittae
2631 3556 2734 3601 tum
2761 3557 2933 3601 acutae
2963 3547 3014 3601 iu
3048 3548 3209 3603 corda
3243 3549 3590 3602 inimicorum

2003 3621 2167 3690 regis.
2203 3618 2268 3671 Et
2290 3628 2483 3690 postea
2521 3636 2533 3671 :
2567 3617 2754 3690 Populi
2783 3619 2876 3672 sub
2922 3628 2968 3671 te
3009 3620 3210 3673 cadent.
3247 3620 3334 3675 Sic
3379 3619 3430 3690 in
3463 3634 3590 3690 proe-

2003 3689 2179 3758 posito
2228 3705 2241 3742 :
2289 3688 2472 3757 Usque
2516 3691 2566 3742 in
2597 3688 2738 3743 diem
2791 3697 2895 3757 qua
2936 3699 3246 3755 assumptus
3273 3700 3354 3744 cst
3382 3689 3588 3760 (.lcsus)

2003 3762 2355 3830 prxcipiens,
2385 3761 2435 3814 id
2467 3770 2573 3828 est,
2619 3772 2900 3829 postquam
2938 3762 3282 3829 praecepisset
3327 3761 3592 3828 apostolis

2006 3845 2140 3900 quos
2167 3846 2264 3900 per
2294 3830 2556 3899 Spiritum
2585 3843 2830 3886 sanctum
2864 3832 3121 3900 elegerat.

2075 3900 2102 3940 δ
2145 3903 2346 3956 Prmter
2373 3903 2472 3957 alia
2505 3903 2557 3955 in
2589 3903 2725 3956 hanc
2752 3907 3071 3957 sententiam
3105 3903 3227 3954 alibi
3261 3909 3439 3954 notata
3477 3900 3592 3968 (Ad

2005 3973 2096 4027 lib.
2131 3987 2182 4026 tv
2208 3989 2254 4028 ε.
2290 3973 2388 4027 6et
2417 3976 2530 4044 law
2556 3990 2600 4028 c.
2634 3972 2761 4044 Ξῖ),
2801 3977 3036 4028 occurrit
3064 3972 3304 4044 moduli.
3337 3971 3591 4037 Augusti-

2004 4059 2105 4098 nus
2133 4059 2383 4098 sermone
2422 4043 2490 4098 14
2516 4045 2584 4098 de
2612 4041 2792 4098 verbis
2816 4044 3054 4109 Apostoli
3085 4062 3097 4096 :
3131 4041 3196 4096 In
3228 4053 3360 4096 terra
3386 4052 3493 4095 erat
3537 4051 3589 4094 et

2001 4115 2056 4168 in
2099 4117 2226 4168 caelo
2252 4133 2305 4169 se
2337 4132 2444 4169 esse
2477 4115 2710 4182 dicebat;
2755 4124 2820 4173 et.
2853 4115 2988 4184 quod
3030 4125 3103 4168 est
3148 4115 3335 4184 majus,
3382 4117 3430 4165 in
3465 4113 3588 4166 rtelo

2002 4184 2205 4238 Filium
2232 4186 2474 4252 hominis,
2517 4197 2571 4240 ut
2597 4203 2752 4239 unam
2779 4187 3148 4239 demonstraret
3175 4187 3223 4234 in
3253 4194 3467 4251 utraque
3498 4200 3590 4235 na-

2001 4266 2119 4326 tura
2151 4272 2442 4326 personam,
2485 4269 2592 4313 etc.
2639 4258 2701 4311 Et
2728 4257 3161 4325 Theophylactus
3203 4254 3256 4306 in
3290 4253 3590 4306 Joannem:

2004 4325 2132 4382 Cum
2153 4325 2410 4390 audieris,
2458 4330 2651 4396 inquit,
2682 4326 2879 4380 Filium
2925 4327 3144 4378 hominis
3178 4326 3496 4396 descendisse
3523 4326 3588 4378 de

2002 4397 2130 4452 ctelo
2152 4398 2342 4470 (Joan.
2373 4400 2482 4470 ιιι),
2510 4395 2572 4453 ne
2599 4400 2849 4470 existimes
2876 4398 3014 4470 quod
3035 4412 3153 4470 caro
3181 4412 3208 4448 ε
3231 4395 3588 4470 cmrlo‘descen-

2001 4465 2169 4523 derit]
2203 4468 2322 4524 Hoc
2366 4465 2498 4524 enim
2532 4465 2895 4539 Apollinarius
2935 4469 3129 4539 docuit,
3173 4469 3309 4535 quod
3355 4465 3590 4519 Christus

2003 4540 2234 4594 habuerit
2259 4558 2442 4612 corpus
2464 4541 2529 4595 de
2549 4537 2692 4596 ταιο.
2720 4540 2863 4612 quod
2890 4537 3292 4612 per_Virgin_em,
3329 4544 3588 4612 tamquam

2002 4627 2093 4682 per
2122 4605 2358 4665 canalem
2385 4614 2658 4682 transierit.
2699 4605 3028 4680 Verum'quia
3055 4605 3155 4663 una
3185 4608 3500 4682 hypostasis,
3535 4605 3591 4659 id

2004 4679 2094 4744 est,
2128 4699 2228 4736 una
2253 4699 2473 4753 persona
2500 4681 2735 4738 Christus
2765 4697 2826 4735 ea:
2848 4679 3047 4753 duabus
3078 4681 3276 4753 naturis
3307 4679 3588 4753 antistitum

1923 4738 1979 4800 Ῑ)
2002 4738 2095 4818 est,
2140 4738 2263 4807 ideo.
2285 4770 2402 4823 qut:
2429 4765 2545 4808 sunt
2574 4752 2794 4806 hominis
2839 4751 3080 4823 dicuntur
3109 4750 3173 4823 de
3196 4749 3402 4823 gi’erbo,
3446 4760 3492 4823 et
3529 4763 3592 4802 ea

2000 4839 2117 4892 quce
2145 4835 2265 4878 sunt
2298 4819 2474 4891 Verbi,
2504 4825 2857 4879 attribuuntur
2894 4822 3111 4874 homini.
3146 4821 3234 4877 Sic
3278 4831 3326 4873 et
3357 4819 3449 4872 hoc
3477 4821 3591 4874 loco

2002 4893 2178 4950 Filius
2200 4897 2419 4950 hominis
2445 4897 2632 4948 dicitur
2662 4893 2962 4946 descendere
2982 4893 3043 4944 de
3066 4894 3209 4959 cmlo,
3239 4907 3297 4944 eo
3325 4892 3460 4960 quod
3487 4905 3592 4943 uua

2000 4966 2068 5020 sit
2098 4983 2333 5035 persona,
2364 4983 2467 5020 una
2489 4965 2800 5037 hypostasis,
2833 4972 2938 5037 etc.

2078 5029 2107 5076 ι’
2143 5029 2407 5093 ΡιειιιιΙιιιθ
2441 5038 2499 5090 D.
2527 5029 2831 5106 'Grcgorins
2861 5032 3092 5104 (Homil.
3133 5032 3203 5106 29
3244 5034 3297 5087 in
3320 5029 3591 5106 ΔΕιοιιιιξι.)

2004 5108 2072 5164 de
2101 5109 2297 5165 Christi
2331 5103 2674 5171 ascensione,
2701 5115 2755 5160 et
2793 5103 3272 5160 ad'illustrandum
3319 5103 3459 5157 hunc
3510 5104 3592 5154 lo-

2004 5194 2124 5234 cum
2153 5181 2396 5249 apposite
2423 5197 2436 5232 :
2462 5178 2529 5232 In
2558 5179 2733 5241 veteri,
2771 5177 2960 5246 inquit,
3006 5174 3328 5249 Testamento
3353 5173 3593 5249 cegnovif

2004 5266 2116 5304 mus
2141 5242 2281 5320 quod
2308 5250 2452 5304 Elius
2479 5253 2542 5304 sit
2568 5259 2748 5316 raptus
2773 5249 2827 5302 in
2847 5242 3038 5303 'ctelum
3071 5248 3087 5316 (
3113 5247 3176 5301 ιν
3207 5245 3336 5320 βέῃ.
3372 5242 3592 5320 ιιι-τεά

2000 5315 2234 5375 αιξιιά”εει
2255 5321 2435 5375 caelum
2456 5315 2682 5383 aereum,
2706 5320 2852 5374 aliud
2874 5315 3165 5373 trthereum.
3194 5315 3383 5370 Caelum
3404 5316 3589 5383 quippe

2001 5407 2204 5446 aereum
2233 5402 2464 5446 terrwest
2483 5396 2804 5457 proximum;
2837 5392 2970 5445 unde
2992 5400 3036 5440 et
3059 5405 3174 5442 aves
3205 5387 3315 5440 σατΙὶ
3347 5387 3585 5447 dicimus,

2001 5465 2122 5527 quia
2145 5480 2231 5518 eos
2261 5465 2476 5519 volitare
2501 5465 2556 5517 in
2587 5479 2704 5517 aere
2728 5465 2975 5517 videmus.
3013 5459 3075 5513 In
3107 5459 3286 5512 cmi-um
3309 5461 3474 5528 itaque
3501 5471 3589 5507 ae-

2000 5551 2144 5588 reum
2176 5535 2320 5590 Elius
2347 5535 2576 5590 sublatus
2599 5546 2691 5598 est,
2719 5544 2771 5586 ut
2801 5535 2854 5586 in
2876 5542 3116 5587 secretam
3140 5529 3410 5596 quamdam
3439 5537 3590 5578 terra:

1998 5609 2254 5680 regionem
2295 5621 2497 5680 repente
2531 5609 2815 5670 duceretur,
2849 5605 2934 5657 ubi
2982 5606 3032 5653 in
3062 5617 3246 5680 magna
3284 5602 3396 5669 jam
3423 5598 3589 5680 carnis

2001 5671 2286 5750 ct'spiritus
2315 5671 2480 5750 quiete
2510 5680 2713 5742 viveret,
2739 5689 2998 5750 quousque
3027 5675 3094 5726 ad
3123 5674 3275 5750 [imm
3303 5671 3480 5724 mundi
3505 5685 3589 5750 re—

2003 5741 2141 5816 deat,
2167 5761 2213 5803 et
2243 5741 2422 5804 mortis
2453 5750 2678 5803 debitum
2703 5741 2886 5801 solvat.
2913 5741 3014 5799 Ille
3035 5745 3220 5799 etenim
3248 5753 3461 5816 mortem
3483 5741 3590 5791 dis-

2001 5822 2150 5889 tulit,
2199 5838 2300 5877 non
2346 5826 2522 5877 evasit.
2555 5819 2864 5887 Redemptor
2901 5824 3071 5872 autem
3110 5823 3285 5872 noster
3325 5815 3450 5883 quia
3483 5825 3590 5866 non
