3966 6332
129 285 237 355 25'!

1111 286 1203 349 DE
1239 282 1750 349 INCARNATIONE
1787 288 2058 350 CHRISTI
2094 288 2227 350 LIB.
2268 286 2384 351 VII.

3216 336 3227 349 η
3288 300 3405 359 258

128 414 225 466 lius
247 425 339 481 pro
366 414 544 464 nostra
569 406 736 463 salute
755 404 973 462 hominis
996 406 1162 475 [actus
1185 415 1259 462 est
1280 405 1455 462 Filius
1486 423 1505 461 :
1537 407 1708 462 decem
1731 412 1786 473 Α
1810 407 1950 461 sium
1976 414 2198 463 creator
2217 413 2322 474 est,
2349 413 2404 462 et
2428 419 2539 462 non
2557 398 2832 463 mem
2852 416 3060 477 partus.
3088 409 3235 467 Ecce
3254 415 3403 471 enim

125 501 377 557 mensibus
403 501 463 554 in
487 509 655 570 utero,
676 506 735 554 ut
760 507 1022 569 nascetur,
1047 507 1342 575 eqpectat;
1371 508 1418 555 et
1444 498 1535 553 ille
1565 500 1713 570 cujus

125 594 320 666 pugillo
348 593 570 647 mundus
600 592 917 661 includitur,
959 592 1197 664 prasepii
1225 594 1513 648 continetur
1550 609 1715 665 angu—

125 688 250 743 stiis.
282 685 415 741 ltem
441 686 611 755 ipsius
633 684 687 740 in
704 685 1096 742 commentario
1118 684 1273 740 Isaiae
1298 682 1389 758 (In
1406 683 1562 740 Isaias
1580 685 1677 757 vn)
1698 703 1712 740 :

126 778 375 834 Dominus
392 779 525 831 enim
544 779 811 848 virtutum,
831 779 922 844 qui
944 786 1016 833 est
1037 777 1149 833 Rea:
1163 777 1364 850 gloria,
1382 779 1490 850 ipse
1507 778 1717 835 descen-

126 873 198 926 dit
242 872 296 925 in
344 883 548 926 uterum
576 871 881 943 virginalem
905 915 921 940 ,
955 880 1003 927 et
1027 872 1289 942 ingressus
1313 879 1388 926 est
1412 880 1459 925 et
1480 875 1715 942 egressus

128 967 426 1027 orientalem
442 978 669 1039 portam,
686 984 801 1040 qute
815 983 1013 1039 semper
1029 968 1204 1022 clausa
1221 976 1294 1021 est
1314 965 1526 1039 (Ezech.
1540 966 1715 1036 xuv).

129 1062 203 1119 De
224 1078 322 1133 quo
347 1060 555 1116 Gabriel
575 1061 699 1115 dicit
715 1062 781 1115 ad
802 1059 1067 1132 Virginem
1096 1076 1114 1114 :
1142 1059 1372 1131 Spiritus
1401 1070 1605 1115 sanctus
1626 1078 1715 1115 su-

127 1156 376 1227 perveniet
404 1156 460 1209 its
484 1164 532 1209 te
556 1162 605 1209 et
634 1153 794 1208 virtus
815 1153 1069 1208 Altissimi
1100 1152 1419 1207 obumbrabit
1440 1154 1551 1207 tibi.
1578 1151 1715 1207 Pro-

127 1259 295 1320 pterea
315 1246 459 1315 quod
480 1255 714 1300 nascetur
740 1246 865 1300 inte
882 1254 1116 1300 sanctum
1142 1246 1405 1299 vocabitur
1428 1242 1598 1299 Filius
1619 1243 1718 1299 Dei

129 1339 273 1411 (Luc.
306 1339 376 1410 ι).
411 1347 438 1377 ι
463 1337 535 1393 Et
566 1339 622 1393 in
651 1336 941 1393 Proverbiis
974 1354 994 1393 :
1023 1337 1297 1409 Sapientia
1317 1337 1592 1407 aediﬁcavit
1620 1336 1718 1391 sibi

128 1431 334 1484 domum
365 1429 550 1502 (Prov.
574 1431 676 1499 1x).
703 1429 973 1500 Compara
1004 1430 1130 1498 hoc,
1154 1433 1201 1486 si
1224 1430 1428 1501 placet,
1457 1428 1721 1486 doctrinm

130 1534 252 1591 tuae,
274 1521 450 1581 immo
472 1522 851 1594 blasphemiae,
874 1537 982 1594 qua
1010 1523 1093 1580 ais
1123 1538 1139 1580 :
1167 1523 1313 1580 Deus
1344 1522 1489 1579 enim
1515 1520 1543 1561 ι)
1561 1537 1719 1579 men-

1814 500 2177 571 Hieronymus
2202 500 2288 555 vir
2316 499 2454 555 sicut
2475 500 2727 556 maximae
2746 503 3010 571 scientias,
3036 504 3111 559 ita
3134 506 3405 575 probatis-

1815 594 1967 651 sima
1990 606 2248 663 puraeque
2277 591 2562 660 doctrinae,
2586 592 2780 651 iisdem
2804 610 2976 667 prope
3001 597 3187 655 verbis
3209 601 3405 671 quibus

1816 697 1874 744 tu
1905 688 2005 744 Dei
2026 686 2226 743 Filium
2258 687 2523 742 mensium
2548 695 2759 757 partum
2809 705 3004 761 negas,
3050 691 3145 749 ille
3190 704 3403 765 partum

1816 780 2088 837 mensium
2116 793 2239 835 esse
2262 786 2519 835 testatur.
2552 778 2747 836 Decem
2775 781 2943 849 enim,
2974 782 3171 856 inquit,
3200 790 3404 844 mensi-

1818 872 1919 929 bus
1945 874 2002 929 in
2026 879 2214 938 utero,
2246 880 2307 927 ut
2335 878 2622 938 nascatur,
2652 883 2951 943 exspectat.
2979 876 3087 932 Sed
3118 893 3281 947 parva
3303 879 3406 935 tibi

1818 964 2045 1022 forsitan
2087 964 2190 1019 viri
2226 963 2389 1034 hujus
2430 963 2645 1018 videtur
2675 966 2970 1022 auctoritas
2998 986 3012 1021 :
3042 968 3185 1024 idem
3216 986 3408 1027 omnes

1820 1068 1983 1128 atque
2011 1056 2201 1113 iisdem
2231 1056 2413 1113 verbis
2455 1066 2641 1127 putato
2682 1057 2891 1125 dicere;
2933 1060 3054 1130 quia
3083 1063 3409 1135 quicumque

1823 1152 1918 1209 Dei
1942 1151 2139 1208 Filium
2171 1160 2385 1223 partum
2413 1164 2537 1209 esse
2567 1151 2804 1224 Virginis
2830 1168 2939 1211 non
2967 1164 3129 1227 negat
3150 1199 3166 1228 ,
3194 1170 3407 1231 partum

1823 1258 1947 1302 esse
1974 1244 2245 1302 mensium
2271 1246 2580 1301 conﬁtetur.

2392 1337 2621 1396 CAPUT
2659 1339 2875 1407 XXVII.

1825 1431 2196 1505 Superioribus
2215 1432 2457 1506 adjungit
2481 1432 2730 1503 Ruﬁnum
2753 1445 2800 1490 et
2818 1435 3024 1511 beatum
3047 1436 3407 1508 Augustinum.

1899 1535 1923 1564 α
1963 1523 2191 1581 Ruﬁnus
2239 1541 2487 1598 quoque,
2530 1524 2850 1584 Christiana:
2902 1528 3259 1601 philosophia:
3306 1534 3411 1603 vir,

1188 1638 1443 1695 ALARDI
1479 1638 1715 1696 GAZAEI
1749 1636 2319 1699 COMMENTARIUS.

132 1754 457 1833 terrestribui
478 1753 653 1807 diebus
671 1759 721 1807 et
741 1753 900 1809 tribus
917 1751 1379 1833 noctibus(b!att_h.
1398 1753 1519 1833 χιε).
1540 1752 1722 1833 ipsum
1750 1755 1798 1816 B
1827 1752 2081 1833 Cyrinus.
2115 1753 2527 1833 Eﬁ'utiit‘autem
2558 1759 2657 1833 ista
2690 1760 2930 1818 nefarius
2961 1764 3258 1833 Nestorius,
3288 1783 3414 1826 cum

132 1834 296 1879 autem
348 1824 580 1878 triduum
616 1841 719 1879 non
754 1833 916 1878 totum
944 1834 992 1879 et
1020 1824 1228 1895 plenum
1256 1826 1415 1895 fuisse
1446 1824 1719 1895 Scriptura

133 1896 264 1950 testis
290 1906 403 1962 est;
432 1895 520 1950 sed
544 1897 738 1964 primus
767 1895 876 1949 dies
906 1911 939 1949 a
970 1904 1115 1966 parte
1143 1904 1367 1950 extrema
1395 1904 1529 1950 totus
1554 1913 1722 1950 annu-

132 1975 351 2020 meratus
387 1975 481 2034 est,
510 1967 618 2020 dies
646 1981 764 2021 vero
795 1966 972 2021 tertius
998 1983 1029 2038 a
1055 1975 1200 2038 parte
1226 1968 1413 2037 prima,
1448 1976 1493 2021 et
1515 1967 1622 2038 ipse
1642 1977 1721 2021 to-

136 2048 244 2103 tas;
272 2039 475 2092 medius
496 2047 661 2092 autem
687 2038 819 2091 inter
838 2053 942 2103 eos,
972 2036 1027 2091 id
1047 2036 1142 2101 est,
1167 2036 1417 2091 secundus
1439 2036 1546 2091 dies
1566 2036 1721 2091 abso-

138 2108 233 2162 lute
260 2121 401 2162 totus
426 2110 605 2180 viginti
636 2118 856 2171 quatuor
875 2108 1018 2180 lteris
1046 2110 1151 2162 suis
1166 2109 1480 2180 ,_duodecim
1514 2118 1722 2163 noctur-

134 2181 207 2233 nis
230 2190 279 2235 et
310 2178 587 2234 duodecim
616 2180 837 2233 diurnis.
884 2178 1154 2233 Hactenus
1180 2178 1243 2232 D.
1276 2178 1635 2249 Augustinus;
1667 2189 1721 2233 et

136 2250 213 2304 his
242 2250 445 2304 similia
476 2250 756 2320 habetilib.
784 2265 986 2305 LXXXIII
1008 2250 1401 2319 Quaestionum,
1430 2262 1620 2320 quaest.
1651 2249 1720 2307 56

137 2320 221 2390 (Et
251 2320 431 2376 Tract.
466 2324 521 2375 in
546 2318 735 2391 psalm.
762 2322 999 2389 cxxxn).
1038 2318 1117 2376 Ex
1145 2321 1336 2388 quibus
1366 2318 1721 2392 intelligimus

137 2406 327 2448 norem
360 2407 578 2449 menses
606 2402 663 2447 et
690 2407 788 2446 sex
816 2392 933 2446 dies
963 2394 1339 2447 intercessisse
1366 2394 1507 2447 inter
1528 2408 1722 2448 conce-

137 2464 377 2532 ptionem
399 2475 454 2521 et
479 2463 808 2518 nativitatem
829 2462 1053 2529 Christi,
1075 2462 1216 2531 quod
1249 2472 1456 2532 tempus
1481 2465 1726 2519 continet

136 2535 237 2590 276
265 2535 424 2601 dies;
466 2550 533 2591 ex
564 2549 668 2604 quo
698 2549 946 2605 numero,
979 2535 1025 2589 si
1054 2534 1275 2605 singulis
1306 2550 1497 2590 novem
1526 2535 1724 2589 mensi-

138 2606 234 2661 bus
283 2606 596 2661 tribuantur
643 2604 856 2675 triginta
900 2605 1018 2661 dies
1045 2649 1061 2675 ,
1104 2604 1397 2660 secundum
1442 2606 1723 2676 antiquum

139 2692 369 2742 morem,
398 2676 702 2733 efﬁciuntur
728 2676 945 2732 ducenti
975 2678 1333 2747 septuaginta,
1360 2687 1414 2731 et
1439 2686 1726 2733 remanent

140 2763 229 2803 sex
254 2747 403 2813 dies,
434 2749 525 2817 qui
552 2747 616 2802 ad
647 2762 889 2803 mensem
915 2746 1183 2802 decimum
1214 2750 1507 2816 pertinent,
1540 2758 1595 2803 et
1625 2763 1725 2816 pro

143 2834 322 2890 mense
349 2819 567 2890 decimo
593 2826 973 2890 computantur
1001 2817 1161 2890 (Vide
1184 2818 1333 2890 Oros.
1361 2822 1400 2874 ι.
1430 2834 1501 2873 vtt
1522 2835 1568 2873 c.
1593 2818 1649 2885 2,
1675 2828 1727 2874 et

142 2888 356 2945 Petrum
385 2889 624 2944 Damiani
651 2887 818 2958 Epist.
840 2891 884 2960 il.
914 2904 951 2943 tt
980 2887 1126 2959 epist.
1154 2890 1267 2960 21).
1296 2889 1473 2957 Quare
1500 2891 1724 2945 verissi-

142 2976 280 3015 mum
310 2970 403 3016 est
430 2962 572 3029 quod
593 2962 811 3015 tradidit
838 2959 1205 3015 Damascenus
1234 2962 1325 3015 lib.
1352 2977 1405 3016 tv
1434 2962 1501 3017 de
1530 2961 1726 3017 Ortho-

142 3031 260 3088 dox.
289 3031 429 3087 Fide
455 3048 573 3101 cap.
603 3030 668 3084 15
693 3047 709 3084 :
733 3032 1003 3086 Christum
1032 3031 1335 3101 explevisse
1358 3048 1547 3088 novem
1576 3048 1726 3087 men-

139 3117 223 3158 ses
242 3107 477 3198 inutero
492 3106 699 3173 matris,
719 3102 1057 3198 gi_decimum
1075 3101 1186 3198 jam
1208 3102 1509 3198 ingressum
1535 3103 1720 3185 fuisse,
1753 3134 1799 3198 Ο

141 3189 257 3228 cum
294 3177 352 3230 in
399 3173 575 3230 lucem
617 3174 837 3243 prodiit.
888 3174 1016 3241 Ejus
1047 3175 1209 3229 verba
1235 3184 1362 3229 sunt
1393 3192 1405 3226 :
1443 3176 1721 3242 Quoniam,

138 3244 330 3315 Inquit,
367 3254 607 3300 consueto
636 3254 861 3315 tempore
893 3244 1034 3314 (nam
1056 3260 1234 3299 novem
1254 3262 1445 3299 menses
1468 3246 1726 3314 complens

140 3327 183 3370 et
210 3317 469 3371 decimum
491 3317 741 3387 attingens
766 3316 1012 3375 nascitur)
1046 3315 1102 3368 id
1131 3316 1189 3384 ﬁt
1211 3316 1319 3384 lege
1338 3325 1514 3387 partus
1537 3333 1557 3383 ;
1586 3316 1728 3385 quod

140 3399 307 3442 autent
336 3391 445 3442 sine
474 3386 670 3453 dolore,
698 3403 855 3455 supra
883 3388 1046 3457 legem
1074 3393 1254 3453 partus
1282 3386 1377 3442 est.
1408 3386 1552 3441 Idem
1576 3387 1727 3442 colli-

140 3460 287 3526 gitur
326 3474 397 3514 ex
438 3460 665 3528 epistola
715 3458 996 3512 Volusiani
1027 3458 1095 3511 ad
1144 3457 1207 3511 D.
1238 3458 1597 3527 Augustinum
1625 3499 1640 3524 ,
1671 3467 1727 3511 et

140 3531 425 3600 Augustini
451 3530 806 3600 responsione
831 3528 898 3583 ad
925 3528 1174 3600 eumdem
1207 3528 1399 3600 (Epist.
1424 3530 1456 3582 2
1477 3539 1523 3584 et
1543 3531 1576 3584 5
1597 3530 1727 3582 inter

141 3599 288 3666 epist.
319 3599 568 3671 August.)
593 3643 609 3664 ,
665 3601 754 3655 ubi
795 3600 1042 3655 similiter
1080 3599 1398 3671 Itmciverba
1425 3641 1439 3661 ,
1479 3600 1728 3671 quasi_ex

142 3668 470 3744 Hieronymo
496 3668 833 3742 deprompta,
862 3670 1125 3744 habentur
1158 3688 1170 3724 :
1208 3670 1399 3726 Verum
1420 3672 1596 3744 mundi
1620 3668 1730 3744 Do-

140 3743 309 3796 minus
336 3742 384 3797 et
414 3754 579 3798 rector
607 3744 924 3797 intemerata
964 3742 1169 3812 femina
1207 3758 1393 3810 corpus
1424 3742 1727 3809 impleverit,

143 3813 409 3881 pertulerit
450 3815 622 3868 decem
665 3815 916 3884 mensium
960 3813 1169 3884 fastidia
1208 3823 1402 3880 mater,
1453 3822 1500 3866 et
1558 3821 1727 3867 tamen

139 3886 280 3958 virgo
310 3886 463 3958 enicat;
492 3887 576 3958 sit,
611 3892 714 3939 etc.
749 3883 1048 3954 Utrumque
1078 3885 1235 3953 igitur
1264 3899 1455 3958 verum
1475 3892 1581 3952 est,
1613 3885 1728 3958 sive

140 3953 351 4010 dicatur
394 3955 645 4011 Christus
673 3953 1017 4025 exspecmsée
1047 3970 1239 4010 novem
1272 3955 1543 4009 mensibus
1569 3996 1584 4017 ,
1614 3955 1727 4010 sive

141 4026 351 4092 decem,
378 4027 425 4082 si
447 4028 744 4081 secundum
770 4025 1029 4096 prmdicta
1059 4026 1407 4095 intelligatur.
1439 4025 1544 4081 Sed
1568 4025 1726 4093 hujus

144 4098 509 4168 ambiguitatis
537 4096 770 4152 vitandae
796 4112 957 4152 causa
980 4141 995 4166 ,
1026 4098 1334 4166 expressius
1372 4098 1425 4152 in
1457 4098 1727 4166 Martyro-

146 4166 479 4236 logio'Rom.
512 4168 627 4222 haec
656 4168 822 4222 verba
853 4168 1130 4235 majestate
1170 4176 1225 4223 et
1252 4168 1538 4223 sanctitate
1569 4169 1725 4234 plena

143 4236 390 4312 Iggttntur
420 4239 479 4312 (8
496 4240 702 4312 calend.
739 4236 990 4312 J_an_uar.)
1027 4257 1039 4291 :
1067 4238 1219 4312 Jesus
1254 4238 1487 4312 Christus
1511 4249 1728 4312 teter-nus

144 4305 307 4374 Dius,
328 4305 605 4379 (sternique
632 4308 807 4363 Patris
823 4305 1015 4367 Filius.
1033 4310 1281 4363 mundum
1310 4309 1482 4363 volens
1508 4310 1727 4362 adventu

146 4396 237 4433 suo
270 4382 501 4449 piissimo
537 4396 833 4434 consecrare
858 4425 871 4447 ,
913 4381 976 4433 de
1006 4381 1209 4448 Spiritu
1236 4390 1409 4434 sancto
1429 4388 1724 4447 conceptus,

145 4468 417 4521 necemque
443 4459 557 4521 post
583 4453 961 4521 conceptionem
988 4452 1213 4505 decursis
1238 4452 1514 4516 mensibus,
1543 4451 1597 4503 in
1624 4450 1725 4504 Be-

145 4520 511 4577 thleem’luda:
539 4523 763 4595 nascitur
781 4538 844 4595 ea:
866 4520 1037 4576 Maria
1062 4524 1259 4595 virgine
1286 4526 1451 4595 factus
1483 4524 1652 4575 homo.

218 4603 247 4667 ξ
294 4594 573 4667 ﬂuensque
594 4594 757 4647 verba
785 4592 1094 4667 Hieronymi
1127 4591 1176 4667 iii
1210 4594 1301 4667 illo
1329 4591 1728 4647 Commentario

150 4662 323 4718 Isaiae.
354 4663 485 4732 Quae
510 4679 641 4717 vero
675 4662 1002 4733 sequuntur,
1015 4663 1256 4719 Cassiani
1286 4675 1431 4729 sunt,
1454 4679 1575 4718 cum
1603 4678 1732 4733 apo-

151 4735 371 4801 strophe
397 4737 463 4789 ad
489 4732 819 4797 Neutorium,
852 4745 908 4789 ut.
937 4735 989 4790 in
1019 4735 1468 4805 praecedentibus.

216 4804 246 4844 δ
290 4805 435 4861 Hanc
472 4805 706 4861 Nestorii
748 4805 1131 4873 blaSphemiam
1158 4847 1172 4869 ,
1219 4806 1441 4876 ejusque
1468 4805 1729 4875 originem

149 4877 342 4931 clarius
382 4878 652 4947 expressit
692 4876 950 4946 Evagrius
987 4877 1077 4931 lib.
1107 4892 1122 4931 ι
1147 4891 1265 4945 cap.
1295 4875 1364 4943 2,
1389 4875 1477 4930 ubi
1508 4891 1618 4931 rem
1639 4893 1733 4947 ge-

150 4958 290 5001 stam
319 4961 527 5014 narrat;
560 4963 628 5002 ex
658 4963 764 5013 quo
793 4949 1033 5017 superius
1061 4947 1249 5001 eadem
1278 4949 1582 5010 retulimus,
1611 4964 1731 5015 qua:

154 5019 287 5073 nihil
315 5022 503 5074 attinet
547 5018 632 5072 hic
668 5030 935 5086 repetere.
987 5019 1220 5088 Cyrillus
1252 5019 1377 5073 item
1409 5018 1636 5087 epistola
1664 5019 1735 5073 20

154 5092 269 5143 llaec
312 5091 377 5145 de
416 5089 896 5161 Nestoriqscribit
942 5109 955 5145 :
1000 5088 1401 5144 Obstinalionem
1439 5091 1535 5142 viri
1580 5090 1736 5161 hujus

152 5160 390 5214 admirati
412 5177 606 5215 sumus.
636 5158 760 5213 Non
784 5162 918 5214 enim
937 5162 1168 5231 resipuit,
1190 5178 1348 5231 neque
1366 5177 1520 5225 super
1543 5161 1605 5213 iis
1623 5158 1737 5225 qui:

149 5242 332 5285 contra
358 5233 586 5285 omnium
630 5240 858 5285 nostrum
900 5230 1224 5288 Servatorem
1260 5230 1516 5286 Christum
1569 5231 1736 5285 dicere

153 5311 226 5355 est
254 5319 403 5356 ausus
426 5304 661 5370 ploravit,
692 5303 845 5355 immo
874 5301 1067 5371 Ephesi
1095 5320 1265 5356 coram
1292 5304 1616 5367 constitutus,
1647 5304 1738 5355 iis-

153 5372 272 5423 dem
294 5390 406 5429 usus
431 5385 506 5428 est
532 5375 877 5438 sermonibus,
905 5376 1185 5444 iterumque
1212 5391 1267 5428 se
1293 5391 1524 5442 perversa
1552 5374 1738 5427 sentire

154 5444 447 5507 declaravit,
474 5447 547 5497 ita
570 5455 623 5498 ut
644 5461 757 5498 cum
783 5445 1008 5515 insignes
1034 5446 1408 5513 metmpolitani
1430 5444 1735 5513 pientissimi

157 5517 378 5587 episcopi
393 5517 472 5568 iltt
493 5516 839 5584 loquerentur,
861 5532 921 5587 ac
940 5533 1055 5569 cum
1079 5533 1106 5567 ρ
1125 5517 1296 5569 divina
1323 5516 1590 5585 Scriptura
1610 5531 1735 5587 con:

154 5585 409 5639 eluderent
455 5604 515 5639 ac
566 5590 839 5658 probarent
867 5586 1034 5640 Deum
1076 5604 1183 5641 esse
1209 5590 1294 5655 qui
1328 5603 1476 5639 sacra
1507 5596 1578 5658 est
1619 5585 1734 5639 Vir;

197 5658 275 5709 ine
289 5661 563 5710 secundum
586 5675 789 5710 carnem
810 5672 978 5721 natus,
1001 5661 1211 5711 scelesta
1235 5674 1351 5712 voce
1372 5675 1490 5710 usus
1512 5657 1733 5712 dixerit:

208 5730 442 5781 imrstrem
491 5748 582 5799 ego
625 5739 671 5782 et
718 5730 1019 5783 trimestrem
1058 5727 1219 5783 Deunt
1251 5747 1349 5782 non
1374 5732 1525 5791 dico;
1554 5739 1599 5783 et
1625 5730 1732 5783 alia

159 5809 393 5857 cratere“
411 5803 593 5866 quibus
622 5799 881 5873 Unigeniti
902 5799 1318 5855 Incurnationem
1346 5799 1575 5860 tollebat.
1604 5799 1730 5859 Haec

1826 1825 1966 1908 inter
1993 1824 2384 1908 aliosncoutulit
2411 1844 2532 1908 cum
2559 1828 2843 1908 Theoduto
2871 1835 3100 1905 Ancyra:
3128 1824 3411 1908 episcopo,

1826 1904 1881 1978 et
1906 1896 2106 1978 Aeacio
2122 1896 2515 1978 Meliteno,_qni
2545 1914 2727 1978 postea
2758 1903 2872 1978 haec
2895 1896 3080 1961 eadem
3103 1896 3416 1966 de'tulert'tni

1823 1965 2072 2050 Patribus
2093 1967 2145 2050 ip
2168 1970 2373 2040 synodo
2394 1965 2660 2050 Ephesina
2683 1976 3111 2050 considentibus,
3135 1989 3191 2036 ut
3210 1965 3413 2039 habent

1823 2048 1942 2090 acta
1962 2039 2216 2111 _eju_sdem
2247 2044 2461 2111 synodi.
2534 2078 2540 2085 -

1897 2118 1919 2145 ο
1961 2107 2213 2192 Ruﬁnus
2241 2107 2322 2166 vel
2372 2112 2625 2192 Bullinus
2663 2116 2958 2192 presbyter
3005 2121 3368 2192 Aquileiensis
3393 2165 3410 2190 ,

1823 2179 2128 2261 sanctiiuit
2154 2181 2465 2254 Hieronymi
2498 2179 2783 2261 quondam
2802 2179 3179 2261 aiulcissimus,
3214 2206 3270 2247 ut
3298 2179 3414 2261 ipse

1823 2249 1979 2326 divus
2008 2249 2592 2326 Hiergnytnus‘scribit
2621 2258 2672 2312 in
2702 2260 2929 2326 epistola
2958 2262 3145 2326 quinta
3168 2249 3244 2317 'ad
3292 2249 3414 2319 Flo-

1822 2323 2059 2407 rentiuui
2082 2339 2095 2375 :
2132 2320 2333 2407 rater
2352 2323 2598 2395 Ruﬁnus,
2629 2320 3120 2407 inquit,_i_ndividua
3150 2335 3276 2407 mihi
3297 2352 3416 2407 ger-

1823 2393 2085 2473 manitaiis
2110 2391 2366 2473 cbaritaie
2395 2391 2651 2473 connexus
2683 2391 2777 2473 est.
2809 2391 2956 2455 ’Νοιὶ
2999 2420 3092 2457 nos
3119 2406 3231 2473 ejus
3270 2391 3413 2460 testi-

1822 2478 1965 2544 mare
1989 2464 2259 2544 virtutibus
2279 2481 2298 2520 :
2321 2466 2376 2520 in
2402 2468 2495 2522 illo
2523 2471 2807 2544 conspicies
2832 2488 3080 2542 expressa
3126 2464 3427 2532 sanctitatis

1822 2535 2060 2615 vestigia,
2090 2542 2200 2590 etc.
2232 2535 2473 2615 Itemque
2499 2535 2725 2615 epistula
2756 2543 2824 2597 41
2858 2535 2923 2598 ad
2954 2546 3127 2613 ipsum
3161 2548 3415 2604 Ruﬁnum

1823 2605 2093 2686 scribens,
2130 2619 2288 2686 suum
2319 2605 2641 2686 inﬁcitni'sic
2680 2605 3261 2686 amoremexprimit:
3296 2619 3341 2671 0
3368 2621 3416 2673 si

1826 2676 1952 2757 mihi
1995 2692 2130 2757 nunc
2161 2677 2378 2757 (inquit)
2399 2679 2695 2757 Dominus
2720 2676 3146 2757 JesusuChristus
3174 2690 3251 2742 vel
3277 2687 3412 2743 Phi-

1823 2746 2046 2824 lippiad
2070 2746 2367 2824 eunuchum
2390 2749 2525 2822 (Act.
2552 2752 2728 2824 xvm),
2754 2756 2831 2808 vel
2863 2754 3107 2810 Habacuc
3127 2760 3197 2811 ad
3220 2759 3414 2814 Danie-

1825 2816 1926 2871 tem
1953 2816 2117 2900 (Dan.
2153 2819 2242 2891 xv)
2274 2816 2667 2900 tranilntionem
2685 2816 2893 2900 repente
2918 2832 3232 2900 concederet,
3257 2847 3411 2900 quam

1825 2905 1918 2971 ego
1941 2906 2076 2971 nunc
2098 2898 2190 2942 tua
2210 2892 2366 2971 arctis
2386 2898 2689 2971 stringerent
2707 2892 2842 2971 colla
2853 2899 3201 2971 complexibus
3256 2892 3411 2971 quam

1827 2959 1962 3040 illud
1982 2976 2061 3041 os,
2082 2962 2221 3041 quod
2251 2959 2759 3041 mecumpe'lerravit
2785 2959 3091 3041 aliquando,
3116 2973 3192 3023 vel
3212 2959 3406 3041 sapuit,

1824 3030 2324 3111 impressis‘ﬁgerem
2350 3034 2524 3089 labiis.
2560 3036 2628 3090 Et
2658 3036 2794 3091 infra
2821 3055 2835 3092 :
2867 3030 3243 3107 Credas'mihi,
3274 3030 3412 3097 Fra;

1829 3110 1930 3183 ter,
1960 3117 2063 3155 non
2088 3110 2161 3183 sic
2187 3114 2495 3183 tempestate
2504 3111 2736 3183 jactatus
2765 3120 2969 3183 portum
2999 3120 3155 3164 nauta
3196 3129 3413 3183 prospe-

1829 3181 1949 3239 ctat,
1984 3188 2085 3226 non
2112 3174 2187 3246 sic
2226 3176 2451 3229 sitientia
2479 3174 2666 3232 imbres
2690 3174 2813 3233 arva
2854 3181 3170 3246 desiderant,
3196 3174 3413 3239 'non'sic

1828 3259 1985 3296 curvo
2028 3243 2259 3298 assidens
2307 3246 2467 3323 littori
2511 3250 2877 3323 anxiaiﬁlium
2923 3263 3086 3305 mater
3126 3243 3409 3323 exspectat,

1830 3324 2100 3393 postquam
2120 3331 2206 3393 me
2229 3331 2261 3393 a_
2288 3325 2377 3393 tuo
2407 3317 2562 3393 latere
2581 3317 2777 3375 subitus
2800 3323 2948 3377 turbo
2970 3317 3239 3389 convulsit,
3272 3317 3415 3393 post;

1828 3400 1979 3465 quam
2000 3385 2198 3465 gluiino
2214 3388 2785 3465 charitatis‘hgerentem
2809 3394 2970 3464 impia
2999 3385 3241 3449 distraxit
3264 3385 3412 3451 avul-

1828 3454 2287 3534 sic,ﬂeic._Poste_a
2317 3474 2445 3534 vero
2486 3454 2892 3534 inimicissimus
2934 3466 3124 3531 evasit,
3158 3475 3217 3521 ut
3245 3469 3413 3534 ipsius

1828 3524 2011 3581 Ruﬁni
2070 3527 2356 3606 invectiva;
2406 3530 2462 3606 in
2519 3532 2701 3606 divum
2753 3524 3140 3606 Hieronymum
3198 3524 3414 3594 abunde

1831 3606 2116 3679 testantur:
2152 3597 2390 3679 Scripsit
2419 3602 2560 3679 inter
2596 3597 3137 3679 aliaexpositiunem
3182 3609 3416 3679 symboli

1830 3669 2319 3751 apostolicincujus
2348 3673 2589 3751 singulos
2619 3669 2878 3751 articulus
2924 3679 3187 3751 latissime
3212 3669 3411 3749 'expli-

1828 3749 1934 3801 cat,
1961 3750 2023 3817 et
2063 3742 2361 3817 utriusque
2385 3742 2718 3817 Testamenti
2757 3746 3051 3817 Scripturis
3086 3742 3413 3807 confirmat:

1829 3810 1974 3880 quod
1999 3825 2153 3892 Opus,
2177 3812 2363 3892 Ruﬁni
2389 3815 2553 3892 etiam
2583 3816 2737 3873 titulo
2758 3810 3025 3892 jam'olim
3047 3821 3250 3875 editum
3277 3823 3417 3877 inter

1830 3896 1994 3960 ppera
2032 3881 2139 3960 divi
2175 3883 2525 3960 Hieronymi,
2546 3903 2686 3960 nunc
2719 3881 2898 3943 eistat
2939 3891 3078 3944 inter
3106 3907 3272 3960 opera
3301 3893 3415 3947 divi

1828 3952 2107 4022 Cypriani,
2137 3968 2202 4007 ex
2230 3952 2466 4009 edititine
2496 3957 2739 4013 Pamelii.
2772 3960 2847 4015 De
2872 3960 3067 4015 Ruﬁno
3094 3952 3273 4017 autem
3302 3964 3416 4018 haec

1831 4022 1993 4078 habet
2022 4022 2334 4079 Gennadius
2361 4026 2711 4084 Massiliensis
2733 4030 2973 4086 Cassiani
2995 4032 3155 4087 dictis
3182 4048 3416 4088 consen-

1830 4102 2010 4171 tanea,
2050 4095 2198 4171 _libr0
2245 4097 2314 4152 de
2367 4096 2673 4171 Illustribus
2720 4101 2977 4157 Ecclesia:
3024 4104 3411 4171 Scriptoribus,

1830 4170 2008 4243 capite
2032 4164 2244 4221 decimo
2265 4170 2495 4243 septimo
2521 4187 2533 4221 :
2562 4169 2786 4239 Ruﬁnus
2809 4164 3419 4243 Aquileiensis'licclesitc

1831 4236 2108 4310 presbyter,
2140 4254 2244 4310 non
2271 4236 2661 4310 minintawpars'
2685 4244 2784 4309 fuit
2830 4236 3097 4297 doctorum
3142 4243 3415 4310 Ecclesiae,

1830 4317 1884 4386 et.
1905 4309 1957 4360 in
1988 4308 2345 4386 transferendo
2372 4309 2436 4386 de
2466 4309 2645 4365 Greece
2670 4308 2733 4386 _in
2767 4311 3012 4366 Latinum
3039 4312 3249 4386 elegans
3277 4308 3420 4386 inge?

1831 4379 1973 4451 nium
2013 4378 2207 4451 habuit.
2248 4378 2496 4451 _Deniquc
2541 4383 2767 4435 maxima
2812 4400 2877 4438 ex
2922 4392 3068 4451 parte
3118 4378 3419 4441 Crwcorum

1832 4446 2204 4527 Bibliothecani
2235 4446 2436 4504 Latinis
2465 4452 2713 4527 cultibuit.
2748 4453 2815 4508 Et
2857 4446 2995 4527 inira
3026 4472 3040 4509 :
3074 4455 3296 4527 Propria
3324 4474 3421 4511 au-

1751 4519 1807 4580 D
1832 4519 2151 4598 tem‘labore,
2184 4520 2341 4598 immo
2386 4523 2555 4598 gratia
2597 4522 2695 4578 Dei
2741 4534 2788 4580 et
2834 4524 2991 4591 dono,
3024 4519 3258 4598 exposuit
3286 4529 3421 4581 idem

1834 4590 2061 4666 Ru/inus
2088 4590 2403 4666 symbolum,
2440 4594 2588 4666 utuin
2625 4598 2739 4666 ejus
2786 4590 3169 4666 comparatione
3204 4599 3296 4651 alii
3326 4616 3421 4653 nec

1835 4663 2131 4740 exposuisse
2157 4663 2451 4740 credantur.
2490 4664 2612 4740 ilice
2642 4663 2951 4740 Gennadius
2980 4669 3257 4740 hucusque
3283 4670 3421 4723 tole-

1834 4732 2067 4805 randus;
2099 4743 2152 4787 at
2184 4734 2284 4787 sub
2313 4734 2473 4788 ﬁnem
2505 4735 2746 4805 ejusdem
2779 4737 2969 4805 capitis
3000 4732 3199 4793 merita
3229 4740 3420 4793 redar-

1834 4803 2102 4876 gucndus,
2135 4812 2196 4858 ut
2225 4820 2330 4876 non
2360 4808 2581 4874 optima:
2608 4804 2731 4860 ﬁdei
2763 4803 2972 4876 auctor,
3008 4808 3133 4862 dum
3168 4810 3418 4866 Ruﬁnum

1834 4875 1906 4930 ita
1947 4876 2170 4940 extollit,
2206 4882 2264 4928 ut
2292 4874 2472 4930 divum
2507 4876 2891 4947 Hieronymum
2940 4874 3227 4946 deprimat,
3273 4897 3414 4936 eum.

1836 4962 1940 5021 que
1972 4949 2111 5021 veiut
2141 4948 2393 5021 aemulum
2424 4947 2933 5021 etpbtrectatorem
2976 4949 3157 5004 Ruﬁni
3187 4954 3409 5021 graviter

1838 5017 2165 5092 i_nsitr_iulct;__
2188 5016 2401 5092 eadem“
2423 5018 2635 5092 scilicet
2681 5020 2987 5076 temeritate
3019 5016 3298 5092 (Capf38,
3329 5023 3420 5088 84,

1842 5086 1930 5161 i9,
1963 5086 2051 5155 52,
2084 5087 2174 5161 42)
2207 5104 2309 5161 qua
2352 5090 2534 5144 divum
2566 5090 2946 5161 Augustinum,
2981 5086 3129 5147 aliud
3168 5086 3423 5148 Ecclesia

1838 5157 2040 5234 iumen,
2071 5159 2528 5234 demultiloquio,
2560 5161 2726 5217 immo
2752 5157 2940 5218 errore
2961 5164 3294 5234 perstringit,
3319 5177 3423 5233 qua

1840 5227 2117 5302 Erosperi
2142 5229 2334 5302 librum
2365 5227 2641 5287 Adversus
2672 5227 2993 5289 collatorem
3044 5227 3289 5295 damn‘at,
3321 5227 3423 5302 qua

1839 5298 2329 5375 Pelagi_i__Eulogias
2369 5303 2735 5375 commendat,
2774 5319 2908 5375 quas
2950 5305 3111 5359 divus
3156 5298 3424 5374 Hierony-

1839 5386 1981 5453 mus,
2015 5371 2358 5459 libro_primp
2389 5386 2579 5459 contra
2610 5371 2930 5459 Pelagianos
2959 5378 3138 5459 capite
3168 5371 3424 5459 octuag'e-

1839 5441 1980 5515 simu
2016 5444 2232 5515 quinto,
2286 5445 2471 5512 plenas
2521 5441 2821 5502 hzeresib'us
2872 5441 3102 5512 asserit;
3148 5462 3249 5515 qua
3289 5441 3425 5503 duos

1838 5512 2027 5585 Fausti
2053 5513 2474 5585 Semipelagiani
2508 5517 2671 5571 libros
2700 5518 2768 5571 de
2797 5518 2980 5573 Gratia
3013 5530 3066 5571 et
3095 5512 3293 5570 Libero
3322 5516 3424 5570 Ar-

1836 5582 2002 5640 bitrio
2030 5587 2178 5640 miris
2208 5582 2464 5641 laudibus
2514 5587 2690 5655 elfert,
2725 5604 2860 5657 quos
2914 5588 3103 5641 Petrus
3152 5587 3422 5643 Diaconus

1836 5666 1893 5727 et
1940 5672 2127 5711 omnes
2172 5658 2478 5712 Orientales
2527 5660 3019 5721 anathematizauit;
3071 5672 3174 5727 qua
3234 5659 3422 5713 Severi

1836 5726 2115 5797 Dialogum
2151 5730 2423 5796 praedicat,
2455 5746 2618 5797 quem
2650 5730 2804 5781 divus
2839 5729 3216 5797 Hieruuymus,
3250 5728 3302 5781 in
3334 5745 3423 5782 ca~

1832 5806 1932 5874 put
1962 5802 2295 5873 trigesimum
2327 5810 2541 5857 sextqu
2570 5799 2895 5866 Ezechielis,
2926 5810 2980 5855 et
3011 5808 3137 5871 post
3162 5815 3288 5859 eum
3317 5799 3422 5859 (ἴση
