3966 6332
617 227 728 295 263

1161 343 1388 413 CAPUT
1423 350 1660 413 XXVIII.

617 466 914 526 Crtecorum
965 471 1069 527 sive
1117 470 1490 541 0rientalium_
1505 470 1862 541 episcOporum
1908 471 2198 541 testimonia

689 544 1040 614 producturus
1087 544 1251 614 primo
1289 542 1402 597 laco
1448 539 1520 596 D.
1550 539 1859 614 Gregorium
1905 540 2198 600 Nazianze-

684 612 810 670 num
833 613 985 683 aﬂ'ert
1011 613 1065 668 in
1094 612 1338 668 medium.

684 725 792 784 Sed
823 724 962 781 forte
987 723 1109 794 quia
1141 724 1198 780 hi
1225 740 1361 796 quos
1388 726 1792 784 numeravimus
1814 727 1916 783 viri
1947 727 1999 783 in
2026 725 2199 784 diver-

611 821 690 880 sis
720 821 903 878 mundi
945 821 1186 892 partibus
1217 820 1466 892 fuerunt,
1517 823 1697 879 minus
1746 822 2056 896 probabiles
2097 823 2198 880 tibi

609 915 930 972 auctoritate
967 915 1272 972 videantur.
1322 915 1634 972 Ridiculum
1681 915 1734 973 id
1779 916 2029 987 quidem,
2070 916 2198 987 quia

608 1007 730 1064 loco
754 1006 890 1064 ﬁdes
916 1023 1026 1063 non
1060 1005 1419 1074 imminuitur,
1451 1017 1505 1064 et
1535 1006 1664 1079 quid
1690 1008 1762 1064 sit
1793 1009 1935 1080 quis,
1970 1021 2081 1063 non
2104 1008 2196 1063 ubi

605 1103 705 1171 sit,
732 1103 1188 1161 e0nsiderandum
1210 1144 1226 1170 ,
1259 1104 1562 1175 praesertim
1608 1118 1730 1159 cum
1771 1100 1967 1174 religio
2004 1116 2194 1159 omnes

606 1199 774 1265 uniat,
807 1207 863 1255 et
891 1198 946 1254 hi
974 1199 1066 1270 qui
1099 1199 1152 1254 in
1184 1198 1291 1254 lide
1321 1199 1603 1266 una’sunt,
1636 1197 1690 1253 in
1720 1213 1950 1268 corpore
1979 1212 2194 1269 quoque

603 1306 714 1348 uno
758 1305 880 1348 esse
925 1302 1246 1357 noscantur;
1293 1290 1390 1346 sed
1428 1298 1606 1347 tamen
1647 1290 1858 1361 aliquos
1905 1290 2025 1357 tibi,
2055 1306 2194 1361 quos

605 1397 713 1439 non
753 1383 1043 1453 despicias,
1090 1381 1252 1439 etiam
1299 1382 1368 1438 de
1411 1381 1781 1438 Orientalibus
1830 1381 2189 1452 proferemus.

605 1475 939 1548 ‘Gregorius
957 1464 1464 1546 splendidissimum
1491 1473 1739 1531 scientia:
1751 1490 1814 1532 ac
1827 1475 2091 1532 doctrina:
2107 1476 2193 1547 ju-

601 1569 722 1636 bar,
748 1571 841 1642 qui
875 1585 998 1627 cum
1043 1570 1173 1626 olim
1200 1569 1313 1640 jam
1342 1571 1454 1626 vita
1490 1569 1703 1626 functus
1733 1571 1820 1636 sit,
1855 1571 2017 1626 etiam
2046 1586 2190 1627 nunc

601 1670 782 1718 tamen
804 1663 1126 1718 auctoritate
1155 1677 1219 1719 ac
1244 1661 1349 1718 [ide
1368 1661 1526 1732 vivit,
1559 1671 1614 1719 et
1634 1679 1758 1719 cum
1784 1663 1915 1719 olim
1939 1663 2048 1733 jam
2069 1679 2190 1718 cor-

1939 228 2158 295 JOANN
2163 235 2223 295 IS
2260 229 2575 296 CASSI'ANI

3718 263 3796 326 Ἅι

2230 359 2286 420 Α
2308 369 2655 430 assumpserat
2687 355 2915 412 humana
2954 365 3142 412 natura
3162 397 3177 424 ,
3208 365 3366 412 unum
3393 375 3419 415 e
3444 359 3616 420 duobus
3638 370 3715 425 sibi
3733 376 3795 431 in.

2301 453 2461 507 vicem
2503 453 2777 507 contrariis
2818 438 3057 517 existens,
3107 467 3259 506 carne
3300 469 3358 507 ac
3398 456 3583 524 spiritu,
3625 464 3738 520 aliud
3758 471 3794 525 in

2302 541 2467 599 Deum
2493 544 2794 613 assumitur,
2824 543 2975 598 aliud
3000 543 3204 599 deitatis
3235 546 3397 616 gratia
3421 561 3619 617 prastat.
3651 557 3686 611 ο
3704 576 3799 618 nam

2234 539 2240 554 Ι

2221 691 2241 707 ,
2299 646 2348 692 et
2376 636 2617 692 inaudita
2645 637 2959 710 permixtio!
2989 636 3035 692 Ο
3061 639 3193 692 mira
3212 648 3259 693 et
3283 639 3571 712 inexquisita
3590 659 3798 725 compago!

2303 725 2408 796 Qui
2438 739 2570 794 erat,
2599 729 2681 800 ﬁt,
2717 739 2763 785 et
2800 738 3002 785 creator
3027 740 3261 798 creatur;
3291 742 3336 786 et
3361 734 3447 803 qui
3470 737 3701 796 immensus
3730 757 3796 814 est,

2299 823 2504 892 capitur
2525 822 2784 877 mediante
2809 822 3003 892 anima,
3030 822 3137 878 Deo
3157 831 3204 877 et
3227 837 3398 890 carne;
3419 834 3464 880 et
3485 827 3562 883 ille
3579 833 3655 900 qui
3677 850 3800 896 omnes

2299 912 2478 968 divites
2505 915 2870 986 facit,pauper
2892 915 3125 985 e/ﬁcitur.
3155 925 3175 954 ε
3201 915 3330 972 Item
3359 933 3534 976 rursus
3555 921 3800 997 deEpipha-
3892 937 3893 997 ξ

2298 1007 2386 1062 nia
2405 1024 2417 1060 :
2435 1005 2541 1062 Sed
2568 1009 2695 1077 quid
2726 1008 2825 1078 fit?
2851 1007 2978 1078 quid
3005 1005 3069 1062 de
3099 1007 3242 1062 nobis
3264 1009 3447 1081 agitur,
3472 1013 3544 1066 vel
3569 1032 3648 1083 pro
3662 991 3801 1078 nobis?

2297 1118 2429 1157 nova
2467 1103 2705 1174 quaedam
2733 1113 2783 1158 et
2807 1103 3045 1158 inaudita
3075 1103 3291 1174 eﬁicitur
3329 1109 3616 1175 permutatio
3647 1123 3798 1167 natura-

2294 1211 2446 1263 rum;
2474 1205 2520 1252 et
2549 1195 2687 1251 Deus
2717 1197 2869 1252 homo
2899 1197 2979 1267 ﬁt.
3017 1195 3149 1252 Item
3187 1197 3318 1261 illic,
3348 1207 3392 1251 et
3415 1196 3504 1252 Dei
3529 1198 3676 1255 Filius
3697 1211 3801 1274 capit

2295 1285 2475 1346 esseet
2509 1286 2651 1361 [ilius
2685 1287 2910 1346 hominis
2935 1306 3042 1346 non
3078 1306 3349 1346 conversus
3377 1307 3440 1346 ea:
3484 1309 3537 1347 eo
3573 1296 3688 1365 quod
3710 1310 3799 1367 erat,

2293 1383 2693 1440 inconvertibilis
2738 1400 2961 1456 namque
3009 1392 3111 1454 est,
3161 1385 3252 1440 sed
3295 1401 3545 1441 assumens
3582 1390 3697 1452 quod
3732 1409 3801 1445 non

2293 1487 2404 1533 erat
2421 1478 2761 1546 {misericors
2787 1478 3050 1546 enim‘est,
3080 1487 3138 1533 ut
3172 1479 3288 1549 capi
3315 1480 3471 1550 possit
3503 1481 3580 1551 qui
3609 1485 3703 1554 capi
3731 1502 3803 1538 non

2292 1581 2514 1642 poterat.
2545 1569 2714 1628 Vides
2753 1584 2914 1641 quam
2963 1570 3229 1640 praeclare
3281 1578 3443 1642 atque
3488 1573 3726 1642 magnitlce
3754 1575 3802 1632 ita

2293 1662 2633 1732 majestatem
2684 1661 2908 1717 deitatis
2957 1661 3245 1732 praedicat,
3277 1670 3338 1717 ut
3384 1663 3712 1733 dignationem
3748 1669 3802 1722 in-

599 1769 734 1826 pure
761 1755 906 1810 absit
951 1756 1024 1809 ah
1067 1755 1339 1822 ecclesiis,
1373 1763 1554 1812 tamen
1597 1771 1734 1813 voce
1781 1772 1846 1813 ac
1877 1756 2190 1824 magisterio
2218 1759 2269 1820 B
2294 1757 2624 1812 carnationis
2654 1755 2930 1811 insinuet?
2960 1755 3154 1812 Sciens
3178 1757 3365 1827 utique
3389 1757 3690 1814 admirabilis
3712 1760 3800 1818 lidei

599 1861 708 1903 non
739 1848 963 1903 recedit.
985 1846 1013 1887 ι’
1039 1847 1169 1903 Cum
1192 1863 1335 1918 ergo,
1361 1846 1536 1919 inquit
1563 1847 1833 1921 (Oratione
1855 1849 1909 1904 in
1939 1847 2188 1905 Natalem

601 1939 941 2014 Saluatoris),
973 1941 1301 2013 processisset
1336 1956 1401 1996 ea:
1429 1939 1645 2012 Virgine
1671 1940 1834 2010 Deus,
1864 1941 1920 1996 in
1949 1958 2009 1995 ea
2031 1958 2186 2013 quam

1668 2100 1927 2157 ALARDI
1966 2101 2196 2160 GAZEI

671 2232 697 2262 ι
735 2221 1031 2292 Gregorius
1098 2235 1126 2275 a
1175 2218 1442 2277 Nazianzo
1499 2215 1781 2292 secundm
1828 2213 2184 2292 Cappadociae

598 2294 798 2365 oppido
844 2285 1212 2365 Nazianzenus
1252 2292 1441 2365 Adictus
1488 2287 1802 2365 (Ματιηνοὶ.
1891 2285 2082 2365 Maii),
2103 2289 2176 2365 ‘S.

598 2360 783 2421 Basilii
807 2363 1053 2434 aequalis,
1085 2373 1142 2418 et
1169 2363 1388 2417 intimus
1417 2363 1630 2434 amicus
1647 2376 1710 2414 ac
1740 2360 1942 2427 socius,
1976 2360 2046 2416 ob
2072 2360 2186 2416 sin-

637 2440 840 2490 ttlurem
877 2431 1188 2490 divinarum
1228 2447 1410 2488 rerum
1460 2431 1786 2496 doctrinam,
1827 2443 2185 2500 cognomento

637 2453 840 2490 litarem
887 2453 1188 2490 mvmarum
1228 2453 1410 2488 rerum
1460 2453 1786 2496 υυειῐιιηηιι,
1827 2453 2185 2500 υυδιιυιιιεηιο

597 2453 858 2576 ἧἸιεξοΙοεί
912 2506 1177 2572 donatus,
1225 2505 1313 2572 qui
1344 2503 1664 2576 collapsam
1720 2502 2187 2576 Constantinopoli

599 2573 920 2633 catholicam
953 2577 1112 2632 tidem
1142 2575 1410 2635 restituit.
1459 2573 1803 2642 haeresesque
1841 2573 2183 2642 insurgentes

598 2648 953 2718 compressit,
982 2649 1052 2702 de
1090 2663 1198 2718 quo
1239 2645 1302 2700 D.
1337 2645 1698 2718 lrlieronymus
1724 2653 1836 2718 tum
1860 2642 1988 2718 alibi
2013 2659 2181 2718 saepe,

599 2730 710 2775 tum
729 2713 796 2774 'in
815 2719 1074 2788 Catalogo
1105 2713 1123 2772 Ξ
1146 2717 1450 2787 Gregorius,
1484 2713 1674 2785 inquit,
1700 2715 1923 2788 primum
1950 2713 2186 2788 Sasimo—

596 2807 734 2856 rum,
768 2790 950 2844 deinde
975 2785 1338 2843 Nazianzenus
1382 2787 1677 2856 episc0pus,
1714 2785 1790 2839 vir
1830 2785 2187 2856 eloquentissi-

595 2878 733 2926 mus,
760 2871 1043 2930 prteceptor
1073 2877 1234 2924 meus,
1259 2875 1293 2911 a
1313 2855 1420 2926 quo
1437 2857 1740 2930 Scripturas
1765 2855 2077 2925 explanante
2106 2857 2186 2910 di-

595 2933 721 2999 dici,
745 2929 812 2986 αα
829 2933 1050 3004 triginta
1079 2930 1510 3004 niillia_versuuttt
1535 2929 1709 2981 omnia
1733 2943 1890 3004 Opera
1917 2943 2012 2981 sua
2040 2943 2185 3004 com-

597 2998 793 3074 posuit.
827 2998 950 3058 Hze'c
978 3011 1056 3074 iet
1101 3001 1204 3055 alia
1234 3001 1298 3055 D.
1334 2998 1699 3074 Hieronymus
1730 2998 1867 3068 :qui
1915 2999 2058 3074 quod
2109 2999 2186 3074 ait

597 3070 918 3144 Gregorium
947 3070 1908 3144 Nazianzenumluisseepiscopum,
1940 3073 2021 3124 sic
2042 3071 2188 3144 accif

597 3139 850 3216 pien'dum
874 3145 1031 3200 docet
1057 3143 1320 3216 Baronius
1342 3140 1604 3216 (Tom._IV
1631 3156 1720 3193 an.
1742 3139 1892 3216 5:15),
1912 3140 2187 3216 nonquod

598 3209 892 3287 aliquando
917 3215 1199 3287 ordinatus
1247 3209 1410 3268 luerit
1451 3213 1742 3287 episcopus
1773 3209 2186 3287 _Naztanzi,se_d

599 3281 744 3356 quod
771 3286 886 3357 ejus
916 3286 1177 3357 Ecclesia:
1207 3298 1394 3357 curam
1422 3281 2083 3357 administrationemque,
2108 3283 2187 3357 vi-

595 3353 758 3413 vente
779 3353 836 3414 et
855 3366 1076 3428 rogante
1092 3355 1254 3428 Patre
1265 3354 1526 3428 Gregorio
1544 3353 1761 3409 seniore
1778 3353 2019 3428 ejusdem
2040 3354 2187 3428 sedis

597 3429 856 3498 episcopo
883 3425 1216 3498 susceperit,
1247 3435 1302 3481 et
1329 3427 1405 3498 ad
1430 3425 1595 3498 breve
1626 3435 1839 3498 tempus
1865 3432 1926 3479 ut
1952 3425 2186 3498 vicarius

603 3493 659 3554 et
700 3493 984 3570 coa'djutor
1029 3493 1084 3554 in
1121 3495 1494 3570 spiritualibus
1533 3493 1902 3570 hmctionibus
1931 3497 2181 3566 gesserit,

602 3567 855 3627 videlicet
884 3586 1055 3640 usque
1087 3569 1156 3624 ad
1184 3569 1391 3624 obitum
1425 3569 1627 3640 patris;
1657 3582 1762 3640 qua
1789 3567 1858 3640 de
1903 3583 1962 3640 re
1986 3575 2186 3640 exstat

601 3642 772 3710 ipsius
815 3636 992 3697 oratio
1035 3654 1220 3697 coram
1269 3636 1438 3710 patre
1472 3639 1682 3710 publice
1719 3636 1900 3693 habita
1933 3637 2186 3710 (οναιεε

600 3709 726 3784 edit.
757 3713 1007 3784 Bittian.)
1026 3729 1042 3779 ;
1061 3726 1176 3784 nec
1209 3724 1317 3766 non
1359 3709 1602 3784 ejusdem
1631 3724 1887 3784 expressa
1914 3709 2187 3784 attestatio

599 3782 656 3855 i_n
685 3785 915 3855 epistola
949 3779 1016 3839 ad
1044 3782 1368 3852 Gregorium
1397 3779 1700 3855 Nyssennm
1729 3781 1783 3855 in
1822 3779 1936 3855 haec
1970 3780 2186 3855 verba:

601 3850 750 3910 Inter
763 3872 935 3910 omnes
961 3856 1096 3910 enim
1125 3850 1346 3919 constat,
1370 3850 1580 3905 menon
1607 3850 1887 3917 Nasianzi,
1914 3851 2002 3905 scd
2033 3850 2187 3906 Sasi-

601 3942 801 3981 morum
844 3926 1124 3982 antistitem
1151 3933 1377 3979 creatum
1408 3924 1564 3993 fuisse
1582 3939 1601 3988 ;
1627 3925 1828 3978 tametsi
1859 3922 2022 3993 patris
2047 3938 2185 3976 reve-

599 4000 787 4066 rentia,
820 4007 868 4052 et
892 4012 1070 4052 eorum
1097 3997 1184 4067 qui
1213 3992 1486 4066 supplices
1502 3992 1600 4047 hoc
1627 4011 1662 4067 ar
1687 4010 1768 4067 me
1791 3992 2183 4060 contenderunt,

597 4069 666 4122 ad
688 4069 833 4124 breve
861 4077 1068 4139 tempus!
1095 4065 1476 4139 praefecturam,
1495 4135 1508 4139 _
1518 4066 1666 4139 quasi
1701 4065 1946 4134 hospites,
1980 4080 2189 4139 accepe-

595 4139 781 4195 rimus.
844 4135 974 4195 Htec
1020 4135 1214 4193 obiter‘
1257 4136 1430 4206 quoad
1491 4135 1802 4207 Hieronymi
1860 4138 2186 4207 sententiam

596 4209 741 4266 dicta
772 4211 879 4267 sint
908 4205 1526 4282 (Epist.742).’Rulin_us
1553 4205 1912 4282 Aquileiensis
1946 4223 1958 4259 :
1995 4205 2189 4282 Grego-

594 4282 702 4354 rius
723 4284 798 4336 vir
817 4298 905 4354 per
917 4278 1103 4354 omnia
1127 4279 1562 4354 incomparabilis,
1590 4279 1680 4354 qui
1694 4278 1852 4354 verba
1878 4287 1926 4354 e_t
1947 4281 2187 4354 operibus

596 4350 788 4418 clarus,
819 4346 1305 4418 splendidissimum
1323 4351 1498 4404 lumen
1526 4346 1752 4404 scientia:
1787 4347 1976 4403 Christi
2007 4346 2189 4401 Eccle-

596 4424 687 4476 siis
731 4420 965 4492 praebuit,
1015 4423 1140 4492 dum
1187 4437 1245 4476 ea
1287 4421 1460 4474 docuit
1503 4437 1619 4491 qua,
1663 4420 1814 4488 fecit;
1844 4420 2186 4492 negseipsum

599 4490 954 4547 condemnavit
973 4491 1173 4560 agendo
1192 4492 1472 4557 contraria,
1491 4490 1646 4561 quam
1667 4493 1898 4545 docebat.
1917 4490 1985 4545 Et
2006 4490 2187 4546 multis

599 4563 894 4632 interjectis
925 4581 939 4617 :
971 4563 1143 4634 Hujus
1188 4578 1348 4634 neque
1390 4562 1497 4634 vita
1522 4561 2091 4634 ialiquidprobabilius
2137 4569 2190 4616 et

598 4630 842 4706 sanctius,
894 4630 1066 4706 neque
1085 4630 1373 4706 eloquentia
1400 4630 1593 4706 clarius
1619 4641 1668 4706 et
1704 4633 1981 4706 illustrius,
2026 4647 2189 4706 neque

597 4704 704 4772 ﬁde
731 4708 910 4775 purius
939 4702 986 4760 et
1011 4702 1226 4769 rectius,
1266 4718 1425 4775 neque
1465 4702 1681 4775 scientia
1713 4704 1916 4775 plenius
1943 4712 1990 4756 et
2021 4703 2189 4775 perfe-

601 4772 739 4848 ctius
758 4777 971 4831 inveniri
989 4784 1170 4848 potest,
1194 4772 1448 4848 quisolus
1473 4774 1538 4848 sit
1563 4774 1627 4848 de
1648 4772 1797 4844 cujus
1821 4773 1926 4842 ﬁde
1949 4789 2014 4826 ne
2033 4772 2184 4848 dissi-

2292 1849 2510 1916 doctor,
2545 1865 2618 1906 ex
2650 1849 2734 1904 his
2761 1847 3014 1905 omnibus
3055 1865 3178 1920 quas
3210 1849 3366 1905 nobis
3405 1851 3456 1907 in
3494 1852 3714 1907 mundum
3734 1870 3804 1910 ve-

2293 1943 2452 2000 niens
2472 1943 2620 2000 Deus
2648 1942 2857 2012 tribuit,
2882 1940 3272 1999 beneﬁciorum
3303 1956 3423 2000 esse
3449 1942 3706 2016 cumulum,
3730 1959 3806 2002 non

2235 2099 2808 2160 COMMENTARIUS.

2290 2219 2370 2273 An
2409 2219 2500 2273 tibi
2547 2234 2708 2288 parva
2751 2218 2806 2271 in
2845 2231 2949 2270 uno
2972 2212 3606 2288 Gregoriogepiscoporum
3631 2216 3808 2272 Orienta.

2289 2291 2419 2345 lium
2447 2286 2643 2344 videtur
2678 2288 3004 2343 auctoritas?
3035 2287 3126 2342 Est
3150 2286 3370 2358 quidem
3399 2297 3532 2342 tanta
3559 2303 3808 2358 persona.ut

2289 2378 2451 2431 neque
2479 2360 2569 2415 ille
2599 2361 2714 2426 hoc,
2755 2359 2859 2413 nisi
2897 2375 2962 2414 ea:
2987 2359 3093 2429 ﬁde
3121 2357 3421 2413 Christiana
3452 2360 3639 2425 diceret,
3666 2377 3735 2413 nec
3755 2363 3809 2416 illi

2287 2448 2405 2487 eum
2448 2444 2551 2486 tam
2588 2431 2790 2486 clarum
2820 2431 3067 2485 haberent
3102 2441 3260 2498 atque
3298 2433 3638 2497 venerandum,
3666 2439 3711 2484 ut
3733 2433 3809 2486 hac

2287 2503 2351 2558 ab
2379 2503 2470 2558 illo
2517 2504 2678 2567 dicta,
2727 2517 2792 2557 ea:
2835 2501 3022 2573 regula
3062 2501 3348 2573 notissima
3381 2502 3593 2573 veritatis
3621 2519 3808 2572 agnosce-

2288 2584 2421 2629 rent.
2465 2573 2756 2645 Gregorins
2797 2571 3084 2645 presbyter
3116 2574 3168 2626 in
3203 2571 3325 2626 Vita
3365 2572 3594 2645 ejusdem
3621 2571 3809 2645 Gregorii

2285 2645 2526 2715 episcopi
2559 2643 2916 2718 :‘Dogma’tum
2962 2643 3281 2718 sublimitate
3325 2643 3662 2718 ac‘theologia
3697 2661 3810 2713 usque

2287 2718 2418 2770 adeo
2465 2714 2773 2781 excellebat,
2824 2726 2882 2770 ut
2929 2715 3161 2784 quamvis
3209 2714 3450 2785 permulti
3490 2714 3600 2769 viri
3626 2715 3810 2768 doctrina

2286 2788 2442 2842 laude
2466 2788 2684 2843 celebres
2711 2786 2870 2842 variis
2893 2785 3097 2841 steculis
3126 2785 3430 2858 theologica
3457 2788 3723 2858 rei_operat_n
3746 2787 3810 2838 de-

2286 2859 2478 2930 derint,
2527 2860 2608 2912 hic
2657 2869 2823 2912 tamen
2860 2859 3001 2912 solus
3044 2866 3161 2930 post
3198 2855 3460 2930 Joannem
3505 2855 3811 2926 Evangelistam

2289 2928 2536 3001 Theologi
2567 2931 2772 2984 nomine
2797 2928 3072 3001 insignitus
3102 2929 3188 3001 sit.
3209 2928 3480 3001 atquehoc
3498 2936 3811 3001 cognomentum

2287 2999 2389 3065 ipsi
2419 2997 2558 3054 velut
2587 3001 2855 3069 praprium
2892 2997 2941 3054 et
2970 3000 3232 3072 peculiare
3257 2997 3572 3072 attributum:
3604 2997 3812 3072 Enimvero

2289 3073 2722 3139 quemadmodum
2747 3071 2877 3125 alias
2905 3069 3081 3126 omnes
3109 3071 3292 3125 laudes
3322 3080 3470 3140 atque
3490 3071 3676 3123 virtutes
3695 3069 3813 3120 animi

2289 3144 2560 3213 complexu
2601 3142 2824 3211 tenebat,
2867 3143 2942 3213 ita
2965 3158 3114 3213 nea
3144 3141 3428 3213 prophetiae
3470 3142 3654 3213 quidem
3689 3140 3812 3213 gratia

2291 3210 2635 3268 deserebatur.
2686 3213 2777 3270 Sic
2812 3210 2937 3268 ille.
2965 3211 3098 3268 Vide
3144 3210 3300 3282 plura
3351 3214 3518 3282 el0gia
3559 3210 3606 3266 in
3648 3212 3812 3265 laudem

2289 3283 2535 3355 Gregorii
2564 3284 2884 3340 Nazianzeni
2917 3298 2949 3338 a
2976 3279 3179 3339 Jacobo
3206 3279 3370 3355 Billio
3399 3279 3643 3351 collecta,
3671 3291 3716 3337 ct
3740 3295 3811 3334 ano

2290 3354 2472 3426 notata
2506 3355 2561 3410 in
2593 3371 2824 3426 operum
2852 3356 2970 3425 ejus
2998 3354 3361 3426 praeambulo.

2361 3425 2389 3465 ι)
2428 3427 2554 3482 Haec
2577 3422 2768 3482 eadem
2797 3422 2960 3482 verba
3000 3422 3068 3481 ex
3096 3425 3439 3481 Nazianzeno
3467 3426 3590 3481 citat
3616 3423 3706 3478 Leo
3729 3422 3814 3477 Ila-

2290 3513 2429 3567 gnus
2473 3496 2719 3568 pontifex
2770 3498 2823 3552 in
2864 3497 3092 3568 epistola
3125 3497 3194 3553 97
3242 3495 3418 3568 (Cap.
3439 3495 3507 3566 9)
3538 3496 3598 3549 ad
3627 3495 3811 3568 Leonem

2291 3565 2595 3639 Augustum
2627 3565 3160 3624 adversus—Nestorii
3191 3565 3263 3622 et
3283 3565 3590 3638 Eutychetis
3617 3565 3812 3635 hlasphe

2291 3655 2340 3693 m
2351 3643 2449 3706 ias,
2473 3639 2613 3696 hanc
2628 3640 2874 3696 eamdem
2901 3655 3022 3695 cum
3037 3639 3300 3696 Cassiano
3313 3639 3611 3696 versionem
3625 3647 3812 3706 secutus.

2291 3709 2390 3765 Est
2433 3705 2612 3767 autem
2661 3711 2778 3766 haec
2827 3711 3001 3766 oratio
3041 3711 3321 3780 trigesima
3367 3721 3550 3765 octava
3589 3710 3637 3762 in
3675 3705 3818 3780 Christi

2290 3783 2609 3837 nativitatem
2666 3781 2926 3851 inscripta
2977 3776 3276 3837 secundum
3344 3781 3623 3837 editionem
3677 3776 3818 3851 Jacobi

2293 3852 2452 3919 Billii,
2480 3855 2568 3924 qui
2597 3855 2711 3908 haec
2741 3850 2930 3909 eadem
2961 3855 3120 3924 paulo
3141 3853 3307 3908 aliter
3331 3853 3493 3910 vertit
3523 3853 3650 3905 hunc
3671 3850 3714 3905 in
3738 3862 3819 3901 mo-

2289 3925 2417 3980 dum
2452 3942 2465 3979 :
2501 3923 2812 3994 Progressus
2843 3923 3017 3978 autem
3051 3923 3189 3978 Deus
3215 3940 3336 3978 cum
3366 3924 3681 3984 humanitate,
3700 3934 3818 3994 unum

2288 4010 2354 4048 ea:
2378 3996 2575 4050 duobus
2595 3992 2725 4050 inter
2747 4012 2802 4050 se
2826 3996 3118 4062 contrariis,
3150 4011 3306 4048 carne
3335 3996 3571 4048 nimirum
3598 4003 3639 4046 et
3660 3992 3819 4062 spiritu,

2289 4081 2508 4135 quorum
2551 4069 2768 4120 alterum
2817 4066 3114 4135 deiﬁcavit,
3164 4065 3389 4119 alterum
3441 4064 3711 4134 deiﬁcatunt
3751 4068 3819 4135 est,

2293 4133 2338 4189 0
2367 4152 2549 4191 novam
2595 4133 2926 4192 mixtionem!
2969 4153 3000 4190 ο
3034 4137 3404 4191 admirandam
3433 4133 3821 4201 temperationem!

2295 4206 2394 4273 Qui
2417 4218 2507 4271 est,
2539 4209 2621 4277 fit;
2646 4211 2736 4279 qui
2764 4220 2964 4262 creatus
2989 4225 3093 4262 non
3123 4216 3220 4272 est,
3238 4217 3469 4273 creatur;
3494 4207 3579 4275 qui
3603 4202 3821 4279 nulloloco

2289 4272 2549 4352 contineri
2582 4272 2766 4350 potest,
2803 4296 2892 4352 per
2933 4281 3270 4352 interventum
3306 4272 3820 4352 animat-intellectualis.

2288 4349 2419 4403 inter
2447 4348 2766 4405 divinitatem
2803 4348 2857 4404 'et
2900 4351 3068 4404 carnis
3111 4350 3398 4404 crassitiem
3440 4348 3733 4409 continetur;
3761 4348 3821 4415 qui

2289 4417 2567 4496 locupletes
2592 4421 2892 4496 alios_ditat,
2924 4430 3231 4496 paupertate
3255 4421 3499 4496 aﬁicitur.
3526 4430 3626 4474 etc.
3792 4485 3800 4496 _

2375 4487 2418 4530 ε’
2459 4491 2558 4546 Est
2605 4493 2777 4546 oratio
2825 4487 3099 4562 trigesima
3148 4487 3315 4547 nona"
3336 4491 3575 4558 ejusdem
3605 4487 3821 4545 [editionis

2291 4561 2555 4632 Billianm,
2585 4561 2942 4631 prmcedentis
2968 4563 3234 4618 orationis
3258 4577 3446 4619 comes
3473 4571 3527 4617 et
3549 4570 3764 4632 cognata,
3786 4566 3822 4611 et

2290 4630 2360 4686 In
2381 4630 2557 4687 sancta
2584 4630 2802 4701 lumina,
2835 4635 2952 4690 sive
2983 4635 3051 4688 In
3081 4634 3268 4704 festum
3294 4643 3586 4688 sanctorum
3618 4630 3821 4704 luminum

2291 4704 2578 4776 inscripta;
2604 4705 2698 4759 ubi
2727 4706 2793 4759 de
2819 4701 3092 4776 baptismo
3119 4705 3324 4759 Christi
3365 4706 3560 4776 agitur.
3589 4705 3670 4776 qui
3697 4701 3819 4776 etiam

2289 4771 2596 4847 a_Patribus
2622 4771 2911 4847 illustratio
2938 4775 3267 4847 appellatur,
3297 4785 3355 4832 et
3386 4771 3501 4847 ipso
3527 4771 3822 4841 die'Epipha-

599 4845 774 4918 dentes
802 4843 1006 4916 quideni
1033 4850 1163 4900 inter
1183 4843 1236 4899 se
1275 4844 1295 4916 (
1312 4855 1367 4918 ut
1392 4844 1506 4918 ﬁeri
1530 4843 1686 4918 solet)
1708 4843 1903 4918 partes
1939 4853 1986 4918 et
2011 4843 2184 4897 studia
2208 4847 2264 4908 D
2287 4845 2392 4918 nias
2425 4855 2532 4918 tam
2563 4846 2704 4916 apud
2737 4846 2956 4903 Graecos
2974 4843 3142 4918 quam
3169 4846 3390 4903 Latinos
3406 4843 3722 4908 celebratur;
3743 4857 3821 4918 non

945 4919 1188 4981 otuerint;
1231 4915 1320 4970 sed
1350 4917 1404 4968 id
1441 4915 1722 4987 Aobtinuerit
1759 4916 1899 4987 apud
1933 4915 2184 4987 Deumet

600 4916 860 4986 disputare

941 4991 985 5043 ei
1031 4987 1223 5053 meriti,
1265 4995 1320 5039 ut
1361 4985 1662 5058 quicumque
1699 4985 1857 5040 ausus
1892 4987 2045 5058 fuerit
2089 4985 2183 5040 do-

599 4983 857 5043 Ecclesias

598 5059 777 5142 ctrina:
803 5063 918 5142 ejus
955 5061 1014 5113 in
1042 5061 1216 5141 aliqua
1246 5057 1746 5142 refragarihexhoc
1771 5057 1897 5129 ipse
1923 5059 2047 5128 quia
2075 5060 2183 5138 ipse

597 5133 761 5202 magis
787 5127 852 5185 sit
879 5127 1171 5195 luereticus,
1195 5127 1829 5202 arguatursManifestum
1859 5127 2179 5202 namqueuin-

595 5197 788 5255 diciunt
815 5211 912 5262 est.
943 5218 1044 5255 non
1065 5216 1172 5254 esse
1196 5197 1346 5271 recta:
1364 5199 1487 5271 ﬁdei
1517 5197 1716 5254 omnem
1741 5202 1828 5271 qui
1856 5200 1910 5254 in
1932 5197 2034 5268 ﬁde
2059 5197 2181 5254 Gre-

629 5274 740 5327 orio
789 5291 892 5327 non
939 5272 1233 5327 concordat.
1286 5270 1351 5324 υ.
1401 5270 1881 5339 Αυευειίηυςιὶι).
1928 5285 1946 5324 ι
1988 5279 2178 5326 contra

628 5344 866 5400 olianum
903 5344 1271 5413 Pelagianam,
1318 5351 1442 5413 post
1467 5342 1678 5413 citatos
1707 5341 2018 5398 Occidentis
2057 5342 2176 5411 epi-

587 5425 805 5483 scopos,
844 5416 927 5471 sic
957 5410 1314 5483 dc'Gregorio
1352 5410 1714 5483 Nazianzeno,
1745 5430 1904 5483 quem
1936 5410 2172 5482 primum

589 5481 732 5540 inter
757 5485 996 5543 Orientis
1037 5481 1342 5554 episcopos,
1391 5484 1532 5538 sicut
1575 5481 1866 5540 Cassianus
1895 5481 1995 5537 hoc
2030 5485 2170 5551 loco,

584 5557 831 5612 nominat
865 5575 880 5614 :
914 5558 1018 5614 Sed
1047 5572 1148 5610 non
1180 5555 1269 5608 tibi
1297 5554 1458 5607 deerit
1483 5559 1659 5624 magni
1687 5556 1911 5608 nominis
1940 5564 1988 5608 et
2031 5555 2172 5624 fama

584 5627 913 5698 celeberrima
955 5627 1172 5682 illustris
1223 5630 1507 5697 episcOpus,
1557 5626 1621 5680 de
1663 5627 1894 5698 partibus
1924 5626 2184 5698 Orientis,

581 5697 736 5772 cujus
766 5703 966 5772 eloquia
989 5698 1208 5772 ingentis
1235 5695 1419 5750 merito
1444 5698 1642 5768 gratim,
1666 5695 1829 5751 etiam
1853 5695 2172 5772 in_Latinam

579 5762 816 5841 linguam
857 5762 1106 5834 iransla'ta
1149 5762 1509 5838 usquequaque
1549 5762 1862 5828 claruerunt.
1895 5768 1961 5824 Et
1983 5766 2169 5829 intra:

2285 4915 2355 4972 de
2378 4914 2752 4991 puriﬁcatione
2768 4933 2862 4975 seu
2888 4914 3310 4991 praesentatione
3331 4918 3542 4991 Domini
3572 4919 3620 4971 in
3643 4914 3821 4991 templo,

2283 4986 2404 5059 quae
2453 4989 2657 5044 Graecis
2703 4986 2966 5046 ὑποπαλδτί
3021 4989 3242 5055 dicitur,
3289 5000 3352 5044 ut
3398 4989 3620 5059 quidam
3660 4986 3823 5059 Opinati

2283 5056 2429 5114 Sum.
2455 5060 2547 5114 Sic
2566 5071 2744 5115 autem
2767 5061 2998 5117 Billiana
3021 5060 3224 5126 versio,
3256 5070 3312 5115 et
3342 5056 3511 5116 editio
3540 5058 3684 5127 hujus
3704 5056 3785 5127 loci
3811 5069 3820 5103 ε

2288 5129 2426 5195 Quid
2451 5131 2609 5202 igitur
2631 5131 2728 5202 ﬁt?
2756 5148 3008 5202 quamque
3027 5147 3269 5202 magnum
3297 5133 3438 5185 circa
3464 5147 3554 5202 nos
3575 5126 3822 5202 mysterium

2283 5195 2972 5272 designaturllnnovantur
3005 5195 3223 5268 naturas,
3259 5203 3500 5270 Deusque
3535 5195 3676 5254 homo
3700 5195 3822 5272 efﬁci-

2284 5270 2479 5346 φιλίᾳ
2503 5275 2588 5343 qui
2628 5289 2784 5343 super
2819 5275 3000 5328 ctutum
3040 5273 3153 5329 cali
3180 5274 3247 5327 ad
3275 5275 3459 5346 gloria:
3486 5288 3590 5346 sua:
3615 5280 3658 5346 et
3684 5270 3822 5340 τριω-

2283 5342 2424 5397 doris
2443 5342 2703 5399 Orientem
2719 5346 2972 5412 ascendit,
2995 5347 3048 5399 in
3061 5342 3338 5400 vilitatis—et
3357 5344 3652 5399 humilitatis
3675 5347 3823 5412 nostra:

2281 5429 2468 5469 occasu
2493 5415 2798 5481 celebratur;
2827 5407 3024 5487 Deique
3053 5413 3248 5479 Filius,
3269 5414 3490 5470 hominis
3515 5428 3697 5484 quoque
3713 5407 3822 5487 ﬁlim

2282 5495 2328 5538 et
2353 5501 2461 5541 esse
2488 5499 2536 5540 et
2562 5488 2732 5541 vocari
2755 5481 2998 5558 sustinet;
3026 5504 3129 5541 non
3155 5489 3294 5558 quod
3323 5496 3433 5540 erat
3463 5481 3719 5539 immutans
3737 5481 3822 5550 (uc-

2279 5571 2379 5624 que
2407 5559 2542 5611 enim
2570 5560 2788 5612 mutatio
2813 5560 2868 5612 in
2901 5556 3067 5612 Deum
3093 5556 3286 5628 cadit),
3329 5557 3449 5625 sed,
3488 5571 3577 5624 pro
3613 5568 3696 5607 suo
3718 5562 3821 5628 erga

2281 5623 2510 5683 homines
2532 5645 2729 5696 amore,
2755 5630 2810 5682 id
2833 5633 2971 5699 quod
2996 5647 3097 5684 non
3123 5623 3542 5690 erat’assumsns,
3575 5634 3626 5699 ut
3651 5623 3728 5692 qui
3750 5634 3818 5699 ua.

2281 5706 2401 5773 tura
2423 5717 2517 5754 sua
2537 5696 2900 5772 comprehendi
2926 5717 3026 5754 non
3057 5709 3242 5773 potest,
3262 5696 3820 5773 comprehendaturﬁtct

2283 5768 2419 5828 Vide
2439 5772 2640 5828 Nicetes
2652 5768 3136 5831 commentarium.
