3966 6332
1631 225 1720 282 an
1755 220 1983 283 opm
2021 223 2074 280 ι.
2111 220 2428 284 cassum
2466 218 2834 280 APPENDIX.
2886 189 2889 192 ’

594 352 708 412 sint
739 347 834 422 qui
873 346 1264 421 corripiuntur,
1295 352 1352 403 et
1371 344 1621 404 demissis
1649 343 1899 399 manibus
1921 349 1978 398 et
2004 341 2186 398 humi-
2211 343 2264 404 Δ
2288 344 2454 399 etiam
2483 341 2673 398 nolens
2701 341 2884 414 legere
2907 341 3298 414 compellatur;
3344 355 3400 404 et
3431 351 3633 411 omnino
3651 360 3792 421 nullas

597 446 730 502 liato
773 443 969 514 capite,
1017 440 1404 498 emendaturus
1448 452 1510 494 se
1553 437 1930 507 promittentes
1956 436 2086 492 vitia
2127 434 2182 492 in

598 541 794 612 quibus
821 545 1146 609 arguuntur,
1177 535 1388 590 veniam
1412 533 1787 602 deprecentur.

668 631 910 692 LXXIX.
953 641 980 670 ι
1009 631 1110 698 Qui
1136 628 1340 698 absque
1373 625 1563 683 ordine
1589 625 1816 681 fratrum
1853 625 2182 692 recesserit,

596 736 653 783 et
672 735 859 798 postea
889 731 1011 780 acta
1045 719 1362 792 pmoitentia
1400 717 1646 785 redierit,
1676 714 1705 756 δ
1741 731 1850 773 non
1876 718 1979 773 erit
2004 717 2062 772 in
2095 730 2186 772 or-

599 815 723 872 dine
749 830 873 881 son,
898 813 1102 882 absque
1129 810 1352 881 mjoris
1378 809 1625 880 imperio.

671 906 891 964 LXXX.
929 905 1036 974 Qui
1069 905 1224 962 rudis
1251 905 1306 959 in
1338 903 1670 960 monasterio
1699 902 1862 959 fuerit
1886 902 2184 975 ingressus,

598 1001 880 1057 docebitur
902 999 1050 1068 prius
1070 1011 1193 1067 quae
1213 996 1412 1052 debeat
1433 995 1743 1064 observare,
1776 1003 1974 1050 etcum
1996 994 2190 1052 doctus

600 1094 668 1148 ad
701 1094 954 1148 universa
989 1090 1366 1158 consenserit,
1397 1088 1604 1145 dabunt
1643 1089 1694 1145 ei
1723 1087 1907 1158 viginti
1953 1089 2190 1156 psaltrias

599 1197 694 1245 aut
716 1186 855 1244 duas
879 1184 1155 1256 Epistolas
1182 1183 1433 1253 Apostoli
1457 1224 1474 1246 .
1505 1189 1600 1238 aut
1638 1181 1862 1237 alterius
1891 1180 2191 1252 Scriptum

599 1291 834 1354 prtem.
863 1281 930 1337 Et
955 1281 1003 1336 si
1033 1279 1241 1335 litteras
1267 1277 1614 1350 ignorarerit,
1639 1276 1771 1332 liora
1797 1276 1986 1346 prima,
2010 1277 2190 1345 tertia,

602 1386 660 1431 et
686 1382 839 1430 sexta
891 1371 1049 1428 vadat
1091 1371 1159 1427 ad
1189 1387 1312 1427 eum
1340 1372 1431 1442 qui
1461 1370 1659 1426 docere
1688 1379 1868 1441 potest
1906 1379 1963 1425 et
2007 1370 2096 1440 qui
2139 1371 2194 1426 ei

602 1466 767 1523 fuerit
791 1464 1095 1536 delegatus,
1121 1471 1178 1520 at
1197 1463 1368 1522 stabit
1381 1471 1514 1520 ante
1539 1477 1684 1530 eum,
1713 1470 1769 1518 et
1790 1462 1963 1518 discet
1987 1462 2195 1518 studio-

604 1556 819 1612 sissime
847 1571 970 1612 cum
1001 1555 1152 1610 omni
1191 1555 1491 1626 gratiarum
1536 1556 1766 1612 actione.
1815 1555 2010 1611 PoStea
2053 1556 2193 1611 serio

604 1649 802 1707 bentur
840 1648 894 1705 ei
933 1649 1228 1715 elementa,
1259 1646 1516 1719 syllabae,
1546 1646 1708 1708 verba
1736 1660 1802 1702 ac
1829 1647 2089 1713 nomina;
2133 1657 2194 1703 et

2286 435 2392 492 erit
2429 435 2483 490 in
2525 434 2855 491 monasterio
2891 435 2982 505 qui
3020 449 3134 492 non
3177 435 3352 494 discut
3394 439 3588 499 litteras
3626 458 3672 503 et
3705 455 3795 512 ﬁde

2286 529 2590 596 Scripturis
2628 528 2833 600 aliquid
2875 536 3062 584 teneat
3086 529 3228 599 quod
3260 531 3528 589 minimum
3556 547 3648 604 est,
3672 557 3798 614 usqu.

2289 622 2358 679 ad
2389 621 2602 680 Novum
2631 622 3044 678 Testamentum
3073 631 3129 678 et
3153 622 3492 681 Psalterium.
3515 626 3668 688 Omne
3691 639 3798 704 quod

2286 715 2342 772 in
2364 722 2638 772 conventu
2667 714 2892 770 fratrum
2917 715 3188 772 audierint
3221 715 3564 789 disputata,
3595 738 3802 796 cogentur

2288 811 2432 865 inter
2455 823 2515 863 se
2541 816 2601 863 ut
2628 807 2892 864 recolant.

2359 900 2607 959 LXXXI.
2645 901 2731 959 Ad
2780 899 3120 970 pallendum
3168 908 3225 959 et
3271 899 3339 956 ad
3388 902 3632 960 orandum
3667 909 3806 968 Iulius

2291 995 2396 1052 sibi
2423 995 2742 1056 occasiones
2765 995 3006 1050 inveniat
3027 994 3226 1064 quibus
3252 1007 3313 1050 se
3337 993 3482 1060 dicat
3506 1007 3804 1072 occupatum,

2293 1090 2451 1161 quasi
2485 1090 2566 1145 ire
2593 1104 2703 1145 non
2732 1089 2909 1159 possit
2930 1127 2948 1155 ,
2998 1098 3054 1144 et
3095 1089 3142 1142 si
3190 1087 3248 1143 in
3287 1087 3414 1146 navi
3440 1086 3628 1157 tuerit,
3661 1091 3808 1150 sitia

2294 1199 2426 1255 agro
2450 1224 2466 1249 ,
2511 1183 2649 1240 etin
2681 1183 2880 1238 itinere
2907 1182 2992 1238 vel
3027 1183 3079 1236 ia
3110 1181 3474 1251 monasterio,
3509 1183 3722 1253 quolibet
3740 1190 3810 1240 i-

2297 1277 2524 1334 nisterio
2562 1277 2857 1345 detentus,
2899 1277 3088 1332 orandi
3119 1283 3178 1331 et
3209 1274 3471 1346 psallendi
3495 1283 3715 1348 tet-para
3735 1294 3812 1334 son

2297 1371 2698 1441 praetermittat.

2710 1473 2737 1508 ο
2765 1465 2846 1519 De
2869 1465 3159 1535 puellarum
3183 1462 3482 1535 disciplina.

2367 1555 2636 1614 LXXXII.
2676 1555 2697 1597 ί
2729 1556 2902 1613 Nemo
2926 1557 2996 1613 ad
3013 1571 3112 1614 eas
3139 1555 3302 1612 vadat
3321 1553 3631 1620 visitandas,
3649 1554 3817 1624 nisle

2297 1649 2461 1704 habet
2490 1648 2564 1704 ibi
2589 1657 2818 1704 matrem
2843 1687 2861 1718 ,
2892 1649 2981 1706 vel
3021 1663 3294 1719 sororem,
3321 1655 3418 1704 aut
3441 1645 3759 1718 prophquss,
3779 1658 3818 1702 et

1678 1781 1936 1840 ALARDI
1978 1779 2206 1844 ϐΑΖιΕΙ
2244 1781 2818 1843 COMMENTARIUS.

681 1911 708 1941 ι
727 1900 785 1956 ld
807 1909 915 1966 est.
942 1907 1166 1969 printer,
1191 1907 1284 1954 aut
1309 1907 1503 1956 contra
1524 1897 1771 1956 ordinem
1792 1905 1847 1953 et
1871 1898 2041 1969 legem
2071 1899 2202 1958 obe-
2231 1901 2281 1962 B

613 1971 831 2029 dientite
860 1971 1142 2042 regularis.

679 2043 708 2083 ι»
743 2044 796 2096 ld
838 2039 946 2108 est,
980 2058 1086 2097 non
1116 2041 1378 2096 obtinebit
1411 2040 1590 2094 locum
1625 2054 1803 2102 suum,
1852 2039 1947 2094 sed
1991 2049 2206 2110 postre-

611 2131 758 2176 mum
791 2113 842 2168 in
873 2115 1315 2183 congregatione.
1365 2111 1439 2170 lt-a
1488 2113 1550 2164 Ι).
1581 2112 1904 2166 Benedictus
1934 2125 2055 2174 cap.
2088 2111 2158 2166 99
2185 2129 2200 2167 :

613 2183 803 2239 Frater
829 2227 842 2250 ,
872 2189 959 2254 qui
987 2186 1196 2256 proprio
1238 2185 1360 2256 uitio
1404 2183 1709 2256 egreditur,
1743 2190 1833 2235 aut
1880 2183 2154 2256 projicitur
2175 2199 2206 2242 ι

613 2253 946 2317 monasterio,
975 2253 1020 2309 si
1049 2253 1231 2309 reverti
1272 2253 1512 2322 voluerit,
1545 2253 1794 2322 spondeat
1835 2255 1979 2324 prius
2006 2271 2205 2310 onmem

612 2327 1015 2383 emendationem
1043 2328 1149 2378 vitii
1177 2341 1272 2396 pro
1303 2343 1402 2394 quo
1433 2340 1667 2395 egressus
1705 2333 1798 2386 est,
1829 2335 1875 2396 et
1907 2326 1979 2376 sic
1999 2326 2052 2378 in
2075 2325 2206 2378 ulti-

614 2415 698 2469 πω
720 2400 886 2469 gradu
914 2395 1214 2461 recipiatur.
1247 2410 1304 2451 sit
1327 2412 1391 2450 ea:
1415 2396 1512 2448 hoc
1531 2402 1646 2469 ejus
1679 2395 1942 2469 humilitas
1969 2411 2208 2469 compro-

613 2467 778 2524 batur.
811 2470 1008 2524 Eadem
1041 2483 1220 2536 paena,
1256 2479 1454 2535 praeter
1497 2467 1648 2528 alias,
1685 2468 1738 2520 in
1776 2467 1897 2536 jure
1941 2467 2208 2523 canonico

615 2544 911 2610 puniuntur
939 2541 1187 2594 monachi
1207 2540 1299 2610 qui
1329 2538 1396 2592 de
1419 2538 1763 2610 monasteriis
1783 2538 1849 2610 ad
1883 2537 2206 2610 audiendam

613 2608 949 2682 physicam,
985 2610 1036 2665 id
1089 2608 1623 2682 esu—medicinam,
1675 2619 1766 2682 aut
1820 2608 1967 2678 leges
2020 2609 2208 2682 civiles

615 2680 836 2746 exeitnt,
861 2694 914 2736 et
939 2681 1076 2736 infra
1105 2681 1242 2735 duos
1275 2695 1491 2734 menses
1531 2695 1636 2732 non
1672 2680 1902 2734 redeunt
1927 2693 2048 2747 cap.
2084 2681 2206 2734 Non

617 2769 944 2822 magnopere.
978 2750 1089 2806 Nec
1114 2753 1288 2806 clerici
1312 2751 1388 2806 vel
1419 2751 1682 2813 monachi,
1713 2760 1821 2806 etc.
1854 2752 2032 2806 Habes
2057 2766 2206 2806 ennio

614 2823 740 2949 gem
774 2838 985 2949 νωιὲειέιι
1017 2823 1243 2880 inferius
1281 2830 1538 2880 statutam
1570 2823 1623 2878 in
1657 2822 1888 2882 furiosos
1915 2830 1970 2882 et
1995 2823 2211 2880 iracun-

654 2909 716 2948 os
743 2905 846 2949 art.
915 2913 966 2948 ἱ).

654 2909 716 2948 os
743 2905 846 2949 art.
878 2895 966 2949 85.

691 2974 714 3003 °
769 2965 944 3020 Locus
994 2969 1261 3020 obscurus
1289 2976 1338 3017 et
1369 2964 1444 3033 (ni
1500 2962 1679 3033 fallor)
1710 2974 2018 3032 corruptus.
2066 2964 2209 3032 Quid

617 3039 761 3092 enim
799 3039 898 3092 hoc
928 3037 1026 3090 sibi
1057 3038 1210 3091 vult:
1246 3035 1498 3106 usquead
1539 3051 1730 3089 uocum
1759 3035 2138 3089 Testamentum
2163 3045 2211 3090 et

619 3106 974 3162 Psalterium?
998 3108 1134 3170 Puto
1164 3117 1341 3162 tamen
1369 3123 1527 3176 posse
1555 3108 1632 3162 sic
1662 3107 1880 3173 exponi.
1920 3107 2074 3173 Quod
2109 3109 2208 3162 nii-

620 3179 824 3232 niuium
872 3189 975 3242 εει,
1009 3180 1058 3232 id
1088 3187 1192 3244 est,
1227 3177 1501 3232 intellectu
1530 3177 1875 3242 facillimum;
1933 3193 2101 3248 usque
2145 3178 2211 3233 ad

619 3265 819 3303 novum
848 3249 1256 3344 lestamentum
1287 3263 1339 3304 et
1371 3248 1713 3344 Bsallet'iuni,
1755 3248 1804 3301 id
1856 3259 1961 3344 est,
2011 3260 2212 3330 praeter
2237 3280 2284 3344 ρ

617 3335 822 3374 novum
851 3319 1257 3374 Testamentum
1287 3330 1345 3374 et
1369 3319 1694 3374 Psalterium
1717 3359 1732 3383 ,
1764 3319 1908 3388 quod
1953 3321 2210 3374 memori-

617 3399 702 3445 ter
728 3405 917 3444 omnes
961 3405 1051 3445 aut
1083 3392 1327 3459 plerique
1375 3390 1626 3444 monachi
1677 3390 2009 3443 ediscebant.
2071 3392 2204 3445 Nam

619 3463 762 3531 quod
794 3461 860 3516 ad
895 3463 1110 3529 phrasin
1165 3465 1378 3525 attinet,
1410 3477 1476 3514 ne
1523 3461 1608 3516 cui
1656 3459 1901 3515 videatur
1931 3461 2162 3516 absurda
2188 3502 2204 3525 ,

619 3534 778 3602 docet
824 3534 1146 3587 Ambrosius
1191 3531 1480 3600 Calepinus
1523 3535 1798 3600 eleganter
1828 3532 2031 3586 dictum
2067 3533 2208 3602 apud

618 3601 888 3658 Plinium:
926 3605 1145 3657 Assensi
1199 3615 1323 3656 sunt
1367 3617 1555 3656 Ottmes
1596 3603 1875 3668 consules,
1927 3601 2208 3672 usquead

617 3673 957 3743 Pompeium,
1013 3675 1064 3728 id
1118 3683 1221 3736 est,
1270 3684 1494 3741 excepto
1540 3673 1817 3742 Pompeio,
1869 3675 1951 3728 vel
2011 3683 2208 3741 praeter

617 3743 950 3814 Pompeium.
1000 3745 1151 3814 Quod
1208 3754 1281 3816 et,
1319 3753 1520 3799 nostra:
1567 3744 1872 3798 vernacula:
1933 3749 2204 3816 congruit.

617 3816 823 3872 Sensus
856 3817 1017 3886 igitur
1056 3824 1140 3871 est
1173 3834 1184 3869 :
1243 3815 1433 3870 Nullus
1461 3818 1568 3870 erit
1609 3817 1661 3869 in
1714 3815 2070 3886 monasterio,
2115 3818 2207 3883 qui

619 3903 726 3941 non
769 3885 972 3955 aliquid
1023 3896 1206 3946 teneat
1247 3888 1313 3942 de
1339 3888 1651 3957 Scripturis.
1681 3885 1733 3941 id
1787 3897 1890 3952 cst,
1939 3889 2004 3941 de
2035 3887 2208 3944 veteri

616 3957 990 4025 Testamento,
1021 3959 1164 4024 quod
1197 3957 1350 4012 facile
1381 3961 1550 4029 possit
1578 3959 1644 4011 ab
1673 3958 1923 4011 omnibus
1952 3957 2206 4029 intelligi,

618 4042 677 4083 ut
718 4039 844 4084 sunt
875 4032 1144 4100 plerasque
1192 4030 1475 4084 sententia:
1524 4028 1964 4096 Proverbiorum,
2020 4028 2207 4085 Eccle-

619 4101 801 4154 siastte
849 4109 904 4155 et
957 4100 1346 4164 Ecclesiastici,
1377 4112 1428 4155 et
1461 4100 1732 4154 faciliores
1774 4114 1836 4153 ac
1880 4102 2207 4168 vulgatiores

618 4170 880 4226 historiae.
905 4172 1115 4226 Novum
1145 4183 1326 4227 autem
1354 4173 1760 4226 Testamentum
1790 4181 1842 4226 et
1882 4170 2204 4228 Psalterium

619 4257 809 4297 omnes
839 4242 1136 4298 addiscunt.
1165 4244 1238 4298 De
1270 4243 1558 4314 Evangelio
1590 4252 1645 4296 et
1672 4257 1810 4296 novo
1833 4240 2204 4314 Testamento,

617 4314 792 4382 quoad
825 4314 943 4380 ejus
987 4315 1103 4370 fieri
1144 4324 1321 4384 potest
1347 4357 1360 4374 .
1411 4313 1687 4368 memoriae
1731 4313 2203 4379 commendando,

618 4384 684 4456 Ι).
713 4387 1066 4456 llieronymtts
1091 4385 1284 4455 (Epist.
1330 4386 1385 4455 7)
1425 4385 1490 4440 ad
1543 4385 1746 4440 Lanam
1778 4385 1831 4438 itt
1866 4384 2206 4440 institutione

618 4455 764 4520 tiliae,
797 4455 1018 4528 virginis
1048 4456 1160 4510 Deo
1209 4456 1450 4528 dicundae
1473 4499 1487 4528 ,
1523 4456 1621 4528 ubi,
1663 4456 1806 4509 hunc
1848 4455 2208 4528 ordittemle-

617 4528 774 4594 geniti
826 4524 1136 4598 Scripturas
1183 4524 1518 4593 pra'scribit:
1564 4527 1749 4598 Di~cat
1778 4527 1969 4598 primo
1997 4524 2207 4584 Psalle-

619 4599 789 4662 rinm;
823 4597 901 4649 Itis
945 4611 1004 4650 se
1033 4599 1260 4654 canticis
1290 4606 1516 4660 avocet;
1555 4607 1607 4649 et
1635 4597 1687 4651 in
1723 4597 2028 4650 Proverbiis
2053 4598 2206 4652 Salo-

619 4661 794 4722 monis
827 4668 1101 4722 erudiatur
1133 4669 1196 4722 ad
1225 4671 1426 4732 vitam;
1454 4669 1508 4726 in
1535 4667 1860 4721 Ecclesiaste
1884 4679 2206 4722 consuescat
2231 4661 2287 4722 D

617 4754 738 4807 quae
764 4739 948 4793 mutuli
971 4748 1094 4793 sunt
1115 4739 1366 4800 calcare;
1399 4740 1450 4792 in
1478 4738 1580 4794 Job
1611 4739 1822 4791 virtutis
1851 4747 1904 4791 et
1931 4741 2209 4806 patientia:

617 4810 864 4877 exempla
888 4818 1144 4864 sectetur.
1185 4810 1262 4864 Ad
1299 4809 1586 4878 Evangelia
1621 4818 1875 4864 transeat.
1910 4824 2203 4876 numquam

615 4895 679 4933 ea
738 4880 1046 4941 depositura
1097 4882 1164 4934 de
1209 4880 1498 4944 manibus;
1539 4880 1920 4948 Apostolorum
1964 4882 2097 4934 Acta
2151 4889 2208 4940 et

620 4951 888 5016 Epistolas
935 4961 1042 5005 tota
1096 4952 1278 5004 cordis
1338 4952 1562 5006 imbibat
1611 4951 1904 5004 voluntate.
1962 4951 2204 5019 Cumque

619 5020 856 5086 pectoris
911 5022 994 5076 sui
1047 5023 1325 5076 cellarium
1378 5021 1462 5074 his
1511 5022 1704 5090 opibus
1759 5021 2200 5090 locupletaverit,

619 5037 856 5086 pectoris
911 5037 994 5076 sttt
1047 5037 1325 5076 ceuarmm
1378 5037 1462 5074 ms
1511 5037 1704 5090 opibus
1759 5037 1876 5074 locu
1921 5037 2196 5087 tetaverit,

617 5095 836 5146 mandet
864 5094 1139 5148 memoria:
1161 5094 1491 5163 _l’ropbetas,
1544 5104 1648 5146 etc.
1684 5090 1846 5144 Divus
1871 5037 2196 5163 glirysosto-

616 5177 738 5216 mus
779 5179 945 5217 serm.
975 5165 1010 5220 5
1045 5164 1112 5218 de
1155 5161 1369 5228 Lazar.,
1400 5164 1461 5218 ι).
1492 5163 1724 5217 Basilius
1752 5172 1805 5216 et
1833 5165 1924 5218 alii
1965 5161 2195 5221 suadent

617 5247 678 5286 ea
711 5237 942 5289 maxime
967 5244 1024 5288 et
1053 5237 1202 5302 prius
1232 5235 1333 5304 legi
1364 5250 1426 5287 ac
1465 5234 1740 5305 memoriae
1787 5234 2030 5289 mandari
2076 5252 2197 5305 quae

620 5306 743 5357 novi
795 5305 1126 5360 Testamenti
1166 5303 1310 5370 sunt,
1342 5305 1484 5376 quod
1513 5309 1626 5358 tunc
1654 5303 1890 5370 utiliora,
1924 5303 2153 5361 clariora
2182 5348 2197 5372 ,

618 5378 896 5445 magisque
919 5377 1224 5433 necessaria
1255 5389 1399 5442 sunt,
1425 5387 1479 5431 et
1505 5376 1658 5430 nobis
1691 5377 1926 5443 rriipria.
1959 5378 2200 5445 Itemque

570 5465 581 5474 ·
617 5443 908 5504 Cassianus
936 5448 1027 5502 lib.
1059 5463 1094 5502 tt
1123 5463 1243 5517 cap.
1273 5447 1306 5502 6
1337 5447 1503 5502 refert
1528 5456 1737 5502 veteres
1768 5447 2059 5502 monachos
2082 5443 2202 5503 aliis

617 5520 835 5588 quidem
885 5521 1236 5575 hebdomade:
1288 5518 1475 5572 diebus
1521 5533 1678 5570 unam
1713 5520 1929 5582 veteris,
1961 5529 2015 5572 et
2043 5520 2202 5588 aliam

621 5587 746 5644 novi
777 5587 1106 5647 Testamenti
1133 5593 1422 5646 lectionem
1455 5589 1679 5643 Psalmis
1702 5589 2005 5642 addidisse:
2032 5587 2096 5642 1n
2121 5592 2206 5645 die

621 5673 760 5726 vero,
791 5670 858 5716 ait
880 5706 895 5730 ,
921 5666 1116 5718 sabbati
1147 5663 1224 5718 vel
1255 5662 1526 5716 dominica
1551 5670 1818 5729 utramque
1852 5661 1914 5712 de
1946 5676 2075 5715 novo
2103 5659 2206 5716 Te-

623 5740 895 5790 stamento.
926 5736 1080 5804 Quod
1100 5739 1258 5790 etiam
1297 5733 1415 5788 tatis
1448 5731 1894 5803 Quinquagesima
1925 5731 2102 5790 diebus
2127 5734 2212 5806 [a-

714 5842 959 5864 '-»~'v.n

2308 1902 2446 1954 ciunt
2471 1899 2526 1954 lii
2554 1899 2736 1968 quibus
2761 1899 2910 1956 lectio
2936 1915 3078 1958 curta
3107 1909 3204 1968 est,
3235 1916 3328 1958 seu
3377 1897 3608 1954 memoria
3634 1896 3820 1966 Scripta.

2305 1987 2501 2024 rarum.
2547 1966 2669 2028 Haec
2699 1970 2791 2025 ibi.
2824 1969 3116 2025 Monachus
3159 1966 3342 2024 itidem
3372 1971 3540 2024 solere
3568 1969 3818 2040 Psalterium

2306 2045 2370 2096 ad
2395 2043 2615 2096 verbum
2644 2043 2907 2107 ediscere,
2927 2051 2982 2095 et
3005 2046 3320 2096 memoriter
3347 2051 3547 2105 tenere,
3561 2040 3724 2108 colligo
3743 2042 3816 2107 pri.
3917 2047 3919 2110 Ψ

2308 2129 2452 2167 mum
2476 2129 2539 2166 ex
2567 2115 2744 2167 verbis
2772 2113 2832 2167 D.
2869 2114 3180 2184 Hieronymi
3216 2113 3377 2168 modo
3402 2114 3640 2184 recitatis,
3664 2121 3754 2184 tutu
3775 2127 3821 2165 es

2309 2184 2430 2238 aliis
2452 2186 2692 2250 ejusdem
2714 2186 2778 2238 ad
2805 2181 3425 2239 Riisticunimonachtini
3451 2184 3597 2252 epist.
3621 2183 3679 2236 ιε
3701 2181 3822 2252 Numa

2308 2273 2467 2324 quam
2504 2256 2572 2311 de
2603 2271 2762 2310 manu
2791 2267 2845 2310 et
2874 2257 3046 2311 oculis
3073 2257 3292 2311 recedat
3320 2256 3456 2310 liber
3488 2251 3820 2324 (supplePsal-

2309 2323 2565 2395 morum),
2591 2343 2715 2382 nam
2744 2330 3004 2397 sequitur,
3039 2327 3285 2383 discatur
3321 2323 3622 2380 Psalterium
3651 2323 3710 2397 ad»
3737 2339 3821 2376 vcr-

2310 2398 2461 2463 bum,
2493 2408 2600 2453 etc.
2636 2401 2699 2452 lit
2736 2400 2788 2451 in
2824 2395 3108 2468 psalmum
3159 2399 3511 2453 centesimum
3556 2395 3822 2468 trigesimum
3919 2417 3921 2420 ⁴

2312 2472 2568 2523 tertium:
2619 2465 2930 2537 Scripturas
2977 2470 3238 2538 legimus,
3288 2469 3528 2524 Psalmoa
3555 2465 3820 2538 ediscimus,

2313 2541 2599 2610 Evangelia
2631 2536 2902 2612 tenemus,
2952 2536 3258 2612 Prophetas
3293 2540 3647 2597 edisserimus.
3687 2536 3827 2594 Solent

2312 2612 2564 2665 monachi
2611 2613 2713 2666 hoc
2762 2611 2905 2666 inter
2949 2628 3007 2666 se
3054 2611 3266 2667 habere
3314 2624 3576 2665 certamen
3619 2617 3668 2662 ιιι
3693 2615 3826 2676 plures
3922 2637 3923 2650 ι

2311 2682 2551 2738 ediscant
2583 2683 2913 2753 Scripturas,
2946 2695 2998 2737 et
3024 2685 3074 2737 in
3108 2698 3176 2738 eo
3205 2699 3274 2738 se
3303 2691 3616 2750 putentesse
3634 2677 3826 2753 meliores

2313 2754 2359 2830 si
2387 2757 2570 2830 plures
2601 2748 2943 2830 edidicerint.
2974 2754 3214 2830 Denique
3248 2748 3663 2830 cassiodoruslin
3689 2748 3830 2830 prais-

2316 2827 2462 2882 tioue
2498 2826 2729 2881 lnstitut.
2779 2827 2947 2880 divin.
2995 2827 3117 2884 lect.
3174 2828 3386 2880 tirones
3427 2824 3614 2880 Christi
3653 2824 3828 2888 primum

2315 2896 2559 2951 Psalmos
2590 2897 2801 2951 disci-re
2849 2898 3058 2970 suadet.
3101 2895 3282 2952 Porro
3313 2897 3416 2951 alia
3451 2895 3690 2970 expositio
3724 2891 3828 2970 illius

2316 2971 2636 3030 sententias,
2682 2983 2853 3036 eaque
2883 2969 3169 3031 subtilior,
3204 2983 3313 3022 nec
3362 2961 3699 3038 improbabilia
3735 2961 3828 3014 mihi

2317 3055 2491 3109 nuper
2537 3040 2712 3094 ob'ata
2741 3033 2824 3094 est
2853 3040 2904 3094 in
2939 3042 3079 3093 hunc
3106 3053 3356 3097 sensum.
3399 3033 3452 3091 ut
3495 3033 3674 3109 aliquid
3710 3039 3829 3084 tmat

2319 3106 2740 3183 de’Scripturis,
2787 3113 2921 3183 quod
2966 3113 3238 3183 minimum
3286 3121 3394 3173 est,
3442 3125 3591 3183 usque
3612 3106 3670 3158 ad
3691 3118 3832 3181 nouunt

2320 3181 2700 3237 Testamentum
2730 3193 2775 3235 et
2808 3181 3138 3236 Psalterium.
3173 3182 3293 3236 Huc
3321 3193 3403 3237 est
3428 3197 3441 3234 ε
3471 3181 3655 3253 Teneat
3684 3185 3733 3253 lli
3753 3189 3822 3253 Ill};

2322 3256 2524 3307 nimum
2564 3270 2764 3307 novum
2788 3254 3190 3308 Testamentum
3218 3263 3280 3307 et
3316 3246 3734 3323 Psalterium;_vel
3757 3245 3829 3323 ali-

2315 3325 2441 3393 quid
2476 3341 2642 3392 usque
2668 3327 2732 3377 ad
2768 3325 2890 3377 novi
2934 3324 3275 3378 Testamenti
3319 3341 3410 3378 seu
3441 3320 3832 3394 Psalterticogni-
3925 3320 3927 3368 1

2313 3391 2534 3451 ti0nem.
2560 3391 2663 3451 Ubi
2681 3395 2808 3470 illud
2832 3412 2990 3463 usque
3018 3413 3123 3470 non
3142 3407 3222 3470 est
3237 3395 3586 3470 exclusivum,
3603 3391 3684 3470 sed
3703 3391 3832 3470 potius

2313 3461 2740 3534 conjunctivnni,
2792 3461 3312 3538 seugconclusivum.
3348 3468 3464 3538 Qua
3509 3461 3832 3538 signiﬁcatione

2313 3530 2432 3594 fere
2471 3549 2760 3609 usurpatur
2790 3539 2842 3591 in
2885 3536 3200 3609 Scripturis.
3229 3537 3294 3594 In
3332 3530 3656 3609 δεηθεὶς-⁷Δὸ
3681 3530 3833 3609 ltoutt'nt

2312 3625 2474 3680 usque
2518 3610 2584 3663 ad
2608 3602 2940 3663 'animantia.
2989 3602 3188 3680 Sentini
3236 3619 3333 3664 tuo
3380 3607 3601 3680 usquein
3627 3602 3834 3657 sicculttat.

2317 3677 2488 3753 Usque
2517 3682 2568 3734 in
2598 3693 2896 3753 pra’sentem
2925 3679 3080 3734 diem.
3107 3679 3160 3753 lu
3195 3681 3430 3734 Psalmis
3456 3697 3466 3726 τ
3491 3677 3600 3730 Non
3627 3682 3690 3728 est
3716 3684 3836 3750 usque

2311 3755 2381 3826 ad
2402 3749 2588 3826 unum.
2615 3749 2787 3818 Usque
2806 3752 2875 3804 ad
2901 3762 3102 3826 noctem
3131 3752 3492 3826 increpuerunt
3514 3763 3589 3826 me
3609 3756 3836 3826 renuntii.

2310 3824 2387 3877 Ab
2416 3825 2622 3877 homine
2653 3839 2811 3892 usque
2841 3821 2911 3875 ad
2949 3839 3120 3894 pecus.
3171 3824 3234 3878 Et
3280 3819 3550 3894 similibus
3580 3819 3695 3894 locis
3717 3827 3837 3894 quam

2315 3895 2581 3961 plurimis,
2627 3882 2820 3964 quibus
2849 3882 2960 3948 noxi
3006 3893 3320 3950 excluditur
3359 3894 3500 3962 quod
3532 3889 3642 3964 huic
3682 3882 3838 3964 ξρευιε

2310 3956 2618 4038 adhibetur,
2644 3956 2738 4019 sed
2759 3965 3097 4038 concluditur
3115 3977 3171 4022 et
3188 3956 3671 4038 comprehenditur.
3685 3956 3838 4038 Forum

2313 4036 2428 4091 hac
2456 4039 2743 4106 expositio,
2771 4037 2816 4090 si
2840 4035 2979 4092 bene
3007 4029 3350 4106 inspiciatur,
3374 4034 3486 4106 fere
3499 4029 3841 4106 coinciditcanl

2311 4112 2510 4176 priore.
2531 4096 2668 4162 Cum
2692 4096 2835 4162 enim
2862 4096 3177 4177 exponitur:
3213 4096 3391 4171 Usque
3415 4105 3482 4160 ad
3511 4096 3842 4177 nouum_'_l'es_la-

2310 4169 2559 4242 mentum,
2595 4169 2948 4242 Psalterium;
2987 4178 3039 4233 id
3084 4188 3190 4241 est.
3245 4169 3453 4247 praeter
3486 4189 3667 4230 novum
3692 4169 3842 4224 Testa-

2312 4259 2553 4303 mentum
2597 4259 2651 4302 et
2689 4249 3049 4316 Psalterium,
3081 4267 3189 4304 non
3240 4253 3326 4303 sic
3376 4247 3666 4305 excluditur
3687 4251 3842 4316 novum

2310 4318 2715 4392 Testamentum
2737 4331 2791 4374 et
2811 4313 3152 4392 Psalterium,
3176 4323 3336 4392 quasi
3361 4336 3465 4392 non
3488 4320 3558 4374 sit
3581 4313 3840 4392 dicendum.

2309 4389 2405 4444 sed
2437 4392 2634 4460 potius,
2663 4407 2723 4444 ac
2753 4391 3064 4461 potissime,
3107 4381 3171 4447 ac
3191 4381 3320 4460 ἰιι-ω
3375 4391 3494 4448 aliis
3539 4381 3841 4455 comprehen-

2310 4461 2454 4517 ditur
2475 4475 2525 4517 et
2550 4466 2960 4518 commendatur
2989 4463 3366 4518 ediscendum.

2381 4531 2407 4570 ά
2441 4535 2901 4587 Similiterstatuit
2928 4535 2989 4588 D.
3015 4534 3346 4590 Benedictus
3365 4548 3486 4603 cap.
3519 4530 3604 4592 50.
3632 4529 3843 4595 παραίνεε

2311 4605 2400 4673 qui
2427 4605 2629 4675 omnino
2658 4605 2807 4675 longe
2830 4616 2947 4658 sunt
2967 4607 3020 4660 in
3043 4605 3239 4669 labore,
3263 4619 3313 4659 et
3342 4622 3444 4660 non
3473 4609 3673 4675 possunt
3699 4609 3842 4650 occur-

2313 4672 2422 4728 rere
2446 4674 2573 4728 Itora
2602 4672 2902 4746 congruenti
2939 4678 3007 4730 ad
3037 4677 3341 4740 oratorium,
3373 4672 3525 4744 agant
3550 4672 3722 4726 ibidem
3743 4678 3843 4731 opta

2314 4746 2434 4808 Dei,
2463 4748 2546 4800 ubi
2586 4757 2888 4812 operantur,
2911 4765 3027 4812 cum
3051 4757 3268 4801 tremore
3313 4749 3486 4802 divino
3521 4747 3754 4816 ﬂectentes
3775 4751 3839 4804 θεῖ’

2311 4833 2451 4882 nua;
2477 4818 2712 4889 similiter
2733 4821 2821 4889 qui
2851 4821 2903 4872 in
2926 4819 3109 4873 itinere
3147 4819 3331 4874 directi
3355 4828 3491 4883 sunt,
3522 4831 3618 4872 non
3639 4827 3715 4867 eos
3739 4819 3844 4876 βῆτ’

2309 4896 2503 4943 tereant
2529 4888 2668 4942 horae
2697 4888 3010 4954 constitutae,
3039 4900 3147 4945 etc.

2383 4969 2405 4997 ο
2431 4958 2635 5026 Nempe
2663 4952 3004 5025 monialium,
3026 4964 3108 5015 vel
3135 4957 3641 5018 sanctimonialium,
3669 4952 3740 5026 Vill
3761 4961 3846 5026 φο·

2309 5019 2624 5085 nacbarum.
2653 5029 2843 5086 Refert
2869 5019 3138 5087 Palladius
3168 5033 3220 5085 in
3258 5031 3378 5086 Vita
3410 5030 3612 5086 abbatis
3639 5019 3844 5091 Ανιιιὲο·

2307 5101 2382 5156 nii
2414 5111 2561 5155 trans
2592 5101 2812 5160 ﬂuvium
2843 5103 3040 5168 Nilum,
3071 5119 3104 5158 e
3145 5105 3368 5172 regione
3419 5087 3716 5157 monasterii
3762 5087 3845 5144 Ta-

2381 5308 2399 5348 τ
2436 5309 2493 5365 ld
2545 5319 2650 5370 est,
2688 5307 2998 5364 invisendas
3023 5307 3432 5364 ctsalutandas.
3473 5303 3585 5359 Non
3629 5297 3755 5353 enim
3779 5291 3848 5370 bit:

2305 5381 2482 5450 agitur
2512 5382 2579 5436 de
2608 5381 2913 5436 visitatione
2956 5379 3292 5440 monialium,
3325 5393 3445 5447 quae
3477 5375 3532 5428 lit
3567 5388 3596 5426 a
3641 5374 3847 5450 sollerti);

2307 5426 2482 5516 ribus,
2501 5426 2656 5522 juxta
2680 5426 2798 5518 ca'p.
2830 5426 3185 5516 Attendcntei,
3221 5426 3292 5505 de
3329 5426 3471 5502 s'tatu
3500 5426 3849 5522 mutiach..rse:tl

2311 5503 2386 5577 de
2403 5503 2672 5578 inlinunt
2687 5503 3050 5588 satiatum,
3079 5503 3420 5582 suasione,
3453 5512 3738 5582 eniliiqttiO.
3765 5503 3846 5560 iter

2311 5596 2696 5663 queutatione,
2736 5610 2855 5663 quin
2888 5596 3046 5649 etiam
3077 5593 3244 5650 sacris
3274 5591 3608 5663 rationibus:
3638 5591 3687 5638 ει
3713 5588 3847 5663 ΡΨΫ

2315 5653 2518 5729 liariter
2558 5653 2836 5724 mmtacliis
2867 5666 3160 5720 inhibetur.
3208 5663 3338 5717 Vide
3380 5677 3498 5728 cap,
3551 5653 3846 5710 Honestam-

2320 5731 2396 5792 οε
2424 5735 2547 5794 Vita
2566 5746 2614 5794 st
2639 5734 2864 5795 Benest.
2885 5735 3058 5796 cleris.
3085 5733 3224 5802 (Lib.
3253 5748 3273 5791 t
3295 5729 3602 5798 Dscrstal,).

3921 2474 3923 2600 φ
