3966 6332
124 272 238 338 ω

1379 272 1562 334 REGU
1572 275 1658 330 LA
1698 276 1754 332 S.
1799 274 2147 333 PACHOMII.

3309 283 3414 361 ’95

123 394 508 479 consobrinas,
534 408 635 450 seu
660 401 890 450 matrem
916 392 1154 450 filiorum
1182 406 1436 460 suorum;
1463 393 1509 448 si
1536 402 1716 449 autem
1744 395 1798 458 Α
1820 406 1975 447 ctiam
1998 433 2012 457 ,
2044 408 2139 463 per
2171 407 2265 449 sex
2294 394 2439 451 vices
2470 395 2904 455 commonebitur
2928 439 2947 467 ,
2996 406 3052 456 et
3100 399 3156 458 in
3183 404 3413 473 septima

122 500 180 545 et
208 498 342 543 ante
372 487 783 544 conversionem
810 495 1029 555 paterna
1053 485 1133 542 eis
1158 485 1387 557 debetur
1408 484 1716 551 litereditas,

122 589 216 637 aut
246 581 431 651 aliqua
459 596 623 637 causa
649 580 932 637 manifesta
964 589 1070 648 est,
1100 579 1317 635 mittent
1344 595 1465 635 cum
1493 581 1575 635 liis
1601 596 1723 651 pro-

122 675 267 731 bata:
297 675 479 731 aetatis
501 676 704 743 virum,
736 688 799 729 ac
825 674 978 737 vitae,
1012 681 1069 729 et
1090 673 1351 729 videbunt
1380 688 1475 728 eas
1498 716 1513 741 ,
1534 686 1603 729 ‘et
1629 689 1725 745 pa-

122 768 262 822 riter
289 774 658 823 revertentur.
690 765 861 822 Nemo
890 767 1050 839 vadat
1074 767 1141 822 ad
1172 767 1297 822 illas
1323 809 1338 833 ,
1368 767 1471 822 nisi
1505 767 1555 821 hi
1587 783 1723 839 quos

123 875 291 929 supra
332 860 603 926 diximus;
655 858 725 914 ita
771 868 829 914 ut
877 861 1111 931 primum
1168 859 1369 916 faciant
1420 861 1721 917 renuntiari

126 953 273 1023 patri
301 953 658 1023 monasterii,
700 962 757 1008 et
778 954 877 1009 ille
917 956 1099 1009 mittet
1129 956 1197 1010 ad
1241 965 1266 991 η
1310 957 1589 1023 seniores,
1632 958 1723 1027 qui

125 1047 464 1117 monasterio
506 1044 771 1118 virginum
818 1048 1049 1119 delegati
1090 1057 1257 1117 sunt,
1299 1052 1388 1121 qui
1434 1036 1724 1105 occurrent

126 1141 233 1208 eis,
259 1153 310 1195 et
326 1146 456 1196 cum
481 1142 613 1212 ipsis
634 1140 889 1211 videbunt
910 1157 1003 1199 eas
1023 1158 1154 1212 quas
1178 1158 1399 1199 necesse
1423 1143 1721 1211 habebunt,

125 1247 249 1287 cum
277 1234 426 1288 omni
448 1232 730 1303 disciplina
754 1243 810 1289 et
830 1235 1025 1292 timore
1049 1236 1164 1292 Dei.
1188 1235 1309 1292 Non
1334 1238 1413 1293 eis
1435 1238 1723 1308 loquentur

125 1325 195 1382 de
224 1328 395 1381 rebus
420 1327 791 1383 smcularlbus.

196 1418 488 1495 LXXXII].
560 1420 895 1492 Quicumque
943 1422 1011 1478 de
1058 1422 1143 1491 liis
1194 1423 1465 1478 mandatis
1516 1423 1722 1495 aliquid

134 1514 464 1582 prseterith
508 1504 711 1584 abSque
742 1506 849 1569 ulla
880 1514 1233 1581 dubitatione,
1267 1516 1609 1585 negligentia:
1642 1525 1723 1571 at-

130 1619 235 1674 que
261 1614 607 1679 contemptus
633 1615 755 1676 aget
791 1608 1162 1676 paenitentiam
1190 1649 1206 1675 ,
1236 1618 1297 1664 ut
1324 1608 1604 1679 possidere
1631 1624 1723 1662 va-

128 1696 337 1751 leamus
359 1690 524 1769 regna
552 1695 836 1753 caelorum.
1332 1692 1335 1695 ’

1826 484 2027 540 facient
2055 500 2178 541 eum
2210 501 2432 558 surgere
2457 489 2526 546 de
2552 490 2743 557 ordine
2767 493 3026 550 sessionis
3047 508 3181 569 sua,
3198 498 3254 550 et
3274 495 3418 559 inter

1826 577 2044 634 ultimos
2074 580 2462 652 collocabitur,
2510 584 2887 658 docebuntque
2935 604 3058 644 eum
3112 597 3169 644 ut
3215 587 3283 644 ab
3314 588 3415 653 hac

1827 671 2024 728 mentis
2053 674 2456 743 perturbatione
2488 678 2795 733 mundetur.
2836 680 3079 751 Cumque
3110 687 3220 735 tres
3250 689 3415 737 testes

1828 764 2019 834 dignos
2052 764 2360 820 testimonio
2388 765 2671 822 adduxerit
2717 769 2807 841 qui
2835 786 2930 839 pro
2958 785 3026 827 eo
3057 770 3416 843 polliceantur

1824 870 2159 927 nequaquam
2192 858 2365 911 simile
2395 857 2527 927 quid
2556 874 2677 914 esse
2706 860 2968 915 iacturum
2996 903 3010 928 ,
3040 862 3262 930 recipiet
3292 874 3410 917 ses-

1824 950 2036 1004 sionem
2066 962 2216 1003 suam
2245 964 2261 1012 ;
2287 949 2485 1019 alioqui
2516 950 2561 1004 si
2591 954 2949 1020 permanserit
2974 953 3027 1009 in
3055 940 3209 1023 vitio,
3237 968 3412 1011 more-

1828 1052 1911 1097 tur
1940 1038 1966 1079 ἀ
1996 1044 2136 1097 inter
2164 1042 2399 1111 ultimos,
2434 1042 2643 1111 perdito
2676 1045 2855 1113 priore
2880 1046 3025 1100 loco.

1896 1134 2185 1191 LXXXVI.
2237 1136 2339 1204 Qui
2382 1135 2573 1191 falsum
2611 1139 2759 1206 cupit
2800 1141 3031 1208 probare
3059 1149 3247 1196 contra
3277 1141 3413 1197 alte-

1824 1245 1961 1293 rum,
1997 1239 2055 1284 ut
2082 1231 2353 1301 opprimat
2379 1231 2745 1299 innocentem,
2774 1233 2934 1288 tertio
2955 1236 3406 1303 commonebitur,

1824 1332 1880 1377 et
1910 1335 2095 1391 postea
2129 1332 2153 1361 ε
2186 1337 2311 1377 reus
2339 1324 2442 1377 erit
2473 1324 2800 1398 iniquitatis,
2834 1326 2950 1383 sive
2979 1329 3047 1382 de
3097 1327 3265 1399 priori
3292 1308 3412 1399 loco

1825 1414 2007 1480 fuerit,
2040 1416 2153 1469 sive
2182 1415 2249 1470 de
2277 1414 2645 1473 inferioribus.

1896 1505 2205 1563 LXXXVII.
2251 1506 2272 1545 τ
2302 1507 2402 1575 Qui
2440 1509 2600 1564 habet
2640 1509 2932 1580 pessimam
2961 1510 3406 1568 consuetudinem

1827 1608 1887 1655 ut
1909 1600 2104 1656 fratres
2128 1618 2226 1656 suo
2251 1616 2503 1659 sermone
2525 1604 2800 1671 sollicitet,
2825 1614 2878 1659 et
2903 1613 3181 1676 pervertat
3205 1606 3414 1661 animos

1830 1694 2246 1763 sinipliciorum,
2278 1696 2439 1751 tertio
2467 1697 2901 1752 commonebitur
2931 1714 2946 1752 :
2996 1698 3043 1753 si
3070 1710 3416 1771 contempse-

194 1788 223 1829 δ
255 1778 530 1859 Praecepta
566 1799 613 1846 et
640 1792 874 1846 instituta
921 1790 1096 1847 Patris
1134 1792 1298 1847 nostri
1326 1790 1596 1847 Pachomii
1623 1792 1721 1847 Ito-
1751 1783 1801 1844 B
1831 1778 2009 1851 rit,et
2036 1788 2307 1843 obstinato
2337 1791 2517 1843 animo
2550 1790 2601 1844 in
2626 1790 2822 1845 duritia
2849 1795 3299 1862 perseveraverit,
3331 1808 3416 1851 se-

122 1883 279 1937 minis
300 1882 423 1951 Dei,
454 1884 545 1954 qui
578 1884 818 1939 fundavit
846 1885 914 1940 ab
939 1886 1162 1940 exordio
1193 1896 1392 1941 sancta:
1422 1888 1541 1940 vitte
1570 1901 1720 1940 com-

126 1977 447 2033 munionem
471 1976 627 2048 juxta
660 1978 941 2049 imperium
964 1979 1082 2035 Dei.
1112 1979 1393 2035 Plenitudo
1426 1981 1557 2051 legis
1588 1981 1716 2035 cha-

124 2069 290 2135 ritas;
322 2070 559 2140 scientes
589 2071 981 2140 tempus,quod
1016 2076 1173 2126 inStet
1194 2071 1327 2127 hora
1348 2082 1402 2126 ut
1431 2073 1498 2127 de
1525 2088 1716 2127 somno

122 2176 549 2232 consurgamus,
591 2163 735 2233 quod
776 2164 1019 2234 viciniori
1045 2167 1115 2220 sit
1149 2166 1293 2220 salus
1334 2177 1517 2221 nostra
1555 2182 1715 2236 quam

121 2266 187 2307 eo
217 2262 465 2322 tempore
504 2268 627 2308 cum
679 2255 1032 2310 credidimus.
1084 2256 1199 2309 Nox
1247 2257 1560 2325 prmcessit,
1600 2258 1717 2313 dies

119 2354 302 2400 autem
335 2348 808 2416 appropinquavit.
868 2347 1213 2417 Depouamus
1261 2364 1427 2419 opera
1469 2351 1720 2405 tenebra-

119 2451 238 2493 rum
261 2480 277 2501 ,
312 2454 439 2508 quae
465 2451 591 2494 sunt
615 2442 990 2497 contentiones
1015 2487 1029 2511 ,
1061 2443 1444 2512 detractiones,
1477 2445 1631 2513 odia,
1664 2452 1720 2501 et

120 2532 385 2585 tumentis
413 2532 579 2586 animi
608 2533 881 2602 superbia.

187 2620 481 2680 LXXXIV.
511 2623 611 2692 Qui
644 2625 815 2680 facilis
839 2634 921 2680 est
948 2626 1013 2680 ad
1044 2626 1433 2682 detrahendum
1460 2670 1474 2692 ,
1507 2638 1561 2684 et
1591 2628 1717 2685 dicit

121 2715 261 2785 quod
290 2731 399 2769 non
426 2726 510 2771 est
539 2717 627 2786 qui
660 2718 713 2770 in
745 2718 848 2772 hoc
881 2727 1101 2789 peccato
1137 2719 1290 2772 fuerit
1321 2720 1713 2788 deprehensus,

120 2809 421 2862 monebunt
449 2822 573 2863 eum
605 2809 844 2863 secundo
870 2824 885 2873 ;
930 2818 983 2863 et
1015 2808 1058 2862 si
1098 2810 1285 2865 audire
1310 2812 1714 2881 contempserit,

122 2902 449 2971 separabunt
498 2918 620 2956 eum
672 2913 823 2958 extra
868 2916 1190 2957 conventum
1232 2906 1452 2959 fratrum
1505 2915 1712 2973 septem

120 2997 327 3063 diebus,
365 3006 419 3051 et
455 3006 477 3035 ε
506 3011 699 3067 panem
733 3007 937 3052 tantum
985 3012 1109 3052 cum
1149 3014 1287 3067 aqua
1318 2999 1584 3067 accipiet,
1616 2998 1715 3053 do~

129 3103 227 3143 nec
251 3088 571 3156 polliceatur
599 3098 760 3158 atque
790 3089 1074 3143 conlirmet
1103 3104 1162 3144 se
1193 3090 1261 3143 ab
1301 3090 1401 3145 hoc
1446 3091 1579 3144 vitio
1630 3105 1717 3145 re-

119 3193 419 3247 cessurum,
455 3188 512 3234 et
538 3180 618 3234 sic
647 3180 947 3235 dimittetur
973 3182 1044 3235 ei.

186 3271 463 3329 LXXXV.
499 3271 557 3327 Si
586 3272 707 3343 quis
735 3273 1022 3328 iracundus
1059 3282 1107 3329 et
1138 3272 1372 3328 furiosus
1403 3273 1711 3343 frequenter

121 3370 371 3428 irascitur
395 3369 516 3426 sine
542 3381 702 3424 causa
732 3410 750 3438 ,
782 3376 839 3424 et
885 3376 1106 3439 propter
1144 3384 1259 3423 rem
1291 3369 1503 3423 inanem
1534 3378 1588 3424 et
1617 3384 1706 3423 va-

1823 1880 2093 1949 parabunt
2122 1896 2242 1936 eum
2277 1892 2425 1937 extra
2456 1885 2868 1949 monasterium,
2898 1895 2953 1941 et
2984 1894 3009 1933 ε
3056 1886 3417 1943 verberabunt

1823 1988 1943 2028 eum
1977 1984 2104 2030 ante
2135 1975 2279 2030 fores
2304 1975 2520 2046 triginta
2554 1992 2770 2042 novem,
2805 1978 3116 2049 dabuntque
3141 1980 3190 2034 ei
3219 1979 3286 2033 ad
3327 1994 3416 2035 ve-

1826 2068 2085 2122 scendum
2114 2084 2305 2124 nauem
2338 2069 2514 2123 solum
2540 2077 2596 2125 et
2620 2084 2832 2140 aquam,
2862 2070 3036 2126 donec
3072 2069 3358 2128 mundetur
3386 2088 3415 2126 tt

1825 2161 2092 2217 sordibus.

1896 2254 2231 2310 LXXXVIII.
2264 2254 2291 2292 ιι
2324 2256 2423 2321 Qui
2451 2256 2614 2310 habet
2657 2257 2946 2327 pessimam
2970 2258 3415 2319 consuetudinem

1828 2347 2225 2412 murmurandi,
2258 2357 2310 2401 et
2340 2348 2491 2417 quasi
2533 2351 2684 2418 gravi
2732 2363 2897 2417 opere
2936 2366 2995 2405 se
3024 2352 3254 2421 opprimi
3287 2366 3417 2423 que-

1824 2438 1981 2504 ritur,
2014 2439 2282 2495 docebunt
2320 2456 2440 2494 eum
2466 2441 2752 2509 quinquies
2779 2441 2920 2511 quod
2954 2443 3070 2497 sine
3096 2458 3254 2497 causa
3278 2458 3418 2498 mur-

1826 2540 2023 2599 muret,
2050 2541 2105 2586 et
2128 2532 2415 2587 OSteudent
2444 2533 2729 2602 perspicue
2751 2534 3072 2600 veritatem;
3093 2535 3137 2589 si
3160 2544 3278 2604 post
3301 2534 3418 2590 haec

1821 2624 2141 2679 inobediens
2189 2626 2371 2689 fuerit,
2421 2636 2476 2681 et
2520 2634 2603 2679 est
2648 2625 2902 2695 perfectae
2947 2627 3145 2697 aetatis,
3192 2629 3264 2683 ita
3292 2642 3416 2699 eum

1822 2718 2094 2773 habebunt
2125 2761 2139 2786 ,
2171 2728 2229 2773 ut
2273 2735 2438 2773 unum
2471 2718 2537 2773 de
2565 2721 2951 2789 aegrotantibus
2974 2761 2990 2786 ,
3021 2730 3075 2775 et
3104 2731 3332 2789 ponetur
3360 2721 3415 2779 in

1821 2813 1944 2867 loco
1970 2811 2329 2878 inlirmorum,
2366 2812 2543 2880 ibique
2570 2812 2747 2866 aletur
2776 2814 3003 2877 otiosus,
3036 2812 3209 2867 donec
3230 2813 3415 2868 redeat

1822 2904 1889 2958 ad
1922 2907 2226 2959 veritatem.
2276 2903 2334 2960 Si
2365 2914 2544 2956 autem
2572 2904 2715 2972 justa
2742 2915 2824 2957 est
2852 2904 3004 2957 illius
3039 2904 3255 2973 querela
3300 2914 3353 2959 et
3381 2918 3415 2961 a
3450 2940 3455 2943 -

1822 2996 2026 3064 majore
2061 2995 2240 3063 inique
2265 2996 2605 3063 Oppriinitur,
2639 2995 2733 3066 qui
2763 3010 2887 3051 eum
2921 2995 3307 3052 scandalizavit
3335 2996 3415 3054 ei-

1822 3087 1945 3142 dem
1978 3086 2263 3141 sententize
2290 3086 2609 3156 subiacebit.

1740 3180 1787 3245 (ς
1886 3178 2179 3236 LXXXIX.
2216 3178 2232 3217 ί
2264 3180 2319 3235 Si
2349 3180 2667 3234 inobediens
2694 3172 3017 3250 quis‘l'uerit,
3056 3184 3145 3233 aut
3168 3172 3414 3235 "conten-

1819 3277 1992 3331 tiosus
2021 3288 2107 3330 aut
2141 3274 2527 3339 contradictor,
2559 3283 2653 3328 aut
2684 3273 2934 3337 mendax,
2964 3282 3019 3329 et
3046 3262 3127 3329 εει
3153 3276 3409 3345 perlecta

1815 3371 2011 3439 aetatis,
2042 3369 2222 3424 decies
2251 3367 2681 3424 commonebitur
2712 3375 2768 3422 ut
2809 3366 3037 3423 desistat
3081 3382 3113 3422 a
3138 3368 3303 3424 vitiis.
3345 3368 3404 3424 Si

1191 3526 1443 3583 ALARDI
1483 3526 1719 3583 GAZEI
1757 3525 2329 3583 COMMENTARIUS.

123 3664 434 3730 bennensis,
450 3678 545 3718 seu
567 3660 938 3724 Pacbomiani,
960 3659 1126 3715 fuisse
1149 3659 1291 3713 aliud
1320 3659 1707 3715 monasterium

122 3737 634 3808 quadringentorum
662 3733 960 3808 puellarum
982 3730 1320 3808 sequentium
1350 3732 1537 3785 eadem
1559 3733 1711 3786 insti-

123 3804 228 3863 tuta
270 3806 586 3864 Pachumii,
616 3804 681 3857 ad
710 3819 842 3872 quas
900 3817 1095 3871 praeter
1128 3806 1501 3873 preshy‘eruui
1550 3818 1712 3856 nemo

124 3881 397 3935 transiret.
448 3876 515 3931 Ι).
551 3875 913 3946 Hieronymus
942 3875 1100 3943 epist.
1136 3874 1201 3929 16
1249 3872 1437 3927 seribit
1481 3872 1539 3927 S.
1573 3874 1713 3946 Mar-

122 3952 310 4005 cellam
346 3949 413 4001 ab
442 3944 825 4001 Alexandrinis
846 3946 1217 4000 sacierilotibus
1246 3955 1299 3998 et
1321 3948 1379 3998 S.
1413 3944 1711 3998 Athanasio

123 4020 295 4076 Vitam
330 4018 391 4074 S.
428 4018 684 4081 Antonii,
732 4031 831 4070 nec
871 4032 975 4069 non
1009 4017 1455 4069 monasteriorum
1484 4016 1533 4069 in
1568 4015 1712 4070 Tlte-

123 4092 273 4147 baide
301 4090 603 4153 Pachumii,
632 4096 687 4141 et
715 4090 981 4156 virginum
1008 4103 1071 4140 ac
1117 4087 1397 4140 viduarum
1445 4088 1511 4137 ab
1538 4101 1604 4140 eo
1634 4089 1714 4140 in-

124 4166 429 4218 stitutarum
452 4158 709 4213 didicisse
730 4158 1094 4227 disciplinam,
1122 4172 1221 4211 nec
1244 4159 1523 4212 erubuisse
1554 4157 1714 4224 proti-

127 4236 221 4291 teri
266 4231 408 4299 quod
458 4230 676 4284 Christo
706 4229 919 4299 placere
947 4238 1294 4299 Cognoverat.
1324 4230 1396 4283 De
1439 4228 1628 4283 iisdem
1661 4237 1716 4285 et

126 4306 244 4360 aliis
273 4297 605 4358 mouialibus
635 4297 798 4367 agetis
828 4298 988 4367 epist.
1020 4301 1089 4353 48
1123 4318 1135 4353 :
1173 4297 1338 4351 Moris
1367 4311 1468 4365 est,
1517 4301 1709 4367 inquit,

127 4378 177 4430 in
207 4374 423 4445 fgyptt'
453 4384 500 4425 et
534 4371 706 4445 Syrtin
734 4371 1087 4445 monasteriis,
1140 4379 1195 4423 ut
1239 4382 1343 4445 tum
1373 4373 1516 4443 virgo
1560 4387 1715 4445 quam

98 4441 462 4514 'riduaI'qua:
505 4459 559 4495 se
601 4441 710 4495 Deo
751 4443 998 4514 vovet-int,
1031 4450 1080 4494 et
1129 4442 1319 4495 swculo
1362 4441 1714 4496 renuntiantes

130 4534 299 4571 omnes
345 4512 557 4568 delicias
606 4514 780 4567 surculi
810 4512 1183 4571 caiiculcarint,
1230 4514 1419 4565 crinem
1460 4524 1717 4565 monaste-

130 4590 327 4641 rimus
374 4584 627 4640 matribus
675 4582 891 4650 aﬂuant
936 4583 1313 4646 desecandum,
1377 4599 1479 4636 non
1529 4585 1716 4636 intecto

132 4670 323 4727 postea,
373 4665 557 4709 contra
605 4655 836 4727 Apostoli
887 4656 1205 4709 voluntatem
1248 4656 1290 4723 (Ι
1319 4651 1443 4727 Cor.
1490 4654 1589 4724 ιι),
1636 4657 1719 4707 iri-

132 4724 348 4783 cessum
399 4728 606 4790 capite,
660 4724 748 4778 sed
799 4725 958 4792 ligato
1008 4727 1198 4791 pariter
1250 4740 1315 4777 ac
1366 4725 1552 4791 uelato,
1604 4737 1713 4780 etc.

131 4798 266 4854 Vide
280 4797 527 4853 eumdem
548 4795 602 4851 in
628 4796 898 4863 epitaphii)
921 4793 1125 4863 Paulae,
1154 4796 1240 4850 ubi
1267 4798 1572 4850 tuOnialium
1601 4796 1718 4863 ejus

134 4869 495 4936 disciplinam,
548 4866 811 4936 psallendi
840 4881 1066 4935 morem,
1098 4868 1312 4935 aliaque
1343 4867 1582 4920 instituta
1623 4868 1720 4921 de-

137 4942 340 4995 Scribit.
372 4940 431 4995 S.
464 4941 593 4992 item
636 4938 964 5006 Augustinus
994 4942 1111 4992 loco
1157 4939 1247 4991 illo
1276 4952 1421 5004 saepe
1447 4940 1612 4992 citato
1650 4938 1719 4992 de

139 5012 368 5066 Moribus
397 5010 680 5073 Ecclesiae,
714 5019 993 5077 postquam
1020 5010 1089 5064 de
1116 5012 1501 5063 monachorum
1524 5019 1577 5062 et
1604 5024 1716 5064 cm-

138 5085 437 5137 nobitarum
464 5083 575 5134 vita
610 5088 815 5149 egerat,
844 5080 1026 5134 subdit
1054 5081 1252 5135 deinde
1279 5079 1347 5133 de
1394 5080 1721 5133 monialibus

138 5163 192 5208 et
216 5152 529 5223 virginibus,
572 5167 694 5218 quas
720 5152 925 5223 eisdem
962 5149 1176 5223 legibus
1207 5161 1263 5206 et
1288 5150 1546 5223 in_stitutis
1572 5152 1719 5223 vive-

140 5221 453 5279 bantme
484 5231 569 5276 est
594 5224 761 5275 etiam
806 5221 912 5276 vita
955 5221 1274 5277 feminarum
1320 5221 1435 5276 Deo
1485 5221 1719 5277 sollicite

138 5305 387 5365 casteque
411 5294 785 5357 servientium,
809 5308 934 5362 qua:
957 5292 1275 5350 habitaculis
1306 5303 1623 5363 at-gregattn,
1654 5307 1718 5347 ac

139 5364 353 5420 remoue
379 5381 410 5419 a
441 5366 608 5428 viris,
640 5379 796 5431 quam
842 5365 1153 5433 longissime
1180 5364 1353 5429 decet,
1391 5365 1471 5433 pia
1513 5376 1716 5417 tantum

140 5436 246 5491 illis
269 5437 527 5493 charitate
564 5435 879 5505 junguntur,
930 5445 985 5490 et
1025 5436 1327 5491 imitatione
1365 5438 1612 5500 virtutis;
1650 5434 1718 5490 ad

141 5522 272 5578 quas
294 5508 552 5578 iuvenum
586 5510 777 5561 nullus-
802 5522 1056 5562 accessus
1106 5518 1218 5573 est,
1254 5523 1429 5574 neque
1478 5510 1715 5575 ipsorum

140 5578 381 5651 quamvis
413 5579 856 5651 gravissimorum
888 5590 937 5633 et
971 5581 1467 5648 potentiSsimorum
1494 5594 1717 5651 senum;

143 5648 245 5707 nisi
272 5648 437 5717 nume
474 5650 913 5711 adtvestibuium,
957 5652 1259 5705 necessaria
1292 5650 1561 5717 praebendi
1596 5648 1720 5718 qui-

145 5721 246 5777 bus
271 5722 500 5793 indigent
527 5723 723 5794 gratia.
754 5721 1017 5777 laniﬁcio
1061 5737 1296 5794 namque
1331 5736 1531 5794 corpus
1561 5734 1720 5774 eser-

145 5802 272 5852 setit
290 5792 801 5863 modumsatis.
830 5806 1123 5864 mosque
1146 5793 1294 5863 ipsas
1320 5792 1582 5850 fratribus
1615 5799 1726 5849 tn-

1816 3658 1979 3723 dunt;
2012 3658 2081 3714 ab
2125 3658 2191 3715 iis
2222 3658 2449 3714 invicem
2478 3656 2622 3715 quod
2651 3658 2813 3714 victui
2841 3673 2977 3729 opus
3006 3666 3093 3714 est
3135 3671 3411 3721 resumens

1824 3741 1923 3793 tes,
1956 3741 2061 3785 PIC.

1890 3810 1917 3840 ι
1947 3801 2082 3855 Hinc
2105 3799 2379 3869 roliigitur
2406 3799 2671 3856 nioniales
2698 3800 2801 3863 iam
2830 3809 2939 3855 tum
2964 3799 3223 3855 habuisse
3248 3815 3416 3870 quos-

1819 3872 1943 3927 dam
1969 3873 2215 3926 seniores
2234 3888 2328 3926 seu
2360 3872 2546 3926 Patres
2572 3872 2881 3940 spirituales
2904 3872 2956 3926 iti
2984 3873 3235 3941 proximo
3264 3887 3414 3931 com.—

1818 3955 2090 3996 morautes
2118 3985 2132 4007 ,
2177 3958 2205 3995 a
2248 3944 2443 4009 quibus
2495 3942 2895 3998 instruerentur
2936 3952 2992 3998 et
3019 3942 3412 4011 dirigerentur,

1817 4015 1907 4083 qui
1932 4018 2090 4083 vulgo
2122 4011 2443 4068 cmifess:irii
2476 4023 2757 4068 Vocantur.

1889 4084 1917 4123 ι)
1940 4087 2157 4138 Videtur
2172 4085 2260 4139 hic
2279 4085 2586 4138 addendum
2615 4086 2741 4145 alia,
2769 4095 2827 4139 ut
2848 4084 2920 4138 sit
2942 4082 3055 4139 haec
3072 4097 3219 4138 nova
3244 4084 3417 4139 sectio

1818 4167 1872 4211 et
1888 4171 2011 4225 pars
2025 4156 2264 4225 Regulae,
2284 4172 2404 4225 quae
2416 4156 2482 4208 ad
2502 4157 2895 4211 correctionem
2910 4155 3164 4209 vitiorum
3186 4164 3412 4221 spectat.

1891 4238 1914 4266 ο
1944 4228 2216 4308 J_ejuuiutu
2248 4229 2306 4308 in
2349 4241 2486 4308 parte
2529 4234 2584 4279 et
2611 4242 2768 4308 aqua,
2810 4226 3257 4308 iumgravioribus
3293 4227 3412 4281 cul-

1818 4299 1921 4368 pis.
1960 4300 2032 4351 De
2054 4312 2161 4365 quo
2188 4298 2349 4350 etiam
2377 4296 2511 4351 infra
2546 4306 2649 4351 art.
2679 4296 2746 4350 87
2775 4303 2831 4351 et
2861 4296 2986 4351 121.

1889 4365 1916 4406 ⁴¹
1948 4368 2093 4422 Idem
2120 4382 2283 4433 supra
2312 4379 2417 4421 art.
2448 4367 2518 4420 62
2540 4379 2593 4421 ct
2622 4367 2756 4421 infra
2788 4376 2891 4421 art.
2927 4364 3001 4421 92
3028 4373 3083 4420 et
3122 4366 3212 4422 94.

1892 4448 1916 4477 ο
1947 4440 2245 4493 Calumnim
2269 4478 2283 4503 ,
2314 4452 2408 4491 seu
2433 4437 2549 4492 falsi
2574 4438 2816 4493 criminis
2838 4448 2891 4491 et
2919 4453 3092 4506 parua!
3118 4438 3417 4493 calumnia-

1820 4510 2028 4563 toribus
2050 4520 2266 4562 Slutttlm
2289 4510 2579 4567 obnoxius,
2599 4509 2670 4563 de
2698 4525 2800 4576 qua
2820 4516 3038 4563 exstant
3061 4508 3170 4562 duo
3195 4509 3414 4565 decreta

1818 4582 1912 4636 lib.
1951 4596 1981 4633 v
2011 4580 2401 4643 Decretalium,
2435 4580 2513 4633 tit.
2543 4580 2599 4643 2,
2634 4580 2700 4634 de
2722 4579 3239 4635 Calutnniatoribus.

1897 4650 1917 4692 ί
1966 4651 2302 4708 Susurroues
2362 4660 2418 4704 et
2464 4654 2772 4704 turbatores
2825 4651 3228 4705 communitatis
3279 4652 3415 4707 oliui

1821 4722 2145 4777 verberibus
2196 4724 2439 4776 coerciti.
2499 4721 2633 4775 Vide
2665 4722 2920 4791 Itegulam
2966 4723 3081 4776 divi
3134 4721 3416 4780 Benedicti

1821 4810 1942 4862 cap.
1975 4794 2048 4849 ‘25
2078 4803 2130 4847 et
2159 4794 2251 4853 28,
2289 4804 2406 4861 post
2437 4791 2751 4847 Cassianum
2781 4794 2870 4848 lib.
2906 4808 2957 4847 tv
2982 4807 3034 4847 c.
3060 4791 3149 4846 16.

1897 4874 1922 4912 ε
1953 4866 2086 4919 Puto
2128 4878 2252 4917 esse
2310 4863 2525 4917 ablativi
2575 4878 2767 4929 casus,
2794 4879 2902 4918 non
2958 4862 3318 4931 nominativi;
3361 4877 3418 4921 ot

1824 4936 2252 4991 subaudiendum
2278 4934 2569 4988 uerberibus
2598 4937 2715 4989 sive
2748 4936 2940 5005 plagis.
2980 4934 3240 4989 Videntur
3267 4939 3413 4990 enim

1823 5018 2099 5074 stieetasse
2125 5008 2428 5071 exemplum
2455 5006 2723 5074 Apostoli,
2749 5012 2838 5077 qui
2862 5022 2921 5061 se
2951 5008 3231 5073 prolitetur
3261 5011 3413 5073 quiu-

1823 5084 1978 5146 quies
1998 5078 2393 5147 quadragenas,
2420 5093 2522 5129 una
2550 5078 2749 5140 minus,
2768 5079 2820 5131 id
2841 5088 2944 5141 est,
2974 5078 3189 5144 triginta
3213 5092 3412 5131 novem

1826 5150 2008 5218 plagas
2038 5164 2066 5202 a
2088 5148 2286 5201 .ludzeis
2313 5147 2591 5215 accepisse
2614 5147 2679 5217 (ll
2707 5147 2825 5201 Cor.
2857 5148 2953 5215 xi).
2979 5147 3245 5214 Quorsum
3269 5151 3416 5203 enim

1827 5222 2039 5289 triginta
2070 5235 2261 5272 novem
2287 5220 2536 5273 monachi
2568 5221 2635 5272 ad
2668 5235 2833 5273 unum
2859 5220 3258 5274 verberandum
3288 5234 3417 5273 con.-

1823 5288 2172 5346 currissent?
2200 5290 2402 5343 Eadem
2432 5307 2583 5357 paena
2610 5292 2866 5344 statuitur
2893 5288 3027 5344 infra
3057 5298 3163 5343 art.
3201 5289 3326 5345 121.

1895 5362 1926 5399 ιι
1952 5361 2152 5415 Vitium
2201 5363 2643 5416 murmurationis
2679 5360 2808 5415 olim
2847 5362 3094 5429 graviter
3122 5362 3263 5415 inter
3302 5374 3416 5415 mov-

1829 5432 2030 5487 nachos
2063 5432 2328 5500 punitum.
2387 5433 2462 5486 De
2515 5447 2624 5501 quo
2675 5432 2971 5487 Cssiauus
3003 5431 3097 5486 lib.
3125 5446 3180 5485 iv
3217 5446 3267 5485 c.
3301 5432 3337 5486 ϐ
3360 5440 3417 5491 ot

1830 5505 1892 5558 D.
1922 5504 2516 5559 Benedictustumalias
2540 5518 2708 5570 swpe,
2733 5515 2841 5558 tum
2874 5505 3142 5573 praecipue
3164 5517 3283 5569 cap.
3315 5503 3418 5557 ὅδε

1822 5576 1954 5631 Ante
1976 5576 2167 5639 omnia,
2196 5575 2387 5645 inquit,
2418 5590 2478 5628 ne
2505 5575 2927 5628 murmurationis
2957 5575 3151 5645 malunt
3176 5588 3268 5643 pro
3288 5587 3418 5645 qua

1824 5648 2079 5717 licuiuque
2110 5642 2301 5709 causa]
2343 5648 2397 5698 in
2446 5646 3012 5715 atiauo‘uuulicumqua
3048 5642 3201 5699 verba
3228 5642 3310 5703 ναι
3339 5642 3418 5700 si-

1824 5720 2160 5794 gniﬁcatione
2190 5727 2461 5794 appareat.

1905 5787 1923 5827 ί
1956 5791 2019 5844 D.
2049 5790 2371 5846 Benedictus
2400 5804 2521 5850 cap.
2554 5786 2626 5842 25
2650 5798 2708 5845 et
2732 5786 2821 5844 38.
