3966 6332
154 376 240 434 297

154 587 222 641 cui
246 583 528 654 deputatus
557 591 639 638 est
666 579 869 646 vivere,
909 579 1087 635 omnia
1115 595 1233 650 qua:
1272 590 1543 652 praecepta
1582 591 1708 638 sunt

155 692 314 734 coram
350 676 460 731 Deo
500 675 790 729 observare
818 672 1058 728 debebit.

210 767 335 824 CVI.
390 765 661 836 Quidquid
713 765 1076 821 necessarium
1128 772 1249 831 est,
1300 766 1413 822 sive
1456 766 1509 821 in
1552 782 1705 838 agro,

153 864 249 919 sive
270 860 324 915 in
354 860 705 926 monasterio,
736 857 1055 930 praepositus
1080 856 1241 914 etiam
1265 873 1373 914 non
1404 859 1708 931 postulatus

151 955 352 1025 impleat
364 994 378 1007 .

207 1043 357 1101 CVII.
400 1053 427 1083 ι
462 1043 573 1101 Sex
613 1044 887 1099 orationes
923 1043 1120 1099 facient
1148 1042 1510 1114 vespertinas,
1555 1044 1709 1114 juxta

150 1138 437 1207 exemplum
469 1136 689 1206 majoris
706 1136 1037 1203 collectae,in
1062 1152 1167 1207 qua
1189 1152 1378 1192 omnes
1401 1136 1594 1191 fratres
1617 1150 1711 1206 pa-

151 1230 264 1287 riter
305 1237 721 1299 congregantur.

206 1321 381 1378 CVIII.
410 1320 646 1377 Summa:
687 1320 990 1376 dilectionis
1016 1329 1099 1376 est
1124 1362 1139 1388 ,
1178 1320 1205 1360 ι)
1245 1320 1455 1376 etiamsi
1495 1320 1713 1375 difﬁcile

149 1415 316 1481 fuerit,
338 1423 399 1469 ut
427 1414 634 1469 nullum
667 1428 803 1470 onus
830 1414 1086 1481 habeant,
1114 1429 1213 1470 nec
1240 1430 1306 1471 ex
1336 1429 1499 1470 onere
1525 1430 1715 1470 nasca-

150 1517 220 1563 tur
247 1508 489 1565 taedium.

210 1596 344 1655 CIX.
378 1599 436 1654 Si
462 1599 583 1670 quis
616 1598 815 1655 deforis
844 1599 1075 1666 venerit,
1116 1609 1170 1655 et
1205 1608 1340 1654 aeStn
1370 1598 1713 1663 Iaboraverit,

149 1694 333 1764 aliique
362 1692 558 1748 fratres
586 1693 882 1748 orationem
910 1693 1335 1760 celebraverint,
1385 1693 1430 1747 si
1481 1692 1561 1748 ire
1600 1706 1706 1747 non

150 1794 339 1857 potest,
372 1801 479 1840 non
509 1794 751 1856 cogatur.

1369 365 1648 430 REGULA
1691 372 1751 430 S.
1791 370 2134 431 PACHOMII.

210 490 310 549 CV.
350 488 451 557 Qui
486 488 600 545 vult
628 486 744 544 sine
770 486 978 543 macula
1018 493 1074 543 et
1107 493 1420 553 contemptu
1459 491 1513 545 in
1543 491 1705 548 domo
1729 495 1784 556 Α

3277 374 3383 432 298

2222 490 2299 544 De
2322 489 2542 545 vestibus
2574 490 2964 546 monachorum.

1881 581 2064 639 CXIII.
2093 579 2124 618 ιι
2146 581 2204 637 Si
2244 579 2364 651 quis
2383 580 2452 635 de
2475 580 2557 635 his
2585 595 2705 650 quae
2733 588 2996 651 praecepta
3020 585 3142 636 sunt
3160 580 3388 649 amplius
3449 645 3458 657 '

1809 672 2058 729 habuerit
2085 672 2288 742 absque
2311 672 2662 726 concessione
2705 672 2923 739 majoris
2944 713 2959 736 ,
2986 672 3298 727 deferentur
3320 673 3388 727 ad

1810 768 2091 825 custodem
2119 766 2389 831 vestium;
2420 773 2474 820 et
2502 764 2734 819 intrandi
2767 765 2918 834 illuc,
2949 765 3034 820 vel
3076 762 3413 833 postulandi

1811 876 1917 916 non
1937 858 2154 915 habebit
2182 864 2526 928 potestatem,
2559 857 2655 910 sed
2680 864 2839 911 erunt
2864 856 2964 912 sub
2986 856 3263 927 praepositi
3298 869 3391 911 ar-

1812 952 1996 1022 bitrio,
2023 961 2114 1006 aut
2144 951 2235 1020 qui
2263 949 2532 1005 secundus
2559 957 2641 1003 est
2665 948 2733 1003 ab
2758 963 2841 1004 eo.

1888 1043 1907 1081 ί
1944 1044 2211 1117 Ρνιεεερια
2238 1042 2511 1097 Pachomii
2539 1043 2601 1095 de
2630 1042 2839 1095 collecta
2860 1043 3101 1111 fratrum,
3121 1044 3393 1114 quomodo

1814 1136 2039 1192 collecta
2068 1136 2187 1192 fieri
2216 1134 2425 1201 debeat,
2462 1143 2515 1189 et
2552 1133 2743 1188 fratres
2782 1134 2893 1187 sint
2921 1136 3280 1204 congregaudi
3321 1135 3386 1189 ad

1815 1227 2140 1283 audiendum
2161 1226 2386 1282 verbum
2408 1225 2524 1290 Dei,
2556 1224 2708 1294 juxta
2732 1232 2997 1293 praecepta
3027 1225 3312 1292 majorum,
3337 1233 3395 1280 et

1817 1319 2113 1375 doctrinam
2141 1327 2450 1375 sanctarum
2463 1318 2882 1385 Scripturarum,
2915 1326 2973 1370 ut
3002 1316 3295 1372 liberentur
3328 1318 3397 1373 de

1816 1428 2003 1469 errore
2032 1414 2224 1467 animae
2266 1426 2651 1467 conversorum
2673 1453 2686 1478 ,
2719 1420 2775 1466 et
2802 1409 3110 1480 glorificent
3148 1412 3314 1466 Deum
3345 1411 3401 1465 in

1818 1507 1940 1562 luce
1968 1507 2260 1562 viventium
2297 1523 2311 1559 :
2342 1512 2401 1560 ut
2429 1505 2605 1559 sciant
2634 1503 2901 1570 quomodo
2930 1511 3178 1570 Oportcat
3209 1503 3261 1557 in
3305 1501 3401 1557 do-

1819 1611 1911 1652 mo
1940 1596 2037 1651 Dei
2070 1594 2381 1651 conversari
2423 1595 2542 1650 sine
2590 1595 2742 1648 ruina
2785 1602 2839 1649 et
2889 1592 3176 1661 seandalo,
3210 1602 3265 1648 et
3295 1607 3402 1648 non
3474 1652 3485 1667 ,

1820 1687 2157 1743 inebrientur
2193 1687 2368 1757 aliqua
2418 1687 2709 1757 passione;
2743 1685 2836 1739 sed
2884 1692 3027 1739 stent
3064 1684 3117 1739 in
3150 1699 3404 1738 mensura

1823 1778 2066 1834 veritatis
2094 1788 2148 1834 et
2184 1777 2561 1833 traditionibus
2590 1776 2974 1846 Apostolorum
3019 1785 3074 1831 et
3103 1775 3405 1844 PrOpIteta-

208 1875 322 1932 (ΣΧ.
349 1886 371 1915 ο
398 1876 627 1944 Quando
660 1874 933 1945 praepositi
961 1874 1241 1930 domorum
1272 1874 1468 1931 fratres
1492 1873 1559 1929 de
1592 1888 1721 1929 con—
1748 1894 1799 1955 Β
1825 1885 1943 1925 rum
1970 1910 1985 1935 ,
2018 1877 2071 1924 et
2110 1868 2508 1924 solemnitatum
2554 1868 2798 1922 ordinem
2844 1876 3095 1933 teneant,
3134 1867 3406 1923 imitantes

152 1970 389 2025 versione
428 1976 629 2024 sanctas
658 1969 784 2023 vitae
826 1968 1133 2037 docebunt,
1173 1968 1379 2039 absque
1407 1968 1721 2039 gravissima

154 2058 458 2130 aegritudine
481 2059 661 2114 nullus
690 2059 882 2114 aberit.

209 2150 346 2207 CXI.
382 2149 411 2188 ά
450 2151 682 2220 Majores
722 2152 1045 2223 quicumque
1078 2168 1109 2208 e
1139 2152 1397 2210 fratribus
1442 2154 1724 2209 mittuntur

153 2242 303 2306 foras,
329 2241 583 2313 quamdiu
612 2242 684 2296 ibi
712 2242 947 2312 fuerint,
986 2243 1261 2299 habebunt
1287 2245 1375 2315 jus
1402 2246 1723 2315 praeposito-

154 2351 278 2403 rum,
314 2344 511 2391 cuncta
536 2344 791 2407 gerentur
816 2336 1044 2391 arbitrio
1074 2352 1285 2402 eorum,
1322 2337 1590 2394 docebunt
1623 2337 1730 2392 fra-

154 2436 253 2483 tres
273 2442 376 2499 per
393 2428 718 2484 constitutos
745 2429 892 2495 dies;
923 2436 977 2485 et
1002 2429 1047 2485 si
1079 2430 1217 2485 forte
1240 2430 1438 2500 aliquid
1468 2431 1607 2486 inter
1635 2446 1729 2487 eos

153 2526 322 2574 ortum
336 2518 503 2575 fuerit
529 2520 835 2585 simultatis,
861 2521 1085 2576 audient
1109 2521 1209 2590 ipsi
1236 2523 1491 2590 majores,
1517 2530 1572 2577 et
1588 2522 1730 2592 judio

155 2612 344 2667 cabunt
382 2627 626 2683 causam,
660 2620 716 2669 et
743 2612 961 2683 dignum
990 2614 1145 2683 culpa
1172 2613 1554 2684 increpabunt,
1584 2624 1637 2670 et
1662 2615 1731 2670 ad

156 2703 432 2773 imperium
457 2718 644 2760 eorum
686 2706 863 2760 statim
890 2704 956 2760 ad
998 2719 1183 2775 pacem
1210 2705 1370 2775 pleno
1404 2706 1568 2763 corde
1596 2720 1730 2762 con-

158 2797 403 2852 sentient.

218 2886 382 2942 CXII.
432 2897 456 2925 °
503 2888 703 2958 Siquis
739 2887 808 2944 de
850 2887 1116 2945 fratribus
1157 2898 1343 2946 contra
1384 2890 1732 2960 praepositum

160 2977 343 3034 don-us
370 2993 483 3034 suae
512 2979 786 3034 tristitiam
818 2979 1104 3045 habuerit,
1142 2990 1237 3036 aut
1268 2982 1381 3051 ipse
1410 2984 1734 3052 praepositus

160 3082 340 3125 contra
398 3071 624 3127 fratrem
683 3073 916 3143 aliquam
974 3074 1416 3145 querimoniam,
1471 3075 1491 3114 ί
1542 3078 1735 3133 fratres

160 3164 393 3232 probatae
423 3166 846 3222 conversationis
873 3176 927 3223 et
951 3168 1073 3223 fidei
1101 3170 1288 3225 audire
1312 3184 1405 3226 eos
1443 3170 1733 3239 debebunt,

1826 1960 2291 2017 conversationem
2323 1974 2510 2015 eorum
2539 1960 2589 2013 in
2616 1959 2776 2014 domo
2806 1959 2921 2025 Dei,
2952 1957 3223 2028 etjejunia
3250 1968 3409 2028 atque

1827 2057 2098 2111 orationes
2121 2071 2187 2110 ex
2220 2070 2371 2110 more
2393 2054 2745 2123 complentes.
2787 2054 2887 2121 Qui
2911 2054 3053 2108 enim
3087 2053 3225 2109 bene
3250 2052 3409 2108 mini-

1829 2157 2003 2203 strant
2032 2157 2331 2219 sequuntur
2359 2149 2596 2218 regulam
2628 2148 3049 2217 Scripturarum.

1899 2243 2085 2300 CXIV.
2134 2244 2246 2299 Hoc
2275 2252 2358 2299 est
2393 2258 2521 2312 ergo
2563 2244 2951 2309 ministerium,
2995 2241 3133 2312 quod
3178 2240 3412 2296 ministri

1833 2335 2089 2391 Ecclesia:
2116 2336 2340 2404 implere
2365 2334 2654 2390 debebunt.
2686 2335 3026 2403 Congregent
3057 2333 3250 2387 fratres
3283 2347 3404 2387 ora-

1831 2427 1995 2483 tionis
2020 2434 2277 2496 tempore,
2308 2437 2361 2482 et
2389 2428 2565 2481 omnia
2598 2425 2797 2481 faciant
2824 2440 2945 2495 quae
2968 2425 3069 2479 rite
3093 2424 3408 2495 complenda

1834 2532 1979 2587 sunt,
2010 2530 2067 2575 ut
2093 2521 2289 2576 nullam
2319 2520 2652 2575 occasionem
2684 2519 3000 2575 detractioni
3025 2519 3283 2585 tribuant,
3314 2533 3414 2574 nec

1836 2615 2015 2670 sinant
2035 2615 2337 2686 quempiam
2380 2614 2653 2668 ambulare
2681 2622 2866 2667 contra
2890 2612 3054 2667 ritum
3088 2611 3412 2680 disciplinae.

1836 2710 1894 2767 Si
1924 2710 2162 2765 codicem
2185 2708 2589 2779 postulaverint,
2620 2706 2864 2761 deferant
2894 2707 2992 2761 eis.

1905 2800 2067 2857 CXV.
2108 2802 2164 2857 Si
2193 2801 2311 2871 quis
2337 2800 2537 2855 deforis
2568 2797 2778 2853 venerit
2810 2798 3023 2867 vesperi
3049 2841 3062 2863 ,
3091 2806 3145 2854 et
3181 2812 3289 2853 non
3319 2811 3414 2852 oc-

1836 2894 2073 2949 currerit
2118 2893 2365 2962 accipere
2404 2905 2540 2960 opus
2583 2890 2727 2959 quod
2774 2899 2994 2958 postera
3036 2889 3125 2944 die
3168 2889 3413 2943 facturus

1839 2996 1957 3055 est,
1990 3002 2147 3042 mane
2177 2986 2458 3050 tribuant;
2490 2985 2534 3038 si
2561 2982 2825 3038 defecerit
2850 2997 2985 3052 opus
3012 2982 3153 3052 quod
3188 2981 3418 3036 habebat

1839 3080 1895 3136 in
1940 3078 2190 3135 manibus
2216 3122 2229 3147 ,
2264 3079 2279 3127 i
2320 3076 2521 3131 referat
2564 3074 2635 3129 ad
2680 3072 2903 3144 majoris
2948 3074 3274 3129 sententiam
3300 3112 3314 3136 ,
3365 3080 3419 3125 et

1840 3173 1982 3244 quod
2010 3173 2102 3227 ille
2132 3171 2454 3241 praeceperit
2486 3168 2665 3223 faciat.

160 3264 211 3309 et
236 3254 553 3322 iudicabunt
580 3256 722 3312 inter
750 3273 863 3314 eos.
908 3258 964 3313 Si
1018 3270 1192 3315 tamen
1219 3262 1414 3316 absens
1458 3270 1539 3317 est
1575 3262 1736 3317 Pater
1761 3272 1807 3336 ο
1911 3264 2094 3321 CXVI.
2123 3264 2150 3302 ιι
2176 3263 2279 3331 Qui
2301 3262 2548 3316 minister
2570 3271 2651 3315 est
2674 3302 2688 3325 ,
2715 3259 2910 3314 habeat
2934 3259 3169 3314 studium
3195 3274 3262 3314 ne
3291 3258 3421 3330 quid

162 3348 500 3414 monasterii,
544 3347 628 3403 vel
665 3348 845 3419 aliquo
890 3349 1162 3418 profectus
1187 3394 1202 3419 ,
1237 3352 1468 3421 primum
1514 3352 1732 3423 quidem

163 3438 552 3509 exspectabunt
580 3454 743 3506 eum;
781 3442 824 3496 si
855 3450 1032 3496 autem
1073 3443 1275 3498 diutius
1303 3445 1628 3500 commorari
1655 3446 1735 3500 vi—

162 3532 355 3598 derint,
384 3542 511 3589 tunc
540 3533 761 3590 audient
790 3535 935 3590 inter
956 3537 1297 3605 praepositum
1328 3548 1380 3593 et
1402 3537 1643 3606 fratrem,
1668 3554 1735 3595 ne

163 3624 228 3679 de
254 3638 521 3695 suspenso
555 3624 758 3693 judicio
802 3626 974 3696 major
1018 3627 1234 3682 tristitia
1264 3629 1468 3684 oriatur
1504 3647 1518 3684 :
1549 3640 1605 3686 et
1641 3632 1736 3687 ille

164 3716 252 3786 qui
279 3717 595 3787 praepositus
616 3726 720 3783 est,
742 3725 797 3773 et
824 3718 911 3773 ille
939 3718 1028 3788 qui
1059 3719 1332 3790 subjectus
1358 3730 1461 3788 est,
1486 3730 1539 3777 et
1572 3722 1622 3777 hi
1646 3724 1739 3793 qui

164 3811 402 3877 audiunt,
426 3812 575 3881 juxta
603 3811 850 3868 timorem
876 3812 971 3867 Dei
992 3823 1183 3870 cuncta
1206 3814 1423 3882 faciant,
1441 3816 1568 3870 etin
1595 3816 1741 3871 nullo

164 3901 291 3958 dent
316 3903 651 3958 occasionem
680 3911 726 3954 ι.

1846 3356 2025 3428 operis
2052 3364 2242 3426 pereat
2274 3354 2329 3408 in
2374 3351 2741 3416 monasterio,
2777 3350 2829 3405 in
2862 3349 3005 3405 nulla
3035 3350 3257 3405 omnino
3300 3360 3419 3406 arte

1846 3464 1967 3520 quae
1998 3452 2280 3503 exercetur
2306 3460 2334 3499 a
2366 3444 2640 3499 fratribus.
2669 3441 2822 3509 Quod
2851 3442 2896 3495 si
2926 3442 3053 3512 quid
3084 3443 3339 3511 perierit,
3369 3448 3423 3497 et

1850 3542 2173 3613 negligentia
2206 3540 2370 3595 fuerit
2396 3538 2714 3607 dissipatum
2742 3582 2754 3603 ,
2790 3536 3157 3606 increpabitur
3198 3552 3227 3590 a
3270 3546 3422 3606 patre

1849 3634 2099 3689 minister
2148 3646 2373 3702 operum
2424 3630 2797 3700 singulorum,
2847 3637 2901 3682 et
2952 3629 3068 3696 ipse
3124 3628 3427 3697 increpabit

1854 3726 2109 3789 alterum,
2142 3723 2233 3794 qui
2275 3736 2410 3793 opus
2433 3720 2747 3791 perdiderit,
2785 3719 3063 3773 dumtaxat
3093 3717 3110 3756 ι
3144 3720 3295 3789 juxta
3335 3734 3425 3773 vo-

1850 3818 2113 3873 luntatem
2140 3826 2196 3872 et
2222 3815 2545 3872 sententiam
2574 3812 2865 3884 principis,
2896 3813 3097 3884 absque
3120 3830 3221 3885 qua
3250 3815 3426 3871 nullus

1852 3910 2162 3981 increpandi
2194 3909 2413 3966 fratrem
2444 3908 2664 3965 habebit
2693 3915 3033 3979 potestatem.

1232 4087 1485 4145 ALARDI
1526 4088 1758 4146 GAZIEI
1796 4089 2359 4147 COMMENTARIUS.

167 4282 183 4292 .
243 4212 480 4283 ‘Magna
520 4213 812 4292 verborum
864 4214 1149 4292 diversitas
1209 4220 1348 4292 apud
1395 4230 1644 4277 auctores
1693 4231 1747 4277 et

168 4285 527 4361 interpretes“
546 4285 694 4361 circa
727 4285 881 4361 hunc
911 4288 1222 4361 Aarticulum
1245 4285 1259 4289 ⁷
1278 4290 1495 4361 Regulae
1541 4292 1747 4346 Pachu-

170 4355 384 4434 mianaj.
417 4355 692 4434 Palladius
714 4356 801 4434 _ita_
843 4356 1049 4434 refert:
1083 4355 1446 4434 Constituit'ut
1476 4380 1565 4434 per
1589 4373 1749 4416 totum

170 4425 311 4501 diem
337 4427 560 4501 facerent
586 4426 852 4501 duodecim
882 4429 1171 4501 orationes,
1189 4440 1235 4482 et
1260 4433 1313 4484 in
1334 4425 1593 4486 nocturnis
1616 4436 1747 4501 vigi-

170 4494 257 4547 liis
279 4494 563 4567 duodecim,
596 4506 645 4551 et
669 4498 723 4551 in
745 4499 991 4552 matutino
1031 4500 1320 4567 duodecim,
1352 4512 1395 4555 et
1434 4504 1565 4556 liora
1612 4494 1750 4557 nona

171 4571 294 4619 tres.
342 4566 703 4653 Sozomenus:
740 4567 1104 4653 Ut‘duodecies
1131 4571 1186 4651 in
1212 4566 1441 4653 singulos
1476 4575 1584 4627 dies
1625 4590 1746 4653 oru-

169 4648 307 4698 rent,
326 4645 371 4688 et
398 4640 488 4712 sub
515 4640 1022 4712 vesperam‘itidem;
1060 4641 1204 4712 toties
1231 4640 1363 4694 enim
1407 4654 1582 4712 noctu,
1622 4644 1747 4697 hora

173 4722 312 4759 nona
352 4710 505 4764 ternis
544 4708 756 4761 vicibus.
788 4708 1010 4777 Niceph.
1047 4727 1061 4762 ί
1108 4708 1177 4764 Ut
1208 4713 1477 4768 duodecies
1522 4708 1748 4768 interdiu

170 4791 372 4852 semper
398 4786 602 4852 orarent
625 4794 645 4843 ;
669 4779 841 4832 itidem
871 4796 987 4833 vero
1009 4781 1076 4833 ad
1105 4797 1401 4852 vesperum;
1430 4794 1582 4838 noctu
1606 4787 1749 4839 simi-

172 4845 333 4911 liter;
358 4856 403 4898 et
428 4849 547 4904 item
575 4852 704 4902 liora
722 4863 858 4902 nona
879 4852 1042 4904 tertio.

246 4914 614 4997 {legebatur
674 4919 727 4973 in
785 4920 1022 4975 editione
1070 4921 1413 4997 Lugdunensi
1460 4942 1483 4997 :_
1530 4923 1750 4979 Etiamsi

175 4988 330 5054 facile
353 4988 523 5055 fuerit,
554 4990 769 5044 inverso
794 5004 956 5045 sensu
982 5000 1035 5045 et
1054 4988 1222 5048 nullo.
1251 4994 1375 5048 Vult
1402 4996 1542 5049 cnim
1568 4997 1749 5051 dicere

172 5060 377 5112 amanti
406 5071 459 5115 et
486 5076 613 5116 vere
643 5060 914 5115 obedienti
943 5062 1079 5117 nihil
1106 5078 1225 5120 esse
1250 5065 1466 5120 difﬁcile
1494 5078 1583 5119 aut
1620 5083 1750 5121 one-

175 5141 390 5206 rosum:
414 5131 803 5206 quia‘p‘erfecta
845 5132 1129 5206 obedientia
1177 5136 1194 5206 (
1216 5152 1329 5206 qua:
1353 5153 1467 5189 cum
1500 5138 1749 5191 cltaritate

176 5199 449 5261 coniuncta
474 5199 759 5275 est)'legem
786 5203 968 5275 nescit,
996 5199 1342 5259 terminis'non
1364 5217 1621 5275 arctalur;
1646 5226 1748 5263 non

175 5278 411 5347 contenta
435 5274 686 5347 angustiis
716 5274 1320 5347 professionis,largiori
1347 5274 1606 5331 voluntate
1642 5280 1746 5347 fer-

180 5347 273 5389 tur
293 5340 341 5392 in
378 5340 699 5417 latitudinem
729 5340 1012 5417 citat-italis,
1041 5340 1330 5417 alacrisque
1353 5349 1509 5401 animi
1539 5340 1749 5402 modum

177 5414 648 5482 gan_comiderans,
675 5414 728 5467 in
748 5415 1004 5482 inﬁnitam
1032 5414 1314 5471 libertatem
1335 5420 1657 5473 extenditur:
1682 5420 1757 5475 ait

179 5477 256 5560 ἐξ
286 5479 580 5560 ξετηξτάυξ
607 5477 699 5560 lib_.
729 5477 1092 5560 de'Pragcept.
1115 5497 1168 5560 et
1195 5489 1441 5558 Dispens.
1474 5489 1605 5543 Vide
1636 5506 1752 5560 cap.

180 5547 257 5601 68
292 5549 498 5632 Regula;
661 5554 955 5623 Benedicti,
1008 5547 1096 5612 cui
1125 5547 1310 5614 titulus
1346 5578 1359 5612 :
1392 5560 1452 5616 Si
1480 5562 1628 5632 fratri
1664 5547 1758 5615 nit-

181 5622 448 5707 possiliilia
480 5627 839 5707 injungantur.

269 5701 290 5725 ε
318 5691 357 5746 Α
387 5691 654 5772 concione
687 5712 781 5752 seu
808 5696 1189 5757 exhortatione
1226 5702 1523 5772 superioris
1554 5704 1757 5758 nemini

181 5756 370 5818 abesse
408 5767 619 5823 licebat.

234 5825 291 5867 ἐἴ
322 5828 485 5893 Credo
537 5838 875 5931 legendum;
926 5840 1157 5914 Majorce
1220 5843 1310 5915 qui
1355 5859 1471 5899 cum
1516 5843 1759 5916 fratribus

616 5934 866 5994 ΡΑτιιοι
880 5978 895 5995 .
980 5934 1047 5996 L.

1852 4224 2121 4277 mittuntur
2172 4224 2338 4294 foras,
2384 4233 2488 4278 etc.
2551 4224 2809 4279 Solebant
2847 4225 2991 4280 enim
3036 4228 3276 4285 seniores
3306 4244 3428 4288 cum

1846 4294 2152 4364 junioribus
2175 4294 2336 4357 mitti,
2364 4294 2429 4349 ad
2460 4308 2645 4349 eorum
2672 4311 2851 4349 curam
2886 4305 2936 4349 et
2964 4298 3284 4353 custodiam.

1927 4374 1949 4400 θ
1986 4365 2171 4433 Magna
2212 4364 2495 4433 prudentia
2527 4374 2580 4419 et
2604 4366 2972 4421 moderatione
2987 4369 3214 4423 usisunt
3242 4371 3429 4428 Patres

1852 4435 1905 4488 in
1934 4434 2236 4503 iudicandis
2275 4444 2328 4489 et
2366 4436 2681 4490 dirimendis
2728 4438 2947 4492 fratrum
2987 4438 3161 4494 causis
3206 4450 3262 4495 et
3300 4458 3429 4499 con-

1850 4507 2151 4559 troversiis.
2184 4505 2313 4559 Vide
2339 4521 2497 4574 supra
2530 4515 2632 4560 art.
2663 4509 2750 4562 94.

1930 4574 2052 4629 ‘De
2092 4576 2285 4648 quibus
2325 4592 2485 4645 supra
2519 4586 2621 4631 art.
2676 4578 2765 4635 92.
2817 4577 3015 4648 Viginti
3053 4580 3149 4633 viri
3180 4586 3345 4638 sancti
3384 4598 3431 4641 ct

1854 4648 2082 4720 timentes
2110 4646 2293 4710 Deum,
2323 4649 2427 4720 sive
2454 4648 2643 4720 decem,
2675 4659 2781 4704 etc.
2829 4646 2995 4703 Erant
3025 4651 3185 4720 igitur
3214 4653 3268 4707 in
3314 4671 3431 4712 mo-

1856 4718 2125 4789 nasteriis,
2160 4727 2353 4786 praeter
2376 4719 2625 4789 abbatem
2658 4728 2709 4773 ct
2745 4718 3079 4789 praepositos,
3126 4722 3213 4775 alii
3247 4740 3313 4779 ex
3344 4742 3430 4783 se—

1859 4787 2099 4842 nioribus
2126 4790 2191 4841 ad
2226 4790 2327 4842 hoc
2357 4788 2551 4842 deiecti
2575 4799 2628 4843 et
2653 4787 2912 4859 deputati,
2945 4800 3002 4844 ut
3028 4799 3429 4852 controversias

1780 4849 1836 4909 D
1859 4867 1914 4932 et
1943 4862 2313 4932 contentiones
2341 4860 2483 4932 inter
2510 4861 2654 4927 ipsos
2681 4849 2825 4914 citas
2855 4849 2935 4914 vel
2967 4875 3305 4932 emergentes
3327 4849 3431 4922 ﬁdi:

1853 4928 2131 4995 rimerent,
2156 4939 2208 4982 et
2244 4929 2296 4983 in
2340 4931 2483 4996 ipsos
2505 4932 2664 4984 etiam
2696 4932 3001 4999 superiores
3031 4928 3432 4994 animadverte-

1852 5007 2014 5053 rent:
2052 4999 2188 5052 unde
2219 5008 2273 5053 et
2295 5001 2501 5068 judices
2524 5000 2934 5065 etdiflinitores,
2969 5002 3102 5056 alias
3136 5005 3357 5062 discreti
3379 5020 3432 5063 et

1852 5069 2196 5139 consultores
2225 5070 2377 5125 dicti.
2419 5070 2493 5124 De
2523 5086 2746 5139 quorum
2791 5072 3112 5127 auctoritate
3158 5086 3210 5129 et
3255 5078 3431 5134 officio

1854 5140 1979 5193 vide
2003 5138 2438 5264 ῗὲηειὶιυιὶοιιθε
2476 5138 2905 5211 congregationis
2927 5140 3265 5203 Cassinensis
3286 5161 3427 5217 part.

1854 5223 1889 5264 I.
1918 5225 1965 5264 c.
2074 5250 2087 5263 .

1847 5223 1889 5277 ι,
1918 5225 1965 5264 c.
2003 5223 2087 5264 12.

1927 5290 1951 5351 ξς
1984 5281 2209 5349 Supple,
2235 5282 2596 5351 conquerendi,
2626 5291 2719 5336 aut
2742 5285 3118 5338 murmurandi.

1931 5348 1958 5386 ιι
1988 5352 2125 5431 Vide
2143 5368 2302 5431 supra
2334 5348 2559 5431 art._45.
2586 5352 2957 5431 cassianus'in
2988 5354 3081 5409 lib.
3107 5372 3159 5411 1v
3188 5372 3306 5428 cap.
3338 5362 3427 5431 I5,

1861 5421 2062 5491 Regula
2090 5423 2152 5477 D.
2182 5421 2455 5479 Benedicti
2487 5440 2605 5492 cap.
2631 5426 2699 5479 55
2729 5438 2779 5480 et
2808 5428 2897 5481 55.

1939 5495 1955 5529 ι
1983 5494 2099 5547 Alia
2118 5495 2390 5547 distinctio
2404 5497 2777 5550 etconstitutio
2791 5498 2855 5550 de
2872 5499 3234 5554 convocandis
3252 5508 3305 5554 et
3319 5504 3432 5557 col-

1860 5564 2090 5638 ligendis
2109 5564 2361 5618 fratribus
2379 5568 2496 5638 rsive
2513 5565 2577 5619 ad
2600 5570 2933 5638 concionem,
2950 5568 3065 5622 sive
3082 5570 3147 5623 ad
3162 5570 3429 5638 publicam

1863 5636 2130 5710 synaxim,
2148 5650 2264 5703 quae
2286 5637 2455 5710 major
2481 5638 2703 5710 collecta
2727 5637 3023 5703 dicebatur,
3050 5639 3115 5693 de
3140 5636 3243 5710 qua
3268 5642 3427 5699 infra.

1937 5715 1951 5774 _J
1984 5704 2039 5758 Id
2074 5714 2176 5773 est,
2203 5708 2447 5761 censuiat
2471 5709 2822 5774 superiorem.

1934 5772 1961 5851 ξ
1995 5772 2241 5851 Cificiam
2272 5778 2498 5851 ministri
2528 5772 2619 5833 seu
2650 5778 2883 5851 praefecti
2908 5794 3152 5851 operum,
3182 5791 3290 5842 etc.

1938 5844 1957 5882 1
2001 5845 2056 5900 Id
2082 5855 2183 5915 est,
2216 5847 2383 5903 Patris
2414 5844 2725 5905 monasterii
2760 5851 2872 5905 sive
2897 5844 3124 5908 abbatis.

2841 5942 2915 6004 10
