3966 6332
548 307 653 379 299

1581 312 1672 372 AD
1713 311 1944 372 OPERA
1981 311 2030 370 J.
2073 309 2386 370 CASSIANI
2427 305 2799 366 APPENDIX.

3665 311 3744 374 $00

529 509 531 512 ,
616 439 823 500 CXVII.
863 440 922 498 Si
947 438 1335 498 vestimentum
1368 436 1434 493 ad
1463 435 1642 494 solem
1685 452 1992 508 expansum
2027 445 2135 493 ter-
2162 441 2216 498 Α
2243 435 2490 492 tentiam.
2536 432 2689 501 Quod
2733 431 2777 486 si
2825 427 3014 485 eadem
3063 426 3228 495 liora,
3276 439 3376 498 qua
3425 426 3625 501 fugerit,
3662 449 3742 493 non

549 538 653 593 tius
698 533 966 591 invenerit
1009 533 1162 599 dies,
1199 539 1226 570 ι
1259 529 1512 586 dominus
1559 529 1871 586 vestimenti
1921 544 2021 602 pro
2069 543 2136 586 eo

547 628 938 701 increpabitur,
970 635 1026 683 et
1052 634 1173 698 aget
1200 623 1582 696 paenitentiam
1616 623 1830 694 publice
1872 623 1925 680 in
1968 623 2137 680 colle-

545 734 630 781 cta
654 765 670 791 ,
701 723 728 762 ι’
754 721 1026 791 stabitque
1056 718 1111 774 in
1141 717 1398 775 vescendi
1425 719 1571 774 loco.

613 814 848 872 CXVIII.
877 814 934 870 Si
961 812 1216 870 inventus
1242 811 1412 868 fuerit
1436 828 1572 869 unus
1595 827 1626 870 e
1652 810 1907 868 fratribus
1932 811 2136 882 aliquid

541 924 642 982 per
666 908 1073 964 contentionem
1105 921 1312 979 agens,
1352 907 1436 962 vel
1476 906 1864 962 contradicens
1907 903 2136 976 majoris

542 1003 775 1072 imperio
796 1043 810 1068 ,
841 1000 1242 1070 increpabitur,
1255 998 1411 1070 juxta
1441 1011 1753 1055 mensuram
1785 1003 1996 1070 peccati
2019 998 2129 1058 sui.

609 1093 800 1150 CXIX.
855 1094 956 1163 Qui
1001 1093 1284 1160 mentitur,
1327 1100 1422 1148 aut
1463 1091 1590 1148 odio
1637 1091 1874 1164 aliquem
1925 1089 2133 1149 habere

535 1191 703 1248 fuerit
733 1188 1142 1261 deprehensus,
1171 1196 1264 1244 aut
1306 1185 1666 1256 inobcdiens,
1708 1197 1801 1242 aut
1842 1187 1963 1257 plus
2003 1185 2131 1258 joco

536 1297 696 1354 quam
728 1281 1016 1338 honestum
1047 1287 1164 1350 est,
1194 1279 1444 1348 deditus,
1475 1287 1568 1334 aut
1593 1278 1838 1348 otiosus,
1871 1289 1963 1334 aut
1993 1279 2129 1336 dure

532 1378 914 1450 respondens,
965 1385 1060 1433 aut
1105 1377 1559 1433 consuetudinem
1605 1373 1817 1432 habens
1867 1374 2128 1431 fratribus

533 1473 894 1542 detrahendi,
929 1472 1016 1528 vel
1048 1471 1133 1529 his
1159 1471 1251 1542 qui
1279 1471 1415 1527 foris
1445 1477 1604 1539 sunt,
1631 1479 1688 1527 et
1714 1470 1939 1526 omnino
1970 1469 2128 1545 quid-

534 1568 663 1640 quid
689 1576 879 1623 contra
905 1565 1146 1638 regulam
1174 1564 1578 1636 Scripturarum
1609 1573 1695 1620 est
1724 1573 1780 1621 et
1806 1562 2128 1620 monasterii

533 1661 910 1733 disciplinam,
944 1659 1129 1715 audiet
1167 1658 1332 1714 Pater
1372 1657 1692 1714 monasterii
1737 1668 1791 1714 et
1830 1655 2126 1713 vindicabit

529 1754 682 1825 juxta
711 1768 1019 1809 mensuram
1047 1766 1292 1824 opusque
1323 1750 1554 1822 peccati.

2244 525 2577 582 nuntiaverit
2607 522 2790 589 Patri,
2824 536 2949 578 reus
2980 518 3082 576 erit
3113 520 3336 592 peccati.

2312 617 2524 676 CXXV.
2567 617 2623 676 Si
2655 618 2708 674 in
2740 615 2901 672 domo
2931 629 3029 672 sua
3070 614 3386 685 praepositus
3411 613 3590 673 viderit
3608 617 3746 680 delin-

2239 723 2493 786 quentem
2515 756 2529 781 ,
2563 722 2614 768 et
2650 727 2758 766 non
2790 707 3122 764 nuntiaverit
3154 707 3299 765 Patri
3326 712 3748 786 monasterii,ipse

2240 804 2634 876 increpationis
2665 802 2848 858 ordini
2879 801 3201 873 subiacebit.

2310 895 2546 954 CXXVI.
2579 905 2605 945 ε
2636 896 2740 952 Per
2764 894 2958 951 domos
2987 893 3223 964 singulas
3253 893 3460 965 vesperi
3485 910 3571 953 sex
3594 900 3749 959 oratio-

2237 1007 2337 1051 nes
2364 993 2715 1066 psalmosque
2753 990 3135 1062 complebnnt,
3167 986 3196 1027 ιι
3228 989 3379 1060 juxta
3419 991 3642 1050 ordinem
3663 1011 3750 1051 ma.

2233 1088 2376 1161 joris
2403 1088 2652 1145 collecta:
2679 1101 2802 1158 qua:
2832 1102 2861 1142 a
2892 1087 3106 1143 cunctis
3142 1083 3397 1144 fratribus
3432 1086 3490 1144 in
3519 1101 3754 1150 commune

2236 1182 2565 1239 celebratur.
2595 1181 2701 1237 Per
2727 1179 2964 1252 singulas
2995 1178 3361 1237 hebdomadas
3390 1178 3406 1218 ί
3435 1180 3756 1251 dispositiones

2234 1293 2265 1334 a
2297 1275 2605 1348 praepositis
2644 1273 3088 1344 complebuntur.
3133 1271 3324 1328 Nullus
3366 1271 3420 1326 in
3461 1271 3608 1330 domo
3637 1275 3754 1346 quid-

2234 1371 2382 1442 piam
2415 1369 2607 1438 faciet,
2637 1367 2742 1424 nisi
2775 1365 2917 1438 quod
2947 1363 3277 1437 praepositus
3303 1363 3536 1435 jusserit.

2303 1461 2566 1519 CXXVII.
2600 1461 2657 1518 Si
2687 1474 2876 1516 omnes
2902 1458 3105 1514 fratres
3129 1457 3220 1528 qui
3249 1457 3304 1511 in
3333 1455 3488 1512 domo
3514 1467 3625 1514 sunt
3647 1459 3754 1516 vide

2233 1558 2343 1614 rint
2390 1557 2744 1627 prmpositum
2791 1553 3017 1608 nimium
3069 1550 3462 1620 negligentem,
3507 1565 3752 1606 mensuram

2233 1651 2554 1707 monasterii
2597 1647 2986 1714 excedentem,
3022 1642 3264 1700 referent
3293 1641 3360 1700 ad
3386 1641 3617 1708 Patrem,
3641 1648 3756 1702 etalt

2233 1761 2300 1802 eo
2326 1743 2717 1816 increpabitur.
2753 1742 2873 1812 Ipse
2898 1749 3078 1796 autem
3111 1738 3438 1810 prmpositus
3481 1739 3603 1794 nihil
3636 1738 3764 1795 faciat

601 1845 768 1903 CXX.
803 1859 823 1886 ο
853 1844 1112 1902 Pellicula
1132 1890 1147 1914 ,
1175 1845 1392 1915 caligae,
1423 1856 1477 1900 et
1504 1844 1811 1915 cingulum,
1836 1852 1891 1901 et
1920 1844 1964 1900 si
1993 1841 2126 1915 quid
2155 1855 2210 1918 Β
2236 1850 2434 1911 praeter
2464 1840 2516 1894 id
2543 1838 2690 1912 quod
2723 1838 2882 1895 Pater
2908 1834 3176 1907 jusserit,
3197 1834 3434 1890 maxime
3469 1832 3526 1890 in
3549 1848 3756 1898 reum,

503 1940 678 1996 "aliud
711 1940 965 2011 perierit,
999 1939 1088 2011 qui
1124 1937 1425 2010 perdiderit
1456 1938 1847 2008 increpabitur.

601 2033 789 2091 CXXI.
826 2031 884 2089 Si
912 2033 1034 2106 quis
1062 2031 1247 2088 tulerit
1276 2048 1392 2088 rem
1423 2049 1529 2086 non
1560 2047 1738 2098 suam,
1769 2041 2003 2102 ponetur
2028 2045 2126 2088 su-

531 2142 628 2198 per
655 2127 911 2182 humeros
940 2124 1058 2196 ejus
1079 2166 1094 2191 ,
1125 2133 1182 2180 et
1219 2133 1341 2196 aget
1382 2125 1762 2194 paenitentiam
1810 2123 2028 2196 publice
2068 2123 2128 2180 in

529 2220 763 2276 collecta
789 2261 803 2286 ,
835 2218 1108 2290 stabitque
1149 2216 1202 2273 in
1245 2217 1508 2274 vescendi
1553 2215 1693 2273 loco.
1739 2216 1799 2272 Si
1843 2226 2029 2273 autem
2069 2217 2125 2272 in

528 2313 674 2370 I'urto
703 2312 864 2368 fuerit
893 2311 1270 2381 deprehensus
1293 2352 1307 2377 ,
1332 2308 1359 2347 ἀ
1387 2311 1610 2381 triginta
1639 2325 1835 2366 novem
1861 2310 2126 2366 verbera-

531 2408 669 2464 bnnt
692 2422 820 2463 eum
838 2450 852 2473 ,
873 2415 928 2461 et
956 2405 1084 2460 foris
1101 2404 1309 2460 dabunt
1335 2405 1386 2459 ei
1409 2405 1576 2460 edere
1601 2420 1792 2475 panem
1816 2447 1831 2473 ,
1855 2415 1909 2461 et
1932 2420 2136 2476 aquam-

530 2507 738 2554 tantum
761 2539 776 2565 ,
821 2507 875 2553 et
917 2506 940 2534 θ
969 2507 1222 2567 opertum
1267 2496 1451 2552 cilicio
1477 2505 1531 2552 et
1561 2497 1746 2552 cinere
1776 2513 1872 2567 per
1913 2499 2128 2568 singula

530 2590 840 2646 orationum
871 2597 1113 2660 tempora
1145 2600 1341 2661 cogent
1373 2605 1498 2645 eum
1531 2605 1700 2660 agere
1727 2591 2123 2661 paenitentiam.

535 2683 556 2723 ‘
583 2683 894 2756 Eademque
923 2685 1011 2740 lex
1042 2683 1094 2738 in
1125 2684 1365 2755 fugitivis
1404 2684 1804 2741 observabitur.

599 2776 812 2833 CXXII.
857 2777 1192 2848 Pracpositus
1233 2776 1430 2833 domus
1471 2778 1833 2848 increpationi
1873 2779 2128 2849 subiace-

527 2871 610 2930 bit
633 2912 646 2935 ,
680 2870 725 2925 si
757 2880 882 2926 ante
913 2878 1022 2926 tres
1052 2869 1168 2926 dics
1199 2885 1306 2925 non
1340 2871 1674 2928 nuntiaverit
1700 2870 1850 2927 l’atri
1880 2916 1894 2939 ,
1927 2873 2046 2928 sive
2074 2872 2130 2928 in

537 2965 649 3033 via,
679 2963 791 3020 sive
823 2963 874 3019 in
906 2979 1067 3035 agro,
1101 2964 1216 3020 sive
1245 2964 1297 3018 in
1337 2966 1670 3021 monasterio
1703 2967 1830 3036 quid
1865 2967 2130 3037 perierit,

533 3070 590 3116 et
616 3068 737 3132 aget
775 3060 1149 3130 pmnitentiam
1172 3059 1329 3130 juxta
1359 3060 1606 3117 ordinem
1637 3061 2017 3118 constitutum.

603 3151 837 3207 CXXIII.
872 3151 1028 3218 Quod
1059 3153 1105 3206 si
1136 3152 1299 3207 homo
1331 3151 1532 3220 fuerit,
1565 3163 1622 3209 et
1661 3163 1786 3209 ante
1820 3163 1932 3210 tres
1961 3155 2128 3211 horas

2234 1940 2248 1989 t
2282 1953 2406 1994 nam
2449 1951 2572 2008 quae
2617 1951 2686 1994 ex
2716 1949 2868 1992 more
2908 1931 3238 1998 descendit,
3267 1928 3564 1986 observabit
3591 1929 3762 2000 regulas

2229 2030 2574 2088 monasterii.

2299 2121 2585 2181 CXXVIII.
2617 2120 2646 2160 ιι
2677 2120 3016 2194 Prtepositus
3054 2134 3162 2176 non
3201 2117 3520 2181 inebrietur,
3551 2114 3568 2154 ι
3596 2130 3759 2178 nesse-

2231 2219 2356 2276 deat
2386 2218 2442 2274 in
2474 2215 2864 2272 humilioribus
2902 2213 3072 2284 locis,
3110 2211 3268 2282 juxta
3301 2225 3437 2266 vasa
3474 2208 3764 2275 monasterii,

2230 2324 2272 2354 ω
2296 2331 2366 2372 ne
2397 2321 2615 2383 rumpat
2645 2311 2861 2368 vincula
2892 2325 3012 2381 quae
3039 2309 3185 2364 Deus
3208 2307 3270 2362 in
3307 2306 3454 2363 cale
3469 2303 3765 2368 oondidit,ot

2233 2409 2598 2466 observentur
2627 2405 2682 2460 in
2710 2406 2908 2470 terris,
2941 2411 2969 2439 ιι
3003 2418 3074 2458 ne
3103 2401 3290 2473 lugeat
3317 2402 3370 2455 in
3413 2398 3498 2455 die
3535 2396 3660 2452 festo
3682 2396 3762 2450 De.

2231 2501 2370 2558 mini
2399 2499 2706 2557 salvatoris.
2736 2496 3058 2552 Dominetur
3098 2494 3254 2550 carni
3289 2508 3440 2559 su,
3475 2491 3616 2562 inata
3646 2503 3766 2544 Iter-

2231 2610 2418 2651 suram
2448 2602 2784 2649 sanctorum.
2817 2599 2842 2626 °
2871 2588 2996 2645 Non
3026 2588 3336 2643 inveniatur
3377 2586 3432 2640 in
3466 2581 3768 2640 eioelsisao-

2230 2689 2434 2746 bilibus
2463 2688 2710 2743 imitatus
2738 2699 2952 2740 morem
2979 2683 3288 2755 gentilium.
3331 2679 3448 2734 Non
3484 2677 3549 2732 ait
3585 2674 3769 2745 duplicis

2234 2783 2386 2839 fidei.
2414 2781 2534 2837 Non
2561 2788 2820 2852 sequatur
2847 2777 3206 2848 cogitationes
3233 2772 3414 2830 cordis
3441 2771 3545 2836 sui,
3571 2778 3619 2826 et
3641 2767 3772 2822 κω.

2232 2876 2503 2933 mioribus
2529 2891 2637 2930 non
2667 2874 2896 2930 resistat.
2932 2870 3161 2926 tumenti
3205 2867 3392 2923 animo
3432 2863 3763 2936 potestatibus,

2233 2988 2344 3028 non
2374 2973 2574 3028 fremat
2592 3011 2607 3029 .
2640 2982 2742 3025 nec
2768 2971 2947 3024 irruat
2965 2975 3137 3035 super
3153 2963 3496 3028 humiliores,
3521 2973 3619 3014 non
3638 2967 3770 3011 trans-

2232 3064 2374 3120 ferat
2404 3063 2704 3130 terminos,
2735 3076 2844 3115 non
2870 3060 2941 3115 sit
2973 3056 3396 3120 fraudulentus;
3420 3067 3516 3108 nec
3544 3051 3594 3106 in
3615 3047 3772 3117 cogita-

2230 3158 2478 3214 tionibus
2505 3163 2694 3213 verset
2720 3153 2896 3223 dolos,
2921 3164 3038 3208 non
3063 3152 3305 3222 negligat
3327 3157 3590 3220 peceatum
3617 3143 3772 3198 anima

533 3261 643 3302 non
685 3244 1016 3301 nuntiaverit
1059 3243 1244 3309 Patri,
1290 3259 1417 3300 reus
1463 3244 1570 3301 erit
1610 3245 1930 3316 perditionis
1973 3247 2122 3318 ejus,
2157 3240 2356 3307 Cena
2395 3251 2739 3320 exstirpare,
2766 3261 2890 3312 .nee
2931 3246 3184 3301 vincatur
3224 3242 3408 3299 carnis
3443 3237 3669 3302 luxuria,
3695 3245 3776 3289 nos

534 3341 638 3397 nisi
667 3354 791 3395 eum
820 3337 1020 3394 iterum
1051 3337 1342 3394 invenerit.

606 3429 843 3488 CXXIV.
880 3430 1008 3486 Ilaec
1035 3438 1122 3487 est
1148 3431 1288 3487 ultio
1318 3431 1371 3487 in
1403 3447 1532 3488 eum
1553 3433 1646 3504 qui
1677 3432 1904 3490 fratrem
1933 3433 2004 3492 de
2033 3435 2131 3492 do-

535 3542 626 3584 mo
666 3523 1006 3598 perdiderit:
1039 3523 1222 3582 tribus
1255 3525 1454 3582 diebus
1484 3535 1610 3596 aget
1637 3527 1908 3596 publicam
1951 3528 2131 3598 paeni-

2237 3343 2486 3399 ambulet
2539 3341 2924 3413 negligenter,
2971 3353 3082 3394 non
3131 3335 3246 3392 cito
3303 3335 3550 3406 loquatur
3597 3329 3780 3385 verbum

2237 3439 2514 3506 otiosum,
2565 3451 2676 3492 non
2721 3445 2888 3506 ponat
2932 3432 3252 3489 scandalum
3299 3440 3422 3485 ante
3461 3427 3614 3500 pedes
3646 3423 3775 3491 cari,

2237 3545 2348 3586 non
2378 3531 2574 3586 doceat
2607 3530 2920 3600 voluptates
2957 3527 3196 3583 animam
3229 3539 3424 3590 suam,
3456 3535 3557 3579 non
3584 3521 3778 3576 solvatur

1614 3640 1871 3696 ALARDI
1911 3640 2150 3698 GAZ/El
2186 3641 2753 3700 COMMENTARIUS.

608 3732 920 3789 ‘Dominus
951 3732 1247 3800 improprie
1289 3732 1506 3800 ponitur
1557 3747 1655 3800 pro
1709 3731 1950 3797 usuario,
2005 3746 2129 3786 eum

534 3805 737 3862 nullius
778 3806 856 3860 rei
899 3803 1198 3859 dominium
1253 3802 1447 3858 habeat
1489 3801 1810 3870 monachus,
1856 3818 1927 3858 ne
1961 3804 2142 3857 vestis.

534 3876 750 3949 quidem
781 3891 883 3946 qua
925 3874 1187 3949 induitur,
1232 3889 1329 3928 nec
1375 3874 1529 3943 panis
1557 3890 1663 3949 quo
1707 3875 1970 3940 vescitur,
1998 3873 2129 3949 sed

532 3945 836 4016 simplicem
875 3959 1034 4002 usum
1074 3946 1378 4012 dumtaxat,
1426 3961 1455 4000 a
1505 3947 1781 4001 voluntate
1831 3945 2128 4016 superioris

535 4019 950 4129 dependentem.

673 4089 892 4129 ςηρρίρα
919 4105 947 4129 ρ

673 4089 892 4161 Species
919 4087 1278 4161 correctionis
1307 4096 1358 4142 et
1400 4087 1832 4161 mortiticationis
1859 4089 2129 4161 monasti-

533 4178 644 4230 cte,
692 4158 838 4216 stare
885 4161 936 4214 in
990 4158 1300 4230 refectorioi
1343 4165 1589 4230 tempore
1646 4159 2001 4226 refectionis,
2061 4159 2131 4215 de

534 4229 638 4304 qua
668 4233 792 4289 vide
832 4232 1044 4304 insigne
1095 4229 1400 4299 exemplum
1431 4229 1572 4300 apud
1615 4231 1920 4286 Climacum
1958 4230 2138 4301 gradu

576 4313 747 4360 uarto.

535 4320 790 4444 “grata
817 4375 1048 4431 melotes
1076 4372 1218 4443 apud
1242 4374 1394 4444 ipsos
1423 4373 1727 4442 dicebatur,
1757 4372 1825 4430 de
1852 4387 1958 4444 qua
1989 4371 2126 4431 Cas-

534 4447 720 4503 sianus
743 4447 833 4501 lib.
859 4461 878 4500 ι
904 4460 1025 4514 cap.
1055 4445 1110 4499 8.

608 4515 634 4555 δ
682 4515 945 4586 Superius
976 4516 1029 4570 id
1059 4518 1384 4584 explicatum
1426 4527 1527 4571 art.
1557 4517 1648 4572 72.
1716 4517 1910 4572 Posset
1944 4525 2126 4572 tamen

533 4588 702 4643 etiam
742 4587 846 4642 hoc
873 4587 1036 4659 modo
1068 4591 1261 4659 exponi
1299 4605 1316 4646 :
1367 4589 1732 4659 verberabant,
1767 4588 1818 4641 id
1851 4597 1953 4651 est,
1991 4605 2127 4654 pra:-

533 4666 720 4715 sentes
744 4668 906 4714 erunt
929 4657 1059 4713 dum
1091 4657 1482 4716 verberabitur.
1521 4658 1654 4713 Nam
1685 4660 1737 4713 in
1775 4660 2006 4727 singulis
2030 4660 2129 4713 do-

533 4729 714 4786 mibus
741 4740 899 4785 erant
945 4730 1013 4783 ad
1059 4745 1328 4786 summum
1364 4729 1720 4800 quadraginta
1765 4730 2036 4792 monachi,
2073 4738 2134 4784 ut

535 4801 740 4856 dictum
792 4808 878 4855 est
931 4800 988 4854 in
1037 4804 1353 4870 praefatione
1402 4802 1462 4855 Ι).
1496 4802 1841 4872 Hieronymi,
1894 4816 2126 4870 quorum

535 4871 666 4928 dum
714 4885 853 4927 unus
894 4871 1296 4943 verberaretur,
1351 4874 1547 4944 reliqui
1590 4871 1868 4929 restabant
1909 4873 2128 4944 triginta

536 4958 756 5000 novem.

614 5013 841 5087 f’Cilicii
875 5014 1129 5083 antiquus
1159 5030 1286 5087 usus
1332 5016 1474 5071 inter
1529 5013 1859 5087 monachos,
1913 5015 1983 5071 de
2020 5029 2130 5087 quo

536 5085 664 5157 vide
685 5087 1100 5157 annotationem
1129 5086 1195 5141 ad
1225 5089 1318 5141 lib.
1343 5103 1362 5141 ι
1390 5102 1510 5157 cap.
1539 5085 1596 5141 5.

611 5154 632 5194 ί
665 5156 892 5230 Fugitivi
923 5167 975 5230 et
1005 5169 1264 5226 apostata:
1295 5154 1471 5214 etiam’
1498 5157 1816 5214 verberibus
1846 5165 1900 5214 et
1944 5158 2131 5230 ﬂagris

534 5229 732 5300 puniti.
763 5227 894 5282 Vide
915 5227 1177 5284 Joannem
1205 5230 1500 5284 Climacum
1532 5231 1700 5297 gradu
1735 5231 1945 5300 quinto.
2026 5227 2041 5230 ⁷

608 5308 634 5346 8
659 5299 732 5355 Ita
760 5299 922 5355 etiam
952 5302 1202 5370 superius
1232 5309 1335 5355 art.
1360 5302 1450 5358 85.
1482 5301 1589 5358 Sed
1623 5301 1852 5357 fortasse
1880 5304 2004 5371 quia
2033 5315 2129 5358 sex

534 5372 877 5443 orationibus
921 5385 1016 5443 sex
1051 5373 1232 5443 itidem
1267 5373 1456 5441 psalmi
1485 5374 1886 5443 jungcbantur,
1925 5373 2128 5429 idcirco

534 5441 810 5567 ἓξὲξ]ἰυὶ
841 5449 896 5497 et
921 5442 1013 5498 alii
1043 5442 1326 5501 duodecim
1351 5441 1626 5500 oratiOnes
1650 5445 1760 5500 illis
1784 5445 2128 5515 praescriptas

697 5531 763 5567 ιιη

576 5522 810 5570 ixerunt.

511 5613 516 5630 ι
611 5580 641 5621 ιι
672 5585 842 5654 Major
885 5588 1108 5643 eoltecta
1157 5586 1440 5642 dicebatur
1470 5629 1486 5654 ,
1545 5602 1666 5644 cum
1730 5587 2128 5644 conveniebant

535 5668 730 5737 omnes
755 5659 950 5737 fratres
973 5660 1217 5737 ejusdem
1249 5661 1710 5737 monasteriisive
1746 5660 2126 5737 congregatio-

533 5729 624 5807 nis
654 5729 1029 5807 itt_e_cclesiam,
1058 5731 1477 5807 diebusnetnpe
1498 5731 1798 5807 sabbatinis
1825 5729 2127 5807 et'domini-

537 5798 640 5876 eis,
672 5798 900 5876 aliisque
926 5800 1359 5876 scierunitatibus
1387 5798 1454 5856 a'd
1480 5804 1660 5876 divina
1696 5805 1951 5876 mysteria
1975 5802 2124 5876 cele-

537 5863 746 5928 branda
788 5863 845 5927 ἐι
896 5873 1270 5944 percipienda,
1306 5882 1362 5930 et
1387 5863 2121 5933 verbttmbei'audiendum.

2152 4547 2207 4615 D

2239 3733 2478 3788 Minores
2509 3743 2692 3789 autem
2719 3734 2965 3789 collectas
2997 3739 3050 3788 et
3085 3729 3282 3797 privati
3315 3736 3606 3785 conventus
3641 3721 3780 3794 quoti-

2237 3804 2328 3860 die
2359 3805 2561 3859 ﬁebant
2587 3806 2641 3861 in
2672 3805 2902 3874 singulis
2930 3803 3185 3876 domibus
3230 3802 3389 3857 statis
3418 3800 3559 3856 noris
3599 3805 3648 3876 et
3677 3806 3782 3876 tern-

2237 3877 2482 3946 poribus,
2524 3877 2619 3931 ubi
2674 3869 3020 3932 solummodo
3064 3873 3432 3946 trigintahaut
3485 3869 3784 3946 quadraginta

2234 3936 2658 4013 conveniebant,
2692 3956 2750 4002 ut
2777 3962 2849 4002 ex
2877 3947 3038 4003 dictis
3065 3936 3258 4016 liquet.
3297 3944 3430 3998 Vide
3460 3936 3601 3996 artic.
3631 3936 3731 4016 Idi.

2316 4019 2332 4057 ί
2371 4020 2427 4074 Id
2454 4027 2560 4085 est,
2599 4010 2974 4075 ordinationes
2999 4010 3560 4073 sive'constitutiones
3599 4010 3784 4078 etleges

2235 4092 2504 4161 cujusque
2535 4091 2750 4146 domus.
3143 4159 3152 4161 4
3364 4158 3374 4161 _
3463 4156 3474 4161 ,
3558 4154 3571 4161 ,
3726 4147 3764 4161 ,.

2313 4149 2328 4212 3
2370 4149 2483 4218 Hoc
2513 4171 2620 4230 est,
2652 4164 2702 4216 in
2728 4161 2890 4216 rebus
2911 4159 3187 4215 consuetis
3213 4167 3265 4215 et
3295 4156 3504 4214 usitatis
3526 4149 3786 4209 observabit

2237 4236 2456 4305 regulas
2487 4233 2827 4290 monasterii.
2859 4230 3166 4305 Opponitur
3207 4231 3354 4284 cnim
3393 4241 3481 4305 res
3531 4239 3653 4305 nova
3685 4233 3788 4305 con-

2235 4299 2432 4374 suétis,
2463 4321 2585 4377 quae
2627 4322 2692 4362 ex
2725 4319 2878 4361 more
2912 4299 3272 4359 descendunt
3313 4309 3372 4358 et
3415 4299 3698 4368 frequenter
3721 4303 3787 4347 ac-

2236 4378 2446 4433 cidunt.

2310 4448 2338 4488 ιι
2371 4449 2543 4505 Mores
2574 4457 2627 4502 et
2652 4447 2996 4503 conditiones
3022 4443 3322 4516 praepositi,
3353 4443 3467 4500 sive
3495 4437 3692 4513 prioris,
3707 4434 3790 4490 late

2237 4519 2326 4576 hic
2352 4521 2753 4576 describuntur.

2315 4591 2333 4631 ι
2370 4575 2506 4660 Quid
2541 4593 2668 4656 hoc,
2702 4606 2808 4645 non
2840 4588 2972 4644 satis
2999 4585 3275 4658 expedio;
3308 4583 3414 4642 nisi
3455 4575 3588 4660 forte
3613 4591 3678 4636 ne
3695 4591 3788 4633 ver-

2234 4654 2480 4719 setur'in
2513 4654 2665 4718 cellis
2719 4662 3022 4732 penuariis,
3069 4654 3159 4714 ubi
3188 4662 3438 4732 kvinum,
3499 4654 3671 4732 saltem
3716 4661 3789 4732 Et?

2237 4717 2468 4791 infirmis
2493 4717 2547 4788 et
2573 4717 2794 4788 senib‘us
2820 4717 3156 4786 servabatur.
3187 4729 3263 4784 De
3293 4745 3400 4799 quo
3422 4717 3586 4797 supra
3605 4729 3696 4778 art.
3718 4717 3788 4772 εξ.

2308 4815 2348 4843 ω
2381 4806 2548 4870 Puto,
2583 4815 2709 4859 vota
2751 4804 3008 4865 fratrum,
3037 4811 3131 4856 aut
3153 4809 3352 4856 statuta
3388 4800 3659 4870 majorum.

2309 4885 2336 4914 η
2361 4877 2417 4932 Id
2439 4861 2547 4944 est,
2577 4892 2646 4931 ne
2671 4876 2881 4945 jejunet
2908 4861 3321 4945 die'dominico,
3370 4881 3427 4925 ut
3455 4861 3598 4945 recte
3635 4861 3788 4945 Ciacc-

2236 4952 2358 5004 nius
2379 4933 2689 5003 annoiavit:
2709 4933 2863 5012 Quod
2894 4953 3071 4998 utrum
3099 4944 3258 4998 liceat
3287 4933 3480 5006 necne,
3507 4933 3790 5012 videexplni:

2236 5001 2589 5088 catumapud
2621 5001 2937 5074 Cassianum
2991 5015 3088 5072 lib.
3122 5030 3162 5069 II
3214 5029 3336 5085 cap.
3373 5001 3491 5080 ult.',
3541 5009 3704 5066 collat.
3737 5001 3788 5056 ει

2236 5108 2358 5161 cap.
2387 5090 2452 5147 I9
2483 5097 2538 5145 et
2567 5097 2820 5160 sequent.

2311 5147 2337 5199 δ
2363 5163 2620 5231 Respicit,
2647 5147 2708 5215 ut
2739 5159 2868 5214 mihi
2918 5156 3135 5229 quidem
3166 5156 3406 5231 videtur,
3446 5153 3500 5210 id
3551 5147 3695 5231 quod.
3721 5160 3794 5199 tu-

2236 5235 2419 5304 pcrius
2446 5219 2583 5289 dixit
2611 5219 2716 5288 art.
2749 5233 2841 5298 45,
2878 5219 2980 5284 ηοή
3010 5230 3231 5304 dormint
3258 5230 3374 5298 quis
3393 5219 3792 5304 'extra_'ralittqfif

2235 5287 2587 5371 Ξέιὶὶάἱυῆζίά
2611 5287 2714 5370 est,
2748 5287 3005 5357 humilem
3042 5287 3325 5374 lectulum,
3350 5301 3434 5354 vel
3461 5297 3629 5367 potius
3651 5287 3794 5374 sedile

2237 5370 2550 5443 recurvum,
2582 5385 2642 5432 ut
2670 5375 2742 5431 ibi
2771 5375 2972 5429 dictum
3004 5381 3107 5427 est.
3142 5371 3266 5426 Vult
3309 5385 3462 5443 ergo‘
3488 5370 3791 5443 praepositos.

2237 5431 2614 5519 mentiaris,
2646 5447 2872 5518 perhtde
2899 5460 2963 5500 ac
2992 5452 3224 5519 caeteros
3252 5431 3670 5519 mon‘acltns'nnn
3694 5431 3792 5519 aliis

2238 5524 2316 5577 uti
2349 5506 2618 5576 cubilibus
2649 5506 2820 5590 'quam
2850 5519 2971 5572 suis
2990 5515 3260 5590 psiathiis.
3312 5514 3428 5590 sive
3473 5506 3667 5590 sellulis
3689 5519 3714 5584 ς,
3735 5512 3791 5590 tt:

2237 5610 2452 5657 morem,
2485 5577 2692 5664 inquit;
2728 5590 2955 5664 inritatur
2992 5577 3294 5664 'gentilium,
3347 5583 3464 5639 sive
3492 5577 3790 5664 saecularium

2238 5651 2544 5728 hominum,
2559 5651 2790 5733 'qui'quo
2814 5651 3205 5733 honoratiores
3215 5651 3308 5733 aut
3328 5654 3651 5733 potentiores
3665 5651 3788 5733 sum.

2237 5713 2309 5792 ἒό
2319 5713 2756 5793 ’ξιὶῦῑίῖιὶῖοἲῖὺιῖξ
2764 5713 2843 5791 'ei
2855 5713 3315 5803 splendidioribus
3328 5713 3522 5785 'thoris
3540 5730 3598 5780 et
3629 5713 3791 5776 cubili-

2235 5808 2339 5867 bus
2368 5808 2448 5866 uti
2468 5807 2666 5866 solent.

2164 6008 2250 6026 στου-⁷
