3966 6332
245 233 356 310 3M

1519 249 1801 311 REGULA
1839 251 1896 311 8.
1939 248 2282 315 PACﬂOM-ll.

3417 257 3521 318 502

245 365 549 424 stultorum
574 365 692 422 risu
720 374 786 422 ac
805 361 960 435 joco,
987 377 1098 422 non
1129 364 1370 437 rapiatur
1397 379 1493 422 cor
1521 366 1640 437 ejus
1665 367 1733 424 ab
1760 366 1844 424 his
1871 393 1924 455 Α
1947 367 2284 438 ritatem,ob
2321 376 2586 426 tumorem
2625 370 2822 440 animi,
2868 387 2969 431 nec
3011 373 3232 432 deserat
3269 375 3532 449 justitiam

242 465 346 535 qui
372 463 555 534 inepta
584 462 906 534 loquuntur,
929 471 1028 519 aut
1061 461 1276 530 dulcia;
1309 478 1416 521 non
1442 464 1691 521 vincatur
1721 481 1844 521 mu-c

241 557 512 626 naribus,
561 570 670 611 non
717 555 1066 626 parvulorum
1112 571 1368 613 sermone
1419 557 1687 625 ducatur;
1734 574 1844 615 non

238 650 520 721 afﬂigatur
545 651 598 705 in
634 649 1018 721 tribulatione,
1061 666 1174 706 non
1213 651 1404 708 timeat
1437 662 1668 708 mortem
1689 689 1710 720 ,
1744 652 1844 709 sed

241 743 460 810 Betim,
504 759 572 800 ne
615 745 1000 814 praevaricator
1043 746 1116 800 sit
1159 756 1378 817 propter
1418 747 1746 803 eminentem
1777 749 1843 804 ti-

245 854 506 906 morem;
537 847 564 877 ι
594 854 666 896 ne
699 839 970 910 relinquat
997 855 1186 895 verum
1215 840 1396 897 lumen
1424 850 1643 912 propter
1669 843 1845 898 modi-

246 944 347 997 cos
371 933 522 990 cibos
539 971 556 999 ,
587 945 696 988 non
722 932 945 988 vacillet
970 947 1068 989 nee
1094 932 1326 989 fluctuet.
1344 934 1405 990 in
1423 934 1678 1005 operibus
1702 935 1846 1003 suis,-

246 1040 362 1081 non
391 1033 562 1081 mutet
591 1026 928 1082 sententiam
950 1037 1134 1080 veram
1153 1065 1170 1093 ,
1202 1025 1297 1081 sed
1328 1025 1521 1081 ﬁrmus
1552 1027 1626 1081 sit
1653 1025 1844 1082 solidi—

245 1133 355 1188 que
392 1118 598 1175 decreti
632 1117 784 1189 justa
819 1127 1012 1174 cuneta
1055 1118 1445 1184 considerans,
1487 1117 1737 1189 judicans
1783 1118 1838 1173 in

241 1212 475 1268 veritate
500 1210 707 1282 absque
748 1211 987 1282 appetitu
1027 1211 1252 1282 gloriae,
1288 1210 1610 1268 manifestus
1643 1212 1758 1267 Deo
1783 1219 1842 1268 et

241 1304 598 1374 hominibus,
639 1314 696 1360 et
735 1305 998 1374 elongaus
1035 1318 1095 1360 se
1137 1320 1170 1359 a
1208 1305 1434 1373 fraude,
1478 1321 1584 1361 non
1626 1306 1840 1376 ignoret

239 1399 718 1454 conversationem
743 1408 1058 1454 sanctorum
1078 1440 1092 1464 ,
1125 1413 1224 1454 nee
1251 1397 1322 1454 ad
1345 1412 1533 1454 eorum
1558 1399 1844 1455 scientiam

241 1507 432 1550 cacus
452 1493 689 1558 existat,
723 1492 855 1548 nulli
887 1501 1080 1548 noceat
1110 1508 1205 1562 per
1243 1493 1590 1562 superbiam;
1635 1507 1702 1549 ne
1745 1507 1834 1550 se-

1951 472 2172 533 propter
2228 463 2632 532 lassitudinem,
2688 481 2791 524 nec
2842 467 3036 538 perdat
3085 468 3320 526 animam
3375 489 3532 531 suam

1948 565 2168 626 propter
2211 558 2592 614 verecundiam
2619 600 2633 627 ,
2666 575 2768 617 nec
2799 562 3056 632 respiciat
3091 563 3256 634 dapes
3286 565 3530 622 lautioris

1949 663 2182 718 mensae,
2202 665 2304 707 nec
2335 651 2562 722 pulchra
2591 655 2914 712 vestimenta
2943 656 3244 728 desideret,-
3273 674 3342 716 ne
3367 675 3527 718 senes

1946 742 2222 813 negligat,
2272 757 2491 814 semper
2541 744 2798 816 dijudicet
2843 748 3201 819 cogitationes
3250 765 3410 818 suas,
3460 767 3532 810 ne

1945 834 2246 892 inebrietur
2287 838 2443 907 vino,
2496 839 2592 894 sed
2640 841 3002 898 humilitatem
3043 843 3290 913 junctam
3331 844 3533 902 habeat

1946 928 2196 999 veritati,
2229 930 2444 1000 quando
2469 932 2698 1001 judicat.
2734 933 3005 1005 Sequatur
3034 947 3305 1008 praecepta
3351 938 3527 1008 majo-

1943 1036 2098 1088 rum,
2141 1031 2196 1078 et
2236 1023 2408 1094 legem
2451 1024 2582 1091 Dei,-
2622 1041 2742 1095 quae
2783 1035 2894 1082 toto
2933 1028 3062 1084 orbe
3091 1029 3387 1100 praedicata
3417 1039 3525 1086 est.

1943 1115 2004 1172 Si
2033 1116 2317 1188 quidquam
2349 1117 2532 1175 dehis
2575 1122 2935 1190 praeterierit,
2980 1123 3236 1180 reddetur
3280 1126 3331 1181 ei
3377 1141 3530 1181 mon-

1943 1222 2070 1264 sura
2091 1209 2246 1278 juxta
2273 1225 2435 1280 quam
2465 1226 2687 1268 mensus
2716 1221 2830 1279 est,
2869 1219 2926 1269 et
2965 1214 3191 1284 recipiet
3231 1217 3530 1273 secundum

1943 1313 2105 1370 opera
2135 1315 2265 1369 sua,
2296 1304 2422 1372 quia
2451 1302 2753 1360 moechatus
2779 1311 2866 1360 est
2895 1304 2948 1359 in
2979 1305 3123 1376 ligno
3151 1316 3206 1362 et
3234 1307 3438 1379 lapide,
3474 1319 3534 1365 et-

1942 1401 2164 1464 propter
2192 1393 2455 1466 fulgorem
2488 1399 2604 1453 auri
2634 1407 2690 1453 et
2716 1398 3100 1470 splendorem,
3131 1402 3294 1456 animi
3324 1403 3532 1458 dimisit

1933 1484 2232 1552 judicium,
2261 1496 2316 1544 et
2345 1488 2632 1546 desideriis
2671 1491 3068 1560 temporalibus
3114 1493 3278 1560 lucri,
3326 1495 3532 1562 laqueis

239 1595 442 1657 quater
471 1585 946 1656 concupiscentiae
967 1586 1248 1642 oculorum
1283 1599 1538 1654 suorum,
1574 1600 1687 1642 non
1709 1602 1834 1643 eum
1938 1593 2001 1635 se
2030 1579 2204 1635 induit
2231 1579 2539 1652 iniquorum
2559 1627 2574 1652 ,
2606 1591 2664 1639 et
2696 1581 2724 1622 δ
2756 1584 2969 1640 eveniet
3001 1587 3048 1640 ei
3080 1586 3339 1641 contritio
3369 1586 3524 1658 ﬂeli,

240 1686 505 1749 supeer
547 1678 820 1732 incentiva
872 1678 1174 1744 vitiorum,
1213 1680 1496 1735 veritatem
1538 1693 1836 1751 numquam
1938 1682 1999 1728 et
2024 1673 2256 1729 ﬁliorum
2286 1674 2405 1744 ejus
2449 1674 2515 1748 (Ι
2543 1675 2674 1748 Reg.
2702 1674 2831 1749 tv),-
2873 1677 3184 1734 maledictio
3229 1679 3321 1734 Dei
3366 1694 3530 1750 quam

240 1779 572 1843 praetereat,
618 1771 800 1828 oderit
842 1772 1198 1842 injustitiam,
1241 1781 1304 1827 et-
1339 1787 1632 1843 personam
1673 1785 1834 1828 num:
1862 1765 2274 1854 Bimpreeatus
2300 1777 2383 1823 est
2411 1766 2542 1823 Cain
2576 1767 2732 1837 (Gen.
2764 1767 2888 1840 tv);
2923 1769 3152 1838 perditio
3191 1786 3296 1841 qua
3338 1785 3532 1842 pecca-

239 1885 412 1940 quarn
439 1869 641 1941 iudicet
673 1883 770 1940 pro
801 1869 1148 1936 muneribus,-
1182 1883 1280 1924 nec
1311 1868 1637 1924 condemnet
1679 1870 1836 1925 luno-

239 1968 462 2020 ceatem
506 1978 604 2033 per
641 1962 988 2032 superbiam,
1035 1977 1149 2017 non
1189 1961 1368 2016 rideat-
1414 1961 1556 2018 inter
1601 1978 1832 2033 pueros,-

240 2071 358 2112 non
384 2056 603 2112 deseras
628 2055 916 2111 veritatem
944 2054 1142 2110 timore
1180 2063 1506 2125 superante;
1544 2069 1652 2111 non
1687 2071 1840 2112 eum-

237 2149 374 2204 ωιτη
400 2161 594 2219 partem
623 2147 694 2204 de
732 2146 1132 2213 frauduientia,
1162 2156 1278 2202 non
1298 2146 1578 2203 desideret
1603 2148 1838 2204 alienam

233 2252 478 2312 terram,
508 2258 613 2298 non
642 2241 916 2312 opprimat
937 2240 1170 2294 animam
1203 2247 1424 2310 propter
1453 2240 1688 2296 aliorum
1707 2256 1834 2312 spo-

232 2335 309 2390 lia
331 2377 346 2400 ,
378 2350 482 2390 non
507 2334 768 2404 deSpiciat
798 2347 894 2387 eos
915 2331 1004 2402 qui
1027 2330 1272 2402 indigent
1290 2333 1698 2398 misericordia,
1733 2347 1834 2389 nec

231 2428 437 2484 falsum
473 2425 840 2484 testimonium
870 2424 1014 2480 dicat
1043 2423 1298 2479 seductus
1327 2424 1518 2492 lucro;
1552 2441 1650 2481 nec
1680 2441 1834 2482 men-

235 2523 414 2578 arar
439 2524 664 2592 propter
688 2516 1030 2590 mserum,
1065 2521 1168 2572 nec
1194 2516 1486 2573 contendat
1515 2516 1710 2574 contra
1733 2520 1834 2576 ve-

1941 1869 2087 1916 tores
2128 1869 2285 1916 terra:
2317 1860 2500 1916 hiatus
2529 1861 2808 1917 absorbuit
2838 1860 3030 1932 (Num.
3065 1862 3191 1934 xvi)
3219 1878 3234 1930 ;
3269 1871 3324 1918 et
3357 1863 3532 1919 intero

1940 1954 2054 2010 itus
2074 1954 2530 2020 Chananzeorum,
2562 1964 2616 2011 et
2647 1967 2668 1994 ε
2701 1956 2958 2011 contritio
2983 1955 3197 2028 hydriae
3223 1955 3292 2012 ad
3322 1956 3534 2017 fontem

1942 2049 2112 2122 (Eccl.
2140 2047 2281 2122 xu),
2325 2059 2380 2105 et
2417 2065 2707 2106 arenarum
2750 2051 3110 2107 comminatio
3142 2053 3194 2106 in
3225 2053 3530 2121 littoribus.

1940 2159 2060 2214 quae
2085 2145 2246 2199 salsis
2268 2143 2524 2199 ﬂuctibus
2547 2143 2934 2211 verberantur;
2959 2154 3013 2200 et
3035 2142 3062 2181 ά
3090 2145 3391 2201 confractio
3417 2148 3533 2202 vir-

1942 2255 2024 2308 gae
2053 2239 2303 2309 gloriosa:
2343 2236 2584 2310 (Jerem.
2614 2237 2854 2306 sum),
2889 2246 2911 2274 θ
2942 2244 3002 2291 ut
3042 2238 3114 2292 sit
3160 2239 3314 2308 quasi
3356 2253 3538 2294 caecus

1943 2331 2170 2401 palpans
2193 2344 2354 2395 manu
2382 2328 2644 2398 parietem
2670 2325 2859 2398 (Isaia:
2882 2343 2965 2383 ιιι
2981 2326 3019 2399 ).
3050 2327 3176 2383 Haec
3203 2331 3388 2385 omnia
3409 2345 3535 2387 eve-

1944 2423 2096 2481 nient
2122 2423 2204 2490 ei,
2233 2423 2357 2492 quia
2387 2435 2497 2476 non
2524 2420 2766 2476 servavit
2805 2421 3092 2476 veritatem
3134 2421 3188 2476 in
3233 2421 3440 2491 judicio
3480 2430 3536 2478 et

1944 2518 2129 2588 inique
2159 2516 2272 2586 egit
2301 2514 2354 2570 in
2387 2512 2638 2570 omnibus
2666 2527 2787 2584 quae.
2815 2511 2866 2568 ei
2895 2512 3105 2569 credita
3131 2521 3274 2571 sunt.

1307 2656 1568 2715 AthRDl‘
1600 2651 1833 2715 GAZ/El
1868 2651 2439 2714 COMMENTARIUS.

315 2788 350 2816 α
375 2763 496 2834 Alia
539 2777 706 2832 lectio
743 2761 951 2832 habet:
985 2763 1097 2842 Nec
1121 2777 1378 2846 relinquat
1422 2791 1594 2830 verum
1638 2761 1836 2846 flunteu

234 2859 455 2923 propter
481 2848 709 2923 modicos
745 2852 903 2923 rivos.
937 2837 1035 2903 Ubi
1067 2835 1367 2903 allusio'est
1518 2835 1648 2900 illud
1678 2835 1831 2923 Iere-

234 2918 375 2978 ᾖ)ξώ
397 2937 434 2976 rt
462 2940 473 2973 :
510 2919 600 2974 Me
615 2920 991 2990 dereliquerun-t
1021 2924 1215 2988 fontem
1242 2934 1390 2987 aqua:
1421 2918 1566 2982 vim,
1601 2925 1646 2971 et
1692 2918 1836 2986 fode-

234 3004 371 3048 nun
400 2993 498 3047 sibi
520 2992 790 3060 cisternas,
816 2993 1064 3047 cisternas
1090 2992 1400 3061 dissipatas,
1421 3006 1536 3060 ᾳυω
1574 2990 1838 3043 continere

239 3081 353 3120 non
371 3065 539 3118 ualent
567 3079 750 3131 aquas.
1082 3127 1086 3131 .

314 3134 347 3175 ι)
379 3135 478 3202 Qui
508 3125 628 3189 cum
655 3134 911 3188 audiisset
938 3127 1151 3204 captam
1181 3147 1301 3188 esse
1330 3125 1420 3186 Dei
1453 3146 1631 3185 arcam
1660 3146 1697 3204 a7
1717 3127 1839 3204 Phi-

1942 2769 2288 2845 cjusinbello
2332 2765 2623 2845 peremptis,
2641 2765 2767 2845 lipse
2793 2763 2856 2845 de
2886 2762 3014 2845 sella
3033 2780 3303 2845 corruens
3331 2837 3341 2845 A
3352 2767 3540 2845 fractis

1942 2835 2223 2898 cervicibus
2245 2835 2540 2909 exspiravit.
2571 2835 2651 2909 Ad
2674 2835 3004 2909 corrigendos
3026 2836 3187 2909 igitur
3211 2837 3540 2893 subditorum

1944 2929 2182 2969 excessus
2212 2906 2704 2980 tantodiligentius
2756 2907 2901 2980 debet
2949 2906 3199 2980 praelatus
3241 2925 3538 2979 assurgere,

1943 2994 2144 3056 quanto
2160 2975 2519 3056 damnabilius
2562 2993 2744 3032 eorum
2794 2975 3021 3046 offensas
3071 2975 3326 3038 desereret
3362 2975 3546 3036 incuri

1944 3050 2129 3110 rectas.
2159 3050 2284 3108 llaec
2314 3052 2408 3106 ibi.

2022 3139 2043 3167 ο
2071 3125 2507 3196 Εοοιθδίτινειαξᾷιιι
2524 3139 2536 3174 :
2554 3117 3159 3196 Antequamconteratur
3178 3121 3367 3196 hydria
3385 3138 3541 3196 super

237 3191 456 3270 limis,
488 3206 665 3260 cecidit
691 3206 754 3260 de
775 3206 903 3260 sella
944 3191 1245 3269 retrorsum,
1273 3213 1321 3258 et
1359 3205 1538 3275 fractis
1567 3203 1844 3256 cervicibus
1869 3191 1919 3255 C
1951 3199 2162 3275 fontem.
2182 3196 2278 3252 Ubi
2298 3195 2360 3248 ι).
2394 3194 2754 3275 Hieronymus
2777 3211 2786 3246 :
2814 3192 3092 3274 (dentritio,
3114 3191 3545 3275 inqui.t,hydi-ia.

237 3269 544 3348 exspiravit.
577 3277 776 3331 NOtent
813 3277 900 3352 hic
954 3278 1261 3346 superiores
1305 3269 1522 3352 quantis
1570 3276 1742 3352 poenis
1773 3288 1832 3329 se
1935 3286 2090 3352 super
2121 3271 2334 3352 fontem,
2367 3276 2413 3319 et
2437 3275 2565 3352 rota:
2593 3269 2874 3332 confractio
2899 3281 3055 3335 super
3079 3269 3369 3332 cisternam,
3400 3283 3541 3320 mor-

236 3345 476 3406 red'dant
502 3349 790 3412 obnoxios,
843 3348 889 3401 si
934 3345 1042 3402 sud
1064 3349 1276 3402 muneri
1303 3345 1502 3410 desint,
1545 3347 1631 3400 vel
1674 3346 1724 3398 in
1766 3359 1833 3399 eo
1939 3345 2006 3397 tis
2025 3345 2312 3412 anigmata
2328 3345 2608 3412 sunt,_etc.

237 3421 583 3490 negligenter
603 3435 660 3474 se
689 3429 900 3489 gerant,
929 3423 1230 3487 praesertim
1258 3419 1312 3472 in
1345 3416 1679 3490 corrigendis
1710 3416 1835 3469 sub;

238 3488 480 3547 diturum
509 3488 841 3546 excessibus.
875 3490 988 3558 Qua
1014 3490 1082 3544 de
1108 3505 1166 3545 re
1188 3497 1365 3545 exstat
1404 3488 1626 3556 insignis
1662 3496 1837 3543 textus

239 3573 299 3620 et
329 3565 456 3617 huic
485 3563 605 3617 loco
645 3562 1087 3616 accommodatus
1112 3565 1162 3615 in
1186 3561 1308 3630 jure
1337 3561 1604 3614 canonico
1636 3562 1686 3614 in
1721 3560 1838 3613 haec

241 3636 413 3690 verba
439 3633 570 3703 (Tit.
595 3635 656 3688 de
683 3631 942 3702 Simonia)
979 3650 992 3684 :
1019 3632 1160 3686 Licet
1189 3631 1312 3686 Heli
1337 3648 1564 3686 summus
1595 3631 1836 3703 sacerdos

238 3706 294 3760 in
319 3722 372 3760 se
398 3701 562 3760 benus
593 3705 848 3770 existeret,
881 3701 1002 3772 quia
1031 3711 1206 3776 tamen
1231 3704 1458 3776 ﬁliorum
1499 3714 1736 3776 excessus
1762 3701 1840 3776 ef-

243 3779 477 3846 ﬁcaciter
522 3793 625 3830 non
674 3776 954 3846 corripuit,
997 3783 1045 3828 et
1096 3775 1150 3828 in
1188 3774 1241 3828 se
1291 3775 1486 3844 puriter
1526 3781 1576 3828 et
1611 3775 1666 3828 in
1714 3774 1840 3846 ipsis

243 3844 700 3903 animadversionis
731 3845 917 3900 divina:
957 3847 1235 3900 vindictam
1283 3846 1509 3916 excepit;
1548 3847 1674 3899 dum
1717 3844 1839 3914 ﬁliis

2011 3411 2039 3450 ά
2061 3405 2302 3480 Respicit
2325 3407 2723 3480 illudJercm‘ite
2749 3405 2947 3480 sunt:
2976 3405 3244 3472 Quomodo
3272 3407 3540 3478 confracta

1941 3493 2013 3540 est
2032 3478 2186 3553 virga
2197 3482 2371 3550 fortis,
2399 3479 2609 3532 baculus
2641 3478 2931 3553 gloriosus?

2020 3565 2043 3592 ο
2077 3548 2365 3608 Ueuteron.
2400 3564 2573 3604 xxvm
2601 3566 2614 3600 :
2645 3548 2712 3600 Et
2742 3548 2920 3619 palpes
2947 3548 3000 3602 in
3033 3549 3245 3604 meridie
3269 3550 3400 3603 sicut
3424 3551 3541 3618 pal—

1945 3642 2070 3699 pare
2096 3625 2228 3699 solet
2249 3639 2410 3699 caecus
2437 3623 2490 3675 in
2517 3621 2753 3674 tenebris.
2776 3619 2843 3699 Et
2861 3619 3014 3699 lsaia:
3035 3635 3120 3674 ιιι
3147 3635 3165 3699 :_
3177 3619 3539 3699 Patpavimus,

1945 3691 2082 3754 sicut
2110 3697 2230 3751 εαῖεὶ
2258 3695 2520 3764 parietem,
2553 3692 2793 3764 ct_qttasi
2824 3691 3008 3764 absque
3049 3691 3213 3764 oculis
3249 3693 3541 3764 attrectaui-

1947 3779 2080 3834 mus,
2115 3761 2419 3838 impegimus
2439 3761 2673 3838 meridie,
2707 3761 2854 3832 quasi
2895 3763 2951 3815 in
2984 3761 3238 3828 tenebris;
3267 3764 3322 3817 in
3359 3763 3542 3836 caligi-

1949 3842 2110 3904 nosis,
2142 3837 2292 3909 quasi
2318 3837 2526 3890 mortui.

248 3965 3536 4000 Μ

534 4055 896 4132 EIUSDEM
933 4070 994 4130 s.
1045 4053 1437 4132 eameam
1481 4055 1802 4131 REGULA
1846 4051 2110 4131 PROUT
2156 4067 2208 4128 Α
2250 4040 2659 4128 PALLADICS
2701 4045 3025 4121 RELATA
3070 4041 3240 4122 EST.

316 4335 692 4396 'l‘abennensis
722 4343 807 4393 est
856 4336 1033 4405 locus,
1084 4317 1176 4404 qui
1230 4330 1308 4387 sic
1345 4335 1568 4384 vocatur
1600 4325 1652 4381 in
1695 4323 1841 4380 Theo

248 4433 428 4499 baide,
457 4433 511 4488 in
542 4446 648 4502 quo
676 4429 777 4484 fuit
819 4426 1146 4483 Pacbomius
1193 4423 1514 4488 monachus,
1564 4418 1648 4474 vir
1677 4433 1745 4474 ex
1775 4418 1850 4472 iis

249 4526 336 4596 qui
365 4525 620 4580 viterun't
667 4522 724 4576 in
767 4527 982 4576 summa
1012 4527 1067 4575 et
1096 4515 1491 4589 perlecto'vitac
1549 4510 1836 4575 instituto,

249 4617 383 4673 adeo
410 4615 470 4672 ut
497 4617 542 4671 is
571 4613 734 4672 fuerit
774 4613 1023 4684 dignatus
1051 4619 1106 4668 et
1133 4601 1437 4666 futurorum
1477 4604 1840 4678 praedictioni-

251 4711 352 4766 bus
375 4719 434 4767 et
461 4710 722 4782 angelicis
752 4707 1074 4764 visionibus.
1114 4705 1166 4761 ls
1194 4705 1292 4760 fuit
1315 4702 1472 4759 valde
1497 4715 1683 4757 amans
1708 4713 1839 4770 pau-

251 4815 470 4873 perum,
495 4811 556 4858 ει·
579 4811 780 4873 magna
801 4797 1064 4855 eh‘arilat'e
1092 4798 1146 4853 in
1177 4795 1445 4852 homines.
1488 4794 1570 4848 Eo
1596 4805 1726 4862 ergo
1754 4804 1839 4846 sc-

252 4897 414 4953 dente’
440 4897 495 4952 in
531 4889 632 4952 hac
661 4881 922 4966 spelunca
944 4891 1093 4949 visus
1123 4901 1207 4947 est
1254 4890 1306 4946 ei
1335 4887 1555 4959 angelus
1597 4885 1844 4954 Domini,

253 4991 341 5059 qui
375 4989 424 5044 ei
453 4988 632 5044 dicit:
670 4986 954 5056 Pachumi,
981 4999 1043 5041 ea
1082 4982 1298 5055 quidem
1342 4995 1459 5052 quae
1489 4979 1562 5034 ad
1596 4987 1646 5034 te
1678 4976 1844 5048 perti-

252 5083 380 5141 nent
410 5094 566 5139 recte
599 5088 658 5138 et
682 5093 749 5137 ex
775 5080 975 5136 virtute
1003 5077 1250 5148 gessisti:
1285 5086 1681 5144 supervacanee
1712 5083 1843 5140 ergo

252 5175 408 5232 sedes
430 5173 482 5229 in
511 5175 614 5230 hoc
651 5167 794 5230 loco.
828 5171 944 5243 Age
984 5183 1135 5242 ergo,
1167 5167 1426 5240 egredere
1475 5177 1528 5223 et
1575 5178 1841 5236 congrega

252 5283 439 5325 omnes
456 5257 704 5340 iuniores
741 5266 1066 5334 monachos,
1091 5275 1144 5320 et
1171 5263 1354 5319 habita
1375 5278 1498 5319 cum
1525 5262 1629 5329 eis,
1657 5271 1711 5316 et
1757 5275 1842 5315 se-

255 5377 419 5434 quens
459 5363 686 5418 formam
715 5375 877 5433 quam
926 5359 1066 5416 dabo
1094 5359 1208 5424 tibi,
1245 5357 1328 5413 eis
1368 5359 1518 5427 leges
1547 5353 1838 5412 constitue.

257 5455 420 5528 Eique
471 5449 624 5513 dedit
669 5453 908 5513 tabulam
959 5461 1192 5521 teneam,
1240 5449 1424 5524 inqua
1472 5451 1588 5507 haec
1641 5445 1839 5521 scripta

258 5546 490 5607 fuerant.

325 5641 368 5699 l.
396 5641 648 5700 Concede
687 5643 1008 5715 unicuique,
1049 5650 1104 5699 ut
1151 5639 1402 5697 comedat
1449 5646 1504 5696 et
1544 5637 1692 5696 bibat
1744 5651 1842 5709 pro

332 5810 359 5845 -
384 5805 440 5863 ια
467 5809 572 5874 c‘at,
595 5807 859 5878 ps'ia'tliiis‘.

1948 4322 2158 4379 viribus
2214 4322 2614 4379 comede'ntium
2651 4342 2666 4378 :
2709 4323 2794 4381 eis
2841 4321 3056 4397 quoque
3093 4322 3288 4380 m'anda
3343 4341 3544 4398 opera,

1947 4429 2069 4486 quae
2115 4416 2471 4486 prepartionc
2513 4418 2882 4487 conveniant,
2923 4433 2989 4474 c
3033 4417 3438 4489 respondeant;
3484 4427 3548 4476 et

1945 4524 2120 4580 neque
2145 4523 2426 4565 remanere
2455 4509 2700 4580 prohibe,
2731 4527 2831 4568 nec
2860 4511 3169 4569 comedere.
3197 4511 3287 4569 Sic
3315 4511 3536 4584 quidem

1942 4601 2169 4658 fortibus
2219 4602 2376 4659 fortia
2425 4602 2630 4659 manda
2663 4621 2829 4675 opera
2867 4624 2882 4662 :
2929 4591 3201 4663 imbecilla
3247 4605 3429 4664 autem
3482 4619 3541 4666 et

1943 4696 2078 4752 levia
2107 4696 2198 4765 iis,
2220 4700 2310 4770 qui
2339 4713 2402 4754 se
2425 4699 2598 4771 magis
2623 4698 2915 4770 exercent,
2946 4710 3160 4761 etsunt
3205 4685 3532 4762 imbecillio-

1867 4757 1919 4818 θ
1947 4793 2053 4846 res.

2019 4879 2084 4938 ll.
2116 4866 2228 4940 Fac
2251 4887 2432 4940 autem
2483 4871 2728 4943 diversas
2761 4887 2932 4945 cellas
2978 4886 3036 4946 in
3063 4886 3254 4946 eadem
3287 4875 3408 4946 aula
3438 4908 3452 4948 :
3485 4898 3540 4949 et

1948 4984 2062 5033 tres
2090 4977 2142 5032 in
2163 4977 2304 5032 cella
2329 4988 2602 5034 marteant.

2017 5065 2105 5124 ut.
2131 5068 2215 5126 Ab
2241 5065 2495 5127 onmibus
2533 5080 2722 5129 autem
2757 5073 2918 5132 cibus
2950 5074 3008 5131 in
3033 5073 3142 5132 una
3171 5073 3332 5134 asino
3359 5067 3544 5148 dapis:

1947 5169 2054 5218 tur.

2015 5254 2107 5312 ιν.
2144 5255 2436 5314 θοι-ηήοηι
2463 5265 2653 5315 autem
2688 5273 2797 5315 non
2849 5238 3252 5326 rewmbentes‘,
3294 5249 3401 5316 sed
3439 5270 3536 5315 ex-

1945 5349 2174 5406 structis
2207 5348 2319 5405 sibiv
2361 5357 2399 5388 α·
2432 5351 2660 5407 sedibus
2690 5351 2852 5422 paulo
2899 5351 3268 5423 captatoribus
3317 5357 3380 5408 ett
3421 5352 3536 5410 illic

1947 5445 2215 5518 impositis
2236 5439 2508 5520 stragulis,
2535 5439 2804 5504 dormiant
2831 5441 3106 5506 sedentes.
3442 5446 3447 5451 ’

2020 5540 2085 5596 ν.
2116 5538 2285 5597 Noctu
2337 5550 2516 5598 autem
2548 5551 2759 5614 gestent
2805 5541 2831 5582 ι’
2857 5543 3124 5600 lebitonec
3171 5542 3382 5613 lineas,
3416 5553 3538 5601 suc-

1947 5635 2131 5691 cincti.

2062 5803 2089 5844 δ
2112 5803 2168 5858 ld
2196 5811 2296 5867 est,
2330 5802 2537 5858 tunicas
2569 5803 2756 5859 lineas.
