3966 6332
465 286 572 349 305

1488 275 1580 332 AD
1618 267 1849 330 OPERA
1887 259 1934 325 .l.
1979 258 2295 324 CASSIANI
2332 258 2706 320 APPENDIX.
3589 253 3678 317 ωδ

537 401 626 460 Vl.
650 400 859 458 Habeat
904 395 1274 466 unusquisque
1303 400 1328 430 ³
1373 391 1569 462 pellem
1601 390 1820 445 ovillam
1869 385 2046 443 albam
2075 387 2132 450 Α
2224 385 2294 440 Χ.
2329 382 2385 438 Si
2417 381 2631 438 venerit
2685 377 2887 447 hospes
2933 373 3156 431 alterius
3205 372 3518 444 monasterii,
3564 380 3682 448 quod

468 499 787 554 laboratam.
821 494 1038 563 Absque
1062 507 1124 547 ea
1169 502 1342 557 neque
1371 483 1677 552 comedam,
1712 496 1888 553 neque
1917 482 2050 536 dor-

468 594 658 648 miunt.

543 683 652 739 VII.
687 681 1052 753 lngredientes
1080 686 1255 731 autem
1281 674 1345 729 ad
1374 673 1571 727 Christi
1597 670 2053 734 communionem,

469 778 694 833 sabbato
723 786 778 830 et
807 773 1074 828 dominica
1107 783 1274 824 zonas
1318 768 1550 827 solvant.
1585 774 1640 820 et
1673 765 1868 834 pellem
1915 761 2056 817 ovil-

468 870 574 923 lam
600 869 892 934 deponunt,
913 874 966 919 et
995 879 1117 917 cum
1149 863 1264 916 sola
1296 860 1506 916 cuculla
1537 857 1927 928 ingrediantur.

546 959 680 1013 \‘lll.
714 955 862 1011 Fecit
899 966 1080 1010 autem
1121 955 1200 1010 eis
1251 953 1492 1008 cucullas
1544 952 1735 1006 molles
1785 957 2057 1015 tamquam

473 1053 690 1120 pueris:
717 1049 768 1102 in
802 1048 995 1118 quibus
1010 1047 1173 1102 etiam
1204 1045 1363 1115 jussit
1389 1044 1586 1114 imponi
1623 1043 1848 1114 figuram
1877 1038 2058 1096 crucis

469 1163 776 1219 purpureae.

542 1238 633 1293 IX.
667 1238 694 1277 ι)
722 1238 887 1294 .lussit
936 1248 1116 1294 autem
1164 1252 1284 1292 esse
1311 1237 1496 1307 viginti
1546 1241 1779 1306 quatuor
1834 1233 2060 1289 ordines

471 1331 729 1400 fratrum,
788 1347 853 1387 ex
911 1347 1136 1386 numero
1191 1331 1377 1400 viginti
1431 1339 1660 1400 quatuor
1711 1328 2056 1381 litterarum:

471 1427 834 1496 praecepitque
858 1424 1142 1493 unicuique
1175 1423 1349 1477 ordini
1383 1423 1662 1491 imponere
1693 1434 1894 1474 nomen
1944 1416 2062 1472 ele-

471 1528 713 1574 mentum
765 1519 1010 1573 Gnecnm
1045 1517 1110 1571 ab
1139 1541 1193 1581 α,
1226 1518 1262 1588 β
1289 1523 1344 1570 et
1381 1531 1500 1585 qua:
1539 1514 1795 1582 deinceps
1824 1524 2063 1580 sequun-

471 1620 560 1666 tur
591 1627 758 1680 nsque
787 1611 852 1665 ad
881 1635 942 1678 ω,
974 1620 1027 1665 ιιι
1060 1610 1186 1664 dum
1233 1610 1596 1678 interrogaret
1639 1605 2061 1660 archimandrita

471 1703 538 1760 de
563 1703 742 1773 aliquo
775 1703 827 1758 in
871 1713 1014 1757 tanta
1067 1701 1435 1766 multitudine,
1469 1695 2062 1767 scisciteturquomodo

2157 477 2322 536 habet
2343 475 2500 530 aliam
2534 472 2762 528 formam
2796 468 2889 541 (id
2915 476 2998 524 est
3025 466 3237 523 vivendi
3261 469 3547 532 rationeml
3582 486 3683 530 cum

2158 572 2238 628 eis
2283 585 2383 625 nec
2411 566 2681 632 comedat,
2714 579 2816 620 nec
2863 561 3031 628 bibat,
3061 575 3161 618 nec
3190 561 3506 634 ingrediatur
3529 577 3685 623 mona-

2158 665 2406 730 sterium,
2443 662 2544 717 nisi
2575 660 2738 716 fuerit
2764 659 3016 714 inventus
3045 655 3098 710 in
3130 655 3238 710 via.

2230 757 2324 812 XI.
2368 756 2538 811 Porro
2590 769 2711 808 eum
2739 751 2829 820 qui
2877 748 3044 805 semel
3084 745 3396 819 ingreditur,
3426 763 3517 804 nec
3545 760 3690 819 potest

2160 864 2282 905 cum
2332 847 2413 903 eis
2466 845 2532 900 ad
2585 843 2878 898 triennium
2935 839 3205 895 sustinere
3234 850 3257 878 ε
3289 848 3565 907 certamen,
3605 856 3692 900 non

2159 940 2465 995 admittent.
2506 935 2615 993 Sed
2662 949 2783 990 cum
2831 947 3000 1003 opera
3041 931 3233 986 fecerit
3275 929 3562 987 difficiliora
3587 972 3603 1000 ,
3632 933 3694 990 sic

2161 1031 2383 1103 prodeat
2414 1029 2466 1084 in
2497 1027 2734 1083 stadium
2763 1036 2886 1097 post
2913 1027 2943 1068 (ι
2967 1023 3280 1080 triennium.

2233 1125 2348 1181 Xll.
2378 1122 2739 1180 Comedentes
2761 1130 2942 1175 autem
2965 1119 3148 1174 velent
3189 1117 3364 1189 capita
3401 1117 3621 1187 cucullis,
3644 1134 3700 1176 ne

2160 1220 2328 1274 frater
2353 1218 2568 1272 fratrem
2602 1214 2784 1269 videat
2813 1211 3178 1268 mandentem.

2233 1313 2376 1369 XIII.
2402 1309 2719 1367 Comedenti
2751 1318 2774 1346 ο
2797 1322 2904 1362 non
2958 1306 3083 1362 licet
3111 1303 3280 1374 loqui,
3312 1317 3410 1360 nec
3437 1311 3575 1360 extra
3595 1318 3702 1375 qua-

2163 1409 2315 1464 dram
2339 1417 2394 1462 et
2421 1418 2667 1460 mensam
2685 1416 2910 1472 usquam
2939 1399 3048 1455 alio
3076 1397 3268 1453 oculos
3295 1407 3610 1452 convertere.

2233 1498 2376 1554 XIV.
2407 1495 2900 1552 ConStituitantem
2930 1501 2990 1547 ut
3015 1507 3113 1561 per
3139 1499 3309 1545 totum
3341 1488 3478 1544 diem
3505 1489 3707 1544 Iacerent

2164 1591 2452 1649 duodecim
2487 1589 2762 1644 orationes
2799 1605 2812 1639 ε
2843 1594 2899 1642 et
2936 1588 2988 1640 in
3022 1582 3302 1640 nocturnis
3331 1581 3518 1650 vigiliis
3543 1580 3708 1636 duode-

2165 1684 2304 1751 cim,
2339 1693 2393 1738 et
2426 1683 2478 1736 in
2532 1679 2798 1735 matutino
2840 1677 3124 1732 duodecim
3159 1693 3174 1731 :
3207 1685 3264 1730 et
3290 1673 3423 1729 hora
3449 1687 3578 1728 nona
3603 1683 3709 1728 tres.

470 1811 532 1851 se
572 1767 734 1850 liabet
783 1795 916 1848 ordo
943 1795 1024 1848 A?
1055 1804 1144 1847 aut
1173 1792 1443 1861 quomodo
1492 1806 1553 1846 se
1595 1790 1757 1844 habet
1797 1787 1932 1842 ordo
1979 1785 2061 1840 B?
2092 1785 2140 1846 B
2171 1776 2190 1816 τ
2221 1775 2448 1845 Quando
2476 1782 2657 1828 autem
2690 1771 2967 1826 videretur
2998 1767 3389 1825 comedendum
3417 1782 3528 1822 esse
3563 1767 3712 1821 mulli-

468 1890 682 1945 Bursus
707 1890 881 1944 saluta
908 1889 974 1956 Β,
1010 1888 1288 1959 sequendo
1335 1885 1604 1954 quoddam
1637 1883 1913 1953 proprium
1959 1894 2061 1934 no-

468 1998 596 2037 men
625 1983 945 2036 litterarum.
980 1980 1047 2034 Et
1090 1978 1512 2047 simplicioribus
1563 1983 1619 2031 et
1671 1971 2062 2028 sincerioribus

470 2076 752 2144 imponens
771 2089 971 2128 nomen
993 2073 1033 2140 l,
1060 2070 1462 2126 difficilioribus
1489 2080 1664 2124 autem
1689 2075 1728 2122 Ξ
1750 2077 1803 2122 et
1825 2069 1904 2121 sic
1925 2081 2060 2122 con—

469 2164 1554 2229 venienterinstitutiseorum,etvitae,et
1578 2161 1838 2226 moribus,
1855 2158 2064 2214 unicui-

469 2275 577 2330 que
612 2259 787 2314 ordini
837 2258 1165 2314 elementum
1198 2256 1400 2310 littera:
1431 2252 1882 2317 accommodans,
1931 2251 2064 2306 solis

468 2351 843 2422 Spiritualibus
900 2348 1329 2418 intelligentibus
1386 2361 1452 2401 ea
1496 2361 1616 2417 qua:
1665 2344 2062 2415 significantur.

550 2513 579 2542 ⁸
599 2507 654 2560 ld
677 2517 781 2570 est,
805 2506 1081 2560 melotem.

543 2575 572 2615 δ
603 2579 754 2632 Ηυηο
784 2578 957 2632 locum
985 2578 1178 2630 melius
1217 2573 1851 2643 expreSsitNicepborns
1884 2574 1978 2628 lib.
2004 2589 2060 2630 rx

467 2663 518 2703 c.
558 2647 624 2703 M
649 2649 728 2701 liis
753 2648 932 2702 verbis
963 2666 974 2700 :
1006 2648 1260 2701 Prwterea
1288 2657 1343 2700 ut
1370 2647 1437 2698 ad
1469 2664 1736 2699 numerum
1761 2645 2060 2700 ercarum

468 2721 764 2773 litterarum
814 2729 996 2773 emtum
1035 2719 1404 2771 monachorum
1437 2718 1836 2770 cohabitantium
1889 2719 1943 2771 in
1985 2719 2060 2770 vi-

467 2793 600 2862 ginti
630 2799 853 2860 quatuor
893 2791 1095 2842 ordines
1142 2789 1410 2862 divideret.
1443 2800 1487 2841 et
1515 2791 1695 2857 cuique
1735 2789 1904 2841 ordini
1930 2805 2057 2841 con-

468 2860 753 2932 gruentem,
804 2862 953 2913 sicuti
992 2863 1213 2932 animus.
1253 2860 1353 2911 vita
1383 2869 1431 2913 et
1475 2877 1638 2932 mores
1669 2861 1917 2928 cujusque
1950 2871 2059 2927 [cr-

468 2929 613 2992 rent,
648 2934 929 2998 imponeret
957 2931 1379 2998 appellationem,
1408 2929 1599 2982 scilicet
1633 2939 1687 2982 ut
1722 2930 2059 2996 simplwiores

469 3003 490 3055 i
516 3015 560 3056 et
583 3019 636 3067 ο,
655 3006 739 3073 qui
781 3020 896 3057 vero
929 3005 1072 3070 pravi
1111 3014 1277 3056 e~seut
1321 3012 1364 3055 et
1397 3003 1563 3054 minus
1593 3003 1718 3073 recti
1738 3006 1768 3065 ζ
1788 3011 1834 3053 et
1862 3003 1888 3066 ξ
1917 3018 2064 3054 voca-

467 3072 674 3139 rentur;
707 3084 861 3144 atque
892 3075 1043 3127 aliter
1084 3074 1174 3127 alii
1194 3077 1352 3144 juxta
1393 3075 1638 3144 cujusque
1673 3072 1967 3125 institutum
2013 3082 2061 3126 et

2171 1869 2364 1936 tudini,
2397 1867 2680 1924 constituit
2700 1874 2760 1920 ut
2787 1864 3158 1935 unusquisque
3183 1860 3322 1918 ordo
3355 1860 3406 1915 in
3436 1871 3713 1929 unaquaque

2171 1966 2420 2022 oratione
2451 1961 2715 2032 psalmum
2760 1960 2911 2030 prius
2961 1964 3204 2014 caneret.
3235 1955 3500 2009 Hactenus
3545 1951 3714 2020 Regula

2171 2063 2254 2119 vel
2280 2076 2404 2131 pars
2428 2057 2649 2127 Regula:
2678 2053 2737 2110 S.
2765 2051 3044 2108 Pacbomii
3065 2065 3132 2107 ex
3153 2048 3395 2105 Palladio
3416 2046 3713 2117 deprompta,

2169 2169 2332 2228 quam
2362 2152 2482 2206 aliis
2514 2158 2679 2218 atque
2703 2146 2824 2202 aliis
2850 2143 3033 2202 verbis
3060 2142 3400 2201 Sozomenus
3424 2146 3478 2196 et
3491 2137 3716 2209 Nicepho-

2170 2263 2263 2305 rus
2293 2248 2715 2316 expresserunt.

2163 2503 2351 2559 litterae
2365 2504 2529 2574 ipsius
2543 2503 2798 2567 habitum,
2811 2507 2990 2567 aptum
3003 2489 3448 2574 accommodanda
3459 2503 3721 2564 cognomen.

2242 2586 2263 2614 ο
2299 2576 2353 2628 Id
2384 2570 2486 2640 est,
2518 2575 2800 2641 religionis
2829 2570 3229 2641 austeritatem.

2237 2643 2265 2684 ά
2300 2635 2557 2702 Probatio
2583 2635 2866 2700 triennalis
2889 2650 3015 2695 ante
3045 2635 3467 2708 professionem.

2238 2726 2262 2753 ⁸
2295 2717 2460 2772 Addit
2488 2717 2842 2785 Nicephorus,
2874 2706 3058 2785 Signis
3073 2717 3243 2762 autem
3293 2706 3605 2785 quibusdam,
3620 2716 3721 2785 nta-

2166 2805 2325 2842 nuum
2356 2775 2685 2858 impulsione,
2731 2786 2808 2841 vel
2830 2775 3060 2838 nutibus
3086 2795 3194 2834 rem
3243 2775 3581 2834 noeessuriam
3614 2775 3723 2828 insi-

2166 2859 2376 2932 nuando
2405 2867 2661 2932 peterent.

2244 2929 2265 2969 τ
2297 2921 2425 2984 Cun'i
2460 2934 2602 2984 cibus
2634 2936 2762 2984 esset
2792 2925 3098 2998 capiendus,
3130 2921 3491 2998 utorationem
3513 2932 3726 2998 quamque

2172 3003 2403 3070 psalmus
2433 3001 2761 3069 prwced'eret.
2797 2988 3133 3054 Sozomenus
3176 2993 3274 3050 lib.
3299 3008 3382 3059 ιιι,
3408 2988 3532 3064 cap.
3553 2990 3629 3054 I3;
3649 2988 3725 3043 Ni-

2171 3075 2443 3144 cepliorus
2477 3073 2572 3128 lib.
2605 3087 2680 3140 tv,
2707 3085 2828 3140 cap.
2858 3071 2947 3124 14.

3365 3221 3714 3240 ﬂ

1155 3353 2125 3468 APPENDIX
2195 3350 3097 3466 SECVNDA.

1322 3694 1769 3785 FLORES
1844 3699 2334 3786 JOANNIS
2413 3699 2938 3787 CASSIANI

2049 3878 2166 3920 ειη

753 4002 1209 4059 ILLUSTRIORES
1245 4001 1528 4064 QU/EDAM
1565 4001 1645 4053 AC
1675 4001 2030 4054 BREVIORES
2063 4003 2435 4055 SENTENTIE
2467 4004 2549 4055 EX
2582 4003 2649 4056 ΕΙ
2657 4004 2732 4056 US
2765 4002 3080 4056 OPERIBUS
3113 4003 3481 4058 DECERPTE.

1177 3819 1214 3862 ιδ

546 4141 682 4210 (Lib.
713 4156 730 4196 ι
759 4140 935 4194 lnstit.
967 4171 1038 4181 —
1066 4139 1195 4211 Cap.
1219 4138 1300 4210 ὃ.)
1328 4135 1597 4211 Quidquid
1650 4137 1792 4190 inter
1823 4135 2056 4211 famulos
2086 4137 2132 4200 C

473 4207 567 4270 Dei
611 4214 952 4282 praesumitur
999 4212 1067 4264 ah
1097 4207 1223 4272 uno,
1270 4207 1355 4282 vel
1405 4209 1612 4278 paucis,
1649 4222 1746 4262 nec
1791 4207 2058 4261 catlmlice

471 4301 570 4355 per
591 4279 752 4339 omne
781 4299 976 4353 corpus
1024 4279 1378 4336 fraternitatis
1424 4290 1674 4355 tenetur,
1731 4289 1822 4355 aut
1867 4293 2058 4355 snper-

473 4349 662 4417 ilunm,
691 4365 781 4410 aut
822 4349 1018 4409 elatum
1051 4363 1172 4408 est:
1202 4363 1257 4407 et
1296 4361 1518 4420 propter
1543 4352 1643 4404 huc
1675 4349 2059 4420 noxiumjudi-

473 4427 726 4487 candum,
761 4427 1036 4496 magisque
1067 4425 1302 4493 speciem
1335 4424 1621 4487 vanitatis,
1653 4437 1813 4491 quam
1846 4419 2060 4474 virtutis

473 4507 773 4552 ostentans.

547 4567 736 4637 (lbid.)
768 4566 1022 4622 Generali
1070 4567 1322 4637 omnium
1347 4563 1716 4618 constitutioni
1762 4577 2057 4637 paucorum

472 4634 580 4693 non
613 4634 771 4691 debet
798 4637 1042 4706 prwponi
1077 4652 1174 4690 nec
1200 4635 1548 4706 pra~judicare
1574 4634 1862 4688 sententia.

551 4707 702 4770 (Lib.
728 4725 763 4762 ιι
793 4703 966 4761 lnstit.
995 4737 1061 4748 ——
1085 4703 1214 4776 Cap.
1247 4703 1338 4776 3.)
1374 4709 1514 4760 Bone
1549 4719 1754 4774 regere.
1803 4703 1885 4758 vel
1919 4705 2055 4774 regi,

471 4780 733 4850 sapientis
772 4794 900 4850 esse,
936 4775 1325 4845 pronuntiant,
1353 4791 1745 4850 summumque
1774 4775 1973 4830 donum
2005 4783 2060 4830 et

473 4845 701 4922 gratiam
732 4849 906 4904 sancti
945 4850 1174 4916 Spit'itUs
1221 4863 1342 4922 esse
1372 4845 1834 4922 delininnt._Nani
1887 4860 2059 4912 neque

471 4917 727 4976 salutaria
770 4930 1036 4988 praecepta
1089 4919 1393 4985 quempiam
1443 4933 1600 4985 posse
1638 4917 2060 4983 obtemperanti-

472 4992 575 5046 bus
631 4994 969 5059 przestituere
995 5030 1009 5050 .
1044 4990 1140 5042 nisi
1185 4990 1277 5058 qui
1309 4991 1455 5054 prius
1486 4988 1751 5042 universis
1796 4989 2050 5059 virtutum

473 5057 773 5132 disoiplinis
807 5061 971 5114 fuerit
993 5057 1288 5132 instructus
1314 5077 1326 5112 :
1351 5075 1452 5113 nec
1493 5059 1717 5113 obedire
1747 5057 2054 5132 quempiam

471 5130 677 5188 setiiOri
704 5147 882 5200 pos~e,
918 5134 1016 5185 nisi
1050 5147 1169 5184 eum
1194 5131 1703 5198 qnic0nsninniatus
1731 5131 1922 5184 timore
1939 5130 2052 5197 Dei,

470 5205 859 5260 etliuinilitatis
889 5203 1047 5258 fuerit
1077 5205 1273 5256 virtute
1298 5202 1582 5269 peric-ctus.

545 5275 682 5338 (Lib.
702 5292 756 5329 ιιι
790 5273 958 5327 lnstit.
989 5304 1061 5314 —
1087 5273 1214 5341 Cap.
1249 5272 1330 5336 8.)
1359 5272 1674 5327 Nullatenns
1728 5280 1905 5338 potest
1948 5272 2053 5326 fra-

467 5345 590 5416 gilis
629 5362 754 5400 caro
801 5347 868 5398 ita
905 5346 1066 5398 totius
1116 5348 1288 5416 noctis
1326 5356 1506 5411 quiete
1556 5343 1812 5403 fraudari,
1847 5352 1903 5416 ut
1958 5359 2056 5416 per

469 5414 889 5486 consequentum
917 5417 1057 5470 diem
1091 5417 1207 5468 sine
1247 5414 1648 5478 dorinitalione,
1704 5415 1899 5467 mentis
1940 5414 2053 5468 nni-

468 5491 652 5556 mique
696 5500 914 5556 torpore
941 5488 1309 5542 inconcussam
1341 5488 1506 5551 pnssit
1539 5499 1757 5540 servare
1790 5486 2048 5553 vigiliam.

541 5558 694 5627 (Cap.
723 5559 834 5624 ll.)
865 5560 1091 5623 Semper
1124 5558 1477 5624 :vquanimins
1525 5557 1781 5626 qua-libet
1814 5557 2051 5625 fatigatio

469 5630 788 5693 sustinetur,
819 5641 872 5685 et
903 5635 1019 5684 sine
1069 5629 1283 5681 fastidio
1312 5629 1459 5681 labor
1494 5628 1849 5698 impenditur;
1886 5630 1928 5680 si
1971 5628 2052 5682 in-

470 5706 694 5767 terjccta
737 5717 785 5755 ei
815 5701 1129 5754 vicissitudo
1160 5699 1404 5768 quaedam
1433 5741 1447 5765 ,
1475 5699 1560 5755 vel
1589 5700 1770 5768 operis
1804 5700 2055 5753 immuta-

472 5771 551 5824 tio
588 5770 993 5841 qualiscumque
1021 5772 1291 5827 succedat.

2079 5529 2133 5590 D

2238 4136 2383 4220 (Lit).
2431 4153 2488 4220 ιιι
2539 4137 2942 4220 Instit.—-t_3ap.
3004 4139 3084 4209 8.)
3126 4139 3312 4220 Multis
3363 4138 3728 4220 eriperimentis

2166 4208 2343 4261 cdocti
2374 4209 2591 4263 tradunt
2632 4212 2977 4275 monachum,
3037 4208 3087 4265 et
3123 4214 3362 4265 maxime
3400 4208 3732 4278 juniores.ne

2165 4279 2493 4347 voluptatem
2518 4282 2738 4350 quidem
2767 4283 3225 4352 conenpiscentize
3253 4297 3371 4336 suae
3395 4297 3550 4348 posse
3587 4279 3732 4335 refre-

2164 4366 2323 4431 nare,
2367 4352 2466 4431 nisi
2515 4353 2665 4431 prius
2710 4353 3043 4409 mortiticare
3091 4367 3187 4422 per
3227 4352 3588 4408 obedientiam
3625 4362 3732 4406 suas

2161 4421 2413 4475 didicerit
2439 4427 2767 4478 voluntates.

2234 4491 2386 4563 (Cap.
2416 4493 2498 4564 9.)
2530 4495 2702 4548 Aliter
2753 4492 3149 4549 subtilissimus
3197 4494 3453 4551 diabolus
3505 4491 3731 4557 illuderc,

2162 4563 2246 4636 vel
2275 4563 2510 4632 dejicere
2547 4565 2818 4632 iuniorem
2877 4581 2982 4620 non
3033 4564 3265 4636 poterit,
3302 4568 3407 4621 nisi
3456 4579 3574 4620 cum
3623 4577 3732 4636 eum
3772 4577 3778 4583 '

2163 4635 2277 4715 sive
2329 4651 2425 4715 per
2477 4636 2870 4704 arrogantiam,
2913 4633 3620 4715 sive'per__verecundi_am,
3673 4633 3732 4715 ad

2161 4706 2542 4772 cogitationum
2595 4721 2814 4760 suarum
2874 4704 3120 4760 velamen
3172 4708 3428 4764 illexerit.
3484 4704 3732 4763 Generale

2163 4791 2394 4845 namque
2418 4787 2471 4830 et
2492 4775 2712 4831 evidens
2757 4777 3014 4832 indicium
3069 4777 3357 4834 diabolicae
3406 4775 3733 4845 cogitationis

2161 4861 2287 4927 esse
2337 4852 2726 4917 pronuntiant,
2771 4849 2816 4902 si
2848 4864 2966 4903 eam
3012 4848 3216 4904 seniori
3241 4849 3591 4905 confunditur
3617 4859 3732 4915 ape-

2162 4932 2290 4972 “re.

2232 4988 2386 5058 (Cap.
2423 4989 2536 5058 l9...)
2563 4989 2896 5044 Obedientim
2935 4991 3187 5044 virtutem
3220 5006 3328 5046 non
3377 4990 3553 5046 solum
3597 4985 3731 5056 operi

2160 5074 2438 5125 manuum,
2488 5077 2584 5114 seu
2614 5061 2850 5122 lectioni,
2885 5062 2968 5116 vel
2999 5062 3237 5129 silentio,
3275 5071 3330 5116 et
3358 5062 3527 5132 quieti
3570 5059 3727 5123 cellar,

2159 5145 2345 5202 verum
2396 5134 2556 5185 etiam
2602 5134 2813 5186 Cunctis
2851 5133 3142 5187 virtutibus
3193 5136 3262 5187 ita
3316 5135 3730 5202 praeferunt.__llf

2160 5201 2282 5254 huic
2306 5203 2552 5271 judicent
2577 5204 2758 5256 omnia
2805 5204 3209 5272 postponenda;
3260 5200 3598 5260 etuniversa
3631 5200 3729 5252 dis-

2161 5275 2351 5340 pendia
2383 5273 2570 5326 subire
2622 5277 2860 5328 contenti
2904 5277 3033 5343 sint,
3066 5275 3359 5331 dummodo
3389 5275 3492 5330 hoc
3539 5274 3726 5329 bonum

2159 5343 2210 5397 in
2241 5345 2390 5397 nullo
2419 5345 2620 5397 violare
2658 5345 2956 5399 videantur.

2214 5413 2381 5497 .(Cap.
2413 5414 2532 5496 20..)
2561 5414 2674 5469 Non
2705 5421 2876 5469 solum
2918 5416 3122 5497 seipsos
3149 5433 3258 5497 non
3289 5429 3606 5497 sescenos,
3637 5408 3724 5466 sed

2155 5487 2317 5541 etiam
2348 5487 2554 5550 oirnia,
2591 5501 2709 5554 quae
2733 5502 2825 5539 sua
2851 5496 2998 5552 sunt,
3035 5489 3264 5542 credunt
3289 5487 3522 5542 Domino
3548 5497 3724 5554 consej

2157 5566 2325 5610 erata.
2359 5557 2584 5621 Propter
2612 5551 2756 5624 quod
2785 5556 2831 5610 si
2861 5551 2989 5626 quid
3019 5559 3179 5613 fuerit
3211 5559 3545 5613 m0nasterio
3569 5551 3723 5610 semel

2156 5628 2386 5693 malum,
2410 5638 2465 5681 ut
2489 5638 2915 5698 sacrosanctum,
2941 5644 3064 5684 cum
3081 5631 3232 5685 omni
3259 5631 3553 5687 decernant
3583 5638 3723 5681 reve-

2159 5701 2331 5754 rentia
2360 5699 2562 5753 debere
2591 5701 2828 5755 tractari.

2235 5769 2388 5840 (Cap.
2422 5772 2536 5837 55.)
2575 5770 2728 5826 Sicut
2759 5772 3021 5830 immensa
3043 5770 3214 5840 gloria
3237 5770 3470 5829 fideliter
3499 5769 3720 5831 servienv

3909 2662 3911 2802 l

3911 2906 3913 3052 ι

3913 3150 3915 3294 l
