3966 6332
238 427 341 488 505

233 617 476 672 rentibus
502 616 831 685 promittitur
860 614 913 669 in
944 615 1185 670 futurum
1231 632 1244 668 :
1293 615 1369 669 ita
1394 629 1566 684 poena:
1597 617 1804 684 gravis-

231 688 381 742 sima:
405 694 773 755 pra-parantur
804 686 884 740 his
916 685 1008 755 qui
1051 685 1228 754 tepide
1275 700 1393 740 eam
1443 688 1806 755 negligenter-

229 773 336 828 que
359 757 556 812 fuerint
575 758 845 820 exsecuti;
870 767 922 810 et
951 759 1246 810 secundum
1270 756 1548 820 hoc.qiiod
1575 756 1805 826 professi

229 840 389 893 sunt,
429 829 511 882 vel
549 829 691 898 quod
744 829 811 881 ab
853 828 1158 882 hominibus
1196 843 1314 881 esse
1356 829 1654 882 creduntur
1698 831 1807 882 fru-

228 910 350 954 ctus
376 901 539 953 etiam
580 913 846 969 congruos
876 899 1180 953 sanctitatis
1210 899 1384 954 eidem
1424 898 1681 954 exhibere
1711 915 1806 954 ne-

265 970 516 1024 lexerint.

229 985 599 1113 ﬁliifilii.)
628 1039 1039 1095 Abrenuntiatio
1067 1039 1200 1094 nihil
1227 1048 1309 1096 est
1331 1039 1476 1094 aliud
1497 1056 1654 1110 quam
1679 1056 1805 1094 cru-

228 1110 411 1166 cis'ac’
437 1112 864 1167 mortificationis
904 1113 1184 1173 indicium,
1226 1113 1263 1164 i.
1295 1127 1344 1164 e.
1375 1115 1804 1179 ri-prarScntalio.

296 1182 454 1252 (Cap.
485 1181 602 1251 57.)
633 1182 774 1236 Bene
804 1185 1035 1249 cmpisse
1066 1182 1197 1236 nihil
1233 1183 1490 1246 proderit,
1525 1196 1624 1236 nec
1649 1186 1808 1249 pleno

226 1252 449 1308 fervore
486 1256 903 1308 renuntiationis
957 1256 1251 1322 arripuisse
1297 1252 1578 1322 principia;
1610 1254 1652 1306 si
1696 1253 1810 1307 haec

224 1338 503 1392 congruas
533 1325 694 1378 etiam
735 1326 856 1379 linis
899 1325 1145 1380 similiter
1193 1339 1299 1378 non
1346 1323 1808 1380 eommendaverit

224 1403 393 1461 atque
423 1396 769 1450 concluserit.

293 1462 454 1536 (Cap.
476 1465 594 1535 41.)
621 1466 746 1519 Tria
777 1465 892 1521 haec
945 1465 998 1520 in
1049 1465 1471 1533 congregatione
1498 1464 1809 1520 necessario

225 1539 586 1590 custodienda
625 1547 750 1591 sunt
781 1537 898 1603 tibi,
930 1544 988 1590 ut
1016 1538 1225 1590 scilicet
1260 1537 1551 1589 secundum
1587 1536 1810 1589 Psalmi-

223 1615 324 1660 sta:
355 1609 679 1662 sententiam
722 1609 866 1661 velut
902 1607 1129 1668 surdus.
1178 1619 1232 1662 et
1279 1619 1476 1670 mutus,
1530 1617 1584 1659 et
1633 1621 1810 1662 caecus

225 1678 486 1732 incedas:
511 1686 567 1731 ut
590 1679 835 1734 universa
859 1693 1207 1747 qumcumque
1237 1678 1435 1732 videris
1478 1680 1652 1731 minus
1680 1677 1810 1747 mdi-

223 1748 496 1802 ﬁcationis
524 1750 794 1809 habentia,
816 1750 962 1804 velut
988 1746 1160 1804 czecus
1190 1763 1297 1802 non
1320 1749 1528 1815 videas,
1557 1760 1662 1803 etc.
1690 1746 1809 1801 Ve—

222 1834 348 1872 rum
371 1829 427 1873 et
451 1829 700 1890 quartum
747 1820 850 1874 hoc
879 1836 987 1889 prie
1034 1822 1284 1873 omnibus
1336 1819 1543 1890 excole.
1577 1831 1630 1872 ut
1678 1820 1812 1890 stul-

223 1898 342 1943 tum
377 1900 428 1946 te
450 1888 746 1945 Secundum
767 1888 1010 1956 Apostoli
1036 1893 1379 1955 sententiain,
1428 1888 1592 1943 facias
1621 1891 1672 1942 in
1707 1889 1809 1944 hoc

222 1962 452 2024 mundo,
504 1971 560 2016 ut
603 1963 680 2016 sis
719 1938 967 2030 Sapiens,
1019 1962 1149 2015 nihil
1208 1938 1421 2015 scilicet
1467 1960 1802 2027 discernens,
1836 1938 1886 1998 Β

223 2031 360 2084 nihil
379 2033 681 2101 dijudicans
703 2048 766 2087 ex
792 2033 874 2086 bis
897 2048 1017 2101 quae
1042 2032 1137 2086 tibi
1161 2031 1359 2086 fuerint
1384 2033 1669 2099 imperata,
1695 2038 1801 2085 etc.

292 2102 442 2171 (Lib.
492 2120 524 2156 ν
557 2101 728 2157 quit.
784 2132 854 2143 —
894 2101 1026 2172 Cap.
1071 2102 1153 2174 4.)
1203 2102 1495 2174 Monachus
1542 2103 1805 2174 Spiritalia

221 2175 394 2227 mella
443 2175 677 2229 condere
722 2175 981 2242 cupiens,
1031 2173 1170 2227 velut
1203 2176 1319 2242 apis
1365 2173 1804 2243 prudentissiiita,

221 2243 390 2315 debet
416 2260 851 2315 unamquamque
874 2246 1127 2299 virtutem
1151 2245 1218 2297 ab
1260 2245 1340 2297 his
1371 2246 1458 2314 qui
1500 2258 1620 2297 eam
1649 2245 1804 2297 1111111-

223 2314 417 2369 liarius
452 2318 732 2384 possident
767 2314 1068 2384 deflorare,
1106 2327 1160 2369 et
1205 2316 1257 2368 in
1301 2315 1382 2368 sui
1416 2317 1648 2382 pectoris
1677 2328 1808 2369 vase

222 2386 528 2443 recondere
557 2405 572 2444 :
604 2402 707 2443 nec
723 2389 847 2454 quid
871 2389 1043 2440 minus
1069 2386 1258 2454 aliquis
1288 2387 1476 2439 habeat
1501 2385 1805 2449 discutere;

221 2457 318 2510 sed
357 2461 460 2512 hoc
490 2469 700 2512 tantum
719 2499 733 2520 ,
763 2461 904 2526 quod
936 2459 1148 2512 virtutis
1178 2457 1394 2524 habeat,
1422 2457 1807 2526 contemplari,

226 2528 583 2596 studioseque
611 2529 922 2597 decerpere.

291 2600 454 2670 (Cap.
484 2601 561 2668 6.)
601 2599 936 2668 Quibuslibet
977 2599 1116 2654 escis
1156 2597 1385 2653 refertus
1424 2608 1614 2670 venter
1647 2597 1810 2670 semi-

226 2669 380 2724 naria
406 2673 637 2725 luxuria:
669 2672 824 2740 parit,
856 2685 955 2725 nec
997 2673 1248 2736 praevalet
1278 2685 1428 2724 mens
1467 2669 1810 2724 discretionis

224 2741 598 2810 gubernacula
628 2742 922 2807 moderari,
953 2741 1196 2796 ciborum
1232 2742 1469 2808 pondere
1499 2742 1807 2808 ιιι-1010011111.

296 2813 597 2867 Verissime
615 2822 696 2866 est
730 2813 973 2878 Patrum,
1007 2811 1492 2882 probatissimaque
1519 2811 1808 2877 sententia,

221 2882 557 2951 ieiuniorum
598 2893 652 2938 et
689 2885 1038 2938 continentiae
1075 2883 1288 2936 modum
1323 2884 1372 2934 in
1407 2896 1659 2935 mensura
1695 2895 1812 2948 par-

225 2953 410 3009 citatis
441 2967 645 3010 tantum
669 3000 682 3024 ,
726 2966 784 3011 et
812 2957 1165 3024 castigatione
1193 2955 1490 3007 consistere
1525 2969 1538 3003 :
1572 2965 1648 3024 et”
1671 2955 1813 3006 hunc

226 3039 354 3080 esse
377 3027 636 3096 perfectae
666 3027 880 3081 virtutis
912 3023 968 3080 in
995 3040 1281 3079 commune
1328 3024 1575 3096 omnibus
1625 3023 1809 3087 linem,

223 3105 286 3149 ut
337 3095 407 3153 ab
434 3101 600 3159 escis.
635 3113 766 3168 quas
809 3111 1023 3150 sniiiere
1052 3095 1393 3168 sustentaiidi
1441 3097 1684 3161 corporis
1717 3108 1813 3146 ne-

224 3169 488 3223 cessitate
538 3167 954 3235 compelluntur,
994 3169 1173 3222 adhuc
1228 3167 1280 3220 in
1325 3168 1571 3235 appetitu
1623 3179 1809 3218 earum

225 3239 394 3306 positi
426 3250 809 3308 temperemus.

1480 428 1747 488 FLORES
1785 429 1837 486 Ι.
1878 427 2207 489 CASSIANI.

235 546 398 621 tibus,
425 558 490 600 ac
531 544 824 621 secundum
861 542 1094 621 _Re_gulae
1123 544 1512 621 institutionem
1543 545 1594 599 ei
1623 546 1805 621 111111111-
1831 561 1881 621 Α

3382 437 3486 492 306

1980 545 2218 621 (Instat.
2251 549 2567 621 vnn—Cap.
2597 550 2723 620 16.)
2754 552 2977 608 Summa
3007 552 3397 608 emendationis
3427 568 3490 608 ac

1912 619 2322 684 tranquillitatis
2345 619 2545 675 nostrae
2578 638 2681 676 non
2703 619 2784 677 est
2812 624 2864 677 in
2893 625 3113 678 alterius
3133 623 3356 677 arbitrio
3380 625 3490 678 col-

1911 687 2162 765 locanda.
2182 691 2323 757 quod
2348 705 2679 765 nequaquam
2715 705 2912 748 nostra:
2935 695 3176 763 subjacet
3197 695 3485 765 potestati:

1910 758 2006 813 sed
2024 760 2088 828 Win
2123 770 2308 813 nostra
2341 764 2518 828 potius
2544 765 2746 818 ditione
2776 758 3044 819 consistit.

1982 827 2134 899 (Cap.
2161 831 2272 898 17.)
2306 830 2550 886 Solitudo
2582 835 2716 888 sicut
2748 835 2892 888 novit
2921 835 3219 890 emendatis
3247 835 3492 890 moribus

1910 901 2423 974 contemplationem
2477 903 2813 970 purissimam
2869 922 3150 974 reserare,
3195 915 3249 960 et
3293 908 3488 960 intuitu

1909 970 2281 1025 sincerissimo
2308 974 2672 1039 spiritualium
2717 970 3172 1030 sacramentorum
3207 977 3488 1033 scientiam

1909 1045 2150 1096 revelare
2181 1060 2193 1094 :
2228 1043 2298 1096 ita
2329 1057 2514 1098 eorum
2557 1046 2644 1112 qui
2673 1048 2847 1098 minus
2874 1048 3139 1101 emendati
3170 1058 3328 1112 sunt,
3360 1049 3488 1102 vitia

1909 1126 2015 1165 non
2050 1113 2222 1193 solum
2273 1127 2513 1183 servare,
2548 1131 2732 1170 verum
2781 1117 2940 1172 etiam
2980 1134 3309 1188 exaggerare
3359 1133 3491 1173 con-

1909 1191 2106 1236 suevit.

1986 1252 2175 1326 (lbid.)
2208 1257 2373 1327 Magis
2403 1259 2544 1311 enim
2567 1257 2832 1312 exercitio
2859 1274 3066 1327 usuque
3095 1259 3333 1314 humano
3366 1274 3488 1313 ces-

1910 1334 2065 1378 sante
2088 1327 2383 1384 efferantur
2420 1330 2474 1383 in
2503 1329 2656 1384 nobis
2684 1329 2846 1394 vitia,
2897 1329 2941 1384 si
2979 1346 3086 1384 non
3124 1330 3324 1385 fuerint
3359 1340 3486 1386 ante

1911 1408 2158 1464 purgata.

1989 1465 2147 1535 (Inst.
2180 1469 2218 1521 ι.
2250 1467 2530 1539 ιιι-ϐαρ.
2566 1469 2643 1541 8.)
2669 1470 3068 1526 Procurandum
3114 1472 3294 1537 itaque
3330 1472 3489 1526 nobis

1910 1545 2014 1601 est,
2051 1548 2106 1592 ut
2129 1550 2309 1595 nostra
2341 1543 2517 1608 potius
2548 1543 2837 1596 emendare
2859 1543 2985 1595 vitia
3025 1551 3076 1595 et
3119 1556 3294 1596 mores
3321 1542 3490 1596 corri-

1909 1621 2038 1680 gere
2064 1611 2398 1664 festinemus.
2429 1613 2559 1680 Quae
2593 1613 2783 1680 procul
2812 1613 2975 1667 dubio
3004 1614 3047 1666 si
3080 1613 3278 1666 fuerint
3304 1626 3490 1666 emen-

1911 1677 2058 1749 data,
2093 1696 2199 1735 non
2232 1683 2402 1734 dicam
2450 1677 2945 1749 cum'hominibus,
2993 1683 3089 1736 sed
3144 1684 3304 1737 etiam
3363 1696 3486 1738 cum

1909 1747 2042 1802 feris
2065 1760 2119 1804 et
2145 1752 2335 1806 helluis
2361 1753 2616 1808 facillime
2644 1755 2798 1806 nobis
2827 1747 3133 1808 conveniet.

1985 1818 2139 1890 (Inst.
2170 1824 2207 1896 _t.
2241 1825 2502 1891 x.—Cap.
2533 1823 2608 1896 t5.)
2633 1825 2782 1878 Mens
2809 1825 2965 1878 otiosi
2998 1825 3131 1879 nihil
3168 1824 3312 1880 aliud
3337 1825 3489 1896 cogi-

1912 1896 2030 1945 tare
2061 1894 2230 1953 novit.
2262 1909 2420 1962 quam
2452 1896 2519 1948 de
2549 1894 2689 1949 eScis
2720 1910 2780 1950 ac
2812 1904 3020 1949 ventre.

1984 1963 2135 2036 (Cap.
2165 1964 2282 2034 25.)
2324 1967 2449 2020 llaec
2496 1974 2576 2020 est
2619 1965 2758 2036 apud
2803 1965 3093 2036 Egyptum
3142 1965 3210 2020 ab
3253 1967 3488 2036 antiquis

1910 2030 2407 2106 Patribusisa'ncita
2453 2030 2754 2101 sententia,
2806 2030 3117 2105 operantem
3168 2030 3487 2092 monachum

1910 2101 2156 2180 d:_em0i_ie
2186 2101 2294 2159 uno
2322 2108 2524 2175 pulsari
2558 2126 2570 2162 :
2595 2109 2825 2163 otiosum
2844 2101 2981 2163 'vero
3005 2107 3303 2163 innumeris
3332 2111 3491 2180 spiri-

1913 2174 2053 2226 tibus
2077 2174 2370 2231 devastari.

1982 2243 2136 2319 (Cap.
2172 2247 2285 2318 24.)
2315 2249 2698 2319 Experimento
2723 2249 3008 2319 probatum
3031 2259 3114 2303 est
3144 2249 3355 2304 Acedize
3385 2250 3490 2305 im-

1910 2318 2293 2391 pugnationem
2335 2318 2440 2373 non
2481 2318 2802 2376 declinando
2844 2320 3187 2391 fugiendam,
3220 2321 3312 2376 sed
3353 2323 3492 2376 resi-

1910 2388 2105 2458 5te_n_do
2131 2391 2507 2458 superandam.

1983 2454 2146 2534 (Inst.
2196 2454 2233 2514 1.
2277 2462 2557 2531 xt.—Cap.
2604 2461 2683 2534 7.)
2731 2463 2856 2516 llaec
2899 2471 2981 2534 est
3022 2463 3234 2516 subtilis
3287 2463 3489 2518 inimici

1911 2531 2176 2603 versutia,
2214 2541 2271 2586 ut
2305 2534 2528 2588 militem
2560 2531 2759 2588 Christi
2783 2533 3015 2603 propriis
3044 2534 3201 2587 faciat
3231 2534 3350 2588 telis
3390 2550 3485 2589 oc-

1912 2599 2188 2674 cumbere,
2211 2619 2367 2674 quem
2398 2604 2681 2659 hostilibus
2703 2599 2868 2658 armis
2887 2599 3143 2671 superare
3166 2621 3268 2657 non
3291 2607 3486 2674 potuit.

1984 2669 2150 2745 (Cap.
2181 2672 2300 2745 11.)
2337 2675 2411 2727 Ita
2438 2676 2627 2730 videtis
2668 2690 2824 2745 quam
2860 2669 3146 2743 perniciosi
3188 2669 3368 2728 rerum
3403 2690 3489 2729 se-

1912 2743 2211 2797 cundarum
2261 2743 2472 2799 soleant
2513 2762 2633 2801 esse
2680 2743 3005 2800 successus:
3037 2746 3108 2798 ita
3153 2755 3210 2798 iit
3255 2745 3345 2814 qui
3378 2760 3485 2799 non

1914 2821 2205 2885 potuerunt
2229 2815 2468 2869 adversis
2498 2817 2704 2885 frangi;
2737 2815 3031 2884 prosperis,
3060 2817 3102 2868 si
3138 2817 3332 2869 incauti
3375 2816 3490 2870 fue-

1914 2882 2245 2955 rint,_acrius
2271 2886 2540 2942 elidaotur
2571 2906 2583 2940 :
2619 2882 2668 2942 ei
2699 2882 2788 2954 qui
2819 2882 3143 2940 lflcmllllt'lu
3171 2897 3330 2955 atque
3369 2887 3486 2940 acie

1914 2953 2104 3027 mortis
2180 2967 2472 3011 evaserunt
2552 2953 2898 3026 discrimina,
2970 2958 3183 3026 tropaeis
3246 2953 3490 3027 propriis

1915 3024 2308 3098 triumphisque
2336 3031 2707 3083 succumbant.

1987 3093 2163 3170 (fast.
2191 3093 2237 3152 ιζ
2259 3116 2353 3155 xn.
2375 3130 2444 3141 —
2467 3099 2594 3170 Cap.
2623 3099 2716 3170 5.)
2748 3099 2962 3153 Nullum
2994 3108 3075 3152 est
3104 3098 3297 3170 vitium
3318 3097 3486 3162 aliud,

1913 3168 2052 3234 quod
2077 3167 2151 3220 ita
2186 3185 2372 3224 omnes
2395 3167 2621 3226 virtutes
2642 3167 2942 3236 exhauriat,
2962 3178 3263 3237 ciinrtaque
3281 3169 3489 3237 iustitia

1913 3247 1967 3312 _et
1996 3242 2284 3296 sanctitate
2305 3242 2577 3297 hominem
2612 3243 2810 3312 spoliet
2836 3258 2898 3295 ac
2920 3241 3185 3306 denudet,
3221 3251 3277 3293 ut
3303 3254 3490 3309 sitper-

298 3310 461 3379 (Cap.
504 3307 616 3382 11.)
652 3310 950 3380 Numquam
1001 3312 1202 3379 poterit
1256 3307 1519 3382 ardentis
1545 3307 1803 3382 coiicupi-
1831 3313 1877 3372 (ζ
1910 3307 2010 3382 biit:
2035 3314 2258 3382 malum.

228 3378 460 3437 scentia:
500 3378 748 3438 stimulos
780 3378 1054 3448 inhibere,
1096 3380 1344 3450 quisquis
1373 3379 1638 3432 desideria
1667 3378 1805 3445 gulae

227 3452 514 3524 refrenare
544 3455 868 3524 nequiverit.

305 3522 464 3595 (Cap.
488 3525 606 3594 2L)
632 3520 908 3593 'Quidquid
953 3532 1103 3578 extra
1132 3520 1574 3595 consuetudinem
1610 3535 1813 3588 prtesu-

227 3596 430 3661 mitur,
462 3612 722 3667 usumque
749 3611 1092 3649 communem
1117 3637 1132 3658 ,
1168 3607 1224 3648 ut
1254 3608 1407 3667 vanae
1435 3594 1624 3667 gloriae
1648 3603 1811 3659 atque

229 3670 611 3724 ostentationis
637 3663 850 3723 'morbo
881 3667 1142 3736 pollutum
1190 3664 1561 3734 antiquissima
1593 3663 1811 3717 Patrum

230 3737 461 3792 traditio
488 3749 654 3794 notat.

303 3808 462 3881 (Cap.
489 3810 605 3883 41.)
641 3812 714 3864 Ita
765 3808 928 3864 debet
957 3807 1279 3883 monachus
1321 3806 1542 3878 jejuniis
1591 3819 1810 3875 operam

231 3878 390 3950 dare,
409 3878 816 3950 'quasi'eentum
845 3881 998 3934 annis
1025 3882 1075 3934 in
1097 3895 1322 3947 carpare
1351 3890 1808 3950 commoraturus;

231 3949 307 4004 ita
340 3949 523 4007 motus
551 3955 714 4008 animi
748 3950 1043 4019 refrenare,
1080 3962 1132 4004 et
1172 3951 1514 4019 iniuriarum
1545 3949 1811 4011 oblivisci,

235 4023 594 4094 tristitiasque
651 4037 947 4090 restiuere,
998 4018 1321 4090 d’oloresqiie
1371 4033 1427 4076 et
1490 4018 1814 4073 detrimenta

234 4105 611 4158 contemnere,
639 4107 906 4163 tamquam
935 4094 1175 4164 quotidie
1203 4094 1517 4146 moriturus.

310 4165 450 4235 (Lib.
485 4183 534 4220 vr
561 4165 735 4221 Instit.
768 4195 838 4206 -——
868 4165 994 4236 Cap.
1027 4165 1105 4233 6.)
1137 4164 1290 4236 Nulla
1327 4174 1534 4236 Virtute,
1555 4171 1660 4236 tam
1691 4175 1813 4230 pro-

237 4233 357 4306 prie
395 4239 642 4294 carnales
687 4233 950 4292 boniines'
988 4234 1351 4305 spiritualibus
1387 4235 1592 4303 angelis
1633 4233 1812 4306 imita-

238 4305 386 4362 tione
437 4310 870 4364 conversationis
913 4316 1237 4376 zeqiiantur,
1297 4320 1459 4374 quam
1523 4305 1715 4358 merito
1758 4311 1814 4356 et

237 4381 410 4448 gratia
434 4381 716 4443 castitatis,
753 4395 850 4446 per
879 4393 1038 4447 quam
1071 4379 1245 4432 adhuc
1278 4379 1329 4429 iii
1363 4387 1504 4430 terra
1535 4376 1809 4448 degentes,

238 4446 465 4517 habent,
488 4446 1136 4513 secundumApOStolum,
1158 4449 1543 4515 municipatum
1564 4446 1811 4499 inetelis:

238 4522 385 4591 quod
450 4525 693 4592 deposita
743 4521 1044 4592 corruptela
1101 4519 1301 4592 carnali
1364 4520 1644 4592 habituros
1692 4531 1814 4592 pro-

241 4587 470 4646 mittitur
497 4587 551 4648 in
583 4593 844 4661 futurum,
877 4590 964 4646 hic
987 4592 1096 4660 jam
1125 4591 1180 4646 in
1235 4604 1396 4644 carne
1429 4589 1601 4658 fragili
1645 4587 1814 4658 possi-

239 4664 448 4718 dentes.

310 4733 462 4806 (Cap.
493 4733 612 4806 23.)
659 4734 810 4789 Sicut
843 4734 1049 4806 puritas
1078 4740 1134 4788 et
1158 4729 1406 4787 custodia
1445 4729 1548 4784 diei
1581 4739 1812 4806 noctur-

240 4802 362 4857 nam
410 4802 726 4874 'pr:rpa'rant
762 4805 1059 4859 castitatem
1105 4822 1118 4856 :
1171 4806 1243 4857 ita
1299 4815 1574 4857 nocturnae
1618 4802 1814 4874 vigilite

240 4876 388 4930 cordi
421 4873 628 4946 pariter
654 4887 708 4930 et
733 4876 1093 4930 observationi
1133 4876 1337 4930 diurna:
1362 4884 1561 4928 statum
1600 4873 1815 4926 solidis-

241 4948 437 5015 simum
470 4948 746 5015 roburque
776 4948 1111 5014 promittunt.

313 5014 448 5085 (Lib.
491 5032 563 5071 vii
612 5012 790 5072 lauit.
839 5017 1062 5084 --Cap.
1118 5015 1235 5074 19.)
1295 5016 1490 5071 Fertur
1543 5012 1813 5085 sententia

237 5083 415 5142 sancti
437 5088 614 5141 Basilii
651 5089 853 5157 prolata
887 5088 953 5141 ad
992 5083 1276 5154 quemdam
1329 5085 1704 5158 syucleticum,
1757 5083 1811 5138 id

238 5169 351 5222 est,
374 5169 699 5222 senatorem,
741 5160 830 5226 qui
860 5167 1066 5212 retenta
1096 5159 1196 5212 sibi
1230 5171 1374 5225 parte
1403 5163 1660 5211 bonorum
1688 5171 1812 5208 suo—

237 5240 365 5282 rum
384 5230 765 5283 monachatum
800 5228 1073 5296 professus
1104 5229 1278 5283 fuerat
1309 5246 1322 5280 :
1371 5229 1432 5280 Et
1479 5238 1811 5293 senatorem,

242 5297 436 5369 inquit,
459 5299 707 5365 amisisti,
740 5309 795 5354 et
821 5301 1138 5353 monachum
1167 5315 1270 5352 non
1294 5298 1486 5353 fecisti.

315 5365 464 5442 (Cap.
497 5369 616 5441 21.)
670 5373 786 5427 Non
840 5372 1012 5424 solum
1057 5371 1403 5438 pecuniarum
1445 5378 1527 5442 est
1574 5365 1815 5442 cavenda

250 5439 513 5510 possessio
534 5484 548 5504 ,
578 5439 764 5497 verum
804 5451 964 5494 etiam
995 5446 1241 5494 voluntas
1280 5442 1388 5509 ipsa
1422 5441 1487 5492 ab
1516 5439 1697 5510 animo
1724 5453 1821 5506 pe-

249 5509 390 5566 nitus
411 5513 762 5567 extrudenda.
781 5511 898 5566 Non
921 5513 1062 5566 enim
1097 5521 1201 5565 tam
1234 5512 1456 5566 allectus
1481 5509 1818 5578 philargyriae

251 5582 310 5644 (i.
330 5597 377 5636 e.
404 5585 771 5652 proprietatis)
805 5583 1059 5636 vitandus
1088 5593 1190 5638 est.
1213 5598 1372 5651 quam
1403 5580 1625 5635 affectus
1654 5581 1818 5652 ipsius

249 5654 495 5708 radicitus
526 5655 888 5723 amputandus
921 5669 934 5705 :
969 5654 1098 5707 nihil
1125 5655 1266 5706 enim
1301 5651 1821 5723 proderitupecuuias

253 5738 351 5778 non
376 5726 593 5792 habere,
625 5719 673 5778 si
698 5726 943 5778 voluntas
975 5725 1026 5777 in
1053 5725 1205 5778 nobis
1230 5723 1388 5776 fuerit
1420 5719 1746 5792 possidendi.

321 5794 466 5868 (Cap.
497 5791 616 5867 27.)
648 5795 814 5850 Nemo
843 5805 924 5850 est
961 5797 1188 5868 qui_iion
1218 5794 1412 5868 haheat
1455 5791 1599 5868 quod
1636 5791 1820 5868 dimit-

256 5861 344 5920 tat'.
381 5861 660 5923 Universis
682 5861 1014 5921 renuntiavit
1051 5864 1390 5918 facultatibus
1419 5861 1636 5922 mundi,
1672 5861 1823 5929 quis-

260 5938 367 6000 uttis
388 5936 638 5999 affectati)
669 5935 980 6010 possidendi
1001 5951 1093 5996 eas
1125 5935 1382 6001 radicitus
1412 5931 1726 6010 amputavit.

1987 3378 2154 3448 (Cap.
2185 3383 2315 3454 ‘27.)
2347 3385 2598 3451 Quisquis
2628 3382 2896 3453 superbia:
2934 3382 3120 3437 morbo
3148 3381 3309 3436 fuerit
3337 3397 3490 3436 oceu-

1914 3461 2092 3517 patus,
2126 3467 2228 3506 non
2251 3453 2423 3508 solum
2459 3456 2658 3509 nullam
2690 3454 3039 3522 sulijertionis
3062 3453 3488 3508 autohedientiae

1913 3523 2151 3595 regulam
2179 3528 2451 3581 custodire
2477 3529 2744 3595 dignatur,
2770 3541 2955 3577 verum
2983 3540 3048 3578 ne
3078 3526 3246 3591 ipsam
3271 3526 3487 3594 quidem

1911 3594 2130 3666 auribus
2158 3598 2271 3666 suis
2301 3594 2596 3650 doctrinam
2622 3596 2967 3666 perl'eCIionis
2994 3595 3247 3666 admittit.

1955 3663 2276 3743 .(Cap.5‘2.)
2327 3666 2482 3721 Nullo
2539 3663 2700 3721 modo
2750 3669 2948 3743 poterit
2976 3665 3046 3743 _in
3087 3667 3262 3743 uiiiiua
3306 3674 3488 3743 nostra

1915 3735 2175 3805 virtutum
2207 3735 2472 3792 structura
2497 3753 2853 3805 consurgere,
2889 3739 2989 3792 nisi
3024 3737 3169 3800 prius
3199 3735 3338 3804 iacta
3371 3740 3486 3791 fue-

1911 3804 2022 3857 rint
2051 3821 2189 3860 verte
2236 3808 2550 3863 humilitatis
2593 3813 2644 3863 in
2686 3804 2874 3862 nostro
2911 3808 3076 3861 corde
3107 3807 3487 3871 fundamenta;

1913 3891 2033 3949 quae
2071 3876 2380 3936 firmissime
2421 3881 2686 3936 collocata
2722 3881 3069 3949 perfectionis
3106 3887 3162 3933 et
3208 3878 3489 3933 charitatis

1913 3947 2129 4001 culmen
2155 3951 2367 4005 valeant
2389 3951 2676 4006 sustinere.

1985 4018 2198 4084 (Collat.
2234 4022 2360 4074 1.-
2385 4021 2511 4090 Cap.
2546 4024 2624 4080 4.)
2659 4020 2804 4076 Finis
2831 4019 3045 4091 quidem
3067 4028 3264 4073 nostrae
3285 4021 3489 4088 profes-

1913 4087 2091 4162 siunisr
2109 4105 2332 4160 regnum
2367 4087 2494 4159 Dei,
2541 4107 2638 4146 seu
2671 4087 2892 4162 regnum
2924 4092 3185 4162 caelorum
3229 4087 3313 4144 est
3347 4106 3360 4142 :
3388 4091 3487 4143 de-

1913 4160 2134 4231 stinatio
2162 4177 2310 4229 vero,
2342 4165 2392 4217 id
2426 4174 2509 4218 est
2537 4160 2753 4230 scapus,
2790 4164 2992 4231 puritas
3013 4161 3214 4228 cordis,
3249 4162 3366 4212 sine
3386 4175 3491 4225 qua

1913 4229 1982 4283 ad
2013 4232 2164 4302 illum
2197 4238 2352 4287 tinem
2385 4229 2717 4302 impossibile
2740 4229 2823 4287 est
2849 4232 3151 4300 quempiam
3183 4231 3486 4298 pervenire.

1986 4299 2142 4368 (Cap.
2167 4299 2493 4373 7.).lcjunia.
2523 4304 2740 4372 vigiliae,
2766 4299 3038 4355 meditatio
3066 4302 3488 4370 Scriptiirartttn,

1913 4373 2130 4424 nuditas
2163 4389 2223 4427 ac
2265 4372 2496 4441 privatio
2535 4379 2770 4427 omnimn
2813 4372 3144 4436 facultatum,
3179 4388 3282 4425 non
3319 4377 3491 4436 perle-

1914 4444 2045 4505 ctio,
2080 4444 2172 4496 sed
2204 4445 2544 4512 perfectionis
2574 4447 2928 4498 instrumenta
2956 4452 3078 4497 sunt
3107 4460 3118 4494 :
3148 4458 3269 4510 quia
3304 4459 3407 4495 non
3435 4442 3491 4498 in

1915 4514 2047 4582 ipsis
2069 4517 2313 4568 consistit
2339 4517 2640 4583 disciplina:
2669 4515 2820 4568 istius
2847 4516 2987 4574 linis,
3019 4513 3113 4567 sed
3139 4528 3232 4580 per
3261 4514 3348 4566 illa
3372 4530 3490 4580 per-

1917 4584 2128 4637 venitur
2156 4589 2220 4638 ad
2254 4588 2433 4641 linem.
2470 4589 2743 4642 lncitssuni
2770 4587 2928 4652 igitur
2957 4588 3068 4637 haec
3097 4586 3351 4637 exere-tia
3380 4599 3493 4636 mo-

1919 4655 2097 4717 lietur.
2130 4658 2372 4727 quisquis
2405 4657 2487 4710 his
2513 4661 2656 4711 velut
2680 4658 3063 4727 summobono
3092 4663 3379 4708 contentus
3412 4658 3494 4727 in:

1921 4724 2213 4780 tentionem
2245 4724 2324 4780 sui
2349 4729 2528 4782 cordis
2567 4728 2846 4793 hucusque
2881 4726 3158 4790 defixerit,
3190 4734 3244 4778 et
3273 4740 3378 4777 non
3425 4724 3494 4780 ad

1918 4797 2237 4864 capiendum
2286 4801 2480 4862 finetii,
2540 4809 2759 4867 propter
2806 4813 2962 4864 quem
3021 4798 3136 4850 hazc
3191 4797 3495 4864 appetenda

1917 4879 2062 4930 sunt,
2093 4871 2236 4922 omni
2265 4878 2458 4922 ciiiititu
2487 4883 2655 4923 semet
2684 4867 3005 4920 cxtetidcrit.

1989 4937 2139 5010 (Cap.
2173 4940 2254 5007 8.)
2285 4939 2381 4994 llic
2422 4938 2927 5010 nobis-principalis
2965 4935 3136 5010 debet
3165 4950 3286 5010 esse
3331 4951 3495 5010 cotta—

1915 5007 2023 5073 tus,
2069 5011 2182 5063 haec
2235 5012 2522 5064 immobilis
2571 5008 2858 5064 destinatio
2903 5009 3080 5061 cordis
3120 5007 3316 5075 iugiter
3367 5007 3496 5060 υσθ-

1916 5081 2131 5147 ctanda,
2163 5091 2217 5134 ut
2249 5081 2441 5134 divinis
2469 5081 2630 5135 rebus
2672 5095 2734 5134 ac
2765 5079 2876 5133 Deo
2906 5095 3056 5131 mens
3078 5093 3291 5145 semper
3323 5077 3496 5131 iulia:-

1915 5160 2033 5207 reat
2083 5170 2096 5205 :
2149 5153 2404 5221 quidquid
2463 5154 2530 5206 ab
2583 5150 2686 5205 hac
2747 5151 3015 5203 diversum
3080 5157 3193 5221 est,
3251 5148 3494 5216 quamvis

1917 5220 2200 5291 magnum;
2231 5220 2522 5276 secundum
2549 5233 2724 5275 tamen
2748 5264 2762 5288 ,
2797 5223 3069 5276 autetiam
3094 5220 3334 5271 intimum
3356 5258 3372 5286 ,
3396 5231 3496 5273 seu

1916 5307 2067 5348 certe
2096 5295 2310 5346 noxium
2330 5293 2678 5361 jtidicatidum
2704 5300 2808 5345 est.

1995 5365 2155 5434 (Cap.
2189 5357 2566 5430 l7.)1\lenteui
2597 5366 2810 5431 quidem
2845 5377 2948 5416 non
2982 5357 3314 5428 interpellari
3341 5359 3493 5428 cogi-

1923 5433 2216 5490 tatiOnibns
2258 5434 2592 5502 impossibile
2619 5443 2736 5498 est;
2770 5433 3047 5500 suscipere
3073 5445 3200 5484 vero
3230 5444 3355 5496 eas,
3380 5434 3497 5486 sive

1922 5520 2176 5574 respuere
2197 5548 2209 5568 ,
2235 5508 2378 5574 omni
2412 5507 2646 5568 studenti
2682 5505 2934 5573 possibile
2962 5511 3065 5555 est.

1996 5573 2220 5647 (Collat.
2249 5573 2302 5627 2.
2328 5605 2394 5615 —
2416 5573 2542 5644 Cap.
2573 5574 2662 5642 4.)
2703 5576 2951 5628 Omnium
2984 5574 3241 5647 virtutum
3272 5584 3496 5640 genera-

1925 5643 2050 5710 trii,
2085 5656 2290 5710 Custos,
2315 5643 2753 5711 inoderairixque
2781 5643 3034 5697 discretio
3066 5653 3168 5695 est.

1997 5716 2290 5790 (Cap._l0.)
2327 5717 2457 5790 Vera
2497 5717 2752 5790 discretio
2777 5730 2879 5790 non
2912 5713 3014 5766 nisi
3046 5729 3170 5790 veta
3195 5711 3496 5790 humilitate

1925 5786 2287 5858 conquiritur.
2320 5789 2482 5856 Cujus
2523 5786 2836 5858 hutiiilitatis
2867 5788 2981 5838 haec
3008 5789 3113 5837 erit
3145 5788 3324 5858 prima
3369 5801 3496 5858 pro:

1924 5853 2094 5936 batio,
2133 5859 2178 5912 si
2212 5853 2460 5936 universa
2492 5871 2593 5909 non
2625 5856 2797 5936 solum
2838 5869 2956 5924 quae
2986 5857 3190 5923 agenda
3221 5853 3495 5936 SUItl,.sed

1927 5930 2221 6007 etiamque:
2241 5930 2561 6007 cogitantur.
2578 5929 2851 5991 seniorum
2863 5929 3456 5997 reserventurexamiui
3481 5941 3496 5990 t
