3966 6332
230 287 340 350 ςσθ

1495 286 1765 344 PLURES
1799 287 1848 344 J.
1889 289 1972 344 CA
1984 290 2221 348 SSIANI.

3390 290 3496 349 ’510

222 409 414 466 renda
437 405 615 465 laudis
641 404 890 463 humane
908 447 922 472 ,
951 404 1134 462 smdlo
1171 403 1420 464 lectionis
1449 405 1680 473 insistit,
1710 405 1808 462 do-
1836 407 1893 469 A
1915 407 2062 479 inani
2111 418 2319 465 tumore
2351 393 2696 478 persuadeat,
2720 407 2868 479 quod
2895 408 3073 479 possit
3098 406 3390 464 collatione
3417 407 3498 465 al-

225 497 357 536 num
386 495 531 538 verte
555 480 801 534 scientia:
831 479 1148 548 promereri.

295 550 456 622 (Cap.
483 551 602 624 to.)
659 549 1044 624 Festinandum
1097 550 1193 624 tibi
1237 559 1349 624 est,
1382 551 1447 624 si
1506 548 1573 606 ad
1629 564 1810 624 veram

217 619 626 693 Scripturarum
655 623 939 677 scientiam
969 623 1252 690 pervenire
1280 621 1588 690 desideras,
1622 629 1679 677 ut
1714 619 1815 675 hu-

223 697 515 750 militatem
550 693 1021 763 cordispritnitus
1053 696 1432 761 eonsequaris,
1464 710 1582 763 qua:
1625 703 1675 747 te
1707 707 1814 748 non

224 769 295 820 ad
329 767 476 820 illam
512 780 632 832 quae
676 762 847 830 inﬂat,
881 764 975 820 sed
1007 780 1127 820 eam
1157 779 1275 835 qum
1307 762 1604 833 illuminat,
1637 763 1815 821 scien-

222 837 362 891 tiam
389 835 671 890 ebaritatis
698 838 1165 892 consummatione
1198 837 1473 903 perducat.

295 907 640 976 lmpossibile
671 921 901 979 namque
943 916 1027 962 est
1069 909 1399 964 immundam
1442 917 1674 964 mentem
1713 905 1814 964 do-

222 993 360 1033 num
389 980 633 1033 scientite
657 979 915 1048 spiritalis
939 980 1161 1048 adipisci
1187 979 1238 1045 (1
1263 979 1382 1034 Cor.
1428 982 1576 1049 vnt).

300 1049 521 1118 (Ibid.)
553 1051 620 1102 Et
647 1049 853 1104 idcirco
889 1053 1033 1104 omni
1073 1051 1326 1107 cautione
1357 1051 1570 1119 devita,
1613 1067 1681 1106 ne
1722 1050 1817 1106 lilii

219 1135 329 1192 per
353 1121 589 1174 studium
619 1121 901 1184 lectionis,
933 1137 1041 1175 non
1072 1124 1312 1177 scicntia!
1345 1123 1560 1191 lumen,
1602 1137 1701 1178 nec
1727 1122 1816 1177 illa

221 1202 514 1265 perpetua,
542 1207 670 1265 qua:
685 1207 780 1260 per
804 1193 1255 1247 illuminationcm
1276 1193 1539 1248 doctrinte
1563 1194 1820 1265 promitti-

224 1274 326 1317 tur
348 1263 552 1336 gloria,
581 1263 676 1317 sed
715 1265 1069 1321 instrumenta
1110 1265 1430 1336 perditionis
1461 1266 1534 1321 de
1561 1263 1821 1335 arrogan-

223 1335 324 1389 tite
355 1335 597 1387 vanitate
620 1347 934 1390 nascantur.

301 1405 470 1476 (Cap.
519 1403 644 1477 15.)
697 1406 900 1461 Vac'are
946 1405 1153 1460 cuitctis
1206 1406 1615 1476 cogitationibus
1666 1422 1822 1463 mens

222 1475 467 1550 humana
501 1475 838 1550 non;potest
875 1485 966 1532 :et
999 1477 1121 1531 ideo
1157 1475 1411 1548 quamdiu
1449 1479 1821 1550 spiritualibus

217 1549 429 1601 studiis
467 1561 578 1600 non
616 1544 783 1602 fuerit
822 1556 1113 1617 occupata,
1160 1544 1383 1606 necesse
1423 1544 1508 1605 es't
1533 1566 1650 1606 eam
1682 1550 1820 1616 illis,

223 1634 357 1688 qua;
389 1619 593 1683 pridem
624 1618 834 1687 didicit,
867 1619 1157 1688 implicari.

300 1687 497 1762 (Ibid)
524 1687 760 1762 Evidens
783 1701 865 1747 est
887 1687 1078 1762 tepidte
1102 1706 1164 1746 ac
1192 1690 1438 1762 superba:
1465 1693 1664 1747 mentis
1687 1691 1824 1746 indi-

222 1761 400 1825 cium,
434 1761 478 1814 si
508 1761 793 1816 verborum
828 1761 1143 1817 salutarium
1188 1761 1512 1817 medicinam
1533 1804 1546 1830 ,
1578 1763 1824 1833 quamvis

220 1834 417 1886 studio
442 1834 617 1887 nimia-
647 1834 980 1906 assiduitatis
1005 1834 1294 1906 ingestam,
1326 1833 1622 1901 faSIidiose,
1657 1835 1826 1904 negli-

223 1914 535 1973 genterque
564 1904 839 1973 suscipiat.

307 1972 476 2045 (Cap.
519 1975 633 2046 16.)
663 1972 852 2048 Nullus
880 1976 931 2032 in
961 1992 1067 2048 quo
1096 1975 1270 2031 adhuc
1300 1975 1592 2033 carnalium
1621 1978 1826 2044 passio-

229 2060 372 2098 num
428 2051 482 2100 et
529 2049 763 2101 maxime
812 2047 1193 2104 fornicationis
1237 2049 1551 2105 dominatur
1603 2048 1826 2105 affectus

233 2118 541 2190 spiritalem
577 2120 771 2185 poterit
797 2121 1076 2174 scientiam
1108 2120 1413 2190 possidere.

251 2185 280 2269 ς
311 2185 477 2258 (Cap.
507 2190 633 2260 18.)
667 2191 882 2245 Duabus
922 2185 1200 2269 expansis
1241 2189 1573 2269 inefficacem
1608 2189 1825 2269 spiritu:

231 2258 372 2311 lium
402 2271 584 2314 rerum
608 2258 814 2317 constat
841 2277 960 2318 esse
985 2264 1305 2318 doctrinam.
1332 2262 1464 2316 Nam
1499 2273 1588 2316 aut
1621 2261 1708 2314 ille
1737 2259 1829 2329 qui

229 2329 400 2382 docet
444 2332 716 2400 inexperta
752 2335 1138 2389 commendans
1176 2334 1326 2388 vario
1361 2334 1652 2388 verborum
1695 2346 1828 2386 sono

233 2402 518 2473 instruere
565 2405 750 2458 nititur
801 2407 1134 2469 auditorem,
1173 2417 1265 2459 aut
1303 2413 1451 2459 certe
1492 2419 1719 2473 nequant
1765 2419 1828 2458 ac

229 2472 393 2525 vitiis
416 2473 647 2529 refertus
674 2475 888 2530 auditor
918 2477 1210 2530 salutarem
1243 2477 1539 2543 spiritualis
1572 2472 1666 2528 viri
1700 2489 1827 2530 san-

227 2553 497 2615 clamque
527 2545 825 2600 doctrinam
857 2548 1121 2602 obdurato
1147 2548 1310 2601 corde
1343 2564 1448 2602 non
1481 2547 1695 2615 recipit.

315 2613 544 2691 (Collat.
602 2619 914 2691 i5.—Cap.
975 2617 1059 2688 7.)
1125 2619 1408 2691 litttnilitas
1456 2630 1541 2691 est
1585 2613 1828 2691 omnium

232 2690 502 2758 [tragistra
558 2689 1133 2758 virttttum,'cwlestis
1189 2690 1408 2743 aediﬁcii
1455 2689 1826 2744 firmissimum

232 2755 690 2827 fundamentum,
735 2755 1034 2817 Salvatoris
1079 2761 1251 2816 nostri
1296 2762 1497 2816 donum
1553 2760 1827 2831 propriunt

236 2838 412 2900 atque
446 2833 807 2900 magnificum.

318 2899 482 2979 (Cap.
513 2904 604 2971 8.)
638 2903 1164 2979 _hlajusmiraculum
1191 2913 1274 2960 est
1308 2903 1377 2958 de
1416 2903 1630 2979 propria
1667 2915 1829 2958 carne

237 2969 490 3044 fomitem
524 2969 798 3030 eradicarc
827 2975 1052 3029 luxuria:
1090 2991 1246 3044 quain
1283 2969 1554 3042 erpellere
1595 2975 1829 3044 immun-

237 3041 352 3123 dos
381 3044 601 3110 spiritus
628 3047 694 3123 de
718 3041 1253 3123 corporibusalicnis
1272 3093 1284 3114 ,
1302 3041 1370 3123 _et
1398 3043 1827 3123 magnificentius

239 3117 462 3186 signum
492 3125 573 3169 est
607 3121 803 3172 virtute
837 3119 1108 3186 patientia;
1143 3119 1476 3172 truculentos
1507 3127 1683 3170 motus
1715 3117 1823 3171 ira-

238 3174 463 3258 cundiae
493 3186 749 3240 cohibere
787 3174 944 3256 quam
985 3187 1126 3242 aeris
1163 3189 1494 3258 principibus
1532 3190 1826 3256 imperare,
1858 3174 1904 3239 C

240 3255 481 3335 plusque
509 3267 588 3311 est
617 3255 917 3335 exclusisse
949 3255 1299 3335 edacissitnos
1321 3255 1388 3335 de
1417 3260 1582 3335 corde
1604 3255 1833 3335 proprio

244 3328 490 3382 tristitiae
521 3330 738 3401 morbos
763 3345 922 3399 quam
948 3331 1278 3386 valetudines
1299 3331 1521 3386 alterius
1550 3328 1833 3401 febresque

241 3412 546 3468 corporeus
575 3400 868 3468 expulisse.

324 3467 520 3542 (Ibid)
536 3467 714 3526 Multis
737 3471 908 3526 modis
921 3473 1232 3540 praaclarior
1254 3471 1430 3526 virtus
1443 3471 1832 3542 sublimiorque

244 3539 529 3610 profectus
557 3552 639 3596 est
667 3544 860 3613 animat
889 3539 1120 3613 propria:
1147 3559 1337 3598 curare
1365 3543 1647 3613 languores
1665 3539 1830 3612 quam

246 3614 497 3679 corporis
537 3612 716 3667 alieni.
756 3612 969 3681 Quanto
1009 3615 1152 3668 enim
1193 3617 1305 3669 hazc
1343 3612 1630 3668 sublimior
1669 3629 1830 3669 carne
1870 3641 1881 3649 -

244 3693 333 3736 est
361 3723 375 3748 ,
424 3693 573 3755 tanto
623 3687 963 3753 praestantior
1007 3687 1124 3755 ejus
1168 3695 1252 3741 est
1294 3685 1468 3752 salus;
1522 3693 1831 3754 quantoque

245 3753 599 3827 pretiosioris
633 3753 1139 3827 excellentiorisque
1181 3767 1262 3812 est
1306 3753 1648 3824 substantiae,
1683 3766 1830 3812 tanto

243 3825 513 3897 gravioris
537 3843 598 3882 ac
622 3827 1022 3897 perniciosioris
1051 3825 1133 3882 est
1161 3831 1347 3883 ruinae.

324 3896 478 3965 (Cap.
513 3899 629 4022 10.)1
663 3898 835 3969 Major
874 3909 954 3952 est
984 3900 1170 3964 virtus,
1221 3915 1284 3954 ac
1327 3898 1609 3953 sublimior
1634 3901 1828 3968 gratia,

324 3981 522 4022 Lernam
558 3970 592 4022 li
634 3970 829 4022 idinetn
861 3971 1038 4022 carnis
1067 3971 1431 4022 exstinauere.
1455 3985 1614 4022 uuam
1639 3973 1828 4022 nequi.

246 3968 522 4040 internam
558 3968 829 4025 libidinem
861 3971 1038 4024 carnis
1067 3971 1431 4040 exstinguere,
1455 3985 1614 4036 quom
1639 3973 1829 4038 nequi.

247 4041 354 4092 tias
384 4039 647 4095 dmmonis
677 4041 1013 4095 extrinsecus
1042 4039 1330 4109 irruentes,
1359 4042 1510 4109 signo
1530 4041 1738 4094 Domini
1767 4057 1831 4098 ac
1882 4053 1886 4062 ‘

246 4109 468 4164 virtutis
484 4110 746 4166 Altissimi
777 4113 1014 4181 potentia
1040 4113 1351 4181 subjugare,
1384 4114 1467 4166 vel
1494 4112 1562 4166 de
1591 4111 1830 4168 obsessis

247 4183 573 4248 corporibus
602 4183 765 4238 divini
792 4183 1022 4237 nominis
1061 4183 1398 4238 invocatione
1432 4184 1752 4251 propellere.

322 4251 536 4326 (Coifal.
569 4253 656 4312 16.
679 4285 751 4296 -—
776 4254 902 4326 Cap.
936 4253 1016 4323 ὅ.)
1045 4255 1172 4310 llaec
1205 4263 1288 4310 est
1317 4254 1566 4310 amicitia!
1595 4255 1717 4319 fida,
1751 4257 1832 4311 in-

248 4323 608 4393 solubilisque
631 4323 962 4395 conjunctio,
993 4341 1111 4394 qua:
1138 4328 1250 4380 sola
1275 4326 1529 4381 virtutum
1556 4327 1831 4392 parilitate

248 4395 524 4450 fundatur.
562 4395 812 4452 Dominus
842 4399 972 4467 enim
1003 4399 1288 4451 inhabitare
1327 4399 1450 4467 facit
1487 4399 1638 4450 unius
1673 4400 1830 4454 moria

247 4468 298 4518 in
328 4467 482 4521 domo
520 4467 692 4536 (Paul.
723 4469 909 4540 vatt).
943 4465 1010 4524 Et
1041 4468 1238 4523 idcirco
1271 4465 1430 4540 in'liis
1463 4477 1664 4522 tantum
1689 4468 1826 4524 indi-

1917 478 2087 534 terius
2119 495 2222 534 non
2254 496 2410 549 egere
2441 500 2451 533 :
2477 496 2600 536 nam
2632 478 2842 536 etiamsi
2869 478 3128 546 judicium
3159 479 3280 548 eius
3309 479 3497 537 diabo-

1915 549 2016 605 lica
2052 566 2163 633 .non
2218 553 2369 633 fallat
2422 552 2620 619 illusio,
2664 552 2909 633 elationis
2938 562 3114 607 tamen
3145 559 3202 608 et
3227 551 3499 623 superbiat

1911 623 2191 692 graviores
2221 623 2441 692 laqueos
2474 640 2581 677 non
2608 624 2820 678 evadet.

1989 693 2142 765 (Cap.
2172 694 2289 764 98.)
2328 694 2640 750 Certissima
2668 705 2756 749 est
2785 694 3326 765 pntdentissimorum
3358 693 3498 747 viro-

1915 764 2035 824 rum
2065 764 2156 821 illa
2188 765 2474 831 sententia,
2501 781 2682 821 veram
2709 765 3058 821 concordiam
3086 774 3144 818 et
3165 764 3496 819 individuam

1917 838 2259 904 societatem,
2288 838 2394 892 nisi
2427 839 2566 893 inter
2596 836 2913 893 emendatos
2939 851 3118 891 mores
3147 834 3500 906 ejusdemque

1919 909 2134 980 virtutis
2159 925 2224 965 ac
2257 911 2519 980 propositi
2549 911 2695 963 viros
2725 919 2871 962 stare
2895 919 3008 962 non
3041 921 3230 980 posse.

1993 979 2151 1049 (Coll.
2197 976 2283 1035 18⁷.
2313 976 2539 1053 -ὲςιμ
2581 982 2700 1053 tu.)
2739 981 2891 1035 Licet
2913 994 2962 1053 a_
2989 977 3262 1053 nonnullis
3290 976 3500 1053 soleant

1919 1047 2293 1107 indifferenter
2316 1047 2639 1108 monasteria
2669 1047 2763 1120 pro
2791 1050 3052 1106 coenobiis
3080 1047 3336 1119 appellari
3367 1065 3381 1102 :
3414 1057 3503 1120 ta-

1919 1139 2042 1178 men
2083 1123 2194 1180 hoc
2216 1124 2465 1189 interest,
2491 1123 2636 1192 quod
2662 1119 3049 1177 monasterium
3075 1134 3277 1192 nomen
3291 1119 3501 1192 _esttli-

1924 1197 2176 1263 versorii,
2205 1195 2338 1250 nihil
2369 1189 2604 1264 amplius
2629 1208 2790 1264 quam
2823 1194 3023 1256 locum,
3069 1191 3122 1245 id
3147 1199 3254 1264 est,
3289 1189 3502 1244 habita-

1920 1266 2099 1322 CUlum
2158 1262 2474 1335 Significans
2519 1262 2961 1321 monachorum:
3010 1262 3318 1335 coenobium
3371 1275 3503 1315 vero

1922 1339 2082 1392 etiam
2113 1332 2469 1406 professionis
2499 1339 2668 1405 ipsius
2697 1337 3012 1405 qualitatem
3049 1332 3501 1406 disciplinamque

1921 1404 2200 1478 designat;
2233 1419 2287 1463 et
2310 1404 2700 1464 monasterium
2718 1404 2908 1476 potest
2930 1407 3098 1461 etiam
3127 1404 3286 1459 unius
3318 1417 3502 1478 mena:

1922 1479 2008 1534 cbi
2038 1473 2299 1536 habitatio
2329 1481 2594 1535 nominari
2629 1497 2642 1532 -:
2683 1473 2993 1535 ctenobiom
3025 1485 3202 1530 autem
3240 1473 3505 1544 appellari

1923 1567 2030 1605 non
2062 1561 2257 1618 potest,
2289 1555 2393 1607 nisi
2426 1552 2516 1606 ubi
2549 1550 2903 1620 plurimorum
2947 1545 3311 1601 habitantium
3359 1545 3507 1614 degit

1923 1625 2069 1677 unita
2103 1625 2482 1677 communitas.

1993 1693 2120 1764 Cap.
2173 1694 2287 1766 tt.)
2329 1694 2469 1766 Vera
2523 1702 2609 1749 est
2650 1693 2829 1766 cordis
2875 1685 3502 1766 humilitasretinendtt,

1924 1780 2043 1834 quae
2068 1757 2174 1820 non
2214 1757 2283 1820 de
2324 1765 2566 1820 affectata
2596 1764 2840 1835 corporis
2870 1775 3035 1833 atque
3063 1759 3376 1835 verborum,
3408 1757 3506 1814 sed

1927 1831 1994 1892 de
2025 1837 2208 1890 intima
2241 1838 2436 1891 mentis
2464 1831 2833 1890 humiliation
2871 1831 3149 1890 descendit
3175 1848 3190 1887 :
3219 1843 3339 1897 qua:
3377 1837 3507 1885 tunc

1929 1910 2141 1963 dentom
2179 1907 2604 1963 evidentissimis
2639 1907 2914 1977 patientiae
2945 1919 3057 1959 sua:
3104 1900 3505 1977 fulgebitindi-

1927 1983 2049 2041 ciis,
2073 1996 2192 2034 cum
2225 1982 2344 2049 quis
2389 1994 2492 2034 non
2542 1972 2656 2047 ipse
2703 1979 2769 2034 de
2799 1994 2858 2033 se
2888 1977 3114 2049 crimina
3159 1972 3228 2028 ab
3255 1972 3375 2029 aliis
3393 1985 3507 2027 non

1925 2050 2198 2107 credenda
2227 2048 2548 2121 iactaverit;
2579 2051 2671 2105 sed
2701 2050 2771 2104 ab
2800 2049 2916 2103 aliis
2936 2048 3157 2121 sibimet
3189 2054 3508 2115 arroganter

1928 2125 2135 2190 ingesta
2166 2118 2575 2191 contempserit,
2600 2133 2653 2175 et
2689 2123 2951 2190 irrogatas
2977 2118 3198 2187 injurias
3225 2121 3508 2172 mansueta

1927 2194 2110 2248 cordis
2144 2195 2544 2259 aequanimitate
2573 2193 2838 2246 tolerarit.

1998 2263 2152 2332 (Cap.
2186 2257 2302 2334 t3.)
2342 2265 2456 2318 Non
2499 2273 2649 2318 esset
2693 2261 3147 2334 Iandabillspnec
3193 2257 3510 2334 admiranda

1929 2331 2209 2403 patientia,
2242 2331 2290 2390 si
2313 2336 2477 2389 nullis
2505 2336 2846 2389 inimicorum
2876 2333 3070 2402 iaculis
3099 2331 3337 2399 impetita
3367 2339 3510 2384 tran-

1930 2405 2209 2475 quillitatis
2233 2409 2569 2477 propositunt
2602 2414 2928 2467 relentaret;
2957 2403 3050 2477 sed
3082 2404 3134 2477 in
3175 2415 3240 2456 eo
3263 2410 3343 2456 est
3366 2415 3509 2477 prse-

1928 2473 2072 2531 clara
2097 2473 2256 2547 atque
2286 2473 2539 2546 gloriosa,
2569 2477 2711 2546 quod
2744 2475 3071 2530 irruentibus
3098 2475 3233 2547 inse
3261 2473 3512 2547 tentatio-

1931 2565 2058 2603 num
2101 2544 2350 2614 procellis
2393 2544 2690 2603 immobilis
2737 2555 3071 2616 perseverat.
3125 2544 3256 2598 Nam
3299 2545 3352 2597 in
3405 2557 3512 2611 quo

1931 2619 2138 2692 vexari,
2171 2619 2455 2692 frangique
2491 2620 2911 2692 adversitatibns
2952 2616 3211 2692 creditur.
3245 2616 3298 2669 in
3321 2627 3388 2669 eo
3417 2628 3512 2682 po-

1927 2691 2034 2745 tius
2065 2687 2382 2757 roboraturi
2415 2701 2467 2746 et
2497 2689 2550 2744 in
2584 2705 2651 2745 eo
2677 2691 2846 2760 magis
2885 2687 3108 2752 acuitur,
3144 2687 3192 2740 in
3225 2700 3329 2754 quo
3359 2694 3512 2754 puta-

1931 2775 2016 2818 tur
2037 2763 2279 2819 obtundi.
2919 2818 2930 2827 ,

2002 2833 2213 2903 (Ibid)
2248 2834 2293 2889 Α
2338 2831 2679 2902 passionibns
2709 2833 2944 2903 enimet
2987 2827 3512 2903 sustentationepa-

1931 2899 2305 2961 tientiam'diei
2336 2899 2513 2959 nullus
2541 2905 2786 2969 ignorat:
2821 2902 3047 2966 ideoque
3069 2906 3282 2953 constat
3305 2899 3511 2969 patien-

1927 2988 2034 3031 tem
2063 2978 2398 3046 pronuntiari
2433 2967 2701 3027 neminem
2737 2987 2914 3040 posse,
2938 2972 3066 3046 _nisi
3110 2967 3351 3046 eumqui
3391 2967 3512 3046 _uni-

1930 3039 2084 3103 versa
2117 3064 2237 3118 qua:
2277 3047 2378 3104 sibi
2410 3046 2607 3100 fuerim
2637 3039 2868 3114 irrogata
2902 3043 3105 3111 absque
3147 3039 3513 3109 indignatione

1931 3121 2256 3176 toleraverit.

2007 3189 2212 3262 (Ibid).
2249 3190 2443 3262 Nonin
2473 3189 2572 3242 hoc
2592 3187 2773 3242 differt
2799 3200 2826 3238 a
2859 3191 3140 3254 peccatore
3165 3181 3247 3262 vir
3275 3190 3512 3262 sanctus,

1931 3250 2058 3332 quia
2106 3250 2210 3316 non
2243 3261 2492 3316 similiter
2539 3270 2592 3313 ct
2638 3262 2752 3327 ipse
2801 3250 3060 3332 tentatur,
3103 3251 3372 3332 sed___quia
3411 3250 3514 3332 hic

1931 3322 2092 3389 etiam
2122 3350 2313 3402 magna
2345 3322 2746 3402 impugnatione
2781 3343 2884 3380 non
2920 3327 3175 3390 vincitur,
3201 3322 3293 3378 ille
3333 3330 3514 3376 autem

1932 3405 2093 3460 etiam
2127 3400 2285 3470 parva
2310 3400 2608 3458 tcntatione
2635 3407 2941 3468 superatur.

2003 3465 2152 3547 (Cap.
2192 3473 2304 3544 ili.)
2336 3472 2447 3547 Nec
2473 3465 2755 3541 perversos
2781 3478 2944 3547 atque
2969 3465 3329 3547 exsecrabiles
3355 3477 3516 3545 quos-

1929 3535 2034 3618 que
2064 3535 2372 3618 sanctorum
2403 3535 2636 3618 vir-orum
2655 3535 2896 3618 numero
2916 3541 3153 3618 insertos
3178 3537 3382 3618 latitare
3412 3535 3516 3588 nti-

1932 3606 2145 3684 remur;
2167 3619 2312 3687 quia,
2337 3616 2462 3668 dum
2496 3614 2548 3668 in
2581 3614 2736 3681 hujus
2767 3610 2948 3665 saeculi
2980 3623 3103 3687 arca
3134 3606 3516 3687 concttlcantur

1931 3699 2093 3757 atque
2134 3675 2495 3749 conte'rimttr,
2549 3675 2796 3757 necesse
2825 3690 2911 3757 est
2958 3684 3135 3757 etiam.
3169 3677 3352 3747 paleas
3407 3675 3516 3757 igni

1934 3744 2193 3829 perpetuo
2218 3744 2554 3827 deputandas
2583 3755 2724 3810 inter
2751 3752 3080 3809 electissima
3110 3744 3381 3804 frumenta
3419 3744 3517 3800 mi-

1930 3847 2092 3887 scen.

2003 3902 2156 3973 (Cap.
2205 3899 2318 3972 Π.)
2358 3897 2657 3973 Sciendum
2705 3909 2834 3950 sane
2879 3903 2962 3950 est
3007 3889 3225 3973 invidia:
3270 3888 3517 3973 morbum

1931 3958 2205 4028 diflicilius
2249 3958 2314 4025 ad
2359 3969 2621 4026 medelam
2653 3981 2813 4038 quam
2843 3979 3040 4038 cartera
3091 3963 3220 4017 vitia
3272 3958 3514 4038 perduci.

1932 4045 2062 4099 Nam
2101 4060 2223 4098 cum
2256 4058 2412 4108 quem
2446 4041 2614 4094 semel
2647 4032 2839 4092 veneni
2883 4035 2969 4090 sui
3008 4043 3160 4104 peste
3187 4032 3512 4102 cormperit,

1932 4131 2072 4186 pene
2105 4117 2338 4186 dixerim
2366 4126 2553 4167 carere
2581 4111 2845 4186 remedio.

2004 4185 2218 4256 (Ibid).
2259 4187 2652 4256 Cutic.tis_ergo
2693 4179 2839 4234 vitiis
2871 4175 3518 4256 perniciosiorematque

1932 4243 2372 4327 ad‘pnrgandom
2404 4243 2762 4327 difficiliorem
2811 4243 2936 4327 esse
2976 4254 3188 4327 constat
3235 4243 3512 4327 invidiam,

1931 4320 2058 4399 (μιαί
2092 4320 2224 4396 ipsis
2251 4326 2503 4382 remediis
2529 4323 2720 4393 quibus
2748 4320 2948 4388 reliqua
2983 4320 3396 4388 exstinguuntur
3425 4327 3514 4368 ac-

1929 4401 2194 4455 cendnur.

2004 4471 2192 4524 Collat.
2237 4471 2322 4524 l9.
2348 4499 2415 4508 —
2441 4466 2570 4535 Cap.
2595 4463 2674 4534 5.)
2709 4462 2900 4535 Melius
2930 4470 3011 4535 est
3038 4459 3287 4535 devotum
3315 4457 3368 4510 in
3390 4454 3515 4535 _nii-

250 4550 400 4612 τυριε
420 4526 595 4608 Ρυίέδι
617 4540 836 4594 ἀηθείίο
862 4526 1197 4612 ῥθτιιιειηθΐε,
1222 4540 1274 4594 in
1297 4539 1491 4612 Quibus
1521 4555 1834 4612 unnnipro-
1859 4551 1912 4612 D
1939 4543 2160 4596 noribus
2190 4526 2842 4612 professionibus,'quant
2874 4532 3182 4588 indevotntn
3215 4530 3268 4585 in
3299 4526 3517 4597 majori-

249 4611 480 4678 positum
520 4627 583 4664 ac
615 4613 862 4665 voluntas
898 4627 1060 4664 unum
1095 4611 1235 4665 velle
1275 4627 1336 4664 ac
1375 4610 1520 4664 nolle
1562 4611 1829 4667 consistit.

317 4678 533 4750 (Ibid.).
567 4681 723 4751 Apud
753 4684 913 4736 Deum
940 4696 1150 4736 tuorum
1181 4681 1534 4745 c'obabitatio,
1555 4697 1659 4735 non
1684 4682 1834 4738 loco-

249 4765 363 4804 rum
396 4755 549 4808 unita
581 4753 778 4808 fratres
824 4751 1086 4807 habitatio
1137 4753 1454 4822 conjungit:
1505 4767 1606 4806 nec
1653 4763 1830 4822 potest

251 4836 500 4902 umquam
543 4824 688 4902 pacis
731 4824 1006 4902 integritas
1049 4821 1465 4890 cttstodiri,’ubi
1494 4821 1829 4881 voluntatum

248 4893 536 4949 diversitas
569 4897 862 4950 invenitur.

317 4963 470 5037 (Cap.
507 4966 589 5037 ti.)
621 4965 1082 5037 Quemadmodum
1110 4964 1313 5037 poterit
1339 4965 1424 5019 vel
1459 4972 1670 5021 tenuem
1700 4982 1832 5022 con-

251 5043 325 5108 tra
355 5035 584 5092 fratrem
614 5039 851 5093 retinere
893 5035 1187 5108 tristitiam,
1217 5036 1304 5107 qui
1345 5050 1405 5090 se
1442 5037 1614 5090 credit
1653 5041 1832 5108 quoti-

250 5106 352 5173 die,
391 5111 563 5164 immo
586 5108 846 5163 continno
877 5107 944 5162 ab
978 5111 1078 5164 lioc
1106 5106 1304 5164 saeculo
1333 5106 1724 5177 migraturum?

314 5179 470 5251 (Cap.
511 5179 591 5250 'I.)
631 5177 784 5236 Sicut
812 5178 944 5234 nihil
979 5178 1402 5249 praeponendum
1441 5188 1529 5233 est
1559 5180 1827 5245 charitati,

251 5248 672 5315 ita’fu'rori,’vel
707 5250 1003 5305 iracundia:
1031 5248 1164 5318 nihil
1205 5259 1291 5304 est
1334 5254 1641 5305 econtrario
1683 5261 1832 5320 post-

254 5323 583 5385 ponendum.
615 5323 806 5377 Omnia
829 5337 1079 5392 namque,
1107 5322 1350 5391 quamvis
1369 5321 1518 5374 utilia
1544 5337 1606 5375 ac
1637 5336 1828 5377 neces-

251 5392 384 5463 saria
409 5393 724 5463 videantur,
749 5394 1053 5462 spernenda
1076 5405 1255 5449 tamen
1279 5401 1400 5446 sunt
1427 5393 1596 5447 utine
1620 5401 1835 5461 pertur-

251 5460 393 5518 batio
413 5460 718 5531 deviteturi
744 5460 798 5521 et
822 5466 1003 5519 omnia
1028 5467 1192 5519 etiam
1214 5478 1332 5532 qua:
1360 5460 1830 5532 putantur’adver-

253 5547 329 5601 sa,
359 5536 730 5607 suscipienda,
750 5546 910 5606 atque
931 5537 1206 5591 toleranda
1237 5543 1382 5603 sunt,
1414 5543 1470 5588 ut
1495 5535 1823 5605 dilectionis,

254 5607 513 5686 pacisque
555 5609 918 5686 tranquillitas
973 5609 1183 5686 illibata
1211 5615 1512 5686 _servetur:
1563 5609 1829 5686 quia_ttec

253 5678 518 5757 ira__atque
549 5680 1054 5757 odio_per_niciosius
1098 5678 1387 5750 quidquam
1425 5692 1525 5733 nec
1564 5680 1830 5736 charitate

253 5749 435 5807 utilius
454 5761 541 5806 est
568 5749 923 5807 credendum.

315 5819 469 5890 (Cap.
506 5823 622 5890 η.)
665 5822 852 5879 Nullus
875 5823 1002 5890 sibi,
1027 5820 1270 5890 quamvis
1297 5821 1515 5877 scicntia
1550 5821 1827 5889 praeditus,

1939 4613 2037 4667 bus
2067 4606 2488 4676 professionibus
2515 4606 2764 4662 inveniri.

2009 4671 2160 4754 (Cap.
2191 4682 2268 4752 Ei.)
2306 4683 2555 4737 Miserum
2594 4691 2825 4754 namque
2850 4673 3260 4754 estncujuslibet
3293 4671 3426 4754 artis
3442 4685 3515 4754 ac

1936 4743 2118 4810 studii.
2142 4743 2476 4823 disciplinam
2506 4743 2814 4823 quempiam
2847 4743 3112 4818 profiteri,
3149 4753 3205 4801 et
3241 4743 3308 4799 ad
3340 4743 3516 4813 perfe-

1934 4831 2168 4882 CIionem
2203 4819 2318 4895 ejus
2350 4819 2572 4879 minime
2597 4819 2896 4895 pervenire.

2007 4897 2158 4965 (Cap.
2193 4885 2272 4968 8:)
2305 4896 2448 4950 Finis
2473 4885 2757 4968 cmnobitte
2796 4898 2878 4944 est
2908 4902 3097 4943 omnes
3123 4903 3248 4968 suas
3285 4885 3512 4940 mortifi-

1935 4960 2060 5024 care
2090 4960 2144 5025 et
2169 4960 2484 5036 crucifigere
2507 4966 2830 5027 voluntates,
2863 4975 2928 5036 ac
2954 4960 3249 5036 secundum
3283 4971 3512 5036 evange-

1936 5041 2054 5094 licm
2103 5029 2451 5109 perfectionis
2486 5038 2722 5090 salutare
2755 5033 3089 5096 mandatum,
3118 5029 3254 5086 nihil
3294 5029 3362 5083 de
3391 5043 3510 5082 cra-

1933 5112 2076 5167 stino
2105 5113 2359 5180 Ctigitarc.

2009 5175 2216 5254 (Ibid).
2248 5181 2500 5254 Eremitm
2531 5193 2660 5234 vero
2685 5175 2944 5254 perfectio
2982 5183 3066 5231 est
3103 5179 3316 5254 exutam
3360 5184 3511 5254 men-

1936 5239 2042 5308 tem
2067 5271 2095 5308 a
2126 5239 2330 5308 etinctis
2360 5251 2558 5324 habere
2589 5239 2837 5324 terrenis,
2875 5250 3385 5324 eamquequantum
3412 5239 3513 5296 hu-

1935 5340 2091 5379 mana
2128 5327 2293 5378 llllllet
2313 5325 2470 5377 illitas
2495 5323 2644 5386 sinit,
2665 5323 2817 5372 unire
2843 5334 2962 5373 cum
2990 5316 3226 5372 Christo.

2009 5395 2158 5469 (Cap.
2194 5397 2304 5466 15.)
2338 5395 2392 5450 ltt
2432 5383 2930 5469 congregationibus
2961 5388 3168 5443 initium
3197 5383 3387 5469 salutis
3422 5398 3515 5467 tte-_-

1937 5453 2188 5538 quirititr,
2219 5453 2406 5520 ct'sani
2438 5467 2485 5518 in
2520 5453 2807 5538 evolitvudine
2835 5476 2958 5538 esse
2992 5476 3099 5513 non
3126 5462 3371 5538 posswt,
3405 5453 3513 5511 nisi

1937 5532 2070 5610 quos
2101 5541 2248 5607 prius
2271 5538 2638 5610 ctciioliiorotn
2667 5533 2929 5586 medicina
2961 5532 3184 5585 sanarit.

2010 5599 2160 5680 (Cap.
2192 5611 2302 5679 Μ.)
2343 5609 2416 5663 De
2450 5607 2757 5680 morborum
2801 5617 3020 5656 suorum
3053 5600 3330 5680 curatione
3355 5599 3514 5680 solli-

1936 5672 2059 5738 citis
2079 5672 2372 5736 rctticdtitni
2407 5675 2840 5732 salutaredeesse
2875 5689 2979 5726 non
3004 5672 3229 5741 poterit,
3263 5683 3316 5724 et
3353 5672 3513 5726 idcir-

1935 5768 2001 5807 co
2032 5754 2216 5808 codetn
2251 5752 2428 5813 modo,
2462 5763 2566 5818 quo
2614 5747 3030 5818 uniuscujusque
3066 5742 3178 5796 vitii
3209 5741 3511 5807 deprchen-

1937 5824 2134 5880 dumur
2165 5823 2381 5882 indicia,
2407 5817 2565 5878 etiam
2593 5817 2834 5875 remedia
2859 5823 2987 5872 sunt
3016 5821 3308 5875 aumrcnda
