3966 6332
479 239 578 297 311
1513 238 1606 294 AD
1640 236 1866 293 OPERA
1904 238 1957 294 ⁴Ι.
1995 235 2302 295 CASSIANI
2345 232 2706 292 APPENDIX.
3580 247 3658 306 δίε

551 355 760 436 (Collat.
783 354 1084 436 ξομ-τωρ.
1107 354 1222 427 10.)
1242 355 1314 436 Ut
1336 353 1749 436 unumquodque
1777 361 2060 436 peccatum
2084 355 2140 414 Α
2163 367 2292 407 num
2335 351 2550 418 merita,
2598 349 2854 406 universa
2885 349 3139 406 virtutum
3183 350 3352 408 studia
3390 364 3662 429 postponun.

480 427 654 499 possit
682 428 972 498 exstingui,
1015 427 1176 482 causa
1207 435 1367 494 atque
1394 427 1626 506 occasio,
1655 439 1750 494 per
1788 439 1946 494 quam
1973 431 2058 479 est

429 498 441 520 ‘
483 499 811 554 admissum.
841 499 1006 554 debet
1034 498 1280 554 primitus
1311 506 1596 554 anmutart.

557 510 811 563 missum,
841 510 1006 554 debet
1034 510 1280 566 primitus
1311 510 1596 564 amputari.

436 611 444 640 ,
556 567 771 640 (Cottat.
793 570 884 625 2i.
910 597 983 611 —
1005 567 1244 640 Cap.g5.)
1273 567 1402 640 Non,
1429 574 1536 640 tam
1582 565 1848 621 laudabile
1877 575 1984 633 est,
2013 566 2060 620 si

421 631 440 651 ”
482 631 801 704 ab'illicitis,
826 641 984 710 quam
1011 641 1057 694 si
1081 631 1249 710 etiam
1290 652 1322 693 a
1370 637 1531 692 liciti’s
1577 631 1977 710 temperemus,
2007 645 2064 692 et

481 710 570 766 bis
594 722 811 780 propter
841 707 958 780 ejus
985 709 1341 780 reverentiam
1363 723 1472 762 non
1488 717 1720 773 utamur,
1751 707 1843 778 qui
1873 723 1942 780 ea
1966 721 2064 762 no-

484 780 576 851 bis
596 777 820 851 propter
845 777 1207 851 infirmitatem
1228 786 1470 833 nostram
1498 780 1692 851 utenda
1725 777 1990 851 permisit.

557 849 717 922 (Capi
755 850 868 921 14.)
909 849 1181 922 Quidquid
1206 851 1522 918 imperative
1550 850 1882 909 decernitur,
1922 863 2066 902 mor-

486 931 594 977 tem
642 920 854 990 irrogat
887 935 992 975 non
1038 920 1316 986 impletum
1351 938 1363 973 :
1404 935 1752 990 quaecumque
1779 933 1913 974 vero
1939 933 2068 990 sua-

487 993 686 1046 dentur
716 989 891 1061 potius
919 1005 1079 1062 quam
1111 991 1392 1062 iubentur,
1424 989 1566 1046 facta
1594 1000 1842 1062 prosunt,
1870 989 2068 1046 infecta

486 1077 595 1118 non
625 1065 871 1118 puniunt.

561 1078 1046 1204 Omni
1072 1132 1229 1187 nobis
1254 1133 1506 1188 cautione
1540 1131 1835 1204 curandum
1864 1140 1968 1204 est,
2013 1140 2072 1188 ut

490 1202 681 1260 omnes
721 1202 890 1258 nostri
937 1204 1180 1273 corporis
1221 1218 1432 1267 sensus,
1482 1203 1756 1257 matutinis
1800 1202 2071 1272 praecipue

492 1273 665 1339 horis,
694 1285 962 1342 tamquam
992 1284 1331 1328 sacrosancta
1385 1274 1595 1328 Domini
1648 1273 1958 1329 holocausta
2016 1274 2072 1329 in

493 1345 747 1401 omnibus
775 1345 980 1399 illibata
1001 1353 1161 1414 atque
1189 1345 1388 1399 intacta
1415 1359 1711 1399 servemus.

563 1415 682 1469 Non
713 1425 796 1470 est
827 1424 1035 1470 tantum
1069 1416 1270 1469 lucrum
1298 1415 1509 1483 jejunii,
1541 1423 1800 1484 quantum
1831 1415 1925 1470 ira!
1967 1415 2072 1470 dis-

494 1485 782 1556 pendium;
811 1501 911 1541 nec
937 1495 1114 1540 tantus
1142 1485 1374 1540 lectione
1407 1487 1612 1552 capitur
1644 1485 1867 1549 fructus,
1899 1500 2073 1555 quan-

500 1566 614 1611 tum
645 1566 953 1626 contemptu
984 1556 1166 1610 fratris
1205 1557 1496 1611 incurritur
1525 1557 1929 1611 detrimentum.

2162 436 2266 480 tur.

2233 493 2384 574 (Cap.
2415 492 2533 574 20.)
2573 492 2786 559 Quanto
2809 492 2984 574 magis
2997 492 3284 574 profecerit
3304 497 3666 574 mensliumana,

2163 575 2219 622 et
2245 563 2316 639 aq
2334 563 2684 639 sinceriorem
2716 563 3182 639 contemplationis
3209 567 3491 634 pervenerit
3511 563 3671 639 purital

2165 627 2316 701 temz‘
2333 644 2483 690 tanto
2505 650 2562 688 se
2592 627 3002 689 immundiorem
3030 636 3179 703 quasi
3209 627 3304 705 per
3323 627 3570 703 speculum
3589 627 3673 704 si;

2165 707 2419 777 puritatis
2441 705 2694 772 inspiciet
2722 721 2737 760 :
2769 705 2891 772 quia
2915 720 3136 777 necesse
3161 716 3263 769 est,
3295 719 3351 762 ut
3371 706 3486 763 dum
3505 713 3674 773 animus

2167 775 2234 832 ad
2285 777 2653 852 sublimiorem
2677 792 2740 852 se
2787 775 3033 830 extendit
3074 777 3355 852 intuitum,
3407 784 3676 852 etimajora,

2168 864 2332 924 quam
2351 849 2480 924 agit,
2511 848 2842 916 prospiciens
2859 847 3318 924 concupiscit,_illa
3344 849 3392 902 iu
3409 847 3581 919 quibus
3598 847 3676 924 est,

2171 929 2229 973 ut
2257 919 2504 973 inferiora
2533 933 2596 972 ac
2623 934 2838 985 semper
2864 919 3055 971 viliora
3085 917 3363 984 despiciat.

2243 990 2455 1058 (Cottat.
2479 990 2549 1044 24
2568 1028 2582 1042 .
2600 1019 2658 1029 —
2674 987 2801 1057 Cap.
2830 986 2912 1058 2.)
2953 988 3146 1042 Parum
3169 998 3250 1044 est
3271 990 3581 1048 renuntiasse
3597 1011 3682 1051 tuo.

2172 1060 2403 1115 nachum
2435 1060 2627 1126 semel,
2652 1060 2702 1114 id
2721 1068 2823 1122 est,
2844 1060 2896 1113 in
2927 1059 3222 1128 primordio
3241 1061 3583 1118 conversionis
3601 1082 3684 1122 suae

2172 1133 2562 1198 contempsisse
2589 1131 2896 1201 praesentia,
2926 1129 3028 1185 nisi
3058 1132 3138 1185 eis
3165 1131 3402 1201 quotidie
3429 1136 3685 1193 renuntiare

2212 1203 2490 1257 erstiterit.

2175 1218 2490 1272 perstiterit.

2247 1272 2402 1342 (Cap.
2427 1272 2506 1342 8.)
2536 1273 2839 1346 Mensuram
2864 1271 3058 1346 virium
3080 1285 3296 1327 suarum
3318 1288 3692 1346 unumquemque

2175 1355 2418 1399 nostrum
2443 1344 2694 1399 convenit
2725 1342 3039 1413 diligentius
3069 1353 3196 1398 ante
3228 1357 3465 1410 pensare,
3488 1342 3693 1413 atque'atl

2176 1414 2292 1483 ejus
2325 1416 2596 1469 modulum
2643 1415 2883 1483 arripere
2925 1427 3086 1482 quam
3120 1414 3339 1469 libuerit
3367 1415 3692 1482 disciplinam:

2175 1485 2319 1554 quia,
2351 1488 2593 1555 quamvis
2615 1500 2803 1541 omnes
2829 1485 2992 1538 utiles
3017 1485 3147 1551 sint,
3173 1495 3352 1540 tamen
3377 1495 3508 1555 aptat
3533 1491 3698 1543 cunctis

2167 1565 2384 1616 .cunctze
2407 1572 2529 1612 esse
2553 1571 2657 1611 non
2687 1563 2927 1623 possunt.

568 1626 685 1681 Duo
715 1629 831 1682 haec
864 1624 1094 1682 credere
1138 1641 1239 1682 nos
1289 1637 1500 1694 Oportet
1529 1643 1573 1698 :7
1606 1626 1781 1696 primo
1831 1627 2071 1695 quidem,
2142 1624 2148 1631 ’
2250 1625 2400 1698 (Cap.
2430 1627 2548 1694 25.)
2597 1627 2652 1681 Si
2703 1640 3021 1698 comparare
3067 1624 3317 1698 volueris,
3355 1626 3699 1686 suaveolentem

494 1697 636 1767 quod
661 1698 778 1752 sine
811 1699 900 1752 Dei
929 1701 1196 1766 permissu
1228 1699 1406 1752 nullus
1433 1697 1655 1751 omnino
1689 1707 1952 1763 tentetur;
1996 1713 2076 1753 se-

2178 1698 2493 1766 virginitatis
2523 1699 2708 1752 florem
2735 1707 2788 1752 et
2817 1697 3164 1751 tenerrimam
3190 1697 3515 1752 castimoniae
3544 1702 3703 1766 purita-

497 1745 703 1834 sine:
712 1745 1076 1838 augebant;
1085 1745 1211 1839 3.3a
1228 1745 1415 1823 ’ζὗᾶ
1437 1745 2076 1836 assigiirsn'atai,’sae
2105 1745 2154 1806 Β
2180 1745 2492 1839 ίεέἱιῖῖξίἷοῖἷ
2517 1745 2590 1822 ἔὲ
2599 1745 2802 1823 ’ἐέὶίἀῇ
2822 1745 3704 1836 Ῑίῖ›ἷὰίἦῦἷη““νῶἷιῖτὶῦἱίξἷρῖιῖὲίὲῖη

496 1839 670 1893 tristia
720 1839 787 1893 ad
829 1853 1089 1908 przesens,
1134 1839 1218 1892 vel
1251 1839 1374 1893 laeta
1414 1839 1686 1903 videntur,
1717 1839 1869 1893 velut
1896 1856 1924 1891 a
1955 1839 2080 1908 piis-

498 1911 638 1981 simo
665 1922 816 1977 patre
841 1910 1374 1981 clementissimoque
1401 1909 1612 1965 medico
1633 1923 1729 1980 pro
1752 1911 1950 1965 nostris
1973 1912 2081 1966 uti-

495 1978 738 2050 litatibus
765 1981 1088 2050 irrogentur.

569 2049 778 2121 (Collat.
811 2049 902 2105 22.
933 2083 1004 2093 —
1025 2051 1156 2122 Cap.
1203 2050 1282 2122 l.)
1323 2052 1574 2121 Duplices
1602 2060 1892 2120 congregat
1935 2066 2081 2121 qua:-

497 2129 619 2178 stus
658 2138 836 2176 rerum
866 2123 1187 2192 spiritalium
1243 2122 1602 2188 diSpensator.
1658 2122 1891 2176 Lucrum
1934 2124 2078 2177 enim

500 2207 611 2264 non
635 2194 806 2248 solum
834 2196 887 2247 in
923 2194 1067 2248 illius
1096 2194 1186 2264 qui
1217 2193 1366 2246 audit
1395 2191 1660 2262 profectu,
1694 2207 1878 2264 verum
1915 2193 2078 2248 etiam

499 2263 558 2317 in
587 2278 682 2317 sua
722 2265 1088 2333 disputatione
1116 2263 1496 2332 consequitur,
1537 2277 1644 2316 non
1678 2263 1852 2316 minus
1881 2273 2080 2318 semet-

499 2335 675 2402 ipsum
724 2350 787 2390 ac
818 2335 1144 2390 desiderium
1195 2335 1537 2404 perfectionis
1584 2333 1907 2402 accendens,
1952 2335 2080 2389 dum

501 2404 723 2458 instruit
753 2406 1074 2460 auditorem.

579 2472 792 2543 (Collat.
823 2477 878 2530 2.
906 2505 982 2547 -γ
1003 2475 1134 2547 Cap.
1160 2475 1239 2547 5.)
1283 2476 1400 2532 Una
1422 2485 1476 2530 et
1499 2476 1612 2532 sola
1643 2485 1726 2532 est
1759 2475 1987 2541 tbeoria,
2030 2475 2084 2531 id

503 2554 608 2611 est,
641 2546 1025 2614 contemplatio
1054 2546 1172 2615 Dei,
1201 2546 1290 2602 eui
1319 2549 1515 2603 merito
1537 2548 1713 2603 omnia
1737 2547 2084 2617 juStilicatio-

2186 1838 2642 1905 securitatemque
2681 1839 3092 1900 monachorum,
3136 1839 3390 1906 periculis
3424 1851 3474 1894 et
3501 1844 3707 1897 aerumnis

2185 1911 2378 1980 quibus
2406 1911 2590 1965 mundi
2623 1910 2781 1977 hujus
2803 1909 3052 1980 homines
3080 1909 3452 1976 implicantur;
3476 1922 3709 1978 pauperta-

2186 1983 2253 2035 tis
2278 1993 2475 2036 nostra:
2501 1980 2738 2050 requiem
2769 1979 3025 2034 edacibus
3047 1980 3270 2034 divitum
3303 1981 3523 2034 tristitiis
3547 1996 3600 2034 ac
3617 1995 3710 2050 per‘

2184 2051 2440 2118 vigilibus
2469 2053 2629 2117 curis,
2659 2051 2850 2120 quibus
2871 2064 2978 2104 non
3008 2052 3210 2119 absque
3234 2065 3441 2105 summo
3466 2051 3577 2105 vita:
3603 2055 3710 2120 peri-

2187 2123 2309 2196 culo
2335 2121 2624 2196 diebusjac
2665 2121 2908 2196 noctibus
2935 2123 3712 2196 consumuntur;suavissimum

2183 2193 2368 2318 {mium
2390 2190 2594 2250 Christi
2612 2207 2854 2248 onusuue
2875 2191 3206 2247 levissimum
3238 2190 3488 2247 facillime
3506 2205 3714 2263 compro-

2227 2280 2252 2317 a
2298 2279 2362 2318 Is.

2227 2266 2362 2319 abis.

2262 2335 2412 2405 (Cap.
2445 2334 2562 2405 26.)
2621 2334 2866 2390 Monacbi
2915 2334 3013 2389 soli
3048 2342 3330 2402 perpetuat
3373 2331 3716 2405 coniunctionis

2187 2403 2425 2462 retinent
2444 2403 2728 2473 unitatem,
2754 2414 2916 2476 atque
2940 2405 3227 2460 indiscrete
3256 2403 3716 2476 possident‘univer-

2188 2493 2268 2542 sa,
2301 2478 2389 2546 qui
2419 2479 2595 2531 omnia
2625 2491 2720 2530 sua
2749 2473 2868 2531 esse
2897 2493 3016 2546 qua:
3046 2475 3297 2543 fratrum,
3329 2475 3504 2530 omnia
3532 2473 3717 2531 fratrum

2190 2549 2417 2604 credunt
2437 2562 2558 2603 esse
2585 2562 2703 2618 qua:
2724 2561 2817 2602 sua
2847 2556 2990 2602 sunt.

1247 2813 2202 2926 APPENDIX
2278 2816 3045 2928 TERTIA.

1003 3161 1049 3207 ο
1151 3089 1284 3172 Η.
1363 3087 1962 3222 QUYCHII
2036 3082 3113 3174 ANNOTATIONES

1796 3256 1939 3307 SIVE
1972 3255 2296 3309 CENSORI/Ii
2327 3255 2516 3308 NOTAE

1443 3404 1588 3477 AD
1657 3405 1744 3479 J.
1822 3399 2328 3474 CASSIANI
2405 3401 2846 3476 LIBROS.

586 3677 1477 3753 Gelasiuspontifex‘distinetione
1509 3677 1717 3753 ls‘cap.
1749 3677 1942 3734 Sancta
1980 3680 2088 3753 Ro—
2112 3681 2158 3743 C
2191 3694 2418 3753 prorsus
2439 3677 3156 3753 sitdiflitendumnostrum
3184 3693 3412 3753 quoque,
3433 3695 3550 3736 esse
3578 3680 3739 3747 adniti,

515 3768 693 3818 mana,
720 3751 785 3804 ι).
838 3742 1059 3805 Joannis
1095 3742 1337 3804 Cassiani
1357 3763 1545 3820 ‘Opera
1590 3742 1732 3803 inter
1779 3752 2087 3820 apocrypha

515 3817 786 3877 numerat.
833 3822 899 3875 Et
941 3821 999 3874 Β.
1056 3821 1290 3888 Prosper
1343 3817 1716 3874 Chaeremonis
1761 3817 2090 3876 alibatis'de

513 3893 699 3949 Gratia
747 3899 803 3946 et
850 3892 1025 3946 libero
1079 3893 1312 3946 hominis
1344 3892 1582 3945 Arbitrio
1609 3891 2088 3959 disceptationem,

516 3979 640 4034 quae
675 3963 964 4017 collatione
995 3963 1156 4034 tertia
1187 3962 1395 4034 decima
1420 3961 1745 4034 continetur,
1780 3978 1844 4034 ex
1877 3963 2089 4029 profes-

520 4030 586 4089 so
619 4035 862 4096 damnat,
901 4033 1046 4087 edito
1083 4033 1150 4086 ad
1181 4032 1298 4098 ejus
1319 4030 1744 4102 confutationem
1779 4033 1930 4086 brevi
1960 4049 2093 4102 opu-

520 4106 693 4166 sculo,
722 4104 864 4174 quod
901 4104 1165 4169 inscribit,
1201 4103 1419 4174 Contra,
1447 4100 1792 4157 Collatorem.
1828 4100 2092 4168 Quocirca

521 4191 595 4230 ne
648 4173 894 4229 incautus
941 4175 1110 4229 lector
1153 4175 1308 4228 istius
1365 4173 1730 4228 Chzeremnnis
1783 4182 1836 4226 et
1863 4176 2093 4229 aliorum

522 4246 803 4316 abbatum,
837 4261 1063 4316 quormu
1093 4246 1392 4300 sententias
1421 4245 1472 4296 in
1503 4242 1894 4298 Collationibus
1925 4245 2097 4300 refert

520 4315 1197 4384 Cassianus,auctoritate
1231 4330 1547 4383 persuasus,
1576 4317 1626 4368 in
1657 4330 1896 4368 errorem
1932 4316 2094 4368 ullum

517 4387 870 4455 impingeret,
905 4402 1164 4442 censuras
1211 4388 1341 4440 istas
1381 4386 1445 4440 ad
1486 4387 1687 4440 calcem
1717 4386 1899 4455 operis
1930 4387 2097 4456 ipsius

521 4457 778 4512 consulto
808 4457 1068 4512 duximus
1088 4457 1445 4526 adjiciendus.

913 4549 1079 4604 Libro
1111 4564 1166 4602 vr
1197 4548 1431 4603 lnstitut.
1463 4563 1585 4618 cap.
1622 4548 1688 4604 18

521 4641 745 4696 Diversa
770 4651 889 4695 sunt
919 4642 1073 4707 dona,
1091 4651 1135 4694 et
1157 4657 1259 4694 non
1286 4642 1518 4694 omnibus
1550 4658 1653 4693 una
1676 4642 1846 4710 gratia
1873 4641 2101 4711 Spiritus

593 4713 759 4766 sancti
788 4713 1051 4776 tribuitur,
1074 4712 1164 4764 sed
1199 4711 1267 4764 ad
1296 4728 1449 4779 quam
1477 4715 1819 4780 unusquisque
1847 4729 1900 4764 se
1929 4715 2102 4765 studio

592 4785 672 4836 vel
703 4783 958 4835 industria
992 4799 1085 4836 sua
1116 4783 1327 4852 dignum
1355 4793 1629 4852 aptumque
1669 4783 1960 4846 prwbuerit.
2002 4781 2103 4836 De-

594 4853 749 4922 nique
778 4869 893 4906 cum
939 4854 991 4905 in
1023 4855 1255 4906 omnibus
1285 4852 1532 4920 apostolis
1562 4853 1754 4905 sanctis
1783 4854 1942 4904 virtus
1971 4854 2106 4906 intc-

591 4925 796 4994 gritatis
844 4924 1066 4990 perfecta
1123 4923 1282 4992 fuisse
1327 4923 1588 4987 credatur,
1631 4923 1973 4994 adundantius
2021 4934 2104 4976 ta-

591 4992 707 5048 nien
759 4995 984 5047 scientia:
1012 4993 1200 5046 donum
1240 4995 1530 5047 exuberavit
1563 4994 1616 5045 in
1656 4992 1859 5058 Paulo,
1892 4995 2015 5063 quia
2053 5011 2105 5048 se

593 5069 664 5118 ad
691 5066 825 5146 hanc
873 5072 1056 5134 aptum
1089 5063 1266 5118 solerti
1304 5065 1474 5118 studio
1505 5075 1654 5134 atque
1682 5064 1935 5118 industria
1964 5080 2100 5136 pra:-

596 5143 820 5190 paravit.

595 5151 820 5200 paravit.

593 5225 810 5298 (Αηηοτ.
845 5225 924 5295 l.)
943 5225 1355 5296 Pelagianorum
1389 5225 1788 5298 sententiafnit,
1815 5226 1983 5281 Deum
2004 5243 2100 5283 sua

519 5297 751 5353 munera
778 5312 884 5351 non
918 5312 1067 5352 mere
1091 5297 1348 5364 gratuito,
1373 5297 1464 5350 sed
1489 5298 1782 5352 secundum
1821 5299 2097 5354 hominum

520 5369 718 5425 merita
735 5369 1079 5422 distribuere.
1097 5366 1200 5421 Sed
1217 5367 1360 5420 aliud
1381 5368 1816 5422 docetcatholica
1841 5381 1893 5422 et
1914 5369 2100 5424 ortho-

519 5439 669 5495 doxa
698 5438 850 5494 fides.
876 5437 993 5493 Non
1026 5438 1168 5492 enim
1199 5437 1834 5506 efficiuntur.sapientes,
1870 5439 2002 5508 justi
2034 5455 2099 5497 ac

518 5510 812 5581 temperati
844 5510 936 5578 qui
964 5508 1111 5581 segad
1144 5508 1307 5581 hasce
1339 5508 1567 5581 virtutes
1588 5520 1742 5576 aptos
1765 5511 2097 5581 idoneusque

518 5577 1002 5649 faciunt,sedquos
1016 5579 1153 5633 Deus
1176 5579 1385 5633 liberali
1410 5588 1464 5633 et
1488 5581 1722 5648 gratuita
1747 5596 1842 5635 sua
1862 5577 2098 5638 bonitate

518 5649 812 5719 virtutibus
846 5649 964 5705 istis
991 5665 1188 5704 ornare
1222 5649 1492 5719 dignatur.
1527 5649 1658 5704 Nam
1694 5653 1834 5706 Deus
1858 5653 1911 5706 in
1938 5653 2096 5710 donis

521 5717 640 5782 suis
667 5718 804 5780 liber
834 5732 939 5784 est.
969 5732 1022 5780 et
1053 5721 1256 5784 nemini
1277 5717 1600 5792 obstrictus;
1629 5737 1953 5800 quamquam
1986 5738 2096 5786 non

2130 5064 2186 5124 D

2194 3749 2336 3808 'velle
2369 3763 2423 3807 et
2466 3751 2733 3815 laborare,
2772 3759 2830 3805 ut
2865 3749 3060 3804 divina:
3093 3749 3470 3807 beneficentiae
3496 3768 3555 3806 ac
3582 3766 3743 3806 mune-

2195 3839 2318 3879 rum
2361 3823 2526 3891 ipsius
2572 3835 2798 3889 capaces
2845 3821 3179 3888 efficiamur;
3240 3823 3535 3877 dummodo
3595 3832 3746 3877 tamen

2159 3896 2166 3904 '
2198 3896 2337 3949 hanc
2365 3895 2532 3962 ipsam
2563 3893 2724 3946 animi
2759 3893 3211 3964 praeparationem
3245 3894 3322 3947 illi
3362 3908 3572 3964 quoque
3601 3893 3747 3946 ascri-

2197 3966 2404 4030 bamus,
2434 3980 2462 4018 a
2492 3979 2600 4032 quo
2645 3979 2795 4016 omne
2837 3963 3017 4016 datum
3057 3965 3309 4030 optimum
3342 3975 3392 4017 et
3420 3963 3560 4018 omne
3585 3967 3750 4017 donum

2200 4037 2483 4106 perfectum
2513 4034 2780 4106 descendit
2804 4033 2946 4106 (Jac.
2973 4033 3045 4106 ξ).
3076 4037 3146 4091 At
3175 4035 3309 4088 fides
3341 4046 3399 4090 et
3422 4037 3587 4105 prima
3614 4035 3749 4106 bona:

2198 4105 2488 4160 voluntatis
2522 4105 2708 4164 motio.
2734 4119 2764 4158 a
2807 4105 2924 4159 solo
2971 4105 3102 4166 Deo.
3134 4107 3286 4159 nullo
3345 4119 3531 4160 nosne
3580 4105 3749 4159 merito

2200 4177 2380 4242 datur,
2413 4175 2466 4230 id
2489 4175 2636 4245 quod
2671 4174 2810 4244 apud
2845 4176 3110 4231 Joannem
3145 4177 3360 4230 indicat
3400 4177 3638 4232 Christus
3664 4176 3751 4229 illis

2200 4247 2418 4302 verbis:
2454 4245 2781 4318 Nemo‘vem't
2809 4246 2880 4318 ad
2929 4263 3030 4313 me,
3062 4248 3159 4301 nisi
3193 4246 3362 4300 Pater
3387 4249 3476 4318 qui
3514 4249 3640 4301 nuit
3667 4262 3750 4308 me,

2203 4318 2413 4373 traxerit
2443 4333 2555 4371 eum
2583 4315 2761 4380 (Joan.
2796 4314 2895 4388 vt).
2923 4318 3183 4385 Quamvis
3215 4318 3361 4372 enim
3396 4314 3428 4371 ii
3468 4319 3552 4388 qui
3584 4332 3752 4372 secun-

2202 4390 2328 4444 dum
2361 4398 2566 4442 natura:
2598 4389 2767 4456 legem
2801 4387 3031 4442 honeste
3076 4398 3133 4443 et
3180 4387 3525 4443 laudabiliter
3568 4388 3750 4452 vit't'nt,

2204 4463 2340 4514 tales
2371 4473 2491 4513 sese
2519 4467 2776 4524 praestent
2805 4461 2897 4528 qui
2939 4460 3117 4513 minus
3148 4463 3253 4514 sint
3287 4461 3457 4527 inepti
3492 4459 3754 4525 minusque

2204 4530 2409 4598 indigni
2453 4529 2621 4597 gratia
2665 4528 2758 4583 Dei
2800 4543 2862 4583 ac
2893 4529 3210 4584 muneribus
3242 4531 3431 4595 illius;
3466 4545 3569 4584 non
3599 4541 3754 4582 tamen

2205 4608 2386 4669 aptos,
2408 4599 2632 4653 idoneos
2658 4607 2748 4652 aut
2778 4599 2972 4722 dignos
2999 4616 3078 4661 se.
3100 4601 3284 4655 divino
3307 4602 3577 4669 adjutorio
3603 4600 3756 4653 exclu-

2206 4686 2296 4722 so.
2337 4672 2516 4722 facere
2555 4678 2799 4722 possunt.
2878 4685 3030 4722 erum
3055 4673 3179 4722 auia
3219 4671 3429 4722 homini
3473 4687 3563 4722 uer
3598 4669 3755 4722 banti-

2206 4686 2296 4734 so,
2337 4672 2516 4724 facere
2555 4678 2799 4740 possunt.
2831 4669 3030 4725 Verum
3055 4673 3179 4737 quia
3219 4671 3429 4725 homini
3472 4687 3563 4740 per
3598 4669 3755 4736 bapti-

2206 4755 2351 4811 mum
2382 4740 2551 4811 semel
2584 4739 2896 4811 justificato,
2933 4753 2985 4793 et
3015 4751 3274 4811 quantum
3308 4743 3360 4796 in
3391 4757 3450 4797 se
3474 4739 3569 4796 est
3603 4757 3662 4794 ex
3688 4740 3757 4793 in-

2207 4810 2485 4864 habitante
2527 4809 2730 4877 Spiritu
2763 4811 3002 4876 facienti,
3033 4809 3178 4866 Deus
3221 4813 3275 4866 in
3307 4813 3390 4867 his
3431 4828 3549 4879 quae
3574 4819 3689 4866 sunt
3712 4819 3758 4863 et

2208 4881 2274 4934 ad
2309 4880 2728 4950 permanendum
2759 4881 2810 4934 in
2829 4881 3040 4950 jnstitia
3070 4891 3126 4937 et
3158 4884 3225 4937 ad
3269 4884 3500 4938 salutem
3529 4894 3760 4937 necessa-

2210 4951 2288 5005 ria
2312 4949 2609 5021 numquam
2631 4949 2786 5023 deest
2815 4952 3078 5020 (Spiritus
3121 4954 3264 5008 enim
3297 4955 3518 5023 adjuvat
3559 4951 3758 5007 infirmi-

2209 5030 2375 5095 tatem
2426 5022 2891 5095 nostratiujnquit
2923 5023 3218 5092 Apostolus
3255 5022 3433 5095 (Rom.
3461 5028 3541 5093 tt);
3572 5033 3626 5095 e_t_
3657 5023 3757 5090 ipse

2210 5092 2355 5166 Deus
2382 5093 2522 5160 apud
2547 5092 2813 5166 eumdem
2836 5096 3150 5166 Apostolum
3184 5092 3371 5165 (Hebr.
3405 5092 3544 5166 χιιι),
3575 5092 3759 5166 _Non_tc

2211 5163 2438 5219 deseram
2466 5179 2627 5230 neque
2655 5164 3054 5233 derelinquam),
3086 5162 3288 5220 idcirco
3337 5177 3484 5221 recte
3503 5162 3536 5218 'a
3562 5162 3755 5220 Cassia~

2210 5250 2281 5289 no
2308 5235 2512 5289 dictum
2539 5244 2643 5300 est,
2669 5251 3106 5305 unumquemque
3135 5246 3380 5292 nostrum
3415 5238 3466 5291 in
3496 5251 3557 5292 ea
3600 5234 3754 5301 potis-

2208 5305 2402 5376 simum
2426 5305 2627 5360 virtute
2652 5307 2940 5372 excellere,
2973 5307 3024 5360 in
3056 5322 3161 5376 qua
3185 5323 3244 5361 se
3272 5308 3450 5362 studio
3494 5321 3556 5361 ac
3595 5305 3758 5376 labore

2205 5375 2478 5430 indefesso
2505 5377 2844 5441 exercuerit;
2871 5386 2926 5431 et
2948 5373 3192 5431 scientia:
3221 5378 3419 5432 donum
3455 5378 3507 5431 in
3535 5373 3756 5444 apostolo

2205 5445 2374 5502 Paulo
2407 5446 2819 5515 exuberavisse,
2854 5449 2978 5517 quia
3007 5463 3066 5505 se
3092 5447 3160 5503 ad
3201 5449 3342 5506 hanc
3380 5448 3570 5508 solerti
3596 5444 3757 5502 studio

2203 5526 2370 5588 atque
2406 5517 2672 5573 industria
2700 5519 3048 5589 praeparavit.

2636 5633 2754 5689 Lib.
2783 5650 2856 5690 xu
2890 5632 3068 5690 lnstit.
3101 5648 3222 5704 cap.
3261 5633 3346 5690 l4.

2211 5724 2279 5787 Ut
2309 5726 2442 5792 enim
2468 5725 2946 5810 dicimus‘couatus
2975 5729 3225 5802 humano;
3259 5726 3628 5802 apprehendere
3652 5739 3756 5803 per-
