3966 6332
191 320 280 381 515

1285 316 1351 374 H.
1391 316 1671 378 CUYCHII
1706 315 2247 378 ANNOTATIONES.

3296 308 3401 390 δη

252 434 1399 528 temertaurinis.essedariis???
1423 453 1720 528 29189583,
1748 436 1799 495 Α
1828 435 2723 528 suitajtisfsslasit.adiutorio"!
2753 441 2941 513 εηιίπ
2978 442 3215 528 licium
3242 454 3400 528 "esas

247 508 310 567 ita
334 508 712 583 pronuntiamus
734 508 1084 583 lab_or_antibu_s
1112 516 1309 562 tantum
1336 525 1396 561 ac
1410 510 1731 583 Adesudanti-

246 578 343 639 bus'
368 580 762 635 misericordiam
792 578 891 634 Dei
933 580 1250 650 gratiamque
1295 580 1541 650 conferri,
1576 591 1644 644 et,
1675 592 1733 637 ut

246 655 392 710 uerbis
442 649 692 722 Apostoli
725 650 929 717 loquar,
981 649 1261 722 volentibus
1308 661 1354 704 et
1399 649 1729 709 currentibus

243 720 499 792 impertiri,
521 734 619 777 etc.
656 721 722 776 Et
744 737 960 776 rursum
989 740 1002 777 :
1036 720 1238 777 Prtesto
1265 732 1338 776 est
1374 739 1609 792 namque,
1641 740 1729 777 oc-

244 800 434 850 casione
476 794 570 847 sibi
613 794 964 847 tantummodo
1004 809 1038 846 a
1085 794 1229 847 nobis
1275 796 1418 849 bona:
1446 795 1729 852 uoluntatis

156 928 166 943 l
240 869 412 932 oblata,
441 864 507 919 ad
543 865 650 919 Itazc
679 865 853 918 omnia
872 866 1204 935 conferenda.

241 961 434 1030 (Annot.
457 957 534 1030 2.7)
560 957 1010 1030 Yidenturietiam
1042 958 1157 1013 haec
1179 958 1344 1013 verba
1377 958 1725 1030 Pelagianam

183 1028 402 1088 haeresim
430 1029 698 1093 redolere,
727 1028 924 1098 quibus
952 1032 1151 1083 asserit
1172 1030 1373 1083 Auctor
1398 1028 1561 1085 Deum
1582 1032 1728 1088 labo-

181 1105 392 1160 rantibus
422 1110 626 1154 tantum
659 1114 808 1154 suam
832 1100 1056 1168 gratiam
1091 1100 1296 1171 largiri,
1320 1110 1560 1156 nostrum
1592 1119 1725 1160 vero

183 1190 283 1232 e550
317 1174 461 1227 bona:
490 1171 784 1225 voluntatis
816 1171 1179 1243 occasionem
1202 1172 1314 1227 Deo
1356 1173 1585 1241 offerre,
1618 1192 1722 1243 qua

180 1252 491 1316 provocatus,
522 1257 748 1316 munera
781 1258 876 1297 sua
906 1242 1088 1316 ln‘IIOS
1110 1242 1373 1316 effundat.
1405 1243 1602 1298 Verum
1622 1242 1723 1301 8e-

178 1313 256 1373 cus
282 1332 359 1369 res
382 1315 574 1378 habet;
604 1313 843 1381 loquitur
872 1313 1037 1385 enim
1084 1330 1190 1368 non
1240 1314 1310 1369 de
1363 1316 1582 1385 paganis
1629 1328 1722 1373 aut

177 1386 595 1457 infidelibus_aut
632 1384 1203 1457 impiisrltominihus,
1244 1386 1338 1439 sed
1385 1384 1451 1441 de
1501 1387 1579 1439 his
1628 1390 1717 1457 qui

176 1458 431 1527 adoptione
461 1455 587 1510 facti
611 1466 735 1509 sunt
756 1456 871 1521 lilii,
896 1465 951 1509 et
978 1471 1113 1526 quos
1142 1457 1379 1524 Spiritus
1416 1455 1713 1524 inhabitat;

176 1540 308 1610 atque
333 1530 399 1610 ita
426 1542 533 1582 nou
571 1528 809 1608 excludit
831 1528 890 1610 in
910 1528 1018 1610 ista
1041 1528 1434 1610 praeparatione
1476 1530 1715 1610 divinum

176 1598 486 1668 adjutorium,
512 1600 665 1666 quasi
696 1599 871 1667 possit
910 1598 1073 1652 homo
1102 1609 1290 1666 suapte
1332 1611 1526 1667 sponte
1560 1602 1711 1654 labo-

175 1686 293 1733 rare,
322 1678 370 1724 et
394 1685 453 1725 se
473 1669 540 1723 ad
568 1671 793 1739 gratiam
831 1670 923 1722 Dei
966 1669 1363 1737 suscipiendam
1395 1671 1709 1739 disponere,

174 1742 248 1796 sed
273 1744 458 1796 excitat
477 1740 532 1795 in
552 1741 635 1794 his
659 1741 835 1793 verbis
855 1740 1123 1811 ignaviam
1142 1750 1404 1808 nostram,
1425 1753 1479 1795 ut
1502 1759 1598 1795 nos
1621 1744 1711 1810 qui

173 1812 395 1885 Spiritum
419 1812 510 1866 Dei
538 1812 960 1879 accipimus,qui
991 1812 1155 1885 semel
1181 1811 1465 1885 illuminati
1499 1828 1706 1881 sumus,
1737 1824 1786 1885 Β

173 1885 242 1953 qui
266 1883 449 1937 donum
480 1885 704 1937 caeleste
738 1884 1181 1955 gustavitnus,_in
1214 1882 1298 1937 his
1336 1898 1454 1953 qure
1498 1887 1701 1955 sempi-

174 1967 343 2010 ternam
387 1966 627 2009 nostram
682 1962 1002 2023 promovent
1055 1953 1305 2025 salutem,
1348 1953 1704 2025 ingeniunfet

173 2027 286 2080 vires
308 2041 488 2081 omnes
513 2026 911 2095 impendamus,
939 2025 990 2078 id
1013 2026 1153 2093 quod
1178 2024 1335 2079 unice
1361 2024 1429 2080 ab
1452 2028 1701 2083 omnibus

173 2098 213 2151 in
238 2095 427 2151 Christo
454 2107 509 2151 et
532 2113 635 2165 per
667 2098 925 2165 Spiritum
956 2107 1197 2150 sanctum
1226 2099 1424 2151 renatis
1449 2110 1702 2167 expostu-

172 2168 228 2221 lat
248 2169 407 2224 divina
430 2168 711 2237 majestas.
741 2168 895 2235 Quod
927 2183 1054 2221 vero
1094 2168 1145 2221 in
1178 2167 1324 2221 hisce
1356 2169 1534 2225 verbis
1563 2171 1699 2226 nihil

171 2240 333 2293 divina:
364 2239 545 2309 gratiae
570 2239 829 2309 derogare
856 2240 1087 2311 voluerit
1111 2239 1419 2311 Cassianus,
1451 2256 1517 2294 ex
1537 2245 1697 2311 quin-

170 2326 252 2380 que
285 2311 529 2379 subjectis
584 2311 853 2379 capitibus
919 2310 1150 2364 dilucide
1207 2309 1391 2364 videre
1443 2309 1598 2379 licet,
1644 2315 1695 2367 in

170 2382 327 2447 quibus
364 2397 510 2435 suam
537 2382 611 2435 de
635 2382 821 2451 gratiae
848 2384 1170 2435 necessitate
1197 2384 1518 2436 sententiam
1550 2384 1700 2437 latis-

172 2454 278 2506 sime
302 2454 659 2523 prosequitur,
691 2468 918 2523 eamque
951 2462 1059 2506 tum
1100 2452 1328 2523 ratione,
1357 2461 1469 2507 tum
1502 2454 1697 2509 divina:

175 2523 426 2589 Scriptura:
470 2522 1216 2589 auctoritatecorroborat,
1266 2522 1466 2578 docens
1512 2526 1693 2580 omnia

172 2594 311 2647 studia
329 2603 522 2661 nostra,
559 2596 793 2655 labores,
825 2604 877 2649 et
905 2605 1129 2649 conatus
1168 2608 1350 2648 cassos
1378 2610 1501 2650 esse
1538 2606 1695 2665 atque

171 2665 339 2730 irritos,
371 2667 467 2720 nisi
506 2666 699 2721 divino
728 2666 998 2733 adiutorio
1025 2676 1073 2720 et
1106 2667 1501 2735 praeveniamur
1530 2668 1579 2721 in
1604 2670 1699 2721 bo.

173 2750 242 2803 no,
268 2745 315 2791 et
362 2737 501 2791 omni
541 2748 822 2792 momento
868 2736 1151 2792 fulciamur
1200 2751 1261 2790 ac
1309 2746 1694 2793 sustentemur.

172 2806 306 2873 Quam
331 2809 649 2863 sententiam
676 2810 811 2863 adeo
835 2808 1027 2863 diffuse
1057 2817 1112 2863 et
1139 2808 1284 2862 clare
1308 2805 1394 2861 hic
1426 2812 1697 2878 prosequi-

172 2887 256 2950 tur,
280 2888 665 2950 utpersuasum
699 2880 828 2933 tnihi
862 2880 1081 2935 habeam
1113 2894 1173 2933 ea
1204 2893 1323 2948 quae
1347 2880 1398 2931 in
1432 2880 1579 2934 hisce
1609 2896 1697 2934 ca-

171 2949 426 3016 pitibusex
470 2952 691 3020 propria
731 2951 947 3018 scripsit
976 2951 1267 3012 sententia,
1302 2950 1470 3004 instar
1510 2952 1697 3019 apolo-

171 3020 298 3088 getici
330 3022 605 3090 cujusdam
648 3022 991 3091 suscipienda
1038 3037 1159 3076 esse
1196 3022 1455 3075 adversus
1482 3036 1575 3076 eos
1606 3025 1698 3092 qui

170 3091 288 3145 illum
314 3094 373 3147 de
393 3093 593 3147 divinae
618 3094 804 3163 gratiae
829 3094 1096 3163 adjutorio
1120 3107 1399 3161 perperam
1433 3102 1488 3146 et
1510 3091 1694 3148 contra

171 3163 407 3219 catholica:
449 3173 618 3234 atque
660 3164 975 3220 orthodoxa:
1015 3163 1137 3219 fidei
1181 3164 1476 3217 doctrinam
1502 3165 1700 3219 sensis-

169 3246 217 3305 se
253 3234 472 3290 arbitrati
509 3244 677 3301 sunt;
737 3236 790 3290 in
837 3238 918 3291 his
964 3236 1226 3305 siquidem
1280 3238 1701 3291 monasticarum

170 3301 586 3373 Constitutionum
610 3306 897 3363 duodecim
928 3301 1099 3373 libris,
1127 3306 1267 3361 sicut
1296 3313 1351 3360 et
1382 3306 1607 3361 inlibris
1637 3308 1707 3364 de

170 3372 503 3447 incarnatione
528 3378 701 3434 Verbi
727 3379 997 3447 propriam
1022 3372 1346 3433 sententiam
1376 3377 1613 3445 exponit.
1652 3380 1707 3434 In

169 3443 512 3519 Collationibus
571 3443 751 3504 autem
788 3443 1001 3505 illorum
1046 3448 1214 3504 refert
1244 3443 1531 3517 opiniones
1571 3466 1709 3519 quos

170 3516 408 3585 loquentes
429 3519 762 3583 introducit;
799 3524 848 3575 in
882 3521 1076 3589 quibus
1102 3522 1146 3575 si
1176 3516 1527 3589 qui’subinde
1552 3516 1707 3576 erro-

171 3600 241 3661 res
268 3603 373 3644 cum
402 3606 525 3648 vera
554 3602 617 3646 et
643 3592 907 3647 catholica
946 3592 1189 3646 doctrina
1224 3601 1523 3661 pugnantes
1554 3592 1706 3647 iuve-

170 3659 448 3789 nianiiindii
492 3663 857 3719 collatoribus
906 3662 1057 3734 ipsis,
1114 3659 1236 3717 noni
1274 3661 1535 3718 Cassiano
1584 3673 1709 3720 sunt

171 3742 282 3784 ascrt
319 3748 378 3788 en
418 3752 453 3789 t.

171 3735 453 3789 ascribendi.

687 3807 803 3863 Col.
833 3808 859 3861 1
904 3820 1023 3875 cap.
1058 3806 1144 3862 17.

171 3892 357 3970 ﬂentem
384 3900 597 3969 quidem
623 3917 723 3954 non
748 3900 1063 3970 interpellari
1086 3898 1476 3968 cogitationibus
1517 3899 1705 3969 impos-

224 3969 349 4023 sibile
372 3980 463 4041 est,
496 3971 761 4041 suscipere
794 3969 909 4025 vero
937 3987 1021 4023 eas
1052 3975 1153 4023 sive
1174 3986 1410 4035 respuere
1432 3972 1569 4023 onmi
1595 3982 1705 4026 stu-

228 4041 345 4094 denti
370 4044 615 4114 possibile
659 4054 753 4097 est.
790 4042 1234 4107 Quemadmodum
1263 4042 1415 4112 igitur
1445 4052 1585 4114 ortus
1620 4060 1704 4096 ea-

227 4127 325 4185 rum
368 4113 465 4167 non
505 4115 721 4169 omnino
762 4114 961 4185 pendet
986 4130 1015 4165 a
1054 4114 1219 4177 nobis,
1254 4114 1324 4165 ita
1361 4113 1591 4175 probatio
1625 4116 1702 4168 uel

225 4184 378 4238 electio
394 4187 626 4239 consistit
650 4187 702 4238 in
733 4184 896 4238 nobis.
916 4184 1026 4238 Nec
1051 4195 1214 4238 tamen
1239 4199 1301 4251 ea:
1330 4198 1386 4235 eo
1407 4186 1545 4250 quod
1561 4185 1704 4238 dixi—

226 4270 321 4309 mus
340 4257 658 4325 impossibile
688 4274 794 4311 esse
824 4266 1037 4309 mentem
1064 4252 1461 4326 cogitationibus
1480 4272 1580 4307 non
1605 4257 1701 4309 ad-

225 4326 299 4393 iri,
322 4336 470 4381 totum
483 4331 564 4382 uel
581 4328 811 4381 incursui
834 4328 1073 4381 uelntalis
1086 4325 1349 4394 spiritibus
1374 4325 1700 4381 tribuendum

223 4400 409 4468 εει,ᾳυὶ
438 4416 525 4454 eas
558 4403 799 4452 nituntur
829 4400 1089 4466 ingerere;
1117 4397 1310 4465 alioqui
1348 4412 1440 4448 nec
1482 4397 1700 4451 liberum

222 4466 268 4519 in
301 4466 493 4524 homine
519 4478 753 4523 maneret
794 4470 1079 4536 arbitrium,
1113 4484 1201 4521 nec
1252 4468 1304 4521 in
1350 4468 1498 4521 nobis
1541 4478 1699 4523 staret

225 4548 389 4594 nostra:
415 4541 752 4613 correptionis
782 4540 1057 4595 industria.

226 4630 415 4697 (Annot.
447 4635 528 4704 5.)
561 4633 804 4688 Abhates
836 4633 924 4688 isti
954 4648 1087 4704 quos
1121 4631 1174 4686 in
1205 4631 1594 4704 Coliationibus
1627 4633 1705 4688 lo-

170 4710 358 4771 quentes
386 4702 678 4759 introducit
704 4704 937 4758 Joannes
966 4703 1274 4769 Cassianus,
1300 4702 1606 4771 frcquenter
1635 4705 1705 4759 ita

170 4768 285 4846 loqui
312 4775 552 4831 videntur
580 4777 735 4843 quasi
780 4777 969 4846 gratiae
1011 4775 1213 4828 Christi
1249 4768 1352 4827 una
1386 4768 1510 4829 eum
1550 4776 1706 4829 Pela-

170 4842 240 4909 gio
257 4845 439 4901 fuerint
465 4842 804 4917 iniquiores;
830 4847 923 4900 sed
971 4846 1127 4900 facile
1162 4856 1242 4899 est
1274 4846 1564 4915 plerosque
1588 4847 1709 4900 illo-

176 4926 269 4966 rutn
308 4918 371 4969 ab
414 4917 517 4973 hoc
563 4916 749 4971 errore
793 4917 1089 4980 vindicare,
1123 4917 1165 4970 si
1211 4916 1707 4971 animadvertamus

169 4997 245 5062 eos
271 5001 366 5041 non
393 4988 538 5062 loqui
564 4988 632 5062 de
666 4989 747 5062 his
773 4990 859 5062 qui
908 4988 1053 5042 omni
1083 4989 1253 5056 gratia
1289 4988 1377 5062 Dei
1410 4990 1707 5062 vacuisolo

170 5052 639 5133 liberteroluntatis
668 5052 896 5133 arbitrio
926 5052 1177 5133 aguntur,
1208 5059 1300 5133 sed
1330 5059 1407 5133 de
1446 5058 1709 5113 Christia-

168 5127 235 5200 tiis
259 5138 303 5182 et
328 5127 407 5183 bis
431 5132 522 5200 qui
546 5131 598 5184 itt
632 5130 753 5185 vita:
786 5132 1093 5184 monastica:
1120 5128 1449 5198 perfectione
1486 5147 1707 5199 magnos

169 5194 379 5272 iecerunt
430 5194 777 5272 progressus;
825 5202 916 5270 qui
960 5215 1053 5267 per
1108 5194 1356 5269 spiritum
1408 5194 1709 5269 adoptionis

167 5262 270 5321 facti
298 5270 406 5337 filii,
431 5262 485 5325 in
510 5262 577 5327 eo
598 5272 738 5341 quod
766 5262 939 5325 semel
960 5262 1305 5337 acceperunt,
1333 5262 1703 5340 perseverant,

167 5349 400 5413 crescunt,
431 5353 487 5397 et
513 5344 952 5413 progrediuntur.
981 5343 1053 5396 De
1082 5343 1276 5412 quibus
1308 5344 1467 5397 etiam
1501 5344 1710 5398 locutus

167 5417 234 5477 est
262 5410 485 5466 Piuulius
505 5410 674 5468 abbas
703 5415 799 5475 lib.
841 5430 892 5467 tv
938 5410 1113 5467 lnstit.
1145 5430 1195 5468 c.
1226 5415 1315 5477 42,
1347 5430 1466 5468 cum
1500 5416 1570 5468 ait
1601 5431 1710 5470 non

166 5475 456 5554 deberenos
490 5486 761 5553 patientia:
788 5484 1042 5540 virtutem
1073 5484 1141 5541 de
1166 5475 1394 5539 aliorum
1430 5486 1701 5554 probitate

166 5560 217 5601 ac
240 5552 847 5627 tnodestiaexspectare.
881 5556 931 5610 id
959 5567 1062 5620 est,
1092 5566 1146 5609 ut
1176 5565 1300 5609 tunc
1327 5552 1443 5609 eam
1474 5565 1708 5611 tantum-

164 5622 303 5676 modo
332 5622 699 5693 possidearnus
729 5643 851 5683 cum
886 5642 916 5680 a
948 5628 1165 5683 nemine
1194 5627 1455 5682 fuerimus
1486 5629 1703 5693 irritati,

166 5694 286 5759 quod
327 5710 390 5750 ne
428 5700 601 5767 possit
637 5715 746 5754 non
782 5698 1025 5760 evenire,
1065 5710 1263 5753 nostra:
1310 5714 1414 5752 non
1466 5700 1709 5768 subjacct

164 5768 410 5841 Meetati,
442 5769 539 5825 sed
573 5770 749 5837 potius
775 5770 845 5827 de
874 5770 1094 5841 propria
1128 5769 1433 5825 humilitate
1480 5781 1533 5825 et
1586 5772 1707 5826 lon-

163 5833 462 5915 ttnitnitate,
509 5833 631 5919 qua:
688 5844 746 5910 in
791 5833 997 5909 nos'tro'
1021 5841 1226 5922 pendet
1279 5841 1527 5905 arbitrio.
1589 5842 1705 5907 Non

1838 506 2151 575 patientiam
2182 511 2294 563 sola
2321 506 2545 565 aliorum
2582 506 2858 567 homin'um
2894 506 3159 570 modestia
3189 506 3399 585 acquiri

1839 593 2019 655 posse,
2053 588 2242 634 nostro
2263 593 2443 655 autem
2490 584 2670 655 studio
2704 598 2768 638 ac
2802 586 2990 640 labore
3024 600 3161 655 opus
3191 600 3311 641 esse
3343 596 3400 642 ut

1834 649 2171 727 acquiratur;
2208 654 2390 727 procul
2414 653 2579 709 dubio
2600 655 2666 709 de
2706 656 2810 727 illis
2839 649 3074 725 loquens
3093 671 3231 727 quos
3258 656 3398 712 divi-

1833 735 1933 775 nus
1957 722 2188 795 Spiritus
2219 724 2523 779 inhabitans
2543 730 2607 777 ad
2635 726 2845 780 culmen
2876 722 3226 795 perfectionis
3248 742 3398 782 asse-

1832 793 2101 859 quendum
2136 796 2281 848 omni
2315 805 2585 849 momento
2622 793 2933 852 exstimulat
2974 808 3028 853 et
3057 799 3267 852 invitat.
3302 797 3399 854 His

1830 862 2014 936 itaque
2058 877 2286 936 pr0pter
2309 865 2637 921 habitualem
2665 868 2912 936 gratiam,
2944 878 3004 923 ut
3027 880 3217 924 vocant
3238 868 3396 925 theo-

1828 932 1956 1009 logi,
1990 950 2113 1009 cum
2150 932 2367 1009 assidue
2414 946 2640 1009 agantur
2669 932 2868 1007 spiritu
2898 932 3013 1000 Dei,
3046 939 3393 1009 quemadmo-

1828 1004 1953 1057 dum
1982 1006 2199 1061 dilticile
2234 1023 2338 1061 non
2370 1004 3113 1065 est'assidua'exercitatiorie
3142 1020 3196 1064 et
3226 1010 3395 1065 malo.

1827 1090 1944 1149 rum
1972 1078 2250 1131 tolerantia
2282 1080 2550 1147 patientiae
2574 1093 2840 1133 summum
2870 1083 3072 1149 apicem
3104 1082 3391 1149 attingere,

1824 1146 1898 1199 ita
1922 1162 2137 1217 quoque
2168 1146 2403 1217 impurus
2439 1158 2495 1204 et
2521 1150 2587 1203 ab
2618 1146 2918 1204 immundis
2950 1146 3391 1219 spiritibus'sug;

1825 1167 1898 1199 lla
1922 1167 2137 1217 quoque
2168 1167 2403 1217 impurus
2439 1167 2495 1204 et
2521 1167 2587 1203 an
2618 1167 2914 1204 tmmunuts
2950 1167 3229 1219 Spll‘tllDus
3268 1167 3390 1276 suq.

1825 1226 2029 1290 gestas,
2064 1222 2177 1272 sive
2201 1237 2229 1273 e
2253 1220 2407 1275 nobis
2441 1221 2569 1289 ipsis
2592 1228 2808 1275 exortas
2834 1222 3188 1290 cogitationes
3210 1237 3339 1289 repe
3366 1251 3390 1265 -

1822 1289 1936 1343 lere
1982 1299 2037 1344 et
2086 1290 2360 1355 refutare;
2403 1306 2728 1361 quamquam
2778 1289 2989 1345 interim
3038 1292 3390 1348 dubitandum

1822 1373 1929 1431 non
1957 1361 2025 1413 sit
2053 1363 2176 1429 quin
2209 1363 2349 1415 sicut
2373 1362 2455 1415 ha:
2481 1364 2835 1430 cngitationes
2858 1362 3052 1430 partim
3082 1378 3109 1414 a
3144 1362 3390 1431 malignis

1821 1430 2103 1502 spiritibus
2153 1441 2532 1501 suggeruntur,
2566 1432 2757 1502 partim
2810 1436 3057 1487 oriuntur
3094 1448 3159 1486 ex
3208 1430 3383 1499 nobis,

1820 1500 1891 1552 ita
1918 1517 2129 1569 qunque
2158 1500 2471 1557 earumdem
2503 1500 2750 1557 refutatio
2780 1512 2940 1571 atque
2962 1503 3184 1572 reiectio
3215 1503 3386 1557 libero

1818 1582 2006 1643 nostro
2034 1574 2261 1626 arbitrio
2293 1582 2347 1628 et
2374 1576 2557 1643 gratiae
2591 1574 2682 1628 Dei
2712 1574 3037 1642 conjunctim
3070 1573 3387 1627 ascribenda

1816 1641 1902 1693 sit.
1931 1640 2135 1713 Omitto
2164 1644 2304 1712 quod
2348 1640 2398 1698 in
2431 1645 2749 1712 quibusdam
2779 1640 2911 1699 mss.
2940 1645 3221 1699 codicibus
3250 1643 3386 1713 legi-

1817 1720 1901 1765 tur
1933 1730 1944 1764 :
1971 1712 2245 1782 Suscipere
2294 1731 2410 1768 vero
2440 1732 2523 1767 eas
2565 1716 2668 1769 sive
2694 1731 2954 1784 respuere,
2984 1716 3122 1768 ontni
3159 1712 3389 1768 studenti

1814 1799 1904 1856 per
1929 1786 2149 1853 gratiam
2182 1786 2277 1838 Dei
2316 1786 2555 1856 possibile
2584 1795 2676 1851 est,
2709 1787 2849 1855 quod
2880 1802 2938 1840 ea
2969 1787 3133 1840 lectio
3167 1802 3272 1839 non
3303 1785 3387 1840 vi—

1814 1855 2002 1930 deaiur
2032 1871 2151 1909 esse
2196 1855 2451 1924 genuina,
2484 1868 2536 1930 et
2578 1856 2631 1930 in
2665 1858 2944 1930 perpaucis
2971 1857 3140 1930 iisque
3186 1870 3382 1913 recen-

1808 1925 2034 1980 tioribus
2065 1937 2267 1981 tautum
2292 1928 2695 1997 exemplaribus
2724 1928 3048 1983 inveniatur.

2364 2064 2500 2120 Coll.
2536 2064 2560 2116 1
2595 2080 2716 2134 cap.
2750 2066 2838 2120 19.

1800 2154 1886 2208 Ea:
1915 2158 2056 2210 nobis
2079 2158 2309 2211 oriuntur
2330 2159 2680 2230 coqitationes,
2707 2175 2819 2211 cum
2849 2159 3155 2211 naturaliter
3184 2175 3246 2230 ea
3269 2174 3381 2227 qua:

1871 2230 2113 2301 gerimus,
2141 2232 2216 2301 rel
2253 2228 2524 2301 gessimus1
2546 2229 2621 2283 uel
2668 2230 2974 2288 audiuimus.
3018 2228 3383 2301 recordamur;

1872 2300 1935 2351 de
1956 2300 2136 2367 quibus
2168 2298 2233 2351 B.
2256 2298 2451 2362 David,
2486 2298 2714 2370 Cagitavi
2743 2304 2848 2353 dies
2890 2301 3150 2369 antiquos,
3184 2300 3372 2369 inquit,

1872 2382 1918 2423 et
1948 2387 2111 2424 annos
2142 2379 2357 2425 aeternos
2388 2372 2437 2424 in
2473 2381 2634 2424 mente
2661 2370 2841 2437 habui,
2874 2381 2920 2423 et
2952 2371 3218 2424 meditatus
3266 2387 3378 2424 sunt

1870 2453 2035 2504 nocte,
2060 2458 2174 2494 cum
2203 2443 2355 2497 corde
2382 2458 2515 2511 meo,
2548 2452 2595 2495 et
2634 2441 2970 2510 exercitabar,
3012 2452 3060 2495 et
3109 2439 3377 2513 scopebam

1870 2513 2105 2583 spiritum
2136 2530 2323 2566 mettm.

1870 2630 2085 2699 (Annot.
2118 2629 2197 2699 4.)
2229 2630 2424 2684 Beatus
2454 2628 2620 2683 David
2650 2630 2705 2683 in
2734 2629 2943 2698 psalmo
2980 2626 3378 2699 septuagesimo

1798 2709 1974 2763 sexto.
2010 2700 2152 2754 unde
2186 2712 2435 2768 sumptus
2462 2710 2543 2756 est
2574 2700 2660 2755 hic
2687 2714 2900 2765 versus,
2942 2699 3011 2753 de
3040 2698 3132 2753 illa
3163 2699 3374 2752 dierum

1798 2771 2142 2836 antiquorum
2167 2782 2221 2826 et
2243 2772 2695 2839 sempiternorum
2718 2785 2979 2825 annorum
3004 2768 3376 2824 recordatione

1800 2841 2057 2911 loquitur,
2092 2858 2210 2912 qua:
2236 2842 2446 2897 confert
2476 2842 2543 2896 ad
2572 2857 2755 2897 veram
2787 2849 2841 2895 et
2882 2841 3231 2912 christianam
3258 2855 3377 2912 pte-

1801 2910 2124 2977 ttitentiam;
2173 2929 2275 2982 qua
2330 2923 2551 2983 peccata
2608 2913 2893 2967 commissa
2945 2910 3377 2983 consideratione

1801 2986 1988 3039 interni
2019 2995 2069 3038 et
2102 2982 2386 3038 infernalis
2415 2983 2663 3052 supplicii
2698 2983 3019 3053 plangimus,
3048 2993 3102 3037 et
3150 2982 3230 3035 sic
3276 2996 3377 3035 nos

1802 3054 2110 3110 exercendo
2157 3069 2547 3124 expurgatuus,
2580 3064 2957 3120 etscppamus
2994 3053 3378 3124 spiritumino-

1803 3134 1996 3180 strum.
2033 3127 2112 3180 Ad
2143 3119 2305 3195 quetn
2325 3119 2485 3179 etiam
2516 3126 2737 3180 modum
2766 3119 2826 3180 S.
2856 3119 3141 3190 Ezechias,
3168 3123 3220 3177 in
3237 3119 3377 3176 Can-

1733 3202 1777 3265 C
1812 3198 1937 3260 lico,
1964 3198 2223 3265 recogitet
2243 3211 2432 3251 omnes
2455 3211 2579 3251 suos
2593 3196 2709 3250 dies
2729 3198 2778 3249 in
2803 3196 3162 3250 amaritudine
3181 3195 3376 3249 anima:

1811 3283 1946 3324 suae.
1981 3268 2150 3322 Porro
2189 3268 2339 3322 istius
2367 3268 2507 3322 modi
2540 3267 2839 3322 recordatio
2873 3282 2981 3322 non
3003 3266 3175 3322 oritur
3200 3266 3253 3320 in
3282 3281 3378 3319 no-

1811 3339 1894 3394 bis
1937 3354 2004 3394 ex
2057 3339 2189 3393 solis
2234 3340 2392 3393 liberi
2441 3339 2650 3393 arbitrii
2694 3339 2917 3403 viribus,
2949 3337 3045 3392 sed
3090 3354 3117 3389 a
3152 3336 3377 3392 Domino

1811 3410 2026 3465 caelitus
2058 3411 2262 3478 percuti
2304 3409 2465 3464 debet
2507 3420 2655 3478 petra
2713 3409 2944 3478 pectoris
2986 3409 3181 3475 nostri,
3216 3415 3272 3461 ut
3312 3422 3377 3461 ex

1812 3481 1983 3536 oculis
2013 3482 2214 3535 nostris
2242 3481 2464 3550 largiter
2491 3481 2837 3549 fluantaquaa
2881 3489 2934 3534 et
2977 3478 3157 3550 fontes
3207 3479 3383 3548 lacry-

1812 3568 2042 3618 marum,
2086 3552 2282 3622 quibus
2332 3549 2513 3606 vetera
2556 3562 2777 3620 peccata
2832 3560 3029 3622 nostra
3058 3549 3374 3622 deﬂeamus.

1810 3618 2141 3693 Quamquam
2174 3622 2289 3677 ﬁeri
2321 3624 2491 3691 possit
2519 3618 2574 3675 ut
2611 3630 2927 3690 peccatores
2956 3621 3185 3676 subinde
3232 3618 3375 3675 male

1810 3709 1841 3746 a
1865 3710 1923 3749 se
1951 3694 2205 3748 transacti
2230 3697 2483 3762 temporis
2502 3694 2717 3761 exigant
2742 3693 3024 3759 rationem,
3042 3701 3095 3746 et
3119 3705 3380 3745 annorum

1811 3777 2139 3821 aeternorum
2169 3766 2539 3831 recordentur,
2574 3766 2641 3819 de
2667 3779 2795 3818 vera
2827 3763 2990 3817 animi
3022 3765 3378 3817 conversione

1810 3848 1867 3891 et
1901 3838 2025 3891 vitae
2065 3836 2300 3889 melioris
2344 3837 2621 3904 pronosito
2653 3836 2886 3888 nondum
2928 3836 3217 3903 quidquam
3247 3833 3380 3886 defi-

1808 3909 2021 3963 nientes
2045 3924 2058 3959 :
2082 3908 2382 3976 cuiusmodi
2406 3908 2705 3961 recordatio
2726 3922 2795 3960 ex
2821 3906 2902 3959 his
2925 3921 3041 3974 quae
3068 3904 3382 3976 naturaliter

1806 3979 2075 4047 gessimus
2107 3973 2186 4033 vel
2211 3979 2533 4037 audivimus.
2562 3978 2783 4031 excluso
2812 3973 2973 4031 etiam
3012 3976 3192 4029 divino
3222 3973 3379 4047 adju-

1808 4045 1969 4113 iorio,
1995 4049 2048 4103 in
2096 4050 2249 4103 nobis
2279 4063 2398 4103 esse
2430 4057 2623 4118 potest.
2660 4048 2727 4102 Et
2758 4048 2872 4103 haec
2909 4048 3116 4103 videtur
3142 4061 3263 4102 esse
3287 4045 3383 4100 ab-

1804 4120 1945 4176 batis
1970 4120 2139 4176 Movsi
2166 4122 2454 4176 sententia.

2358 4212 2496 4268 Coll.
2532 4215 2565 4268 5
2589 4227 2709 4283 cap.
2745 4214 2829 4267 12.

1808 4309 1958 4366 Sicut
1987 4310 2281 4362 occasiones
2304 4308 2489 4360 salutis
2526 4307 2742 4359 diversis
2786 4304 2951 4357 modis
2997 4301 3159 4354 Deum
3197 4318 3388 4366 cogno-

1877 4382 2068 4434 scimus
2097 4379 2413 4449 operari,ita
2441 4386 2668 4449 nostrum
2692 4388 2761 4429 est
2786 4374 3148 4449 occasionibus
3179 4390 3209 4449 a
3234 4374 3383 4449 1)ξυὶ-

1885 4453 2041 4504 nitate
2062 4443 2315 4503 concessis
2344 4450 2539 4501 enixius
2562 4447 2637 4499 uti
2669 4448 2931 4499 remissius
2954 4446 3217 4512 famulari.
3246 4443 3387 4496 Nam

1888 4525 2015 4576 sicut
2051 4522 2145 4575 Dei
2174 4520 2269 4590 fuit
2301 4522 2525 4573 vocantis
2554 4519 2765 4579 oblatio,
2794 4516 2895 4569 Exi
2927 4517 2989 4567 de
3017 4526 3151 4569 terra
3181 4524 3289 4582 tua,
3314 4516 3389 4568 ita

1741 4583 1795 4644 D
1891 4592 2112 4647 Abraltte
2138 4583 2235 4661 fuit
2266 4592 2492 4645 exeuntis
2522 4590 2821 4655 obedientta,
2854 4598 2961 4643 etc.

1881 4708 2093 4777 (Annot.
2127 4704 2205 4775 5.)
2224 4704 2281 4777 ln
2306 4719 2471 4773 opere
2491 4700 2895 4777 iustifica‘tionis
2919 4711 3115 4754 nostra:
3146 4698 3389 4777 quaedam

1809 4795 1839 4834 a
1887 4770 2011 4833 ‘solo
2072 4770 2195 4832 Deo.
2225 4770 2555 4838 efficiuntur,
2588 4773 2830 4842 quaedam
2876 4788 3005 4826 vero
3060 4770 3389 4836 conjunctim

1809 4860 1865 4905 et
1912 4850 2082 4903 libero
2124 4856 2313 4901 nostro
2362 4846 2585 4899 arbitrio
2630 4854 2684 4899 et
2736 4846 2842 4897 Deo
2882 4854 3005 4897 sunt
3044 4842 3389 4895 ascribenda.

1810 4922 1942 4975 Nam
1972 4921 2085 4989 ipse
2130 4920 2277 4987 prior
2324 4916 2793 4989 spiritumisalutis
2835 4914 2993 4968 nobis
3021 4914 3197 4989 adhuc
3229 4913 3281 4967 in
3315 4914 3392 4989 i_r_a

1811 5006 1906 5047 sua
1929 4983 2235 5045 constitutis
2263 4997 2317 5043 et
2347 4983 2631 5041 immeritis
2655 4987 2879 5053 inspirat
2901 4992 2977 5050 et,
3010 4996 3067 5039 ut
3096 4986 3231 5038 boue
3258 4983 3392 5036 veli-

1814 5079 1956 5126 mus,
1988 5061 2186 5124 eflicit;
2212 5059 2407 5115 deinde
2433 5074 2580 5123 vero,
2613 5057 2846 5113 excitata
2881 5072 3039 5123 prava
3066 5064 3249 5109 nostra
3300 5069 3393 5106 vo-

1815 5135 2042 5197 luntate,
2076 5143 2320 5202 operatur
2358 5144 2464 5184 una
2496 5130 2771 5183 nobiscum
2804 5128 2929 5202 tjelle
2951 5138 2996 5182 et
3025 5127 3269 5202 perﬁcere
3301 5140 3393 5193 pro

1815 5206 1945 5257 bona
1985 5195 2241 5257 raluntatc
2273 5201 2535 5272 (Philipp.
2566 5202 2651 5270 ll),
2678 5214 2745 5272 ac
2795 5195 3288 5272 delirum—perficit
3339 5204 3393 5249 et

1816 5290 2121 5343 snpremam
2154 5266 2338 5341 adjicit
2368 5266 2620 5326 manum;
2647 5271 2757 5343 Nec
2793 5269 2941 5324 aliud
2968 5270 3105 5343 vult
3126 5268 3251 5343 ltoc_
3276 5266 3395 5343 loco

1816 5335 2149 5413 Paphnutius
2190 5335 2379 5411 abbas,
2430 5341 2889 5412 quemadmodum
2945 5340 3147 5410 liquido
3205 5335 3391 5390 videre

1814 5417 1941 5471 licet
1967 5432 2031 5471 ex
2062 5416 2146 5471 his
2173 5423 2433 5489 quartum
2466 5415 2517 5468 in
2550 5414 2666 5489 hoc
2689 5414 2888 5489 capite,
2924 5421 3035 5465 tum
3085 5414 3394 5489 insequen-

1816 5490 1961 5542 tibus
1990 5502 2157 5556 usque
2181 5486 2247 5539 ad
2290 5487 2449 5539 finem
2480 5484 2813 5556 collationis,
2846 5498 2908 5537 ac
2929 5484 3241 5556 praesertim
3272 5492 3391 5545 cap.

1814 5560 1881 5613 19
1912 5570 1967 5613 et
1990 5554 2469 5626 22'subjiciuntur.
2501 5555 2609 5609 Nos
2639 5555 2792 5626 enim
2807 5568 2902 5626 per
2928 5554 3042 5626 haec
3072 5565 3190 5626 quae
3219 5558 3394 5626 protu-

1814 5630 1998 5694 limus,
2025 5620 2217 5699 inquii,
2246 5644 2352 5683 non
2387 5628 2615 5701 liberum
2651 5620 2883 5701 hominis
2923 5623 3206 5701 arbitrium
3237 5620 3393 5701 vain:

1813 5717 1931 5756 mus
1956 5690 2302 5765 submovere,
2332 5700 2425 5754 sed
2451 5700 2575 5753 huic
2604 5696 2932 5765 adjutorium
2958 5703 3013 5749 et
3041 5694 3266 5763 gratiam
3297 5690 3394 5750 Dei

1813 5788 1911 5909 ger
1936 5773 2175 5846 singulos
2206 5771 2324 5830 dies
2347 5786 2409 5829 ac
2437 5780 2712 5830 momenta
2740 5766 3111 5835 necessariam
3140 5776 3393 5852 compro-

1854 5860 1966 5909 are.

1854 5860 1966 5913 are.
