3966 6332
578 409 686 469 319

1601 406 1696 464 AD
1732 404 1963 464 OPERA
1999 404 2051 464 εἰ.
2090 404 2404 466 CASSIANI
2442 404 2809 465 APPENDIX.

3701 420 3779 481 ω

580 524 646 605 D_.
677 524 908 593 Gregor.
1051 539 1069 579 ι
1096 522 1286 579 Moral.
1315 535 1436 593 cap.
1460 521 1514 579 9.
1543 521 1663 590 Quo
1692 522 1812 577 loco
1834 521 2161 605 scribit'vjr-
2185 524 2243 586 Α
2264 521 2514 605 Satanam
2543 524 2674 578 sicut
2700 523 2877 597 fulgur
2896 522 3161 605 cadentem
3180 524 3420 605 decutio.
3440 526 3639 605 Clarum
3657 535 3780 605 igitur

581 595 758 667 ginem
789 595 1639 667 quamdamenergumeuamgp‘er
1667 607 1863 667 magos
1876 605 1928 667 et
1960 593 2163 667 ariolos

582 663 653 723 ab
680 663 835 721 unico
864 665 1132 720 daemonio
1181 666 1462 720 liberatam
1510 663 1675 718 fuisse
1705 706 1720 730 ,
1774 664 1868 718 sed
1900 665 1953 718 in
1984 663 2163 718 locum

583 738 731 793 illius
749 752 843 793 sex
865 743 959 791 aut
979 747 1184 807 septem
1202 736 1371 807 millia
1393 734 1782 807 daemoniorum
1808 737 2162 807 successisse.

585 807 657 865 Et
677 809 738 863 Β.
754 807 864 863 Leo
890 804 1056 862 serm.
1089 807 1156 863 i9
1184 806 1251 863 de
1274 808 1427 863 Pass.
1460 806 1669 861 Domini
1693 804 1928 861 afﬁrmat
1956 804 2164 860 dasmo-

585 893 734 945 nem,
766 880 813 934 si
837 894 943 933 non
970 880 1021 933 in
1045 893 1294 945 corpore,
1322 879 1376 933 in
1404 878 1581 932 anima
1612 885 1789 930 tamen
1819 891 2036 945 semper
2065 892 2167 931 no-

586 894 734 945 nem,
766 894 813 934 st
837 894 943 933 non
971 894 1021 933 ID
1045 894 1137 934 cor
1179 894 1294 941 ore,
1322 894 1376 933 in
1404 894 1581 932 anima
1612 894 1789 930 tamen
1819 894 2036 945 semper
2065 894 2164 931 no-

586 965 714 1006 cere
751 965 815 1005 ac
859 949 1072 1005 laedere.
1125 894 1278 1017 (good
1317 949 1474 1006 etiam
1515 949 1803 1003 coittirmat
1841 947 1907 1004 D.
1938 951 2164 1019 August.

587 1019 682 1077 lib.
714 1036 910 1076 Lxxxttt
929 1021 1325 1090 Quaestionum,
1355 1029 1548 1091 quaest.
1581 1020 1670 1076 78-.

1142 1112 1280 1168 Coll.
1323 1112 1356 1168 8
1394 1127 1516 1182 cap.
1556 1111 1613 1165 7.

591 1203 724 1261 Ante
759 1205 1101 1261 conditionem
1137 1204 1290 1275 hujus
1325 1203 1539 1259 visibilis
1582 1212 1831 1258 creatum
1852 1247 1866 1272 ,
1914 1203 2172 1275 spiritales

662 1278 987 1347 caelestesque
1040 1277 1251 1331 virtutes
1297 1275 1465 1330 Deum
1511 1276 1692 1345 fecisse
1715 1316 1730 1338 ,
1776 1290 1889 1347 qua:
1933 1291 2028 1347 pro
2078 1276 2173 1347 hoc

664 1348 777 1419 ipso
803 1344 938 1418 quod
962 1348 1236 1419 scirentse
1258 1348 1326 1400 ad
1353 1355 1546 1419 tantum
1580 1344 2173 1419 Abeatitudittis’gloriam

666 1416 910 1487 beneﬁcio
946 1417 1201 1473 Creatoris
1247 1434 1312 1472 ea:
1351 1417 1515 1471 nihilo
1563 1416 1722 1487 fuisse
1762 1417 2038 1487 productas
2062 1457 2079 1483 ,
2128 1417 2175 1471 ei

668 1485 864 1561 gratias
908 1485 1698 1561 referentesindesinenter—ejus
1738 1485 1979 1542 laudibus
2012 1488 2175 1542 inlue-

668 1559 836 1615 rerent
857 1600 873 1626 ,
902 1577 1049 1615 nemo
1075 1560 1305 1629 ﬁdelium
1333 1559 1565 1623 dubitat,
1595 1568 1699 1613 etc.

672 1651 905 1723 (Annal.
938 1651 1074 1721 12.)
1112 1651 1394 1723 Spiritales
1441 1649 1769 1723 substantias
1826 1649 1995 1705 multo
2049 1657 2177 1723 ante

600 1720 927 1780 creationem
952 1720 1075 1778 εωιί
1098 1720 1334 1779 et‘terrae
1365 1722 1658 1787 exstitisse,
1693 1720 1970 1791 Deumque
1996 1720 2177 1791 multis

600 1803 726 1849 ante
752 1792 962 1849 suculis
987 1795 1293 1850 laudavisse
1320 1833 1337 1858 ,
1362 1802 1577 1860 recepta
1608 1792 1707 1846 fuit
1732 1792 1859 1846 olim
1884 1790 2039 1860 apud
2062 1792 2172 1861 pri-

602 1879 725 1920 scos
748 1863 1084 1920 Christianos
1108 1866 1374 1921 sententia
1399 1908 1415 1933 ,
1462 1863 1603 1919 sicut
1645 1864 1749 1918 hoc
1792 1863 1911 1918 loco
1938 1863 2175 1919 Serenus

602 1936 771 1991 abbas
821 1935 1071 1990 afllrmat.
1119 1936 1220 1991 Cui
1265 1937 1430 1991 etiam
1470 1934 1791 2004 astipulatur
1841 1936 1899 1987 υ.
1940 1934 2171 2004 Basilius

602 2007 750 2061 boni.
786 2006 813 2060 1
848 2005 1077 2062 ﬂexam.
1100 2048 1116 2074 ,
1160 2021 1417 2063 enarrans
1448 2006 1540 2062 illa
1584 2006 1746 2060 verba
1776 2005 2005 2060 Genesis
2044 2022 2057 2057 :
2101 2003 2169 2059 In

602 2076 857 2150 principio
884 2079 1070 2132 creauit
1099 2077 1237 2150 Deus
1264 2079 1443 2133 caelum
1467 2084 1513 2131 et
1539 2086 1727 2150 terrain
1745 2092 1765 2130 :
1792 2085 1845 2130 et
1874 2075 2063 2130 homil.
2094 2077 2129 2129 2
2149 2116 2166 2143 ,

605 2147 674 2202 ad
718 2149 807 2204 illa
853 2150 1013 2203 verba
1039 2192 1054 2216 ,
1107 2148 1262 2203 Terra
1314 2160 1487 2203 autem
1534 2156 1643 2202 erat
1684 2148 1856 2201 inanis
1903 2155 1951 2201 et
1986 2163 2167 2202 uacua.

605 2218 863 2295 Drigenes
891 2235 1106 2295 quoque
1132 2220 1189 2295 in_
1206 2220 1357 2275 libris
1381 2223 1500 2295 ςτερί
1523 2223 1707 2295 ᾀρχων
1723 2260 1736 2286 ,
1753 2227 1820 2295 et_
1833 2218 2171 2295 potissimum

605 2288 790 2345 libittt
818 2288 940 2356 cap.
969 2288 1043 2356 3'.
1083 2302 1136 2347 et
1175 2289 1317 2344 hom.
1366 2290 1402 2344 4
1438 2288 1492 2346 in
1522 2288 1749 2354 ls'ai'arn;
1782 2291 2008 2360 Gregor.
2039 2289 2166 2344 Naz.

607 2370 747 2415 orat.
775 2363 831 2416 itt
853 2360 1054 2417 Christi
1083 2361 1455 2428 Nativitatetn;
1487 2362 1738 2420 Ambros.
1772 2360 1865 2416 lib.
1897 2376 1914 2415 ι
1945 2360 2166 2415 Hexam.

608 2446 743 2503 capi
772 2430 806 2485 5
828 2476 843 2497 ,
886 2442 943 2489 et
971 2434 1022 2487 in
1054 2432 1369 2501 praefatione
1399 2434 1555 2502 primi
1585 2432 1813 2503 psalmi;
1864 2432 2039 2503 llilar.
2075 2430 2168 2503 lib.

609 2517 686 2556 xu
714 2501 783 2560 de
802 2503 1020 2567 Trinit.,
1049 2505 1209 2573 paulo
1234 2505 1368 2558 ultra
1391 2501 1668 2558 dimidium
1697 2503 1843 2567 libri,
1874 2512 1927 2556 et
1952 2503 2004 2556 in
2030 2501 2170 2556 bello

610 2584 800 2629 contra
827 2574 1151 2630 Auxentium
1176 2618 1190 2637 ,
1225 2574 1382 2643 paulo
1421 2583 1546 2628 ante
1589 2575 1783 2637 linem;
1818 2573 2042 2627 Hieron.
2071 2573 2123 2626 in
2155 2587 2174 2627 ι

611 2657 732 2715 cap.
775 2644 1035 2714 Epistolas
1060 2648 1128 2700 ad
1155 2646 1376 2712 Titum;
1415 2645 1651 2700 Isidorus
1678 2644 1982 2712 liispalens.
2027 2644 2121 2698 lib.
2154 2658 2173 2697 ι

613 2713 928 2789 desummo
956 2717 1104 2773 Bono
1131 2732 1249 2789 cap.
1295 2717 1394 2784 12;
1426 2717 1671 2789 Damasc.
1705 2715 1794 2770 lib.
1820 2731 1860 2789 ll
1899 2716 2050 2789 Fidei
2078 2717 2179 2769 0r-

613 2783 866 2858 tbodosae
891 2802 1009 2855 cap.
1034 2791 1068 2844 '5
1090 2830 1105 2855 ,
1137 2783 1527 2858 et'complures
1553 2786 1645 2841 alii
1677 2797 1781 2841 tam
1816 2788 1986 2842 ϐττιξεί
2016 2800 2178 2856 quam

612 2854 813 2929 Latini.
843 2854 1012 2913 Porro
1033 2854 1099 2914 B.
1122 2854 1473 2928 Augustinus,
1503 2873 1828 2929 quamquam
1858 2854 2178 2927 magis'pro-

613 2925 706 2982 bet
727 2928 1032 2997 opinionem
1063 2925 1417 2987 asserentium
1447 2925 1667 2996 angelos
1685 2925 1854 2984 simul
1884 2925 2005 2983 cum
2038 2929 2179 2983 C(BIO

611 3007 668 3053 et
694 3008 836 3054 terra
864 3010 1081 3057 creatos
1108 3017 1247 3065 esse,
1286 3005 1340 3056 in
1365 3001 1647 3056 undecimo
1673 3010 1849 3055 tamen
1872 3000 1938 3055 de
1959 2998 2183 3055 Civitate

614 3068 710 3124 Dei
736 3072 1007 3143 volumine
1036 3087 1154 3142 cap.
1196 3072 1300 3136 32,
1345 3072 1605 3143 permittit
1650 3082 1706 3126 ut
1746 3072 1800 3126 in
1839 3072 1939 3126 hoc
1966 3080 2183 3143 contro-

612 3141 790 3214 versia
818 3144 960 3211 quod
989 3141 1213 3214 quisque
1243 3141 1371 3199 velit
1399 3146 1678 3213 opinetur,
1710 3143 2001 3197 dummodo
2026 3142 2187 3214 spirit-

616 3210 752 3265 tales
798 3210 1138 3270 substantias
1169 3217 1277 3270 Deo
1324 3210 1453 3269 non‘
1480 3210 1987 3269 faciat‘coreternas
2017 3253 2030 3279 ,
2087 3212 2184 3268 sed

614 3282 796 3338 omnia
841 3285 1077 3341 visibilia
1121 3294 1176 3340 et
1222 3285 1515 3341 invisibilia
1558 3286 1789 3340 fateatur
1838 3285 1890 3339 in
1942 3294 2185 3350 tempore

615 3354 831 3409 condita
860 3370 1001 3411 esse.
1043 3357 1125 3412 Ad
1165 3357 1417 3412 eumdem
1445 3371 1660 3426 quoque
1691 3355 1907 3410 modum
1937 3354 2186 3410 Theodo—

617 3432 773 3497 [ειυς
792 3435 983 3494 quaest.
1009 3429 1044 3485 5
1071 3429 1124 3483 in
1153 3428 1386 3484 Genesiu
1406 3468 1422 3494 ,
1455 3436 1804 3497 posteaquam
1833 3426 2091 3497 adversus
2121 3428 2181 3482 Ι).

615 3494 871 3569 Basilium
938 3499 1156 3569 copiose
1197 3502 1365 3554 multa
1410 3494 1793 3563 disseruisset,
1846 3498 1918 3551 ita
1966 3496 2183 3551 demum

615 3566 889 3622 concludit
913 3566 1101 3644 :‘Illud
1128 3585 1281 3644 porro
1310 3571 1439 3625 scire
1464 3586 1663 3644 necesse
1686 3577 1763 3644 est
1782 3611 1797 3634 ,
1842 3568 2015 3622 omnia
2045 3583 2186 3637 qua:-

614 3652 829 3714 cumque
865 3641 1088 3696 existunt
1109 3638 1139 3706 ,⁷
1168 3651 1374 3714 excepta
1413 3651 1590 3714 saneta
1618 3638 1868 3693 Trinitate
1891 3679 1906 3705 ,
1946 3648 2185 3692 naturam

615 3707 801 3785 habere
839 3715 1158 3785 corruptioni
1187 3707 1480 3785 obnoxiam.
1534 3712 1645 3767 Hoc
1674 3717 1852 3764 autem
1879 3724 2140 3764 concesso
2167 3751 2181 3774 ,

614 3780 661 3833 si
705 3780 827 3853 quis
871 3780 1183 3853 angelorum
1233 3784 1417 3839 turbas
1443 3824 1457 3846 ,
1512 3790 1637 3837 ante
1674 3785 1868 3837 cmlum
1901 3790 1955 3836 et
1983 3790 2180 3853 terram

614 3851 859 3924 conditas
881 3868 1003 3909 esse
1029 3855 1248 3924 dixerit,
1284 3870 1391 3910 non
1431 3854 1668 3909 olfendet
1695 3854 1917 3907 verbum
1947 3852 2181 3924 pietatis.

613 3919 766 3989 Quod
792 3924 952 3995 igitur
973 3919 1353 3981 Laterane'nsis
1384 3926 1620 3995 synodus
1662 3924 1851 3978 Romae
1883 3919 1983 3977 sub
2024 3921 2185 3978 luno-

614 3938 766 3989 uuoo
792 3938 952 4048 igitur
973 3938 1353 3981 Lateranensts
1384 3938 1620 3995 synouus
1662 3938 1851 3978 uomat
1883 3938 1983 3977 suo
2024 3938 2182 3978 mno-

614 3995 792 4048 centio
843 3994 881 4049 ll
913 3997 1180 4052 celebrata
1211 3998 1391 4065 cap.i
1449 3998 1649 4057 habet.
1703 3995 2012 4049 Creatorem
2063 4009 2182 4048 om-

617 4064 1084 4136 niumvisibilium
1114 4077 1169 4123 et
1194 4064 1543 4123 invisibilium
1572 4108 1586 4131 ,
1626 4064 1963 4136 spiritalium,
1984 4072 2039 4136 et
2063 4080 2185 4119 cor-

618 4134 874 4202 poralium
925 4154 1021 4192 sua
1071 4137 1428 4207 omnipotenti
1478 4134 1675 4192 virtute
1726 4136 1882 4190 simul
1920 4135 1990 4190 ab
2031 4135 2183 4207 initio

614 4214 900 4276 utramque
925 4208 993 4265 de
1023 4209 1192 4265 nihilo
1216 4206 1521 4265 condidisse
1549 4218 1792 4264 naturam
1819 4247 1834 4274 ,
1882 4206 2181 4275 spiritalem

612 4282 668 4329 et
694 4279 1029 4351 corporalem
1057 4321 1071 4346 ,
1111 4281 1411 4351 angelicam
1445 4280 1697 4335 videlicet
1725 4287 1780 4333 et
1809 4277 2133 4351 mundanam
2164 4319 2179 4343 ,

613 4359 720 4423 non
751 4349 830 4402 sic
854 4348 1218 4423 accipiendum
1248 4362 1365 4417 est,
1411 4351 1559 4423 quasi
1590 4353 1640 4405 in
1684 4350 1862 4423 verbis
1891 4348 2008 4402 istis
2037 4351 2183 4423 prior

613 4415 703 4470 illa
730 4415 991 4492 sententia
1023 4424 1096 4476 uti
1116 4422 1259 4492 falsa
1303 4415 1662 4492 reprobetur;
1706 4420 1800 4475 sed
1847 4420 2180 4492 propositum

616 4488 833 4563 concilii
865 4502 992 4563 erat
1037 4491 1284 4563 Origenis
1327 4488 1755 4560 casterortimque
1785 4492 1874 4560 qui
1910 4490 2182 4563 spiritales

613 4559 940 4628 substantias
985 4559 1271 4628 productas
1302 4581 1331 4618 a
1378 4564 1489 4619 Deo
1533 4559 1807 4622 dixerunt.
1856 4570 1915 4615 ut
1951 4561 2180 4628 spiritali

615 4627 872 4710 dignitate
901 4627 1200 4698 potirentur
1223 4652 1237 4700 ;
1258 4634 1453 4710 deinde
1479 4650 1599 4710 cum
1631 4627 2177 4710 peccassent,cre_ata

612 4696 783 4780 fuisse
847 4696 1072 4780 corpora
1139 4696 1358 4780 omnia,
1419 4696 1814 4775 quibus'velut
1868 4700 2179 4780 carceribus

614 4770 837 4843 inclusa;
878 4774 1142 4830 scelerum
1188 4775 1381 4832 darent
1422 4770 1609 4843 poenas
1634 4813 1650 4840 ,
1706 4788 1967 4843 errorem,
1994 4771 2184 4827 confu-

614 4846 751 4894 tare.
809 4841 900 4899 Sic
946 4846 1091 4899 euim
1125 4846 1299 4900 locum
1349 4841 1490 4901 hunc
1539 4844 1803 4899 intellexit
1842 4844 1899 4900 S.
1946 4842 2182 4898 Thomas

615 4910 667 4984 in
698 4913 1034 4981 expositione
1064 4916 1248 4984 primm
1279 4916 1588 4971 decretalis.
1617 4916 1750 4970 Esse
1776 4925 1953 4969 autem
1998 4922 2181 4983 poste-

612 4981 810 5037 riorem
842 4984 994 5055 illam
1041 4981 1364 5041 sententiam
1415 4988 1624 5042 veritati
1673 4987 1842 5055 magis
1895 4981 2180 5040 consenta-

611 5064 789 5118 neatu,
823 5052 1125 5109 divinarum
1158 5057 1454 5111 litterarum
1496 5066 1550 5112 et
1573 5052 1862 5111 multorum
1892 5058 2054 5110 etiam
2086 5071 2184 5110 ve-

612 5130 785 5176 terum
808 5123 1128 5192 scriptorum
1157 5127 1492 5182 demonstrat
1513 5128 1835 5181 auctoritas:
1866 5140 1985 5179 nam
2014 5125 2182 5181 Exodi

611 5206 682 5245 xx
712 5194 900 5248 scribit
919 5195 1131 5267 Moyses
1159 5197 1325 5251 Deum
1353 5213 1446 5252 sex
1473 5198 1679 5251 dierum
1724 5198 1898 5265 spatio
1937 5197 2135 5251 coelum
2162 5238 2178 5262 ,

611 5269 835 5337 terram,
866 5280 1035 5331 mare,
1066 5278 1121 5321 et
1158 5267 1334 5321 omnia
1376 5283 1494 5337 quae
1520 5269 1571 5321 in
1608 5268 1687 5322 eis
1725 5275 1885 5329 sunt,
1928 5281 2180 5333 creasse;

610 5335 832 5405 angelos
855 5346 1033 5392 autem
1062 5351 1186 5392 esse
1207 5338 1260 5391 in
1286 5335 1443 5405 ctelo,
1476 5348 1531 5392 et
1552 5338 1753 5392 idcirco
1781 5339 2053 5393 ctelestem
2087 5340 2187 5391 mi-

609 5403 780 5477 litiam
830 5408 1094 5475 appellari
1138 5423 1298 5462 nemo
1344 5403 1436 5463 est
1477 5408 1567 5476 qui
1614 5408 1868 5477 ambigat.
1923 5407 2183 5472 Quocirca

607 5475 858 5549 confiteri
884 5486 1099 5548 oportet
1128 5478 1252 5549 illos
1279 5479 1442 5549 etiam
1471 5475 1568 5549 sex
1592 5475 1801 5532 dierum
1826 5479 2037 5533 illorum
2061 5493 2185 5549 Spa-

609 5547 684 5600 tio
729 5547 941 5604 creatos
984 5563 1125 5604 esse.
1180 5547 1587 5603 Ecclesiasticus
1632 5562 1845 5617 quoque
1890 5564 2018 5604 xrnt
2062 5547 2180 5617 cap.

606 5618 762 5689 dicit,
783 5620 886 5687 Qui
905 5621 1025 5675 uiuit
1044 5620 1097 5673 in
1115 5627 1381 5683 internum,
1404 5619 1586 5672 creavit
1603 5619 1776 5689 onirtia
1793 5618 1968 5681 simul,
1994 5634 2186 5689 nempe

608 5688 753 5745 intra
780 5706 872 5747 sex
905 5692 1105 5753 primos
1133 5690 1317 5745 mundi
1347 5689 1482 5744 dies.
1516 5689 1581 5743 Et
1610 5687 1925 5759 D.Joannes
1957 5690 1974 5744 Ι
2009 5687 2180 5759 Epist.

608 5773 669 5816 ιιι
700 5775 817 5830 cap.
842 5762 1113 5818 diabolum
1138 5762 1207 5816 ab
1231 5762 1384 5815 initio
1411 5757 1842 5830 peccassedicit;
1874 5757 2077 5816 certum
2102 5769 2186 5817 est

610 5828 791 5900 autem
826 5833 999 5900 ipsum
1043 5835 1205 5889 fuisse
1236 5833 1287 5886 in
1330 5828 1467 5887 cmlo
1500 5828 1714 5900 quando
1749 5835 1987 5899 peccavit
2016 5851 2027 5885 :
2062 5848 2183 5888 nam

612 5899 713 5965 hoc
743 5899 1044 5973 signiﬁcant
1067 5905 1157 5969 illa
1189 5903 1353 5967 verba
1382 5899 1585 5965 ειη-Ξὲιὶ
1611 5900 1772 5965 Luca:
1806 5918 1837 5965 χ
1877 5921 1889 5964 ;
1943 5902 2184 5964 Videbam

2267 594 2445 665 evadit
2469 594 2642 663 ipsum
2665 594 2914 651 una'cum
2938 597 3082 652 coelo
3101 598 3382 655 conditum
3406 615 3541 657 esse.
3568 601 3652 660 liis
3668 594 3784 665 ioce-

2266 664 2400 744 d_unt
2429 668 2596 744 prima
2626 665 2714 719 illa
2745 668 2906 721 verba
2937 668 3164 744 Genesis
3186 710 3201 736 ,
3252 670 3322 724 In
3346 673 3605 744 principio
3641 664 3783 737 ama

2266 688 2400 720 uurtt
2429 688 2596 735 prtum
2626 688 2714 719 ma
2746 688 2906 721 verna
2937 688 3164 725 ueneats
3186 710 3201 736 ,
3252 688 3322 724 In
3401 688 3605 744 nnapto
3641 688 3781 737 creant

2237 783 2241 786 .
2267 736 2405 791 Deus
2431 738 2611 791 caelum
2639 745 2687 791 et
2717 747 2938 792 terram:
2968 739 3071 795 hoc
3113 750 3215 807 est,
3249 750 3313 797 ut
3341 688 3492 797 Pphilo
3511 746 3781 807 etaliicotn-

2268 808 2451 877 plures
2489 816 2801 877 exponunt,
2854 811 3050 866 coelum
3095 820 3151 868 et
3194 822 3342 869 terra
3385 827 3506 869 ante
3532 820 3689 873 omnia
3710 824 3785 880 alia

2268 887 2448 962 creata
2477 892 2597 962 sunt
2628 898 2641 932 :
2668 881 2736 933 ita
2766 890 2943 936 tamen
2966 891 3023 937 ut
3043 884 3165 938 οωιὶ
3194 886 3417 962 nomine
3438 887 3785 962 angeliqnoqne

2269 958 2324 1029 et
2355 950 2457 1029 sub
2498 960 2636 1005 terra
2666 966 2947 1019 corporeae
2972 969 3063 1029 res
3086 964 3148 1029 e_t_
3169 956 3426 1029 animata:
3446 950 3784 1029 inlellig'antur.

2267 1021 2605 1095 Sullragatnr
2628 1037 2841 1089 quoque
2865 1025 3233 1091 superioribus
3265 1026 3328 1080 D.
3361 1021 3684 1095 Epiphanfin
3707 1033 3787 1088 ba-

2269 1093 2386 1166 resi
2404 1093 2553 1146 Pauli
2582 1094 2941 1166 Samosateoi,
2971 1112 3093 1164 qua:
3113 1107 3195 1151 est
3222 1096 3296 1151 65
3326 1093 3549 1166 August.
3576 1099 3658 1155 lib.
3679 1106 3787 1163 xtde

2270 1162 2577 1241 Ciyit._cap.
2603 1162 2636 1217 6
2657 1172 2712 1218 et
2730 1164 2786 1241 il,
2811 1174 2863 1218 et
2884 1164 2977 1220 lib.
2991 1162 3071 1241 ait
3092 1183 3212 1235 cap.
3234 1168 3341 1241 {53
3366 1162 3623 1241 Tlteodor.
3643 1185 3785 1241 quast

2274 1234 2393 1307 Sin
2416 1233 2621 1307 Cenes.
2659 1246 2711 1307 et
2739 1233 2966 1303 Gregor.
2999 1233 3221 1307 Magnus
3259 1238 3359 1294 lib.
3396 1255 3539 1294 xxxtt
3574 1233 3727 1297 Morzi.
3750 1261 3785 1301 c.

2274 1304 2364 1360 10.
2391 1304 2501 1379 _Ut_
2529 1306 2741 1379 interim
2771 1304 3313 1364 omittamus'multos
3346 1324 3412 1365 ex
3458 1309 3538 1364 his
3560 1326 3677 1379 quos
3698 1325 3788 1372 ante

2276 1375 2629 1449 produximus
2661 1378 2710 1428 in
2742 1380 3103 1449 patrocinium
3136 1381 3335 1449 prioris
3359 1375 3653 1446 sententiae,
3680 1384 3715 1437 si
3733 1386 3788 1439 di-

2274 1446 2505 1515 ligeuter
2525 1447 2984 1515 introspiciantur.
3019 1446 3218 1505 nostrae
3244 1451 3528 1506 sententiae
3556 1467 3648 1507 non
3672 1454 3787 1510 dero-

2274 1533 2404 1593 gare
2431 1534 2442 1569 :
2473 1533 2593 1571 nam
2619 1519 2861 1586 plerique
2886 1520 3097 1575 illorum
3129 1536 3236 1576 non
3278 1533 3385 1576 tam
3419 1533 3650 1577 asserunt
3672 1541 3787 1593 quam

2277 1589 2554 1662 dubitant,
2576 1601 2863 1659 utramque
2900 1593 3222 1647 sententiam
3267 1602 3619 1662 proponentes
3642 1589 3695 1649 in'
3711 1613 3789 1651 me-

2276 1658 2456 1716 dium:
2488 1661 2577 1733 alii
2606 1675 2732 1715 vero
2760 1658 2841 1733 sui
2876 1665 3134 1730 temporis
3154 1658 3316 1733 vulgo
3346 1658 3606 1729 receptam
3627 1664 3787 1731 opinio-

2278 1745 2401 1784 nem
2429 1732 2705 1798 referunt,
2735 1732 2877 1786 sicut
2921 1733 3025 1789 hoc
3067 1735 3185 1789 loco
3231 1732 3360 1789 fecit
3399 1736 3558 1788 abbas
3588 1734 3786 1792 Serenus.

2280 1800 2522 1871 Denique
2551 1802 2804 1872 MagiSIer
2832 1801 3077 1860 Sentent.
3103 1820 3224 1859 cum
3250 1814 3363 1861 tota
3385 1805 3537 1859 turba
3565 1806 3790 1861 scholasti-

2281 1887 2465 1926 corum
2499 1873 2785 1941 posteriori
2808 1880 3087 1932 sententia
3104 1876 3397 1931 subscribit
3429 1876 3517 1930 lib.
3542 1892 3576 1931 ll
3600 1877 3787 1932 Sentent.

2280 1944 2518 1998 distinct.
2541 1942 2596 1997 Ξ.
2627 1945 2965 2014 Quapropter
2993 1950 3146 2001 nobis
3173 1963 3390 2017 quoque
3410 1947 3571 2017 magis
3592 1949 3790 2017 probatur

2276 2030 2338 2069 ea
2364 2017 2652 2081 sententia,
2675 2032 2795 2084 quin
2817 2032 2938 2071 cum
2964 2018 3261 2087 Augustino
3286 2026 3343 2072 et
3366 2017 3449 2072 bis
3470 2032 3595 2086 quos
3611 2033 3791 2074 comme-

2275 2087 2622 2159 moravimus.
2653 2089 2872 2159 angelos
2897 2089 2975 2141 ait
2999 2089 3298 2159 signiﬁcari
3324 2088 3579 2144 caelorum
3608 2090 3776 2143 nomine

2276 2156 2491 2229 quando
2515 2157 2924 2229 MoysesDeum
2956 2160 3010 2213 in
3044 2156 3307 2229 principio
3334 2161 3525 2213 cmlum
3565 2170 3612 2213 et
3637 2169 3790 2215 terram

2278 2227 2474 2282 fecisse
2503 2228 2660 2299 dicit;
2695 2228 2921 2299 ideoque
2945 2227 3116 2299 primo
3141 2227 3230 2285 die
3254 2246 3377 2285 cum
3405 2230 3519 2299 ipso
3544 2231 3664 2285 caelo
3685 2245 3790 2285 crea-

2280 2309 2366 2353 tos
2387 2313 2526 2353 esse.
2548 2298 2681 2352 illnc
2702 2298 2864 2370 etiam
2888 2298 3195 2370 B.’Gregor.
3218 2302 3318 2358 lib.
3345 2317 3503 2355 xxvtn
3525 2301 3686 2355 Moral.
3705 2318 3789 2368 cap.

2282 2370 2370 2434 14.
2402 2371 2468 2424 ad
2496 2370 2584 2423 illa
2614 2370 2799 2435 verba,
2829 2368 2956 2425 Cum
2984 2389 3061 2427 me
3082 2368 3374 2426 laudarent
3399 2383 3533 2426 astra
3560 2370 3791 2432 matutina.

2283 2440 2415 2496 dicit
2436 2441 2656 2509 angelos
2678 2444 2857 2496 vocari
2880 2452 3021 2496 astra
3046 2444 3331 2509 matutina,
3361 2446 3483 2510 quia
3508 2442 3659 2511 primo
3676 2457 3792 2497 mane

2282 2512 2451 2567 creati
2496 2522 2659 2584 sunt;
2706 2527 2805 2584 nec
2838 2513 2999 2568 debet
3041 2513 3339 2584 quidquam
3386 2527 3591 2567 movere
3618 2514 3792 2584 ratiorab

2282 2584 2475 2637 abbate
2504 2583 2709 2637 Sereno
2739 2583 2792 2637 in
2820 2583 3153 2639 contrarium
3196 2585 3427 2639 adducta
3453 2599 3515 2639 ex
3546 2584 3639 2638 illis
3664 2583 3792 2638 verbis

2281 2654 2404 2717 Job,
2438 2654 2660 2719 Quando
2688 2655 2831 2725 facta,
2852 2666 2971 2708 sunt
2999 2656 3152 2709 simul
3178 2657 3381 2720 sidera,
3418 2654 3717 2725 laudauerunt
3738 2668 3791 2705 me

2204 1908 2255 1972 B

2282 2725 2437 2779 simul
2474 2740 2648 2779 omnes
2684 2724 2854 2795 angeli
2895 2727 3013 2780 mei.
3059 2726 3190 2781 Nam
3218 2727 3287 2780 ad
3317 2728 3461 2781 illam
3502 2724 3792 2795 objectionein
3882 2724 3883 2791 ἲ

2284 2796 2616 2867 respondent
2643 2794 3018 2853 Tlieodoretus
3042 2808 3095 2852 et
3120 2797 3455 2867 Epiphanius
3480 2798 3600 2849 locis
3625 2794 3789 2855 notatis,

2283 2866 2466 2921 stellas
2488 2878 2679 2937 quarto
2700 2867 2914 2922 demum
2937 2868 3025 2923 die
3046 2866 3257 2923 creatas
3281 2868 3469 2932 fuisse,
3492 2881 3551 2921 ac
3569 2877 3791 2937 propterea

2278 2938 2390 3007 jam
2421 2936 2533 2991 tum
2562 2939 2799 3005 potuisse
2830 2942 3051 3008 angelos
3098 2939 3384 2996 Dominum
3415 2938 3619 2992 laudare
3640 2978 3654 3000 ,
3689 2936 3792 3008 sicut

2286 3023 2472 3064 revera
2512 3024 2725 3079 quoque
2770 3007 3077 3064 laudabant.
3112 3010 3269 3078 Quod
3296 3024 3427 3066 vero
3467 3008 3723 3076 objiciunt,
3758 3007 3790 3058 si

2286 3081 2462 3148 angeli
2495 3096 2600 3134 non
2629 3082 2853 3136 fuissent
2875 3090 3001 3136 ante
3024 3084 3283 3147 mundum
3307 3080 3492 3146 creati,
3522 3090 3791 3147 consequens

2287 3149 2405 3205 fore
2437 3151 2605 3205 Deum
2634 3152 2923 3221 aliquando
2955 3152 3328 3207 laudatoribus
3353 3154 3599 3215 caruisse,
3626 3150 3686 3221 ita
3712 3148 3790 3200 dis-

2289 3221 2453 3293 solvit
2481 3220 2850 3277 'l‘lieodoretus
2874 3267 2890 3293 ,
2929 3231 2989 3277 ut
3023 3224 3168 3277 dicat
3203 3223 3376 3277 Deum
3422 3237 3523 3276 non
3565 3220 3792 3293 indiguus;

2209 3292 2257 3356 C
2289 3292 2661 3347 laudatoribus
2682 3334 2697 3357 ,
2747 3289 3195 3361 quemadmodum
3229 3309 3303 3349 ne
3332 3307 3473 3348 nunc
3506 3291 3692 3359 quidem
3718 3289 3793 3361 illis
3882 3289 3883 3347 l

2289 3378 2423 3433 opus
2469 3364 2647 3435 habet.
2700 3359 2905 3419 Deinde
2932 3368 3094 3419 etiam
3143 3366 3197 3419 bi
3239 3365 3334 3435 qui
3376 3359 3794 3435 statuuntangelos

2285 3428 2438 3504 prius
2461 3433 2627 3489 faetos
2649 3448 2790 3506 esse,
2815 3435 3031 3489 diffiteri
3057 3445 3234 3490 tamen
3257 3428 3530 3506 nequeunt
3552 3432 3693 3506 Deum
3713 3428 3789 3481 illis

2287 3506 2457 3576 ntttlto
2477 3520 2690 3574 semper
2711 3504 2876 3560 fuisse
2897 3508 3289 3576 antiquiorem;
3319 3504 3381 3560 ac
3404 3504 3612 3572 proinde
3634 3513 3794 3564 semper

2284 3575 2451 3630 fuisse
2477 3585 2688 3645 tempus
2708 3576 2923 3644 aliquod
2945 3592 3050 3647 quo
3075 3580 3213 3633 Deus
3237 3577 3595 3633 laudatoribus
3612 3577 3791 3628 careret.

2284 3662 2573 3717 numquam
2601 3657 2773 3703 tamen
2796 3648 3080 3717 indigeret.

2834 3740 2970 3797 Coll.
3000 3741 3033 3796 8
3062 3756 3181 3812 cap.
3215 3741 3308 3797 i0.

2287 3832 2524 3886 Priorem
2559 3832 2753 3887 diaboli
2798 3834 3023 3903 lapsum,
3062 3850 3161 3902 quo
3190 3832 3528 3904 superbieudo
3565 3834 3791 3904 corruerﬂ.

2354 3921 2453 3974 quo
2472 3905 2625 3958 etiam
2641 3899 3116 3976 serpens'meruerat
3138 3899 3450 3975 nuncupari,
3472 3901 3667 3957 secundo
3683 3899 3793 3976 ruina
3882 3899 3883 3971 l

2356 3967 2446 4043 per
2470 3967 3009 4030 inuidiam'subsecuta
3028 3986 3121 4041 est;
3141 3991 3255 4044 qua:
3282 3967 3533 4028 inveniens
3551 3986 3651 4024 eum
3669 3967 3793 4044 aditur

2354 4040 2553 4117 aliquid
2577 4046 2631 4117 in
2654 4062 2759 4099 sese
2782 4057 2974 4100 rectum
2997 4040 3280 4109 habentem,
3315 4047 3386 4117 ita
3416 4054 3478 4117 ut
3498 4044 3635 4096 etiam
3663 4040 3792 4117 cujus-

2355 4109 2474 4189 dam
2502 4116 2746 4180 colloquii
2772 4129 2924 4183 atque
2960 4118 3163 4189 consilii
3190 4114 3545 4189 _cuntltomin_e_
3568 4118 3709 4189 posset
3724 4109 3793 4189 lia-

2354 4188 2469 4241 bere
2507 4181 2850 4252 consortium,
2887 4188 3135 4240 sententia
3179 4185 3394 4240 Domini
3436 4181 3686 4252 uliliterin
3717 4181 3791 4229 ima

2354 4259 2556 4328 dejrcit,
2581 4268 2635 4310 ut
2661 4274 2759 4310 non
2772 4251 2887 4327 jam
2907 4259 3038 4311 sicut
3060 4266 3187 4328 ante
3208 4256 3424 4310 sublime
3442 4251 3625 4319 aliquid
3643 4252 3791 4328 intuens

2353 4326 2577 4383 excelsus
2607 4326 2877 4392 incederet,
2914 4328 3002 4381 sed
3032 4337 3084 4380 ut
3111 4326 3220 4380 solo
3255 4328 3511 4380 conterens
3546 4330 3728 4393 reperet,
3758 4326 3791 4369 et

2354 4399 2651 4454 humiliatus
2665 4415 2814 4469 super
2835 4409 3055 4452 uentrem
3075 4399 3289 4453 terrenis
3304 4399 3535 4451 vitiorum
3551 4393 3662 4448 escis
3679 4400 3789 4457 atque

2354 4471 2588 4539 operibus
2625 4478 2938 4540 posceretur.

2300 4582 2309 4615 μ
2354 4560 2576 4632 (Annal.
2611 4560 2723 4629 1'5.)
2770 4560 3049 4617 Geminam
3096 4557 3312 4614 diabolo
3358 4558 3555 4614 ruinam
3589 4554 3640 4632 in
3679 4550 3788 4604 hisce
3882 4550 3883 4599 ἲ

2281 4625 2462 4689 verbis
2490 4632 2671 4686 tribuit
2693 4625 2856 4686 abbas
2878 4634 3146 4686 Serenus:
3176 4632 3408 4698 priorem
3432 4625 3692 4693 superbiae.
3713 4632 3787 4687 qna
3882 4684 3883 4691 γ

2206 4673 2260 4734 D
2289 4673 2347 4759 iri
2373 4704 2566 4758 coelum
2600 4702 2917 4765 ascendere,
2958 4717 3119 4771 super
3149 4673 3290 4755 a'stra
3326 4702 3416 4755 Dei
3454 4673 3630 4753 siilium
3670 4706 3786 4769 suum

2287 4776 2544 4834 exaltare,
2577 4785 2630 4827 et
2667 4774 2945 4827 AltiSsimo
2973 4772 3165 4826 similis
3192 4787 3315 4826 esse
3356 4771 3540 4831 voluit;
3578 4771 3786 4835 posterto:

2414 4824 2801 4912 invidiane—ui
3236 4824 3473 4912 generis
3497 4824 3720 4912 auc-tores.
3737 4824 3784 4881 ad

2325 4914 2615 4970 eccandum
2647 4900 2890 4967 'in'dux'it.
2924 4913 3084 4968 Addit
3132 4900 3365 4981 quotfue,
3398 4919 3512 4964 ante
3554 4900 3783 4981 secundant

2306 4969 2423 5039 tunc
2454 4984 2669 5039 invidiae
2697 4984 2935 5048 ruinam,
2971 4969 3429 5038 fuisse-adlinc'iu
3459 4969 3781 5053 dzntnoneftlij

2284 5057 2412 5126 quid
2435 5055 2793 5118 rectitudinis,
2812 5070 2970 5123 quam
2995 5057 3295 5126 posteriore
3319 5054 3404 5108 illa
3427 5050 3783 5126 transgressione

2287 5112 2557 5181 amiserit:
2601 5112 2795 5192 nempe
2831 5112 2958 5179 cum
2996 5112 3261 5179 Dominus
3305 5126 3377 5180 illi
3418 5112 3805 5195 dicerét,_Sugtr,

2288 5207 2464 5267 pectus
2491 5208 2633 5249 tuum
2662 5181 2935 5267 grjzdieris,
2968 5207 3229 5267 atterram
3254 5194 3477 5267 comedes
3502 5181 3672 5267 cunctis
3701 5181 3804 5267 dig?

2288 5254 2380 5321 itus
2409 5270 2522 5320 vita:
2547 5254 2825 5333 tuchen.
2859 5254 2957 5333 ut).
2982 5263 3281 5334 Utrumque
3306 5267 3405 5318 boc
3426 5263 3535 5334 loco
3560 5254 3690 5334 nobis
3707 5254 3783 5334 ert}

2289 5329 2693 5391 excutiendum.
2726 5338 2803 5389 Ac
2845 5329 3072 5403 primum
3119 5329 3334 5403 quidem
3364 5331 3496 5403 quod
3521 5329 3580 5383 ad
3621 5329 3780 5403 ruinam

2291 5406 2551 5461 daunoois
2580 5409 2800 5470 attinet,
2832 5398 2961 5459 illud
3010 5407 3060 5459 in
3092 5398 3341 5461 confesso
3380 5398 3460 5479 est
3488 5403 3659 5479 ipsum.
3688 5398 3779 5479 {ull}

2292 5478 2361 5532 sit
2407 5478 2663 5545 Spiritatis
2710 5485 2765 5531 et
2804 5477 3438 5549 incorporeusrpropria
3484 5470 3779 5549 θειὶοηθᾘῗη

2293 5539 2533 5618 potuisse
2585 5561 2811 5618 peccare
2859 5539 2977 5601 nisi
3013 5539 3356 5618 duplici'illo
3400 5539 3582 5618 peccati
3608 5539 3796 5618 gcngtf.‘

2294 5599 2557 5686 superbia:
2583 5599 2833 5671 videlicet
2876 5599 2927 5672 et
2950 5599 3191 5681 invidia),
3224 5599 3361 5678 quod
3401 5599 3645 5686 utriusque
3668 5599 3797 5686 Olllf“

2290 5666 2441 5745 alia;
2457 5666 2555 5756 ῐὶὶῐ
2577 5666 2807 5757 nam
2818 5666 2905 5742 ἐίῐ
2916 5666 3193 5758 sanans;
3230 5666 3385 5758 illius
3406 5666 3614 5758 ἧίιίάθὲῑι
3646 5666 3777 5758 “951.2

2290 5734 2730 5828 lenii-aprorum,
2752 5734 2921 5827 liuius
2956 5734 3501 5813 Iautem",cxcellcnjtia
3544 5734 3774 5828 alienati?!

2290 5812 2516 5901 impedit
2546 5812 2805 5883 nostram.
2836 5812 3083 5883 Kliorum
3116 5843 3243 5883 vero
3272 5812 3585 5897 peccatorum

2291 5879 2431 5963 ξίιίἵὶ
2442 5879 3481 5977 sicaniae;cun;'ps‘..,‘.‘.i.};.....
3509 5879 3716 5959 tangendi
3738 5883 3774 5931 et
