3966 6332
127 295 212 354 349
873 289 935 346 Ρ.
971 287 1268 345 CIACONII
1309 287 1646 344 OBSERVA'

1755 287 1884 343 NES
1921 288 1986 342 ΙΝ
2025 287 2075 343 .l.
2119 287 2536 347 CASSIANUM.

3237 291 3347 354 350

129 403 3335 439 —————_——_——_—.————-——————-—

403 522 490 598 P.
546 511 1028 589 CIACONII
1079 512 2012 586 OBSERVATIONES
2066 513 2183 587 IN
2233 514 2324 590 J.
2383 513 3021 588 CASSIANUM.

179 748 412 820 Quoniam
442 741 687 820 Gelasius
729 739 974 820 pontifex
1003 740 1275 820 maximus
1325 741 1380 795 in
1423 740 1658 820 concilio
1688 742 1737 800 A
1767 757 1886 820 _rum
1914 756 2294 820 summumque
2328 743 2544 804 bonum.
2574 759 2769 820 nempe
2786 743 2980 820 Deum,
3008 759 3112 820 non
3146 745 3348 801 refere-

129 813 570 892 70~episc0p_0rum
601 813 822 892 Joanitis
869 813 1106 892 Cassiani
1133 827 1297 882 opera
1346 813 1656 892 apocrypha

125 885 356 968 judicavit,
381 885 535 968 idque
561 903 620 968 ea
649 887 854 968 ratione
903 885 1265 968 potissimum,
1297 885 1440 968 quod
1472 885 1655 968 collat.

131 957 180 1021 i5
201 966 394 1028 aliisque
420 957 548 1013 locis
580 957 646 1012 de
675 959 842 1026 gratia
875 970 925 1012 et
956 957 1124 1028 libero
1173 957 1403 1010 hominis
1433 957 1657 1008 arbitrio

130 1054 247 1093 more
273 1027 663 1100 Pelagianorum
698 1031 932 1100 loculus,
961 1043 990 1080 a
1027 1027 1294 1100 Prostiero
1315 1027 1652 1100 Aquitanica,

127 1111 284 1176 scripto
315 1097 564 1176 adversus
608 1115 731 1176 eum
764 1097 1234 1176 libro._c0nvictus
1264 1103 1447 1176 esset,_
1485 1098 1646 1176 digiti;

129 1169 330 1235 ciendum
358 1172 475 1242 quid
527 1173 578 1224 in
611 1171 728 1238 ejus
756 1170 973 1238 Scriptis
1007 1170 1369 1237 respuendum
1405 1169 1653 1242 sit,_quid

128 1261 266 1305 autem
290 1239 415 1315 piam
446 1243 685 1315 recipere
725 1243 1467 1315 possit_interpretatiOnetn.
1513 1239 1652 1293 Loca

129 1323 250 1392 igitur
292 1312 459 1367 omnia
485 1328 606 1392 quae
660 1313 1048 1392 i’elagianismi.
1087 1312 1444 1392 suspicionem
1494 1326 1656 1392 gene-

129 1383 218 1445 rare
243 1396 458 1457 possent,
491 1386 738 1439 undecim
790 1383 1248 1452 propositionibus
1299 1385 1656 1450 comprehen-

127 1462 237 1516 datu.

361 1546 568 1602 PRIMA
595 1544 906 1602 CASSIANI
939 1543 1360 1600 PROPOSITIO.

179 1663 452 1734 Priusquam
493 1663 724 1727 primam
759 1661 1180 1734 propositionem
1232 1659 1319 1715 hic
1349 1661 1650 1734 ascribam,

131 1738 229 1794 illttd
255 1731 687 1789 comnionendum
713 1734 925 1787 videtur
960 1752 968 1784 :
997 1733 1220 1786 liberum
1249 1731 1482 1784 hominis
1507 1732 1650 1786 arbi-

132 1810 251 1864 trium
277 1807 334 1859 ad
358 1807 579 1876 gloriam
612 1805 1043 1874 promerendam,
1073 1803 1157 1857 vel
1187 1803 1251 1855 ad
1289 1804 1513 1872 gratiam
1559 1819 1655 1854 an-

127 1880 323 1951 gendam,
375 1877 606 1946 Spiritus
639 1880 808 1951 sancti
867 1876 1385 1951 gratia-inhaerente
1436 1876 1651 1951 penitus

129 1946 341 2018 indigere;
373 1963 542 2018 neque
571 1958 736 2002 totam
772 1949 942 2015 legem
970 1948 1061 2001 Dei
1096 1946 1318 2014 implere
1346 1960 1505 2012 posse
1537 1949 1650 1999 suis

129 2022 301 2084 viribus,
316 2035 478 2088 neque
497 2021 565 2073 ad
588 2024 812 2089 gratiam
831 2035 890 2072 se
913 2033 1216 2088 praeparare
1236 2032 1302 2070 ex
1326 2019 1644 2087 propinquo,

128 2095 201 2148 nisi
224 2093 428 2160 Spiritus
470 2094 643 2144 sancti
678 2095 915 2145 motiune
946 2092 1310 2144 snblevatum:
1341 2104 1516 2156 neque
1547 2090 1644 2142 de-

127 2179 235 2218 mum
274 2162 456 2226 aliquid
507 2163 651 2225 quod
682 2162 747 2216 ad
777 2174 1032 2215 :eternam
1061 2161 1290 2215 salutem
1319 2168 1548 2226 spectet,
1575 2175 1643 2214 ex

125 2238 261 2301 seipse
283 2234 409 2287 velle
435 2248 528 2287 seu
560 2234 761 2300 facere,
786 2248 888 2303 qua
920 2233 988 2286 de
1019 2247 1176 2284 causa
1199 2231 1458 2303 Dominus
1489 2231 1644 2292 dixit,

127 2307 222 2362 Sine
244 2322 311 2360 me
343 2303 463 2357 nihil
497 2305 711 2376 potestis
744 2301 943 2373 facere;
971 2316 1158 2357 cnntra
1195 2317 1322 2354 vero
1355 2301 1446 2376 Dei
1477 2305 1648 2376 gratia

126 2375 447 2432 communitum
497 2372 622 2430 hanc
664 2372 840 2429 omnia
887 2390 1044 2445 posse
1095 2383 1372 2442 praestare.
1406 2372 1479 2426 Ita
1514 2374 1653 2427 fitut

127 2457 282 2503 sancta:
307 2449 535 2501 actiones
567 2463 628 2500 ac
660 2457 803 2503 recte.
834 2447 968 2500 facta
999 2459 1173 2515 neque
1195 2447 1300 2498 sint
1331 2446 1502 2496 solius
1531 2460 1650 2512 gra-

127 2521 190 2573 tia
216 2535 361 2587 neque
390 2519 562 2572 solius
589 2519 740 2573 liberi
770 2517 1115 2582 arbitrii,sed
1145 2518 1441 2582 utriusque.
1465 2533 1654 2582 quem-

127 2591 356 2644 admodum
402 2600 612 2644 rectum
646 2595 746 2645 iter
784 2591 1069 2644 centicitur
1099 2597 1151 2641 et
1182 2587 1476 2657 gradientis
1526 2589 1648 2657 equi

127 2661 270 2716 labore
295 2670 342 2716 et
367 2663 570 2730 equ'tis
599 2661 874 2727 dirigentis
904 2661 1180 2714 industria.
1215 2657 1480 2712 Caeterum
1512 2675 1649 2728 prm-

128 2741 186 2787 ter
206 2734 299 2786 htee
321 2747 477 2801 opera
503 2748 651 2787 verte
676 2733 895 2802 iustitiae
926 2733 1134 2797 intima,
1167 2739 1289 2802 sunt
1314 2741 1366 2783 et
1398 2731 1498 2782 alia
1529 2747 1650 2799 quze

127 2818 203 2856 non
225 2814 395 2870 potest,
424 2813 604 2869 potest
633 2801 807 2858 tamen
840 2804 1118 2868 nottnnila,
1143 2801 1378 2870 alioquin
1413 2817 1517 2854 non
1545 2805 1627 2854 dd'

125 2873 251 2929 ferret
281 2891 306 2926 a
343 2885 571 2928 mortuo.
637 2876 878 2928 Tuentnr
929 2875 1066 2928 hanc
1112 2873 1456 2935 sententiam,
1515 2876 1654 2928 inter

125 2945 418 2999 scltolastictts
445 2948 502 3001 S.
543 2945 738 3000 Thom.
770 2944 866 3000 1-2
891 2954 1080 3015 quaast.
1116 2943 1347 3015 1097a“.
1382 2944 1438 3011 ‘2,
1473 2953 1527 2998 et
1555 2945 1652 2998 2-2

126 3026 272 3084 quaest.
310 3019 364 3072 l0
391 3028 492 3070 art.
535 3016 590 3085 4,
624 3027 676 3071 et
707 3014 994 3083 utrobique
1017 3016 1133 3081 Cai.
1172 3014 1385 3067 Alensis
1420 3025 1560 3082 part.
1597 3032 1651 3070 tu

124 3087 346 3155 qutest.ti9
377 3089 608 3142 membr.
639 3088 671 3141 '5
699 3098 800 3142 art.
831 3089 866 3142 '5
887 3088 951 3140 ad
977 3087 1158 3149 linem,
1185 3085 1456 3144 Bonaven.
1491 3087 1582 3140 lib.
1615 3102 1653 3142 ιι

124 3161 237 3211 Sent.
265 3160 487 3214 distinct.
516 3160 595 3214 ‘28
624 3170 727 3214 art.
751 3161 808 3229 ‘2,
833 3171 880 3209 et
911 3158 1094 3212 cteteri
1135 3159 1248 3210 fere
1276 3173 1485 3229 omnes.
1542 3159 1652 3211 Ho-

125 3245 211 3284 rum
235 3231 471 3286 doctrina:
501 3231 688 3286 favent
719 3228 958 3300 plerique
988 3230 1300 3300 Patres.7ac
1324 3228 1555 3296 primum
1590 3229 1650 3286 S.

127 3300 381 3373 llieronym.
403 3304 492 3356 lib.
523 3319 586 3358 ιιι
611 3299 794 3358 contra
827 3302 1160 3373 Pelagianos.
1179 3299 1291 3354 Hoc
1320 3308 1422 3363 est,
1458 3302 1650 3368 inquit,

125 3373 231 3440 quod
259 3372 338 3427 tibi
377 3374 424 3427 in
463 3375 732 3444 principio
762 3375 1026 3438 dixeram,
1057 3372 1109 3424 in
1141 3381 1326 3424 nostra
1361 3384 1481 3425 esse
1513 3375 1654 3442 posi—

126 3450 206 3514 tum
229 3453 467 3513 potestate
496 3446 587 3499 Vt'l
615 3461 838 3514 peccare
863 3445 940 3498 vel
968 3457 1074 3496 non
1124 3455 1368 3510 peccare,
1396 3450 1454 3514 et
1475 3444 1557 3498 vel
1586 3445 1650 3498 ad

1765 811 1910 866 bant.
1939 811 2097 866 Juxta
2131 812 2269 867 hanc
2299 824 2607 868 sanctorum
2641 811 2857 870 Patrum
2903 815 3201 871 doctrinam
3254 833 3350 873 ex-

1770 883 1892 957 peni
1926 897 2082 952 posse
2109 885 2321 957 videtur
2356 885 2423 940 de
2451 888 2637 940 tnorali
2667 889 2837 941 solum
2879 887 3026 941 bono
3057 889 3225 957 prima
3256 890 3344 943 illa

1761 954 2002 1030 Cassiani
2035 956 2348 1024 prepositio,
2386 957 2637 1012 videlicet
2667 977 2678 1011 :
2707 989 2779 1030 -έ-
2808 957 2970 1012 Posse
3020 954 3114 1014 nos
3146 959 3342 1030 aliquid

1761 1025 1879 1078 boni
1905 1026 2031 1078 velle
2049 1037 2093 1078 et
2117 1030 2288 1096 facere
2314 1044 2376 1080 ex
2407 1039 2605 1082 natura:
2630 1029 2837 1083 uiribus.
2869 1060 2936 1070 —
2966 1031 3080 1086 Hoc
3100 1025 3241 1086 enim
3269 1029 3350 1084 af-

1762 1095 1939 1171 firmat
1969 1095 2150 1171 collat.
2177 1101 2254 1171 _‘25
2274 1113 2390 1162 cap.
2423 1099 2479 1163 2,
2507 1110 2558 1154 et
2582 1103 2758 1152 collat.
2791 1101 2856 1155 l3
2875 1116 2994 1171 cap.
3026 1101 3080 1165 4,
3115 1105 3146 1156 5
3172 1114 3223 1156 et
3253 1103 3342 1156 η.

1761 1167 1964 1234 Quibus
1991 1169 2124 1222 locis
2159 1169 2302 1223 illum
2329 1172 2395 1224 de
2425 1173 2612 1226 morali
2640 1173 2778 1226 bono
2805 1167 3038 1226 locutum
3064 1188 3184 1228 esse
3217 1174 3343 1228 inde

1761 1241 2099 1307 perspicuum
2133 1250 2234 1309 est,
2267 1241 2409 1311 quod
2441 1242 2567 1295 alibi
2599 1259 2703 1296 non
2732 1244 2898 1298 semel
2932 1252 3090 1311 negat
3119 1260 3217 1299 nos
3243 1246 3340 1297 ali-

1758 1311 1885 1378 quid
1913 1325 1974 1364 ex
2010 1312 2276 1367 nobisant
2325 1313 2608 1381 perficere,
2640 1325 2732 1367 aut
2765 1315 3022 1381 incipere,
3069 1326 3158 1368 aut
3199 1316 3343 1371 velle

1762 1396 1940 1453 posse,
1976 1381 2076 1435 uisi
2106 1383 2242 1436 Deus
2274 1385 2590 1446 Opituletur.
2637 1385 2767 1453 Quae
2817 1386 3031 1450 quidem
3082 1396 3204 1453 apte
3236 1403 3344 1442 non

1757 1452 2055 1525 cohaerent,
2110 1454 2208 1506 nisi
2263 1456 2555 1525 pOStcriora
2609 1452 2721 1510 haec
2753 1457 2820 1511 de
2844 1457 2879 1510 b
2902 1474 2987 1510 inn
3017 1452 3156 1520 quod
3185 1457 3344 1510 Chri-

1759 1524 1946 1596 stiana.-
1975 1524 2193 1591 justitiaa
2215 1524 2296 1579 est
2322 1529 2588 1591 intimum,
2614 1538 2973 1596 exponuntur,
3004 1528 3182 1596 priora
3213 1543 3345 1583 vero

1760 1593 1847 1648 illa
1874 1595 1941 1649 de
1975 1597 2200 1649 honesto
2229 1598 2612 1666 moi-aliterque
2642 1593 2915 1653 laudabili.
2951 1593 3190 1654 Tametsi
3237 1613 3342 1653 non

1757 1668 1998 1739 negarim
2050 1667 2368 1721 Cassianum
2407 1669 2532 1722 licet
2571 1671 2638 1723 de
2669 1671 2766 1722 liae
2797 1671 2906 1739 ipsa
2964 1686 3019 1723 re
3051 1688 3154 1722 tton
3203 1672 3347 1725 male

1757 1738 2103 1811 sentientem,
2136 1739 2201 1791 ad
2233 1756 2349 1792 cam
2396 1749 2568 1811 tamen
2603 1738 2936 1811 probandam
2977 1741 3160 1795 collat.
3196 1745 3263 1797 15
3289 1757 3340 1794 c.

1760 1806 1827 1880 12
1847 1810 2072 1860 abusum
2099 1819 2388 1880 utcumque
2419 1810 2585 1865 fuisse
2603 1806 2869 1880 'exetnplo
2901 1814 3063 1866 David
3105 1813 3172 1865 de
3217 1813 3348 1867 tedi-

1758 1879 1967 1932 llcando
1993 1879 2215 1953 templo,
2244 1879 2532 1951 cogitantis
2565 1898 2629 1936 ex
2655 1879 2981 1953 semetipso;
3011 1885 3211 1939 etenim
3239 1899 3342 1938 non

1754 1951 2169 2025 exqsemetipw.
2203 1954 2294 2006 sed
2327 1969 2391 2008 ex
2441 1954 2530 2007 Dei
2563 1955 2735 2023 gratia
2779 1955 2829 2007 id
2854 1951 3122 2022 cogitasse
3151 1955 3346 2025 proba-

1757 2022 1914 2075 bilius
1946 2033 2027 2076 est
2052 2032 2268 2093 propter
2298 2025 2464 2094 ipsius
2492 2022 2674 2095 operis
2701 2025 3038 2096 religionem.

1967 2139 2288 2195 SECUNDA
2333 2140 2642 2197 CASSIANI
2701 2141 3125 2198 PROPOSITIO.

1828 2229 1933 2285 Per
1946 2231 2160 2304 aliquod
2187 2243 2320 2287 recte
2348 2234 2538 2304 factum
2567 2251 2629 2287 ac
2661 2233 2844 2287 bonum
2868 2237 3177 2288 voluntatem
3197 2251 3340 2305 posse

1755 2319 1846 2376 nos
1871 2320 1932 2358 ex
1957 2305 2099 2358 nobis
2147 2316 2419 2373 utcumque
2457 2308 2524 2358 ad
2554 2307 2773 2376 gratiam
2803 2322 3113 2376 prmpnrare.
3161 2306 3235 2358 ita
3286 2315 3341 2358 ut

1757 2374 1986 2444 Spiritus
2005 2379 2167 2428 sancti
2189 2378 2461 2430 motionem
2481 2374 2714 2430 voluntas
2739 2374 2991 2430 interdum
3014 2384 3188 2430 nostra
3212 2392 3344 2444 pra!-

1756 2447 2101 2500 reniat.—lta
2134 2448 2346 2502 videtur
2371 2449 2567 2502 docere
2594 2449 2683 2502 lib.
2713 2463 2788 2502 xu
2817 2449 2881 2501 de
2904 2448 3075 2501 lnstit.
3100 2446 3342 2502 Renunt.

1754 2531 1804 2584 c.
1844 2519 1928 2581 Η,
1980 2519 2162 2572 collat.
2192 2520 2294 2572 7c.
2327 2520 2380 2574 7.
2405 2521 2531 2574 coll.
2564 2519 2629 2573 15
2672 2536 2720 2573 e.
2757 2519 2809 2582 7,
2862 2520 2918 2584 9,
2965 2519 3050 2582 Η,
3082 2519 3148 2572 12
3175 2529 3230 2573 et
3255 2520 3340 2573 ii.

1757 2583 1882 2660 Haec
1915 2591 2149 2642 secunda
2177 2591 2489 2660 propositio,
2519 2602 2576 2644 ttt
2603 2583 2940 2660 intelligatur
2961 2591 3246 2658 catltolice,
3282 2592 3345 2642 il-

1758 2659 1846 2731 lud
1882 2661 2214 2726 prail’andum
2274 2659 2380 2726 est,
2422 2663 2686 2731 duplicem
2718 2679 2744 2714 a
2774 2659 3041 2730 theologis
3087 2661 3344 2730 distingui

1756 2729 2163 2798 dispositionem
2195 2748 2288 2786 seu
2311 2729 2756 2802 praeparationem
2781 2729 3094 2803 ad'gratiam
3124 2751 3134 2784 :
3166 2729 3345 2786 remo-

1758 2810 1865 2873 tam
1915 2819 2099 2867 unam,
2131 2819 2248 2873 quas
2291 2819 2384 2872 per
2409 2820 2570 2872 Opera
2616 2805 2864 2866 quzrtlatn
2897 2805 3175 2857 moraliter
3205 2805 3342 2857 bona

1758 2871 1872 2927 lieri
1902 2875 2065 2938 solet,
2100 2871 2368 2942 tamquam
2403 2871 2612 2928 initium
2645 2875 2914 2944 quoddam
2972 2873 3234 2928 redeundi
3276 2874 3344 2929 ad

1760 2944 1927 3000 Deum
1957 2948 2114 3014 eique
2143 2947 2574 3016 obteinperandi,
2609 2946 2736 2999 dum
2789 2946 3086 2999 naturalem
3109 2946 3231 3014 quis
3261 2961 3344 3000 ra-

1756 3019 1979 3082 tionem,
2011 3017 2153 3085 quod
2186 3022 2269 3071 est
2312 3018 2488 3072 lumen
2522 3020 2706 3072 vultus
2748 3017 2912 3070 divini
2944 3019 3208 3084 signatum
3243 3032 3338 3070 su-

1759 3102 1854 3156 per
1882 3104 1999 3152 nos,
2033 3098 2176 3141 recte
2203 3089 2402 3156 aliquid
2435 3089 2642 3158 agendo
2672 3089 2859 3157 incipit
2881 3088 3102 3142 audire:
3137 3103 3238 3154 qua
3270 3103 3343 3142 ex

1758 3174 1818 3214 re
1867 3159 2170 3228 aliqualiter
2218 3161 2440 3212 idoneus
2469 3160 2702 3214 eflleitnr
2738 3161 2821 3212 cui
2857 3159 2998 3212 Deus
3045 3159 3344 3227 opituletur

1757 3229 1822 3283 ad
1855 3245 2003 3283 suam
2045 3231 2288 3300 gratiam,
2315 3234 2746 3300 eon~cqttendatn
2775 3272 2788 3295 ,
2834 3245 2954 3283 cum
2999 3229 3046 3282 ei
3112 3231 3343 3284 docilem

1759 3301 2200 3364 tractabilcmque
2223 3299 2396 3370 aliqua
2430 3299 2682 3373 exparte
2713 3317 2774 3373 se
2800 3307 3062 3368 prmbeat;
3097 3301 3342 3367 alteram,

1757 3388 1915 3442 quam
1950 3374 2222 3440 appellant
2253 3372 2547 3436 proximam
2576 3372 3007 3441 dispositionem,
3041 3387 3160 3440 qute
3193 3373 3244 3425 in
3277 3389 3342 3423 vo

1761 3443 1928 3511 posita
1955 3453 2055 3507 est,
2085 3453 2141 3496 ttt
2167 3444 2377 3497 animus
2398 3455 2580 3498 noster
2609 3444 2785 3497 divina
2809 3459 2909 3512 ope
2936 3444 3198 3498 Subnian
3225 3459 3344 3496 cre-

126 3513 279 3567 bonum
305 3517 380 3569 vel
411 3517 474 3570 ad
508 3513 712 3570 malum
743 3516 1035 3570 extendere
1063 3530 1305 3578 manum,
1338 3525 1394 3567 ut
1425 3513 1650 3569 liberum
1683 3517 1727 3580 C
1758 3514 1848 3568 dat
1875 3558 1884 3576 ,
1912 3522 2112 3583 speret,
2141 3525 2194 3568 et
2229 3514 2416 3583 diligat
2460 3516 2624 3569 Deum
2667 3525 2726 3569 ttt
2750 3525 2962 3584 oportet
2987 3557 3001 3578 ,
3045 3525 3097 3567 et
3125 3527 3345 3584 propter

124 3595 320 3638 servetur
365 3588 685 3652 arbitrium;
739 3589 831 3641 sed
865 3586 964 3639 hoc
994 3600 1089 3653 pro
1117 3584 1276 3639 modo
1315 3595 1367 3637 et
1411 3597 1655 3656 tempore

121 3664 160 3708 et
182 3657 457 3712 conditione
487 3658 798 3728 fmgilitatis
822 3661 1089 3721 humanae,
1121 3657 1532 3726 perpetuitatem
1563 3675 1658 3711 au-

123 3733 200 3779 tem
223 3727 693 3796 impeccantim’soli
718 3730 980 3784 reservari
1007 3728 1136 3793 Deo,
1153 3738 1206 3782 et
1232 3729 1280 3784 ei
1303 3729 1390 3798 qui
1417 3727 1654 3784 Verbum

120 3812 220 3869 caro
242 3801 414 3865 lactus,
445 3800 632 3855 carnis
653 3801 977 3854 detrimenta
1003 3809 1055 3852 et
1081 3811 1294 3868 peccata
1332 3815 1435 3854 non
1465 3810 1652 3869 pertu-

121 3868 293 3941 liLNec
315 3873 432 3938 quia
463 3873 530 3927 ad
570 3874 733 3926 breve
761 3887 1002 3941 possunt,
1043 3886 1200 3940 coges
1249 3886 1335 3925 me
1365 3882 1425 3926 ut
1457 3868 1652 3935 possim

116 3936 288 4014 iugiter.
304 3936 522 3997 Possum
555 3936 826 4013 jejunarc,
850 3936 1091 4014 vigilare,
1112 3936 1421 4014 ambulare.
1449 3944 1651 4010 legere,

115 4011 318 4083 psallere.
347 4011 568 4078 sedere,
595 4017 862 4076 dormire;
911 4011 1166 4080 numquid
1209 4014 1260 4066 in
1293 4022 1604 4083 perpetuum
1629 4017 1652 4071 ἲ

120 4080 169 4156 Et
187 4082 432 4151 aliquanto
454 4087 709 4156 superius
737 4103 749 4137 :
784 4085 895 4138 Hoc
915 4095 969 4139 et
998 4099 1097 4138 nos
1123 4080 1349 4138 dicimus-
1375 4080 1531 4153 posse
1555 4085 1654 4140 ho-

118 4153 273 4225 minem
299 4170 398 4209 non
426 4153 680 4225 peccare,
709 4156 752 4211 si
781 4157 932 4220 velit,
960 4171 1060 4224 pro
1083 4165 1343 4223 tempore.
1377 4171 1472 4223 pro
1505 4158 1645 4221 loco,

117 4235 190 4295 ltro
233 4221 590 4283 imbecillitate
643 4221 928 4295 corporea,
962 4221 1234 4295 'quamdin
1277 4221 1515 4282 intentus
1565 4241 1648 4284 est

114 4293 301 4366 animus,
348 4299 608 4366 quamdiu
654 4293 854 4353 chorda
911 4293 1062 4352 nullo
1103 4297 1230 4351 vitio
1259 4298 1468 4354 laxatur
1502 4301 1646 4355 inci-

115 4361 260 4441 litera;
287 4361 419 4441 quod
445 4369 490 4424 si
525 4369 798 4438 paululum
831 4383 891 4424 se
922 4370 1209 4434 remiserit,
1240 4369 1510 4441 quomodo
1557 4374 1647 4441 qui

114 4435 296 4492 adverso
316 4435 541 4496 llutnine
570 4442 804 4495 lembum
830 4441 1016 4504 trahit,
1049 4443 1090 4492 si
1119 4440 1388 4494 remiserit
1432 4435 1642 4507 manus,

113 4509 253 4581 statim
282 4514 645 4576 retrolabitur,
685 4524 739 4566 et
761 4513 1047 4566 liuentibus
1076 4515 1228 4581 aquis
1259 4527 1366 4580 quo
1399 4530 1500 4564 non
1536 4511 1647 4568 vult

114 4574 298 4656 ducitur.
322 4585 409 4656 sic,
427 4574 665 4638 humana
697 4583 936 4638 conditio
957 4582 1001 4635 si
1034 4574 1303 4656 pau'lulttn't
1331 4599 1390 4636 se
1424 4587 1644 4638 remise-

115 4651 179 4711 rit,
216 4651 361 4708 discit
388 4655 734 4724 fragilitatem
767 4669 938 4718 suam,
983 4663 1038 4706 et
1067 4654 1234 4708 multa
1260 4670 1318 4706 se
1350 4670 1455 4707 non
1487 4669 1643 4722 posse

112 4724 354 4793 cognoscit.
370 4725 534 4779 Multa
558 4729 611 4779 in
637 4725 882 4780 eamdem
905 4726 1230 4779 sententiam
1261 4725 1522 4793 Origenes
1549 4727 1639 4782 lib.

112 4799 139 4864 tt
163 4796 202 4842 in
225 4792 383 4859 Epist.
407 4798 471 4850 ad
509 4797 668 4852 Rom.
697 4813 818 4864 cap.
854 4811 912 4856 ll,
941 4805 1103 4861 atque
1132 4796 1318 4851 bomil.
1353 4792 1386 4852 6
1413 4805 1467 4851 et
1499 4797 1563 4851 14
1586 4798 1638 4852 in

1758 3601 1880 3640 eum
1921 3599 2195 3656 peccatum
2229 3601 2389 3640 omne
2416 3589 2732 3640 detestetur.
2771 3585 3082 3654 llujusmodi
3127 3600 3338 3654 praepa-

1760 3661 2022 3728 rationem
2047 3657 2359 3711 Tridentina
2412 3657 2649 3728 synodus
2680 3673 2815 3711 sesc.
2848 3657 2882 3711 6
2911 3672 2960 3711 c.
3000 3657 3032 3712 6
3060 3658 3340 3724 describit,

1758 3727 2046 3797 subditqne
2073 3729 2244 3795 c:-p.7
2281 3745 2293 3780 :
2330 3727 2476 3782 lianc
2504 3731 2908 3797 dispositionem
2942 3744 3036 3783 seu
3075 3743 3344 3796 praepara-

1760 3801 1959 3853 tionetn
2001 3801 2314 3868 justilicatio
2351 3803 2461 3870 ipsa
2508 3803 2890 3870 Consequitur;
2945 3815 3064 3866 quae
3114 3814 3218 3853 non
3261 3808 3344 3853 est

1757 3872 1867 3924 sola
1901 3882 2244 3939 peccatorum
2277 3873 2545 3938 remissio,
2575 3871 2668 3925 sed
2700 3883 2750 3924 ct
2781 3872 3153 3937 sanctiﬁcatio,
3185 3885 3342 3923 reno-

1757 3943 1900 3995 vatio
1931 3945 2203 3996 interim-is
2236 3943 2468 3996 hominis
2508 3959 2600 4012 per
2637 3943 2989 3996 voluntariam
3037 3943 3340 4012 susceptio-

1757 4028 1878 4066 nem
1910 4015 2119 4082 gratiae.
2152 4023 2206 4066 et
2235 4011 2542 4080 donorum,
2576 4014 2714 4068 unde
2757 4014 2918 4068 homo
2949 4029 3013 4068 ex
3058 4013 3255 4082 injuste
3285 4011 3342 4068 lit

1748 4082 1950 4152 jusms,
1984 4095 2033 4138 et
2057 4100 2119 4138 ex
2150 4083 2365 4139 inimico
2393 4087 2616 4149 amicus,
2653 4095 2706 4138 ut
2744 4086 2811 4138 sit
2845 4087 3017 4138 [neres
3045 4083 3340 4138 secundum

1755 4169 1905 4222 spem
1937 4157 2056 4210 vitae
2091 4163 2328 4211 aeterna.
2389 4155 2512 4210 Hzrc
2563 4156 2652 4210 ibi.
2709 4156 2770 4210 Et
2801 4156 3015 4225 quidem
3048 4163 3194 4208 certa
3237 4154 3341 4210 title

1754 4228 2023 4280 credimus
2059 4228 2314 4294 proxima:
2339 4227 2744 4295 praepara-tionis
2772 4243 2875 4279 non
2910 4227 3013 4280 nisi
3049 4225 3337 4294 adjuvaule

1755 4295 1864 4351 Deo
1895 4311 2171 4365 Competes
2196 4314 2317 4352 esse
2341 4314 2438 4351 nos
2471 4314 2646 4360 posse.
2679 4298 2902 4351 Constat
2929 4297 3148 4363 deinde,
3172 4297 3337 4353 etiam

1752 4368 1795 4420 si
1829 4381 2033 4422 remota
2057 4368 2340 4436 dispositio
2372 4369 2530 4434 adsit,
2557 4385 2660 4422 non
2685 4384 2806 4423 esse
2831 4370 2964 4421 satis
2992 4369 3056 4421 ad
3083 4368 3332 4436 gratiam,

1753 4453 1849 4494 nec
1880 4450 2129 4506 oportere
2160 4450 2218 4493 ut
2249 4441 2642 4505 setnperadsit,
2674 4455 2796 4493 cum
2830 4439 3098 4493 interdum
3132 4439 3248 4492 sine
3272 4453 3335 4493 ea

1751 4511 1814 4565 ad
1858 4513 2153 4579 proximam
2194 4512 2458 4565 veniatur.
2516 4511 2645 4563 Illud
2675 4509 2836 4564 etiam
2884 4511 3024 4564 inter
3057 4509 3335 4577 theologos

1749 4586 2019 4647 Convenit,
2056 4598 2452 4650 nonnumquam
2483 4581 2699 4649 impium
2725 4584 2860 4635 adeo
2889 4582 3026 4635 male
3057 4597 3176 4636 esse
3205 4581 3335 4636 alie-

1749 4662 1911 4717 ctum,
1942 4664 1994 4708 et
2023 4664 2165 4706 tanta
2201 4662 2541 4722 peccatorum
2573 4653 2780 4706 sarcina
2814 4667 3155 4723 oppressum,
3190 4661 3243 4706 ut
3267 4667 3334 4709 ne

1749 4737 1956 4779 remote
1997 4726 2210 4794 quidem
2240 4724 2304 4778 ad
2332 4723 2559 4792 gratiam
2593 4724 2706 4792 ipse
2737 4735 2794 4776 se
2833 4732 3099 4793 prtuparet
3123 4764 3136 4787 ,
3169 4723 3332 4778 etiam

1748 4797 1792 4849 si
1823 4795 1960 4849 forte
1986 4798 2172 4864 pos~it,
2206 4796 2305 4849 nisi
2331 4795 2533 4863 Spiritu
2576 4802 2762 4848 sancto
2783 4795 3095 4848 stimulante
3135 4794 3327 4850 incitev

112 4858 334 4954 femini,
361 4866 594 4954 {sasinus
702 4858 998 4954 Qt'tamt‘tpn.
1018 4858 1545 4954 ’lu-iusnexttlicatts
1574 4869 1638 4954 ad
1673 4899 1716 4954 ι)
1749 4876 1853 4920 ιιιι·.
1883 4858 2082 4949 Contra
2116 4883 2270 4949 vero.
2290 4858 2479 4948 accidit
2525 4880 2898 4954 sa-_t»cnttttiero
2924 4908 2939 4931 ,
2963 4874 3041 4948 .ut
3090 4866 3333 4948 nonnulli

109 4941 260 5053 gest.
287 4939 335 4997 il.
362 4938 591 5005 Prosper
620 4939 711 4992 lib.
741 4954 757 4990 ι
786 4939 852 4992 de
878 4937 1172 4994 Vocatione
1216 4937 1463 4993 Gentium
1491 4953 1539 4993 c.
1583 4941 1636 5006 2,

173 5008 420 5053 cumcuius
448 5009 500 5053 in
542 5025 660 5053 nati-
697 5025 747 5053 η
784 5010 1034 5053 Enistnlm
1059 5011 1124 5053 ad
1161 5009 1315 5053 an-
1369 5008 1552 5053 Solent
1587 5020 1636 5053 ρι

173 5008 420 5062 cumcuius
448 5009 500 5061 in
542 5025 660 5074 cap.
694 5025 748 5062 rx
782 5010 1034 5075 Epistula:
1059 5011 1126 5063 ad
1161 5009 1316 5062 Rom.
1369 5008 1555 5064 Solent
1587 5020 1640 5065 et

111 5067 256 5150 Pf'l’cs
301 5077 514 5132 laudare
556 5067 936 5133 nonnullorum
978 5080 1426 5150 philosophorum
1472 5079 1638 5134 hune-

110 5145 325 5218 Itissimas
349 5162 591 5204 actiones
611 5165 675 5204 ex
705 5152 908 5203 viribns
934 5145 1134 5206 natura:
1151 5145 1438 5218 profectas,
1461 5163 1517 5204 ut
1540 5151 1637 5205 Ba-

108 5213 222 5291 siltus
246 5217 292 5270 in
319 5221 475 5291 epist.
510 5222 575 5272 ad
593 5222 998 5291 adolescentes,
1033 5213 1390 5291 Hieronymus
1431 5213 1572 5275 libro
1601 5239 1638 5276 ιι

107 5280 317 5340 adver-ns
338 5280 546 5353 Joviu..
576 5290 829 5346 Clemens
859 5280 1149 5348 Alex'antlr.
1190 5280 1249 5345 in'
1273 5293 1363 5346 lib.
1393 5292 1634 5347 Stroma-

108 5355 212 5432 flint.
239 5361 450 5432 August.
483 5361 578 5416 lib.
610 5361 998 5432 Hypognostic.
1027 5375 1079 5415 et
1109 5364 1201 5415 lib.
1231 5363 1299 5416 de
1327 5363 1531 5429 Spiritu
1579 5372 1636 5418 et

105 5417 263 5500 ιιὶιιρχη
286 5417 336 5483 οἶ
357 5431 448 5496 28,
472 5442 529 5486 et
560 5417 750 5487 libido
769 5417 1005 5488 “Cit-itote
1034 5433 1126 5488 Dei
1150 5450 1198 5488 c.
1218 5434 1309 5500 25,
1330 5417 1381 5488 ei
1414 5434 1506 5488 lib.
1543 5417 1635 5490 ιιι

105 5503 143 5575 ξι
170 5494 257 5575 ᾔδη
272 5511 323 5553 et
351 5494 441 5575 lib.
477 5518 531 5557 tv
559 5513 741 5558 contra
770 5504 968 5559 Julian.
1003 5505 1182 5575 Pelag.
1217 5494 1376 5570 cap!)
1398 5549 1408 5558 .
1431 5506 1635 5572 Quibus

107 5558 218 5648 locis
234 5568 554 5648 Augustinus
577 5558 823 5631 concedit
850 5575 966 5630 sine
994 5558 1227 5641 Spiri'ius
1254 5558 1422 5630 sancti
1441 5558 1630 5642 ~gratia

106 5645 300 5718 plusve
323 5647 667 5718 philosophos
691 5663 750 5702 ea
765 5664 900 5718 ~quia:
929 5663 992 5702 ex
1017 5664 1138 5705 suo.
1162 5664 1359 5716 genere
1409 5649 1628 5703 honesta

103 5713 208 5794 fit
221 5716 455 5794 exsequi,
482 5729 639 5773 rectae
662 5713 887 5794 rationis
915 5713 1285 5794 praescriptum
1313 5729 1627 5794 sequentes;

104 5779 280 5838 Insui
295 5779 426 5842 nolit
445 5779 529 5845 ea
550 5791 762 5848 nomine
782 5779 996 5848 virtutis
1015 5779 1230 5860 ornare,
1263 5779 1482 5862 quia'ad
1533 5779 1628 5848 ve;

1748 4953 1973 5006 quorum
1997 4939 2160 4992 animi
2195 4938 2361 4992 aciem
2386 4937 2509 4990 vitia
2535 4939 2712 4991 minus
2734 4937 3060 5002 ltebetarint,
3087 4938 3226 4990 sicut
3253 4951 3333 4992 so-

1748 5006 1793 5061 la
1823 5020 2025 5062 natura:
2060 5009 2131 5070 vi,
2168 5011 2330 5062 multa
2361 5023 2479 5078 qua:
2509 5009 2670 5062 o‘licii
2706 5007 3027 5077 honestique
3056 5009 3190 5063 ratio
3217 5009 3333 5062 exi-

1745 5081 1820 5148 git
1852 5093 2107 5144 pra-stare
2136 5093 2380 5148 possunt,
2417 5085 2483 5133 ita
2510 5093 2603 5146 per
2629 5093 2692 5132 ea
2715 5089 2923 5133 remote
2939 5095 2998 5133 se
3028 5089 3332 5147 prmparent

1745 5147 1807 5202 ad
1837 5153 2021 5217 gratiae
2067 5147 2263 5204 donum
2295 5147 2722 5217 adipiscendum,
2762 5149 3016 5203 iacientes
3056 5152 3229 5219 aliqua
3259 5166 3325 5204 ex

1747 5234 1895 5288 parte
1935 5223 2076 5289 quod
2116 5223 2169 5275 in
2194 5221 2334 5289 ipsis
2363 5231 2464 5274 est.
2512 5222 2679 5285 Quam
2724 5222 3046 5275 sententiam
3092 5222 3325 5289 amplexi

1744 5300 1868 5361 sunt
1892 5292 2123 5361 theologi
2155 5291 2461 5347 scholastici
2493 5307 2650 5360 quam
2688 5293 2891 5359 plures.
2939 5291 3123 5360 Neque
3171 5292 3326 5344 obest

1745 5359 1869 5417 huic
1899 5359 2180 5418 sententias
2211 5379 2331 5418 can.
2361 5363 2394 5418 8
2435 5359 2646 5417 concilii
2679 5359 3159 5424 Aransicaniﬁtuo
3190 5362 3321 5415 alie-

1744 5448 1844 5486 nos
1873 5448 1901 5487 a
1938 5436 2040 5487 lide
2068 5445 2321 5487 censetur
2344 5475 2359 5497 ,
2410 5435 2500 5502 qui
2552 5441 2696 5501 putat
2729 5435 2890 5486 alium
2924 5431 3318 5496 misericordia,

1741 5503 1902 5556 alium
1933 5504 1998 5558 ad
2040 5504 2285 5575 baptismi
2331 5504 2557 5572 gratiam
2593 5519 2750 5572 posse
2793 5519 2890 5575 per
2918 5504 3140 5556 liberum
3178 5503 3321 5575 _arbi-

1744 5576 1903 5628 trium
1936 5573 2254 5644 pervenit-e';
2292 5591 2395 5628 non
2448 5575 2621 5640 obest,
2665 5573 2877 5642 inquam
2914 5593 2924 5625 :
2975 5590 3093 5627 nam
3129 5573 3192 5626 ad
3228 5574 3320 5626 ba-

1746 5647 1923 5714 ptismi
1945 5649 2167 5717 gratiam
2187 5663 2291 5701 non
2317 5648 2528 5701 venitur
2545 5647 2659 5698 sine
2679 5648 2917 5717 proxima
2935 5645 3314 5714 dispositione,

1739 5733 1856 5786 qum
1884 5716 1983 5772 non
2012 5721 2258 5773 currentis
2288 5717 2540 5780 hominis,
2561 5731 2648 5768 nec
2677 5716 2886 5769 volentis
2917 5725 3030 5780 est,
3052 5718 3140 5771 sed
3166 5719 3316 5770 mise-

1738 5791 1894 5844 rentis
1920 5793 2036 5846 Dei.
2068 5792 2203 5847 Huic
2235 5790 2496 5846 doctrina:
2527 5791 2707 5844 favent
2735 5786 3025 5858 aliquando
3066 5789 3314 5864 plerique
