3966 6332
534 342 638 404 367

1564 323 1661 387 AD
1693 326 1925 387 OPERA
1960 319 2014 383 J.
2053 314 2368 384 CASSiANl
2407 315 2775 382 APPENDIX.
3668 334 3756 398 563

530 469 632 516 tem
663 469 727 509 ac
778 450 1028 522 pabulum
1068 449 1308 522 habuere
1349 441 1776 522 philpsophiam,
1820 447 1893 522 ut_
1925 438 2112 494 scribit
2135 439 2389 522 Aperit-1.
2418 438 2610 522 Caeteri
2652 438 2788 521 iram
2827 436 3477 522 aliquandqcopcedqm,
3505 445 3620 513 quia
3658 465 3757 508 eam

527 512 895 585 Tertullia'nus
925 522 1017 577 lib.
1051 521 1118 576 de
1171 512 1675 586 Prcescriptionibus
1707 512 2108 579 haereticorum,

525 613 578 655 et
604 597 701 653 lib.
724 595 986 650 adversus
1013 591 1428 661 Hermogenem.

811 707 930 762 Lib.
963 706 998 761 8
1025 705 1094 760 de
1119 702 1359 759 Institut.
1391 701 1623 757 Renunt.
1655 713 1775 769 cap.
1797 697 1890 756 20.

602 800 885 858 Sciendum
911 805 1082 851 tamen
1106 796 1163 849 in
1183 810 1241 850 eo
1270 793 1408 863 quod
1435 795 1492 848 in
1519 790 1828 863 quibusdam
1850 788 2115 857 exempla-

521 876 669 929 ribus
717 870 1014 924 invenitur:
1050 866 1151 932 Qui
1177 862 1422 919 irascitur
1461 862 1613 934 fratri
1652 878 1747 916 suo
1777 862 1886 916 sine
1931 876 2112 934 causa,

520 961 640 998 reus
669 941 764 996 erit
781 940 1008 1009 judicio,
1036 931 1356 1009 superﬂuum
1383 931 1512 1009 esse,
1535 935 1660 1009 sine
1673 947 1856 1009 causa,
1895 931 2117 1009 etadje-

474 1011 498 1081 ³,
523 1023 664 1067 ctum
685 1011 749 1065 ab
772 1001 850 1066 liis
877 1010 965 1081 qui
984 1001 1354 1081 (imputandum
1375 1006 1618 1081 irampro
1632 1001 1796 1081 justis
1807 1001 1991 1081 lcausis
2019 1003 2118 1054 mi-

489 1071 664 1148 :nime
691 1071 1010 1151 putaverunt,
1045 1071 1159 1151 cum
1197 1079 1375 1144 utique
1403 1071 1882 1151 nullus_quamlibe_t
1925 1073 2118 1151 absque

527 1143 736 1209 ratione
768 1143 1051 1207 commotus
1096 1149 1206 1204 sine
1245 1143 1403 1201 causa
1448 1161 1504 1200 se
1537 1143 1675 1199 dicat
1711 1145 1886 1199 irasci.
1920 1143 2120 1207 Quam-

493 1223 503 1293 ξ
528 1225 705 1278 sbrem
735 1231 947 1294 apparet
968 1221 1033 1294 ab
1058 1220 1130 1274 eis
1157 1219 1423 1294 adjectum
1446 1217 1534 1294 qui
1562 1215 1889 1294 propositum
1911 1228 2015 1268 non
2035 1214 2119 1294 in-

493 1284 502 1341 Ϊ
531 1284 834 1350 ιείίεπενιιήἰ
862 1284 1376 1363 Scripturteuo'lentis
1394 1284 1935 1363 fomitemiracundiat
1954 1285 2120 1363 omni-

530 1367 696 1420 modis
730 1355 1030 1432 amputare,
1067 1361 1364 1432 nullamque
1388 1357 1758 1432 indignationis
1797 1355 2119 1411 occasionem

529 1438 730 1506 penitus
766 1429 1043 1500 reservare,
1076 1447 1139 1506 ne
1183 1431 1306 1484 dum
1326 1429 1568 1506 jubemur
1593 1429 1751 1506 irasci
1792 1443 1915 1506 cum
1936 1441 2114 1494 causa,

529 1497 730 1561 etiamsi
771 1506 882 1558 sine
908 1497 1068 1558 causa
1107 1497 1369 1556 irascendi
1416 1500 1562 1554 nobis
1606 1497 1985 1554 intromittatur
2032 1513 2119 1552 oc-

527 1579 689 1631 casio.
717 1573 868 1629 Finis
911 1575 1045 1629 enim
1088 1572 1367 1643 patientice
1397 1586 1502 1624 non
1540 1571 1597 1643 in
1649 1569 1921 1643 irascendo
1952 1571 2118 1643 juste,

527 1649 616 1702 sed
659 1647 861 1718 penitus
903 1647 960 1718 in
992 1640 1098 1697 non
1129 1641 1400 1718 irascendo
1445 1641 1711 1718 consistit;
1759 1641 1876 1694 licet
1921 1654 1954 1718 ᾳ
2004 1640 2122 1718 qui-

528 1710 746 1771 busdam
775 1719 869 1769 hoc
894 1716 1084 1781 ipsum,
1115 1717 1255 1784 quod
1289 1713 1502 1777 dicitur,
1549 1713 1658 1767 sine
1700 1727 1878 1784 causa,
1917 1710 1994 1764 ita
2037 1711 2121 1784 in-

528 1788 800 1871 terpretari
847 1787 1026 1871 sciam,
1068 1781 1421 1867 quodscilicet
1445 1785 1554 1871 eme
1597 1783 2038 1871 causg'irascatur
2076 1781 2119 1834 is

529 1851 616 1912 cui
643 1866 876 1928 expetere
900 1851 1148 1910 uitianem
1178 1856 1330 1928 irato
1370 1870 1475 1928 non
1503 1854 1676 1928 liceat.
1709 1851 1897 1908 Melius
1948 1859 2120 1928 tamen

528 1939 602 1983 est
630 1923 930 1994 ita'tenere,
958 1936 1013 1979 ut
1041 1926 1242 1980 novella
1276 1923 1593 1992 exemplaria
1633 1927 1800 1977 multa
1836 1931 1886 1977 et
1907 1923 2123 1991 antiqua

528 2001 702 2053 omnia
726 1999 1052 2052 inveniuntur
1079 2013 1186 2051 esse
1215 1996 1520 2067 perscripta.
1553 2024 1633 2067 —N
1647 1995 1812 2067 idern
1827 2003 1954 2067 ante
1989 1994 2122 2067 Cas-

528 2073 744 2125 sianum
776 2069 989 2123 dixerat
1018 2063 1380 2137 Hieronymus
1408 2063 2002 2137 supergilludbiatthmi
2042 2080 2119 2137 tr:

532 2140 634 2206 Qui
677 2140 918 2194 irascitur
947 2139 1098 2208 fratri
1131 2135 1244 2192 suo.
1275 2136 1333 2190 In
1364 2135 1706 2208 quibusdam,
1737 2135 1932 2208 inquit,
1971 2135 2123 2208 codi-

528 2205 684 2266 cibus
725 2205 966 2277 additur,
999 2210 1109 2264 sine
1139 2223 1326 2272 causa;
1356 2217 1612 2262 caeterum
1645 2207 1701 2262 in
1729 2207 1872 2262 veris
1900 2205 2122 2277 definita

529 2284 800 2338 sententia
834 2275 1026 2346 est,'et
1055 2282 1134 2333 ira
1166 2279 1380 2347 penitus
1421 2278 1650 2332 tollitur.
1685 2277 1757 2332 Et
1791 2286 1980 2332 contra
2022 2275 2126 2332 Pe-

528 2353 774 2422 lagianos
817 2369 831 2405 :
867 2352 969 2416 Qui
1006 2352 1244 2414 irascitur
1272 2349 1422 2419 fratri
1443 2349 1675 2422 suosine
1699 2364 1857 2422 causa
1884 2363 2002 2422 reus
2029 2349 2124 2422 erit

525 2419 758 2492 judicio,
805 2422 934 2477 licet
980 2422 1035 2476 in
1078 2422 1347 2490 plerisque
1387 2419 1667 2492 codicibus
1715 2420 1985 2488 antiquis,
2016 2420 2125 2472 sine

531 2510 711 2559 causa,
763 2492 1003 2548 additum
1032 2508 1139 2545 non
1189 2493 1279 2558 sit,
1328 2501 1386 2544 ut
1431 2490 1670 2559 scilicet,
1705 2506 1772 2546 ne
1800 2504 1923 2544 cum
1961 2503 2124 2544 causa

532 2564 750 2634 quidem
779 2563 1073 2634 debeamus
1099 2563 1277 2616 irasci.
1310 2562 1643 2634 Augustinus
1669 2563 1832 2616 etiam
1865 2561 1940 2634 lib
1970 2561 1988 2614 l
2015 2561 2122 2634 _Reo

532 2631 688 2690 tract.
720 2649 770 2689 c.
811 2634 896 2689 19.
929 2633 1109 2703 Neque
1153 2641 1347 2703 tamen
1385 2631 1485 2703 hos
1514 2631 1767 2686 doctores
1793 2631 2123 2686 credendum

532 2713 616 2760 est
646 2701 1039 2760 commendare
1058 2703 1292 2757 voluisse
1329 2701 1638 2758 Stoicorum
1663 2704 1932 2768 ἀπάθειαν,
1964 2717 2123 2771 quam

531 2776 730 2830 refellit
754 2779 977 2844 August.
1006 2774 1099 2829 lib.
1116 2790 1166 2828 ix
1190 2775 1256 2828 de
1280 2772 1506 2827 Civitate
1528 2773 1643 2839 Dei,
1669 2789 1719 2828 c.
1747 2774 1803 2837 4,
1825 2782 1879 2827 et
1904 2775 2120 2844 merito.

535 2845 677 2900 Nam
699 2847 742 2900 si
756 2841 960 2900 ira—non
986 2845 1140 2914 fuerit
1170 2860 1284 2897 cum
1310 2860 1466 2897 causa
1486 2845 1676 2908 subest,
1707 2855 1760 2897 ut
1791 2845 1864 2898 ait
1892 2841 2125 2914 Chryso-

531 2927 695 2971 stom.
728 2917 875 2971 hom.
909 2917 972 2970 11
1010 2917 1063 2970 in
1097 2915 1448 2981 Matthaaum,
1472 2930 1563 2969 nec
1610 2915 1848 2968 doctrina
1881 2916 2082 2984 proﬁcit
2106 2955 2120 2979 ,

531 3005 624 3042 nec
644 2989 849 3060 judicia
885 2996 1064 3060 stant,
1097 3001 1188 3040 nec
1212 2987 1433 3039 crimina
1461 2997 1871 3060 compescuntnr.
1899 2987 1994 3060 Irae
2026 2987 2124 3040 ita-

532 3056 659 3128 que'
693 3059 950 3123 nomine,
1005 3058 1365 3127 Hieronymus
1421 3067 1477 3111 et
1523 3056 1816 3112 Caissianus
1872 3056 2123 3112 affectum

533 3129 818 3198 quemdam
848 3129 1231 3184 intellexerunt
1266 3129 1356 3197 qui
1387 3129 1656 3183 rationem
1683 3129 1996 3183 antevertit.
2026 3130 2120 3184 Hic

2219 509 2544 580 intelligunt,
2574 525 2695 578 quae
2725 510 3013 579 imperium
3039 509 3264 564 rationis
3292 512 3484 566 excitat
3513 509 3572 570 ac
3604 523 3761 579 mode.

2217 591 2388 637 ratur.
2422 581 2573 636 Unde
2599 581 2656 636 S.
2695 581 2857 650 Greg.
2895 580 2991 634 lib.
3025 597 3041 634 ι
3079 581 3274 636 Moral.
3305 597 3420 650 cap.
3460 585 3527 640 55
3557 602 3571 639 :
3596 589 3762 647 Curan-

2219 653 2361 720 dum,
2396 653 2586 723 inquit,
2610 667 2930 721 summopere
2957 660 3051 723 est,
3075 668 3138 706 ne
3158 653 3259 722 ira,
3283 669 3385 723 qua
3407 654 3763 719 instrumentum

2217 724 2419 797 uirtutis
2465 722 2768 797 assumitur,
2818 723 2976 797 menti
3019 722 3350 797 dominetur;
3388 742 3475 780 nec
3516 731 3650 797 quasi
3687 733 3764 788 do-

2218 795 2612 871 mina_prteeat,
2643 793 2732 847 sed
2769 795 2916 862 quasi
2944 794 3150 871 ancilla.
3175 793 3243 848 ad
3263 793 3565 871 gbsequium
3589 813 3760 871 parata,

2219 881 2251 919 a
2279 866 2497 920 rationis
2525 876 2668 936 tergo
2697 880 2974 936 numquam
3000 865 3224 920 recedat.
3259 865 3327 920 Et
3354 866 3478 922 licet
3512 865 3764 930 CaSsianus

2219 937 2412 993 eodem
2457 937 2552 991 lib.
2586 935 2637 991 c.
2670 936 2724 1004 6,
2757 936 2789 990 7
2821 944 2879 991 et
2906 935 2970 1002 8,
3003 935 3271 1004 signiﬁcet
3309 937 3403 992 irae
3448 939 3764 1003 ministerium

2221 1008 2286 1062 ad
2316 1007 2418 1062 hoc
2443 1007 2620 1063 solum
2651 1007 2808 1062 nobis
2834 1021 2956 1061 esse
2985 1007 3249 1062 insertum
3267 1049 3281 1073 ,
3315 1018 3374 1063 ut
3403 1009 3765 1072 lascivientibus

2220 1078 2455 1133 motibus
2497 1091 2562 1133 ac
2615 1076 2764 1132 vitiis
2814 1077 2981 1131 animi
3027 1079 3196 1133 nostri
3253 1079 3572 1142 irascamur.
3612 1091 3765 1142 tamen

2221 1149 2407 1220 eadem
2439 1147 2514 1211 de,
2535 1163 2693 1204 causa
2721 1163 3124 1220 nonnumquam
3156 1149 3318 1205 etiam
3348 1164 3472 1220 erga
3499 1151 3629 1206 alios
3655 1154 3766 1212 iram

2222 1219 2599 1290 proferendam
2628 1234 2753 1275 esse
2784 1235 2907 1275 cum
2933 1218 3073 1274 ratio
3099 1218 3542 1289 postularitfnon
3571 1222 3768 1283 obscure

2220 1291 2488 1364 significat
2512 1290 2756 1364 collati},
2789 1305 2839 1364 cf.
2871 1290 2961 1354 26,
3005 1304 3125 1345 cum
3167 1291 3356 1364 scribit
3387 1291 3542 1364 :Nec
3574 1310 3656 1364 ego
3680 1297 3769 1352 disi

2220 1363 2358 1433 quod
2389 1362 2532 1416 illius
2571 1362 2659 1432 qui
2702 1363 2851 1430 fortis
2897 1370 2972 1416 est
3015 1377 3075 1414 ac
3104 1361 3339 1415 robustus
3377 1363 3534 1416 virtus
3570 1361 3767 1420 toleran-

2222 1434 2394 1503 tiaque
2437 1433 2687 1487 vincenda
2713 1434 2799 1495 sit,
2842 1433 2932 1487 sed
2977 1433 3117 1503 quod
3166 1433 3364 1502 infirmi
3411 1435 3618 1501 pessima
3657 1436 3769 1491 vale-

2221 1504 2369 1568 tudo,
2390 1505 2533 1558 illius
2554 1505 2643 1574 qui
2669 1520 2828 1557 sanus
2849 1513 2920 1558 est
2941 1504 3310 1558 sustentatione
3334 1504 3545 1569 nutrita,
3575 1514 3705 1574 atque
3727 1508 3770 1560 in

2222 1575 2448 1630 deterius
2495 1575 2724 1646 quotidie
2767 1574 3069 1645 prolabens,
3112 1584 3417 1644 generatura
3444 1576 3506 1630 sit
3531 1592 3696 1630 causas
3720 1578 3768 1632 ob

2221 1663 2351 1718 quas
2380 1647 2490 1717 ipse
2510 1645 2656 1700 ultra
2683 1662 2785 1700 non
2810 1645 2988 1700 debeat
3014 1645 3276 1699 sustineri.

2766 1756 2904 1814 Coll.
2942 1757 3000 1812 11
3034 1773 3154 1829 cap.
3189 1759 3276 1815 15.

2146 1825 2196 1887 Β
2295 1852 2586 1908 Cassianus
2627 1851 2898 1907 Christum
2943 1863 3102 1908 vocat
3140 1852 3414 1907 hominem
3444 1852 3769 1923 Dominicum,

2227 1924 2498 1995 quomodo
2541 1931 2597 1979 et
2630 1931 2755 1978 ante
2791 1934 3052 1978 vocarant
3097 1925 3254 1995 multi
3284 1924 3486 1992 antiqui
3515 1923 3704 1990 Patres,
3731 1935 3774 1980 et

2226 1996 2556 2065 Augustinus
2586 1995 2685 2049 lib.
2715 2010 2924 2050 Lxxxut
2967 2004 3161 2065 quaest.
3193 1994 3284 2058 56,
3321 1995 3536 2065 tametsi
3565 1997 3686 2051 hanc
3708 1996 3774 2052 lo-

2226 2064 2500 2122 cutionem
2548 2065 2891 2134 postmodum
2936 2064 3240 2121 emendarit
3270 2065 3364 2121 lib.
3408 2081 3425 2119 ι
3471 2064 3696 2121 Retract.
3730 2081 3771 2122 c.

2227 2136 2318 2202 19,
2347 2136 2474 2207 quia
2487 2151 2623 2207 cum
2650 2135 2898 2192 Christus
2927 2137 3190 2192 Dominus
3221 2136 3322 2201 sit,
3364 2136 3660 2192 Dominicus
3696 2138 3774 2191 im-

2225 2206 2446 2278 proprie
2467 2206 2744 2263 diceretur
2780 2224 2794 2261 :
2823 2207 3222 2278 significaretur
3267 2207 3416 2263 enim
3454 2207 3602 2262 illum
3628 2207 3776 2262 homi-

2227 2295 2352 2334 nem
2394 2294 2499 2333 non
2540 2293 2660 2333 esse
2686 2278 2856 2334 Deum
2900 2293 2963 2335 ac
2993 2279 3301 2344 Dominum,
3329 2278 3424 2333 sed
3456 2278 3774 2346 Dominicum,

2226 2351 2330 2405 hoc
2357 2357 2463 2412 est,
2491 2363 2612 2404 esse
2634 2351 2972 2419 suppositum
2997 2350 3294 2404 humanum
3323 2350 3527 2404 unitum
3558 2348 3774 2412 Domino,

2226 2436 2322 2476 seu
2348 2421 2634 2492 supposito
2667 2421 2910 2488 Domini;
2935 2436 3109 2492 quare
3141 2422 3250 2476 duo
3279 2420 3552 2492 supposita
3576 2419 3625 2474 in
3649 2419 3777 2492 Chri-

2225 2503 2309 2547 sto
2340 2491 2698 2562 ﬁngerentur,
2727 2493 2870 2562 quod
2902 2491 3283 2548 Nestorianum
3330 2491 3434 2547 est.
3463 2493 3528 2545 Et
3557 2491 3778 2562 quoniam

2227 2560 2444 2618 constat
2473 2560 2791 2617 Cassianum
2823 2579 2932 2618 non
2961 2563 3136 2618 solum
3188 2579 3297 2618 non
3343 2563 3671 2618 consensisse
3695 2561 3777 2615 Ne~

2227 2636 2426 2707 storio,
2490 2635 2582 2707 sed
2638 2643 2842 2707 contra
2883 2649 3006 2689 eum
3047 2644 3256 2707 septem
3303 2633 3779 2707 libroshscripsisse,

2227 2705 2424 2774 quibus
2461 2705 2653 2774 probat
2680 2721 2788 2758 non
2814 2706 2969 2772 duas,
2998 2703 3093 2761 sed
3114 2703 3289 2760 unam
3316 2721 3437 2761 esse
3459 2703 3648 2760 Christi
3677 2718 3778 2771 per-

2228 2791 2414 2830 sonam
2439 2792 2452 2836 ;
2483 2775 2602 2830 ideo
2635 2775 2798 2829 homo
2821 2776 3134 2832 Dominicus
3161 2777 3306 2847 apud
3335 2791 3455 2831 eum
3481 2774 3779 2831 excusandus

2228 2857 2311 2901 est
2337 2863 2401 2900 eo
2429 2848 2590 2900 modo
2613 2861 2768 2914 quem
2795 2849 2944 2916 ponit
2967 2848 3024 2903 S.
3058 2848 3300 2902 Thomas
3341 2864 3400 2902 ιιι
3427 2856 3587 2917 part.,
3617 2853 3780 2916 quaest.

2231 2919 2318 2982 16,
2362 2928 2464 2972 art.
2508 2919 2542 2972 5
2575 2935 2587 2972 :
2621 2918 2823 2984 lionio,
2851 2919 3056 2988 inquit,
3093 2921 3404 2974 Dominicus
3449 2920 3691 2972 nonnulla
3715 2933 3780 2971 ra-

2229 2989 2374 3042 tione
2427 2996 2609 3052 posset
2663 2989 2900 3052 defendi,
2926 2987 3083 3058 iquia
3128 2987 3347 3044 scilicet
3391 2998 3577 3059 posset
3619 2990 3783 3056 aliquis

2227 3061 2406 3114 dicere
2427 3060 2568 3129 quod
2589 3060 2786 3114 dicitur
2809 3061 2970 3114 homo
3000 3063 3314 3115 Dominicus
3337 3062 3544 3116 ratione
3570 3060 3785 3114 humana:

2229 3143 2435 3185 natura:
2463 3147 2622 3200 quam
2653 3131 3040 3200 signitieathoc
3061 3149 3256 3187 nomen
3285 3135 3475 3200 homo,
3508 3146 3606 3186 non
3635 3139 3785 3185 autem

534 3195 680 3254 cnim
730 3200 943 3254 etiamsi
980 3217 1046 3254 ex
1081 3201 1227 3275 justa
1259 3195 1418 3275 causa
1449 3211 1719 3275 erumpat,
1751 3200 1968 3275 modum
2007 3215 2123 3254 ser-
2150 3195 2197 3260 C
2227 3204 2437 3257 ratione
2463 3195 2746 3275 suppositi.
2774 3202 2905 3258 Vide
2931 3203 3182 3259 Rufinum
3213 3207 3268 3259 in
3292 3195 3560 3275 Apologia
3585 3219 3672 3273 pro
3690 3201 3786 3256 0τὶ-

536 3284 662 3326 vare
702 3286 807 3325 non
847 3281 1052 3340 poteSt;
1085 3271 1207 3325 ideo
1237 3271 1456 3340 penitus
1484 3287 1594 3324 non
1632 3271 1974 3325 irascendum
2004 3289 2119 3326 mo-

2225 3289 2386 3343 geue,
2420 3288 2585 3341 prope
2610 3272 2794 3328 finem.

951 3476 1060 3541 DE
1102 3475 1465 3539 CASSIANI
1506 3475 1913 3537 DOCTRINA
1959 3477 2631 3541 ANNOTAMENTUM
2675 3480 2950 3544 DiDACI
2994 3480 3399 3544 ALVAREZ.

1313 3630 1387 3680 Ex
1409 3629 1494 3679 lib.
1519 3643 1535 3676 ι
1557 3628 1683 3691 disp.
1707 3629 1738 3677 2
1759 3626 1785 3690 §
1806 3627 1837 3677 5
1863 3626 1927 3676 de
1960 3625 2174 3677 Auxiliis
2188 3626 2289 3678 div.
2319 3633 2446 3690 grat.
2475 3633 2528 3678 et
2564 3628 2746 3680 viribus
2768 3628 2855 3677 lib.
2881 3629 3027 3678 arbit.

894 3830 1108 3894 Error
1131 3828 1422 3893 Cassiani
1449 3828 1619 3890 circa
1637 3828 2060 3890 necessitatem
2086 3831 2309 3908 gratiae
2345 3836 2401 3889 et
2430 3830 2593 3890 vires
2628 3828 2952 3889 naturales
2975 3827 3185 3889 nostri
3214 3828 3499 3892 arbitrii.

611 3984 918 4052 Antequam
949 3977 1093 4052 dicta
1137 3974 1804 4052 Cassianisubjiciamus,
1849 3973 2129 4052 advertere

540 4045 789 4125 oportet,
819 4056 996 4125 ipsum
1045 4049 1120 4125 in_
1143 4050 1327 4125 collat.
1372 4047 1441 4102 15
1479 4047 1692 4125 abbatis
1728 4045 2123 4125 Chaeremonis,

539 4119 780 4183 tuentem
805 4121 1046 4192 ejusdem
1075 4120 1281 4192 abbatis
1309 4119 1586 4192 aperuisse
1626 4119 1768 4173 circa
1819 4119 2044 4192 gratiam
2075 4127 2131 4173 et

541 4198 776 4254 liberum
811 4189 1112 4247 arbitrium.
1145 4189 1309 4259 Cujus
1356 4190 1712 4254 sententiam,
1746 4190 1868 4255 quia
1907 4204 2014 4243 non
2044 4204 2131 4244 re-

542 4269 734 4338 probat
751 4280 892 4328 eam,
913 4265 1060 4317 visus
1081 4272 1160 4338 est
1177 4262 1346 4338 sequi;
1365 4277 1427 4315 ac
1445 4260 1805 4338 propterea‘S.
1831 4259 2063 4338 Prosper
2079 4260 2130 4314 in

543 4331 687 4395 iibro
717 4352 874 4407 quem
898 4345 1086 4390 contra
1115 4333 1438 4407 Collatorem
1462 4333 1788 4407 composuit,
1813 4345 1938 4407 eum
1961 4331 2126 4407 vehe-

543 4401 758 4466 menter
782 4408 1060 4474 impugnat
1075 4445 1089 4466 ,
1109 4414 1161 4458 et
1177 4421 1203 4458 a
1226 4405 1633 4474 Pelagianorum
1657 4401 1864 4474 semitis
1883 4417 1999 4474 nou
2015 4402 2128 4474 dis-

545 4480 742 4535 cedere
763 4473 1181 4533 evidentissimis
1201 4473 1535 4530 demonstrat
1555 4473 1884 4544 argumentis
1901 4488 1967 4544 ex
1983 4473 2128 4527 Scri-

550 4563 709 4618 plura
744 4563 898 4602 sacra
927 4546 1282 4618 et‘Augustini
1301 4545 1519 4618 scriptis
1535 4544 1886 4618 depromptis.
1906 4543 2061 4618 [inde
2074 4552 2130 4618 et

548 4613 800 4677 Celasius
826 4616 1064 4685 pontifex
1089 4613 1145 4670 d.
1173 4617 1239 4670 15
1263 4631 1381 4683 cap.
1406 4616 1600 4670 Sancta
1622 4615 1884 4679 Romana,
1904 4613 2126 4669 Joannis

549 4689 798 4746 Cassiani
822 4690 1016 4742 librum
1037 4729 1052 4752 ,
1084 4689 1174 4754 qui
1206 4687 1505 4754 appellatur
1532 4687 1799 4751 Pastoris,
1833 4688 1973 4739 inter
1997 4700 2128 4748 apo-

551 4763 763 4833 crypha,
783 4767 1052 4833 numerat.
1079 4758 1144 4811 Et
1164 4757 1413 4833 doctores
1434 4757 1819 4833 Loyanienses,
1840 4757 1927 4822 qui
1954 4757 2004 4809 in
2029 4755 2125 4810 do-

551 4827 727 4888 ctrina
743 4829 1028 4900 Augustini
1049 4838 1173 4884 sunt
1196 4827 1562 4900 eruditissimi,
1580 4829 1954 4900 annotationes
1975 4841 2134 4895 quas-

553 4904 680 4957 dam
709 4913 762 4957 et
784 4896 1066 4958 censuram
1091 4902 1142 4954 in
1167 4901 1313 4954 varia
1335 4900 1477 4953 dicta
1498 4896 1737 4953 Cassiani
1763 4897 2129 4966 subiecerunt,

550 4976 607 5029 in
643 4973 751 5028 fine
779 4972 1151 5041 impressionis
1181 4971 1490 5038 Antucrpia:
1522 4971 1680 5025 i578.

627 5044 728 5100 Est
756 5039 886 5113 ergo
916 5043 1144 5108 primum
1193 5043 1400 5113 dictum
1424 5042 1665 5113 Cassiani
1692 5058 1705 5093 :
1733 5039 1910 5113 llonio
1944 5039 1993 5092 in
2037 5056 2134 5093 na-

557 5125 678 5170 tura
729 5110 878 5185 lapsa
909 5113 1074 5168 habet
1097 5113 1344 5167 naturale
1383 5111 1652 5185 judicium
1683 5110 1756 5185 ad
1802 5125 2132 5185 cognoscent

558 5187 688 5241 dum
716 5181 917 5240 bonum
963 5192 1018 5239 et
1047 5185 1278 5251 malum,
1310 5190 1365 5237 et
1388 5181 1702 5237 naturalem
1735 5181 2040 5251 facultatem
2063 5183 2132 5237 ad

556 5266 852 5326 utrumque
892 5249 1343 5326 amplectendum.
1373 5252 1547 5308 Verba
1581 5249 2126 5326 rejus__sunt_(Collat.

557 5328 628 5382 1⁸5
653 5344 701 5381 c.
731 5322 801 5381 12
823 5368 838 5393 ,
864 5327 918 5380 in
949 5322 1179 5395 princ.):
1215 5323 1326 5379 Nec
1352 5325 1485 5378 enim
1514 5322 1666 5377 talem
1701 5322 1844 5377 Deus
1883 5323 2136 5378 hominem

553 5399 740 5472 fecisse
783 5397 1066 5472 credendus
1082 5406 1169 5472 est
1193 5437 1208 5460 ,
1241 5397 1328 5472 qui
1357 5411 1448 5472 nec
1477 5395 1593 5450 velit
1621 5410 1860 5472 umquam
1897 5409 1988 5472 nec
2010 5410 2137 5472 pos-

556 5464 622 5524 sit
656 5470 865 5535 bonum,
896 5469 1131 5538 alioquin
1153 5483 1243 5538 nec
1271 5467 1317 5519 ei
1349 5466 1563 5518 liberum
1586 5466 1820 5538 permisit
1840 5464 2133 5531 arbitrium,

553 5541 600 5595 si
622 5540 670 5593 ei
701 5535 1056 5594 tantummodo
1078 5537 1274 5592 malum
1294 5546 1347 5590 ut
1373 5537 1490 5589 velit
1519 5547 1568 5590 et
1592 5536 1769 5604 possit,
1803 5535 1993 5588 bonum
2017 5550 2136 5589 vero

551 5636 586 5672 a
628 5611 900 5678 semetipso
949 5625 1040 5663 nec
1091 5608 1219 5664 velle
1262 5623 1352 5660 nec
1404 5622 1549 5676 posse
1597 5608 1860 5678 concessit.
1905 5605 1973 5660 Et
2015 5613 2138 5675 post

551 5694 727 5760 pauca
747 5677 992 5760 aprobat
1021 5695 1139 5760 ιιοῐιΔ
1163 5678 1416 5760 amisisse
1437 5692 1608 5759 genus
1641 5677 2134 5760 _humanum.,_post

553 5748 1060 5835 iraevaricationem
1086 5749 1273 5833 .Adae,
1316 5750 1594 5835 scientiam
1641 5749 1797 5815 boni,
1838 5763 1902 5803 ex
1925 5749 2036 5835 'illlo
2064 5748 2134 5802 ad

555 5817 718 5897 hom.
750 5837 823 5880 tt:
849 5821 977 5880 Cum
1015 5822 1149 5882 enim
1172 5829 1380 5894 gentes,
1420 5837 1531 5892 qua:
1573 5821 1737 5893 legem
1768 5835 1872 5878 non
1918 5817 2130 5893 habent,

2157 4797 2212 4860 D

2234 3976 2544 4029 naturaliter
2563 3991 2624 4028 ea
2651 3990 2765 4044 qua:
2792 3974 2921 4047 legis
2956 3983 3078 4028 sunt
3107 3975 3342 4047 faciunt,
3389 3984 3494 4030 etc.
3529 3973 3614 4028 Ait
3638 3971 3791 4027 enim:

2234 4047 2476 4113 Concepit
2504 4063 2626 4115 ergo
2649 4045 2978 4115 Adam,‘post
3001 4045 3510 4115 prtevaricationem,
3541 4061 3688 4116 quam
3709 4058 3795 4096 non

2234 4119 2511 4184 habuerat,
2555 4118 2823 4170 scientiam
2867 4116 3024 4182 mali;
3053 4117 3172 4170 boni
3218 4133 3337 4171 vero
3367 4134 3522 4186 qnam
3565 4120 3796 4183 acceperat

2231 4191 2504 4242 scientiam
2531 4204 2633 4240 non
2656 4190 2844 4240 amisit.
2879 4187 3108 4256 Denique
3138 4204 3240 4241 non
3274 4190 3513 4242 amisisse
3542 4189 3797 4241 humanum

2237 4277 2416 4330 genus,
2434 4269 2545 4328 post
2559 4259 3053 4328 prtcvaricationem,
3069 4260 3338 4312 scientiam
3355 4259 3496 4322 boni,
3521 4260 3670 4330 etiam
3687 4257 3798 4322 Apo-

2239 4329 2361 4384 stoli
2385 4331 2631 4383 sententia
2663 4329 3036 4400 euidentissime
3063 4331 3499 4400 declaratur,qua
3520 4329 3797 4382 dicit:Cum

2235 4403 2371 4454 enim
2391 4409 2582 4470 gentes.
2621 4416 2732 4468 qum
2758 4398 2920 4470 legent
2950 4417 3048 4452 non
3071 4401 3273 4460 habent,
3295 4398 3604 4454 naturaliter
3626 4415 3682 4452 ea
3703 4411 3799 4468 qua

2236 4472 2361 4543 legis
2387 4469 2503 4524 sunt
2537 4472 2730 4541 faciunt
2755 4472 2782 4543 ν(
2801 4469 2948 4524 liam.
2974 4471 3058 4540 ιι).
3088 4471 3146 4524 Et
3179 4471 3338 4536 paulo
3363 4472 3584 4525 inferius
3610 4469 3798 4523 subdit:

2236 4541 2466 4614 [genique
2480 4552 2531 4595 ut
2549 4542 2935 4614 possibilitatem
2963 4543 3017 4614 in
3043 4544 3114 4594 eis
3143 4559 3256 4596 esse
3276 4543 3506 4614 signaret
3525 4585 3538 4606 ,
3557 4546 3799 4614 increpans

2234 4611 2533 4667 Pliaristeos
2551 4611 2566 4664 ξ
2588 4613 2727 4679 Quid
2742 4623 2931 4677 autem,
2955 4613 3141 4682 inquit,
3159 4615 3313 4666 etiam
3326 4611 3395 4666 ea:
3414 4613 3554 4666 vobis
3579 4612 3697 4678 ipsis
3715 4624 3800 4663 non

2226 4686 2502 4754 jndicatis,
2518 4685 2867 4754 quodjustum
2888 4693 2960 4735 est
2978 4683 3129 4753 (an.
3150 4685 3277 4752 xu)?
3295 4688 3434 4752 quod
3456 4684 3628 4751 utique
3639 4684 3703 4734 eis
3715 4695 3800 4732 non

2238 4755 2482 4820 dixisset,
2515 4757 2614 4808 nisi
2645 4772 2724 4808 eos
2765 4754 2960 4814 iudicio
2987 4756 3210 4825 naturali
3239 4756 3292 4807 id
3321 4755 3464 4824 quod
3494 4769 3690 4825 aequum
3715 4757 3796 4816 est,

2235 4827 2410 4880 scisset
2442 4843 2588 4888 posse
2631 4825 2938 4878 discernere.
2979 4823 3128 4879 Unde
3163 4823 3448 4879 cauendum
3480 4823 3560 4878 est
3582 4823 3714 4878 nobis
3748 4836 3800 4872 ne

2234 4897 2308 4950 ita
2333 4898 2402 4949 ad
2423 4896 2588 4949 Deum
2617 4897 2790 4948 omnia
2809 4905 3098 4950 sanctorum
3123 4897 3302 4950 merita
3324 4897 3630 4965 referamus,
3649 4903 3697 4946 ut
3715 4891 3801 4943 nisi

2235 4969 2373 5090 Zuod
2397 4968 2587 5020 malum
2625 4978 2772 5033 atque
2801 4982 3088 5033 perversum
3134 4978 3238 5034 est,
3270 4980 3476 5020 natura:
3513 4965 3801 5019 ascribamus

2276 5054 2496 5090 rimante.
2531 5037 2597 5090 Et
2625 5039 2805 5090 naucis
2835 5038 3162 5090 interiectis.
3198 5039 3402 5090 innuit:
3429 5037 3605 5090 Manet
3632 5037 3680 5088 in
3724 5034 3801 5085 ho-

2276 5054 2496 5092 nmante.
2531 5037 2597 5091 Et
2625 5039 2805 5104 paucis
2835 5038 3162 5106 interjectis,
3198 5039 3402 5105 inquit:
3429 5037 3605 5091 Manet
3632 5037 3680 5088 in
3724 5034 3802 5106 ho-

2237 5111 2373 5164 mine
2392 5110 2601 5161 liberum
2622 5125 2818 5178 semper
2833 5105 3121 5177 arbitrium,
3152 5125 3251 5179 quo
3271 5109 3499 5180 gratiam
3518 5107 3617 5162 Dei
3639 5105 3796 5176 possit,

2234 5181 2313 5234 uel
2340 5181 2592 5250 negligere
2611 5221 2624 5244 ,
2656 5180 2735 5233 vel
2764 5196 2956 5233 amare.

2313 5249 2455 5306 Dicit
2483 5251 2744 5316 secundo,
2777 5249 3052 5306 hominem
3082 5249 3279 5305 habere
3309 5250 3634 5305 naturaliter
3665 5260 3800 5315 qua:-

2242 5323 2365 5378 dam
2397 5323 2649 5376 virtutum
2675 5322 2881 5377 semina
2904 5363 2919 5384 ,
2951 5336 3070 5390 qua:
3098 5330 3309 5386 tamen,
3336 5322 3444 5376 nisi
3474 5335 3572 5391 per
3595 5319 3798 5391 gratiam

2242 5395 2309 5447 ad
2362 5395 2746 5464 perfectionem
2800 5387 3080 5464 pervenire
3131 5405 3236 5446 non
3285 5387 3801 5464 possuiitzbubitari

2239 5460 2396 5536 ergo}
2425 5464 2596 5533 inquit
2622 5463 2774 5536 (Cap.
2801 5460 2869 5517 12
2897 5460 3170 5536 σίε.),ᾉηοη
3197 5460 3393 5530 potest,
3413 5464 3597 5536 inesse
3613 5460 3801 5536 quidem

2239 5528 2391 5595 omni
2425 5528 2965 5588 animte‘na'turaliter
2995 5528 3254 5586 uirtutum
3289 5535 3530 5599 semina,
3580 5528 3799 5599 beneﬁdo

2238 5604 2496 5660 Creatoris
2519 5607 2736 5670 inserta;
2763 5606 2854 5660 sed
2875 5605 2979 5658 nisi
3005 5605 3112 5659 lucc
3137 5605 3478 5674 opitulatione
3508 5603 3604 5660 Dei
3631 5600 3802 5672 fuerint

2238 5679 2453 5732 excitata
2479 5716 2495 5743 ,
2545 5678 2614 5730 ad
2658 5677 3026 5730 incrementum
3069 5676 3407 5746 perfectioan
3441 5690 3545 5732 non
3589 5675 3802 5746 poterunt

2238 5692 2453 5732 excitata
2479 5716 2495 5743 ,
2545 5692 2612 5730 aa
2658 5692 3026 5730 incrementum
3069 5692 3350 5746 perfection
3441 5692 3545 5732 non
3589 5692 3801 5742 poteram

2237 5748 2520 5819 pervenire,
2545 5748 2667 5819 quia
2688 5748 2970 5801 secundum
2999 5747 3324 5819 apostolum:
3351 5692 3537 5819 Neque
3564 5742 3649 5814 qui
3669 5739 3802 5813 plan-

2237 5817 2309 5878 tat
2334 5828 2408 5876 est
2435 5817 2656 5891 aliquid,
2689 5835 2847 5891 neque
2885 5819 2976 5893 qui
3003 5818 3175 5895 rigat,
3203 5817 3294 5877 sed
3321 5817 3415 5894 qui
3453 5819 3805 5878 incrementum
