3966 6332
846 347 940 410 DE
977 350 1292 411 CASSIANI
1330 347 1679 419 DOCTRINA
1717 346 2292 409 ANNOTAMENTUM
2330 348 2563 408 DIDACI
2599 346 2951 408 ALVAREZ.

3437 352 3546 413 570

260 469 359 546 ttat
384 464 525 524 Deus
549 463 597 539 (1
620 463 742 522 Cor.
772 462 933 546 x_m)._
968 465 1029 521 Et
1060 480 1182 546 cap.
1221 466 1289 522 8:
1326 465 1426 546 Qui
1468 482 1583 520 cum
1619 467 1673 546 in
1702 466 1847 546 nobis
1875 466 1930 530 Α
1959 466 2316 546 Prophetam_:_
2333 469 2616 546 Propterea
2641 481 2898 528 exsvectat
2921 470 3199 546 Dominus,
3224 481 3281 531 ut
3300 491 3546 536 miserisa.

261 539 405 595 Deus
432 537 594 594 ortum
616 538 893 605 quemdam
915 537 1061 593 bonae
1087 539 1365 591 voluntatis
1390 538 1693 604 inspexerit,
1720 540 1847 593 illu-

259 612 427 666 minat
453 626 568 666 eam
588 610 878 680 confestim,
910 617 1063 678 atque
1090 609 1369 680 confortat,
1392 622 1442 663 et
1472 610 1649 663 incitat
1676 612 1745 664 ad
1765 628 1851 664 sa-

258 684 456 749 lutem;
485 684 853 736 incrementum
883 680 1111 753 tribuens
1137 685 1205 741 ei,
1246 697 1401 751 quam
1429 682 1505 735 vel
1542 682 1652 753 ipse
1685 681 1845 739 vlan-

259 755 410 816 tavit,
441 754 520 808 vel
545 763 721 806 nostra
742 764 930 806 conatu
953 752 1131 807 viderit
1159 755 1441 807 emersisse.

338 825 477 880 Dicit
498 826 660 879 tertio
683 823 954 877 hominem
985 838 1143 893 posse
1167 838 1232 877 ex
1256 823 1375 878 sola
1408 824 1663 879 facultate
1685 824 1845 882 liberi

256 896 475 953 arbitrii
517 896 717 950 habere
751 896 1095 949 charitatem.
1144 894 1429 957 Colligitur
1474 894 1587 951 haec
1617 898 1849 953 assertio

256 982 333 1024 ex
363 967 479 1037 ejus
526 965 727 1037 dictis,
748 966 874 1020 coll.
908 967 974 1020 15
1018 981 1067 1037 c.
1114 965 1215 1037 14,
1257 968 1345 1037 ulti
1389 967 1669 1036 explicans
1721 969 1849 1026 illud

254 1035 486 1096 Denter.
531 1051 630 1093 xm
658 1035 998 1106 '(Secundum
1053 1036 1257 1105 LXX):
1296 1036 1477 1092 Tentat
1524 1050 1570 1094 te
1594 1038 1850 1095 Dominus

253 1108 408 1165 Deus
440 1120 556 1163 tuus
584 1119 638 1162 ut
677 1108 851 1175 palant
895 1108 1019 1176 fiat,
1049 1121 1224 1161 utrum
1268 1110 1457 1178 diligas
1494 1126 1614 1163 eum
1659 1111 1714 1166 in
1741 1120 1850 1167 toto

253 1180 423 1235 corde
450 1190 571 1246 tuo,
617 1191 665 1234 et
691 1187 803 1234 tota
836 1180 1005 1233 anima
1038 1190 1129 1232 tua
1153 1220 1175 1251 Ξ
1213 1194 1281 1233 an
1324 1195 1456 1244 non,
1490 1180 1705 1251 inquit,
1742 1184 1851 1239 Sed

253 1253 440 1324 utique
461 1267 554 1324 nec
580 1252 770 1306 tentari
791 1267 876 1306 eos
892 1251 1101 1324 justitia
1145 1250 1351 1324 Domini
1376 1250 1720 1324 permisisset,
1748 1255 1849 1309 nisi

252 1322 444 1391 parem
485 1322 542 1376 in
587 1324 661 1398 eis
708 1323 898 1398 scisset
926 1323 1093 1398 inesse
1132 1322 1404 1377 resistendi
1432 1327 1700 1398 virtutem,
1746 1343 1852 1398 qua

253 1395 760 1467 possent‘tequitatis
777 1393 980 1467 judicio
1010 1393 1063 1446 in
1090 1400 1309 1467 utroque
1346 1395 1528 1448 merito
1566 1398 1643 1451 vel
1667 1398 1741 1450 rei
1758 1393 1851 1452 'vel

254 1465 551 1539 laudobiles
565 1464 823 1539 'judicari.
845 1464 991 1539 [dein
1015 1464 1288 1539 colligitur
1306 1480 1372 1519 ex
1395 1467 1570 1539 capite
1597 1467 1811 1523 decimo
1828 1514 1843 1539 ,

253 1537 360 1591 ubi
388 1535 605 1603 fatetur,
635 1538 814 1591 inesse
842 1536 991 1590 omni
1020 1535 1216 1591 anima:
1246 1537 1562 1591 naturaliter
1584 1535 1845 1595 virtutum

254 1611 504 1673 semina,
536 1608 591 1662 in
633 1608 829 1679 quibus
858 1607 1801 1679 etiamcomprehenditrcltaritatcm
1827 1652 1845 1679 ,

254 1693 390 1748 cum
435 1676 685 1735 absolute
719 1680 969 1748 loquatur
1007 1676 1075 1733 tle
1105 1678 1408 1733 virtutibus.
1448 1678 1599 1735 Unde
1628 1676 1848 1737 sanctus

254 1747 645 1823 Prosperhoc
671 1747 873 1823 dictum
909 1749 1093 1823 tribuit
1113 1749 1371 1804 Cassiano
1394 1792 1408 1815 ,
1441 1764 1562 1805 cum
1591 1751 1667 1805 ait
1694 1751 1842 1823 (Lib.

251 1830 414 1923 iant.-
438 1820 573 1923 Coll:
607 1820 881 1923 cpp.'3l)):
912 1820 979 1923 [Et
1012 1829 1153 1923 lania
1179 1829 1295 1923 cpt;
1329 1823 1611 1923 secundum
1648 1820 1803 1923 istum
1827 1867 1845 1893 ,
1875 1859 1925 1923 Β

248 1892 414 1947 liberi
437 1894 643 1948 arbitrii
670 1892 757 1947 vel
786 1892 1116 1948 incolumitas
1143 1893 1223 1947 vel
1264 1892 1509 1963 facultas,
1539 1902 1597 1947 ut
1622 1892 1849 1951 charito-

248 1971 367 2017 tem
386 1980 504 2034 quia
528 1966 583 2019 in
612 1965 841 2020 omnium
864 1980 981 2019 arce
1004 1965 1247 2018 virtutum
1269 1974 1365 2033 est,
1390 1980 1494 2019 non
1522 1980 1586 2019 ea:
1610 1964 1709 2021 Dei
1729 1985 1846 2023 mu-

247 2049 419 2103 nere,
444 2036 536 2093 sed
564 2052 629 2092 ea:
655 2035 769 2091 sola
799 2034 985 2091 habeat
1004 2035 1283 2090 voluntate.

337 2106 479 2162 Dicit
505 2115 723 2179 quarto,
747 2106 889 2179 quod
919 2106 1081 2179 homo
1102 2106 1157 2179 in
1184 2117 1376 2162 natura
1400 2107 1548 2177 lapsa
1575 2109 1847 2167 sufﬁcien-

249 2184 351 2233 tes
389 2177 540 2234 vires
558 2177 849 2234 habeat'ad
878 2177 1241 2234 resistendum
1270 2180 1655 2236 tentationlbus
1681 2182 1846 2237 etiam

243 2249 629 2318 gravioribus,
652 2258 710 2305 et
728 2249 1065 2318 superandas
1083 2263 1449 2320 quascumque
1474 2249 1844 2309 difﬁcultates.

244 2320 343 2393 Ilia
369 2320 500 2393 dicit
527 2322 711 2377 collat.
746 2319 814 2375 15
837 2334 963 2393 cap.
995 2320 1086 2388 14,
1104 2319 1212 2393 ίιὼἰ
1243 2321 1473 2393 loquens
1496 2322 1568 2393 de
1600 2325 1849 2379 tentatio-

245 2392 426 2447 nibus
445 2391 569 2460 Job,
598 2406 719 2463 quae
739 2391 1072 2462 graviSsima:
1094 2391 1333 2460 fuerunt,
1357 2392 1565 2461 inquit:
1596 2393 1704 2450 Sed
1729 2411 1848 2449 cum

242 2462 465 2537 nullam
490 2464 745 2537 ejusmodi
774 2463 1147 2537 querimoniam
1166 2463 1521 2537 calttmniusus
1537 2464 1716 2537 hostis
1735 2474 1851 2537 post

242 2533 562 2605 conﬂictum
589 2533 794 2590 audeat
824 2536 1012 2605 iterare
1036 2576 1052 2599 ,
1082 2550 1185 2590 non
1210 2533 1341 2601 Dei,
1379 2535 1471 2589 sed
1505 2536 1645 2591 illius
1673 2533 1746 2591 se'
1773 2540 1849 2591 vi-

242 2604 403 2659 ctum
431 2607 623 2679 viribus
650 2607 941 2679 conﬁtetur.
976 2604 1119 2679 Licet
1148 2607 1300 2660 etiam
1326 2606 1500 2679 gratia
1528 2606 1627 2662 Dei
1665 2624 1768 2663 non
1794 2610 1848 2664 in

243 2683 426 2730 totum
460 2678 540 2732 illi
568 2678 794 2748 defuisse
820 2676 1078 2732 credenda
1104 2678 1203 2746 sit,
1226 2676 1345 2748 qua}
1380 2688 1575 2748 tantam
1604 2681 1850 2735 tentatori

243 2749 494 2820 tentandi
526 2747 706 2804 tribuit
743 2757 1072 2820 potestatem,
1097 2747 1347 2819 quantam
1367 2756 1416 2803 et
1438 2747 1587 2803 illum
1610 2751 1850 2805 resisten-

242 2819 316 2892 di
341 2830 549 2875 noverat
569 2819 754 2876 habere
772 2822 1031 2884 virtutem,
1046 2837 1161 2892 non
1185 2836 1302 2875 eum
1322 2819 1386 2873 ab
1408 2819 1553 2892 illius
1574 2821 1849 2892 impugna-

242 2891 402 2946 sione
444 2892 522 2947 sic
544 2902 845 2964 protegens,
878 2891 1170 2964 utnullum
1204 2891 1664 2964 virtuti_humante
1691 2893 1849 2947 relin-

241 2970 438 3033 queret
462 2959 652 3019 locum.
688 2959 754 3019 Et
802 2963 985 3031 paucis
1014 2962 1346 3033 interjectis:
1376 2959 1446 3016 Et
1472 2963 1599 3033 quid
1625 2979 1712 3017 eos
1751 2980 1845 3019 ne-

244 3048 401 3089 cesse
425 3043 499 3088 est
525 3036 607 3090 vel
632 3035 841 3101 tentari,
863 3050 990 3103 quos
1019 3034 1092 3106 ita
1106 3034 1343 3106 inﬁrmos
1365 3034 1501 3087 novit
1526 3050 1588 3087 ac
1608 3034 1843 3106 fragiles.

245 3112 317 3157 ut
326 3121 656 3175 nequaquam
675 3107 859 3161 virtute
869 3122 966 3161 sua
976 3104 1423 3159 valeantresistere
1442 3107 1681 3158 tentatori
1693 3104 1717 3160 ?
1739 3104 1851 3162 Sed

244 3177 436 3247 utique
463 3194 561 3233 nec
581 3178 765 3232 tentari
794 3194 877 3231 eos
897 3175 1110 3248 justitia
1130 3247 1135 3248 γ
1154 3175 1364 3248 Domini
1388 3176 1723 3245 permisisset,
1747 3177 1848 3231 nisi

1954 542 2227 613 tur‘nostri
2263 540 2443 611 (Isaia:
2473 544 2623 613 xxx).

2025 611 2189 685 Quod
2219 627 2396 666 autem
2429 611 2717 680 aliquando
2747 614 2888 669 Deus
2910 631 3015 670 non
3050 618 3364 685 praeveniat,
3390 620 3539 676 al'lir-

1953 694 2065 759 mat
2096 684 2285 737 eodem
2317 686 2562 759 cap._12,
2596 701 2714 759 cum
2744 688 2850 740 ait:
2883 685 3136 743 Prtevcnit
3168 708 3288 759 ergo
3316 689 3540 750 hominis

1953 754 2267 831 voluntatem
2293 756 2647 831 misericordia
2679 758 2906 825 Domini,
2930 762 2993 813 de
3021 777 3121 831 qua
3149 754 3371 831 dicitur:
3399 762 3540 820 Deus

1952 842 2095 905 utens
2150 828 2507 905 misericordia
2535 831 2645 893 eius
2687 831 2957 894 pra'veniet
3005 828 3087 886 me
3132 830 3317 900 (Psal.
3358 837 3543 905 tvm).

1952 897 2023 976 lit
2052 914 2233 976 rursus
2285 894 2566 976 Dominum
2597 911 2966 966 remorantem,
3020 894 3170 973 atque
3200 904 3394 958 utiliter
3415 894 3544 976 quo-

1952 969 2236 1042 dammodo
2275 969 2635 1023 subsistentem
2683 980 2738 1024 ut
2786 984 3016 1026 nostrum
3065 969 3362 1042 experiatur
3404 969 3546 1031 urbi-

1952 1040 2131 1109 trium,
2156 1038 2395 1094 voluntas
2419 1043 2661 1109 prtevenit
2689 1050 2884 1107 nostra,
2905 1060 3021 1097 cum
3046 1038 3270 1099 dicitur:
3295 1046 3363 1099 Et
3389 1063 3542 1103 mane

1954 1113 2122 1186 oratio
2144 1128 2273 1186 ‘mea
2316 1115 2595 1186 pra’veniet
2625 1121 2672 1165 te
2703 1111 2871 1179 (Psal.
2903 1131 3125 1169 Lxxxvtt
3146 1119 3184 1181 ).
3228 1117 3295 1171 Et
3318 1133 3437 1186 cap,
3474 1119 3541 1173 17

1951 1182 2108 1238 docet
2142 1182 2307 1237 Dettm
2331 1184 2688 1252 quorumdam
2715 1185 2932 1250 quidem
2955 1188 3250 1241 vulentium
3279 1197 3332 1241 et
3353 1182 3543 1246 sitien-

1953 1252 2087 1332 t_ium
2115 1269 2338 1332 cursum
2362 1254 2428 1308 ad
2454 1254 2713 1332 majorem
2737 1253 2963 1332 incitare
2986 1258 3347 1332 ﬂagrantiam,
3376 1276 3543 1332 quos-

1898 1340 1911 1355 ο
1951 1324 2077 1398 dam
2109 1341 2239 1380 vero
2269 1328 2431 1381 etiam
2458 1327 2702 1398 nolentes
2737 1326 3039 1396 invitusque
3065 1324 3438 1398 “compellere.
3475 1331 3545 1388 Et

1950 1394 2094 1470 idem
2126 1400 2325 1465 repetit
2370 1412 2490 1467 cap.
2527 1397 2627 1462 18,
2653 1398 2749 1470 ubi
2781 1398 2859 1452 ait
2887 1416 2899 1451 :
2933 1394 2999 1452 Et
3049 1400 3180 1454 alios
3208 1394 3413 1470 quidem
3452 1418 3543 1457 vo-

1951 1465 2116 1522 lentes
2144 1465 2503 1540 currentesque
2526 1468 2807 1538 suscipere,
2831 1470 2961 1540 alios
2986 1471 3188 1540 quidem
3207 1465 3435 1527 nolentes
3459 1488 3544 1527 re-

1949 1540 2268 1610 nitentesque
2307 1539 2638 1611 pertrahere,
2672 1548 2720 1594 et
2760 1540 2830 1595 ad
2857 1538 3047 1596 bonam
3082 1557 3262 1613 cogere
3301 1541 3544 1599 uolunta.

1951 1618 2048 1664 tem
2057 1650 2070 1664 .

2022 1681 2181 1757 Dicit,
2213 1691 2404 1757 sexto,
2439 1697 2547 1757 non
2575 1697 2697 1757 esse
2726 1681 2800 1757 ita
2829 1692 2998 1757 totum
3025 1683 3371 1757 tribuendum
3390 1700 3541 1757 gra-

1950 1753 2065 1815 tim.
2092 1754 2221 1825 quin
2250 1755 2431 1824 aliqua
2457 1754 2574 1808 laus
2604 1763 2657 1825 e_t
2684 1754 2953 1825 industria
2982 1756 3246 1810 servanda
3278 1757 3349 1812 sit
3368 1753 3540 1814 libero

1952 1822 2198 1898 arbitrio.
2246 1822 2358 1881 Ait
2385 1826 2543 1898 enim
2576 1822 2799 1898 (Collat.
2835 1824 2992 1898 l5_c.
3028 1826 3125 1898 11)
3168 1827 3362 1883 nullius
3407 1829 3543 1884 enim

1953 1894 2125 1951 laudis
2152 1906 2281 1950 esset
2300 1912 2359 1949 ac
2374 1896 2565 1962 meriti,
2587 1896 2631 1967 si
2652 1895 2704 1949 id
2723 1897 2777 1950 in
2802 1912 2860 1950 eo
2880 1894 3115 1953 Christus
3137 1900 3281 1967 quod
3306 1899 3419 1967 ipse
3445 1898 3543 1955 do—

1952 1975 2163 2021 naverat
2195 1968 2534 2037 praetulisset,
2565 1965 2796 2037 alioquin
2828 1969 3038 2022 dixisset
3062 1985 3081 2023 :
3109 1965 3235 2023 Non
3261 1965 3381 2025 dedi
3428 1980 3543 2025 tan-

1953 2047 2057 2092 tam
2084 2036 2239 2108 ﬁdem
2266 2040 2322 2093 in
2347 2037 2533 2092 Israel.
2569 2036 2719 2092 lianc
2751 2038 2913 2093 etiam
2959 2039 3316 2096 assertionem
3356 2040 3543 2097 tribuit

1950 2107 2210 2184 Cassiano
2237 2110 2296 2184 S_.
2330 2109 2567 2184 Prosper
2587 2107 2767 2176 (Libro
2790 2118 2923 2184 cont.
2952 2108 3142 2184 Collat.
3179 2111 3385 2182 diﬁinit.
3419 2112 3539 2184 ﬂ),

1952 2194 2074 2235 cum
2102 2181 2177 2235 ait
2201 2197 2216 2235 :
2248 2179 2452 2251 Impius
2477 2180 2803 2251 sensus,‘qui
2829 2190 2978 2250 putat
3005 2179 3282 2236 beatiorem
3306 2199 3413 2238 esse
3437 2179 3536 2238 ho?

1951 2252 2140 2374 minem
2166 2252 2252 2306 cui
2270 2249 2410 2307 Deus
2430 2250 2564 2307 nihil
2594 2249 2813 2321 dederit,
2834 2249 3001 2321 quam
3039 2254 3128 2306 cui
3147 2254 3388 2309 universa
3415 2269 3540 2309 con-

1951 2332 2008 2374 tu
2032 2324 2146 2374 erit.

1951 2324 2146 2378 tulerit.

2024 2393 2189 2466 Dicit,
2208 2394 2464 2465 septimo,
2480 2394 2757 2452 hominem
2780 2410 2848 2451 ex
2867 2395 3122 2452 facultate
3145 2404 3351 2466 naturae
3375 2409 3539 2466 posse

1951 2464 2220 2535 medicum
2234 2464 2498 2534 quaerere,
2514 2475 2570 2522 et
2582 2469 2866 2524 sanitatem
2881 2466 3194 2523 desiderare
3212 2483 3227 2521 :
3248 2464 3360 2523 Nec
3377 2464 3539 2535 enim,

1952 2534 2125 2610 inquit
2148 2535 2311 2610 (Ead.
2335 2537 2524 2593 Collat.
2550 2555 2597 2593 c.
2630 2539 2686 2610 9,
2710 2539 2764 2592 in
2786 2538 2930 2608 ﬁne),
2956 2554 3073 2592 cum
3091 2539 3432 2610 volueritquis
3454 2555 3542 2610 sa-

1951 2606 2113 2690 nitate
2138 2606 2448 2690 perfruitur,
2474 2617 2565 2690 aut
2593 2606 3011 2690 de'tegriitudinis
3034 2609 3249 2690 morbo,
3271 2606 3372 2690 pro
3401 2609 3541 2690 arbi-

1951 2678 2044 2750 trii
2068 2678 2150 2732 sui
2176 2678 2428 2734 desiderio
2472 2678 2749 2736 liberatur:
2769 2679 2907 2746 Quid
2952 2688 3122 2734 autem
3151 2678 3360 2750 prodest
3392 2682 3540 2734 sani-

1953 2749 2073 2803 tatis
2092 2751 2316 2822 gratiam
2336 2752 2659 2821 concupisse,
2684 2753 2786 2805 nisi
2800 2751 3055 2807 Dominus
3070 2791 3085 2814 ,
3128 2749 3216 2819 qui
3236 2753 3355 2806 vita
3374 2752 3541 2820 ipsius

1951 2820 2105 2893 usum
2151 2820 2350 2893 tribuit,
2382 2820 2539 2876 etiam
2568 2823 2789 2893 vigorem
2818 2823 3493 2893 incolumitatislimpartiat
3515 2822 3541 2875 1’

1951 2888 2085 2963 Quae
2110 2891 2275 2947 verba
2313 2901 2531 2963 sanctus
2561 2888 2795 2963 Prosper
2820 2892 3139 2963 impugnans
3165 2891 3252 2963 (S.
3282 2888 3538 2962 Prosper.

1952 2959 2089 3036 Lib._
2128 2970 2267 3017 cont.
2322 2961 2524 3036 Collat.
2562 2980 2607 3015 c.
2639 2959 2720 3035 8),
2752 2963 2832 3019 ait
2858 2959 3070 3036 :_D6ces
3113 2959 3235 3036 ergo
3261 2980 3367 3019 non
3391 2959 3540 3036 posse

1951 3031 2205 3104 hominem
2235 3049 2326 3103 per
2352 3031 2685 3104 semetipsum
2705 3034 3090 3103 apprehendere
3114 3031 3416 3101 sanitatem,
3446 3037 3538 3091 sed

1950 3100 2138 3158 habere
2165 3100 2280 3158 eum
2332 3121 2364 3158 a
2389 3100 2658 3175 semetipso
2708 3100 3021 3160 desiderium
3050 3106 3308 3174 sanitatis,
3357 3100 3408 3162 et
3443 3123 3540 3160 sua

1951 3179 2149 3248 tantum
2169 3183 2347 3244 sponte
2364 3177 2537 3248 venire
2557 3176 2626 3230 ad
2643 3176 2919 3244 medicum,
2947 3192 3054 3232 non
3073 3176 3230 3232 etiam
3247 3176 3345 3233 hoc
3365 3179 3538 3248 ipsum

245 3244 439 3320 parem
458 3250 516 3302 in
534 3250 607 3304 eis
627 3244 1098 3320 resistendiiscisset
1120 3247 1286 3302 inesse
1309 3244 1546 3320 virtutem
1561 3287 1576 3311 ,
1600 3263 1705 3320 qua
1722 3264 1847 3320 pos-
1876 3248 1924 3313 C
1952 3244 2138 3320 medici
2163 3261 2270 3302 esse
2289 3247 2429 3319 quod
2457 3248 2648 3320 veniat.

247 3317 369 3390 sent
389 3321 650 3390 (equitatis
665 3319 869 3387 judicio
898 3319 952 3373 in
981 3326 1195 3390 utroque
1224 3318 1405 3390 merita
1433 3317 1511 3372 vel
1536 3317 1611 3372 rei
1624 3320 1712 3390 vel
1723 3317 1847 3374 'lau-

249 3387 459 3473 subite
481 3392 745 3473 ἐμεμίςατέο.
772 3390 842 3473 Et
864 3390 992 3473 s0":
1022 3388 1057 3473 .7.
1086 3403 1207 3473 οεερο
1241 3390 1272 3442 ⁷
1287 3387 1574 3473 ,θεηῑιεξιρο
1604 3389 1845 3473 ἀίυεεηιίε

249 3458 454 3515 Resisti
480 3458 589 3517 illis
610 3462 838 3526 (scilicet
866 3460 1254 3517 tentationibus
1285 3459 1616 3515 terribilibus
1646 3460 1850 3516 adver-

249 3532 555 3605 sariorum)
591 3534 653 3589 ab
684 3535 782 3587 hac
807 3532 1095 3605 praesertim
1122 3532 1305 3605 fragili
1354 3532 1851 3605 carneimpossibile

248 3602 615 3672 crederemus,
646 3605 745 3660 nisi
773 3602 841 3659 ad
868 3605 999 3658 hanc
1043 3603 1339 3672 opinionem
1380 3602 1557 3656 vestris
1587 3602 1850 3659 sententiis

248 3675 394 3729 velut
436 3674 725 3730 caelestibus
757 3677 1109 3732 animaremur
1137 3674 1381 3728 oraculis.
1415 3672 1725 3743 Respondet
1760 3690 1850 3731 ca-

247 3745 365 3814 pite
393 3756 612 3811 octavo,
636 3746 879 3815 ejusdem
907 3745 1117 3801 collat.:
1145 3745 1490 3813 Quamobrem
1512 3745 1644 3799 sicut
1667 3746 1719 3798 in
1741 3744 1847 3800 illis

246 3826 325 3889 est
350 3817 712 3889 instigationis
738 3820 885 3889 copia
909 3857 924 3879 ,
957 3818 1033 3871 ita
1058 3827 1104 3872 et
1124 3818 1178 3870 in
1207 3816 1350 3870 nobis
1388 3817 1549 3889 virtus
1574 3818 1848 3889 respuendi

244 3888 355 3959 sive
401 3886 766 3959 acquiescendi
799 3886 1015 3943 libertas
1056 3896 1130 3942 est
1179 3888 1446 3959 attributa.
1489 3886 1847 3959 Unde’capite

245 3956 487 4016 decimo
504 3970 697 4031 quarto
731 3961 968 4030 explicat
1015 3959 1143 4015 illud
1174 3976 1187 4012 :
1218 3958 1417 4031 Fidelis
1456 3968 1625 4031 autem
1668 3956 1842 4023 Deus,

244 4032 479 4103 quihnon
522 4030 785 4100 permittet
822 4048 910 4086 vos
941 4033 1128 4103 tentari
1168 4046 1327 4103 supra
1359 4030 1415 4083 id
1451 4030 1595 4100 quod
1638 4032 1847 4103 potestis

252 4100 293 4175 ίι
325 4101 454 4158 Cor.
492 4099 570 4175 ι),
613 4104 681 4158 de
715 4112 983 4173 potestate
1026 4099 1309 4175 resistendi
1351 4099 1739 4175 mutationibus
1777 4116 1843 4175 ex

272 4125 293 4157 ι
325 4125 454 4158 uor.
492 4125 570 4175 Χ),
613 4125 681 4158 ue
715 4125 983 4173 puwsustc
1027 4125 1309 4157 τεδυιεηυι
1352 4125 1739 4156 ιυιιιδιιυιιιυιιδ
1777 4125 1843 4155 (τι

244 4125 517 4229 lacullate
541 4183 769 4229 natura).
804 4175 896 4230 Ait
921 4175 1063 4228 enim
1088 4189 1099 4225 :
1129 4171 1328 4227 Fidelis
1359 4180 1529 4225 autem
1559 4169 1699 4224 Deus
1719 4211 1734 4237 ,
1757 4173 1847 4242 qui

242 4261 350 4298 non
380 4246 641 4313 permittet
668 4263 755 4300 vos
788 4246 972 4299 tentari
1001 4260 1162 4311 supra
1192 4244 1247 4297 id
1292 4243 1430 4314 quod
1473 4242 1844 4314 potestis,rsed

241 4317 405 4387 faciet
434 4334 550 4370 cum
581 4320 857 4371 tentatione
902 4324 948 4371 et
982 4316 1158 4387 exitu,
1204 4322 1261 4368 ut
1304 4315 1552 4387 sustinere
1600 4313 1842 4387 possitis:

242 4383 381 4441 Cum
410 4389 551 4441 enim
580 4388 735 4456 dicit,
776 4387 878 4450 Qui
918 4396 1017 4441 stat
1046 4386 1214 4441 videat
1244 4402 1306 4439 ne
1355 4385 1534 4447 cadat,
1568 4383 1842 4437 sollicitant

238 4459 419 4512 reddit
449 4459 653 4513 arbitrii
694 4459 977 4513 libertatem
999 4498 1013 4522 ,
1046 4472 1199 4521 quam
1229 4458 1400 4525 utique
1442 4464 1681 4519 noverat,
1711 4471 1844 4525 per-

239 4537 399 4601 cepta
426 4533 624 4599 gratia,
656 4532 732 4584 vel
762 4541 1019 4601 stareiper
1048 4528 1355 4581 industriam
1377 4566 1392 4592 ,
1425 4527 1503 4601 v_e_l
1522 4527 1715 4601 cadere
1750 4541 1843 4597 per

2018 3315 2180 3387 Dicit,
2208 3315 2645 3385 oct'avo,homini
2676 3332 2744 3375 ex
2770 3318 3112 3376 naturalibus
3126 3319 3347 3376 conanti
3360 3317 3541 3376 facere

1954 3387 2097 3457 quod
2125 3390 2179 3444 in
2208 3399 2373 3462 seest
2395 3388 2621 3462 gratiam
2645 3390 2785 3457 dari,
2809 3406 2914 3462 qua
2941 3390 3087 3462 Deus
3112 3390 3285 3462 bonos
3312 3400 3539 3448 conatus

1954 3468 2161 3532 natura:
2191 3459 2419 3532 dirigit,
2448 3460 2750 3527 confortat,
2786 3459 2843 3517 et
2869 3461 3202 3518 voluntatem
3249 3461 3440 3516 incitat
3468 3462 3539 3518 ad

1952 3530 2207 3603 salutem.
2224 3530 2317 3587 Ne'
2333 3541 2513 3603 autem
2540 3547 2661 3587 cum
2687 3532 2908 3603 Pelagio
2933 3534 3245 3589 consentire
3263 3532 3536 3588 videatur.

1951 3602 2030 3656 sic
2061 3602 2214 3657 istam
2236 3602 2589 3659 assertionem
2614 3602 2977 3673 temperat,ut
3002 3603 3148 3660 dicat
3165 3612 3395 3659 conatus
3415 3603 3539 3659 illos

1954 3686 2061 3744 non
2091 3686 2216 3728 esse
2240 3673 2551 3729 meritorios
2574 3674 2783 3744 gratiae,
2807 3688 2909 3730 nec
2933 3688 3153 3741 semper
3174 3675 3536 3731 necessarios.

1950 3741 2022 3814 Et
2049 3744 2266 3813 quidem
2306 3744 2451 3814 quod
2491 3741 2697 3799 homini
2727 3746 2948 3801 conanti
2987 3760 3055 3801 ex
3083 3754 3292 3801 natura
3324 3745 3536 3801 viribus

1950 3813 2109 3887 detur
2128 3813 2333 3884 gratia,
2363 3814 2598 3871 afﬁrmat
2621 3816 2750 3887 coll.
2780 3816 3004 3887 l5icap.
3035 3817 3102 3887 8,
3133 3831 3257 3872 cum
3289 3817 3401 3871 ait:
3435 3816 3539 3884 Qui

1950 3900 2069 3939 cum
2093 3886 2149 3940 in
2172 3887 2317 3958 nobis
2347 3895 2517 3941 ortum
2550 3886 2818 3957 quemdam
2846 3886 2991 3943 bonis
3013 3886 3291 3942 voluntatis
3321 3903 3537 3958 conspe-

1945 3958 2120 4029 aterit,
2149 3956 2413 4029 illuminat
2466 3956 2577 4012 eam
2622 3958 2919 4029 confestim,
2960 3968 3111 4027 atque
3156 3956 3455 4027 confortat,
3487 3967 3539 4013 et

1946 4027 2135 4100 incitat
2170 4027 2240 4082 ad
2267 4029 2489 4083 salutem
2514 4074 2529 4099 ,
2560 4027 2933 4084 incrementum
2962 4030 3187 4084 tribuens
3208 4029 3258 4083 ei
3283 4045 3438 4100 quam
3456 4029 3537 4083 vel

1945 4097 2055 4168 ipse
2082 4099 2360 4170 plantavit,
2392 4102 2473 4154 vel
2510 4097 2686 4154 nostra
2714 4111 2906 4170 conatu
2932 4101 3118 4156 viderit
3144 4097 3432 4155 emersisse.
3467 4101 3536 4156 Et

1946 4184 2066 4237 cap.
2104 4171 2165 4225 11
2187 4189 2200 4226 :
2236 4170 2379 4224 Nam
2404 4186 2521 4225 cum
2549 4170 2681 4225 videt
2707 4187 2801 4225 nos
2822 4169 2966 4226 Deus
2989 4170 3058 4226 ad
3080 4172 3269 4226 bonum
3289 4170 3415 4225 velle
3443 4170 3535 4225 de-

1945 4241 2170 4313 flectere,
2204 4242 2444 4310 occurrit,
2487 4242 2694 4313 dirigit,
2724 4250 2901 4313 atque,
2922 4246 3182 4313 confortat
3201 4258 3220 4297 :
3250 4241 3331 4295 Ad
3352 4258 3532 4313 vocem

1942 4312 2081 4452 ﬁunt
2118 4313 2355 4453 clamoris
2384 4314 2459 4366 tui
2489 4312 2662 4366 statim
2711 4322 2767 4365 ut
2792 4312 3053 4377 audierit,
3083 4312 3413 4384 respondebit
3442 4313 3532 4367 tibi

2002 4398 2128 4436 sane
2147 4398 2247 4436 xxx
2285 4422 2297 4435 .
2928 4434 2935 4439 .

2002 4398 2128 4436 sane
2147 4398 2297 4439 XXX).
2928 4434 2935 4439 .

2017 4453 2174 4525 Quod
2193 4462 2375 4508 autem
2398 4453 2484 4525 illi
2504 4461 2731 4525 conatus
2760 4469 2867 4508 non
2893 4454 3002 4510 sint
3023 4454 3287 4511 meritorii
3316 4454 3528 4525 gratiae,

1945 4525 2139 4596 asserit
2161 4523 2216 4577 in
2239 4539 2359 4596 cap.
2387 4524 2454 4596 16
2475 4524 2715 4596 ejusdem
2740 4526 3060 4590 collationis,
3088 4526 3269 4581 statim
3292 4523 3349 4581 in
3378 4523 3532 4596 prin;

240 4594 622 4689 rLe'gligEntiam
675 4618 864 4682 posse._
894 4594 959 4653 Et.
1009 4606 1130 4667 pust
1178 4612 1383 4679 pauca:
1424 4595 1625 4689 Fidelis
1670 4594 1841 4689 aJut'em
1866 4628 1922 4689 D
1946 4595 2119 4689 ciniLo,
2145 4609 2268 4689 quin
2299 4595 2474 4689 inquit
2499 4610 2512 4649 :
2535 4594 2895 4689 Nemoautem
2920 4599 3171 4653 existimet
3189 4598 3298 4654 htec
3323 4615 3358 4654 a
3379 4594 3530 4653 nobis

240 4666 416 4735 Deus:
449 4673 541 4742 qui
573 4666 681 4725 non
703 4672 956 4743 permittet
994 4666 1080 4723 vos
1104 4670 1289 4743 tentn_ri
1319 4684 1475 4743 supra
1498 4666 1553 4720 id
1572 4667 1713 4743 quod
1744 4684 1837 4734 po-

238 4744 389 4798 testis
411 4758 432 4797 :
460 4737 567 4797 non
595 4737 974 4814 utiqueoptat,
1007 4756 1071 4794 ne
1107 4756 1190 4814 eos
1219 4737 1473 4814 Dominus
1504 4737 1690 4790 tentari
1718 4753 1837 4809 per-

237 4816 503 4886 mitteret,
519 4814 611 4868 sed
637 4810 699 4867 ne
724 4812 957 4886 supralid
983 4810 1120 4886 quod
1139 4810 1389 4886 sustinere
1414 4816 1651 4886 poterant
1674 4817 1837 4862 tenta-

234 4894 447 4939 rentur.
475 4877 619 4938 Illud
645 4877 1003 4938 enint'indicat
1026 4882 1242 4935 humani
1269 4877 1471 4934 arbitrii
1499 4877 1836 4947 facultatem;
1868 4924 1871 4925 ν

236 4954 342 5010 hoc
362 4972 487 5029 vero
509 4954 721 5029 Domini
741 4956 962 5029 gratiam
991 4953 1332 5008 tentationum
1359 4951 1639 5006 luctamina
1660 4952 1837 5006 mode-

236 5028 410 5082 rantis
438 5027 683 5080 ostendit.

316 5099 461 5154 Dicit
489 5099 712 5167 quinto,
758 5097 901 5152 Deus
929 5104 1208 5164 exspectat
1237 5104 1455 5150 nostros
1475 5103 1701 5167 conatus
1726 5136 1739 5159 ,
1775 5104 1832 5151 et

236 5166 537 5239 aliquando
569 5184 668 5224 nos
698 5170 980 5239 prtevenit.
1009 5167 1241 5239 Primam
1272 5176 1478 5236 partem
1510 5166 1668 5239 hujus
1698 5167 1830 5239 dicti

235 5238 524 5309 expressis
552 5238 732 5294 verbis
785 5239 947 5294 tradit
971 5238 1261 5309 Cassianus
1312 5239 1494 5291 collat.
1552 5238 1613 5309 15
1641 5253 1690 5309 c.
1738 5238 1825 5304 15,

233 5308 367 5368 cuin
398 5311 474 5366 ait
504 5328 517 5363 :
549 5309 617 5363 Et
642 5311 715 5364 ita
757 5324 956 5375 semper
990 5310 1159 5380 gratia
1190 5308 1282 5362 Dei
1325 5316 1501 5362 nostro
1542 5308 1597 5361 in
1624 5308 1830 5380 bonam

236 5393 439 5451 partem
463 5392 767 5449 cooperatur
785 5377 1029 5445 arbitria,
1054 5381 1281 5449 atquein
1307 5382 1537 5432 omnibus
1573 5377 1706 5432 illud
1731 5382 1799 5433 ad
1808 5409 1828 5451 τ

233 5453 414 5519 iuvat,
446 5453 665 5525 protegit
688 5468 750 5504 ac
788 5452 1050 5525 defendit,
1078 5460 1143 5525 ut
1164 5466 1551 5525 nonnumquam
1580 5456 1733 5525 etiam
1764 5450 1827 5525 ab

230 5540 297 5579 so
328 5521 1032 5595 quosdam'conatus’lbonat
1060 5521 1366 5595 voluntatis,
1402 5522 1480 5595 vel
1505 5521 1701 5595 exigat,
1726 5522 1826 5595 vel

232 5591 512 5663 exspectet,
536 5610 599 5648 ne
618 5594 825 5667 penitus
846 5591 1122 5667 dormienti
1143 5603 1234 5647 aut
1262 5592 1416 5667 inerti
1444 5593 1546 5646 otio
1570 5591 1825 5667 dissoluto

230 5682 334 5721 sua
371 5667 513 5723 dona
561 5663 799 5734 conferre
826 5663 1089 5729 videatur,
1118 5665 1408 5718 occasiones
1446 5664 1824 5735 quodammodo

229 5756 469 5811 quarens
516 5733 726 5813 quibus,
766 5737 1008 5813 humana:
1051 5735 1281 5813 segnitiei
1310 5733 1515 5813 larpore
1549 5733 1780 5813 discusso
1806 5777 1821 5805 ,

230 5805 342 5878 non
375 5805 752 5871 irrationabilis
778 5805 1149 5878 munificentia:
1175 5821 1284 5862 sua:
1307 5805 1526 5877 largitas
1560 5806 1819 5878 videatur.

231 5876 306 5939 ει
343 5896 462 5951 cap.
520 5881 589 5939 12
622 5882 794 5952 inquit
824 5898 839 5938 :
873 5876 1148 5951 Exspectat
1186 5894 1279 5936 nos
1292 5916 1311 5950 ,
1358 5876 1475 5935 cum
1514 5876 1704 5935 dicitur
1730 5890 1826 5949 per

1948 4665 2011 4737 ob
2036 4664 2132 4720 hoc
2153 4666 2311 4737 fuisse
2325 4666 2555 4733 prolata,
2583 4674 2640 4719 ut
2664 4667 2885 4721 nitamur
2910 4680 3140 4724 astruere
3168 4685 3424 4724 sumntum
3443 4687 3530 4726 sa-

1947 4734 2072 4790 lutis
2092 4734 2162 4808 in
2185 4746 2374 4791 nostra:
2401 4737 2525 4807 ﬁdei
2554 4737 2747 4791 ditione
2791 4740 3068 4795 consistere
3094 4743 3377 4796 secundum
3398 4757 3530 4808 qua-

1946 4807 2184 4883 rumdam
2210 4808 2485 4883 profanam
2505 4809 2818 4883 Opinionem,
2838 4812 2927 4879 qui
2942 4818 3113 4883 totum
3130 4811 3291 4883 libero
3312 4807 3529 4867 arbitrio

1947 4878 2270 4946 deputantes,
2296 4878 2516 4949 gratiam
2538 4879 2636 4934 Dei
2658 4878 2950 4948 dispensari
2975 4881 3259 4937 secundum
3288 4883 3527 4937 meritum

1945 4951 2350 5023 uniuscujusque
2377 4951 2648 5023 deﬁniunt.
2683 4951 2755 5023 Et
2777 4966 2896 5022 cap.
2944 4952 3031 5021 15,
3063 4965 3349 5023 pOSIquam
3375 4953 3527 5008 dixe~

1943 5029 2027 5094 rat
2057 5022 2457 5092 nonnumquam
2478 5022 2647 5077 Deum
2678 5022 2891 5091 exigere
2917 5023 3001 5078 vel
3025 5022 3344 5094 exspectare
3365 5038 3528 5094 quos-

1945 5091 2067 5146 dam
2093 5091 2329 5148 conatus
2344 5094 2497 5147 bona:
2523 5094 2834 5159 voluntatis,
2853 5094 3067 5149 subdit:
3092 5092 3161 5148 Et
3188 5091 3527 5150 nihilominus

1934 5164 2107 5238 gratia
2146 5163 2250 5238 Dei
2293 5180 2491 5238 semper
2528 5164 3279 5238 gratuitanperseverat,dum
3323 5166 3527 5238 exiguis

1932 5235 2241 5303 quibusdam
2288 5235 2556 5305 parvisque
2596 5236 2861 5305 conatibus
2890 5244 3086 5290 tantam
3115 5235 3524 5290 immortalitatis

1931 5305 2177 5375 gloriam,
2210 5313 2352 5359 tanta
2379 5307 2614 5375 perennis
2641 5304 2976 5361 beatitudinis
3014 5308 3150 5360 dona
3178 5307 3525 5362 intestimabili

1933 5378 2111 5450 tribuit
2152 5377 2409 5450 largitate.
2445 5376 2515 5432 Et
2544 5385 2673 5450 post
2692 5391 2859 5450 pauca
2882 5394 2914 5450 7:
2967 5377 3356 5450 Quantumlibet
3392 5392 3524 5450 ergo

1932 5449 2084 5503 enixa
2111 5448 2260 5518 fuerit
2285 5449 2509 5502 humana
2540 5448 2819 5519 fragilitas,
2852 5449 3055 5520 futura:
3074 5448 3399 5503 retributioni
3425 5448 3525 5520 par

1932 5534 2039 5573 esse
2065 5536 2167 5574 non
2209 5520 2430 5586 poterit;
2457 5535 2547 5573 nec
2572 5520 2644 5573 ita
2671 5519 2933 5574 laboribus
2965 5521 3069 5574 suis
3091 5520 3320 5574 divinam
3345 5519 3524 5574 immi-

1929 5592 2043 5644 nuit
2062 5591 2303 5661 gratiam,
2332 5600 2386 5645 ut
2414 5607 2516 5644 non
2535 5606 2736 5658 semper
2763 5598 3062 5661 perseveret.
3538 5628 3543 5637 τ

2001 5662 2154 5730 Quod
2178 5677 2306 5718 vero
2329 5670 2553 5717 conatus
2578 5661 2655 5716 illi
2685 5676 2795 5716 non
2814 5662 2923 5716 sint
2949 5676 3167 5731 semper
3196 5662 3514 5729 necessarii.

1929 5732 2165 5808 afﬁrmat
2200 5749 2319 5799 cap.
2355 5734 2423 5808 l5
2445 5735 2631 5808 citato,
2664 5733 2953 5802 inquiens:
2977 5730 3048 5788 Et
3074 5730 3152 5789 ita
3177 5752 3375 5808 semper
3396 5750 3517 5808 gra-

1930 5805 2003 5859 tia
2031 5804 2129 5861 Dei
2159 5815 2333 5859 nostro
2372 5805 2426 5859 in
2471 5804 2656 5859 bonam
2702 5811 2903 5872 partem
2930 5816 3238 5875 coaperatur
3261 5804 3476 5861 arbitrio
3496 5843 3514 5869 .

1930 5886 2080 5947 atque
2122 5878 2180 5932 in
2204 5875 2438 5934 omnibus
2479 5877 2611 5932 illud
2637 5877 2853 5947 adjuvat
2876 5916 2892 5947 ,
2921 5878 3139 5949 protegit
3174 5893 3234 5935 ac
3262 5878 3514 5947 defendit,
