3966 6332
1182 323 1415 384 vuum
1445 322 1723 382 DIACONI
1765 322 2055 384 usuum
2090 321 2603 386 uouscnoauu.

335 483 512 491 ___
2079 471 2244 480 __
2671 478 2986 483 _,__,_,_
3247 477 3252 479 Α

1528 659 1700 706 ANNO
1741 656 1975 704 DOIﬂNI
2018 656 2267 703 CDXXX.

665 804 1720 977 VIGILIUS
1852 766 3122 979 DIACONUS.

1424 1182 2361 1276 PROLEGOMENA.

321 1374 343 1412 s
388 1354 618 1429 Vigilius
655 1354 957 1423 Diaconos,
1014 1352 1190 1426 inquit
1228 1352 1549 1411 Gennadius
1588 1368 1707 1425 cap.
1741 1353 1832 1423 51,
1865 1356 1919 1417 Α
2013 1348 2143 1408 Haec
2190 1349 2685 1408 Solimuemaunus.
2734 1344 2859 1405 1am
2896 1355 3059 1405 antea
3098 1348 3321 1421 Regula:
3357 1347 3542 1422 Vigilii

256 1469 277 1505 s
318 1451 627 1521 composuit
659 1465 725 1505 ex
756 1449 1047 1504 traditione
1080 1447 1297 1502 Patrum
1339 1444 1715 1501 Honachorum
1744 1446 1849 1502 Re-

257 1562 277 1598 s
318 1544 532 1617 gulam,
572 1558 694 1615 qua:
731 1543 784 1596 in
812 1541 1063 1597 cmnobio
1088 1540 1153 1595 ad
1200 1540 1497 1608 profectum
1531 1538 1755 1594 fratrum
1792 1540 1847 1594 in

255 1657 275 1692 ‹
316 1648 590 1692 conventu
624 1637 853 1709 legitur,
886 1636 1134 1691 breviato
1173 1644 1225 1689 et
1254 1642 1444 1705 aperto
1476 1649 1729 1689 sermone
1759 1644 1846 1689 to-

255 1750 272 1785 ι
313 1731 419 1786 tius
449 1732 767 1786 monasticae
802 1727 1159 1801 proersionis
1204 1730 1259 1783 in
1288 1742 1349 1784 se
1379 1737 1653 1783 tenentem
1679 1727 1847 1783 disci-

252 1840 272 1875 t
314 1824 549 1892 plinam.
602 1841 621 1875 s
674 1822 732 1877 ln
760 1821 1047 1877 Trithemii
1073 1819 1495 1876 Commentariis
1523 1819 1641 1876 haec
1666 1829 1846 1875 autem

251 1911 494 1985 leguntur
533 1931 547 1967 :
585 1931 607 1967 ι
639 1910 870 1983 Vigilius
908 1912 1179 1967 Diaconos
1216 1920 1268 1967 et
1302 1909 1634 1983 monachus,
1667 1911 1755 1967 vir
1791 1912 1848 1968 in

253 2025 271 2057 ε
315 2006 611 2076 Scripturis
636 2006 836 2061 sztnctis
858 2006 1136 2061 Studiosus
1158 2010 1213 2060 ct.
1236 2004 1501 2073 eruditus,
1532 2008 1848 2063 monasticae

255 2117 272 2150 ι
314 2098 619 2167 disciplinae
642 2109 825 2153 custos
844 2108 899 2153 et
920 2107 1121 2163 rector,
1145 2096 1316 2152 fertur
1336 2098 1400 2151 ad
1426 2097 1845 2155 aedificationem

254 2209 271 2244 r
313 2192 711 2246 monachorum
746 2193 992 2259 quaedam
1034 2191 1251 2247 cudisse
1298 2192 1589 2271 opuscula,
1626 2207 1747 2261 quae
1776 2191 1845 2247 ad

255 2304 272 2338 ι
314 2295 560 2338 nostram
603 2284 921 2339 memoriam
964 2285 1151 2341 venire
1178 2294 1229 2340 et
1274 2283 1520 2339 locorum
1553 2292 1609 2340 ct
1638 2293 1851 2355 tempo-

254 2397 271 2430 ι
312 2394 424 2431 rum
473 2377 737 2432 distantia
790 2376 1085 2447 prohibuit.
1146 2378 1286 2433 Dicit
1330 2387 1512 2433 autem
1561 2377 1848 2450 presbyter

255 2490 274 2525 α
314 2470 655 2537 Gennadius,
684 2470 974 2540 scripsisse
1004 2472 1159 2526 illum
1186 2469 1343 2527 valde
1365 2472 1555 2526 utilem
1583 2470 1846 2542 Regulam

254 2582 271 2616 ι
315 2563 378 2617 de
423 2565 857 2619 conversatione
908 2564 1296 2619 monachorum
1343 2562 1395 2618 in
1431 2578 1541 2619 uno
1572 2565 1732 2620 libro.
1768 2564 1847 2622 De

252 2674 269 2709 ι
314 2658 527 2712 caeteris
557 2673 661 2712 non
689 2658 943 2729 loquitur.
968 2656 1175 2713 Claruit
1197 2658 1300 2713 sub
1324 2657 1568 2715 Honorio
1590 2666 1646 2715 et
1667 2657 1846 2714 Theo-

1949 1444 2068 1519 ipse
2094 1446 2271 1503 editor
2293 1446 2563 1502 Marianas
2587 1442 2823 1501 Brocltie
2848 1442 3062 1500 dixerat
3091 1462 3103 1499 :

2027 1560 2046 1595 s
2090 1540 2384 1609 Hucusque
2406 1551 2519 1596 octo
2538 1539 2761 1612 Regula:
2786 1539 3131 1595 Orientalium
3152 1537 3369 1595 Patrum
3391 1538 3545 1597 exhi-

1948 1633 2075 1691 bita:
2114 1644 2241 1690 suut
2271 1636 2322 1689 in
2368 1635 2470 1691 hoc
2497 1634 2662 1690 Luca:
2693 1634 2958 1689 Holstenii
2990 1630 3206 1697 Codice,
3240 1648 3309 1688 ex
3345 1634 3545 1701 quibus

1950 1727 2178 1797 Vigilius
2208 1728 2475 1783 Diaconus
2512 1728 2650 1781 hanc
2682 1724 3073 1782 Mouachorum
3103 1722 3367 1795 Regulam
3396 1740 3547 1781 com-

1947 1821 2167 1891 posuit,
2203 1832 2325 1890 quae
2365 1819 2523 1889 proin
2567 1819 2765 1875 merito
2794 1828 2848 1874 et
2890 1816 3171 1872 Orientalis
3207 1816 3312 1873 dici
3342 1823 3543 1887 potest,

1949 1898 2201 1986 quamvis
2229 1914 2280 1967 in
2313 1911 2609 1968 Occidente
2634 1912 2839 1982 scripta
2865 1909 3135 1967 videatur.
3182 1907 3390 1965 Laudat
3428 1909 3548 1980 qui-

1948 2008 2072 2063 dem
2099 2006 2238 2062 hanc
2260 2005 2519 2077 Regulam
2546 2004 2882 2073 Gennadius,
2914 2002 3219 2073 asseritque
3240 2001 3389 2058 illam
3416 2003 3547 2059 bre-

1950 2102 2093 2156 viato
2116 2110 2170 2155 et
2200 2109 2391 2170 aperto
2423 2112 2677 2153 sermone
2707 2099 2872 2152 totius
2898 2094 3215 2152 monasticae
3243 2093 3546 2166 professio-

1949 2194 2030 2249 nis
2050 2192 2389 2265 disciplinam
2406 2192 2710 2255 continere,
2728 2204 2796 2245 ex
2816 2204 2917 2259 qua
2942 2189 3093 2259 proin
3112 2186 3169 2245 S.
3190 2186 3547 2258 Benedictus,

1947 2286 2170 2342 Anianac
2198 2286 2388 2355 abbas,
2419 2300 2530 2340 sua:
2558 2282 2886 2354 Regularum
2913 2280 3236 2337 Concordite
3267 2280 3433 2335 multa
3464 2281 3549 2337 in-

1946 2380 2148 2446 seruit;
2192 2374 2651 2450 quemadmodum
2682 2383 2738 2432 et
2768 2373 3129 2443 Smaragdus,
3176 2372 3237 2429 S.
3265 2371 3549 2430 Michaelis

1948 2474 2000 2529 in
2033 2471 2376 2543 Lotharingia
2408 2470 2578 2527 abbas
2600 2508 2619 2538 ,
2672 2470 2725 2523 in
2756 2483 2851 2523 sua
2903 2466 3127 2537 Regulae
3175 2464 3549 2521 Benedictinas

1948 2566 2322 2639 Expositione.
2366 2563 2595 2621 Constat
2633 2572 2815 2619 autem
2848 2560 2967 2617 haec
3008 2559 3210 2631 Regula
3242 2558 3432 2615 XLVII
3458 2572 3551 2614 ca-

1948 2663 2170 2734 pitibus,
2202 2660 2399 2732 quibus
2427 2658 2723 2714 includitur
2752 2656 3011 2728 quidquid
3041 2656 3107 2711 ad
3134 2656 3334 2711 bonum
3366 2652 3549 2723 cujus-

252 2769 269 2802 s
310 2750 461 2806 dosio
490 2751 851 2821 principibus,
881 2767 1026 2807 anno
1055 2750 1182 2808 420.
1223 2772 1243 2806 s
1287 2752 1481 2807 Exstat
1511 2758 1696 2808 tamen
1724 2752 1842 2811 haec
1872 2761 1919 2823 Β
1946 2770 2052 2827 que
2080 2753 2397 2809 monasterii
2438 2752 2685 2824 regimen
2714 2752 2972 2823 pertinet,
3008 2756 3063 2805 et
3089 2765 3210 2821 quae
3241 2763 3308 2801 cx
3341 2746 3548 2817 Regula

250 2842 436 2914 Regula
460 2845 570 2899 sub
600 2846 754 2901 titulo
778 2845 989 2919 Regula
1018 2845 1295 2902 Orientalis
1314 2863 1383 2902 ea:
1415 2845 1632 2900 Patrum
1657 2846 1843 2902 Orien-

249 2940 411 2993 talium
472 2938 698 3009 Regalis
748 2941 976 2996 collectiv
1018 2959 1051 2994 a
1104 2939 1294 3014 Vigilio
1336 2940 1567 2995 Diacono
1623 2940 1675 2995 iu
1728 2940 1840 2997 Co-

249 3033 354 3089 dice
377 3032 711 3109 Regularum
741 3053 900 3106 quem
929 3035 1094 3091 edidit
1129 3034 1318 3090 linum
1343 3051 1433 3090 an.
1467 3033 1627 3101 1661,
1663 3035 1837 3105 ἰπὶ-4ο,

249 3124 408 3182 Lucas
457 3125 811 3195 Holstcnius;
863 3137 1006 3198 part.
1053 3143 1073 3184 ι
1113 3129 1199 3184 ed.
1254 3126 1636 3194 l’aris.1665,
1675 3126 1837 3199 ἱππ-4⁸,

250 3235 298 3293 p.
324 3220 532 3291 88~95;
569 3230 626 3279 et
654 3239 803 3279 nova:
826 3240 985 3295 quam
1010 3223 1288 3279 accuravit
1314 3222 1581 3278 Mariauus
1610 3222 1840 3279 Brut'kie

250 3322 296 3368 et
334 3326 449 3383 post
493 3325 734 3372 mortem
766 3316 887 3388 ejus
926 3315 1217 3373 ediderunt
1267 3318 1399 3372 socii
1429 3320 1549 3386 ejus
1579 3318 1840 3388 Augustae

251 3403 397 3553 gind.
424 3424 514 3464 an.
556 3408 724 3477 i759,
756 3424 852 3466 sex
876 3410 1244 3467 voluminibus
1276 3410 1513 3476 in-folio,
1545 3420 1677 3468 tom.
1710 3411 1751 3475 Ι,
1782 3427 1838 3483 p.

282 3499 420 3553 0-64.
446 3520 452 3527 ·

282 3499 420 3558 0-64.
446 3520 452 3527 ·

1948 2847 2009 2905 S.
2058 2845 2338 2903 Pachumii
2386 2846 2702 2917 plerumque
2748 2844 3077 2909 desumitur;
3128 2856 3251 2898 cum
3299 2853 3547 2911 persaepe

1947 2942 2149 2999 ibidem
2174 2940 2408 3012 proprias
2439 2937 2498 2998 8.
2532 2938 2809 2996 Pacltomii
2852 2938 3138 2993 sententite
3173 2936 3543 3006 reperiantur.

1949 3036 2095 3093 Vixit
2124 3035 2344 3107 quidem
2376 3033 2607 3107 Vigilius
2632 3033 2902 3090 Diaconus
2932 3032 3133 3088 smculo
3170 3030 3362 3103 quinto
3387 3070 3403 3095 ,
3446 3026 3547 3086 sed

1946 3132 2229 3203 ignoratur
2256 3131 2413 3201 cujus
2442 3128 2708 3187 Ecclesiae
2736 3127 2899 3184 fuerit
2942 3126 3207 3182 diaconus
3232 3165 3249 3191 ,
3294 3121 3546 3195 quamvis

1946 3223 2090 3294 apud
2126 3223 2315 3281 Gallos
2356 3222 2610 3280 floruisse
2646 3222 2875 3293 supponi
2908 3220 3103 3293 possit,
3138 3232 3263 3276 cum
3297 3213 3547 3274 nonnulli

1945 3317 2304 3383 contendant,
2338 3310 2476 3373 hanc
2508 3312 2763 3389 Regulam
2795 3314 3125 3382 ()rientalem,
3148 3312 3219 3369 ab
3247 3311 3367 3382 ipso
3391 3325 3543 3367 com.

1946 3413 2207 3483 positam,
2239 3410 2292 3466 in
2326 3410 2661 3466 monasterio
2687 3409 2745 3467 S.
2775 3409 3051 3466 Maximini
3072 3404 3416 3466 Trevirensis
3440 3419 3540 3462 eo-

1946 3504 2069 3561 dem
2105 3505 2305 3562 saeculo
2344 3502 2511 3560 fuisse
2537 3501 2900 3560 observatam.
2948 3519 2970 3556 s

1095 3766 1779 3931 manu
1884 3766 2683 3882 nucem

590 3996 649 4043 "‘
792 3972 1502 4107 REGULA
1591 3979 2899 4114 MONACHORUM
2932 4088 2961 4128 ς

1564 4189 1716 4266 Qua:
1746 4188 1935 4269 vulgo
1972 4188 2211 4252 dicitur

1216 4346 1709 4435 REGULA

1809 4348 2549 4435 OBIENTALIS.

1353 4511 1468 4564 Cod.
1492 4509 1725 4574 Reguiar.
1752 4509 1954 4560 Marian.
1980 4509 2192 4561 Brockie
2223 4515 2340 4562 tom.
2366 4507 2443 4573 Ι.)

317 4752 358 4813 1.
392 4754 666 4827 litaeque
684 4756 930 4814 seniores
951 4755 1008 4812 in
1033 4755 1289 4828 regendis
1316 4754 1581 4811 fratribus
1601 4752 1835 4810 inaniter
1862 4758 1908 4823 ρ
1937 4760 2028 4822 get
2054 4797 2068 4821 ,
2099 4752 2429 4810 condemnet
2454 4792 2469 4819 .
2499 4752 2585 4809 vel
2614 4751 2913 4824 suscipiat,
2939 4751 2985 4809 si
3031 4752 3103 4808 ita
3130 4751 3266 4809 utile
3293 4751 3531 4820 videtur,

254 4848 532 4920 laborent,
563 4863 739 4922 neque
772 4851 1055 4923 disciplina
1090 4851 1370 4923 juniorum
1412 4850 1667 4917 vacillet,
1708 4862 1833 4918 qua:

256 4942 454 5000 abbatis
479 4946 895 5002 conversatione
923 4944 1161 5001 stabilita
1192 4943 1350 5001 ﬁrma
1381 4944 1471 5011 sit,
1500 4949 1715 5014 oportet
1740 4942 1834 4998 ab-

257 5033 423 5091 batem
462 5038 999 5108 irreprebensibilem
1032 5053 1176 5103 esse,
1206 5054 1479 5107 severum,
1517 5039 1829 5109 patientem,

254 5126 505 5199 jejunum,
530 5132 702 5201 pium,
727 5130 987 5187 humilem
1014 5148 1027 5185 :
1052 5132 1362 5186 utdoctnris
1386 5140 1440 5186 et
1466 5131 1633 5199 patris
1655 5131 1832 5185 locum

259 5218 469 5290 impleat
493 5222 730 5292 seipsum
760 5222 983 5279 formam
1012 5223 1260 5294 praebens
1287 5224 1552 5278 bonorum
1581 5237 1830 5292 operum.

261 5309 335 5364 Ad
367 5313 517 5380 cuius
556 5313 959 5371 ordinationem
1015 5329 1205 5371 omnes
1255 5315 1454 5371 fratres
1504 5316 1833 5387 respiciant;

263 5400 384 5458 nihil
403 5403 522 5461 sine
544 5406 775 5461 consilio
796 5413 851 5462 et
871 5408 1195 5464 auctoritate
1221 5408 1392 5477 ipsius
1420 5406 1701 5464 facientes.
1733 5406 1839 5478 Qui

264 5496 524 5554 sustinens
578 5500 895 5557 monasterii
944 5502 1298 5557 necessitates
1341 5502 1410 5558 de
1437 5503 1690 5557 omnibus
1716 5518 1836 5573 qua:

268 5589 315 5643 in
342 5594 662 5650 monasterio
689 5603 816 5677 sunt
858 5593 1033 5651 libere
1056 5595 1357 5665 iudicabit;
1407 5598 1610 5652 nullius
1647 5611 1839 5669 perso-

266 5696 378 5739 nam
398 5686 686 5759 accipiens,
708 5704 807 5748 nec
826 5692 919 5748 ulli
941 5694 1172 5764 gratiam
1201 5701 1489 5763 praestans,
1512 5692 1607 5749 sed
1638 5709 1834 5749 unum-

269 5790 525 5853 quemque
558 5786 854 5843 seeundmu
881 5786 1075 5845 merits
1112 5787 1444 5859 quotidianae
1470 5788 1835 5846 conversatio-

272 5870 350 5930 nis
376 5872 432 5935 iu
458 5878 683 5942 veritate
704 5880 960 5953 judicans
979 5924 997 5954 ,
1028 5882 1344 5956 admoneat,
1376 5882 1643 5953 hortetur,
1676 5882 1835 5941 casti-

1938 4850 2222 4907 venientes
2247 4849 2315 4905 ad
2340 4850 2761 4916 monasterium;
2792 4849 2879 4906 vel
2917 4848 3128 4919 eiiciat,
3159 4850 3206 4904 si
3238 4850 3311 4904 ita
3342 4863 3532 4906 neces-

1936 4945 2068 5002 sitas
2100 4943 2282 5010 fuerit,
2313 4944 2454 5000 male
2479 4942 2809 5000 habitantes.

2009 5037 2074 5095 ii.
2116 5039 2173 5094 in
2213 5040 2547 5097 monasterio
2576 5040 2824 5096 seniores
2858 5039 2969 5095 sint
3008 5039 3149 5106 duo,
3184 5040 3249 5093 ad
3281 5054 3416 5107 quos
3447 5042 3532 5097 vel

1936 5142 2203 5204 prmsente
2229 5133 2425 5191 abbate
2453 5134 2540 5191 vel
2570 5135 2794 5190 absente
2832 5134 3078 5189 omnium
3116 5132 3337 5187 fratrum
3367 5134 3506 5189 (Περὶ

1938 5226 2081 5295 plina
2122 5232 2179 5282 et
2207 5227 2385 5281 omnis
2422 5241 2556 5282 cura
2600 5226 2918 5282 monasterii
2969 5226 3238 5295 pertineat
3285 5242 3297 5277 :
3343 5228 3536 5278 dantes

1938 5319 2037 5375 sibi
2067 5319 2216 5376 vices
2252 5336 2348 5391 per
2377 5319 2514 5385 dies.
2547 5330 2602 5377 et
2639 5319 2947 5375 dividentes
2974 5319 3117 5373 inter
3142 5332 3201 5373 se
3232 5319 3439 5386 pondus
3471 5332 3536 5371 ac

1941 5415 2323 5470 necessitatem
2356 5417 2702 5483 monasterii;
2750 5430 2817 5471 ex
2857 5413 3055 5485 quibus
3100 5427 3241 5467 unus
3284 5418 3535 5479 tempore

1939 5521 2038 5562 suo
2062 5521 2304 5578 praesens
2333 5510 2387 5563 in
2420 5509 2752 5564 monasterio
2783 5521 2998 5576 semper
3019 5506 3144 5574 erit,
3176 5502 3241 5557 ad
3276 5513 3535 5573 praestan-

1941 5603 2067 5658 dum
2095 5603 2275 5657 abbati
2308 5603 2560 5659 solatium
2588 5648 2603 5674 ,
2639 5603 2725 5659 vel
2768 5603 3085 5669 obsequium
3117 5598 3531 5655 advenientibus

1941 5694 2231 5763 fratribus;
2269 5704 2325 5751 et
2352 5696 2419 5752 ad
2446 5696 2879 5767 procedendum,
2913 5693 3001 5748 ubi
3046 5690 3339 5747 necessitas
3386 5706 3533 5743 eom-

1942 5788 2119 5845 munis
2153 5789 2434 5859 exegerit,
2471 5797 2630 5858 atque
2668 5787 3000 5858 diligentiam
3029 5784 3171 5840 circa
3205 5783 3383 5839 omnia
3414 5797 3533 5853 quae

1944 5883 2009 5942 ad
2036 5882 2407 5956 quotidianam
2440 5881 2741 5939 custodiam
2770 5887 2828 5937 et
2850 5876 3320 5936 conversationem
3350 5890 3531 5934 mensa
