3966 6332
448 261 566 354 ,βπ

1813 261 2043 322 victui
2083 261 2354 322 DIACONI
2963 278 2965 280 ·
3233 229 3239 232 ’
3611 269 3702 328 576

457 355 611 443 sterii
641 384 914 456 pertinent
947 383 1304 442 adhibendam
1342 399 1354 437 :
1389 390 1447 438 ut
1473 395 1829 453 quaecumque
1857 384 1923 436 ad
1951 385 2042 437 ob-
2067 383 2123 443 A
2147 382 2548 453 przescientiam
2573 380 2856 454 principis,
2871 381 3077 454 absque
3094 393 3204 454 quo
3222 381 3400 441 nullus
3420 382 3708 456 increpandi

456 478 703 548 sequium
753 492 1021 548 usumque
1068 474 1382 531 monasterii
1419 473 1664 529 facienda
1710 482 1871 539 sunt,
1926 473 2045 528 sine

460 569 790 639 negligentia
836 579 891 623 et
935 567 1156 638 querela
1199 569 1415 621 faciant.
1448 566 1601 621 Alius
1629 579 1754 620 cum
1792 563 2044 620 fratribus

458 663 587 727 erit,
617 673 859 729 tempore
887 677 984 716 suo
1004 661 1245 716 exiturus
1267 676 1387 715 cum
1415 660 1550 730 ipsis
1574 659 1638 714 ad
1669 659 1853 715 omnia
1883 673 2047 729 opera

457 767 508 808 et
543 770 758 807 onmem
806 756 1184 808 necessitatem
1211 794 1226 814 ,
1277 753 1567 822 providens
1611 768 1678 808 ne
1707 752 1831 821 quid
1859 758 2049 807 contra

460 847 797 915 disciplinam
837 848 1056 900 fariant.
1112 845 1210 912 Qui
1259 846 1610 901 considerans
1659 861 1847 900 omnes
1897 852 2048 899 actus

460 941 792 1008 singulorum
824 980 838 1001 ,
887 942 929 992 si
981 955 1100 1006 quae
1130 949 1315 993 contra
1355 941 1620 994 rationem
1657 937 1798 994 facta
1829 937 2046 1004 viderit,

456 1034 550 1086 sed
582 1046 671 1096 per
701 1045 758 1082 se
784 1030 1056 1096 emendet,
1090 1031 1177 1085 vel
1208 1030 1386 1085 abbati
1423 1031 1643 1084 indicet.
1792 1018 1796 1022 ’

533 1123 620 1176 III.
666 1122 761 1178 Ille
794 1139 924 1177 vero
949 1169 963 1191 ,
1006 1127 1094 1194 qui
1129 1125 1422 1178 secundum
1469 1125 1713 1179 ordinem
1754 1122 2052 1190 disciplina

463 1215 806 1270 ordia.atioue
831 1216 1046 1270 abbatis
1073 1233 1134 1270 ex
1166 1217 1396 1272 consilio
1423 1225 1478 1271 et
1506 1216 1786 1271 voluntate
1811 1215 2050 1270 omnium

461 1308 686 1362 fratrum
722 1312 971 1363 fratribus
1006 1310 1322 1379 praepositus
1351 1320 1464 1371 est.
1501 1325 1718 1364 omnem
1761 1308 1828 1363 ad
1875 1322 1934 1361 se
1963 1323 2053 1362 cu-

459 1414 576 1453 ram
605 1400 671 1455 de
698 1402 796 1454 diSt
818 1402 982 1469 iplina
1019 1402 1239 1456 fratrum
1279 1411 1332 1458 et
1376 1402 1710 1472 diligentiam
1739 1398 2050 1454 monasterii

460 1495 772 1559 remeabit;
805 1494 1008 1548 habens
1032 1504 1349 1564 potestatem
1375 1494 1567 1549 abbate
1583 1493 1806 1548 absente
1824 1491 2054 1548 faciendi

462 1587 639 1640 omnia
667 1602 789 1656 qum
829 1589 992 1642 abbas
1035 1603 1272 1657 praesens
1301 1590 1448 1644 facit.
1494 1588 1589 1644 Ille
1627 1595 1806 1642 autem
1844 1586 2054 1656 patien-

464 1682 629 1742 tiam,
685 1680 1153 1734 mausuctudinem
1179 1721 1194 1747 ,
1250 1680 1607 1734 humilitatem
1635 1723 1651 1748 ,
1703 1679 2049 1747 charitatem,

2150 475 2372 532 fratrem
2403 477 2620 532 habebit
2648 485 2996 547 potestatem.

2221 569 2359 626 XIV.
2401 570 2462 626 Si
2503 571 2751 626 inventus
2785 570 2950 627 fuerit
2986 583 3124 626 unus
3162 584 3194 625 a
3233 569 3489 627 fratribus
3527 573 3710 645 aliquid

2150 675 2246 730 per
2271 661 2674 718 contentionem
2719 677 2924 733 agens,
2969 662 3055 717 vel
3103 661 3476 717 contradicens
3514 665 3711 734 majoris

2149 751 2414 821 imperio,
2457 753 2758 824 increpabit
2785 753 2937 822 juxta
2987 767 3293 808 mensuram
3322 755 3527 823 peccati
3555 758 3650 811 sui.

2231 843 2349 899 XV.
2396 845 2498 914 Qui
2546 846 2838 911 mentitur,
2890 855 2983 901 aut
3027 846 3151 901 odio
3179 861 3494 916 quemquam
3536 848 3714 905 habere

2151 937 2310 994 fuerit
2336 939 2712 1008 deprehensus
2739 982 2755 1008 ,
2787 948 2880 994 aut
2921 939 3240 995 iuobediens
3267 981 3282 1007 ,
3321 951 3414 995 aut
3456 941 3574 1010 plus
3608 941 3714 1011 joco

2151 1044 2312 1099 quam
2345 1030 2634 1086 honestum
2664 1039 2752 1086 est
2773 1031 2985 1087 deditus
3008 1073 3023 1098 ,
3065 1041 3160 1086 aut
3187 1031 3398 1086 otiosus
3423 1073 3438 1098 ,
3485 1042 3571 1086 aut
3601 1033 3716 1090 dure

2151 1121 2512 1191 respondens,
2541 1132 2634 1176 aut
2663 1122 2868 1178 habens
2895 1123 3343 1178 consuetudinem
3370 1122 3614 1178 fratribus
3634 1124 3716 1180 de-

2153 1212 2404 1268 trahendi
2437 1213 2520 1268 vel
2551 1212 2635 1267 his
2664 1216 2753 1284 qui
2799 1213 2934 1268 foris
2964 1225 3116 1282 sunt,
3155 1223 3209 1269 et
3233 1213 3456 1269 omnino
3483 1213 3718 1284 quidquid

2153 1315 2341 1361 contra
2377 1305 2641 1378 Regulam
2679 1308 3083 1378 Scripturarum
3114 1315 3198 1364 est
3229 1316 3284 1363 et
3321 1309 3622 1364 monasterii
3651 1311 3720 1365 di-

2154 1397 2440 1468 sciplinam
2471 1439 2485 1464 ,
2517 1408 2571 1454 et
2601 1399 2835 1455 audierit
2865 1409 3023 1470 pater
3061 1398 3378 1455 monasterii
3404 1439 3419 1465 ,
3455 1399 3720 1457 vindicabit

2151 1488 2303 1560 juxta
2334 1505 2642 1546 mensuram
2683 1505 2927 1562 opusque
2960 1492 3191 1562 peccati.

2227 1581 2372 1637 XVI.
2412 1582 2471 1638 Si
2518 1598 2710 1639 omnes
2756 1583 2951 1639 fratres
3002 1584 3237 1640 viderint
3277 1584 3617 1654 pra-positum
3652 1587 3723 1642 ni-

2156 1675 2324 1731 mium
2358 1678 2744 1747 negligentem,
2774 1687 2865 1733 aut
2896 1677 3029 1732 dure
3058 1679 3426 1748 increpantem
3451 1677 3650 1744 fratres,
3676 1690 3722 1737 et

461 1773 776 1840 aequitatem
803 1814 816 1838 ,
866 1775 984 1826 sine
1017 1788 1369 1842 personarum
1412 1774 1730 1843 acceptione
1775 1771 2054 1836 servabit;
2086 1760 2136 1822 B
2161 1783 2467 1824 mensuram
2499 1769 2814 1825 monasterii
2839 1768 3185 1825 excedentem
3205 1811 3219 1834 ,
3249 1767 3491 1824 referant
3517 1770 3614 1826 hoc
3639 1787 3721 1842 pa-

456 1863 530 1918 ita
563 1879 748 1932 agens,
780 1877 834 1919 ut
867 1881 968 1922 nec
992 1866 1170 1922 abbati
1208 1865 1425 1921 taedium
1451 1876 1696 1936 generet,
1726 1880 1827 1921 nec
1852 1864 2048 1920 fratres

455 1954 878 2027 intemperantia
910 1959 1057 2014 illius
1086 1958 1346 2014 laborent.
1381 1957 1507 2012 Haec
1530 1957 1840 2013 observabit
1867 1957 2050 2013 senior

456 2051 780 2104 monasterii
811 2052 900 2120 qui
933 2050 1188 2107 fratribus
1219 2051 1540 2121 praepositus
1570 2058 1674 2116 est,
1708 2048 1956 2105 referens
1981 2048 2049 2104 ad

455 2139 704 2194 abbatem
734 2141 915 2196 omnia
942 2185 957 2210 ,
1011 2142 1097 2198 vel
1126 2142 1402 2213 praecipue
1447 2141 1536 2196 illa
1576 2155 1698 2212 quae
1724 2156 1821 2214 per
1850 2156 1911 2198 se
1937 2156 2049 2196 non

455 2235 690 2290 voluerit
708 2235 1001 2303 explicare.

532 2327 618 2382 IV.
649 2326 1097 2384 Conuneudatum
1125 2327 1340 2397 aliquod
1365 2328 1526 2384 etiam
1549 2343 1577 2382 a
1605 2341 1868 2399 germano
1886 2329 2048 2385 fratre

453 2419 638 2473 nullus
668 2420 898 2488 accipiat
932 2435 945 2472 :
980 2420 1113 2474 nihil
1151 2419 1207 2474 in
1241 2420 1375 2476 cella
1416 2436 1514 2475 sua
1543 2421 1746 2490 absque
1775 2420 2050 2492 praepositi

451 2508 694 2579 jussione
737 2510 1006 2581 quispiam
1038 2511 1271 2578 habeat,
1315 2528 1416 2568 nec
1451 2527 1610 2582 poma
1642 2513 1857 2582 quidem
1893 2512 2046 2568 vilis-

453 2600 613 2669 sima,
641 2610 694 2657 et
719 2612 914 2658 caetera
944 2603 1344 2674 hujuscemodi.

530 2695 592 2749 V.
635 2695 934 2768 Operantes
975 2712 1104 2753 vero
1143 2697 1338 2754 fratres
1375 2698 1508 2753 nihil
1548 2698 1839 2768 loquantur
1875 2715 2049 2756 saecu-

450 2786 569 2843 lare
605 2807 616 2841 :
653 2789 749 2845 sed
791 2799 882 2845 aut
918 2787 1251 2846 meditentur
1286 2805 1350 2846 ea
1388 2805 1511 2862 quae
1547 2799 1736 2847 sancta
1775 2803 1921 2862 sunt,
1955 2801 2048 2848 aut

454 2889 606 2938 certe
633 2880 889 2936 silebunt.

525 2969 610 3025 VI.
655 2970 759 3039 Qui
795 2979 976 3028 autem
1017 2972 1310 3044 coquinat,
1354 2982 1643 3046 antequam
1690 2974 1890 3032 fratres
1919 2977 2048 3033 refl-

451 3065 620 3133 ciant,
653 3081 761 3121 non
791 3067 1029 3136 gustabit
1054 3069 1367 3139 quidquam.

2152 1859 2242 1928 tri,
2273 1869 2330 1916 et
2356 1860 2426 1914 ab
2453 1875 2519 1917 eo
2551 1862 2880 1931 increpetur.
2908 1875 3028 1931 .pse
3055 1871 3232 1916 autem
3263 1863 3579 1932 praepositus
3607 1863 3723 1919 nihil

2153 1953 2336 2021 faciat,
2364 1955 2467 2010 nisi
2497 1954 2642 2026 quod
2677 1963 2830 2025 pater
2853 1955 3079 2022 jusserit
3106 1972 3119 2008 :
3148 1954 3385 2010 maxime
3414 1955 3467 2009 in
3495 1970 3552 2011 re
3579 1971 3719 2013 nova.

2152 2045 2285 2114 Quae
2312 2061 2378 2101 ex
2407 2060 2562 2102 more
2602 2044 2916 2113 descendit,
2965 2045 3209 2101 servabit
3249 2044 3512 2116 Regulam
3557 2061 3723 2102 mona-

2152 2140 2329 2196 sterii.

2225 2231 2390 2288 XVII.
2437 2231 2766 2304 Prwpositus
2791 2247 2922 2288 vero
2949 2246 3057 2288 non
3087 2231 3413 2298 inebrietur,
3437 2246 3536 2288 nec
3561 2231 3725 2289 sedeat

2151 2325 2206 2381 in
2241 2324 2620 2380 humilioribus
2654 2325 2808 2382 locis.
2852 2324 2932 2381 Ne
2958 2334 3175 2395 rumpat
3207 2325 3424 2380 vincula
3459 2341 3574 2396 quae
3600 2325 3722 2381 Deus

2151 2417 2204 2472 in
2232 2419 2371 2472 caelo
2401 2417 2642 2473 condidit
2671 2426 2730 2472 ut
2759 2417 3117 2473 observentur
3146 2418 3201 2472 in
3231 2419 3416 2474 terris.
3447 2417 3523 2473 Ne
3562 2418 3721 2487 lugeat

2151 2510 2207 2566 in
2239 2511 2330 2566 die
2355 2511 2492 2566 festo
2517 2510 2728 2565 Domini
2763 2509 3093 2575 Salvatoris;
3124 2510 3439 2565 dominetur
3461 2511 3603 2565 carui
3626 2525 3724 2565 sua:

2147 2603 2299 2674 juxta
2323 2618 2632 2659 mensuram
2655 2603 2998 2660 Sanctorum.
3023 2602 3140 2658 Non
3169 2603 3476 2658 inveniatur
3495 2603 3546 2657 in
3567 2603 3724 2658 excel-

2151 2697 2227 2752 sis
2257 2697 2547 2764 cubilibus,
2584 2697 2802 2752 imitans
2831 2711 3034 2752 morem
3065 2696 3370 2767 gentilium.
3401 2697 3515 2752 Non
3549 2696 3615 2751 sit
3639 2697 3724 2752 du-

2151 2789 2308 2859 plicis
2329 2788 2474 2845 Ildei.
2504 2787 2621 2844 Non
2653 2800 2909 2860 sequatur
2932 2787 3116 2845 cordis
3141 2789 3226 2844 sui
3254 2789 3616 2860 cogitationes,
3638 2790 3722 2846 sed

2151 2884 2326 2954 legem
2366 2883 2483 2938 Dei.
2524 2883 2644 2938 Non
2671 2883 2894 2938 resistat
2924 2883 3340 2939 sublimioribus
3379 2884 3600 2938 tumenti
3621 2885 3723 2938 ani-

2152 2992 2242 3032 mo
2267 2976 2645 3047 potestatibus.
2687 2974 2766 3031 Ne
2794 2973 3012 3045 fremat,
3042 2989 3143 3030 nec
3173 2973 3368 3029 hirriat
3395 2977 3557 3030 iratus
3580 2989 3722 3046 super

2155 3067 2505 3132 humiliores;
2539 3082 2638 3123 nec
2667 3066 2956 3123 transferat
2980 3067 3244 3122 terminos
3266 3067 3508 3138 Regulae.
3535 3067 3644 3122 Non
3664 3067 3722 3122 sit

525 3156 636 3212 VII.
679 3158 849 3214 Nemo
890 3160 944 3214 in
971 3161 1109 3215 cella
1146 3170 1236 3216 aut
1271 3162 1325 3216 in
1355 3160 1516 3216 domo
1543 3174 1639 3217 sua
1670 3161 1868 3218 habeat
1890 3164 2046 3235 quid-
2072 3139 2121 3204 (ἶ
2153 3159 2554 3229 fraudulentus,
2589 3177 2766 3232 neque
2808 3162 2862 3216 in
2903 3161 3323 3231 cogitationibus
3353 3171 3533 3218 verset
3556 3161 3720 3227 dolos;

455 3263 614 3320 quam
648 3261 844 3319 praeter
871 3265 935 3306 ea
961 3296 975 3320 ,
1013 3267 1136 3323 qua:
1174 3251 1232 3309 in
1263 3253 1537 3309 communi
1577 3255 1891 3311 monasterii
1927 3257 2045 3328 lege

453 3352 724 3411 pra'cepta
755 3351 900 3397 sunt.

526 3431 664 3487 VIII.
708 3433 952 3504 Cumque
994 3435 1061 3491 ad
1103 3435 1480 3493 dormiendum
1532 3453 1592 3494 se
1634 3439 2044 3508 collocaveriut,

453 3523 594 3579 alter
621 3523 778 3580 alteri
808 3541 917 3582 non
949 3527 1220 3597 loquatur.
1251 3527 1460 3584 Cellam
1489 3530 1732 3597 alterius,
1763 3532 1866 3587 nisi
1893 3533 2044 3603 prius

453 3617 522 3673 ad
547 3619 743 3674 ostium
772 3621 1057 3691 percutiat,
1083 3622 1309 3679 introire
1335 3639 1442 3678 non
1468 3623 1684 3680 audeat.

522 3711 616 3766 IX.
658 3712 867 3770 Mutare
894 3713 962 3770 de
988 3714 1074 3770 bis
1097 3732 1216 3786 quae
1246 3733 1276 3770 a
1308 3719 1598 3788 praeposito
1621 3721 1896 3789 acceperit
1923 3735 2047 3776 cum

455 3806 629 3862 altero
660 3822 766 3863 non
791 3807 1033 3865 audebit.
1079 3809 1190 3866 Nec
1217 3811 1452 3880 accipiet
1480 3812 1672 3867 melius
1699 3821 1754 3868 et
1779 3813 1928 3869 dabit
1953 3815 2048 3870 de-

454 3900 647 3971 terius,
679 3910 772 3955 aut
802 3905 1108 3959 econtrario
1145 3904 1279 3958 dans
1319 3906 1515 3960 melius
1555 3917 1609 3962 et
1638 3907 1877 3965 deterius
1905 3910 2049 3965 acci-

453 3994 635 4064 piens.
665 3994 836 4051 Nemo
865 3996 934 4052 ab
959 3997 1130 4053 altero
1166 3999 1396 4068 accipiat
1422 3999 1731 4071 quidpiam,
1765 4002 1868 4057 nisi
1903 4018 2043 4073 prte-

455 4089 664 4158 positus
688 4088 935 4157 jusserit.

526 4179 594 4234 X.
638 4179 834 4236 Clausa
862 4183 999 4239 cella
1039 4183 1217 4238 nullus
1245 4184 1508 4253 dormiat,
1540 4201 1639 4242 nec
1667 4187 1861 4243 habeat
1890 4186 2044 4242 cubi-

454 4270 636 4326 culum
679 4273 822 4340 quod
867 4274 1046 4331 claudi
1078 4277 1287 4346 possit,
1332 4279 1433 4333 nisi
1474 4278 1614 4335 forte
1641 4279 1787 4336 aetati
1819 4279 2047 4350 alicujus

453 4362 541 4418 vel
572 4363 870 4419 infirmitati
897 4377 1050 4434 pater
1079 4371 1392 4424 monasterii
1424 4373 1777 4426 concesserit.

526 4452 620 4507 XI.
663 4453 834 4509 Nemo
876 4470 908 4508 a
954 4466 1098 4511 terra
1129 4459 1309 4512 solvat
1350 4459 1644 4516 funiculum
1686 4463 1892 4531 absque
1934 4462 2048 4532 jus-

456 4542 611 4600 sioue
659 4547 844 4614 patris.
899 4547 1000 4614 Qui
1044 4550 1098 4604 in
1153 4553 1484 4607 monasterio
1516 4554 1738 4608 fratrum
1781 4525 2126 4612 invenerit”

456 4639 731 4711 quidpiam
758 4681 774 4707 ,
807 4642 1106 4711 suspendat
1140 4653 1196 4698 ut
1227 4645 1380 4699 tollat
1409 4646 1497 4715 qui
1529 4649 1863 4717 cognoverit.

526 4738 641 4793 XII.
685 4739 767 4794 Ad
809 4740 1098 4797 collectam
1146 4752 1200 4798 et
1228 4745 1293 4799 ad
1338 4745 1676 4814 psallendum
1719 4747 1898 4803 nullus
1941 4747 2047 4803 sibi

456 4840 771 4894 occasiones
824 4841 1105 4911 inveniat,
1147 4845 1340 4914 quibus
1389 4861 1451 4903 se
1496 4847 1642 4903 dicat
1690 4861 2042 4920 occupatum,

452 4941 606 5012 quasi
628 4941 708 4997 ire
731 4959 834 4998 non
857 4947 1046 5014 possit.
1079 4945 1148 5001 Et
1168 4949 1212 5002 si
1237 4949 1289 5003 in
1319 4953 1669 5018 monasterio,
1697 4953 1784 5008 vel
1815 4954 1866 5007 in
1890 4968 2042 5023 agro,

452 5054 547 5100 aut
596 5045 649 5099 in
699 5045 934 5115 itinere,
978 5058 1070 5103 aut
1116 5048 1169 5104 in
1216 5051 1456 5122 quolibet
1517 5054 1820 5111 ministerio
1864 5056 2040 5124 fuerit,

454 5145 646 5200 orandi
679 5154 735 5201 et
763 5148 1029 5216 psallendi
1061 5159 1270 5220 tempus
1299 5169 1403 5208 non
1433 5158 1826 5224 praetermittat.

522 5241 663 5298 XIII.
712 5245 817 5312 Qui
856 5247 1103 5304 minister
1133 5259 1254 5318 est,
1298 5251 1492 5308 habeat
1527 5256 1762 5311 studium
1807 5272 1875 5314 ne
1912 5257 2041 5328 quid

451 5337 634 5406 operis
661 5349 847 5406 pereat
876 5341 928 5395 in
959 5345 1307 5399 monasterio.
1335 5345 1391 5400 In
1420 5348 1794 5421 qualicumque
1821 5351 2042 5408 omnino

452 5449 594 5506 arte,
628 5455 752 5511 quae
784 5453 1071 5499 exercetur
1100 5461 1129 5499 a
1158 5445 1445 5514 fratribus,
1478 5453 1523 5506 si
1559 5453 1685 5522 quid
1723 5453 1964 5524 perierit,
1992 5464 2049 5511 et

451 5554 550 5609 per
577 5541 960 5611 negligentiam
994 5544 1154 5601 fuerit
1177 5545 1516 5619 dissipatum,
1560 5553 1870 5625 increpetur
1893 5571 1924 5612 a
1947 5572 2044 5628 pa-

452 5649 541 5696 tre
572 5643 818 5700 minister
840 5660 1098 5716 operum;
1140 5657 1196 5704 et
1233 5649 1350 5721 ipse
1387 5650 1581 5710 iterum
1609 5656 1851 5730 increpet
1879 5661 2041 5719 alium

452 5741 546 5809 qui
572 5757 708 5812 opus
751 5746 1089 5818 perdiderit,
1132 5749 1414 5811 dumtaxat
1435 5754 1590 5826 juxta
1628 5760 1958 5824 voluntatem
1986 5774 2040 5824 et

2151 3268 2252 3309 nec
2308 3253 2543 3325 negligat
2587 3263 2866 3323 peccatum
2911 3255 3106 3308 animas
3149 3267 3298 3318 suae;
3359 3269 3461 3310 nec
3503 3254 3723 3310 vincatur

2149 3346 2328 3402 carnis
2350 3345 2580 3400 luxuria.
2611 3345 2728 3400 Non
2758 3344 3004 3400 ambulet
3033 3345 3393 3416 negligenter.
3425 3345 3536 3400 Non
3559 3346 3724 3415 loqua-

2152 3449 2238 3493 tur
2265 3438 2488 3493 verbum
2516 3437 2770 3492 otiosum.
2811 3436 2926 3492 Non
2959 3448 3122 3508 ponat
3157 3437 3471 3493 scandalum
3497 3447 3614 3493 ante
3639 3451 3722 3505 pe-

2150 3529 2244 3585 des
2268 3529 2423 3584 caeci.
2451 3529 2564 3584 Non
2591 3529 2786 3584 doceat
2809 3529 3138 3586 voluntatem
3161 3530 3400 3584 animam
3429 3544 3593 3584 suam.
3621 3528 3721 3584 Non

2150 3620 2457 3676 resolvatur
2493 3620 2603 3674 risu
2643 3620 2929 3675 stultorum
2970 3637 3032 3676 ac
3058 3623 3204 3692 joco.
3235 3621 3354 3676 Non
3386 3623 3621 3692 capiatur
3642 3635 3723 3675 cor

2149 3711 2267 3781 ejus
2298 3711 2364 3766 ab
2397 3711 2482 3766 his
2509 3712 2601 3782 qui
2630 3712 2809 3782 inepta
2849 3715 3143 3786 loquuntur
3165 3723 3218 3769 et
3247 3713 3451 3769 dulcia.
3483 3713 3595 3768 Non
3622 3713 3724 3766 vin-

2149 3814 2304 3859 catur
2329 3806 2676 3872 muneribus;
2723 3821 2832 3861 non
2854 3808 3200 3876 parvulorum
3224 3821 3476 3863 sermone
3498 3809 3720 3861 ducatur.

2150 3895 2267 3951 Non
2290 3896 2505 3952 deﬁciat
2531 3899 2584 3951 in
2611 3897 2978 3970 tribulatione.
3004 3898 3122 3954 Non
3151 3906 3384 3954 mortem
3417 3899 3612 3965 timeat,
3639 3895 3723 3952 sed

2153 3988 2356 4054 Deum;
2405 4003 2514 4044 non
2553 3989 2941 4059 praevaricator
2988 3991 3056 4045 sit
3103 3998 3328 4060 promer
3374 3992 3722 4046 imminentem

2153 4080 2424 4136 timorem.
2449 4080 2568 4136 Non
2596 4081 2862 4152 relinquat
2888 4098 3075 4138 verum
3107 4083 3286 4140 lumen
3320 4092 3541 4154 propter
3567 4081 3722 4137 modi-

2149 4187 2244 4228 cos
2289 4174 2460 4229 cibos.
2511 4172 2629 4229 Non
2671 4183 2827 4230 nutet
2867 4190 2931 4230 ac
2967 4175 3189 4231 ﬂuctuet
3233 4176 3286 4231 in
3325 4175 3577 4248 operibus
3601 4173 3719 4230 suis.

2152 4265 2268 4322 Non
2301 4275 2472 4322 mutet
2498 4267 2819 4323 sententiam
2841 4309 2855 4332 .
2889 4269 2982 4324 sed
3013 4271 3196 4324 ﬁrmus
3236 4271 3309 4348 sit
3348 4271 3609 4340 solidique
3635 4267 3720 4322 de-

2151 4361 2316 4426 creti;
2355 4360 2567 4430 justus,
2597 4370 2787 4416 cuncta
2818 4362 3200 4428 considerans;
3239 4349 3488 4433 judicans
3521 4362 3568 4416 in
3594 4359 3721 4415 veri-

2155 4462 2262 4508 tate
2285 4453 2488 4521 absque
2509 4453 2746 4523 appetitu
2767 4454 2952 4523 gloria:
2974 4470 2988 4519 ;
3016 4454 3336 4509 manifestus
3361 4454 3472 4510 Deo
3492 4462 3544 4508 et
3565 4451 3719 4507 homi-

2154 4544 2334 4610 nibus,
2358 4553 2411 4599 et
2431 4559 2461 4598 a
2484 4543 2674 4600 fraude
2700 4545 2911 4614 procul.
2933 4543 3014 4600 Ne
3038 4545 3247 4615 ignoret
3271 4543 3721 4600 conversationem

2154 4653 2397 4704 suorum,
2423 4652 2525 4693 nec
2552 4637 2621 4692 ad
2641 4651 2827 4692 eorum
2851 4637 3131 4693 scientiam
3155 4653 3331 4694 caecus
3353 4638 3567 4694 existat.
3595 4631 3721 4691 Nulli

2153 4738 2352 4784 noceat
2381 4745 2476 4797 per
2500 4729 2844 4798 superbiam;
2878 4745 2976 4785 nec
2999 4740 3255 4801 sequatur
3275 4729 3720 4802 concupiscentias

2155 4819 2458 4874 oculorum.
2508 4819 2803 4875 Veritatem
2854 4837 3146 4893 numquam
3191 4831 3478 4893 praetereat
3520 4819 3722 4875 :oderit

2154 4909 2494 4980 injustitiam.
2545 4910 2851 4967 Secundum
2897 4928 3184 4983 personam
3215 4929 3506 4984 numquam
3534 4911 3721 4982 jttdicet

2152 5018 2251 5074 pro
2284 5004 2620 5069 muneribus,
2652 5020 2752 5060 nec
2779 5008 3104 5063 condemnet
3133 5007 3367 5063 animam
3392 5010 3716 5064 innocentem

2151 5109 2249 5166 per
2275 5094 2605 5164 superbiam.
2639 5094 2757 5151 Non
2796 5096 2972 5153 rideat
2997 5100 3139 5154 inter
3168 5115 3363 5170 pueros
3393 5119 3405 5154 :
3434 5115 3540 5154 non
3577 5097 3716 5153 dese-

2150 5195 2234 5241 rat
2263 5186 2543 5241 veritatem
2575 5187 2769 5242 timore
2805 5200 3111 5258 superatus.
3167 5189 3283 5245 Non
3329 5191 3585 5263 despiciat
3610 5203 3712 5254 eos,

2148 5278 2236 5347 qui
2291 5277 2534 5347 indigent
2591 5279 2980 5337 misericordia.
3045 5281 3161 5337 Non
3211 5283 3432 5338 deserat
3471 5281 3714 5353 justitiam

2151 5378 2371 5439 propter
2401 5368 2805 5436 lassitudinem;
2845 5386 2914 5427 ne
2943 5372 3136 5442 perdat
3163 5375 3399 5428 animam
3429 5389 3575 5429 suam
3607 5386 3716 5441 pro-

2147 5469 2269 5531 pter
2321 5461 2706 5516 verecundiam
2756 5481 2766 5515 :
2827 5477 2896 5518 ne
2952 5464 3209 5533 respiciat
3263 5464 3431 5535 dapes
3491 5461 3715 5519 lautioris

2147 5576 2351 5618 mensae
2387 5577 2403 5616 :
2439 5577 2542 5618 nec
2569 5562 2795 5633 pulchra
2836 5564 3163 5621 vestimenta
3202 5566 3504 5633 desideret;
3545 5579 3638 5620 nec
3665 5576 3714 5617 se

2147 5661 2402 5733 negligat,
2427 5660 2522 5717 sed
2549 5674 2764 5732 semper
2783 5662 3044 5732 dijudicet
3065 5665 3421 5737 cogitationes
3449 5679 3590 5719 suas.
3611 5661 3714 5717 Non

2143 5766 2443 5826 inebrietur
2470 5779 2631 5835 vmo;
2664 5766 2758 5824 sed
2781 5766 3073 5828 humilitati
3098 5769 3346 5838 junctam
3377 5765 3570 5825 habeat
3594 5763 3712 5822 νοτία
