3966 6332
202 302 292 365 3⁸1⁸1

1387 301 1673 364 REGULA
1712 306 2216 372 MONACHORUM.

3328 316 3437 379 578

202 428 359 476 tatem.
386 411 600 483 Quando
624 411 859 485 iudicat,
890 423 1151 488 sequatur
1172 429 1447 493 praecepta
1476 422 1742 495 majorum
1767 428 1824 489 Α
1848 428 2124 486 seniorum
2170 432 2421 490 consilio.
2472 432 2575 503 Qui
2606 434 2768 493 etiam
2798 435 2976 495 omnia
3022 437 3272 495 utensilia
3308 454 3433 511 quae

197 519 243 568 et
266 511 417 579 legem
451 505 562 573 Dei,
590 520 713 577 qua:
737 508 792 562 in
817 515 929 565 toto
948 511 1091 568 orbe
1116 514 1402 582 praedicata
1426 525 1528 572 est.

253 598 423 657 XVIII.
462 600 516 654 Si
561 598 934 669 deprehensus
969 603 1133 661 fuerit
1168 607 1364 679 aliquis
1406 625 1436 665 e
1479 609 1745 670 fratribus

195 695 398 752 libenter
424 706 542 747 cum
570 694 753 763 pueris
779 695 960 753 ridere
985 705 1038 753 et
1068 698 1277 767 ludere,
1309 710 1364 757 et
1386 701 1590 760 habere
1610 706 1745 761 ami.

195 786 326 843 citias
360 785 525 841 astatis
558 785 819 855 inﬁrmae,
853 790 1014 844 tertio
1042 801 1473 861 commoneatur,
1509 804 1565 850 ut
1593 811 1744 853 rece-

194 879 269 934 dat
292 878 352 934 ab
381 892 563 933 eorum
587 878 1009 950 necessitudine,
1036 890 1093 937 et
1114 898 1325 941 memor
1350 886 1420 941 sit
1444 886 1744 946 honestatis

191 982 235 1028 et
265 970 458 1026 timoris
483 970 578 1025 Dei
610 988 625 1023 :
660 972 707 1026 si
752 987 861 1028 non
896 977 1232 1045 cessaverit,
1277 980 1604 1050 corripiatur
1626 1026 1641 1052 ,
1683 990 1742 1039 ut

193 1064 358 1134 dignus
380 1070 458 1117 est
483 1064 827 1130 correptione
854 1068 1220 1124 severissima.

246 1155 373 1211 XIX.
415 1154 516 1222 Qui
547 1164 904 1213 contemnunt
933 1170 1206 1233 praecepta
1246 1163 1513 1235 majorum
1552 1174 1607 1223 et
1634 1166 1741 1224 Re-

191 1249 317 1320 gulas
334 1249 656 1316 monasterii,
682 1266 804 1319 qum
833 1252 927 1308 Dei
954 1264 1226 1326 praecepto
1252 1259 1561 1315 constituta:
1591 1270 1738 1328 sunt,

190 1350 236 1397 et
250 1340 624 1411 parvipendunt
644 1344 919 1400 seniorum
941 1348 1189 1418 consilia,
1214 1351 1574 1421 corripiantur
1587 1354 1739 1426 juxta

188 1434 394 1490 ordinem
421 1435 792 1505 constitutum,
819 1438 994 1495 donec
1023 1441 1382 1512 corrigantur.

243 1528 346 1586 XX.
388 1528 617 1599 Majorcs
643 1571 658 1597 ,
694 1534 785 1603 qui
816 1547 937 1589 cum
969 1533 1227 1591 fratribus
1254 1538 1541 1594 mittuntur
1570 1538 1735 1610 foras,

188 1622 405 1693 quamdiu
448 1623 523 1677 ibi
576 1622 815 1693 fuerint,
863 1625 1140 1683 habebunt
1174 1627 1263 1699 jus
1300 1633 1755 1702 praepositorum;

185 1726 229 1772 et
258 1730 427 1771 eorum
475 1726 731 1787 regentur
769 1719 1012 1775 arbitrio.
1077 1720 1358 1778 Docebunt
1400 1724 1595 1781 fratres
1643 1742 1738 1797 per

1849 520 1905 576 in
1934 526 2264 581 monasterio
2294 536 2449 594 sunt,
2483 527 2537 583 id
2564 537 2676 601 est,
2706 539 2951 600 vestem,
2978 546 3106 600 vas,
3134 531 3436 589 ferramen-

1852 620 1989 679 tum,
2012 624 2064 669 et
2084 616 2345 688 quidquid
2372 620 2555 676 usibus
2576 622 2904 693 quotidianis
2934 624 3302 681 necessarium
3328 633 3431 695 est,

1849 708 2147 775 custodiat;
2205 720 2260 767 et
2304 728 2737 788 unamquamque
2786 733 2901 773 rem
2951 721 3275 789 proferens,
3306 737 3430 779 cum

1847 800 2010 857 fuerit
2040 804 2408 861 necessarium
2432 847 2448 873 ,
2493 808 2560 864 ab
2602 824 2669 865 eo
2712 811 2905 867 iterum
2943 813 3010 868 ad
3037 815 3429 885 reponendum,
3474 824 3475 827 ‘

1847 897 1933 951 cui
1975 898 2177 953 utendo
2223 901 2665 972 consignaverit,
2708 918 3046 977 recepturus.
3097 908 3179 964 Ad
3229 910 3429 966 victum

1845 1005 1979 1047 vero
2009 993 2234 1049 fratrum
2285 984 2527 1063 proferat
2572 1011 2636 1053 ac
2677 999 2853 1054 tradat
2895 1001 3333 1071 septimanariis,
3362 1002 3431 1058 ad

1845 1083 2177 1140 condiendus
2219 1085 2369 1142 cibos
2418 1086 2512 1143 det
2553 1091 2862 1146 necessaria
2903 1094 3199 1149 secundum
3253 1096 3433 1165 quoti-

1844 1175 2021 1233 diana:
2048 1193 2303 1249 expensa:
2323 1182 2790 1250 consuetudinem,
2815 1198 2987 1256 neque
3016 1186 3233 1254 profuse
3259 1202 3434 1258 neque

1843 1286 2040 1341 avare;
2074 1290 2141 1330 ne
2170 1276 2301 1332 vitio
2330 1277 2498 1347 ipsius
2525 1279 2610 1333 vel
2638 1281 2952 1337 monasterii
2978 1282 3276 1338 substantia
3305 1300 3431 1354 gra-

1842 1374 2021 1433 vetur,
2048 1367 2133 1420 vel
2159 1366 2351 1423 fratres
2379 1370 2651 1439 patiantur
2678 1372 2953 1442 injuriam.
2981 1373 3087 1430 Sed
3114 1383 3168 1431 et
3195 1377 3435 1432 necessi-

1846 1466 2006 1516 tatem
2036 1460 2375 1519 infirmorum
2408 1464 2632 1521 fratrum
2665 1482 2729 1523 ac
2770 1468 3013 1525 laborem
3058 1470 3431 1539 considerans,

1844 1550 1977 1606 nihil
2007 1556 2380 1622 aegrotantium
2413 1556 2702 1615 desideriis
2732 1569 2892 1631 neget
2934 1576 2999 1617 ex
3034 1562 3152 1631 his,
3187 1578 3308 1633 quae
3339 1563 3435 1620 ba-

1842 1644 2020 1700 buerit
2045 1687 2061 1715 ,
2094 1657 2355 1717 quantum
2380 1649 2487 1704 illis
2513 1665 2739 1708 necesse
2776 1651 2964 1708 fuerit.
3002 1653 3437 1711 Advenientibus

1842 1737 2077 1795 diversis
2105 1740 2363 1797 fratribus
2392 1758 2545 1800 escas
2567 1744 2797 1814 parabit.
2825 1746 2951 1802 Haec
2976 1747 3080 1803 erit
3104 1763 3235 1805 cura
3255 1760 3438 1808 custo-

183 1809 465 1865 constitutos
508 1810 658 1877 dies;
688 1819 744 1867 et
781 1814 826 1868 si
867 1812 1008 1870 forte
1049 1815 1195 1872 inter
1221 1832 1317 1873 eos
1355 1831 1533 1876 ortum
1578 1822 1741 1880 fuerit
1766 1819 1815 1882 B
1841 1830 1926 1887 dis
1947 1832 2172 1898 cellarii,
2195 1849 2480 1891 recurrens
2500 1852 2717 1908 semper
2736 1838 2804 1894 ad
2827 1839 3100 1895 seniorum
3123 1842 3433 1909 consilium,

182 1902 349 1972 aliquid
372 1902 685 1970 simultatis,
711 1904 931 1960 audient
961 1906 1065 1976 ipsi
1093 1908 1361 1979 majores,
1390 1921 1445 1967 et
1471 1913 1738 1985 dijudica-

186 2000 293 2053 bunt
320 2012 527 2054 causam
550 2040 566 2064 ,
599 2009 653 2055 et
692 1998 912 2071 dignum
939 2001 1095 2073 culpa
1125 2004 1507 2073 increpabunt;
1552 2009 1636 2064 vel
1666 2010 1735 2065 ad

182 2092 427 2163 imperium
461 2105 652 2148 eorum
684 2093 869 2148 statim
899 2109 1090 2165 pacem
1126 2096 1291 2167 pleno
1333 2098 1504 2156 corde
1541 2114 1736 2158 conso-

180 2185 314 2241 cient.

234 2274 359 2331 XXI.
395 2275 451 2332 Si
488 2277 615 2346 quis
644 2276 814 2335 frater
840 2288 1031 2336 contra
1074 2282 1427 2352 praepositum
1454 2297 1609 2340 suum
1639 2286 1736 2341 ha-

180 2369 326 2424 buerit
350 2368 652 2434 tristitiam,
681 2379 774 2425 aut
799 2370 915 2441 ipse
942 2374 1265 2444 praepositus
1294 2384 1483 2432 contra
1510 2377 1734 2435 fratrem

179 2461 374 2531 aliquam
400 2463 831 2532 querimoniam,
866 2465 1108 2535 probatae
1138 2466 1332 2524 fratres
1362 2472 1736 2529 conversatio-

180 2554 312 2608 uiset
332 2553 449 2608 fidei
475 2569 580 2610 eos
611 2556 803 2612 audire
828 2556 1064 2626 debent,
1104 2567 1160 2614 et
1199 2560 1566 2631 dijudicabunt
1595 2565 1736 2621 inter

178 2660 270 2702 eos.
307 2647 359 2703 Si
386 2656 570 2704 tamen
600 2650 798 2706 absens
832 2658 917 2706 est
946 2660 1101 2721 pater
1126 2655 1480 2724 monasterii,
1512 2658 1600 2714 vel
1637 2658 1738 2715 ali-

179 2742 277 2796 cubi
303 2740 603 2811 profectus,
634 2742 867 2813 primum
895 2744 1119 2815 quidem
1148 2748 1541 2818 exspectabunt
1565 2765 1688 2806 eum
1718 2768 1734 2807 :

178 2836 245 2891 sin
264 2843 431 2892 autem
453 2836 665 2893 diutius
685 2837 872 2893 vident
897 2836 1032 2894 foris
1051 2838 1340 2907 demorari,
1364 2849 1495 2897 tunc
1513 2843 1738 2900 audient

178 2932 293 2986 inter
320 2932 673 3002 praepositum
706 2943 760 2989 et
788 2933 1048 3002 fratrem;
1081 2952 1150 2992 ne
1178 2936 1270 2993 diu
1299 2952 1565 3010 suspenso
1590 2940 1737 3009 judi-

174 3023 243 3079 cio
267 3023 471 3080 tristitia
508 3025 691 3095 major
721 3022 931 3082 oriatur
950 3072 965 3097 ,
999 3038 1057 3083 ut
1083 3037 1139 3085 et
1167 3028 1260 3085 ille
1285 3031 1377 3101 qui
1408 3032 1735 3103 praepositus

178 3125 262 3182 est,
288 3127 334 3171 et
359 3117 447 3173 ille
468 3120 569 3187 qui
591 3119 865 3189 subjectus
893 3127 1000 3188 est,
1025 3128 1083 3176 et
1102 3120 1184 3176 illi
1203 3122 1296 3193 qui
1315 3122 1562 3192 audiunt,
1581 3123 1733 3194 juxta

178 3211 388 3268 timorem
415 3212 513 3268 Dei
547 3221 748 3269 cuncta
777 3212 1011 3281 faciant,
1044 3225 1100 3272 et
1122 3230 1233 3272 non
1262 3216 1395 3273 dent
1422 3217 1478 3273 in
1508 3217 1618 3275 ullo
1645 3236 1738 3276 ου·
1765 3202 1811 3267 C

173 3307 413 3364 casionem
442 3308 761 3365 discordiae.

229 3402 375 3459 XXII.
412 3403 613 3460 Nullus
652 3406 895 3460 mittatur
925 3405 1071 3461 foras
1115 3406 1184 3463 ad
1213 3406 1433 3478 aliquod
1462 3408 1736 3480 negotium

174 3498 313 3555 solus.
342 3500 485 3555 Missi
516 3515 655 3555 vero
681 3515 791 3555 non
821 3500 1041 3572 singuli,
1068 3501 1165 3558 sed
1192 3501 1305 3559 bini
1332 3501 1419 3558 vel
1451 3503 1592 3558 terni
1622 3519 1740 3559 am-

174 3588 327 3647 bulent
350 3608 363 3646 :
384 3603 442 3647 ut
460 3591 595 3647 dum
619 3608 679 3649 se
700 3593 933 3649 invicem
951 3594 1265 3649 custodiunt
1286 3603 1340 3650 et
1355 3596 1733 3663 consolantur,

174 3694 212 3737 et
234 3686 455 3741 seniores
486 3700 681 3741 eorum
722 3686 790 3741 de
847 3686 1072 3742 honesta
1106 3701 1291 3743 eorum
1323 3690 1738 3744 conversatione

173 3778 317 3832 securi
347 3779 469 3845 sint,
498 3778 661 3835 etilli
690 3794 794 3834 nou
832 3780 1229 3849 periclitentur.
1262 3782 1629 3838 Observantes
1660 3792 1739 3837 ta-

170 3886 270 3926 men
295 3872 428 3941 hoc,
479 3882 542 3928 ut
584 3889 690 3929 non
723 3889 782 3929 se
830 3874 1061 3930 invicem
1110 3875 1307 3932 fabulis
1348 3876 1598 3932 inanibus
1643 3877 1741 3933 de-

172 3974 371 4034 struant,
396 3982 581 4037 neque
602 3967 946 4038 negligentiae
967 3968 1095 4024 dent
1114 3968 1290 4024 locum
1315 3969 1734 4036 destructionis;

171 4059 247 4113 sed
270 4060 638 4132 unusquisque
668 4060 723 4115 in
751 4069 875 4117 actu
904 4074 1002 4118 suo
1023 4068 1262 4119 attentus
1287 4062 1377 4131 sit,
1411 4072 1572 4133 prout
1598 4072 1736 4120 tem-

168 4162 252 4219 pus
270 4151 435 4208 fuerit.

226 4241 399 4298 XXIII.
443 4244 679 4313 Quando
705 4254 887 4303 autem
918 4248 1121 4304 reversi
1149 4248 1348 4304 fuerint
1377 4248 1429 4303 in
1460 4257 1738 4305 monaste-

168 4332 320 4401 rium,
350 4337 392 4391 si
433 4347 565 4392 ante
603 4338 800 4393 ostium
846 4340 1080 4395 viderint
1123 4341 1357 4411 aliquem
1406 4351 1735 4412 quaerentem

166 4440 360 4483 suorum
386 4430 637 4487 affinium
662 4476 677 4501 ,
705 4434 774 4489 de
804 4433 888 4488 his
917 4433 1007 4504 qui
1052 4435 1106 4489 in
1137 4437 1467 4491 monasterio
1496 4451 1743 4491 commo-

169 4533 329 4577 rantur
350 4566 365 4592 ,
406 4542 517 4581 non
546 4528 809 4582 valebunt
835 4532 914 4582 ire
938 4527 1007 4582 ad
1038 4544 1159 4583 eum
1186 4571 1202 4596 ,
1240 4538 1293 4582 et
1323 4530 1573 4585 nuntiare
1596 4571 1611 4597 ,
1652 4530 1737 4584 vel

1838 1931 1893 1978 et
1924 1925 2205 1995 requirens
2233 1927 2300 1981 dc
2328 1929 2580 1985 omnibus
2601 1971 2616 1996 ,
2656 1930 2743 1987 vel
2781 1932 3053 2003 prmeipue
3090 1933 3158 1989 de
3199 1934 3284 1990 his
3315 1950 3435 2006 qua:

1837 2021 2059 2090 proprio
2087 2036 2186 2076 suo
2217 2022 2493 2080 intellectu
2527 2040 2632 2081 non
2669 2029 2905 2097 potuerit
2934 2028 3251 2100 adimplere.

1909 2110 2103 2167 XXVI.
2157 2112 2378 2170 Ostiarii
2424 2131 2554 2172 eura
2600 2119 2708 2185 sit,
2744 2128 2801 2174 ut
2849 2134 3040 2176 omnes
3084 2122 3433 2179 advenientes

1836 2201 1977 2258 intra
2000 2202 2194 2274 jauuas
2222 2208 2477 2278 recipiat;
2522 2210 2659 2265 dans
2686 2212 2765 2267 eis
2789 2226 3114 2282 responsum
3144 2213 3431 2271 honestum

1837 2309 1959 2352 cum
1989 2297 2291 2354 humilitate
2316 2311 2370 2356 et
2398 2304 2724 2371 reverentia,
2755 2320 2817 2360 ac
2848 2308 3027 2362 statim
3059 2310 3317 2366 nuntians
3347 2312 3434 2369 vel

1837 2389 2045 2459 abbati,
2071 2391 2155 2446 vel
2183 2394 2509 2465 senioribus,
2542 2398 2664 2468 quis
2696 2401 2923 2467 venerit,
2956 2410 3010 2457 et
3037 2402 3163 2473 quid
3194 2404 3431 2475 petierit.

1836 2477 1948 2535 Nec
1976 2481 2119 2538 ullus
2142 2495 2525 2543 extraneorum
2560 2489 2789 2558 patiatur
2816 2492 3099 2561 iniuriam;
3134 2509 3307 2566 neque
3338 2494 3433 2551 ha-

1838 2570 1963 2627 beat
1991 2587 2113 2628 cum
2143 2575 2322 2646 aliquo
2358 2577 2427 2634 de
2456 2578 2710 2636 fratribus
2753 2584 3137 2641 necessitatem
3166 2599 3231 2640 ac
3261 2585 3433 2642 facul-

1837 2670 2004 2719 tatem
2035 2665 2326 2737 loquendi,
2361 2671 2564 2740 absque
2601 2674 2823 2730 scientia
2854 2676 3065 2732 abbatis
3087 2717 3102 2743 ,
3130 2676 3218 2732 vel
3245 2677 3431 2734 senio-

1839 2771 1958 2812 rum
1988 2762 2299 2829 prtescntia.
2335 2763 2390 2820 Si
2421 2765 2548 2835 quid
2580 2782 2709 2822 vero
2731 2768 3052 2838 cuicumque
3081 2768 3149 2824 de
3177 2768 3432 2826 fratribus

1838 2852 2067 2907 missum
2095 2856 2513 2929 mandatumque
2542 2858 2737 2925 fuerit,
2778 2862 2909 2916 nihil
2940 2863 3007 2916 ad
3040 2863 3211 2932 ipsum
3244 2876 3433 2929 perve-

1839 2945 1955 3000 niat
1979 2947 2291 3019 priusquam
2322 2951 2502 3006 abbati
2534 2954 2615 3008 vel
2646 2955 2951 3011 senioribus
2978 2956 3264 3012 indicetur.
3290 2958 3432 3013 Ante

1838 3040 2020 3094 omnia
2042 3042 2294 3099 ostiarius
2317 3045 2627 3101 Monasterii
2658 3047 2772 3103 haec
2794 3049 3124 3117 observabit,
3150 3065 3217 3106 ne
3237 3066 3430 3122 quem-

1836 3146 1997 3203 quam
2023 3134 2092 3189 de
2123 3134 2380 3192 fratribus
2407 3139 2538 3194 foris
2563 3139 2785 3210 januam
2814 3142 2966 3198 exire
2990 3144 3282 3213 permittat.

1870 3261 1881 3267 ν-
1914 3227 2131 3284 XXVII.
2175 3230 2231 3287 Si
2266 3232 2389 3302 quis
2434 3235 2726 3290 accesserit
2764 3235 2831 3290 ad
2873 3237 3070 3292 ostium
3112 3237 3297 3292 volens
3328 3252 3429 3295 sae-

1838 3319 1963 3375 culo
1991 3323 2326 3389 renuntiare,
2355 3333 2410 3378 et
2458 3325 2682 3382 fratrum
2711 3330 2986 3399 aggregari
3030 3344 3286 3397 numero,
3320 3346 3428 3387 non

1840 3412 2036 3469 haheat
2065 3415 2368 3472 libertatem
2392 3418 2659 3485 intrandi;
2693 3420 2787 3475 sed
2814 3421 2961 3490 prius
2988 3422 3265 3477 nuntietur
3291 3423 3429 3493 patri

1840 3508 2153 3564 monasterii
2180 3550 2195 3575 ,
2237 3520 2291 3564 et
2322 3511 2560 3565 manebit
2589 3514 2771 3581 paucis
2798 3512 2991 3569 diebus
3027 3514 3157 3569 foris
3197 3525 3323 3571 ante
3351 3514 3433 3585 ja-

1839 3613 2024 3669 nuam,
2060 3616 2122 3655 ac
2150 3601 2433 3658 docebitur
2460 3606 2762 3661 orationem
2796 3607 3133 3663 Dominicam
3155 3650 3171 3675 ,
3205 3619 3259 3665 et
3289 3610 3433 3680 psal-

1840 3708 1958 3748 mos
1987 3703 2220 3764 quantos
2247 3698 2485 3767 potuerit
2514 3697 2757 3766 discere;
2806 3710 2861 3755 et
2891 3700 3180 3770 diligenter
3215 3704 3297 3757 sui
3328 3718 3429 3757 ex-

1841 3784 2206 3854 perimentum
2236 3788 2412 3857 dabit,
2452 3805 2520 3846 ne
2570 3791 2708 3847 forte
2738 3792 2864 3847 mali
2905 3793 3181 3865 quidpiam
3223 3794 3430 3861 fecerit,

1839 3888 1901 3933 ut
1944 3879 2192 3935 turbatus
2234 3880 2301 3935 ad
2343 3881 2531 3936 horam
2563 3882 2759 3938 timore
2809 3883 3163 3953 discesserit,
3195 3894 3287 3939 aut
3331 3885 3433 3940 sub

1840 3970 2017 4041 aliqua
2049 3981 2312 4041 potestate
2339 3975 2446 4041 sit;
2498 3984 2552 4030 ct
2586 3984 2763 4031 utrum
2797 3977 2969 4047 possit
2998 3977 3309 4032 renuntiare
3338 3992 3433 4047 pa-

1843 4065 2084 4121 rentibus
2112 4068 2225 4122 suis
2247 4107 2262 4133 ,
2310 4077 2368 4124 et
2405 4070 2674 4139 propriam
2718 4080 3067 4127 contemnere
3097 4070 3429 4127 facultatem.

1841 4159 1895 4215 Si
1920 4176 2046 4215 eutn
2079 4160 2318 4216 viderint
2345 4171 2530 4232 aptum
2560 4162 2624 4216 ad
2654 4163 2837 4218 omnia
2860 4208 2873 4233 ,
2904 4174 3030 4218 tunc
3065 4162 3349 4219 docebitur
3377 4172 3434 4219 et

1840 4255 2078 4324 reliquas
2106 4255 2419 4308 monasterii
2450 4255 2796 4324 disciplinas;
2846 4270 2966 4324 qua:
3004 4254 3188 4311 facere
3216 4256 3432 4322 debeat,

1842 4346 2143 4414 quibusque
2173 4345 2403 4412 servire,
2431 4345 2546 4400 sive
2569 4345 2621 4399 in
2650 4345 2879 4400 collecta
2910 4346 3153 4400 omnium
3183 4345 3433 4413 fratrum,

1842 4437 1961 4490 sive
1983 4436 2035 4490 in
2058 4436 2219 4492 domo
2241 4438 2327 4492 cui
2349 4438 2642 4491 tradendus
2664 4448 2768 4503 est,
2791 4437 2907 4493 sive
2931 4439 3177 4493 vescendi
3201 4440 3390 4495 ordine
3417 4458 3432 4496 :

1843 4536 1901 4581 ut
1933 4529 2226 4583 instruetus
2275 4539 2437 4598 atque
2481 4529 2756 4598 perfectus
2806 4530 2857 4584 in
2902 4532 3048 4585 omni
3092 4547 3258 4603 opere
3291 4532 3435 4588 bono

167 4626 389 4673 evocare.
424 4618 495 4674 Et
520 4620 747 4675 omnino
772 4620 1033 4691 quidquid
1066 4594 1198 4677 foris
1217 4624 1506 4692 gesserint,
1536 4594 1739 4681 in'mo-
1764 4594 1818 4656 D
1842 4622 2095 4677 fratribus
2145 4624 2447 4693 copuletur.
2496 4624 2620 4679 Haec
2664 4624 2975 4680 observabit
3014 4636 3198 4681 custos
3224 4628 3434 4697 janute,

171 4710 384 4765 nasterio
412 4727 643 4767 narrare
671 4727 777 4768 non
810 4724 1164 4783 praesumant.

230 4795 405 4856 XXIV.
454 4802 722 4859 Omnibus
771 4807 875 4860 erit
912 4814 1152 4876 potestas
1199 4807 1412 4879 legendi
1458 4822 1628 4882 usque
1671 4812 1740 4867 ad

170 4888 331 4946 horam
358 4895 577 4951 tertiam
612 4916 624 4949 :
656 4897 701 4952 εὴ
728 4905 905 4953 tamen
938 4900 1084 4954 nulla
1112 4915 1272 4956 causa
1304 4903 1605 4970 exstiterit,
1635 4921 1740 4975 qua

170 4998 369 5045 necesse
395 4989 465 5045 sit
490 4993 657 5046 etiam
693 4992 891 5063 aliquid
926 4994 1062 5048 fieri.
1097 4997 1226 5052 Post
1255 4996 1441 5053 horam
1472 5013 1602 5053 vero
1631 5008 1741 5055 ter-

172 5079 277 5135 tiam
302 5083 344 5136 si
373 5098 494 5154 qure
521 5092 720 5139 statuta
750 5094 896 5153 sunt,
930 5088 1071 5142 sicut
1098 5091 1357 5159 scriptum
1389 5100 1489 5158 est,
1527 5107 1623 5161 per
1650 5106 1741 5147 su-

172 5171 410 5241 perbiam,
436 5175 523 5231 vel
557 5176 957 5247 negligentiam,
991 5180 1079 5257 vel
1109 5182 1370 5237 desidiam
1399 5183 1741 5241 interceden-

173 5270 262 5316 tem
288 5281 388 5319 non
418 5268 782 5336 custodierit,
816 5271 951 5327 sciat
975 5287 1033 5327 se
1066 5289 1186 5328 cum
1216 5274 1270 5329 in
1302 5275 1403 5330 hoc
1434 5291 1620 5333 errore
1642 5278 1740 5334 de-

174 5358 449 5426 prehensus
478 5364 642 5419 fuerit
663 5406 678 5433 ,
708 5367 1031 5437 culpabilem
1059 5370 1443 5440 judicandum;
1493 5376 1617 5445 quia
1645 5390 1743 5446 per

175 5465 309 5507 suum
336 5471 582 5513 errorem
609 5468 664 5514 et
688 5460 821 5515 alios
852 5462 905 5517 in
936 5463 1126 5519 vitium
1156 5465 1342 5521 mittit.

232 5543 390 5605 XXV.
435 5547 660 5607 Cellarii
703 5568 834 5609 vero
876 5569 1002 5611 cura
1032 5556 1142 5624 sit,
1190 5566 1251 5613 ut
1279 5559 1661 5618 abstinentiam
1692 5573 1746 5620 et

176 5635 507 5726 sobrietatem
536 5644 760 5701 studens
790 5646 931 5702 illata
963 5649 1016 5703 in
1048 5653 1383 5709 monasterio
1402 5654 1468 5709 ad
1498 5664 1745 5726 sumptus

178 5722 381 5785 fratrum
423 5731 710 5805 diligenter
747 5748 801 5793 et
840 5738 1072 5796 fideliter
1114 5751 1295 5800 servet
1337 5761 1351 5799 :
1396 5744 1528 5802 nihil
1575 5722 1747 5803 susci-

177 5816 353 5891 piens,
386 5840 489 5883 nec
524 5826 817 5900 quidquam
864 5832 1084 5892 tradens
1127 5836 1247 5894 sine
1292 5839 1612 5897 auctoritate
1657 5838 1746 5897 vel

1844 4713 2087 4770 referens
2131 4716 2315 4770 omnia
2340 4759 2354 4783 ,
2390 4718 2531 4772 sicut
2551 4719 2802 4788 superius
2834 4716 3092 4788 scriptum
3122 4726 3236 4786 est,
3259 4726 3317 4774 et
3338 4735 3431 4775 an-

1845 4809 2097 4864 nuntians
2124 4809 2454 4865 senioribus.

1916 4903 2157 4958 XXVIII.
2200 4904 2584 4973 Septimanarii
2614 4903 2680 4960 ad
2714 4905 2867 4961 cibos
2896 4904 3198 4976 parandos,
3243 4906 3328 4962 vel
3367 4906 3434 4962 ad

1844 4996 2127 5051 luminaria
2164 4997 2532 5052 concinnanda
2554 5039 2568 5062 ,
2604 4998 2687 5053 vel
2713 4998 2779 5053 ad
2807 4998 3014 5054 nitores
3047 4998 3322 5053 faciendos
3342 5042 3354 5064 ,
3385 5010 3437 5053 et

1849 5102 1968 5159 quae
2018 5088 2086 5143 ad
2131 5090 2446 5161 obsequium
2496 5106 2732 5162 ususque
2780 5092 3093 5148 monasterii
3141 5093 3434 5161 pertinent,

1849 5197 2068 5253 semper
2107 5185 2278 5253 parati
2314 5185 2442 5240 sint.
2489 5185 2599 5239 llos
2631 5186 2776 5241 nulla
2811 5187 2914 5242 alia
2956 5187 3251 5243 necessitas
3280 5199 3435 5239 occu-

1850 5285 1967 5345 pet,
2002 5275 2096 5329 sed
2134 5275 2187 5330 in
2226 5275 2328 5331 hoc
2358 5277 2591 5332 studium
2635 5278 2977 5348 impendant,
3010 5289 3066 5335 ut
3101 5294 3220 5335 rem
3252 5292 3437 5332 susce-

1850 5376 1996 5437 ptam
2030 5367 2234 5424 utiliter
2259 5379 2313 5424 et
2340 5370 2628 5440 diligenter
2658 5372 2936 5441 impleant.
2966 5373 3032 5427 Et
3067 5372 3111 5426 si
3144 5370 3269 5442 quid
3299 5368 3438 5425 forte

1853 5460 2129 5528 nesciunt,
2164 5461 2232 5517 de
2263 5460 2349 5517 his
2388 5477 2508 5533 qum
2543 5478 2705 5534 agere
2734 5463 2953 5530 debent,
2983 5464 3103 5520 sine
3133 5462 3436 5519 dissimula-

1850 5553 1997 5610 tione
2025 5556 2267 5612 seniores
2302 5570 2427 5612 suos
2453 5572 2670 5628 semper
2696 5559 3053 5629 interrogent.

1926 5649 2121 5707 XXIX.
2146 5652 2211 5708 llt
2236 5651 2415 5722 itaque
2439 5651 2636 5723 quibus
2658 5651 2967 5723 disciplina,
2990 5651 3073 5707 vel
3099 5650 3322 5718 utilitas,
3353 5650 3436 5708 vel

1851 5744 2037 5816 opinio
2061 5788 2076 5813 ,
2108 5746 2194 5801 vel
2226 5745 2544 5816 obsequium
2586 5746 2900 5803 monasterii
2931 5745 3169 5803 creditur
3190 5788 3205 5815 ,
3260 5744 3436 5805 officia

1850 5838 1955 5897 sibi
1986 5836 2226 5910 iniuncta
2275 5836 2503 5897 fideliter
2546 5836 2851 5897 custodiant
2895 5848 2948 5898 et
2998 5838 3277 5908 Impleant.
3328 5840 3437 5899 llos
