3966 6332
597 292 704 363 $79

1633 302 1720 362 PA
1729 297 2019 369 STIDIUS,
2060 295 2553 358 BRITANNORUU
2593 298 2981 362 EPISCOPUS.
3724 317 3805 385 ξω

597 399 742 456 enim
771 412 960 460 errare
983 413 1092 458 non
1116 399 1295 466 decet,
1321 399 1415 471 qul
1443 398 1511 456 ad
1536 410 1726 456 omnes
1753 413 1970 456 errores
1993 408 2180 455 emeu-
2204 400 2257 460 Λ
2281 394 2487 452 alienus
2509 411 2541 452 a
2565 397 2764 454 timore
2789 398 3024 465 Domini,
3053 404 3111 454 ut
3137 404 3216 456 tot
3241 401 3656 476 eastlgatlonibus
3677 425 3724 473 et
3743 429 3805 480 tot

597 493 804 552 dandos
833 495 1113 566 ραι)οείιὶ
1141 503 1288 549 sunt.
1332 491 1434 560 Qui
1464 492 1509 548 sl
1540 492 1625 548 vel
1648 492 1898 564 superbia
1918 536 1934 562 ,
1963 493 2050 548 vel
2081 503 2182 549 ne-

595 585 850 662 gligentia
877 627 894 654 ,
920 585 1006 642 vel
1036 583 1242 640 desidia
1271 584 1450 652 aliqua
1477 597 1544 640 es
1590 583 1675 639 his
1718 584 2177 653 pmtermiserint,

599 693 719 747 quc
749 680 801 733 in
831 677 1032 748 Regula
1058 677 1434 743 continentur;
1477 691 1570 744 per
1596 677 1854 747 ipsosque
1885 677 2183 734 destructio

597 755 1014 843 esse’cteperit,
1061 785 1160 842 per
1203 785 1340 842 quos
1367 771 1530 829 debet
1574 770 1862 828 adificatio
1909 783 2180 845 crescere,

597 865 850 922 omnibus
875 866 1422 924 condemnationibus
1443 905 1460 936 ,
1492 881 1628 939 quas
1671 867 1870 939 Regula
1916 867 2176 935 eontinet,

594 957 970 1026 subjacehunt.

675 1051 843 1106 XXX.
897 1052 1042 1109 Inter
1066 1068 1254 1110 omnes
1289 1052 1486 1110 fratres
1514 1052 1617 1109 hoc
1645 1052 2055 1120 observabitur,
2095 1051 2179 1108 vel

592 1143 907 1200 obedientes
957 1145 1263 1202 senioribus
1305 1144 1421 1202 suis
1443 1185 1458 1208 ,
1493 1153 1548 1202 et
1572 1144 1879 1201 deterentes
1905 1143 2009 1200 sibi
2037 1143 2178 1200 invi-

593 1251 742 1303 eern,
774 1237 1006 1294 habeant
1037 1237 1350 1306 patientiam
1370 1281 1383 1304 ,
1423 1239 1878 1306 moderationem,
1907 1238 2179 1294 humilita-

591 1337 702 1386 tem
723 1371 739 1397 ,
769 1329 1087 1386 charitatem
1109 1371 1125 1396 ,
1155 1345 1343 1401 pacem
1373 1331 1491 1388 sine
1519 1333 1772 1402 ﬁgmento
1793 1341 1847 1387 et
1871 1331 2171 1398 mendacio,

592 1430 646 1478 et
675 1423 1072 1488 maledictione,
1104 1433 1158 1480 et
1180 1425 1534 1489 verbositate,
1567 1435 1621 1480 et
1643 1424 1860 1495 jurandi
1882 1433 2177 1480 consuetu-

589 1515 715 1572 dine
737 1557 752 1580 .
784 1516 858 1570 ita
884 1527 942 1572 ut
970 1532 1130 1572 nemo
1155 1532 1310 1574 suum
1345 1520 1638 1589 quidquam
1675 1519 1950 1584 vindicet,
1997 1533 2176 1589 neque

591 1609 727 1664 ullus
757 1609 956 1680 aliquid
988 1612 1337 1680 peculiariter
1367 1621 1622 1680 usurpet;
1670 1612 1764 1670 sed
1796 1611 2033 1670 habeant
2057 1627 2174 1668 om-

587 1702 673 1756 uia
699 1703 1024 1756 communia.

2281 489 2692 547 remissionibus
2719 503 2830 546 non
2858 490 3132 557 eendet,
3163 493 3472 562 projlctatur
3497 496 3560 555 de
3579 517 3806 570 monaste.

2282 585 2388 649 rio,
2410 595 2464 640 et
2483 586 2632 641 velut
2657 595 2949 642 extraneas
2987 585 3247 642 habeatur
3273 603 3288 640 :
3322 603 3390 645 ne
3413 593 3536 648 vitio
3564 596 3709 666 ipsius
3733 606 3803 664 alii

2281 677 2680 748 periclitentur.

2351 771 2596 828 XXXVI.
2636 771 2792 841 Quod
2829 771 2876 826 si
2903 769 3103 842 aliquis
3136 771 3345 828 locutus
3370 771 3553 844 fuerit.
3587 783 3663 838 vel
3704 787 3805 846 [1η-

2280 865 2351 920 rit
2377 867 2429 920 in
2452 866 2738 932 vescendo,
2773 866 3103 935 increpetur,
3135 871 3192 920 et
3219 873 3340 935 agat
3370 869 3722 936 pmnitentiam.

2352 957 2629 1014 XXXVII.
2655 959 2713 1014 Si
2735 959 2856 1029 quis
2878 957 2944 1011 ad
2971 956 3400 1012 manducandum
3425 963 3616 1018 tardius
3642 973 3807 1028 venerit

2277 1049 2482 1119 absque
2511 1049 2730 1120 majoris
2762 1049 3010 1120 imperio,
3042 1049 3292 1104 similiter
3322 1060 3441 1120 agat
3469 1057 3805 1132 pmoiteatiam,

2278 1152 2369 1197 aut
2392 1146 2457 1197 ad
2494 1144 2686 1200 eellam
2714 1157 2867 1198 suam
2891 1143 3114 1214 jejunus
3143 1152 3464 1199 revertatur.

2347 1234 2636 1290 XXXVIII.
2668 1234 2724 1292 Si
2751 1235 2954 1307 aliquid
2977 1237 3344 1292 necessarium
3372 1235 3532 1292 fuerit
3559 1237 3609 1292 in
3636 1255 3802 1312 mensa,

2277 1343 2437 1384 nemo
2459 1329 2676 1385 audebit
2705 1330 2850 1402 loqui
2875 1371 2890 1397 ,
2923 1329 3017 1384 sed
3048 1330 3471 1386 ministrantibus
3499 1333 3687 1403 signum
3713 1339 3806 1394 toni

2275 1421 2444 1476 dabit.
2473 1421 2702 1477 Ministri
2724 1437 2855 1478 vero
2880 1423 3082 1492 absque
3108 1422 3190 1476 his
3218 1436 3341 1492 quae
3370 1423 3420 1476 in
3448 1437 3708 1481 commune
3727 1428 3806 1484 fra-

2278 1515 2454 1572 tribus
2479 1525 2772 1586 prcparata
2798 1525 2944 1580 sunt,
2972 1515 3102 1569 nihil
3124 1514 3268 1569 aliud
3295 1515 3592 1583 comedent,
3615 1532 3700 1572 nec
3717 1535 3805 1575 mu-

2276 1614 2417 1662 tatos
2447 1606 2600 1662 cibos
2635 1606 2740 1662 sibi
2771 1607 3006 1662 audeant
3034 1621 3365 1676 praeparare.

2347 1699 2593 1755 XXXIX.
2635 1699 2803 1755 Nemo
2833 1700 2954 1769 plus
2994 1699 3147 1753 alteri
3191 1698 3342 1752 dabit
3367 1713 3520 1765 quam
3546 1699 3670 1754 alter
3693 1716 3809 1758 πιθα

658 1791 850 1848 XXXI.
897 1794 1028 1850 Sine
1057 1793 1329 1850 seniorum
1365 1795 1534 1850 verbo
1560 1807 1615 1853 et
1644 1797 1970 1854 auctoritate
1995 1798 2172 1856 nullus
2199 1790 2247 1851 Β
2278 1791 2374 1862 pit,
2407 1792 2549 1862 quod
2577 1793 2622 1848 si
2643 1791 2958 1847 obtenditur
2989 1791 3296 1853 infirmitas,
3334 1792 3636 1858 praepositus
3657 1794 3808 1849 domus

583 1880 809 1938 fratrum
837 1886 1125 1956 quidquam
1154 1897 1276 1957 agat
1309 1907 1320 1942 :
1362 1903 1537 1958 neque
1563 1889 1790 1959 accipiat
1812 1890 2042 1962 aliquid,
2077 1908 2170 1950 ne-

582 1989 685 2045 que
715 1975 835 2041 det;
869 1993 1041 2048 neque
1068 1993 1292 2048 usquam
1325 1995 1544 2048 prorsus
1571 1982 1846 2049 procedat.

655 2068 869 2124 XXXII.
912 2069 1043 2126 Cum
1094 2087 1222 2126 vero
1253 2072 1468 2127 inventa
1500 2073 1661 2128 fuerit
1698 2074 1855 2142 culpa
1880 2115 1895 2140 ,
1941 2075 2032 2130 ille
2076 2074 2170 2146 qui

581 2161 862 2228 culpabilis
891 2163 1185 2226 invenitur,
1213 2165 1539 2234 corripiatur
1568 2165 1637 2220 ab
1666 2166 1858 2222 abbate
1886 2167 2168 2223 secretius.

579 2250 732 2318 Quod
758 2252 802 2308 si
831 2268 933 2308 non
968 2255 1168 2310 sufﬁcit
1192 2257 1257 2310 ad
1285 2256 1742 2323 emendationem,
1773 2258 2104 2329 corripiatur
2137 2277 2167 2314 a

583 2345 767 2414 paucis
802 2345 1129 2403 senioribus.
1166 2349 1317 2414 Quod
1347 2348 1394 2404 si
1421 2365 1520 2405 nec
1545 2351 1625 2406 sic
1649 2351 2046 2416 emendaverit,
2073 2366 2170 2407 ex-

578 2437 1035 2505 comtnunicetur;
1086 2448 1276 2496 etnon
1321 2441 1606 2498 manducet
1631 2443 1943 2513 quidquam.
1993 2443 2090 2499 Cui
2121 2445 2166 2500 si

578 2544 680 2586 nec
720 2530 821 2586 huc
862 2531 1079 2600 quidem
1127 2533 1430 2602 profuerit,
1467 2535 1521 2590 in
1561 2535 1804 2605 quolibet
1833 2536 1952 2592 loco
1980 2537 2162 2607 fuerit,

579 2633 882 2689 postremus
913 2627 1053 2682 inter
1082 2642 1275 2684 omnes
1315 2629 1367 2682 in
1405 2628 1666 2698 psallendi
1696 2629 1888 2684 ordine
1916 2641 2163 2701 ponatur.

578 2715 732 2784 Quod
776 2719 821 2774 si
863 2720 914 2772 in
947 2721 1208 2790 pravitate
1245 2731 1584 2789 perseverat,
1625 2723 1790 2777 etiam
1824 2723 2086 2791 psallendi
2115 2724 2164 2780 ei

576 2809 804 2866 facultas
839 2812 1134 2871 auferatur.
1184 2812 1356 2881 Quem
1406 2817 1451 2870 si
1505 2815 1589 2871 vel
1635 2816 1749 2870 haec
1776 2816 2026 2872 confusio
2056 2832 2164 2872 non

574 2907 956 2972 commoverit,
983 2909 1319 2963 abstineatur
1343 2923 1373 2963 a
1404 2917 1672 2965 conventu
1699 2909 1925 2964 fratrum
1949 2925 1965 2977 ι
2006 2909 2081 2966 ita
2107 2921 2167 2965 ut

574 3010 675 3052 nec
702 3012 925 3062 urensat,
955 3014 1054 3056 nec
1085 3000 1261 3057 Μίδεω
1300 3001 1537 3067 intersit,
1569 3016 1745 3070 neque
1773 3017 1898 3058 cum
1928 3017 1995 3057 eo
2021 3003 2164 3059 nllus

575 3085 744 3143 frater
769 3089 835 3145 de
851 3090 1156 3160 junioribus
1185 3094 1545 3164 colloquatur.
1582 3094 1951 3151 Abstinehitur
1975 3107 2156 3152 autem

2277 1892 2464 1954 perget
2492 1885 2559 1939 ad
2592 1885 2867 1939 ministros
2892 1884 3292 1953 agrmantium,
3325 1881 3392 1937 ab
3418 1881 3502 1938 his
3525 1899 3638 1953 qute
3664 1900 3809 1941 neces-

2273 1977 2412 2031 saria
2445 1985 2572 2032 sunt
2597 1976 2850 2046 accipiet.

2342 2068 2455 2124 XL.
2493 2070 2723 2136 Quando
2751 2069 2817 2124 ad
2838 2070 3036 2125 ostium
3065 2068 3384 2125 monasterii
3413 2069 3568 2138 aliqui
3592 2073 3808 2138 venerint,

2269 2163 2315 2218 si
2344 2163 2522 2219 clerici
2552 2163 2752 2219 fuerint
2787 2173 2881 2218 aut
2913 2163 3161 2218 monachi
3190 2204 3204 2230 ,
3239 2162 3429 2230 majori
3462 2163 3650 2217 honore
3678 2168 3809 2220 susci-

2271 2253 2484 2324 pietttur
2514 2273 2526 2310 :
2556 2255 2916 2325 Iavabuntque
2948 2255 3114 2324 pedes
3141 2269 3330 2309 eorum
3351 2299 3365 2321 ,
3405 2253 3551 2323 juxta
3582 2255 3810 2326 Evangelii

2268 2356 2616 2416 praeceptum,
2647 2357 2699 2402 et
2731 2347 3045 2416 pmhebunt
3071 2347 3152 2402 eis
3181 2346 3366 2401 omnia
3388 2388 3402 2411 ,
3439 2361 3557 2416 qua
3579 2358 3686 2416 apta
3711 2358 3808 2404 sunt

2271 2440 2392 2496 usui
2423 2442 2834 2496 monachorum.

2288 2531 2291 2545 ”
2341 2532 2477 2590 XLI.
2516 2533 2572 2591 8i
2603 2534 2725 2604 quis
2751 2533 2818 2588 ad
2849 2534 3046 2590 ostium
3075 2531 3392 2587 monasterii
3422 2531 3641 2597 venerit,
3665 2532 3811 2588 dicens

2269 2625 2408 2682 velle
2431 2642 2490 2681 se
2511 2626 2698 2682 videre
2723 2627 2945 2682 fratrem
2967 2641 3120 2681 suum
3145 2625 3227 2680 vel
3254 2624 3626 2694 pl'tlpilltllllltll,
3647 2625 3807 2694 janitor

2267 2719 2536 2775 nuntiabit
2558 2721 2764 2787 abbati,
2790 2728 2848 2775 et
2867 2721 3215 2790 permittente
3240 2734 3309 2774 eo
3333 2720 3554 2788 accipiet
3579 2721 3809 2783 comitem,

2265 2811 2418 2882 cujus
2456 2812 2593 2870 fides
2635 2812 2857 2883 probata
2902 2820 3022 2878 est;
3069 2821 3126 2868 et
3159 2812 3241 2868 sic
3266 2812 3511 2867 mittetur
3542 2810 3606 2867 ad
3629 2811 3810 2868 fratrem

2265 2905 2558 2962 videndum
2586 2909 2670 2962 vel
2701 2907 3027 2976 proximum.

2336 3000 2494 3057 XLII.
2541 3001 2600 3059 Si
2630 3001 2959 3071 pr0plnquus
2983 2998 3210 3069 alicujus
3250 2993 3496 3055 mortuus
3519 2997 3685 3064 fuerit,
3715 3011 3809 3064 pro-

2263 3095 2528 3162 sequendi
2579 3093 2736 3150 funus
2782 3103 2890 3149 non
2923 3091 3145 3149 habebit
3191 3092 3509 3156 licentiam,
3557 3089 3653 3153 nisi
3688 3099 3810 3160 pater

577 3182 820 3250 tamdiu,
870 3185 1124 3252 quamdiu
1177 3187 1260 3242 vel
1313 3185 1542 3257 qualitas
1583 3188 1758 3258 culpat
1822 3189 2156 3258 puposcerit,
2187 3170 2232 3234 C
2265 3186 2940 3257 monasteriipmceperit.

575 3278 869 3332 secundum
911 3277 1120 3334 abbatis
1145 3294 1210 3335 ac
1238 3280 1512 3337 seniorum
1540 3280 1855 3349 arbitrium;
1897 3283 1979 3337 vel
2003 3297 2064 3338 se
2089 3297 2156 3339 ex

571 3368 736 3424 corde
777 3384 874 3439 pro
911 3371 1064 3442 culpa
1106 3373 1374 3440 paenitens
1424 3372 1831 3438 humiliaverit,
1864 3382 1921 3431 et
1944 3375 2156 3431 veniam

573 3461 782 3516 erroris
811 3463 890 3517 sui
917 3464 1171 3519 omnibus
1201 3465 1562 3533 presentibus
1586 3467 1818 3534 petierit.
1847 3467 2002 3534 Quod
2027 3467 2073 3523 si
2103 3469 2158 3524 in

572 3556 792 3614 fratrem
845 3561 1118 3627 peccavit,
1151 3561 1312 3617 etiam
1350 3561 1421 3617 ab
1449 3577 1516 3618 eo
1552 3562 1717 3619 fratre
1745 3561 1956 3619 veniam
1983 3571 2154 3634 petat,

569 3650 655 3704 eui
688 3650 935 3717 iniuriam
967 3650 1114 3708 fecit.

643 3739 882 3799 XXXIII.
927 3744 984 3800 Si
1011 3745 1134 3814 quis
1156 3746 1328 3802 errori
1355 3746 1474 3816 ejus
1499 3748 1858 3816 consenserit,
1885 3756 1942 3804 et
1967 3763 2157 3806 secun-

567 3830 700 3887 dum
723 3833 974 3888 duritiam
1019 3835 1161 3892 illius
1203 3838 1374 3909 magis
1401 3838 1682 3892 consilium
1725 3839 1971 3907 dederit,
2007 3849 2067 3895 ut
2094 3855 2156 3898 se

571 3925 774 3980 tardius
806 3925 1071 3986 butuiliet.
1104 3929 1242 3984 sciat
1283 3944 1374 3996 se,
1407 3944 1531 3985 cum
1565 3931 1618 3984 in
1650 3931 1752 3986 hoc
1778 3946 1964 3988 errore
1993 3931 2158 3989 fuerit

567 4017 962 4088 deprehensus,
985 4020 1150 4077 simili
1179 4022 1340 4079 modo
1365 4025 1683 4095 culpabilem
1705 4025 2079 4096 judicandum.

638 4109 880 4169 XXXIV.
920 4113 1036 4170 Hoc
1062 4116 1225 4170 etiam
1257 4115 1562 4172 addendum
1593 4118 1731 4186 fuit,
1763 4125 1822 4173 ut
1849 4118 2033 4186 frater,
2060 4118 2152 4190 qui

566 4216 666 4272 pro
697 4205 940 4274 qualibet
981 4208 1142 4278 culpa
1171 4209 1414 4280 arguitur
1438 4211 1523 4266 vel
1563 4209 1871 4281 increpatur
1896 4249 1913 4279 ,
1945 4212 2155 4281 patien-

561 4293 697 4350 tiam
728 4294 944 4363 habeat,
968 4306 1026 4356 et
1047 4315 1154 4356 non
1175 4301 1496 4372 respondeat
1521 4303 1768 4375 arguenti
1793 4318 1853 4360 se
1881 4321 1893 4357 :
1925 4302 2022 4360 sed
2053 4303 2152 4359 hu-

566 4387 738 4444 miliet
767 4403 827 4445 se
857 4390 910 4446 in
939 4393 1210 4458 omnibus,
1259 4403 1316 4450 et
1341 4395 1612 4452 emendet.

639 4479 858 4539 XXXV.
899 4483 958 4541 Si
1002 4500 1139 4543 vero
1183 4486 1345 4544 fuerit
1384 4489 1581 4560 aliquis
1615 4499 1722 4547 tam
1751 4491 1917 4548 durus
1953 4499 2009 4548 et
2043 4499 2149 4546 tam

2333 3280 2513 3336 XLIII.
2560 3280 2755 3337 Nullus
2780 3281 2850 3336 de
2883 3281 3043 3335 horto
3073 3277 3223 3334 tollat
3247 3278 3420 3345 olera,
3453 3276 3550 3334 nisi
3578 3277 3640 3333 ah
3667 3276 3810 3332 hortu-

2260 3377 2386 3434 lano
2413 3379 2706 3448 acceperit.

2331 3469 2518 3527 XLIV.
2559 3471 2729 3527 Nemo
2779 3470 2932 3526 alteri
2963 3469 3220 3541 loquatur
3268 3467 3324 3524 in
3371 3464 3638 3527 tenebris;
3671 3463 3812 3518 nullus

2261 3563 2314 3618 in
2365 3564 2584 3634 pslatho
2624 3579 2748 3620 cum
2798 3563 2975 3620 altero
3037 3563 3308 3627 dormiat;
3371 3575 3583 3615 manum
3631 3555 3811 3610 alterius

2261 3673 2420 3714 nemo
2442 3666 2658 3725 teneat;
2691 3657 2787 3714 sed
2810 3657 2924 3713 sive
2942 3658 3176 3726 steterit,
3203 3658 3320 3712 sive
3343 3652 3699 3716 ambulaverit,
3723 3649 3812 3703 sive

2260 3753 2483 3822 sederit,
2516 3769 2626 3810 uno
2652 3752 2837 3809 cubito
2861 3751 3022 3808 distet
3049 3751 3119 3808 ab
3142 3753 3342 3806 altero.

2330 3846 2488 3902 XLV.
2535 3846 2591 3902 Si
2619 3847 2740 3918 quis
2769 3846 2955 3901 tulerit
2983 3859 3098 3901 rem
3133 3859 3242 3898 non
3281 3858 3470 3910 suam,
3504 3846 3716 3908 ponetur
3740 3849 3810 3888 su-

2259 3954 2360 4011 per
2393 3940 2650 3996 humeros
2678 3939 2834 4008 ejus;
2862 3946 2918 3994 et
2945 3938 3025 3993 sic
3061 3945 3185 4008 agat
3224 3932 3593 4006 paenitentiam
3632 3927 3807 3998 publica

2256 4032 2311 4087 in
2337 4033 2588 4087 collecta.
3541 4103 3544 4106 λ

2327 4123 2514 4178 XLVI.
2562 4121 2620 4179 Si
2651 4121 2975 4192 praepositus
3018 4119 3217 4191 injuste
3241 4114 3597 4191 iudicaverit,
3639 4107 3809 4180 injusti-

2255 4214 2346 4271 tia
2373 4215 2441 4270 ab
2468 4213 2588 4270 aliis
2608 4213 3083 4269 coudemnabitur.

2326 4306 2539 4364 XLVII.
2581 4305 2684 4374 Qui
2728 4308 2999 4362 consentit
3029 4305 3301 4376 peccatis,
3335 4312 3390 4360 et
3419 4296 3652 4358 defendit
3674 4293 3807 4348 alium

2252 4400 2678 4470 delinquentem,
2699 4399 3016 4456 maledictus
3038 4400 3142 4454 erit
3157 4396 3296 4467 apud
3318 4397 3487 4453 Deum
3504 4401 3558 4450 et
3574 4387 3806 4448 homines,

2252 4492 2575 4562 corripietur
2601 4492 2972 4562 increpatione
2999 4489 3366 4547 severissima.

1835 4707 2006 4752 Ακπο
2045 4707 2280 4754 DOIINI
2313 4709 2533 4753 CDXXX
2544 4734 2559 4750 ι

1511 4850 2894 5037 .FASTIDIUS,

1373 5058 2251 5199 BRITANNORUM
2325 5097 3004 5200 EPISCOPUS.

1905 5265 2413 5298 μεθ’*

1581 5377 2826 5488 PROLEGOMENA.'

955 5565 1392 5641 GALLAN'DI’I
1435 5575 1765 5640 NOTITIA
1810 5577 2770 5642 HISTORICO-IJTTERARIA
2817 5577 2898 5640 IN
2943 5575 3413 5640 FASTIDIUM.

1676 5699 1933 5759 (Biblioth.
1960 5700 2098 5752 Vett.
2124 5700 2239 5753 Patr
2281 5700 2522 5752 Gallandii
2546 5708 2582 5754 t.
2601 5700 2712 5761 IX.)

623 5823 680 5888 Ι.
708 5826 826 5897 Quo
853 5835 1093 5903 tempore
1115 5831 1360 5891 clarusrs
1380 5828 1616 5904 Cyrillus
1639 5827 2040 5891 Alexandrinus
2064 5845 2130 5889 ac

2232 5829 2548 5891 Theodotus
2603 5830 2957 5904 Ancyranus,
3008 5831 3256 5892 floruisse
3282 5843 3501 5904 quoque
3528 5820 3795 5886 Fastidio»
3845 5828 3858 5837 '
