3966 6332
197 412 277 479 58!

1501 388 2037 452 PROLEGOMENA.

3318 358 3430 422 38!

194 532 522 590 Britannorum
561 519 864 591 episcopum
905 531 973 575 cx
1019 514 1304 573 Gennadio
1348 512 1732 584 intelligimus,
1762 514 1813 572 Α
1840 503 2186 570 Michaeiino,
2243 499 2524 557 Victorino
2569 511 2634 553 ae
2673 493 2885 552 duobus
2923 486 3277 554 Sorbonicis,
3323 496 3427 543 nec

194 624 268 694 qui
295 619 508 674 medium
539 617 678 670 inter
707 626 802 668 eos
833 612 976 668 hunc
1002 611 1328 681 scriptorem
1355 618 1603 664 recenset
1632 606 1730 678 (a).

192 710 408 784 Episcopi
422 707 629 762 titulum
644 704 883 760 Fastidio
901 703 1192 761 detrahunt
1205 702 1306 758 viri
1318 701 1616 757 doctissimi
1631 698 1731 773 (is),

191 822 301 880 quos
322 806 437 859 item
460 801 650 871 Pagina
670 807 754 855 est
775 807 996 855 secutus
1018 796 1112 870 (c);
1134 794 1366 867 permOti
1399 794 1614 850 scilicet
1636 807 1738 849 ata-

190 899 401 958 ctoritate
429 894 621 949 vetusti
642 891 904 950 Gennadii
935 891 1260 961 exemplaris
1288 887 1654 954 Corbeiensis,
1677 886 1734 941 in

189 1006 275 1057 quo
303 988 481 1058 legitur
507 995 730 1054 tantum,
779 984 1047 1040 Fastidius
1077 982 1271 1050 Britto,
1307 998 1477 1052 neque
1503 997 1531 1035 a
1560 980 1733 1050 prima

189 1098 323 1138 manu
337 1081 616 1148 ascriptum
643 1080 808 1134 habet
826 1078 1078 1135 eumdem
1113 1077 1344 1143 titulum,
1368 1076 1462 1132 sed
1493 1074 1733 1130 additum

187 1187 286 1246 post
305 1187 471 1228 vocem
499 1167 664 1225 Brilto
689 1173 898 1226 calamo
919 1171 1250 1226 recentiore.
1279 1169 1348 1225 At
1379 1181 1486 1224 uno
1504 1177 1734 1238 excepto

186 1265 482 1329 Corbeiensi,
508 1264 701 1334 reliqui
727 1263 964 1330 codices,
985 1278 1121 1332 quos
1143 1263 1283 1317 inter
1304 1276 1369 1317 eo
1396 1262 1567 1316 multo
1597 1277 1734 1330 prae-

187 1363 387 1416 stantior
413 1357 761 1425 Veronensis,
792 1367 850 1412 ut
877 1357 997 1413 fuse
1019 1359 1250 1427 probant
1279 1357 1473 1412 eruditi
1502 1356 1602 1410 viri
1626 1355 1732 1427 (ά),

183 1456 349 1525 aliique
364 1454 465 1507 duo
482 1454 779 1523 pervetusti
808 1452 1149 1508 bibliothecm
1167 1451 1551 1507 Lamltetbanm
1577 1450 1733 1506 War-

1836 615 1944 656 non
1974 614 2097 655 cum
2141 595 2408 652 Holstenii
2432 592 2670 651 editione
2694 591 2936 645 Romana
2965 586 3241 649 collatum,
3271 579 3425 638 evul~
3515 601 3518 604 ·

1835 703 2031 766 garunt
2065 689 2350 747 clarissimi
2389 701 2614 759 operum
2644 682 3159 754 Augustiniauorum
3183 676 3425 731 editores

1837 789 2168 844 Parisienses
2198 784 2302 859 (p).
2333 781 2508 853 Atque
2544 777 2851 849 hujusmodi
2881 773 3205 848 praclarum
3235 768 3426 827 exem-i.

1836 882 1952 951 plar
1985 878 2127 952 typis
2155 874 2569 947 exprimendum
2594 869 2936 926 tradidimus.
2971 865 3170 921 Verum
3212 877 3279 917 ne
3302 876 3424 917 mu-

1836 977 1951 1030 neri
1985 981 2170 1028 noslro
2208 968 2422 1040 penitus
2449 964 2640 1023 deesse
2671 963 3011 1026 videremur,
3064 957 3197 1016 illud
3228 957 3424 1011 iterum

1835 1083 1956 1124 cum
1981 1066 2128 1124 edito
2157 1061 2508 1120 Holsteniano
2534 1055 2966 1128 comparavimus
2995 1068 3008 1106 :
3032 1065 3139 1122 qua
3161 1064 3230 1107 ex
3256 1047 3426 1104 colla-

1837 1161 1986 1217 tione
2026 1157 2316 1214 nonnullas
2341 1152 2648 1210 deteximus
2678 1148 2945 1205 lectiones
2969 1146 3165 1217 quibus
3194 1142 3426 1199 fortasse

1839 1254 2047 1325 planior
2094 1247 2379 1320 scriptoris
2425 1253 2601 1301 textus
2629 1239 2911 1306 reddatur,
2953 1249 3154 1307 easque
3193 1233 3424 1305 proinde

1835 1346 2129 1400 subnotare
2161 1342 2338 1397 libuit.

1907 1436 1960 1492 5.
1990 1435 2059 1490 At
2091 1447 2220 1490 vero
2266 1430 2407 1487 haud
2455 1436 2538 1484 est
2566 1426 2725 1499 plane
2767 1418 3204 1495 praetereundum
3233 1460 3248 1484 ,
3280 1414 3425 1486 quod

184 1552 319 1604 thono
345 1548 538 1603 laudati
570 1546 665 1618 (e),
698 1548 972 1619 vulgatam
1005 1546 1271 1603 Gennadii
1305 1545 1591 1602 lectionem
1622 1562 1732 1618 prce

1848 1533 1942 1594 iam
2004 1528 2210 1599 pridem
2263 1538 2520 1581 monuere
2558 1521 2661 1576 viri
2721 1514 3021 1574 doctissimi
3065 1530 3079 1566 :
3125 1509 3425 1566 Fastidium

183 1643 409 1700 scierunt
435 1658 448 1694 :
483 1657 656 1714 neque
683 1642 840 1697 aliter
867 1641 919 1697 in
947 1657 1048 1697 suo
1073 1643 1260 1698 codice
1287 1641 1482 1712 legisse
1510 1653 1730 1710 compe-

181 1738 290 1792 ritur
319 1736 584 1791 Honorius
612 1736 1114 1806 Augustoduncnsis
1147 1734 1216 1809 (Γ)
1247 1736 1580 1792 Gcnnadium
1637 1751 1732 1790 ex-

181 1830 386 1883 scribens
420 1845 433 1880 :
465 1837 517 1881 ut
554 1837 841 1899 propterea
871 1838 1068 1898 praeter
1092 1829 1288 1886 citatos
1328 1829 1649 1884 Ballerinios
1677 1838 1733 1884 et

180 1920 498 1974 Warthonum
526 1961 542 1984 ,
577 1919 829 1975 Usserius
857 1936 1073 1992 quoque
1111 1923 1187 1995 (g)
1242 1937 1305 1977 ac
1349 1922 1593 1978 Norisius
1625 1922 1730 1994 (Ii),

180 2014 344 2084 quibus
368 2013 633 2070 accedere
661 2014 875 2068 videtur
900 2025 953 2070 et
982 2014 1360 2070 Tillemontins
1390 2015 1475 2087 (i),
1509 2015 1729 2071 Fastidii

177 2107 508 2177 episcOpatum
561 2116 891 2177 agnoscant,
949 2108 1075 2163 licet
1111 2109 1230 2178 ejus
1282 2109 1439 2164 sedes
1470 2109 1734 2168 habeatur

176 2207 370 2252 incerta.

230 2291 275 2349 2.
299 2292 551 2348 Testatur
579 2293 892 2350 Gennadius
920 2295 988 2367 (j)
1020 2295 1306 2366 scripsisse
1336 2296 1633 2352 Fastidium
1664 2299 1734 2353 ad

175 2383 378 2440 Fatalem
398 2386 459 2441 de
483 2384 605 2441 Vita
619 2387 911 2443 Christiana
927 2389 1135 2455 librum,
1150 2400 1196 2444 et
1209 2389 1374 2443 alium
1391 2390 1454 2444 de
1477 2389 1734 2449 Viduitate

173 2480 416 2546 set-rando,
444 2497 578 2535 sana
602 2492 648 2537 et
674 2482 832 2554 digna
860 2482 1101 2536 doctrina
1130 2500 1148 2540 :
1183 2494 1234 2537 ut
1269 2484 1371 2539 fert
1399 2484 1567 2540 codex
1601 2485 1734 2541 Cor-

173 2572 393 2628 beiensis.
437 2574 494 2628 in
540 2574 704 2631 editis
737 2575 1105 2632 Gennadianis
1152 2577 1347 2648 legitur
1383 2577 1451 2632 ad
1491 2576 1735 2632 Fatalem

171 2669 446 2735 quemdam,
491 2684 694 2725 errore
722 2671 861 2727 forte
907 2672 1024 2728 sive
1073 2671 1242 2744 ipsius
1273 2672 1570 2739 Gennadii,
1618 2673 1736 2730 sive

172 2769 321 2838 potius
339 2768 548 2824 librarii
581 2787 596 2825 :
628 2785 748 2824 nam
772 2769 911 2826 liber
929 2769 997 2826 de
1019 2785 1126 2839 quo
1148 2785 1269 2824 mox
1294 2769 1490 2825 dicturi
1519 2781 1730 2839 sumus,

171 2861 224 2915 ad
245 2860 439 2917 viduam
467 2863 766 2933 quamdam
796 2863 994 2919 missus
1021 2878 1144 2918 esse
1173 2863 1522 2933 perhibetur,
1571 2879 1732 2934 quam

171 2954 533 3009 dilectissimum
566 2972 792 3010 sororem
819 2965 1010 3011 auctor
1039 2957 1276 3027 appellat
1306 2955 1405 3028 (It).
1443 2955 1577 3010 Hinc
1608 2971 1736 3012 vero

169 3045 247 3100 abs
273 3060 326 3102 re
343 3061 528 3101 ansam
573 3047 870 3117 arripuisse
903 3048 1120 3118 Pagium
1149 3048 1215 3121 (ι)
1253 3048 1498 3104 Fastidio
1525 3047 1726 3119 abjudi-

171 3137 299 3192 candi
323 3138 520 3194 librum
564 3138 633 3194 de
657 3154 763 3210 quo
794 3138 1144 3204 Gennadius,
1191 3148 1340 3196 recte
1364 3151 1599 3210 arguunt
1629 3141 1732 3196 viri

171 3231 336 3288 eruditi
365 3247 498 3303 quos
533 3233 698 3289 modo
729 3233 1067 3290 laudavimus
1107 3235 1226 3306 (in).
1273 3234 1499 3290 Errasse
1519 3250 1734 3307 quoque

171 3323 474 3380 Gennadium
516 3326 712 3382 statuit
741 3326 1002 3382 Pessinus
1033 3327 1116 3399 (η)
1159 3343 1281 3382 cum
1334 3327 1492 3394 aliis,
1526 3328 1616 3396 qui
1663 3344 1730 3383 ex
1756 3309 1802 3372 Ο

171 3433 258 3474 uno
285 3418 414 3477 libro
442 3421 590 3476 duos
619 3420 749 3478 fecit
782 3421 963 3492 :quod
990 3422 1132 3476 enim
1161 3421 1268 3477 sub
1297 3421 1548 3492 opusculi
1569 3421 1729 3476 ﬁnem

169 3513 354 3568 disserit
390 3524 590 3570 auctor
618 3515 682 3569 de
725 3515 914 3586 triplici
957 3513 1221 3570 Viduitate
1249 3514 1350 3587 (0),
1385 3515 1528 3570 haud
1555 3530 1732 3572 novus

169 3614 414 3674 tractatus,
436 3607 538 3665 sed
586 3609 710 3664 libri
748 3609 814 3664 de
861 3608 982 3664 Vita
1020 3609 1320 3666 Christiana
1347 3610 1590 3666 clausula
1627 3619 1728 3666 est.

167 3700 249 3757 llic
273 3718 422 3770 porro
453 3703 676 3759 libellus
703 3705 790 3775 qui
816 3704 928 3774 jam
961 3704 1160 3760 dudum
1186 3707 1326 3761 inter
1353 3720 1516 3774 opera
1544 3718 1732 3760 sancto

166 3792 432 3864 Augustino
475 3798 760 3868 supposita
810 3797 1010 3866 s‘mpius
1047 3799 1349 3868 prodierat,
1379 3800 1586 3868 parenti
1632 3814 1732 3854 suo

167 3893 352 3946 tandem
379 3891 548 3948 Luca:
574 3893 839 3949 Hulstcnii
869 3893 1050 3948 studio
1077 3901 1161 3949 est
1188 3895 1495 3949 restitutus.
1526 3894 1732 3950 Nactus

165 3983 285 4036 enim
316 3984 394 4040 vir
416 3987 506 4042 ille
537 3986 734 4041 doctus
755 3995 1025 4042 vetustum
1058 3987 1336 4056 exemplar
1367 3987 1419 4041 in
1450 3996 1727 4042 monaste-

166 4075 234 4130 rio
257 4076 568 4135 Cassiuensi
613 4078 843 4135 Fastidii
871 4081 1096 4154 episcopi
1128 4081 1345 4137 nomine
1377 4080 1693 4151 insignitum
1714 4121 1730 4148 ,

164 4171 584 4244 upusdescripsit
608 4189 673 4230 ac
686 4175 912 4230 editioni
935 4181 1183 4245 paratum
1212 4174 1467 4246 reliquit:
1495 4175 1735 4245 illudque

163 4264 388 4338 deinceps
412 4283 540 4325 cum
572 4269 782 4326 duobus
807 4269 929 4326 aliis
954 4267 1234 4340 opusculis
1269 4285 1338 4327 ex
1374 4285 1563 4326 musco
1602 4270 1732 4326 l-ioio

163 4359 384 4419 steuiano
421 4364 619 4420 Romae
648 4365 902 4421 inlucem
933 4366 1117 4422 emisit
1158 4381 1302 4421 anno
1347 4365 1490 4422 i665
1543 4367 1736 4422 Petrus

162 4451 416 4514 Possinus.
450 4457 614 4527 Quod
668 4459 888 4530 quidem
939 4474 1079 4532 opus
1120 4461 1303 4516 denuo
1344 4461 1639 4530 expolitum
1681 4468 1738 4517 et

163 4562 269 4605 cum
317 4552 599 4609 veteribus
649 4553 928 4610 codicibus
986 4553 1332 4622 Corbeiensi,
1384 4551 1733 4624 Remigiano.

222 4713 292 4786 (a)
322 4716 554 4772 Gennad
610 4716 678 4773 de
710 4718 823 4773 Vir.
860 4715 1061 4773 lilustr.
1092 4731 1212 4786 cap.
1242 4715 1332 4772 56.

222 4713 271 4784 (a
322 4716 554 4772 Gennad
610 4716 678 4773 de
710 4718 823 4773 Vir.
860 4715 1061 4773 lilustr.
1092 4731 1212 4786 cap.
1242 4715 1332 4772 56.

432 4788 488 4872 in
503 4790 753 4914 Agpend.
770 4788 983 4915 ἰὲὅοηι.
998 4789 1066 4844 Vl
1082 4802 1208 4860 opp.
1228 4786 1291 4846 S.
1306 4788 1445 4860 Aug.
1467 4799 1585 4860 pag.
1604 4788 1729 4846 185.

396 4875 476 4928 gi.
512 4875 544 4913 a
612 4876 738 4914 ann.
881 4903 896 4928 ,
933 4858 1136 4928 §xxtx.

396 4875 476 4929 gi.
512 4875 580 4914 au
612 4876 738 4914 ann.
770 4875 896 4928 ut),
933 4875 961 4929 θ
990 4876 1136 4916 xxix.

165 4930 302 5057 881d)
327 4931 528 4988 Baller.
561 4931 794 4987 Observ.
821 4931 890 4986 ad
927 4930 1065 5003 Opp.
1098 4931 1280 4989 Naris.
1315 4940 1448 4990 tom.
1489 4930 1581 5000 IV,
1612 4945 1738 5006 pag.

274 5009 328 5057 et
352 4999 623 5058 923-926.

227 5072 530 5138 (e)Warth.
559 5072 696 5128 Hist.
715 5072 783 5129 de
803 5073 966 5144 episc.
994 5082 1049 5129 et
1068 5074 1260 5130 decan.
1283 5073 1513 5142 Londin.
1541 5088 1602 5146 pa
1648 5073 1738 5131 .6.

225 5143 292 5216 (fi
319 5145 527 5216 Honor.
560 5145 697 5214 Aug.
725 5145 817 5200 lib.
851 5145 892 5200 ll
919 5145 986 5200 de
1013 5145 1216 5216 Script.
1252 5146 1403 5202 Eccl.
1429 5161 1548 5216 cap.
1574 5088 1663 5202 5E.

225 5148 292 5216 (r)
319 5148 527 5200 Honor.
560 5148 697 5214 Aug.
725 5148 817 5200 lib.
851 5148 892 5200 ll
919 5148 986 5200 de
1013 5148 1216 5216 Script.
1252 5148 1403 5202 Eccl.
1429 5161 1548 5217 cap.
1574 5148 1663 5202 55.

225 5215 298 5299 ψ)
321 5215 514 5299 {issem
549 5216 794 5299 Britania.
839 5217 1052 5299 ELccAles.
1081 5215 1302 5291 Antiqq.
1335 5233 1456 5290 cap.
1487 5219 1574 5283 ii,
1615 5232 1737 5289 pag.

171 5281 825 5371 '7ilstitt-rec:.t9m1irt-
861 5288 1019 5371 46.8.7-

169 5355 513 5497 pagtigo‘ris.
551 5359 690 5414 Hist.
719 5357 902 5430 Pelag.
927 5360 1022 5416 lib.
1049 5375 1090 5427 ι,
1117 5375 1238 5433 cap.
1265 5362 1355 5428 19,
1379 5375 1506 5434 upp.
1535 5367 1668 5418 tom.
1698 5359 1741 5431 i,

172 5499 291 5626 83ili)
318 5501 543 5558 Tillem.
587 5509 719 5558 tum.
750 5501 869 5567 XV,
899 5518 1022 5589 pag.
1058 5504 1123 5560 i6
1144 5511 1202 5561 et
1231 5503 1298 5562 18
1324 5504 1466 5573 init.,

267 5615 280 5626 .
309 5582 429 5626 not.
460 5575 498 5626 4
519 5615 533 5626 .
559 5589 646 5626 sur
672 5573 734 5626 S.
765 5571 1032 5626 Ges-mam.

260 5575 280 5636 ‘,
309 5582 429 5630 not.
460 5575 498 5631 4
519 5615 533 5636 ,
559 5589 646 5629 sur
672 5573 734 5630 S.
765 5571 1032 5631 6min.

260 5645 292 5712 Ῑ)
321 5643 575 5701 Gennad.
604 5645 641 5700 l.
674 5661 721 5702 c.

237 5713 310 5786 (ί)
336 5716 549 5801 Fastid.
579 5719 786 5798 prastat.
812 5719 882 5776 de
911 5719 1022 5776 Vit.
1043 5718 1246 5777 Christ.
1278 5720 1439 5778 infra.

237 5788 313 5859 (t)_
342 5789 500 5859 Pagi.
521 5791 562 5846 i.
583 5805 632 5847 c.

235 5857 326 5928 (ut)
354 5857 561 5918 Bailer.
589 5865 624 5920 i.
657 5878 705 5920 c.

241 5929 316 5991 in)
343 5929 564 5991 Possiu.
591 5936 642 5992 in
668 5935 855 6006 Nouit.
887 5937 954 5994 ad
980 5937 1188 5997 Fastid.
1221 5937 1349 5994 edit.
1383 5935 1543 5993 Rom.

1506 5519 1574 5561 ac
1618 5515 1739 5577 pag.

1836 1623 2043 1678 scilicet
2075 1619 2281 1690 Pelagii
2309 1613 2654 1674 conterranei
2692 1611 2774 1667 sui
2823 1607 3018 1664 Incresi
3065 1605 3234 1660 fuisse
3274 1602 3429 1658 addi-

1835 1726 2013 1781 ctum;
2048 1715 2291 1783 adeoque
2315 1709 2446 1764 nihil
2479 1708 2677 1762 mirum
2701 1705 2768 1762 de
2793 1713 2861 1760 eo
2889 1698 3177 1755 tradidisse
3205 1696 3426 1752 Genna-

1837 1810 2005 1875 dium,
2052 1809 2216 1862 fuisse
2237 1804 2412 1876 ipsum
2437 1801 2705 1856 imbutum
2735 1796 2865 1851 sana
2885 1804 2933 1849 et
2956 1794 3114 1866 digna
3144 1788 3380 1844 doctrina
3404 1801 3424 1842 :

1765 1915 1810 1975 Β
1843 1903 2213 1976 presbyterum
2247 1899 2390 1954 enim
2416 1896 2563 1951 illum
2592 1889 2990 1948 Massiliensem
3018 1885 3214 1940 divina:
3234 1880 3426 1952 gratiae

1836 1995 2069 2052 inimicis
2092 1992 2290 2047 favisse
2317 1990 2711 2055 incompertum
2736 1981 2965 2038 nemini.
2987 1979 3103 2045 Qua
3134 1976 3201 2030 de
3227 1989 3284 2030 re
3306 1987 3424 2028 am-

1836 2088 2144 2159 plissimum
2187 2082 2428 2138 historizc
2456 2078 2760 2147 Pelagianae
2781 2072 3117 2128 conditorem
3144 2067 3220 2138 (ᾳ)
3254 2073 3307 2119 et
3335 2063 3427 2134 qui

1835 2158 1952 2252 ejus
1983 2195 2144 2250 opera
2177 2176 2406 2248 junctim
2446 2172 2654 2229 edenda
2685 2175 2943 2224 curarunt
2967 2165 3037 2238 (r)
3072 2177 3175 2218 nec
3205 2174 3314 2216 non
3343 2158 3427 2212 hi-

1835 2276 2018 2330 Storia:
2067 2271 2343 2326 litterariae
2392 2266 2610 2323 Gallicae
2640 2270 2895 2318 auctores
2950 2256 3019 2328 (s)
3068 2268 3185 2328 pra:
3212 2253 3425 2308 creteris

1834 2365 2088 2424 consulas
2126 2363 2313 2418 velim.
2341 2360 2449 2418 Sed
2475 2367 2532 2414 ul.
2562 2359 2615 2411 in
2638 2357 2782 2411 viam
2809 2347 3126 2413 redeamus,
3156 2341 3426 2400 Fastidius

1835 2461 1903 2516 de
1936 2458 2145 2516 Adnmo
2188 2457 2304 2509 haac
2334 2454 2496 2507 habet
2528 2448 2593 2520 (ι)
2634 2466 2647 2501 :
2683 2445 2752 2501 In
2787 2460 2885 2516 quo
2913 2441 3047 2498 nihil
3073 2439 3233 2505 fuisse
3259 2436 3428 2489 incre-

1836 2551 2071 2606 dulitatis
2123 2548 2324 2604 inuenio
2370 2553 2557 2618 prater
2599 2541 2768 2596 solam
2811 2533 3207 2592 inobedientiam
3232 2570 3246 2595 ,
3277 2528 3425 2599 cujus

1836 2662 1994 2700 causa
2043 2644 2133 2698 ille
2175 2643 2446 2696 damnatus
2495 2645 2570 2692 est
2597 2677 2614 2704 ,
2666 2643 2716 2688 et
2766 2648 2940 2688 omnes
2987 2645 3080 2684 suo
3111 2627 3427 2680 damnantur

1836 2754 2106 2796 excitato.
2153 2737 2280 2792 Haec
2305 2750 2435 2790 vero
2462 2734 2575 2802 ipsa
2612 2741 2693 2786 εει
2736 2726 2934 2798 Pelagii
2966 2721 3190 2779 haeresis
3227 2721 3300 2776 ita
3329 2711 3427 2774 do—

1834 2834 2031 2898 centis,
2065 2840 2123 2886 ut
2149 2831 2226 2884 ait
2247 2835 2465 2883 sanctus
2492 2821 2728 2891 Prosper
2760 2819 2838 2890 (ιι)
2874 2836 2887 2871 :

2020 2945 2315 3007 Progenitos
2331 2941 2481 3002 igitur
2506 2936 2697 3007 nullum
2716 2934 2929 2985 traxisse
2951 2937 3147 3007 reatum

2021 2989 2477 3068 bevfiatrihusruec
2498 2998 2765 3068 diss-inuicti
2785 3008 2914 3068 nunc
2937 2993 3127 3068 pascier
3149 2989 3237 3042 illo

2026 3055 2149 3119 Orth
2175 3055 2467 3130 primofum,
2496 3061 2578 3124 qui
2604 3060 2833 3130 libertate
2859 3056 2990 3130 male
3006 3055 3082 3104 usi

2021 3114 2319 3192 Pecuniam,
2338 3114 2496 3192 {omits
2516 3114 2680 3182 nocui,
2707 3133 2802 3172 non
2817 3117 2996 3170 sentina
3021 3114 3158 3180 proli.

1841 3239 1906 3294 Et
1929 3237 2130 3293 clarius
2155 3234 2332 3291 adhuc
2358 3239 2549 3288 auctor
2577 3230 2816 3285 incertus
2855 3222 3103 3291 epistolae
3135 3218 3200 3274 ad
3234 3217 3426 3273 Deme-

1838 3331 2062 3388 triadem
2091 3329 2164 3401 (υ)
2200 3344 2215 3383 :
2247 3325 2413 3392 Hinc,
2451 3322 2645 3393 inquit,
2695 3318 2824 3374 Ades
2854 3323 3145 3388 peccatum,
3181 3319 3430 3367 lxnurw

1837 3427 2056 3502 posteris
2110 3422 2435 3480 asserebatur
2480 3418 2749 3484 nocuisse,
2790 3427 2895 3469 sou
2935 3421 3222 3465 anausim.
3255 3405 3426 3471 Quem”

1837 3522 2055 3592 quidem
2079 3519 2428 3589 Pelagianqu
2451 3527 2691 3569 errorem
2720 3508 2918 3579 passim
2947 3503 3185 3574 exagitat
3206 3506 3428 3554 sanctus

1836 3616 2172 3686 Augustinus
2199 3611 2304 3686 (ετ).
2363 3611 2632 3666 Ρτωιθτεε
2679 3619 2791 3661 suae
2841 3603 3013 3655 vidua:
3048 3601 3147 3653 ista
3189 3592 3430 3664 sugg-erit

1837 3683 2024 3765 noster
2049 3683 2240 3764 auctor
2265 3683 2346 3776 (y)
2376 3722 2389 3757 :
2419 3702 2520 3756 Ille
2541 3709 2713 3754 autem
2736 3697 2802 3751 ad
2827 3695 2996 3749 Deum
3019 3691 3198 3744 merito
3227 3683 3431 3741 extulit

1835 3819 2053 3868 manus,
2096 3801 2182 3854 ille
2225 3813 2400 3869 preces
2427 3797 2560 3849 bona
2595 3791 2906 3847 conscientia
2936 3786 3111 3858 fundit
3134 3782 3224 3854 qui
3266 3785 3432 3852 potest

1838 3895 2027 3960 dicere,
2049 3891 2130 3946 Tu
2153 3892 2307 3956 nosti,
2331 3889 2566 3952 Domine,
2589 3898 2744 3956 quam
2767 3889 2975 3944 sancite,
2999 3891 3154 3947 quam
3174 3875 3428 3927 innocen-

1837 3997 1910 4042 tes
1933 4028 1947 4054 ,
1982 4001 2137 4057 quam
2162 3998 2308 4052 parte
2346 3983 2446 4036 sint
2473 3978 2536 4033 ab
2579 3976 2718 4031 omni
2743 3974 2929 4046 fraude
2956 3981 3002 4024 et
3023 3968 3220 4041 injuria
3249 3973 3297 4019 et
3338 3980 3429 4017 ra-

1840 4084 1992 4155 pina,
2022 4096 2149 4150 quas
2177 4077 2246 4132 ad
2278 4085 2326 4130 te
2354 4073 2596 4146 expende
2619 4083 2839 4134 manus;
2882 4082 3035 4136 quam
3050 4067 3197 4137 justo
3219 4102 3232 4126 ,
3275 4069 3430 4130 quant

1841 4151 2178 4230 immaculata
2205 4171 2342 4225 labia
2375 4177 2422 4223 et
2460 4165 2526 4221 ab
2565 4163 2702 4220 omni
2728 4161 2995 4218 mendacio
3026 4156 3220 4220 libera,
3248 4151 3431 4225 quibus

1844 4270 1968 4338 tibi,
2012 4277 2069 4323 ut
2110 4269 2238 4321 mihi
2283 4261 2608 4327 miserearis,
2657 4273 2830 4330 preces
2863 4254 3046 4326 fundo.
3098 4251 3222 4306 ila-c
3267 4261 3432 4319 porro

1842 4372 1969 4423 sunt
1990 4361 2260 4434 ipsissima
2279 4357 2482 4430 Pelagii
2498 4354 2684 4421 verba,
2705 4352 2901 4424 quibus
2921 4347 3138 4402 viduam
3159 4344 3428 4400 Julianam

1845 4455 2202 4515 Demetriadis
2229 4462 2455 4510 matrem
2486 4448 2747 4514 docebat,
2779 4440 3233 4516 quemadmodum
3259 4435 3433 4492 sancti

1844 4566 2002 4609 orare
2050 4550 2304 4607 debeant.
2347 4546 2426 4603 Ea
2466 4543 2661 4602 recitat
2694 4547 2912 4597 sanctus
2949 4533 3281 4607 Augustinus
3331 4531 3427 4604 (a),

1756 4718 1811 4779 D
1909 4714 1986 4853 So)
2015 4713 2222 4772 Fastid.
2254 4712 2292 4769 l.
2319 4727 2398 4782 c.,
2429 4723 2550 4780 cap.
2581 4707 2651 4765 i5
2680 4706 2838 4762 inira.

1939 4785 1994 4853 p)
2017 4786 2071 4841 In
2086 4784 2336 4853 Append.
2352 4782 2569 4853 adytum.
2585 4779 2654 4853 Vl,
2664 4775 2838 4853 _opp_.A

1939 4764 1982 4858 ῤ’
2017 4764 2419 4856 iniiinith
2439 4764 2569 4837 ioin.
2585 4764 2654 4835 Vl
2670 4792 2796 4848 opp.
2812 4775 2951 4846 Aug.
2963 4815 2977 4841 ,
2990 4785 3148 4844 pagg.
3165 4764 3427 4825 iss-tae.

1939 4785 1994 4930 qi
2021 4857 2202 4930 Noris.
2234 4856 2374 4911 Hist.
2407 4852 2593 4923 Pelag.
2623 4851 2718 4906 lib.
2752 4849 2817 4916 ll,
2848 4861 2968 4917 cap.
2999 4842 3101 4910 16,
3131 4855 3258 4912 opp.
3294 4850 3427 4894 tom.

2021 4842 2205 4932 Horis;
2234 4856 2374 4911 Hist.
2407 4852 2593 4923 Pelag.
2623 4842 2723 4906 lib:
2747 4842 2817 4916 il,
2848 4842 2968 4917 ca'p.
2994 4842 3101 4910 16,
3131 4855 3258 4912 opp.
3294 4850 3428 4894 tom.

1841 4929 1883 4997 ¹ι
1919 4927 2077 5008 Ρξεὲ·
2095 4927 2212 5008 ,4δῖ
2237 4942 2390 5008 εθμι.
2461 4996 2474 5008 .

1913 4982 2218 5147 ἕνζσιῖεειιετ.
2237 4982 2525 5082 .ad'Noris.
2559 5008 2685 5062 opp.
2711 4998 2844 5046 tom.
2874 4984 2963 5056 IV,
2991 4999 3150 5113 pagg.
3178 4982 3285 5040 925
3311 4995 3429 5048 seq.

1938 5090 1961 5126 s
2029 5073 2168 5128 Hist.
2215 5067 2383 5126 httér.
2408 5066 2476 5123 de
2502 5065 2554 5122 la
2583 5063 2832 5130 France,
2872 5069 3005 5116 tom.
3037 5057 3052 5111 l
3085 5101 3099 5125 ,
3144 5069 3299 5127 pagg.
3327 5051 3436 5109 635

1843 5158 1995 5215 seqq.

1924 5201 1998 5360 Ξῖ)
2022 5212 2227 5270 Fastid.
2256 5211 2326 5269 de
2353 5210 2462 5266 Vit.
2499 5207 2706 5265 Christ.
2739 5219 2861 5276 cap.
2895 5205 2964 5260 i5
2988 5201 3148 5285 infra.

1951 5286 2230 5360 u)HProsp.
2259 5282 2444 5360 Carm.
2475 5281 2546 5340 de
2568 5279 2776 5354 lngrat.
2798 5276 2898 5335 sub
2929 5276 3047 5331 init.
3077 5285 3146 5342 op

1951 5264 2230 5366 iiiis};
2259 5264 2546 5366 Carm.“
2568 5279 2776 5354 lngrat.
2798 5264 2898 5335 sub
2929 5275 3047 5331 init.
3077 5285 3203 5342 opp.
3231 5275 3364 5326 tom.
3388 5264 3428 5333 i,

1854 5354 2100 5428 pa'.'7i,
2138 5354 2262 5412 nov.
2295 5354 2427 5411 edit.

1921 5373 2191 5503 ﬁoiibid.
2237 5425 2295 5485 in
2321 5423 2555 5499 append.
2599 5423 2772 5495 Epist.
2804 5417 2875 5477 ad
2905 5416 3146 5475 Demetr.
3177 5424 3300 5482 cap.
3345 5408 3433 5475 io,

1852 5501 2192 5648 Magium
2224 5570 2450 5648 deﬁat.
2481 5578 2537 5627 et
2564 5568 2723 5626 Grat.
2761 5577 2885 5634 cap.
2924 5559 2982 5631 9,
3027 5572 3157 5630 opp.
3197 5563 3331 5612 tom.
3365 5548 3438 5616 Χ,

1853 5641 2385 5732 υθέοζ¹ἔ¹νῘ⁶ἒε³3ίδὲο
2453 5727 2474 5732 -

1920 5662 2387 5861 3913:3353";
2417 5727 2541 5782 cap.
2573 5709 2636 5766 tt
2671 5706 2832 5764 inira.

1948 5787 1999 5862 ι)
2017 5787 2166 5862 Aug.
2200 5785 2390 5862 ltb_._de
2416 5784 2570 5842 Gest.
2591 5776 2777 5858 Pelag.
2802 5791 2926 5852 cap.
2947 5773 3007 5847 ο,
3031 5784 3182 5830 unm.
3202 5765 3290 5838 ιθ,
3308 5781 3434 5839 opp.

1854 5855 1990 5918 tom.
2017 5857 2089 5927 Χ,
2113 5855 2236 5930 pag.
2259 5855 2389 5914 200.
