3976 6336
523 294 628 359 383

1553 289 1849 352 FASTIDII
1887 290 2394 352 BRITANNORUM
2433 292 2745 353 EPlSCOPl

3665 306 3755 362 διε

522 404 700 474 aitque
728 412 787 465 tn
809 404 1183 479 Diospolitana
1207 404 1416 480 synodo
1437 405 1658 476 Pelagio
1680 408 1849 464 fuisse
1870 410 2101 480 objecta.
2131 415 2188 479 Α
2215 409 2339 465 Vita
2382 409 2680 465 Christiana
2706 409 2898 481 impias
2927 408 3134 482 Pelagii
3171 410 3465 469 sententias
3492 415 3756 487 exscripta:

522 486 723 551 Eadem
770 514 985 571 quoque
1038 498 1205 555 rel'ert
1267 506 1484 554 sanctus
1562 498 1924 572 Hieronymus
1982 501 2102 573 (a);

523 588 717 660 quibus
783 592 839 647 in
906 592 1143 647 medium
1194 590 1481 657 adductis,
1538 592 1717 646 statim
1764 594 2033 650 exclamat
2092 612 2107 649 :

524 679 807 736 Christiani
835 690 911 738 est
947 685 1093 751 lucc,
1124 700 1193 737 an
1231 682 1491 739 Pharisan'
1528 685 1865 756 superbientis
1905 688 2114 742 oratio?

522 774 641 830 Alia
683 775 902 843 insuper
932 777 1114 832 minus
1147 786 1294 833 recte
1327 779 1671 848 pronuntiata
1721 788 1871 836 notat
1910 780 1964 836 in
2012 781 2114 837 hoc

523 863 748 921 Fastidii
778 868 1043 937 opusculo
1070 869 1448 925 Tillemontius
1480 871 1578 944 (ὁ).
1611 890 1630 923 ι
1659 872 1869 941 Quare,
1903 881 1961 928 ut
1988 888 2111 930 cum

521 952 739 1010 Norlsio
768 957 959 1029 loquar
984 958 1083 1031 (ο),
1122 974 1245 1016 cum
1271 960 1548 1018 Fastidius
1582 962 1672 1018 hic
1699 963 1843 1022 dicto
1885 964 2025 1021 libro
2053 968 2115 1022 de

591 1070 672 1143 (a)
700 1072 920 1151 Hieron.
945 1074 1043 1131 lib.
1068 1075 1365 1151 lllpialog.
1395 1086 1568 1151 contr.
1602 1078 1811 1151 Pelag.,
1838 1096 1990 1137 num.
2019 1081 2107 1150 14,

521 1155 657 1216 Opp.
681 1152 812 1216 tum.
843 1145 908 1211 ll,
943 1161 1064 1216 pag.
1098 1148 1222 1214 784,
1248 1149 1378 1204 edit.
1406 1150 1607 1206 Veron.

590 1211 667 1285 (ὁ)
695 1214 911 1271 Tillem.
943 1211 1075 1273 tom.
1108 1211 1226 1285 XV,
1255 1234 1378 1291 pag.
1413 1219 1501 1277 17.

539 1332 713 1351 —"

2213 504 2538 571 inseruerit,
2588 503 2878 574 Pelagiana
2919 504 3069 560 illum
3101 504 3318 576 loligine
3354 519 3624 575 aSpersum
3669 527 3757 569 non

2214 594 2404 651 dubito
2453 614 2465 649 :
2512 595 2745 665 indeque
2792 598 3026 666 suspicio
3078 598 3317 665 crescit,
3364 598 3500 666 quod
3542 599 3758 672 Pelagius

2213 689 2544 745 Britanniam
2576 691 2801 759 patriam
2827 691 3034 757 infecit,
3062 692 3277 762 lateque
3303 704 3369 745 ea
3394 692 3556 758 pestis
3578 696 3761 751 univer-

2216 799 2331 840 sam
2390 786 2621 839 insulam
2652 794 2937 854 pervagata
2967 783 3088 838 fuit.
3120 784 3271 840 Unde
3301 798 3444 839 anno
3469 782 3568 839 429
3594 800 3621 839 a
3655 802 3761 843 con-

2218 876 2345 932 cilio
2392 877 2675 934 Gallicano
2723 878 2885 947 legati
2913 886 3100 933 contra
3131 876 3449 949 Pelagianos
3490 877 3541 933 in
3587 878 3764 936 Britan-

2218 972 2365 1027 niam
2390 972 2541 1027 missi
2571 980 2719 1026 sunt.
2762 990 2781 1024 ι

2217 1173 2251 1229 p
2288 1088 2572 1216 magis.
2605 1087 2742 1144 Hist.
2774 1085 2959 1159 Pelag.
2988 1085 3065 1144 lib
3116 1085 3161 1154 Ι,
3184 1100 3299 1158 cap.
3341 1086 3428 1156 i9,
3459 1102 3581 1158 opp.
3607 1092 3761 1157 tom.l,

2254 1174 2341 1229 ag.
2489 1200 2503 1214 .

2254 1174 2503 1230 ag.195.

1630 1425 2688 1565 ι’Δευιιιυιι

1669 1566 1723 1604 ﬁ
1765 1594 2229 1649 BRITANNORUM
2263 1597 2555 1651 EPISCOPI

1076 1708 1344 1856 DE
1438 1714 1919 1865 VITA
2017 1716 3239 1867 CHRISTIANA

1917 1920 2159 1985 LIBER
2200 1925 2429 1988 UNUS.

1928 2143 2159 2241 19ης
2173 2135 2417 2243 ratio.

594 2300 663 2359 Ut
701 2314 803 2373 ego
830 2307 1081 2373 peccator
1110 2309 1138 2339 ι
1165 2309 1220 2357 et
1244 2300 1491 2373 ultimus,
1536 2301 1875 2373 insipientior
1901 2304 2116 2357 caeteris
2144 2309 2194 2370 B
2221 2303 2459 2373 impertit
2489 2320 2502 2356 ε
2533 2302 2601 2358 ad
2631 2303 2783 2373 cujus
2824 2317 2932 2357 non
2970 2309 3078 2358 tam
3115 2305 3361 2359 muneris
3391 2311 3572 2372 speete
3636 2313 3773 2373 quam

520 2399 580 2448 et
609 2391 910 2462 imperitior
947 2391 1235 2457 universis,
1280 2401 1353 2459 te,
1385 2400 1445 2447 ut
1486 2391 1787 2447 sanctitatis
1816 2400 1873 2448 et
1897 2392 2118 2462 iustitiae

518 2484 669 2539 viam
694 2498 905 2555 pergas,
931 2483 1302 2540 crebrioribus
1322 2484 1550 2539 audeam
1574 2484 1772 2541 litteris
1792 2486 2108 2553 admonere,

519 2593 629 2634 non
662 2592 748 2633 me
770 2578 1005 2647 propria
1027 2577 1251 2647 justitiae
1278 2577 1492 2644 ﬁducia,
1525 2592 1633 2633 non
1658 2579 1940 2649 sapientiae
1967 2580 2116 2649 peri-

526 2670 621 2739 tia,
667 2685 777 2725 non
822 2668 1067 2725 scientiae
1107 2670 1299 2740 gloria,
1332 2670 1427 2725 sed
1458 2671 1570 2725 sola
1614 2686 1773 2741 quam
1819 2672 2116 2728 secundum

521 2764 694 2819 Deum
722 2763 905 2818 animo
929 2777 992 2819 ac
1014 2772 1196 2819 mente
1223 2763 1467 2833 concepi,
1512 2763 1793 2819 charitatis
1823 2774 1928 2820 tuae
1952 2780 2117 2821 causa

516 2857 834 2927 compellit;
856 2872 977 2927 quae
1000 2872 1089 2912 me
1117 2866 1456 2927 peccatorem
1485 2866 1539 2913 et
1568 2858 1814 2930 ignarum
1841 2858 1910 2914 ad
1932 2859 2117 2916 dicen-

521 2948 648 3004 dum
681 2948 755 3003 ita
786 2948 1037 3003 hortatur
1064 2957 1122 3004 et
1148 2959 1429 3019 provocat,
1455 2958 1512 3005 ut
1532 2965 1653 3005 cum
1677 2951 1825 3021 loqui
1851 2953 2114 3020 nesciam,

518 3050 705 3098 tacere
734 3057 841 3097 non
869 3041 1097 3112 possim.
1129 3040 1335 3100 Vellem
1365 3044 1546 3115 itaque
1584 3053 1640 3101 et
1682 3045 1916 3102 libenter
1964 3055 2121 3117 opta-

518 3151 634 3193 rem
669 3144 721 3190 te
748 3150 937 3192 eorum
968 3135 1175 3192 habere
1207 3137 1455 3191 notitiam
1482 3152 1713 3207 quorum
1756 3146 1812 3193 et
1852 3141 2117 3209 sapientia

518 3229 832 3285 afﬂuentior
860 3238 966 3295 est,
996 3238 1056 3286 et
1082 3228 1333 3286 facundia
1374 3236 1570 3300 major,
1601 3239 1657 3287 et
1698 3231 1932 3288 scientia
1980 3233 2114 3290 ube—

518 3324 651 3388 rior,
682 3331 737 3378 et
771 3324 1109 3380 conscientia
1135 3325 1205 3379 ab
1232 3325 1380 3379 omni
1410 3333 1757 3394 peccatorum
1788 3329 2114 3398 contagione

520 3414 769 3480 liberior,
792 3414 883 3484 qui
914 3421 968 3469 te
993 3414 1177 3470 verbis
1209 3414 1359 3485 juste
1397 3415 1725 3471 instruerent
1752 3424 1807 3473 et
1829 3420 2110 3488 exemplis.

520 3500 632 3557 Nos
670 3503 815 3559 enim
862 3512 1221 3575 praeterquam
1270 3506 1413 3575 quod
1456 3516 1695 3563 mentem
1740 3517 1982 3564 nostram
2039 3511 2113 3565 ita

521 3596 850 3665 insipientia:
878 3607 933 3653 et
961 3598 1284 3669 ignorantia:
1314 3600 1487 3669 caligo
1512 3601 1753 3669 caecavit,
1785 3612 1846 3657 ut
1872 3603 2113 3659 divinum

2221 2396 2384 2449 animi
2415 2396 2627 2466 respice
2653 2396 3015 2461 voluntatem,
3044 2404 3099 2451 et
3127 2396 3417 2467 diligenter
3440 2395 3649 2452 adverte
3668 2399 3771 2467 quid

2220 2486 2315 2541 tibi
2332 2486 2424 2541 illa
2453 2502 2649 2556 negare
2673 2487 3032 2558 poterit,qu:e
3064 2497 3233 2543 totum
3264 2487 3398 2543 dare
3429 2486 3455 2525 δ
3482 2489 3773 2559 potuitquod

2219 2578 2469 2635 habebat.
2487 2578 2784 2635 Obtulisset
2804 2579 3121 2650 etiamquod
3146 2595 3251 2635 non
3271 2579 3505 2635 habebat
3529 2580 3570 2634 si
3603 2591 3770 2650 posset,

2220 2685 2339 2741 quae
2368 2678 2539 2725 totum
2570 2681 2591 2709 ο
2625 2670 2799 2740 potuit
2826 2670 2967 2742 quod
3000 2670 3232 2726 habebat
3253 2669 3773 2742 olierre.Sitititaque

2220 2761 2335 2829 ille,
2365 2762 2460 2816 sed
2490 2777 2704 2829 parum,
2734 2761 2825 2831 qui
2876 2762 3218 2818 decurrentis
3262 2762 3482 2818 interim
3528 2763 3620 2818 riti
3665 2778 3774 2833 aqua

2221 2870 2328 2910 non
2357 2863 2535 2925 potest
2560 2870 2681 2911 esse
2711 2864 3023 2922 contentus,
3054 2856 3229 2913 donec
3257 2856 3328 2911 ad
3367 2857 3562 2911 fontem
3592 2856 3772 2912 uberio-

2221 2963 2336 3005 rem
2367 2951 2750 3019 purioremque
2782 2949 3082 3017 perveniat.
3113 2948 3225 3003 Nec
3252 2949 3407 3003 illum
3440 2948 3570 3003 satis
3596 2950 3774 3003 esurire

2219 3042 2405 3108 credo,
2454 3043 2547 3114 qui
2591 3058 2713 3098 cum
2749 3056 2914 3112 panes
2952 3042 3186 3098 cibarios
3219 3042 3437 3109 habeat,
3483 3040 3668 3096 nitidos
3703 3056 3773 3096 ex.

2219 3144 2430 3206 spectat
2459 3146 2513 3191 et
2557 3134 2839 3191 candidos.
2888 3134 2967 3189 Ita
3014 3144 3069 3189 et
3115 3144 3194 3200 tu,
3240 3134 3588 3190 dilectissime
3627 3148 3773 3195 soror,

2220 3244 2379 3300 quam
2406 3243 2507 3299 ego
2536 3237 2719 3283 certus
2750 3242 2868 3283 sum
2895 3227 3104 3283 esurire
3131 3226 3363 3281 nimium
3405 3234 3459 3281 et
3504 3225 3645 3280 sitire
3682 3239 3775 3279 cte-

2218 3323 2399 3386 lestia,
2431 3321 2666 3375 cibarios
2696 3320 2917 3375 interim
2945 3318 3140 3373 mande
3170 3332 3363 3388 panes,
3402 3317 3571 3372 donec
3597 3316 3778 3387 siligine

2222 3414 2518 3469 candentes
2545 3412 2791 3468 invenias
2812 3428 2826 3478 ;
2850 3411 3030 3481 exigui
3053 3420 3107 3466 et
3127 3409 3429 3466 turbulenti
3449 3408 3599 3465 rivuli
3619 3422 3778 3479 aquam

2216 3516 2368 3578 pota,
2403 3522 2683 3578 usquequo
2729 3504 3094 3560 afﬂuentioris
3131 3503 3356 3559 haurias
3383 3503 3663 3572 puriorem.
3688 3500 3776 3555 Nec

2218 3598 2314 3653 tibi
2345 3599 2563 3654 interim
2596 3598 2752 3669 panis
2783 3606 2993 3663 noster,
3027 3596 3274 3667 quamvis
3308 3594 3539 3651 rusticus
3564 3593 3777 3650 videatur

524 3687 728 3758 aliquid
761 3699 995 3758 nequeat
1019 3692 1226 3746 sentire
1255 3691 1341 3747 vel
1366 3691 1573 3759 dicere,
1600 3693 1779 3750 adhuc
1808 3695 2032 3767 insuper
2058 3707 2115 3753 et
2142 3694 2189 3759 C
2220 3706 2363 3759 esse,
2394 3690 2700 3759 displiceat.
2733 3689 2989 3744 Rusticus
3015 3690 3158 3744 enim
3193 3688 3351 3758 panis
3379 3688 3625 3744 incultior
3651 3686 3779 3742 vide-

521 3780 765 3835 omnium
796 3782 1077 3852 redarguit
1104 3783 1434 3838 conscientia
1464 3793 1833 3853 peccatorum,
1866 3795 1923 3841 ut
1953 3788 2115 3844 etiam

530 3872 577 3927 si
615 3872 741 3939 quid
780 3873 998 3929 luminis
1030 3875 1198 3944 possit
1240 3874 1464 3942 habere,
1500 3877 1827 3943 abscondat;
1862 3888 1917 3933 et
1946 3880 2020 3935 ita
2059 3880 2121 3936 ﬁt

524 3973 585 4019 ut
608 3972 964 4035 praeterquam
992 3966 1136 4036 quod
1162 3966 1345 4023 dicere
1372 3983 1482 4022 non
1512 3969 1800 4036 habemus,
1826 3970 1928 4026 hoc
1953 3973 2118 4027 etiam

527 4056 674 4128 quod
705 4056 969 4114 habemus
995 4073 1106 4114 non
1138 4059 1460 4115 ﬁducialiter
1486 4061 1753 4131 proferre,
1786 4065 2119 4120 conscientia

523 4148 873 4219 prohibente,
905 4150 1202 4219 possimus.
1233 4152 1314 4207 Tu
1356 4159 1560 4222 tamen,
1595 4154 1721 4209 dum
1763 4156 1991 4226 peritior
2021 4157 2119 4213 tibi

527 4256 793 4310 apparere
820 4244 997 4313 possit
1024 4252 1083 4299 et
1129 4245 1345 4311 melior,
1390 4246 1616 4303 rudibus
1659 4248 2121 4306 admonitionibus

529 4334 728 4389 nostris
753 4334 969 4390 interim
994 4345 1114 4393 esto
1134 4346 1405 4405 contenta,
1430 4350 1484 4395 et
1511 4340 1761 4395 charitati
1787 4341 1853 4397 da
1881 4342 2119 4409 veniam,

526 4425 686 4495 cujus
735 4437 820 4481 est
868 4443 977 4482 nun
1031 4428 1384 4486 considerare
1429 4432 1557 4502 quid
1593 4431 1805 4499 offerat,
1846 4448 1948 4489 nec
1977 4435 2120 4505 quod

528 4533 639 4572 non
671 4518 832 4574 habet
879 4520 1095 4589 quaerit,
1135 4520 1231 4576 sed
1264 4530 1433 4576 totum
1487 4523 1629 4593 quod
1678 4524 1842 4579 habet
1887 4524 2122 4580 libenter

2222 3792 2309 3839 tur
2352 3798 2496 3849 esse,
2525 3782 2619 3838 sed
2670 3781 2866 3837 fortior
2895 3792 2950 3837 et
2990 3781 3226 3837 celerius
3253 3781 3585 3837 esurientem
3610 3788 3779 3834 stoma-

2222 3878 2382 3932 chum
2412 3876 2595 3941 satiat,
2626 3875 2935 3945 fessumque
2959 3873 3303 3939 corroborat,
3336 3887 3496 3944 quam
3524 3872 3609 3943 qui
3636 3870 3780 3940 siligi-

2225 3985 2359 4027 neus
2384 3968 2600 4024 videtur
2630 3977 2685 4023 et
2712 3966 2936 4022 nitidus.
2961 3965 3120 4022 Nune
3144 3979 3275 4037 ergo
3305 3966 3480 4022 dicam
3509 3976 3779 4020 sermonem

2224 4074 2379 4137 prout
2427 4064 2607 4129 valeo,
2639 4070 2695 4117 et
2725 4061 2856 4131 quid
2900 4058 3272 4116 Christianum
3304 4074 3465 4130 agere
3510 4056 3781 4120 conveniat,

2228 4166 2286 4210 ut
2316 4163 2524 4225 potero,
2553 4153 2860 4223 explicabo.
2894 4151 3059 4221 Cujus
3099 4150 3179 4205 rei
3221 4158 3277 4206 et
3303 4150 3447 4206 unde
3474 4148 3618 4221 prius
3645 4160 3780 4203 exor-

2227 4250 2373 4303 dium
2401 4261 2635 4313 sumam,
2661 4244 2863 4315 justius
2894 4258 3001 4298 non
3030 4243 3275 4310 invenio,
3305 4256 3468 4313 quam
3500 4250 3556 4296 ut
3586 4239 3781 4311 primum

2227 4341 2295 4396 de
2342 4340 2654 4396 Christiano
2699 4338 2817 4407 ipso
2867 4336 3135 4393 vocabulo
3175 4336 3470 4406 disputem,
3498 4345 3551 4392 et
3574 4349 3663 4391 cur
3687 4331 3781 4402 quis

2226 4433 2563 4490 Christianus
2590 4438 2934 4501 nuncupetur
2962 4443 3251 4499 exponam.

533 4626 3747 4655 _____________________________________.

1560 4706 2202 4816 INCIPIT
2262 4703 2777 4814 LIBER.

1035 4935 1265 4993 CAPUT
1302 4936 1591 4994 PRIMUM.

806 5027 1087 5084 Christiani
1113 5032 1503 5085 nomenclatura
1530 5040 1579 5085 et
1609 5031 1855 5101 dignitas.

606 5119 877 5177 Christum
905 5131 1127 5176 unctum
1152 5123 1522 5192 interpretari,
1557 5124 1881 5193 sapientium
1910 5132 1967 5179 et
1996 5123 2127 5179 lide-

536 5213 666 5269 Iium
698 5214 877 5269 nullus
926 5214 1155 5285 ignorat.
1205 5212 1411 5271 Unctos
1449 5231 1582 5271 vero
1624 5231 1733 5271 non
1776 5216 1878 5272 nisi
1912 5226 2128 5271 sanctos

534 5308 682 5363 viros
710 5316 765 5362 et
790 5307 922 5363 satis
957 5307 1070 5363 Deo
1108 5309 1302 5380 dignos
1329 5324 1548 5379 semper
1585 5308 1753 5365 fuisse
1781 5308 2127 5364 manifestum

542 5412 652 5469 est,
686 5414 785 5456 nec
815 5400 950 5455 alios
982 5416 1143 5471 quam
1196 5403 1493 5473 prephetas
1539 5410 1633 5456 aut
1675 5400 1986 5457 sacerdotes
2034 5409 2130 5457 aut

541 5506 723 5563 reges.
764 5492 832 5547 Et
861 5501 969 5547 tam
1010 5508 1262 5565 magnum
1295 5494 1395 5548 fuit
1420 5495 1588 5564 ipsius
1617 5493 1885 5549 unctionis
1926 5500 2131 5564 myste-

541 5584 705 5652 rium,
738 5585 881 5639 utin
924 5583 1150 5641 Iudaico
1194 5587 1393 5658 populo
1442 5600 1550 5642 non
1591 5599 1782 5642 omnes
1829 5584 1987 5651 illud,
2033 5585 2131 5641 sed

616 5709 643 5775 ξ
685 5698 828 5775 Editi
878 5699 966 5775 hic
1007 5700 1133 5757 add.
1186 5703 1404 5774 primus,
1450 5701 1596 5775 quod
1642 5702 1795 5762 abeat
1837 5717 1867 5758 a
1898 5717 2031 5760 mss.
2076 5709 2135 5759 et

544 5768 808 5830 Holstenii
835 5770 1091 5826 editione.

617 5838 648 5880 δ
688 5839 853 5908 Editi,
883 5840 1063 5895 voluit.

2160 4940 2212 4999 Ι)
2240 4937 2371 4992 satis
2400 4936 2556 5005 pauci
2586 4934 2654 4990 de
2680 4933 2929 5003 plurimis
2957 4937 3301 4988 mererentur
3322 4928 3600 4998 accipere:
3630 4920 3782 4978 ethoc

2240 5044 2408 5100 usque
2428 5028 2495 5083 ad
2517 5026 2807 5082 adventum
2831 5025 3043 5080 Domini
3067 5023 3234 5079 nostri
3260 5022 3388 5079 Iesu
3408 5018 3626 5082 Christi,
3647 5025 3782 5083 quem

2233 5121 2374 5176 Deus
2403 5122 2514 5174 oleo
2540 5120 2751 5185 lmiitiw,
2785 5118 2837 5173 id
2864 5126 2969 5183 est,
2999 5116 3208 5186 Spiritu
3233 5124 3445 5180 sancto,
3474 5126 3577 5183 prta
3600 5104 3782 5163 caeteris

2233 5214 2555 5270 consortibus
2580 5214 2691 5268 suis
2716 5213 2862 5266 unxit
2890 5210 3008 5282 (Ps.
3040 5225 3181 5274 XLIV,
3213 5207 3292 5279 8).
3328 5209 3407 5264 Ex
3436 5222 3541 5277 quo
3571 5210 3784 5269 tempore

2234 5298 2519 5365 credentes
2565 5306 2643 5360 illi
2692 5314 2745 5360 et
2800 5301 3137 5373 baptismatis
3189 5301 3332 5357 illius
3387 5292 3777 5354 sanctiﬁcatione

2235 5401 2470 5474 purgati,
2502 5414 2613 5455 non
2640 5397 2917 5469 aliquanti,
2950 5396 3090 5451 sicut
3116 5394 3219 5451 sub
3249 5395 3387 5465 Lege
3417 5391 3568 5462 prius
3604 5385 3773 5444 fuerat.

2237 5494 2334 5550 sed
2363 5506 2555 5548 omnes
2578 5491 2634 5547 in
2661 5488 2938 5561 prophetis
2960 5495 3014 5543 et
3039 5484 3410 5542 sacerdotibus
3435 5484 3718 5551 unguuntur
3737 5477 3780 5523 ct

2240 5586 2477 5657 regibus.
2509 5583 2673 5654 Cujus
2701 5580 2975 5637 unctionis
3018 5580 3206 5650 quales
3246 5591 3365 5633 esse
3393 5574 3669 5632 debeamus
3706 5562 3795 5657 ade

2316 5714 2338 5742 ο
2380 5703 2453 5757 lta
2498 5717 2629 5758 mss.
2661 5700 2731 5755 At
2774 5699 3053 5766 llolsten.,
3088 5705 3247 5754 totum
3292 5695 3433 5766 dedit
3476 5688 3607 5766 quod
3647 5676 3778 5757 potui!

2242 5772 2451 5839 olferre.
2481 5773 2621 5831 Editi
2651 5772 2761 5839 alii,
2790 5778 2957 5826 totum
2982 5763 3121 5842 quod
3142 5769 3311 5829 potuit
3336 5763 3593 5835 oferebat.
