3976 6336
213 356 319 415 335

1233 350 1324 410 DE
1365 346 1527 409 VlTA
1565 343 1981 407 CHRISTIANA
2018 339 2224 400 LIBER
2261 336 2464 400 UNUS.

3389 333 3499 392 386

214 489 502 529 monemur
546 474 822 544 exemplo,
874 480 936 528 ut
983 471 1037 529 in
1089 470 1285 542 quibus
1336 479 1445 525 tam
1496 476 1683 523 sancta
1726 466 1887 526 estA
1915 458 2174 516 Dominus
2202 458 2463 528 loquitur,
2495 462 2550 512 et
2576 461 2833 526 quantum
2870 452 3002 511 velit
3038 446 3248 507 homini
3281 450 3499 507 miseri-

216 570 425 637 unctio,
452 570 522 625 sit
550 584 658 626 non
684 568 865 625 minus
892 576 1080 623 sancta
1108 564 1467 622 conversatio.
1502 562 1591 617 Ex
1622 574 1805 617 sacra-

214 672 409 716 mento
455 663 602 717 enim
639 660 912 717 unctionis
937 660 1123 730 hujus,
1154 668 1209 714 et
1235 657 1435 713 Christi
1466 663 1522 711 et
1550 653 1812 710 Christia-

216 767 419 807 norum
460 753 726 821 omnium,
761 751 813 806 id
861 760 969 817 est,
997 751 1052 806 in
1079 748 1298 805 Christo
1326 745 1687 813 credentium,
1717 756 1812 799 vo-

216 847 476 901 eabulum
505 845 793 901 descendit
819 852 875 899 et
907 858 1102 899 nomen
1133 858 1148 895 :
1181 840 1327 913 quod
1356 853 1551 896 nomen
1576 838 1666 893 ille
1694 834 1815 891 fru-

216 947 336 991 stra
366 938 613 1003 sortitur,
655 936 746 1005 qui
788 934 1066 991 Christum
1112 933 1338 989 minime
1382 932 1644 987 imitatur.
1672 926 1814 995 Quid

217 1032 369 1086 enim
398 1030 493 1086 tibi
525 1029 747 1101 prodest
778 1027 959 1085 vocari
982 1026 1125 1099 quod
1163 1042 1272 1081 non
1304 1041 1381 1093 es,
1413 1035 1468 1081 et
1494 1038 1687 1079 nomen
1719 1017 1815 1075 tibi

218 1135 495 1191 usurpare
536 1119 814 1175 alienum?
843 1117 949 1176 Sed
986 1118 1031 1172 si
1070 1117 1439 1173 Christianum
1479 1123 1532 1169 te
1562 1126 1685 1169 esse
1722 1111 1819 1167 de-

220 1214 420 1278 lectat,
451 1228 569 1283 quae
607 1212 809 1269 Christi
848 1220 973 1266 sunt
1016 1226 1163 1281 gere,
1194 1219 1249 1265 et
1287 1209 1488 1265 merito
1527 1207 1617 1261 tibi
1667 1204 1820 1261 Chri-

219 1306 393 1361 stiani
440 1319 639 1361 nomen
684 1318 923 1359 assume.
969 1302 1075 1357 Aut
1115 1301 1342 1358 forsitan
1384 1316 1491 1357 non
1537 1313 1678 1365 esse,
1723 1296 1818 1353 sed

220 1398 417 1453 vocari
454 1396 775 1453 desideras?
806 1396 917 1451 lloc
947 1394 1079 1450 satis
1110 1393 1310 1451 lmdtnn
1342 1402 1395 1447 et
1422 1392 1685 1447 miserum
1714 1398 1817 1457 est,

223 1500 285 1545 te
315 1490 463 1545 velle
491 1489 675 1544 vocari
705 1487 849 1557 quod
878 1502 985 1543 non
1027 1487 1121 1543 sis.
1159 1486 1328 1541 Nemo
1355 1484 1497 1541 enim
1528 1484 1599 1537 ita
1632 1481 1824 1535 transit

225 1581 299 1635 ad
332 1580 607 1636 Christum
632 1623 645 1647 ,
671 1589 729 1634 ut
756 1577 1098 1634 Christianus
1128 1577 1452 1649 appelletur,
1483 1584 1537 1629 et
1584 1588 1691 1628 non
1730 1573 1819 1627 sit.

225 1671 341 1740 Qui
368 1670 707 1727 Christianus
737 1670 957 1740 dicitur,
987 1668 1258 1725 Christum
1304 1683 1363 1723 se
1399 1666 1602 1721 habere
1642 1665 1827 1719 Domi-

228 1781 368 1820 num
410 1765 718 1835 proﬁtetur.
758 1764 827 1818 Et
864 1778 993 1818 vere
1042 1761 1220 1827 habet,
1274 1760 1319 1814 si
1368 1759 1418 1813 ei
1468 1758 1522 1813 in
1572 1756 1828 1811 omnibus

1910 550 2107 607 col-diae
2138 550 2462 620 pietatisque
2486 547 2692 619 largiri,
2721 548 2955 617 propriae
2990 546 3141 601 vocis
3170 542 3503 614 benignitate

1910 644 2203 713 depromit,
2237 641 2425 698 dicens
2450 659 2463 697 :
2495 639 2567 695 Et
2587 642 2791 712 iniquus
2812 641 2857 695 si
2880 646 3143 694 convertat
3169 654 3223 693 se
3246 638 3311 691 ab
3338 638 3505 690 omni-

1912 738 2005 792 bus
2040 734 2398 807 iniquitatibus
2430 735 2535 789 suis
2563 750 2692 804 quas
2721 733 2861 801 fecit,
2895 740 2943 787 et
2975 732 3231 787 custodiat
3260 730 3508 784 mandata

1914 846 2048 895 mea,
2076 838 2125 882 et
2153 828 2313 900 faciat
2331 826 2595 899 judicium
2620 834 2670 880 et
2699 825 2963 896 justitiam
2992 834 3039 877 et
3067 822 3472 878 misericordiam
3495 838 3512 885 ;

1915 920 2021 974 vita
2044 920 2196 986 vivet,
2219 926 2265 972 et
2287 933 2388 972 non
2414 916 2692 982 morietur;
2717 916 2888 969 omnia
2908 913 3095 968 delicta
3115 917 3228 987 ejus
3249 928 3511 985 quarunt-

1917 1030 2017 1083 que
2044 1014 2188 1082 {ecit,
2220 1028 2324 1065 non
2354 1019 2501 1064 erunt
2531 1009 2586 1063 in
2614 1010 2863 1062 memoria
2886 1024 2903 1061 :
2931 1010 2986 1061 in
3004 1008 3214 1080 justitia
3240 1024 3333 1062 sua
3358 1023 3510 1077 quant

1920 1102 2063 1171 fecit,
2095 1102 2223 1156 vivet
2257 1097 2479 1172 (Ezech.
2526 1114 2678 1166 xvut,
2710 1097 2803 1164 2i,
2832 1097 2949 1168 22).
2998 1097 3099 1152 Et:
3125 1097 3398 1168 Numquid
3425 1114 3514 1152 vo—

1922 1193 2118 1247 luntate
2164 1191 2278 1246 volo
2317 1199 2535 1245 mortem
2580 1190 2787 1260 injusti,
2832 1188 2959 1241 dicit
2997 1189 3199 1243 Adonai
3234 1187 3513 1257 Dominus,

1922 1303 2078 1357 quam
2103 1293 2158 1340 ut
2183 1293 2379 1340 avertat
2410 1302 2463 1339 se
2487 1301 2521 1338 a
2548 1285 2633 1338 via
2669 1300 2765 1337 sua
2794 1282 2956 1349 mala,
2987 1291 3034 1336 et
3076 1284 3237 1338 vivere
3278 1300 3391 1337 eum
3432 1285 3515 1352 {a-

1924 1380 2061 1433 ciam
2090 1376 2257 1449 (Ibid.
2287 1375 2417 1447 25)?
2445 1375 2509 1430 Et
2538 1375 2665 1429 alibi
2690 1391 2705 1429 ε
2740 1372 3000 1444 Iniquitas
3040 1374 3203 1445 iniqui
3233 1389 3339 1427 non
3368 1390 3519 1428 noce-

1926 1470 1995 1523 bit
2018 1485 2151 1533 eum,
2182 1469 2235 1522 in
2254 1483 2571 1539 quacumque
2600 1466 2684 1522 die
2713 1466 2948 1521 averterit
2971 1476 3026 1520 se
3068 1482 3101 1519 a
3129 1482 3223 1521 sua
3250 1467 3520 1536 iniquitate

1930 1559 2142 1631 (Esech.
2165 1576 2353 1626 xxxnt,
2371 1558 2480 1630 η).
2506 1559 2575 1613 Et
2596 1560 2824 1615 iterum:
2847 1558 3234 1627 Couvertimini,
3258 1558 3380 1629 ﬁlii,
3401 1576 3523 1614 con-

1928 1660 2196 1717 vertentes,
2228 1660 2275 1705 et
2302 1668 2396 1723 ego
2421 1652 2613 1706 sanabo
2655 1652 3012 1706 contritionem
3041 1661 3262 1706 vestram
3291 1653 3311 1723 (
3328 1650 3518 1707 Jerem.

1931 1758 2011 1810 ιιι,
2041 1741 2169 1812 22).
2216 1742 2355 1799 Ecce
2396 1742 2670 1813 quomodo
2713 1752 2768 1798 te
2796 1743 2961 1812 Deus,
3006 1752 3123 1798 uta
3150 1745 3388 1815 peccatis
3418 1744 3526 1799 tuis

228 1833 574 1927 obsequatur
602 1864 655 1911 et
682 1853 904 1910 serviat.
934 1854 990 1909 Si
1018 1869 1124 1923 quo
1151 1854 1346 1916 minus,
1378 1849 1578 1906 Christi
1610 1848 1698 1903 ille
1719 1861 1826 1901 non

1950 1835 2017 1888 rel
2046 1848 2169 1889 sero
2191 1834 2527 1890 converteris
2555 1844 2610 1890 et
2641 1833 2819 1890 salvus
2844 1849 2968 1890 esse
3011 1835 3208 1905 possis,
3252 1845 3434 1891 monet
3473 1844 3529 1890 et

229 1947 499 2015 famulus,
532 1946 627 2002 sed
658 1948 1023 2001 subsannator
1058 1954 1141 1999 est
1173 1952 1229 1999 et
1258 1942 1470 1998 derisor
1499 1940 1588 2010 qui
1628 1938 1745 2008 ejus
1772 1952 1832 1992 se

228 2055 460 2095 servum
488 2038 640 2103 dicit,
665 2038 752 2093 cui
782 2038 991 2093 servire
1017 2035 1341 2091 dissimulat.
1376 2034 1511 2088 Hinc
1539 2048 1666 2101 ergo
1691 2030 1835 2101 judi-

229 2131 385 2187 cium
417 2132 689 2202 geminum
721 2138 991 2195 servatur,
1022 2140 1075 2183 et
1122 2142 1218 2198 pro
1262 2127 1357 2181 Dei
1388 2125 1831 2187 subsannatione,

226 2239 403 2295 quem
434 2225 554 2280 sine
583 2237 749 2279 causa
782 2222 1066 2277 Dominum
1095 2219 1417 2291 appellavit,
1448 2226 1501 2272 et
1533 2231 1629 2288 pro
1656 2214 1833 2285 quali-

225 2328 353 2375 tate
378 2319 606 2389 peccati.

870 2406 1096 2463 CAPUT
1138 2405 1199 2460 ll.

232 2519 555 2576 Peccatores
586 2518 731 2575 Deus
770 2519 916 2575 illico
962 2515 1157 2589 duplici
1199 2532 1263 2571 ea:
1311 2530 1467 2569 causa
1514 2530 1617 2568 non
1664 2511 1833 2584 punit.

320 2654 431 2712 Sed
472 2655 766 2726 plerosque
805 2653 1113 2710 incredulos
1142 2661 1198 2707 et
1228 2650 1569 2722 impudentes
1596 2658 1650 2704 et
1676 2647 1840 2719 perﬁ-

232 2746 349 2802 dos
375 2747 749 2803 misericordis
782 2746 879 2801 Dei
923 2746 1077 2816 longa
1110 2746 1363 2815 patientia
1406 2758 1630 2813 peccare
1659 2750 1686 2779 ιι
1713 2741 1843 2795 facit

236 2839 575 2907 intrepidos,
604 2850 662 2893 ut
683 2854 746 2894 ex
777 2838 879 2893 hoc
908 2848 1251 2909 peccatorum
1283 2852 1505 2891 suorum
1538 2836 1704 2889 Deum
1732 2850 1839 2889 non

235 2931 588 2987 arbitrentur
618 2932 868 2997 ultorem,
899 2929 1041 2999 quod
1092 2945 1203 2984 non
1252 2928 1431 2983 statim
1474 2928 1604 2981 velit
1653 2925 1842 2995 punire

238 3035 565 3095 peccantes.
595 3024 774 3081 Miseri
803 3032 859 3080 et
887 3024 1103 3094 ingrati,
1142 3038 1253 3078 sua:
1299 3021 1491 3076 salutis
1532 3018 1840 3089 improvidi,

237 3118 268 3157 δ
309 3119 437 3188 quia
470 3118 575 3172 hoc
602 3118 763 3172 etiam
788 3116 898 3171 Deo
927 3117 1212 3184 imputant,
1244 3114 1386 3184 quod
1414 3128 1601 3168 eorum
1630 3111 1845 3167 dill‘era-

237 3220 339 3265 tur
367 3211 661 3265 interitus:
694 3210 1006 3280 ignorantes
1040 3207 1134 3261 Dei
1166 3207 1500 3276 providentia
1528 3205 1727 3275 duplici
1757 3218 1845 3257 ra-

239 3306 403 3359 tione
434 3304 669 3369 servari,
704 3312 762 3356 ut
804 3310 863 3357 et
904 3302 1142 3355 humano
1183 3301 1365 3370 generi
1399 3298 1559 3367 longa
1587 3297 1706 3366 ejus
1753 3310 1848 3364 pa-

240 3396 447 3450 tientia
473 3395 807 3457 consulatur,
838 3400 891 3447 et
932 3407 1000 3446 ne
1043 3391 1137 3445 ille
1170 3390 1444 3459 judicetur
1488 3388 1774 3458 impatiens
1802 3388 1850 3441 sl

239 3488 405 3543 illico
432 3486 667 3542 voluerit
695 3496 717 3525 ο
742 3486 1001 3540 damnare
1043 3494 1343 3552 peccantes.
1373 3481 1508 3536 Nam
1542 3481 1587 3535 si
1622 3493 1727 3534 tam
1757 3494 1851 3549 pa-

241 3581 400 3635 tiens
427 3594 539 3634 non
568 3585 736 3645 esset,
760 3578 871 3647 jam
910 3577 1001 3632 diu
1048 3574 1269 3630 humani
1318 3574 1532 3644 generis
1575 3572 1728 3642 origo
1758 3571 1853 3628 de-

244 3675 469 3739 siisset;
510 3687 613 3727 nec
651 3672 831 3742 justos
876 3670 946 3725 de
985 3668 1366 3740 peccatoribus
1412 3666 1759 3731 haberemus,
1808 3664 1856 3722 si

244 3768 553 3823 confestim
585 3766 728 3822 Deus
754 3766 912 3820 vellet
947 3765 1137 3834 punire
1159 3764 1246 3832 qui
1281 3770 1527 3832 peccant.
1559 3760 1856 3814 Nonnullos

244 3863 403 3917 enim
452 3860 659 3915 scimus
699 3866 755 3913 et
790 3858 1015 3926 legimus
1054 3856 1142 3926 qui
1178 3865 1357 3920 antea,
1402 3862 1495 3908 aut
1540 3852 1858 3923 ignarantia:

251 3953 541 4017 caecitate,
577 3962 669 4005 aut
694 3964 854 4004 causa
883 3948 1149 4018 perfidiae,
1183 3955 1276 4000 aut
1300 3946 1676 4000 adolescentiae
1712 3944 1862 3998 vani-

249 4055 371 4101 tate
420 4044 667 4112 decepti,
699 4042 980 4111 multiplici
1012 4051 1068 4095 et
1095 4039 1248 4094 vario
1281 4047 1627 4109 peccatorum
1659 4053 1859 4107 genere

248 4135 595 4191 tenebantur
623 4134 866 4199 obnoxii,
897 4140 951 4187 et
982 4146 1076 4201 per
1106 4131 1457 4185 sustentantis
1491 4131 1584 4185 Dei
1616 4131 1857 4185 clemen-

250 4226 533 4281 tissimam
567 4226 882 4295 patientiam
908 4224 1247 4293 postmodum
1276 4224 1343 4277 ab
1367 4239 1552 4278 errore
1583 4233 1707 4277 sunt
1733 4238 1863 4277 con-

250 4318 436 4385 versi,
473 4318 711 4386 majores
738 4317 916 4371 adltuc
946 4314 972 4352 ἀ
1004 4331 1199 4386 operas
1231 4316 1422 4371 fecisse
1448 4317 1672 4387 justitia:
1702 4333 1861 4386 quam

251 4419 394 4466 ante
445 4418 665 4479 peccata
713 4410 1116 4463 commiserant.
1166 4408 1307 4463 Deus
1358 4408 1500 4463 enim
1544 4423 1649 4462 non
1697 4410 1865 4462 donat

256 4511 520 4569 peccata,
553 4502 648 4555 sed
685 4499 893 4565 dill‘ert;
925 4514 1025 4554 nec
1057 4511 1487 4567 perseverantem
1519 4508 1861 4569 peccatorem

254 4608 289 4647 a
324 4601 513 4645 morte
542 4592 761 4655 liberat,
792 4590 887 4645 sed
918 4599 977 4644 ut
1006 4591 1089 4644 vel
1121 4605 1245 4644 sero
1270 4597 1615 4644 convertatur
1642 4599 1694 4644 et
1722 4592 1865 4643 vivat

257 4685 546 4755 patienter
573 4690 874 4753 exspectat,
924 4689 1062 4741 sicut
1110 4688 1297 4741 beatus
1348 4686 1536 4738 Petrus
1582 4682 1863 4751 apostolus

256 4779 343 4833 ait
379 4797 392 4831 :
432 4777 557 4831 Non
600 4780 767 4832 tardat
807 4780 1060 4834 Dominus
1084 4790 1107 4817 ⁸
1134 4781 1429 4849 promissis;
1474 4779 1563 4833 sed
1609 4778 1865 4845 patienter

258 4875 377 4945 agit
408 4882 619 4945 propter
655 4890 765 4939 vos,
802 4873 984 4929 nolens
1018 4876 1218 4945 aliquos
1255 4875 1440 4967 pelire,
1473 4872 1563 4927 sed
1590 4888 1764 4926 omnes
1797 4871 1866 4924 ad

262 4966 630 5034 paenitentiam
673 4966 897 5019 converti
943 4965 1008 5038 (ll
1057 4964 1173 5018 Pet.
1224 4963 1431 5032 ttt,'9).
1482 4963 1577 5017 llle
1621 4964 1765 5018 enim
1814 4971 1866 5016 te

259 5058 431 5128 quasi
468 5057 613 5126 pius,
642 5056 908 5128 benignus
936 5068 989 5113 et
1019 5058 1282 5122 clemens,
1325 5057 1470 5110 illico
1516 5057 1717 5111 idcirco
1758 5070 1866 5109 non

266 5148 535 5216 percutit,
563 5156 624 5201 ut
644 5156 699 5203 ιιι
726 5156 925 5219 quanta
954 5148 1097 5203 illius
1124 5162 1248 5217 erga
1274 5156 1327 5202 te
1352 5149 1421 5201 sit
1448 5148 1636 5216 pietas,
1666 5157 1863 5217 quanta

264 5239 568 5295 clementia
597 5240 667 5295 sit
696 5253 1083 5311 recognoscas,
1117 5240 1207 5308 qui
1233 5248 1284 5294 te
1314 5252 1653 5308 peccatorem
1681 5249 1735 5293 et
1766 5238 1867 5292 im-

270 5332 428 5402 pium
478 5342 799 5403 exspectare
841 5334 1078 5403 mavult,
1139 5342 1195 5389 et
1247 5348 1465 5389 servare
1519 5348 1865 5399 conversum,

269 5437 443 5493 quam
472 5424 669 5494 punire
702 5434 1054 5495 peccantem:
1084 5425 1226 5480 sicut
1257 5440 1355 5494 per
1396 5423 1710 5495 prOphetam
1752 5426 1869 5495 ipse

358 5570 387 5630 9
425 5562 594 5630 Editi,
619 5565 764 5619 sinit.

358 5629 389 5673 δ
427 5629 696 5703 llolsten.,
725 5636 831 5704 qui.

364 5713 390 5777 ε
431 5706 679 5777 Plerique
708 5722 865 5773 mss.,
898 5706 1100 5775 punire.

364 5771 394 5817 ⁸
430 5771 799 5850 Editi,'0pera,
834 5771 1184 5850 renuentibus
1211 5790 1340 5831 mss.

370 5854 398 5890 ⁸
429 5848 529 5908 Ill.
555 5848 749 5916 ϐοῶ..
781 5851 1030 5905 promissa
1056 5848 1288 5904 reddere.

1937 1936 2213 1996 provocat.
2245 1926 2387 1983 Ecce
2414 1926 2647 1997 qualiter
2672 1926 2781 1996 jam
2803 1925 2969 1982 morti
2993 1926 3284 1981 obnoxium
3307 1934 3365 1981 ut
3385 1926 3531 1981 vivat

1938 2023 2206 2091 hortatur,
2249 2037 2408 2092 quam
2454 2022 2669 2089 leniter,
2701 2037 2861 2093 quam
2900 2022 3197 2077 clementer
3224 2020 3440 2089 invitat,
3475 2028 3532 2075 ut

1938 2118 2098 2172 etiam
2151 2118 2526 2187 peccatoribus
2574 2118 2741 2188 patris
2784 2131 2890 2173 non
2936 2126 3095 2188 neget
3143 2117 3397 2186 pietatem
3432 2129 3447 2166 :
3479 2123 3534 2169 et

1938 2213 2116 2268 adhuc
2158 2212 2301 2294 filios
2339 2212 2598 2281 appellat,
2648 2211 2737 2281 qui
2786 2220 2995 2280 patrem
3046 2209 3216 2264 Deum
3258 2206 3535 2277 peccando

1938 2303 2323 2375 perdiderunt;
2355 2304 2495 2358 sicut
2534 2311 2589 2357 et
2616 2302 2732 2357 inse
2770 2316 2830 2357 se
2873 2298 3175 2369 perdidisse
3216 2310 3537 2369 peccatores

1940 2397 2047 2451 alio
2084 2398 2137 2450 in
2170 2396 2294 2451 loco
2334 2410 2455 2451 cum
2490 2408 2627 2450 voce
2662 2392 2831 2448 ﬂebili
2871 2400 2926 2448 et
2965 2390 3266 2446 miserabili
3305 2388 3537 2460 quadam

1941 2486 2331 2542 lamentatione
2363 2494 2613 2553 testatur,
2643 2484 2830 2539 dicens
2856 2500 2870 2535 :
2897 2481 3028 2539 Sine
3051 2482 3176 2551 [iliis
3205 2486 3369 2553 factus
3396 2495 3534 2547 sum,

1944 2579 2146 2651 perdidi
2169 2578 2417 2651 papulum
2445 2593 2611 2632 meum
2633 2585 2842 2647 prapter
2870 2584 3081 2645 peccata
3106 2589 3285 2629 eorum
3302 2572 3536 2645 (Jercm.

1943 2688 2035 2739 xv,
2061 2671 2093 2726 7
2115 2673 2153 2739 ).
2180 2671 2260 2726 Ex
2286 2670 2388 2725 hoc
2408 2685 2537 2741 ergo
2557 2683 2821 2740 cognosce
2843 2668 3074 2738 qualiter
3097 2675 3149 2722 te
3166 2666 3309 2722 Deus
3329 2665 3540 2736 diligat,

1945 2779 2104 2835 quem
2137 2763 2341 2817 mavult
2379 2762 2563 2817 vivere
2602 2776 2762 2832 quam
2797 2761 2996 2830 perire.
3032 2759 3098 2815 Et
3140 2770 3193 2813 ιιι
3236 2774 3359 2815 eum
3409 2772 3544 2813 con-

1948 2857 2144 2910 temnis
2172 2863 2229 2909 et
2252 2854 2504 2922 despicis,
2550 2852 2639 2921 qui
2668 2851 2899 2921 amplius
2937 2866 3097 2921 quam
3148 2861 3201 2905 tu
3231 2852 3347 2920 ipse
3378 2858 3429 2905 te
3457 2849 3539 2905 di-

1946 2949 2103 3017 ligit,
2143 2949 2230 3017 qui
2293 2957 2343 3001 te
2381 2946 2519 3002 mori
2562 2947 2868 3015 cupientem
2916 2947 3031 3001 vult
3086 2946 3305 3001 vivere?
3358 2944 3543 3013 Nolo,

1948 3038 2119 3109 inquit
2142 3039 2420 3107 Dominus,
2453 3047 2669 3092 mortem
2700 3038 2719 3075 ι
2754 3048 3101 3108 peccatorum,
3133 3039 3224 3094 sed
3249 3046 3303 3093 ut
3333 3055 3546 3095 conver-

1952 3140 2129 3185 tantur
2158 3141 2204 3186 et
2231 3132 2402 3185 vivant
2436 3128 2660 3202 (Ezech.
2691 3146 2841 3200 svnt,
2873 3129 3002 3202 '52).
3032 3131 3113 3187 Tu
3139 3147 3267 3203 ergo
3295 3133 3430 3188 mori
3453 3147 3547 3188 vo-

1873 3237 1920 3303 C
1949 3225 2095 3279 lttisti
2125 3225 2429 3295 peccando,
2461 3224 2549 3280 ille
2580 3237 2630 3280 te
2658 3234 2685 3274 ε
2724 3227 2908 3281 vivere
2937 3226 3052 3280 vult
3076 3225 3469 3282 convertendo.
3500 3223 3550 3282 0

1951 3319 2137 3383 stulte,
2160 3333 2194 3373 o
2214 3318 2522 3373 irreverens
2547 3329 2595 3372 et
2630 3319 2855 3388 ingrate,
2881 3320 2971 3389 qui
2998 3332 3096 3373 nec
3117 3318 3171 3373 in
3197 3319 3300 3373 hoc
3323 3320 3431 3374 Deo
3455 3316 3551 3388 qu!

1953 3410 2047 3465 tibi
2080 3412 2194 3465 vult
2234 3411 2480 3466 misereri
2513 3410 2809 3478 consentis,
2846 3412 2938 3480 qui
2982 3418 3036 3466 te
3062 3410 3268 3467 mavult
3296 3424 3395 3467 sua
3434 3409 3550 3480 pie-

1956 3512 2068 3561 tate
2093 3504 2303 3561 salvare
2329 3519 2488 3576 quam
2518 3514 2609 3559 tuo
2635 3507 2814 3574 perire
2835 3514 3055 3575 peccato
3078 3506 3091 3560 l

2564 3636 2792 3694 CAPUT
2832 3637 2921 3693 ΙΙΙ.

2167 3734 2369 3789 Pietate
2398 3732 2495 3788 Dei
2524 3736 2815 3800 abutentes,
2846 3735 3001 3787 etiam
3041 3734 3123 3787 Itic
3154 3736 3347 3804 puniri.

2034 3850 2203 3907 Nemo
2224 3866 2353 3920 ergo
2382 3850 2483 3904 sibi
2516 3848 2640 3904 ideo
2670 3848 3001 3913 blandiatur,
3032 3862 3193 3903 nemo
3222 3864 3281 3904 se
3306 3848 3466 3921 stulta
3496 3857 3554 3906 et

1966 3961 2103 4000 vana
2132 3946 2441 4014 suspicione
2469 3944 2725 4015 decipiat,
2766 3961 2925 4001 nemo
2966 3945 3167 4001 idcirco
3197 3959 3423 4000 securus
3450 3938 3553 4001 de-

1965 4039 2177 4105 linquat
2211 4047 2266 4093 et
2312 4038 2475 4104 liber,
2519 4038 2663 4109 quod
2706 4054 2869 4108 super
2917 4053 3229 4108 peccatores
3267 4038 3553 4095 confestim

1967 4130 2063 4185 Dei
2092 4131 2167 4185 ita
2196 4130 2563 4201 iudiciumque
2604 4145 2707 4185 non
2739 4132 2940 4195 veniat,
2987 4141 3041 4184 ιιι
3081 4147 3146 4186 ex
3175 4131 3275 4185 hoc
3305 4132 3557 4199 opinetur

1965 4238 2025 4278 se
2054 4223 2273 4290 impune
2297 4237 2569 4289 peccasse,
2604 4222 2748 4290 quod
2782 4238 2884 4277 tt0n
2924 4222 3067 4277 illico
3097 4224 3418 4290 perimatur;
3457 4221 3556 4278 sed

1968 4315 2069 4368 hoc
2101 4314 2269 4383 magis
2310 4315 2523 4369 diderre
2553 4314 2722 4369 Deum
2765 4330 2924 4383 quam
2971 4315 3314 4369 dissimulare
3354 4329 3557 4383 cogno-

1966 4416 2110 4472 scat,
2165 4418 2219 4461 et
2267 4405 2402 4459 iratn
2457 4406 2573 4475 ejus
2634 4406 3004 4475 peccatoribus
3055 4402 3082 4441 ιι
3133 4422 3291 4476 quant
3343 4408 3557 4464 veniam

1968 4498 2147 4553 subito
2195 4507 2250 4553 et
2300 4509 2521 4568 repente
2570 4509 2882 4564 venturam,
2926 4501 3065 4554 sicut
3115 4503 3373 4569 scripturn
3422 4513 3555 4558 est:

1893 4623 1943 4682 D
1970 4590 2054 4644 Ne
2097 4592 2311 4660 dixeris,
2366 4590 2603 4657 Peccavi,
2642 4600 2689 4645 et
2718 4593 2843 4662 quid
2871 4593 3059 4646 accidit
3096 4594 3221 4646 mihi
3264 4595 3442 4648 triste?
3486 4602 3563 4651 est

1970 4684 2105 4739 enim
2133 4686 2430 4739 Altissimus
2458 4686 2689 4739 redditur
2714 4687 2911 4753 patiens
2934 4685 3122 4755 (Eccli.
3143 4702 3196 4754 ν,
3218 4686 3299 4757 4).
3327 4688 3391 4743 Et
3412 4688 3559 4744 alibi:

1973 4777 2056 4832 Ne
2076 4780 2246 4832 tardes
2277 4779 2497 4831 converti
2528 4779 2595 4830 ad
2621 4775 2920 4844 Dominum,
2955 4795 3117 4847 neque
3147 4778 3360 4847 differas
3391 4781 3454 4834 de
3483 4782 3566 4834 die

1968 4872 2023 4925 in
2054 4872 2222 4937 diem;
2269 4870 2437 4924 subito
2483 4872 2617 4924 enint
2666 4871 2826 4924 veniet
2869 4871 2951 4924 ira
2994 4871 3108 4939 ejus
3138 4868 3341 4939 (Ibid.,
3371 4871 3435 4941 8,
3469 4870 3563 4942 9).

1972 4963 2125 5030 Quod
2147 4966 2199 5018 in
2227 4964 2497 5033 plerisque
2520 4961 2793 5030 impletur,
2816 4962 3009 5031 quibus
3030 4962 3101 5016 ob
3127 4964 3289 5016 nimia
3324 4971 3563 5032 peccata,

1974 5056 2099 5111 etin
2130 5056 2381 5125 praesenti
2411 5056 2499 5110 Dei
2530 5055 2607 5109 ira
2638 5054 2983 5125 supervenit,
3015 5063 3072 5109 et
3099 5055 3149 5108 in
3180 5056 3358 5109 futuro
3387 5071 3568 5109 serva-

1972 5157 2080 5204 tur.
2113 5149 2219 5204 Sed
2253 5149 2355 5202 hoc
2386 5163 2546 5203 nemo
2572 5147 2843 5217 intelligit,
2891 5161 3050 5201 nemo
3099 5148 3407 5217 cognoscit,
3464 5163 3565 5203 nec

1972 5242 2198 5309 quisque
2246 5239 2468 5294 adversa
2507 5239 2779 5293 sustinens
2822 5238 2979 5293 malis
3008 5237 3119 5292 suis
3158 5240 3388 5292 aestimat
3432 5237 3568 5293 irro-

1972 5336 2109 5403 gari,
2142 5334 2234 5387 sed
2266 5332 2407 5402 quod
2440 5332 2723 5399 pertulerit
2766 5332 3170 5389 consuetudinis
3202 5334 3376 5401 potius
3420 5342 3570 5400 putat

1976 5440 2097 5481 esse
2119 5440 2277 5495 quam
2308 5424 2571 5480 criminis.
2600 5424 2667 5480 Et
2698 5424 2897 5479 idcirco
2927 5423 3070 5478 Deus
3094 5426 3143 5477 in
3164 5423 3418 5493 przesenti
3462 5439 3570 5479 nun

2058 5558 2078 5597 τ
2122 5560 2393 5623 llolsten.,
2428 5560 2791 5623 morientium;
2820 5572 2952 5612 mss.
2985 5556 3218 5612 Sorbon.
3250 5566 3302 5610 et
3332 5554 3569 5625 Remig.,

1981 5632 2337 5687 morientibus.
2375 5632 2621 5687 Michael.
2642 5673 2655 5697 ,
2686 5630 3033 5700 peccantium.
3065 5628 3252 5690 Corb.,
3283 5627 3567 5698 peccatori-

1985 5704 2076 5759 bus
2112 5706 2462 5760 morientibus.

2059 5787 2084 5823 8
2126 5778 2269 5830 Mss.
2306 5779 2585 5843 turi/imre.

2057 5846 2083 5883 ιι
2130 5848 2239 5895 μί.
2430 5851 2549 5894 ,ηνίς
2589 5865 2763 5899 τρο-(ιη,
2798 5842 2990 5898 subito.
