3976 6336
511 233 620 296 587
1547 233 1849 295 FASTIDII
1885 232 2389 295 BRITANNORUM
2428 231 2732 295 EPISCOPI
3658 253 3742 322 διε

511 358 728 414 videtur
769 359 960 429 punire
987 364 1296 431 peccantes,
1343 355 1469 427 quia
1512 370 1635 411 eum
1670 356 1822 425 punit
1862 371 1968 410 non
2018 368 2110 411 co-
2136 359 2193 421 Α
2284 354 2392 414 Sed
2418 356 2523 414 hoc
2551 358 2722 428 magis
2746 355 2953 413 sentire
2970 357 3356 421 nosconveuit.
3380 366 3567 420 tamdiu
3586 386 3742 433 litium.

512 452 816 522 gnoscitur.
846 453 988 507 Multi
1014 464 1139 507 sunt
1163 451 1304 505 enim
1338 461 1477 527 quos
1508 458 1668 503 nemo
1695 447 1985 519 intelligit,
2013 446 2105 518 qui
2210 462 2477 522 quemque
2510 451 2602 507 Dei
2636 451 2895 522 patientia
2921 451 3235 519 sustentari,
3270 458 3507 523 quamdiu
3544 470 3743 528 nomium

511 548 583 603 ob
616 547 1009 601 multitudinem
1055 555 1397 614 peccatorum
1431 541 1542 611 iam
1590 550 1718 597 ante
1743 541 1930 613 indicii
1962 541 2104 596 diem
2211 554 2554 614 peccatorum
2602 559 2823 599 suorum
2869 547 3158 602 terminum
3210 546 3469 617 ﬁnemque
3511 558 3746 625 repleri”

512 642 566 695 in
588 642 840 708 przcsenti
869 642 1031 693 etiam
1064 637 1393 705 iudicantur.
1427 635 1531 691 Aut
1556 635 1700 690 dicat
1726 636 1844 704 quis
1872 634 1915 690 si
1946 649 2104 705 quem
2208 651 2317 707 quo
2348 646 2728 693 consummato
2758 652 2882 693 eum
2914 639 3060 696 illico
3100 641 3324 709 percuti,
3352 657 3447 698 nec
3470 643 3541 702 illi
3563 651 3750 719 jantve.

511 734 862 803 sacritegum,
891 732 1320 801 sanguinarium,
1361 743 1633 799 rapacem,
1680 728 1978 795 falsarium,
2012 728 2107 781 ho-
2210 731 2355 787 niam
2386 733 2551 788 ullam
2572 732 2861 789 reservari.

516 824 788 889 micidam,
816 823 1009 888 furem,
1042 822 1465 891 fraudulentum,
1508 821 1834 885 adulterum,
1874 828 2105 876 caetero-
2813 848 3041 907 CAPUT
3100 846 3193 908 ιν,

512 931 741 989 rumque
781 916 1069 974 criminum
1117 933 1294 984 reum,
1335 915 1417 971 vel
1465 916 1520 971 in
1564 916 1819 1003 praesenti
1859 922 2107 983 tempore
2208 934 2358 999 cum
2384 952 2710 1016 Paculam"
2732 960 2856 1000 num
2888 964 2946 999 30
2968 946 3223 1019 completo
3265 950 3427 1004 dum
3462 952 3629 1025 Pam."
3659 972 3755 1025 pm

508 1012 746 1080 Potuerit
789 1010 974 1065 videre
1022 1008 1356 1085 longaevum?
1402 1008 1514 1065 Nos
1554 1007 1697 1065 enim
1748 1000 2106 1082 plurimorum
2208 972 2358 999 um"
2384 972 2856 1016 'mwwr'mm‘m
2882 972 3223 1072 ἐχιδνᾜκω
3265 972 3427 1004 ν⁸¹¹¹⁵
3462 972 3629 1025 Ρυπιη
3659 972 3713 1031 Ρε

509 1104 757 1171 exempla
788 1102 1055 1169 videmus,
1087 1119 1181 1174 per
1206 1117 1327 1176 quas
1358 1103 1589 1174 probare
1609 1100 1907 1158 sumcimns
1935 1102 2108 1157 scele-
2283 1100 2420 1165 Esse
2470 1116 2646 1165 autem
2694 1119 2905 1166 certum
2966 1117 3316 1181 peccatorum
3366 1110 3573 1170 modum
3625 1127 3756 1190 atque

508 1208 660 1253 ratos
686 1208 741 1253 et
772 1198 986 1268 impios,
1024 1208 1367 1268 peccatorum
1397 1212 1617 1253 suorum
1660 1197 1765 1254 line
1791 1197 2064 1268 completo
2086 1239 2103 1264 ,
2210 1214 2543 1267 mensuram,
2572 1196 2670 1258 Dei
2701 1201 3200 1274 lpslustestimonio
3221 1203 3538 1263 declaratur.
3570 1210 3625 1266 Et
3641 1214 3757 1281 quod

507 1299 561 1348 et
591 1295 691 1347 hoc
711 1293 875 1347 etiam
907 1301 1154 1362 tempore
1174 1289 1429 1363 iudicari,
1455 1298 1510 1346 et
1542 1300 1866 1361 prasentem
1903 1289 1983 1345 eis
2024 1289 2106 1344 vi-
2212 1295 2581 1365 unusqui~que
2613 1292 2700 1351 vel
2733 1295 2971 1353 celerius
3002 1297 3088 1353 vel
3120 1297 3348 1367 tardius,
3378 1311 3530 1368 prout
3551 1318 3759 1371 peccato-

509 1394 617 1439 tam
652 1385 833 1455 negari
864 1398 968 1439 non
1002 1387 1178 1439 minus
1205 1400 1367 1454 quam
1398 1383 1657 1440 futuram.
2209 1404 2330 1445 rum
2354 1404 2573 1445 suorum
2605 1391 2824 1447 modum
2852 1392 3171 1462 espleverit.
3191 1392 3487 1464 iudicetur,
3514 1398 3761 1457 evidentis-

579 1475 683 1531 Sed
717 1476 817 1531 hoc
846 1476 938 1531 ille
979 1476 1187 1531 facilius
1214 1475 1517 1547 intelligere
1546 1481 1744 1545 potest,
1782 1474 1875 1551 qui
1907 1488 2003 1545 per
2026 1472 2095 1529 di-

2210 1484 2346 1539 sime
2390 1486 2816 1552 demonstratur,
2863 1488 3085 1558 quando
3112 1486 3180 1543 de
3228 1485 3582 1544 Sodomorum
3608 1492 3763 1555 διϐο-

511 1584 663 1626 versa
693 1579 933 1636 tempora
965 1569 1309 1625 diversorum
1337 1567 1580 1637 iudicum
1612 1568 1781 1637 impie
1822 1567 2109 1622 scelerate-
2211 1578 2606 1635 mon-[morum
2640 1580 2860 1636 ίηιετῑιυ
2906 1589 3066 1653 atque
3119 1580 3396 1647 inceudio,
3424 1583 3512 1654 qui
3551 1600 3635 1645 sua
3672 1585 3763 1657 jam

509 1675 616 1729 que
646 1662 1082 1717 conversantium
1115 1670 1145 1701 ι
1174 1664 1510 1729 exsucatavit
1532 1660 1831 1715 interitum.
1864 1659 2095 1726 Quorum

2213 1682 2431 1745 peccata
2462 1675 2822 1747 repleverant,
2855 1673 2923 1730 ad
2949 1673 3222 1730 Abraham
3262 1674 3407 1729 Deus
3433 1660 3674 1746 loquitur,
3699 1678 3765 1732 di-

508 1767 618 1825 (Ιυο
646 1763 883 1823 Pomm“
913 1753 1202 1810 ευῦιίωίοτ
1232 1762 1337 1822 θεῖν
1371 1769 1438 1809 θο
1467 1751 1534 1809 ad
1566 1750 1897 1823 Ρθεοηηάυω
1935 1752 2107 1822 Πιθὶον
2137 1763 2186 1827 Β
2210 1780 2339 1823 cens
2367 1784 2379 1821 :
2407 1764 2618 1823 Clamor
2646 1766 2993 1823 Sodomorum
3023 1779 3068 1821 et
3093 1762 3549 1822 Gomorrlusorum
3580 1769 3767 1837 repletus

506 1846 754 1917 audacia,
784 1864 906 1919 quae
932 1857 1101 1905 totum
1125 1847 1225 1903 sibi
1258 1847 1423 1905 licere
1452 1845 1626 1903 credit
1648 1848 1794 1918 quod
1821 1853 2019 1917 potest,
2053 1857 2095 1902 el

2215 1868 2314 1931 est,
2352 1871 2397 1915 et
2441 1869 2649 1929 peccata
2674 1875 2851 1914 eorum
2880 1875 3066 1930 magna
3094 1859 3413 1913 vehementer
3454 1859 3635 1929 repleto
3673 1873 3769 1918 sunt

505 1939 633 1996 dum
665 1942 889 1997 alterius
911 1943 1171 2013 judicium
1203 1958 1309 1997 non
1353 1944 1546 1997 timent
1571 1942 1660 2009 qui
1698 1941 1834 1995 alios
1860 1939 2095 2012 iudicant

2212 1953 2370 2026 (Gen.
2408 1970 2540 2010 xvttt
2559 1997 2572 2020 ,
2605 1954 2721 2021 20).
2756 1953 2831 2009 De
2858 1954 3192 2011 Antorrhaais
3220 1968 3353 2007 vero
3380 1952 3502 2025 quid
3532 1952 3669 2019 dicit,
3696 1958 3769 2026 qui

503 2034 570 2088 ad
605 2035 935 2103 peccandum
963 2035 1266 2106 praecipites
1293 2044 1439 2089 sunt.
1468 2034 1545 2089 ιω
1578 2036 1638 2089 lit
1664 2045 1723 2088 ut
1749 2035 1840 2104 qui
1871 2032 2095 2088 homini:

2213 2061 2308 2102 sua
2336 2046 2571 2101 nondum
2596 2054 2820 2118 peccata
2850 2042 3129 2111 (inierant,
3160 2058 3303 2114 quos
3336 2052 3459 2113 post
3488 2044 3671 2099 multos
3694 2061 3772 2100 an-

505 2142 612 2181 non
641 2128 830 2183 timent
856 2128 909 2183 ill
947 2128 1315 2201 delinquendo
1337 2127 1629 2198 iudicium,
1674 2126 1841 2182 Deum
1869 2126 2111 2197 iudicem
2214 2153 2314 2194 nos
2344 2154 2502 2204 quam
2548 2153 2710 2206 supra
2742 2138 2901 2194 diem:
2930 2138 3182 2193 civitates
3210 2145 3465 2194 cremata
3504 2148 3638 2207 sum,
3662 2152 3769 2193 con.

502 2224 735 2277 sentiant
779 2232 835 2278 et
879 2224 1133 2281 ultorem.
1184 2222 1259 2280 Ex
1302 2223 1499 2295 quibus
1529 2222 1619 2276 alii
1667 2223 1757 2294 qui
1805 2220 2105 2277 insontium
2212 2241 2319 2287 sia;
2347 2248 2467 2286 esse
2501 2230 2745 2287 deletos?

502 2315 803 2371 animarum
826 2316 1143 2384 sanguinem
1172 2314 1483 2386 frequenter
1511 2312 1840 2380 eﬂuderant,
1874 2314 1945 2367 ita
1972 2312 2095 2367 irai!

2284 2323 2537 2378 Nondum
2568 2324 2760 2395 repleta
2796 2332 2921 2378 sunt
2954 2332 3161 2393 peccata
3199 2320 3612 2377 Amorrlurorum
3642 2337 3773 2391 usque

502 2408 598 2464 Dei
630 2410 1002 2483 iudiciumque
1042 2424 1287 2477 sensere,
1335 2418 1393 2464 ut
1434 2409 1539 2480 ipsi
1589 2407 1933 2479 postmodum
1984 2421 2113 2462 san-
2212 2416 2380 2470 adhuc
2421 2415 2847 2488 (Gen.xv,16).
2895 2416 3015 2485 Quo
3065 2415 3320 2486 exemplo
3377 2414 3775 2470 maniiestissime

542 2504 723 2560 uinem
758 2504 981 2562 tundere
1010 2514 1337 2574 cogerentur
1364 2520 1552 2569 suum,
1585 2504 1675 2575 qui
1724 2503 1960 2558 libenter
1988 2499 2112 2555 fun-
2212 2508 2528 2563 instruimur
2562 2515 2619 2562 et
2645 2506 2925 2571 docemur,
2954 2506 3199 2577 singulos
3228 2505 3526 2562 secundum
3558 2517 3775 2577 peccato-

542 2520 723 2560 utnem
758 2519 981 2562 tundere
1010 2519 1337 2574 cogerentur
1364 2520 1552 2569 suum,
1585 2519 1675 2575 qui
1724 2519 1960 2558 libenter
1988 2519 2112 2555 tun-
2212 2519 2528 2563 tustrunnur
2562 2519 2619 2562 et
2645 2519 2925 2571 docemur,
2954 2519 3199 2577 singulos
3228 2519 3526 2562 secundum
3558 2519 3775 2577 peccato-

501 2519 706 2665 Sehaut
733 2597 994 2657 alienum.
1028 2597 1132 2652 Alii
1158 2613 1288 2653 vero
1314 2598 1403 2668 qui
1450 2595 1647 2651 similia
1676 2596 2069 2651 commiserant
2092 2634 2107 2659 ,
2210 2616 2329 2656 rum
2361 2616 2583 2657 suorum
2618 2600 3007 2669 plenitudinem
3054 2599 3453 2666 consutiimari,
3503 2608 3558 2655 et
3601 2599 3775 2655 tamdiu

500 2689 579 2746 sic
604 2690 697 2746 Dei
731 2690 1103 2762 indignatione
1135 2689 1391 2761 prostrati
1438 2697 1585 2755 sunt,
1630 2699 1693 2745 ut
1730 2687 1991 2759 insepulti
2027 2689 2111 2758 ia-
2214 2704 2269 2749 ut
2285 2704 2673 2749 convertantur
2691 2696 2973 2761 sustineri,
3001 2693 3257 2762 quamdiu
3293 2693 3563 2765 cumulum
3584 2706 3774 2747 suorum

499 2793 709 2860 cerent,
738 2796 793 2841 et
819 2800 945 2843 esca
976 2785 1105 2841 feris
1148 2796 1203 2841 et
1228 2786 1351 2842 creli
1383 2784 1701 2841 volucribus
1750 2784 1963 2840 ﬂerent.
2001 2781 2106 2839 Alii
2213 2801 2319 2841 non
2352 2786 2642 2843 habuerint
2664 2786 3010 2843 delictorum.
3040 2785 3210 2841 Nemo
3239 2800 3324 2853 se,
3360 2785 3595 2854 inquam,
3629 2784 3772 2852 fallat,

498 2886 679 2934 autem
719 2878 811 2948 qui
861 2878 1316 2934 innumerabilem
1366 2877 1644 2932 hominum
1702 2876 2106 2931 multitudinem
2210 2892 2372 2933 nemo
2396 2893 2454 2934 se
2479 2878 2752 2946 decipiat:
2791 2881 2961 2941 malos
2989 2894 3097 2935 non
3124 2886 3276 2937 amat
3305 2878 3471 2943 Deus,
3497 2887 3779 2949 peceatores

496 2968 701 3041 injuste
730 2980 1096 3043 peremerant,
1129 2969 1475 3026 membratim
1506 2967 1944 3039 particulatimve
1970 2982 2107 3023 con-
2210 2987 2317 3029 non
2340 2980 2504 3041 amat,
2535 2973 2765 3042 iniustos
2795 2988 2900 3031 non
2920 2982 3086 3038 amat,
3121 2977 3373 3041 rapaces,
3406 2971 3667 3033 crudeles,
3690 2971 3777 3026 imo

498 3059 624 3126 οἱδὶ.
676 3070 735 3114 ut
784 3075 890 3116 non
937 3063 1114 3116 minor
1162 3059 1326 3116 fuerit
1392 3058 1683 3117 concisura
1734 3059 2103 3115 membrorum
2214 3064 2361 3135 pios;
2393 3066 2488 3121 sed
2521 3074 2667 3121 amat
2707 3066 2903 3131 bonos,
2926 3064 3128 3133 iustos,
3163 3064 3307 3134 pios,
3351 3063 3605 3129 humiles,
3646 3062 3779 3119 inuo-

497 3164 659 3229 quam
686 3165 822 3222 quos
845 3150 1085 3207 interimi
1116 3150 1359 3206 fecerant
1385 3164 1645 3205 numerus
1672 3148 2010 3221 punitorum.
2041 3151 2105 3204 Et
2133 3142 2179 3207 C
2208 3168 2420 3222 centes,
2470 3160 2652 3224 mites,
2703 3158 2845 3213 sicut
2894 3158 3154 3228 scriptum
3191 3168 3283 3213 est
3311 3174 3327 3211 :
3391 3156 3642 3224 Quoniam
3692 3170 3778 3210 non

495 3234 727 3315 quorum
754 3243 961 3315 iudicio
992 3246 1199 3299 maritis
1230 3243 1430 3315 injuste
1459 3245 1755 3316 peremptis
1801 3245 1982 3299 multae
2023 3242 2103 3300 ef-
2208 3251 2349 3308 Deus
2382 3254 2553 3307 solens
2589 3252 2907 3317 iniquitatem
2948 3261 3002 3306 ια
3029 3269 3101 3308 ss.
3138 3251 3262 3306 Non
3303 3250 3555 3307 habitabit
3575 3254 3716 3322 justo
3740 3258 3781 3304 te

494 3328 651 3389 lectae
679 3333 873 3402 viduas,
900 3337 1053 3392 multi
1080 3336 1308 3406 orphani
1335 3337 1578 3406 patribus
1603 3337 1802 3393 occisis
1828 3336 2098 3404 derelicti,
2203 3347 2481 3416 malignus,
2514 3361 2675 3416 neque
2694 3345 3067 3413 pennauebunt
3105 3345 3292 3414 iniusti
3314 3354 3437 3403 ante
3471 3345 3643 3401 oculos
3661 3352 3775 3396 tuos.

494 3426 690 3497 quibus
738 3437 937 3497 praeter
977 3430 1267 3485 orbitatem
1315 3429 1637 3485 mendicitas
1680 3428 2014 3486 inferebatur
2044 3441 2101 3487 et
2207 3437 2374 3495 odiui
2398 3455 2571 3493 omnes
2595 3439 2683 3503 qui
2710 3450 2989 3510 operantur
3028 3438 3382 3509 iniquitatem,
3408 3437 3592 3511 perdes
3630 3450 3779 3492 omnes

495 3518 712 3573 nuditas
741 3517 895 3591 [nam
924 3519 1197 3576 addebant
1230 3518 1493 3591 impietati
1530 3531 1584 3577 et
1614 3520 1923 3577 crudelitati
1952 3522 2097 3593 quod
2198 3530 2582 3601 ςιίιοᾳιωιηιω*
2611 3532 2941 3586 mendacium
2964 3529 3087 3602 (Ps.
3113 3546 3168 3597 ν,
3199 3531 3347 3603 5-7).

496 3610 798 3725 deﬂuant
835 3628 1026 3669 eorum
1053 3629 1190 3687 quos
1219 3614 1477 3671 fecissent
1506 3616 1679 3671 occidi
1708 3618 2016 3688 spoliarent
2043 3628 2099 3672 et
2829 3665 3060 3725 CAPUT
3097 3666 3140 3723 γ

493 3702 772 3777 liberos],
801 3721 950 3762 nunc
986 3721 1119 3762 vero
1149 3707 1387 3777 ipsorum
1434 3707 1695 3778 coniuges
1722 3708 1897 3763 vidua:
1926 3718 1981 3763 et
2006 3707 2097 3763 lilii
2211 3775 2256 3778 η
2829 3702 2944 3725 ⁸³⁸³⁸
2970 3702 3051 3725 υι
3112 3702 3160 3723 "

490 3798 724 3870 orphani
762 3799 954 3857 alienis
979 3801 1219 3871 quotidie
1246 3810 1406 3872 egent
1435 3801 1685 3870 panibus.
1722 3798 1914 3857 Nonne
1941 3801 2095 3857 vide-

492 3899 581 3965 tur
608 3892 707 3951 tibi
746 3892 893 3950 istud
934 3893 1301 3951 testimonium
1332 3894 1386 3949 in
1416 3892 1550 3964 ipsis
1594 3908 1717 3951 esse
1760 3894 2093 3965 completum
2266 3895 2376 3953 Sed
2416 3897 2549 3953 dicit
2586 3898 2805 3967 aiiquis,
2835 3896 2977 3964 Quid
3022 3905 3107 3953 est
3147 3897 3296 3967 quod
3331 3896 3581 3957 videmus
3626 3896 3779 3953 bonos

489 3987 883 4061 comminantis
922 3988 1019 4049 Dei
1049 3997 1104 4046 et
1143 3986 1378 4053 dicentis
1401 4026 1420 4055 ,
1479 3987 1702 4043 Viduam
1742 3997 1788 4042 et
1836 3989 2096 4057 orpltanos
2194 3988 2359 4045 etiam
2399 3992 2581 4059 perire
2617 4005 2745 4047 cum
2789 3989 2983 4047 malis?
3013 3990 3096 4046 llli
3126 4005 3231 4046 non
3258 3999 3519 4061 pereunt,
3550 3990 3644 4051 sed
3668 4004 3758 4047 eva

490 4096 598 4147 non
624 4081 895 4137 vexabitis.
928 4080 1080 4150 Quod
1106 4082 1152 4138 si
1176 4082 1474 4138 omnemi:
1513 4096 1619 4148 sos,
1662 4091 1714 4137 st
1751 4081 2094 4151 vociferantes
2195 4082 2348 4149 dunt,
2380 4084 2475 4153 qui
2518 4083 2588 4139 de
2613 4083 2884 4140 malorum
2911 4083 3190 4140 consortio
3232 4092 3292 4140 et
3333 4083 3781 4154 persecutionith

487 4176 827 4249 mutaverint
848 4176 918 4232 ad
942 4193 1039 4241 nu,
1073 4178 1351 4233 exaudiam
1374 4175 1795 4247 vociferationem
1823 4191 2025 4240 eorum,
2047 4186 2095 4231 st
2196 4173 2517 4239 liberantur,
2551 4183 2607 4231 et
2638 4174 2705 4229 ad
2739 4174 2983 4245 requiem
3036 4174 3474 4233 transferuntur.
3523 4174 3607 4233 illi
3636 4173 3783 4244 plane

490 4272 691 4333 irascar
718 4274 915 4337 animo,
948 4280 995 4329 st
1025 4271 1272 4341 perium
1302 4286 1391 4331 vos
1416 4271 1615 4341 gladio,
1654 4280 1703 4327 et
1728 4278 1880 4329 erunt
1904 4273 2093 4342 conju-
2196 4266 2502 4323 moriuntur
2531 4276 2587 4324 et
2613 4276 2860 4337 pereunt,
2894 4281 3035 4338 quos
3065 4266 3133 4324 de
3161 4266 3266 4323 hoc
3297 4266 3511 4329 mundo
3544 4264 3783 4325 receden—

486 4380 580 4435 ομ
608 4372 789 4425 omne
817 4366 1003 4430 uidua,
1045 4375 1091 4422 st
1120 4365 1220 4435 ﬁlii
1250 4364 1402 4420 uestri
1423 4348 1659 4433 orphani
1682 4360 1703 4435 ζ
1724 4362 1894 4419 Exod.
1945 4380 2054 4419 χιιι
2074 4405 2090 4431 ,
2197 4366 2276 4414 tes
2303 4359 2524 4428 maioris
2543 4359 2721 4417 adhuc
2732 4359 2924 4429 iudicii
2946 4360 3272 4429 supplicium
3294 4368 3584 4427 exspectat
3610 4365 3667 4413 et
3684 4370 3784 4427 pot-

489 4454 731 4527 22-24)?
757 4456 802 4512 0
832 4456 1116 4527 indignum
1148 4455 1333 4519 nefas!
1370 4470 1405 4512 o
1445 4456 1738 4513 scelestum
1786 4456 2024 4511 facinus!
2058 4472 2091 4510 ο
2128 4526 2135 4527 ί
2195 4467 2285 4509 na.
2323 4453 2595 4513 Vocantur
2621 4454 2765 4509 enim
2787 4462 2913 4509 ante
2945 4460 3157 4523 tempus
3174 4452 3335 4522 boni,
3373 4468 3445 4508 ne
3479 4452 3679 4507 diutius
3706 4464 3785 4503 ve-

486 4526 741 4613 nimiaet
765 4566 873 4611 non
912 4526 1135 4613 ferenda
1174 4550 1509 4609 crudelitas!
1552 4549 1669 4607 Duo
1704 4550 2005 4609 savissima
2036 4559 2091 4605 et
2118 4526 2172 4587 D
2198 4556 2397 4603 sentur
2418 4561 2448 4601 a
2474 4546 2681 4612 noxiis;
2721 4546 2845 4601 mali
2876 4561 3004 4602 vero
3031 4555 3088 4601 et
3108 4546 3255 4616 impii
3284 4546 3583 4612 tolluntur,
3616 4542 3785 4600 nebo-

487 4642 827 4705 atrocissima
871 4658 982 4699 uno
1020 4650 1402 4712 perpetrantur
1444 4640 1501 4697 in
1546 4652 1815 4711 tempore,
1864 4640 2091 4697 homici—
2195 4654 2297 4696 nos
2327 4640 2532 4696 diutius
2562 4648 2978 4711 persequantur.
3018 4640 3159 4697 iusti
3200 4640 3271 4696 de
3302 4640 3604 4710 presseris,
3633 4637 3785 4694 tribu-

485 4734 637 4792 dium
662 4734 721 4791 lit
748 4746 810 4792 ut
828 4735 1020 4806 rapina
1046 4734 1335 4801 succedat;
1366 4733 1689 4791 occiduntur
1714 4733 1918 4800 mariti,
1944 4733 2090 4789 occi-
2194 4732 2489 4789 lotionibus
2519 4743 2577 4790 et
2622 4732 2885 4803 angustiis
2908 4746 3175 4789 vocantur
3215 4735 3283 4787 ad
3326 4736 3604 4804 requiem,
3650 4730 3787 4802 impii

486 4828 692 4889 duntur
720 4838 775 4887 et
814 4839 1014 4899 patres,
1060 4842 1168 4899 quo
1211 4826 1425 4883 facilius
1467 4825 1644 4883 vidua:
1688 4826 1994 4897 spolientur
2032 4834 2089 4882 et
2192 4840 2331 4882 vero
2359 4826 2427 4883 de
2469 4827 2780 4887 lusuriiset
2822 4825 3017 4895 opibus
3056 4835 3113 4885 et
3139 4825 3356 4885 deliciis
3401 4827 3688 4895 rapiuntur
3727 4822 3786 4877 ad

486 4921 718 4991 orphani
752 4939 768 4977 :
798 4931 853 4977 et
878 4922 952 4979 ita
976 4922 1207 4992 quisque
1233 4920 1289 4979 in
1307 4919 1531 4979 alterius
1553 4929 1729 4977 morte
1756 4918 2082 4989 congaudet,
2193 4933 2429 4989 pinnam.
2449 4919 2533 4976 lltl
2558 4921 2701 4975 enim
2727 4919 2937 4979 vadunt
2956 4932 3016 4977 ut
3036 4920 3304 4989 iudicent,
3340 4920 3437 4976 isti
3466 4934 3527 4975 ut
3552 4917 3788 4990 iudicen-

483 5015 641 5086 quasi
665 5030 772 5070 non
794 5014 868 5070 sit
890 5014 1005 5083 ipse
1033 5013 1359 5085 quandoque
1386 5013 1704 5069 moriturus.
1739 5012 1931 5068 Merito
1952 5026 2083 5083 ergo
2188 5022 2303 5078 tur;
2340 5014 2412 5068 illi
2447 5023 2504 5068 ut
2526 5014 2898 5078 vindicentur,
2926 5014 3016 5069 isti
3050 5024 3108 5069 ut
3136 5014 3190 5067 in
3229 5026 3331 5069 eos
3381 5012 3632 5071 vindicta
3658 5011 3788 5066 cele-

488 5107 628 5164 Deus
657 5107 967 5177 huiusmodi
995 5106 1413 5167 crudelitatibus
1440 5114 1499 5163 et
1523 5104 1892 5175 impietatibus
1931 5120 2083 5163 com-
2184 5107 2390 5171 bratur,
2438 5110 2579 5163 sicut
2604 5109 2867 5177 scriptum
2911 5118 2998 5164 est
3035 5126 3046 5162 ε
3089 5107 3272 5165 Justus
3323 5118 3507 5163 autem
3555 5108 3601 5163 si
3641 5114 3788 5161 morte

482 5214 753 5258 movetur.
783 5202 975 5259 Merito
1000 5200 1264 5271 iudicium
1294 5215 1452 5256 suum
1487 5200 1542 5255 in
1567 5198 1888 5270 quibusdam
1914 5198 2080 5256 etiam
2186 5210 2575 5269 preoccupatus
2601 5200 2776 5271 quit,
2812 5202 2867 5255 in
2894 5202 3165 5273 refrigerio
3189 5202 3287 5256 erit
3322 5201 3494 5272 (δερ.
3515 5216 3591 5266 tv,
3622 5200 3701 5269 7).
3726 5198 3788 5252 Et

480 5307 606 5356 ante
640 5308 850 5368 tempus
890 5296 1150 5353 ostendit.
1199 5294 1392 5351 Merito
1436 5294 1545 5349 vita
1574 5293 1773 5347 talibus
1810 5307 1911 5347 nec
1942 5307 2081 5359 prte-
2182 5292 2376 5351 iterum
2408 5310 2420 5346 :
2462 5292 2646 5348 Vivens
2670 5294 2801 5348 inter
2830 5306 3124 5366 peccatores
3162 5295 3454 5349 translatus
3483 5303 3561 5348 est
3594 5287 3783 5362 (Mdu

480 5405 609 5449 oens
638 5408 739 5448 nec
782 5391 959 5447 lutura
988 5390 1328 5447 conceditur.
1379 5388 1623 5457 Quorum
1654 5402 1778 5456 nos,
1810 5402 1880 5443 ne
1907 5386 2083 5442 scele-
2186 5388 2298 5458 ut).
2334 5388 2399 5443 Et
2427 5388 2622 5443 iterum
2649 5405 2664 5444 :
2699 5386 2908 5443 Placito
2933 5388 3071 5442 enim
3090 5398 3200 5442 erat
3238 5386 3357 5441 Deo
3388 5388 3575 5441 animo
3597 5387 3784 5458 eius,“

480 5493 627 5539 ratos
655 5494 711 5543 et
737 5486 931 5553 impios
964 5487 1016 5539 iu
1046 5485 1295 5555 praesenti
1328 5482 1491 5537 etiam
1532 5478 1630 5537 Dei
1654 5478 1919 5551 iudicium
1948 5494 2077 5537 eva-
2182 5480 2299 5535 ideo
2330 5482 2621 5552 properavit
2652 5480 2716 5535 de
2742 5481 2909 5536 medio
2936 5481 3223 5551 iniquitatis
3254 5480 3466 5550 eripere
3485 5495 3605 5535 eum
3627 5476 3781 5548 (Ibid.

477 5576 607 5634 dere
640 5593 796 5647 posse
823 5578 1221 5645 existimemus,
1256 5574 1611 5633 admonemur
1649 5572 1931 5647 exemplo.
2183 5570 2304 5646 ﬂ.)
2336 5572 2404 5629 Et
2427 5574 2623 5631 iterum
2652 5591 2668 5630 :
2706 5572 2834 5630 Cum
2852 5573 3028 5646 impiis
3054 5575 3153 5630 iter
3188 5576 3259 5637 ad
3283 5587 3553 5647 magna;
3585 5568 3669 5628 iui
3692 5582 3788 5622 au-

2199 3775 2345 3836 llors
2373 3794 2595 3853 prapera
2624 3780 2773 3836 malis
2797 3782 2865 3835 ad
2892 3796 3115 3854 poenam,
3150 3782 3302 3837 bonis
3332 3779 3403 3833 ad
3449 3779 3777 3835 securitatem.

550 5772 579 5801 ⁸
621 5763 742 5820 Pro.
774 5764 1044 5818 suectosit.
