3976 6336
144 423 225 479 teis
259 414 364 469 sunt
386 406 437 463 in
459 421 587 476 pace
605 402 766 477 (Sep.
790 419 880 473 ιιι,
902 404 985 477 5).
1013 404 1179 463 Vides
1207 422 1338 482 ergo
1360 406 1499 467 banc
1536 406 1686 465 solu-
1711 411 1769 472 Δ

141 506 316 563 tionem
341 501 577 572 corporis
593 499 752 571 justis
771 507 827 557 et
850 499 946 556 Dei
972 498 1269 557 cultoribus
1284 502 1525 575 requiem
1539 516 1681 571 esse,

135 614 226 657 non
250 611 477 668 pugnam;
504 606 559 652 et
586 612 705 651 cum
735 595 1121 665 dissolvuntur,
1150 596 1367 653 liberari
1390 612 1485 655 eos
1510 597 1686 670 potius

132 711 266 768 quam
291 696 477 765 perire.
513 693 583 748 Et
612 694 813 749 idcirco
856 690 1027 765 ipsam
1070 693 1396 751 solutionem
1428 694 1518 766 qui
1549 692 1687 749 tide-

131 790 196 845 les
217 800 326 844 sunt
351 802 448 844 nec
481 786 675 843 timent
707 803 807 843 nec
837 796 1111 865 verentur,
1159 786 1255 843 sed
1300 787 1485 843 venire
1514 786 1684 858 magis

128 881 405 937 desiderant
432 889 485 935 et
518 889 542 916 ι
575 889 854 950 exoptant,
889 896 986 951 per
1012 896 1168 951 quam
1201 880 1301 935 sibi
1340 881 1577 951 requiem
1603 881 1683 935 in-

125 975 341 1044 lcliigunt
368 972 642 1039 exhiberi,
671 989 779 1029 non
810 987 1053 1044 panem.
1084 972 1255 1045 iniqui
1293 988 1424 1029 vero
1450 982 1503 1029 et
1534 973 1683 1043 impii

125 1078 168 1124 et
189 1083 387 1122 suorum
417 1068 690 1130 scelerum
711 1069 916 1127 conscii
940 1084 1058 1127 eam
1082 1069 1273 1125 merito
1296 1066 1529 1123 naturali
1556 1084 1681 1138 pro-

121 1158 326 1225 videntia
352 1160 763 1229 pertimescunt,
794 1175 892 1231 per
919 1177 1080 1230 quam
1106 1176 1166 1235 se
1189 1176 1296 1218 non
1325 1161 1573 1235 nesciunt
1598 1161 1684 1237 ju-

121 1254 281 1313 dicari.
311 1252 653 1327 Quapropter
697 1254 802 1315 hac
838 1255 1048 1312 ratione
1076 1254 1291 1317 reddita
1337 1265 1392 1315 et
1438 1264 1679 1326 accepta,

118 1364 205 1409 non
226 1357 431 1418 Oportet
461 1363 560 1405 nos
584 1348 807 1407 omnino
828 1363 1075 1421 peccare,
1103 1350 1405 1420 praesertim
1427 1364 1550 1404 cum
1574 1365 1679 1407 non

119 1442 398 1513 ignoremus
414 1439 796 1511 peccatoribus
818 1441 1081 1519 judicium
1107 1452 1162 1501 et
1184 1441 1238 1501 in
1256 1443 1511 1514 praesenti
1538 1455 1678 1511 esse,

116 1542 159 1591 et
182 1534 227 1589 in
254 1531 436 1591 futuro
464 1533 690 1599 servari.

699 1623 930 1683 CAPUT
970 1625 1060 1683 Vl.

115 1717 396 1777 lndecorum
431 1728 506 1775 est
544 1714 831 1777 Christiani
858 1735 1043 1777 nomen
1077 1718 1175 1775 sibi
1198 1735 1443 1791 arrogare
1468 1718 1578 1773 sine
1602 1734 1673 1773 re.

1122 284 1217 347 DE
1253 286 1417 348 VITA
1452 284 1866 355 CHRISTIANA
1903 286 2112 348 LIBER
2149 286 2352 349 UNUS.

3281 288 3389 352 890

2385 406 2617 469 CAPUT
2665 408 2757 470 VII

1791 501 1932 565 Deus
1957 518 2161 576 sentper
2188 505 2396 577 justitia
2427 514 2664 580 placatus
2694 505 2817 577 fuit,
2847 514 2895 561 et
2923 504 3178 578 injustitia
3212 503 3380 575 olen-

2535 594 2643 634 sus.

1858 686 1966 749 Sed
1996 705 2067 748 ne
2095 706 2180 748 me
2211 707 2275 747 ex
2305 706 2465 747 sensu
2500 693 2722 762 proprio
2751 691 2899 764 loqui
2938 691 3061 767 quis
3087 690 3383 748 arbitretur

1786 793 1879 857 aut
1903 785 2106 851 credat,
2137 795 2229 840 aut
2254 802 2375 841 eum
2410 794 2559 856 putet
2592 801 2652 842 se
2684 784 2843 842 facile
2872 801 3035 859 posse
3069 797 3384 842 contemne-

1786 894 1875 945 re,
1909 882 2050 950 quod
2078 894 2174 934 sua
2207 879 2387 947 p0tius
2410 879 2688 934 voluntate
2719 896 2877 951 quam
2902 879 3039 949 legis
3059 879 3383 934 auctoritate

1784 967 2063 1045 loquatur;
2087 972 2197 1047 jam
2230 987 2370 1027 nunc
2396 970 2565 1039 ipsius
2593 971 2750 1045 legis,
2778 974 2931 1038 cujus
2955 971 3243 1041 praeceptis
3276 986 3372 1024 no-

1786 1060 1868 1118 bis
1916 1063 2039 1117 vita:
2091 1062 2272 1117 aditus
2321 1063 2581 1132 apt-ritur,
2626 1068 2734 1118 tam
2770 1066 2969 1118 veteris
3017 1078 3177 1133 quam
3228 1077 3382 1118 norm

1786 1154 2035 1231 incipiam
2060 1155 2309 1225 exempla
2353 1154 2619 1226 proferre,
2650 1165 2708 1211 et
2746 1153 3037 1212 ostendi-re
3078 1157 3204 1227 quid
3240 1156 3383 1213 Deus

1784 1246 1853 1305 ab
1885 1248 2037 1304 initio
2067 1246 2287 1307 dstatus
2331 1247 2518 1304 mundi
2565 1248 2804 1303 humano
2854 1249 3043 1319 generi
3090 1250 3382 1304 observare

1784 1346 2126 1415 praestiterit,
2159 1342 2211 1401 in
2241 1359 2350 1417 quo
2381 1359 2598 1414 semper
2634 1342 2878 1423 placatus
2907 1344 3069 1399 ftterit
3100 1340 3182 1399 vel
3212 1342 3383 1399 clien-

1783 1452 1897 1494 sus.
1927 1436 2075 1508 Lego
2105 1441 2249 1493 enim
2283 1448 2406 1511 post
2447 1434 2641 1503 Adam,
2686 1438 2775 1507 qui
2808 1452 2836 1491 a
2881 1438 2990 1491 lleo
3022 1437 3225 1505 primus
3272 1437 3382 1490 for-

1782 1544 1964 1589 matus
1996 1541 2079 1589 est
2114 1530 2269 1606 (Gen.
2311 1548 2363 1602 t,
2390 1530 2508 1601 Ἦ),
2545 1533 2612 1587 de
2647 1535 2802 1600 cujus
2833 1547 2996 1586 causa
3030 1546 3170 1584 nunc
3197 1530 3381 1584 dicen-

1780 1622 1908 1680 dum
1936 1640 2040 1679 non
2072 1634 2174 1692 est,
2204 1623 2255 1679 in
2286 1624 2509 1683 exordio
2538 1625 2721 1678 mundi
2753 1624 2885 1678 Cain
2928 1632 2984 1678 et
3014 1620 3146 1677 Abel
3181 1619 3378 1675 fratres

1783 1716 1949 1772 fuisse
1989 1731 2282 1791 germanos
2310 1715 2463 1788 (Gen.
2498 1730 2568 1781 tv,
2612 1718 2628 1771 l
2678 1722 2811 1791 seq.)
2848 1733 2862 1770 :
2910 1732 2941 1770 e
2986 1716 3183 1785 quibus
3242 1727 3380 1768 unus

172 1807 267 1866 Nec
291 1810 339 1863 in
372 1807 482 1866 hoc
505 1811 665 1868 nobis
707 1811 926 1869 nomine
956 1818 1186 1878 tantum,
1220 1811 1362 1883 quod
1388 1810 1675 1868 Christiani
1709 1799 1756 1859 Β
1783 1809 1893 1866 Deo
1914 1810 2141 1885 placuit,
2174 1824 2240 1865 eo
2272 1808 2415 1880 quod
2444 1812 2706 1864 innocens
2740 1819 2888 1864 e~set
2916 1817 2971 1864 et
2998 1807 3207 1875 justus:
3240 1806 3382 1861 alter

116 1901 334 1968 dicimur.
365 1901 740 1972 blandiamur,
774 1904 869 1965 sed
902 1916 1124 1976 propter
1151 1903 1255 1963 hoc
1284 1905 1448 1963 etiam
1474 1920 1572 1961 nos
1595 1905 1679 1974 ju-

112 1992 332 2051 dicandos
361 1994 676 2064 credamus,
706 1997 751 2053 si
783 2011 984 2054 nomen
1016 1996 1169 2055 nobis
1210 1999 1407 2053 frustra
1438 1996 1680 2054 vindice-

111 2098 208 2139 mus
233 2084 492 2140 alienum.
524 2087 631 2143 Aut
654 2087 702 2143 si
729 2088 925 2157 aliquis
949 2097 1058 2145 Iam
1086 2088 1404 2145 incredulos
1434 2098 1536 2151 est.
1571 2099 1679 2146 tam

110 2174 332 2243 inﬁdelis,
366 2186 482 2232 tam
519 2178 791 2247 pertinax,
824 2186 933 2235 tam
974 2181 1305 2250 obstinatus,
1341 2190 1446 2236 tam
1477 2183 1676 2251 audax,

112 2278 157 2325 ut
202 2286 307 2341 qua:
334 2271 667 2341 quandoque
700 2282 923 2328 ventura
955 2284 1059 2342 est,
1102 2272 1131 2313 δ
1162 2274 1257 2329 Dei
1299 2274 1502 2345 judicis
1544 2279 1679 2330 iram

111 2363 626 2437 indignationemque
655 2381 761 2422 non
781 2376 1007 2435 metuat,
1026 2367 1109 2423 vel
1130 2367 1419 2425 humanam
1448 2382 1679 2425 consue-

108 2457 315 2515 tudinem
343 2460 666 2526 erubescat;
693 2470 749 2515 et
774 2460 956 2517 videat
983 2476 1146 2533 quam
1174 2462 1382 2526 brutus,
1410 2478 1569 2534 quam
1597 2463 1681 2518 in-

109 2550 275 2620 sipiens
303 2551 418 2620 ille,
459 2567 619 2623 quant
652 2553 849 2609 stultus
874 2555 942 2609 ab
965 2554 1096 2624 ipsis
1118 2556 1284 2612 etiam
1317 2554 1675 2626 gentibusju-

109 2643 302 2711 dicetur.
332 2646 498 2717 cujus
534 2655 682 2701 tanta
712 2657 797 2705 est
825 2649 1041 2703 vanitas
1087 2657 1345 2718 tantaque
1375 2647 1674 2715 dementia,

110 2746 152 2795 ut
172 2738 261 2797 sibi
292 2757 496 2797 nomen
534 2742 866 2812 adipiscatur
893 2743 1153 2799 alienum.
1196 2742 1331 2812 Quis
1370 2743 1517 2801 enim
1567 2750 1675 2798 tam

110 2842 243 2884 vanus
270 2839 321 2886 et
350 2832 528 2889 miser
560 2842 665 2901 est,
700 2834 791 2903 qui
821 2834 1166 2899 advocatum,
1194 2849 1317 2889 cum
1347 2833 1555 2890 litteras
1584 2850 1680 2889 ne-

108 2921 205 2989 scit,
228 2924 415 2983 audeat
451 2924 736 2995 proﬁteri?
780 2926 914 2995 Quis
946 2935 1053 2983 tam
1099 2927 1321 2983 insanus
1353 2934 1409 2985 et
1452 2940 1674 2993 excors,

109 3020 152 3067 ut
171 3016 484 3085 proﬁteatur
520 3017 774 3083 militem,
827 3020 916 3088 qui
968 3018 1177 3074 nesciat
1219 3033 1371 3075 arma
1416 3016 1677 3089 gestare?

108 3103 247 3163 Nemo
269 3108 410 3165 enim
446 3110 831 3182 quodcumque
863 3126 1059 3166 nomen
1090 3112 1209 3166 sine
1234 3124 1395 3167 causa
1426 3111 1672 3167 sortitur.

109 3194 241 3253 Sutor
273 3209 327 3254 ut
354 3200 613 3270 dicatur,
647 3217 875 3259 necesse
900 3213 981 3257 est
1014 3212 1071 3259 ut
1101 3202 1471 3259 calceamenta
1501 3200 1671 3257 conii-
1702 3186 1749 3251 C

108 3290 217 3358 ciat;
246 3302 301 3347 ut
327 3302 561 3351 vocetur
585 3295 705 3365 qui's
731 3293 886 3350 faber
920 3305 1013 3351 aut
1051 3294 1274 3363 artifex,
1318 3295 1453 3351 artis
1486 3293 1676 3365 peritia

110 3382 245 3451 facit;
284 3394 343 3440 ut
383 3386 675 3457 negotians
720 3398 1064 3456 nuncupatur
1107 3389 1251 3458 quis,
1284 3385 1506 3444 charius
1534 3387 1678 3458 quod

109 3476 243 3531 vilius
268 3491 484 3535 emerat
526 3480 803 3538 distrahit.
854 3482 1178 3552 llujusmodi
1226 3482 1371 3539 enim
1413 3482 1682 3554 exemplis

110 3572 418 3640 agnoscimus
457 3574 662 3630 nullum
705 3574 825 3632 sine
855 3584 979 3630 actu
1012 3590 1233 3644 nomen,
1281 3575 1378 3632 sed
1408 3590 1569 3632 omne
1614 3590 1680 3631 ex

109 3671 207 3719 actu
232 3681 454 3723 nomen.
487 3667 568 3747 Tu
600 3683 731 3738 ergo
764 3669 1041 3741 quomodo
1070 3667 1417 3725 Christianus
1455 3669 1678 3739 diceris,

110 3753 153 3809 in
177 3772 273 3826 quo
303 3759 488 3815 nullus
515 3759 811 3816 Christiani
838 3770 989 3816 actus
1009 3802 1023 3827 ,
1059 3757 1405 3817 Christianus
1429 3758 1681 3830 justitiaa,

112 3845 360 3916 bonitatis,
396 3852 757 3923 integritatis,
803 3854 1101 3922 patientiae,
1132 3853 1419 3922 castitatis,
1452 3852 1686 3924 pruden—

111 3942 202 4011 tie,
234 3955 257 3983 ο
285 3945 637 4016 humilitatis,
664 3947 1039 4009 humanitatis.
1075 3947 1423 4016 innocentiae,
1469 3945 1686 4017 pietatis

107 4044 393 4101 estnomen
432 4058 449 4095 :
486 4050 543 4097 et
588 4051 644 4096 tu
691 4041 825 4097 illud
870 4041 965 4098 tibi
1012 4043 1289 4113 quomodo
1337 4039 1603 4096 defendis
1630 4048 1687 4095 et

108 4130 346 4201 vindicas,
380 4134 478 4190 cui
500 4135 571 4193 de
604 4144 715 4191 tam
750 4136 1000 4205 plurimis
1039 4136 1202 4193 rebus
1232 4151 1332 4194 nec
1359 4151 1530 4206 pauca
1559 4136 1691 4192 sub-

106 4224 316 4284 sistunt?
340 4227 691 4287 Christianus
716 4230 811 4287 ille
830 4239 935 4302 est,
962 4232 1051 4302 qui
1078 4245 1188 4286 non
1215 4230 1432 4286 nomine
1455 4239 1685 4298 tantum,

108 4319 187 4375 sed
212 4335 374 4390 opere
398 4332 518 4391 est;
555 4324 649 4381 ille
668 4325 759 4396 qui
787 4322 1064 4385 Christum
1094 4326 1145 4381 in
1171 4325 1421 4380 omnibus
1448 4325 1690 4379 imitatur

109 4421 155 4469 et
178 4416 449 4488 sequitur;
474 4418 569 4489 qui
597 4427 844 4489 sanctus,
879 4419 1169 4487 innocens,
1208 4418 1686 4487 incontaminatus,

110 4504 325 4563 intactus
351 4516 473 4569 est;
504 4509 666 4579 cujus
694 4509 748 4565 in
785 4518 1009 4581 pectore
1045 4510 1245 4567 malitia
1280 4526 1385 4565 non
1419 4509 1581 4567 habet
1612 4510 1691 4564 lo-

1782 1920 1935 1970 vero,
1968 1905 2092 1975 quia
2133 1904 2368 1976 injustns
2400 1916 2452 1959 et
2484 1919 2706 1963 nocens.
2752 1902 2863 1959 Deo
2896 1903 3109 1973 placo-re
3148 1915 3254 1955 non
3288 1913 3381 1966 po-

1783 1997 1904 2053 tuit.
1948 1995 2153 2051 Deinde
2194 1996 2592 2052 interveniente
2624 2007 2891 2064 tempore.
2922 1995 3105 2050 Enoch
3139 1994 3271 2048 Satis
3299 1991 3381 2060 ju-

1781 2097 1923 2144 stum
1948 2086 2115 2142 fuisse
2144 2085 2425 2158 Scriptura
2458 2087 2707 2158 designat
2737 2083 2891 2155 (Gen.
2923 2099 2973 2143 v.
3006 2084 3079 2140 ἓξ
3101 2081 3256 2154 seq.),
3289 2082 3377 2137 cui

1785 2190 1989 2236 tantum
2016 2179 2227 2250 justitia
2269 2179 2519 2248 contulit,
2558 2188 2619 2235 ut
2657 2194 2758 2233 nec
2790 2189 3108 2246 praesentem
3147 2184 3374 2230 martem

1782 2275 1967 2342 sciret,
2000 2275 2096 2330 sed
2127 2284 2182 2330 et
2212 2275 2277 2331 ad
2317 2273 2783 2329 immortalitatem
2816 2271 2883 2326 de
2917 2270 3097 2326 medio
3132 2270 3371 2324 omnium

1783 2366 2091 2423 mortalium
2123 2365 2471 2437 singulariter
2500 2373 2804 2434 raperetur.
2847 2363 3012 2430 Cujus
3045 2371 3377 2417 ﬂlOltSll‘allll'

1780 2459 2052 2530 exemplo,
2106 2473 2271 2514 unum
2315 2457 2427 2513 Deo
2464 2458 2668 2529 justum
2714 2454 2960 2526 plurimis
3006 2451 3378 2522 peccatotibus

1782 2549 2108 2606 cbariorem.
2151 2550 2266 2607 Noe
2295 2564 2511 2621 quoque
2540 2558 2595 2604 et
2620 2548 2710 2603 ille
2755 2548 2933 2617 justus
2973 2545 3127 2616 (Gen.
3177 2560 3262 2613 vt,
3295 2540 3374 2617 8).

1780 2645 2121 2716 cuijustitiae
2152 2647 2404 2701 meritum
2454 2644 2587 2716 quid
2645 2642 2959 2715 praestiterit
3009 2653 3277 2705 novimus,
3321 2648 3380 2693 ut

1781 2737 1882 2806 ipsi
1914 2752 2035 2793 cum
2069 2738 2186 2792 suis
2210 2746 2417 2793 tantum
2445 2738 2553 2792 vita
2586 2734 2831 2801 daretur,
2861 2742 2957 2802 per
2980 2732 3238 2786 diluvium
3266 2740 3380 2785 toto

1780 2829 1983 2884 mundo
2014 2832 2291 2885 damnato.
2318 2829 2593 2884 Abraham
2623 2825 2749 2897 quid
2796 2841 2891 2894 per
2921 2823 3047 2878 fidei
3073 2833 3121 2877 et
3153 2822 3378 2891 justitia:

1781 2922 2035 2979 meritum
2066 2932 2390 2979 consecutus
2421 2922 2491 2975 sit
2521 2920 2801 2989 Scriptura
2838 2924 3066 2971 testatur
3098 2909 3255 2985 (Gen.
3282 2928 3374 2981 xv,

1778 3013 1835 3083 5,
1865 3014 1945 3084 6),
1980 3023 2036 3069 ut
2068 3014 2160 3069 illo
2203 3015 2257 3069 in
2291 3024 2536 3084 tempore
2584 3012 2737 3067 solus
2783 3008 2995 3065 amicus
3024 3006 3119 3063 Dei
3148 3015 3293 3062 esset
3324 3006 3378 3061 in

1780 3109 1960 3174 terris,
1993 3108 2083 3181 qui
2134 3107 2286 3162 solos
2333 3103 2713 3175 fueratjustus
2757 3103 3031 3157 inventus.
3065 3098 3203 3154 Loth
3248 3111 3380 3152 vero

1782 3199 1935 3275 (Cen.
1970 3217 2082 3267 xtx,
2118 3198 2208 3272 12)
2250 3207 2309 3255 ut
2336 3196 2691 3273 pereuntibus
2717 3196 2930 3249 cunctis
2960 3192 3031 3248 de
3068 3189 3379 3246 Sodomita-

1781 3310 1902 3349 rum
1944 3292 2277 3347 liberaretur
2318 3289 2589 3357 incendio,
2622 3286 2751 3357 quid
2780 3284 2929 3341 aliud
2959 3298 3121 3359 quam
3151 3281 3378 3352 iustitia:

1784 3386 2036 3443 meritum
2080 3383 2217 3440 fuit?
2248 3382 2492 3457 Longum
2523 3390 2607 3437 est
2635 3395 2736 3436 nos
2787 3380 2868 3436 ire
2895 3392 2992 3450 per
3035 3373 3302 3447 singulos,
3325 3381 3383 3429 et

1784 3478 2025 3534 omnium
2067 3477 2259 3533 merita
2289 3489 2601 3533 recensere.

2382 3589 2607 3648 CAPUT
2649 3588 2782 3645 Vill.

1786 3685 2055 3753 Israelitas
2077 3686 2192 3744 ideo
2213 3685 2386 3765 multis
2413 3683 2834 3768 ntiseriisaﬂlixit
2867 3680 3027 3751 Deus,
3048 3690 3104 3735 ut
3130 3678 3199 3735 ad
3225 3694 3383 3755 apere

2322 3763 2523 3826 pietatis
2555 3763 2849 3819 instrueret.
2978 3770 2987 3778 '

1859 3850 2121 3923 Populum
2152 3850 2458 3917 Iudaicum,
2487 3862 2648 3919 quem
2693 3844 2758 3901 ad
2802 3858 2863 3901 se
2887 3842 3031 3899 Deus
3055 3841 3285 3915 primum
3314 3854 3372 3897 ea

1788 3942 1998 4001 semine
2050 3941 2325 3997 Abraham
2384 3954 2497 4010 prae
2549 3937 2761 3994 caeteris
2801 3934 3060 4008 gentibus
3111 3933 3384 4005 pertinere

1788 4035 2020 4107 optavit,
2053 4032 2324 4104 quomodo
2355 4028 2638 4097 erudierit,
2670 4027 2798 4102 quid
2828 4044 2974 4093 eum,
3014 4037 3071 4082 ut
3115 4025 3221 4081 sibi
3269 4024 3383 4095 pla-

1789 4140 1962 4197 ceret,
1987 4128 2187 4197 facere,
2213 4126 2342 4199 quid
2373 4127 2670 4183 observare
2710 4120 3054 4194 praeceperit,
3096 4122 3241 4176 scire
3278 4133 3382 4174 nos

1789 4227 2063 4279 convenit.
2092 4219 2274 4276 Primo
2312 4217 2367 4273 in
2400 4218 2547 4283 loco,
2576 4214 2720 4288 quod
2747 4212 3011 4271 derelicta
3059 4214 3282 4284 regione
3326 4214 3381 4267 in

1789 4330 1895 4389 qua
1937 4314 2181 4368 habitare
2208 4327 2425 4382 semper
2465 4318 2769 4381 optaverat,
2814 4305 3091 4378 patriaque
3132 4300 3383 4375 deserta,

1792 4410 1846 4463 in
1870 4408 2101 4464 alienam
2132 4404 2493 4478 provinciam,
2526 4406 2631 4458 hoc
2658 4410 2768 4470 est,
2804 4402 2857 4456 in
2890 4397 3188 4471 Egyptum
3221 4404 3247 4435 ο
3275 4396 3382 4452 mi-

1792 4520 1950 4579 grare
1978 4503 2128 4571 fecit,
2162 4518 2268 4558 non
2302 4502 2421 4557 sine
2441 4514 2606 4571 causa
2640 4512 2744 4554 nec
2768 4497 2890 4553 sine
2918 4488 3015 4551 Dei
3047 4490 3388 4564 providentia

110 4610 235 4667 cum,
262 4601 420 4673 cujus
461 4602 520 4658 in
551 4612 774 4673 pectore
804 4603 920 4659 sola
960 4605 1132 4676 pietas
1162 4604 1411 4661 consistit
1447 4616 1499 4661 et
1528 4605 1689 4661 boni-
1716 4581 1769 4642 Ῑ)
1795 4598 1998 4655 factum
2031 4612 2153 4654 esse
2190 4610 2343 4651 reor.
2374 4593 2483 4650 Sed
2514 4591 2657 4647 hanc
2686 4587 2854 4645 fuisse
2889 4594 3024 4660 puto
3071 4585 3340 4641 rationem
3368 4597 3386 4637 :

111 4697 207 4758 tas;
235 4694 325 4762 qui
362 4695 643 4754 neminem
682 4697 834 4755 novit
860 4712 1059 4754 nocere
1083 4697 1167 4753 vel
1193 4697 1417 4765 laedere,
1450 4698 1545 4753 sed
1575 4713 1691 4753 om-

112 4782 249 4840 nibus
274 4802 436 4860 opem
462 4785 629 4845 ferre.
659 4788 1002 4847 Christianus
1039 4790 1134 4847 ille
1182 4798 1286 4857 est,
1318 4791 1410 4861 qui
1438 4790 1690 4859 exemplo

111 4871 294 4935 Christi
335 4896 443 4940 nm
481 4882 732 4940 inimicos
762 4884 915 4941 novit
953 4883 1125 4951 odire,
1159 4883 1253 4939 sed
1286 4883 1459 4956 magis
1503 4884 1693 4938 adver-

112 4973 337 5030 santibus
369 4977 476 5033 sibi
504 4976 855 5046 benefacere,
895 4987 951 5039 et
988 4993 1089 5048 pro
1117 4978 1555 5047 persecutoribus
1578 4979 1693 5033 suis

1794 4693 1919 4765 quia
1952 4694 2089 4749 Deus
2123 4689 2382 4762 populum
2408 4701 2566 4745 suum
2611 4698 2770 4755 quem
2809 4682 3052 4752 elegerat
3082 4675 3131 4747 ί,
3173 4677 3389 4734 miseri-

1795 4786 2019 4855 cordiae,
2045 4784 2287 4856 pietatis,
2317 4780 2562 4853 iustitiae,
2593 4776 2917 4846 caeterisque
2945 4773 3104 4829 bonis
3133 4771 3390 4842 operibus

1794 4881 2020 4950 cupiens
2058 4878 2299 4944 erudire,
2352 4873 2524 4932 voluit
2576 4888 2697 4929 eum
2748 4871 2799 4926 in
2829 4879 3020 4926 extera
3070 4868 3244 4946 patria
3292 4880 3391 4936 pro

1797 4984 2045 5046 tempore
2076 4986 2198 5027 esse
2221 4968 2566 5040 peregrinum
2598 4973 2653 5021 et
2681 4964 2979 5034 captivum,
3013 4970 3070 5015 ut
3110 4959 3395 5030 captivita-

114 5073 160 5118 et
191 5064 442 5125 hostibus
471 5084 702 5127 exorare
732 5088 748 5127 :
792 5087 916 5126 nam
960 5080 1015 5129 et
1050 5069 1294 5143 quisquis
1344 5070 1577 5140 aliquem
1608 5069 1700 5125 lae-
1802 5069 1872 5127 tis
1901 5077 1955 5123 et
1980 5062 2434 5137 peregrinationis
2482 5058 2755 5115 miseriam
2784 5054 3021 5113 disceret
3062 5064 3114 5111 et
3160 5053 3393 5120 laboris;

117 5155 234 5215 dere
260 5172 357 5217 aut
384 5179 587 5222 nocere
636 5174 856 5238 paratus
910 5174 1012 5231 est,
1046 5166 1137 5222 ille
1192 5165 1457 5221 mentitur
1491 5179 1550 5222 se
1580 5178 1703 5221 esse
1801 5177 1913 5237 quo
1936 5160 2150 5215 facilius
2176 5155 2519 5229 postmodum
2554 5147 2802 5209 misereri
2846 5148 3319 5222 peregrinantibus
3341 5154 3396 5201 et

119 5249 498 5312 Christianum.
541 5256 879 5329 Christianus
908 5268 1011 5327 est,
1060 5259 1151 5331 qui
1184 5267 1360 5327 potest
1386 5258 1531 5328 justa
1569 5272 1704 5317 voce

1807 5251 2183 5312 laborantibus
2209 5257 2415 5311 nosset,
2448 5247 2492 5301 si
2522 5246 2640 5314 ipse
2661 5252 2787 5298 ante
2810 5239 3264 5314 peregrinationis
3296 5238 3398 5293 mi-

116 5341 283 5403 dicere
314 5348 640 5410 :bleminem
671 5353 832 5411 nocui
880 5351 1189 5419 hominum,
1228 5351 1375 5424 justo
1424 5352 1530 5408 vixi
1578 5367 1703 5409 cum
1805 5348 1976 5405 serias
2006 5343 2306 5402 didicisset.
2338 5338 2506 5399 Nemo
2535 5338 2679 5399 enim
2712 5338 3000 5409 peregrino
3031 5343 3136 5389 tam
3168 5333 3399 5387 libenter

116 5441 375 5502 omnibus.

182 5602 209 5672 ξ
245 5595 379 5672 mss.
412 5605 554 5664 tres.
588 5609 904 5672 exspectant.

180 5662 210 5705 δ
247 5668 421 5735 Abest
451 5662 551 5729 vox
584 5662 730 5735 (lei'a
753 5688 882 5730 mss.

189 5744 214 5803 ς
252 5732 418 5796 Deest
453 5732 653 5800 iniussi.
689 5763 789 5801 vox
822 5744 1143 5803 humilitatis.

186 5800 215 5844 ⁸
253 5810 343 5867 Sic
373 5813 611 5873 notiores
645 5800 866 5873 tnss.At
896 5800 1049 5873 editi.
1082 5800 1274 5874 statim.

1808 5441 2097 5500 miseretur
2123 5446 2177 5494 et
2207 5434 2454 5501 advenae,
2488 5430 2589 5486 nisi
2620 5430 2710 5501 qui
2748 5426 3192 5500 peregrinationis
3221 5424 3401 5479 exitus

1880 5604 1905 5633 ο
1956 5593 2126 5650 Abest
2154 5607 2185 5647 a
2224 5587 2527 5660 potioribus
2575 5600 2705 5642 mss.
2751 5584 2995 5657 migrare,
3055 5597 3154 5653 pro
3181 5595 3291 5653 quo
3343 5581 3399 5642 in

1811 5666 2046 5727 Sorbon.
2076 5665 2179 5728 ire,
2213 5655 2352 5732 apud
2386 5655 2630 5732 Holsten.
2662 5660 2780 5715 iter.

1891 5719 2044 5798 ῖείἒ
2072 5719 2321 5794 Holstén.
2349 5744 2519 5791 recte.
2552 5731 2718 5789 Abest
2743 5744 2844 5786 vos
2870 5740 3025 5805 quens
3051 5725 3107 5783 in
3126 5723 3265 5783 edit.
3289 5719 3395 5789 ΒΕ.
