3976 6336
557 290 657 364 sat

1587 297 1886 359 FASTIDII
1923 289 2424 358 BRlTANNORUM
2464 292 2775 358 EPlSCOPl
3692 312 3776 379 επ

557 419 727 474 novit.
752 415 924 472 Nemo
962 413 1041 471 sic
1083 407 1352 485 hospitem
1383 420 1440 470 et
1473 412 1592 470 sine
1623 423 1789 486 tecto,
1833 431 1937 472 suo
1973 417 2145 472 intro-
2171 419 2224 479 Α
2251 433 2412 489 quam
2458 417 2852 490 Prophetarum
2897 426 3148 476 constare
3193 430 3526 494 praeceptum,
3574 440 3622 485 et
3654 433 3774 496 illum

555 511 704 567 ducit
733 510 991 580 hospitio,
1025 509 1129 563 nisi
1158 514 1217 562 ut
1257 506 1350 577 qui
1379 515 1509 563 ante
1539 506 1769 579 indiguit
1809 508 2008 565 alieno.
2042 508 2148 566 Ne-

555 621 642 660 mo
674 606 748 660 ita
777 605 1109 660 esurientem
1139 601 1304 667 cibat,
1350 617 1512 658 nemo
1553 603 1632 658 sic
1664 601 1940 660 sitientem
1967 611 2142 676 potat,

555 697 656 752 nisi
711 706 769 751 ut
807 696 900 767 qui
943 695 1094 752 sitim
1139 694 1487 766 esuriemque
1514 709 1807 767 perpessus
1845 704 1951 753 est.
1977 695 2149 754 Nemo

553 799 662 846 tam
691 788 847 844 facile
872 787 1076 844 nudum
1105 787 1219 844 suis
1245 789 1427 859 operit
1450 789 1812 857 vestimentis,
1856 805 2019 861 quam
2051 790 2145 861 qui

554 882 817 940 nuditatis
847 891 904 940 et
935 882 1154 956 frigoris
1183 883 1334 940 novit
1367 883 1644 954 iniuriam.
1674 882 1847 940 Nemo
1875 883 1953 940 sic
1979 883 2152 941 tribu-

552 977 684 1033 lauti
735 984 792 1033 et
819 977 1029 1034 misero
1067 985 1124 1033 et
1168 975 1441 1032 laboranti
1484 977 1779 1044 succurrit,
1802 981 1806 984 ’
1829 975 1935 1031 nisi
1972 975 2149 1047 utqui

552 1068 965 1125 tribulationum
996 1077 1053 1126 et
1077 1068 1420 1125 miseriarum
1467 1083 1628 1126 casus
1673 1076 1931 1139 expertus
1975 1077 2058 1124 est
2093 1077 2150 1124 et

553 1159 828 1218 laborum.
861 1161 1051 1217 Merito
1081 1175 1211 1232 ergo
1238 1160 1384 1218 Deus
1416 1159 1807 1216 misericordiae
1836 1167 1891 1215 ct
1927 1160 2146 1231 pietatis

553 1255 834 1324 magister,
878 1253 972 1324 qui
997 1259 1171 1324 legem
1221 1252 1568 1325 postmodum
1612 1260 1732 1308 erat
1759 1251 2022 1320 editurus,
2049 1267 2146 1322 per

554 1362 716 1418 quam
744 1345 940 1418 populo
969 1360 1071 1403 suo
1113 1345 1506 1402 misericordiae
1532 1353 1590 1401 et
1610 1343 1830 1416 pietatis
1869 1344 2140 1400 omnium-

555 1457 665 1513 que
707 1442 967 1498 bonorum
1015 1453 1242 1510 operum
1298 1447 1568 1510 praacepta
1620 1437 1940 1502 traditurus,
1971 1436 2148 1492 voluit

554 1550 676 1590 eum
704 1535 852 1604 prius
876 1546 1068 1589 omnes
1098 1545 1379 1602 pressuras
1412 1539 1468 1587 et
1499 1529 1875 1587 tribulationes
1899 1538 1954 1585 et
1977 1545 2145 1601 angu-

555 1628 688 1684 stias
717 1629 770 1682 in
800 1636 944 1683 terra
969 1625 1180 1695 perpeti
1201 1625 1402 1693 aliena,
1430 1641 1537 1696 quo
1563 1623 1775 1680 facilius
1803 1632 1988 1694 postea
2019 1638 2145 1694 pos—

548 1728 635 1775 set
669 1718 796 1774 talia
844 1717 1163 1789 patientium
1208 1717 1478 1781 misereri,
1513 1726 1568 1772 et
1612 1716 1726 1770 suis
1765 1715 2143 1785 obtemperare

2253 511 2424 582 legem
2449 511 2708 582 implesse
2729 514 2821 583 qui
2849 512 2966 569 haec
2989 515 3224 584 potuerit
3254 516 3502 586 implere;
3528 519 3647 578 nihil
3666 531 3778 587 enim

2251 605 2400 662 aliud
2421 605 2476 660 in
2498 605 2618 676 lege
2634 605 2806 662 veteri
2822 609 2987 678 quaeri
3009 624 3170 678 quam
3200 615 3260 662 ut
3276 609 3434 664 Deum
3456 622 3507 667 et
3526 617 3778 683 proximum

2251 698 2465 770 diligas.
2490 701 2557 756 Et
2575 714 2705 756 vere
2728 699 2819 756 ille
2846 700 2980 772 legis
3005 705 3406 758 consumuiator
3443 714 3497 759 et
3520 706 3672 766 factor
3695 720 3779 782 est,

2251 791 2343 862 qui
2371 807 2472 850 nec
2491 793 2547 849 in
2575 792 2770 862 Deum,
2804 808 2906 850 nec
2925 793 2980 849 in
3007 794 3312 864 proximum
3343 806 3545 867 peccat.

2874 927 3108 987 CAPUT
3144 929 3238 985 ΙΙ.

2771 1042 2937 1098 Deum
2961 1044 3078 1116 quis
3109 1043 3316 1118 diligat.

2325 1153 2432 1212 Sed
2461 1155 2587 1226 quid
2616 1155 2810 1224 Deum,
2839 1155 2968 1226 quid
2997 1159 3306 1226 proximum
3337 1157 3408 1213 sit
3428 1157 3657 1235 diligere,
3678 1181 3785 1237 pra.

2249 1245 2418 1302 terire
2450 1247 2674 1304 minime
2718 1261 2783 1302 ac
2827 1246 3174 1304 dissimulare
3201 1247 3395 1305 debeo.
3445 1251 3603 1308 Deum
3630 1255 3786 1330 diligit,

2248 1340 2339 1411 qui
2392 1340 2504 1396 suis
2543 1341 2597 1396 in
2629 1341 2877 1397 omnibus
2927 1342 3199 1397 mandatis
3246 1343 3601 1415 obtemperat.
3652 1349 3787 1409 Deum

2248 1433 2450 1506 diligit,
2484 1434 2576 1503 qui
2629 1435 2780 1504 leges
2823 1433 2942 1504 ejus
2981 1445 3034 1489 et
3067 1447 3336 1505 praecepta
3381 1441 3624 1494 custodit.
3653 1442 3788 1501 Deum

2247 1529 2442 1601 diligit,
2471 1530 2561 1601 qui
2590 1539 2649 1586 ut
2677 1529 2769 1586 ille
2795 1539 3018 1584 sanctus
3050 1537 3157 1596 est,
3191 1538 3250 1586 et
3277 1531 3395 1601 ipse
3424 1547 3483 1587 se
3511 1535 3788 1599 sanctiﬁcat.

2247 1625 2387 1679 sicut
2435 1625 2695 1694 scriptum
2745 1632 2828 1679 est
2866 1623 3093 1679 :Sancti
3136 1631 3333 1691 estate,
3379 1627 3616 1691 quoniam
3656 1638 3697 1682 et
3722 1647 3791 1701 ego

2245 1725 2455 1770 sanctus
2499 1733 2612 1771 sum
2662 1714 2918 1770 Dominus
2972 1715 3112 1769 Deus
3161 1726 3326 1770 vester
3377 1715 3562 1788 (Leuit.
3591 1734 3698 1786 nx,
3731 1721 3792 1791 2).

549 1809 838 1866 mandatis.
870 1807 942 1865 Ut
967 1819 1124 1879 putes
1144 1824 1268 1864 eum
1296 1810 1496 1862 bonum
1523 1806 1689 1861 fuisse
1711 1807 2028 1878 agricolam,
2051 1806 2142 1877 qui
2173 1809 2221 1871 Β
2249 1807 2421 1862 Deum
2450 1808 2644 1880 diligit,
2677 1808 2766 1878 qtti
2811 1817 2866 1862 et
2905 1807 3039 1862 illud
3071 1807 3361 1878 Proplietze
3390 1809 3614 1866 dicentis
3644 1811 3796 1878 implet

547 1904 864 1973 priusquam
908 1916 1096 1958 semen
1155 1900 1356 1968 mittat,
1401 1899 1492 1954 diu
1520 1909 1716 1956 terram
1749 1897 1943 1953 aratris
1973 1906 2024 1952 et
2057 1912 2142 1953 ra-

547 1997 675 2053 stris
708 1996 913 2065 domat,
957 2010 1027 2050 ne
1069 1993 1212 2064 quod
1247 1993 1322 2048 illi
1361 1991 1668 2048 crediturus
1694 2001 1780 2047 est
1807 2005 1994 2046 semen
2028 1981 2143 2060 per-

547 2098 636 2145 eat
667 2106 681 2144 :
715 2089 790 2144 ita
827 2098 884 2144 et
926 2088 1069 2143 Deus
1101 2085 1360 2157 populum
1401 2099 1559 2140 suum
1606 2083 1698 2139 diu
1729 2092 1853 2138 ante
1903 2090 2144 2138 macerat

547 2189 604 2238 et
639 2181 846 2248 domat,
889 2194 1048 2249 quam
1079 2180 1128 2234 ei
1178 2177 1494 2233 salutarium
1542 2174 1921 2232 mandatorum
1956 2189 2142 2230 semen

547 2275 844 2344 impertiat.
872 2273 1114 2343 Denique
1145 2278 1204 2326 ut
1219 2271 1287 2326 ob
1313 2275 1454 2326 hanc
1477 2284 1697 2325 causam
1723 2269 1839 2324 haec
1867 2283 1989 2323 eum
2017 2282 2144 2337 per-

551 2367 738 2422 tulisse
783 2365 1087 2422 evidentius
1115 2365 1344 2428 clareat,
1392 2364 1562 2435 ipsius
1592 2362 1806 2418 Domini
1833 2361 2145 2417 intueamur

547 2459 816 2524 mandata,
847 2457 1119 2514 dicentis:
1152 2457 1412 2510 Advenam
1438 2471 1539 2510 non
1568 2455 1835 2521 vexabitis,
1873 2469 1963 2509 nec
1983 2453 2146 2507 tribu-

547 2552 716 2606 labitis
770 2569 917 2618 eum,
957 2551 1128 2622 fuistis
1175 2551 1359 2606 etenim
1411 2559 1458 2606 et
1495 2565 1581 2603 ras
1635 2549 1845 2602 advena:
1888 2548 1944 2601 in
2001 2532 2140 2600 terra

546 2643 766 2717 Αἴθρη)ιὶ
793 2643 987 2716 (Exod.
1023 2657 1171 2710 χχιι,
1211 2643 1330 2711 21).
1357 2641 1423 2697 Et
1470 2642 1664 2697 iterum
1699 2641 1928 2711 legimus
1961 2658 1974 2694 :
2003 2639 2145 2694 Deus

544 2753 782 2810 magnus,
811 2737 899 2807 qui
929 2752 1029 2790 non
1053 2735 1237 2807 accipit
1269 2750 1560 2804 personam,
1591 2733 1681 2788 sed
1704 2749 1793 2787 nec
1819 2733 2003 2805 accipit
2030 2750 2143 2788 mu-

544 2846 689 2897 nera,
741 2830 934 2900 faciens
973 2828 1230 2900 judicium
1276 2826 1557 2902 proselyta,
1591 2826 1822 2896 arpltana
1866 2834 1914 2879 et
1956 2825 2140 2881 viduae.

544 2921 684 2980 Dare
709 2938 894 2993 panem
919 2931 965 2976 et
998 2921 1349 2977 vestimentum
1385 2921 1561 2993 dilige,
1611 2921 1731 2992 quia
1770 2929 1814 2974 et
1835 2919 1945 2989 ipse
1999 2919 2147 2990 fuisti

543 3016 598 3071 in
623 3025 762 3072 terra
787 3014 1005 3088 Egypti
1036 3014 1215 3088 (Deut.
1249 3030 1318 3079 ι,
1354 3014 1565 3084 17-19).
1599 3013 1668 3068 Et
1701 3013 1827 3068 alibi
1857 3012 1987 3068 dicit
2020 3028 2035 3066 :
2085 3012 2148 3067 Si

544 3119 716 3165 autem
737 3126 928 3164 messus
949 3109 1107 3180 fueris
1133 3124 1347 3166 messem
1374 3108 1427 3162 in
1468 3123 1595 3179 agro
1619 3118 1727 3176 tua,
1762 3116 1810 3162 et
1835 3108 2147 3164 Oblivisceris

2247 1901 2522 1970 eloquium
2551 1917 2563 1954 :
2600 1899 2704 1965 Qui
2730 1900 2946 1973 diligitis
2970 1896 3282 1969 Dominum,
3317 1901 3456 1956 adite
3483 1904 3666 1958 malum
3702 1903 3796 1973 (Ps.

2245 2008 2388 2060 xcvr,
2423 1991 2536 2064 10).
2563 1992 2731 2048 Deum
2760 1993 2952 2063 diligit,
2985 1993 3076 2064 qui
3121 2009 3226 2048 non
3272 1992 3376 2046 alia
3407 2008 3564 2063 quam
3594 1994 3795 2049 coelestia

2244 2088 2448 2157 cogitat
2492 2094 2547 2142 et
2575 2086 2778 2142 divina.
2819 2086 2962 2143 Deus
3003 2085 3149 2141 enim
3180 2103 3287 2141 non
3322 2086 3426 2141 nisi
3464 2088 3739 2142 sanctitatis
3760 2097 3802 2144 et

2241 2178 2464 2249 iustitiae
2495 2188 2548 2234 et
2579 2179 2795 2246 pietatis
2841 2189 3051 2240 amator
3093 2186 3207 2244 est;
3238 2185 3296 2233 et
3324 2179 3418 2233 ille
3446 2177 3611 2232 Deum
3637 2179 3796 2249 diligit,

2244 2271 2335 2341 qui
2367 2286 2473 2326 non
2504 2271 2648 2326 aliud
2679 2286 2840 2341 quam
2881 2271 3024 2341 quod
3057 2271 3197 2326 Deus
3239 2285 3430 2326 amare
3478 2271 3677 2327 videtur
3702 2289 3804 2341 ope-

2247 2372 2419 2418 ratur.
2453 2362 2595 2431 Quid
2626 2363 2695 2419 sit
2721 2364 2862 2418 enim
2893 2363 3064 2418 Deum
3102 2363 3351 2434 diligere,
3399 2363 3608 2419 Domini
3638 2374 3687 2419 et
3709 2365 3803 2420 Sal-

2246 2457 2453 2512 vatoris
2478 2456 2729 2511 doctrina
2771 2455 3029 2524 declarat,
3061 2455 3293 2510 dicentis
3325 2473 3337 2508 :
3377 2457 3478 2521 Qui
3509 2457 3648 2509 audit
3683 2460 3805 2511 verba

2245 2564 2379 2614 mea,
2413 2557 2459 2602 et
2483 2551 2608 2619 facit
2629 2565 2710 2613 ea,
2740 2548 2829 2603 ille
2859 2558 2930 2602 est
2953 2548 3039 2618 qui
3068 2548 3240 2620 diligit
3271 2565 3355 2601 me
3378 2547 3561 2618 (Jaan.
3587 2564 3688 2618 xiv,
3713 2549 3802 2619 21).

2245 2637 2301 2694 Si
2335 2638 2497 2710 igitur
2527 2639 2617 2694 ille
2659 2640 2825 2695 Deum
2854 2638 3048 2711 diligit,
3077 2640 3169 2710 qni
3218 2639 3368 2710 quod
3415 2639 3561 2697 Deus
3607 2643 3811 2711 praecipit

2248 2733 2411 2798 facit;
2446 2733 2534 2802 qui
2567 2748 2672 2788 non
2702 2733 2847 2801 facit,
2872 2733 2977 2789 iste
3000 2748 3105 2788 non
3135 2733 3338 2804 diligit.
3369 2735 3563 2790 Omnis
3601 2751 3717 2790 vero
3739 2737 3811 2806 qui

2248 2841 2357 2880 non
2417 2825 2614 2896 diligit,
2671 2825 2804 2880 odit.
2863 2825 3016 2882 Unde
3065 2826 3271 2880 clarum
3304 2837 3472 2898 atque
3503 2828 3815 2883 manifestum

2247 2927 2356 2983 est,
2405 2919 2473 2972 ab
2520 2919 2602 2973 eis
2646 2919 2812 2974 Deum
2844 2917 3008 2985 odiri,
3038 2919 3128 2990 qui
3171 2934 3270 2984 sua
3305 2921 3564 2974 mandata
3594 2937 3690 2975 non
3718 2936 3814 2975 ser-

2249 3018 2396 3076 vant,
2444 3010 2512 3064 de
2542 3010 2737 3080 quibus
2769 3022 2790 3049 σ
2824 3009 3151 3080 Proplietam
3193 3012 3409 3067 dixisse
3462 3020 3628 3083 puto:
3660 3010 3817 3066 Nonne

2251 3102 2338 3172 qui
2385 3104 2604 3156 oderunt
2659 3113 2726 3166 te,
2760 3102 3001 3170 Domine,
3049 3106 3287 3169 aderam,
3321 3114 3372 3159 et
3416 3121 3572 3174 super
3618 3107 3820 3159 inimicas

547 3211 573 3239 ⁸
600 3218 860 3267 manuum,
886 3218 989 3256 non
1011 3200 1279 3255 reverteris
1313 3199 1548 3270 accipere
1574 3198 1760 3265 illam;
1800 3199 2060 3271 proselon
2098 3211 2147 3255 et
2173 3190 2221 3256 C
2254 3203 2369 3247 tuas
2401 3193 2751 3247 tabescebam?
2787 3193 3024 3264 Perfecta
3069 3195 3192 3248 odio
3241 3197 3461 3250 aderam
3498 3197 3638 3264 illas,
3672 3206 3713 3250 et
3741 3197 3821 3250 ini-

543 3293 780 3364 arphana
805 3301 853 3346 et
883 3292 1053 3346 vidua:
1081 3292 1197 3359 erit,
1221 3299 1278 3345 ut
1309 3291 1573 3344 benedicat
1601 3299 1648 3344 te
1678 3287 1816 3344 Deus
1837 3290 1888 3342 in
1909 3290 2144 3361 operibus

543 3401 788 3439 manuum
814 3392 1064 3450 tuarum;
1112 3393 1159 3438 et
1181 3399 1374 3437 memor
1416 3382 1517 3436 eris
1545 3382 1667 3453 quia
1693 3382 1919 3448 famulus
1948 3399 2060 3438 eras
2089 3383 2143 3438 in

543 3487 682 3534 terra
699 3477 918 3550 Egypti
932 3495 952 3544 ;
967 3493 1059 3548 ego
1082 3477 1196 3531 ideo
1227 3476 1475 3547 praecipio
1500 3475 1588 3530 tibi
1609 3477 1816 3530 verbum
1847 3477 1944 3531 hac
1961 3476 2139 3550 (Deut.

543 3585 694 3638 xxiv,
728 3569 937 3640 19-22).
971 3567 1125 3625 Unde
1152 3567 1314 3623 facile
1339 3567 1653 3638 pervidetur
1683 3577 1845 3639 atque
1875 3567 2144 3639 dignosci-

543 3670 634 3717 tur
659 3677 780 3718 eum
805 3660 1061 3732 papulum
1094 3660 1163 3716 ob
1199 3659 1340 3715 hanc
1381 3675 1600 3715 causam
1630 3661 1842 3716 cunctis
1873 3659 2135 3717 afﬂictum

543 3753 711 3811 fuisse
733 3754 1068 3822 miseriis,ut
1082 3753 1496 3810 misererialteri
1520 3768 1618 3809 suo
1639 3753 1931 3810 doceretur
1955 3769 2141 3811 exem-

544 3848 657 3921 plo,
683 3848 823 3904 sicut
841 3848 1105 3919 scriptum
1134 3855 1218 3902 est
1252 3865 1264 3900 :
1295 3845 1531 3900 Dacuisti
1558 3846 1695 3900 enim
1721 3847 1967 3918 populum
1994 3857 2141 3902 tuum

542 3957 633 4016 per
656 3942 782 3996 talia
806 3957 984 4010 opera,
1008 3941 1249 4010 quoniam
1275 3949 1471 4012 oportet
1490 3942 1663 4013 justas
1691 3956 1797 3995 esse
1818 3949 1866 3995 et
1890 3941 2141 3996 humanas

551 4030 708 4104 (Sap.
738 4048 847 4097 sit,
882 4033 995 4102 19).
1039 4031 1267 4100 Qualem
1301 4031 1555 4101 populum
1605 4046 1761 4086 suum
1812 4045 1938 4087 esse
1985 4032 2137 4100 velit,

540 4126 674 4194 late,
705 4135 765 4181 ut
807 4125 1063 4191 arbitror,
1113 4133 1291 4194 patet;
1322 4134 1376 4180 et
1423 4124 1620 4195 quibus
1661 4125 1832 4194 possit
1879 4125 2139 4196 operibus

539 4219 862 4290 promereri,
890 4217 1140 4289 plurimis
1165 4217 1426 4288 probatur
1451 4215 1741 4287 exemplis.

609 4309 716 4368 Sed
748 4325 816 4366 ne
846 4309 912 4365 ad
942 4308 1397 4365 manifestandant
1440 4309 1560 4380 ejus
1588 4310 1916 4365 voluntatem
1945 4325 2135 4381 parum

538 4402 786 4458 videatur
815 4418 938 4458 esse
965 4403 1109 4474 quod
1139 4403 1371 4457 diximus
1390 4443 1404 4467 ,
1433 4401 1594 4472 Legis
1621 4403 1787 4458 etiam
1811 4410 1866 4458 et
1893 4401 2137 4473 Prophe-

539 4504 716 4550 tarum
746 4504 1012 4566 praicepta
1033 4495 1356 4566 jungamus;
1382 4503 1435 4549 et
1465 4493 1596 4564 quid
1623 4493 1736 4549 Deo
1756 4495 1964 4564 placeat
1994 4510 2135 4550 sem-

2249 3284 2370 3337 mici
2402 3285 2530 3356 facti
2557 3296 2678 3339 sunt
2710 3286 2836 3340 mihi
2858 3286 2977 3358 (Ps.
3006 3303 3268 3354 cxxxvttt,
3297 3289 3393 3356 21,
3428 3287 3545 3360 22).
3577 3289 3693 3344 Odit
3717 3289 3822 3345 Pro-

2247 3379 2408 3448 pheta
2435 3379 2614 3449 juStus
2645 3391 2982 3450 peccatores,
3008 3381 3286 3437 adulteros
3319 3393 3377 3437 et
3408 3384 3656 3453 injustas,
3680 3391 3728 3438 et
3745 3381 3822 3436 Dei

2245 3473 2496 3527 mandata
2526 3486 2886 3543 spernentes;
2921 3475 3060 3530 sicut
3102 3476 3208 3530 alio
3244 3478 3298 3530 in
3348 3477 3478 3532 loco
3524 3477 3690 3532 dicit:
3722 3476 3824 3529 Vidi

2245 3570 2641 3636 pramaricantes
2664 3579 2870 3638 pactum
2891 3586 2909 3634 ,'
2929 3578 2976 3624 et
3005 3570 3331 3625 tabescebam
3348 3570 3474 3644 (Ps.
3498 3567 3821 3638 cxvut,158).

2244 3657 2314 3713 Et
2342 3659 2535 3716 iterum
2562 3677 2578 3715 :
2604 3662 2826 3732 lniquos
2854 3663 2973 3716 odio
2999 3662 3175 3733 habui,
3206 3674 3256 3718 et
3293 3665 3467 3736 legem
3513 3675 3655 3719 tuam
3692 3663 3827 3717 dilexi

2245 3748 2615 3824 (Ibid.,11'5).
2668 3754 2802 3810 Vide
2861 3770 2991 3826 ergo
3034 3771 3194 3826 quam
3223 3757 3388 3827 justi,
3440 3774 3606 3829 quam
3659 3755 3825 3825 integri

2245 3855 2366 3898 esse
2395 3843 2689 3900 debeamus
2733 3855 2790 3901 et
2818 3847 3013 3914 sancti,
3047 3849 3243 3918 quibus
3301 3862 3670 3919 praeterquam
3712 3849 3828 3902 male

2244 3937 2559 3990 conversari
2610 3953 2716 3993 non
2772 3937 2919 4004 licet,
2966 3939 3062 3994 sed
3110 3956 3210 3996 nec
3266 3943 3420 3996 male
3465 3950 3828 3997 conversantes

2245 4043 2562 4099 agnoscere.
2593 4031 2704 4086 lloc
2733 4042 2787 4088 et
2817 4033 3006 4087 beatus
3029 4034 3331 4104 Apostolus
3359 4037 3654 4092 evidenter
3674 4045 3830 4090 osten-

2241 4121 2346 4187 dit,
2381 4124 2473 4192 qui
2511 4139 2612 4179 nec
2643 4140 2808 4194 panes
2853 4142 2975 4180 cum
3027 4129 3413 4196 peccatoribus
3449 4130 3623 4200 frangi
3655 4142 3830 4200 praeco:

2242 4213 2342 4282 pit,
2373 4214 2561 4271 dicens
2601 4233 2613 4268 :
2648 4217 2711 4271 Si
2755 4221 2869 4287 quis
2915 4219 3099 4289 frater
3127 4223 3552 4290 cognominatur
3600 4224 3728 4276 inter
3765 4238 3832 4274 ras

2239 4307 2542 4378 fornicator,
2576 4320 2665 4365 aut
2691 4328 2900 4376 avarus,
2932 4321 3023 4366 aut
3051 4313 3208 4366 idolis
3233 4317 3502 4382 serviens,
3528 4328 3620 4370 aut
3642 4315 3832 4369 maledi-

2240 4415 2352 4468 cus,
2386 4410 2477 4455 aut
2508 4401 2753 4471 ebriosus,
2778 4414 2866 4457 aut
2895 4421 3082 4472 rapax,
3114 4421 3231 4460 cum
3267 4409 3549 4474 eiusmodi
3572 4426 3664 4462 nec
3688 4407 3834 4461 cibum

2237 4514 2435 4553 sumere
2470 4497 2512 4570 (l
2541 4496 2660 4551 Cor.
2693 4514 2746 4566 ν,
2783 4497 2892 4570 11).

536 4600 740 4656 perque
774 4585 1064 4656 placuerit,
1097 4593 1153 4639 et
1183 4584 1312 4655 quid
1341 4584 1586 4639 crebrius
1611 4582 1733 4638 fieri
1764 4593 1820 4638 et
1848 4583 2134 4639 observari
2161 4573 2216 4634 D
2313 4587 2578 4643 Sanctum
2630 4605 2752 4644 esse
2797 4590 3052 4661 populum
3084 4605 3239 4646 suum
3278 4593 3434 4649 Deus
3487 4597 3682 4663 voluit,
3715 4604 3760 4651 et
3783 4595 3836 4648 ab

535 4682 877 4750 prteceperit,
911 4688 1020 4732 tam
1057 4679 1259 4733 veteris
1283 4692 1442 4746 quam
1469 4676 1498 4715 δ
1527 4691 1680 4731 novre
1707 4676 1867 4748 Legis
1890 4678 2132 4734 testimo-

534 4771 636 4828 niis
664 4771 1104 4841 comprobemus.
1138 4770 1330 4843 Diliges
1373 4769 1654 4824 Daminum
1685 4770 1850 4825 Deum
1893 4781 2038 4825 tuum
2066 4788 2131 4827 ea:

534 4872 640 4920 toto
668 4867 820 4920 corde
849 4873 959 4932 tuo,
991 4873 1037 4919 et
1079 4882 1142 4920 ea:
1169 4875 1272 4919 tata
1299 4866 1472 4919 anima
1514 4874 1624 4931 tua,
1653 4873 1700 4918 et
1729 4881 1794 4918 ex
1820 4874 1925 4918 tota
1965 4874 2131 4920 mente

533 4965 643 5026 tua,
668 4968 717 5013 et
741 4974 804 5014 ea:
833 4959 952 5013 tatis
979 4960 1169 5014 viribus
1222 4959 1322 5012 tuis
1376 4956 1559 5031 (Deut.
1592 4973 1676 5025 vt,
1728 4958 1817 5027 5);
1848 4967 1896 5012 et
1944 4959 2128 5029 diliges

533 5049 822 5120 proximum
853 5061 998 5104 tuum
1018 5051 1150 5104 sicut
1178 5058 1227 5104 te
1250 5050 1419 5122 ipsum
1444 5047 1629 5122 (Leuit.
1666 5065 1796 5119 xu,
1831 5049 1943 5120 18).
1967 5050 2128 5120 Legis

532 5149 588 5197 et
614 5141 1012 5212 PrOphetarum
1034 5144 1367 5215 praecipuum
1389 5157 1512 5199 esse
1539 5142 1880 5213 mandatum,
1912 5143 2130 5199 Domini

533 5243 588 5290 et
615 5233 915 5291 Salvatoris
944 5236 1116 5291 nostri
1161 5236 1476 5291 testimonio
1505 5237 1913 5308 comprobatur,
1944 5236 2129 5292 dicen-

534 5327 603 5380 tis
633 5344 646 5380 :
682 5325 748 5381 In
773 5328 851 5382 Itis
877 5327 1074 5382 duabus
1104 5327 1363 5381 mandatis
1386 5335 1492 5381 tota
1513 5327 1594 5382 lea:
1622 5327 1802 5398 pendet
1829 5339 1876 5382 et
1905 5333 2128 5402 praphe-

534 5425 600 5472 tte
629 5417 842 5489 (Matth.
869 5435 979 5474 χχιι
999 5462 1014 5485 ,
1043 5418 1157 5491 40).
1187 5418 1342 5486 Quod
1391 5419 1626 5474 rescindi
1664 5435 1771 5474 non
1803 5430 1979 5492 potest
2024 5437 2127 5479 nec

533 5515 749 5580 mutari,
797 5516 847 5568 in
876 5513 1086 5570 duobus
1116 5514 1233 5569 istis
1281 5512 1550 5569 mandatis
1597 5527 1760 5571 omne
1814 5524 1921 5570 tam
1963 5514 2124 5588 Legis

669 5650 838 5723 Alias.
867 5652 1204 5723 manipulum,
1237 5653 1594 5709 renuentibus
1623 5669 1756 5710 mss.

605 5718 632 5758 δ
677 5718 1099 5800 Μςξηριυτίίιίιθ,
1126 5718 1280 5794 quam
1311 5726 1715 5798 novwineipiam
1736 5727 1969 5798 exempla
1992 5744 2121 5800 pra-

537 5791 688 5844 ferre.
745 5793 955 5861 Diliges.

2244 4682 2390 4736 omni
2431 4682 2752 4753 contagione
2790 4684 3068 4752 injustitite
3113 4695 3167 4740 et
3217 4685 3546 4756 iniquitatis
3601 4691 3833 4744 alienum.

2242 4773 2428 4829 Talem
2460 4791 2580 4830 eum
2614 4791 2735 4831 esse
2763 4777 2950 4848 voluit,
2984 4787 3090 4833 tam
3117 4779 3359 4850 justum,
3395 4792 3512 4838 tam
3548 4785 3716 4854 pium,
3745 4795 3837 4837 tam

2240 4884 2460 4938 purum,
2493 4879 2599 4922 tam
2639 4869 3070 4938 immaculatum,
3118 4881 3223 4926 tam
3256 4878 3609 4945 simplicem,
3643 4887 3697 4932 ut
3728 4875 3837 4929 nihil

2239 4959 2380 5030 quod
2402 4959 2455 5014 in
2481 4976 2546 5015 eo
2573 4974 2759 5032 gentes
2788 4963 3190 5034 redarguerent,
3218 4967 3576 5036 invenirent,
3603 4970 3694 5025 sed
3718 4966 3840 5039 quod

2237 5053 2656 5121 admirarentur,
2691 5063 2747 5110 et
2775 5055 3056 5112 dicerent:
3090 5056 3254 5112 Beata
3279 5077 3420 5130 gens
3447 5066 3607 5136 cujus
3641 5072 3715 5117 est
3744 5062 3837 5115 Do-

2234 5145 2405 5200 minus
2435 5145 2576 5200 Deus
2608 5148 2742 5214 eius,
2774 5158 2822 5202 et
2842 5151 3068 5221 populus
3099 5167 3247 5218 quem
3277 5155 3449 5225 elegit
3481 5157 3540 5210 in
3584 5154 3840 5210 hereditas

2232 5249 2330 5293 tem
2373 5239 2470 5294 sibi
2508 5239 2626 5313 (Ps.
2687 5256 2853 5310 χχιιι,
2909 5241 3023 5311 12).
3071 5241 3231 5298 Tales
3260 5248 3548 5301 convenit
3593 5263 3713 5302 esse
3758 5244 3838 5298 Del

2232 5331 2472 5388 cultores
2525 5343 2581 5388 et
2625 5348 2830 5401 servos,
2865 5344 3200 5402 mansuetos,
3253 5352 3496 5407 graves,
3535 5337 3837 5408 prudentes,

2231 5425 2371 5496 pios,
2427 5425 2964 5496 irreprcliensibiles,
3019 5427 3273 5495 intactos,
3316 5430 3746 5495 itnmaculatos;
3793 5438 3838 5483 ut

2227 5516 2468 5590 quisquis
2501 5532 2598 5573 eos
2627 5517 2843 5587 viderit,
2871 5527 3107 5589 stupent,
3137 5528 3193 5575 et
3219 5519 3575 5594 admiretur,
3611 5536 3660 5582 et
3689 5522 3838 5589 dicat,

2303 5670 2327 5699 ε
2367 5661 2445 5716 Ita
2475 5660 2858 5730 rescripsimus
2886 5674 3009 5716 cum
3058 5662 3229 5720 Holst.
3265 5673 3332 5722 et
3357 5681 3434 5724 ex
3467 5673 3754 5724 contextu.
3795 5667 3845 5724 At

2227 5731 2361 5790 edit.
2394 5733 2527 5805 BB.,
2558 5732 2623 5788 de
2645 5733 2825 5802 quibus
2851 5749 2944 5795 per
2967 5732 3172 5804 Praph.
