3976 6336
220 325 301 384 505

1184 316 1275 374 DE
1315 315 1475 377 VlTA
1513 316 1925 377 CHRISTIANA
1970 319 2169 377 LIBER
2207 318 2413 380 UNUS.

3328 321 3425 385 394

220 448 331 503 Vere
354 438 398 495 hi
420 434 662 492 homines
686 434 778 493 Dei
806 441 951 502 sunt,
984 449 1210 507 quorum
1255 438 1376 494 talis
1406 446 1489 493 est
1518 452 1743 493 conver-
1769 442 1823 501 Α
1847 437 2045 495 bonum
2079 455 2185 495 non
2234 440 2500 507 fecerunt,
2544 440 2993 498 condemnautur.
3044 441 3123 499 Ex
3152 443 3255 501 hoc
3284 449 3427 503 enim

215 541 343 599 satio.
370 536 435 592 ita
463 548 523 592 se
554 533 717 590 homo
759 531 851 589 Dei
896 533 1156 590 exhibere
1200 534 1364 591 debet
1393 542 1449 591 et
1477 550 1657 607 agere,
1687 542 1746 588 ut

214 649 341 694 nemo
367 631 429 687 sit
453 629 544 700 qui
591 643 713 685 eum
743 642 850 683 non
878 628 1008 684 velit
1036 628 1241 696 videre,
1287 629 1379 700 qui
1424 643 1530 684 non
1559 626 1746 684 audire

209 727 473 790 desideret;
515 737 677 779 nemo
724 734 852 787 non,
884 736 1005 777 cum
1034 721 1252 791 viderit,
1280 722 1375 778 Dei
1425 736 1547 778 esse
1578 720 1743 776 tilium

209 820 386 883 credat;
412 824 469 871 ut
496 830 626 872 vere
656 815 713 871 in
743 829 811 870 eo
840 817 1211 886 propheticum
1257 815 1387 871 illud
1416 814 1699 885 impleatur
1728 831 1739 867 :

205 913 370 969 Fauces
394 911 503 980 ejus
530 907 842 975 dulcedinis,
887 918 934 963 et
964 918 1099 964 totus
1144 908 1455 963 desiderium
1483 904 1657 978 (Cant.
1685 920 1738 972 v,

205 1003 294 1072 16).
318 1001 435 1057 Nam
463 999 509 1055 si
540 1013 599 1055 se
627 999 787 1056 talem
816 999 1073 1056 exhibeat
1096 998 1456 1066 Christianus,
1493 997 1537 1052 si
1567 1011 1626 1052 se
1665 1005 1744 1051 ta-

200 1098 286 1154 lem
312 1092 553 1151 exhibeat
596 1093 689 1148 Dei
716 1106 930 1160 servus,
954 1102 1014 1149 ut
1059 1092 1142 1149 his
1171 1093 1259 1165 qui
1288 1089 1571 1148 daemoniis
1622 1088 1742 1145 ido-

201 1193 343 1263 lisque
382 1189 715 1258 deserviunt,
750 1190 1125 1248 conversando
1173 1189 1435 1247 efﬁciatur
1480 1186 1740 1259 aequalis;

197 1283 381 1353 incipiet
406 1296 504 1351 per
532 1296 654 1338 eum
685 1283 825 1338 Deus
855 1282 1222 1354 blasphemari
1254 1291 1306 1339 et
1333 1281 1469 1349 dici,
1509 1280 1554 1336 Ο
1582 1278 1741 1335 Chri-

195 1378 392 1433 stianum
421 1371 518 1429 Dei
548 1373 795 1430 servum!
824 1373 979 1444 cujus
1001 1382 1107 1430 tam
1134 1374 1263 1429 mali
1291 1380 1466 1443 actus,
1494 1381 1600 1428 tam
1631 1380 1744 1425 tur-

194 1473 258 1543 pis
314 1482 467 1540 opera
500 1509 515 1535 ,
563 1476 675 1524 tam
720 1485 951 1542 nequam
1024 1476 1110 1527 est
1160 1469 1536 1535 conversatio;
1587 1469 1743 1538 cujus

194 1564 281 1619 vita
310 1572 406 1618 tam
455 1561 619 1634 impia
644 1604 659 1631 ,
714 1570 820 1619 tam
869 1564 1123 1629 scelesta,
1160 1572 1266 1619 tam
1290 1562 1600 1629 luxuriosa,
1633 1569 1738 1615 tam

189 1656 394 1715 sordida.
458 1655 531 1712 Et
601 1658 705 1713 erit
769 1658 910 1715 illius
966 1658 1267 1729 prophetia:
1313 1671 1473 1722 reus,
1534 1653 1741 1710 Nomen

190 1757 297 1810 enim
323 1753 410 1809 Dei
436 1770 529 1824 per
556 1770 642 1810 vos
673 1752 1063 1827 blasphematur
1082 1755 1216 1809 inter
1247 1755 1422 1827 gentes
1458 1751 1477 1824 (
1502 1750 1611 1805 Isa.
1641 1765 1737 1818 ιιι,

1850 532 2076 602 quisque
2102 532 2334 600 prudens
2359 542 2414 589 et
2437 532 2656 604 sapiens
2686 544 3040 608 recognoscat
3076 552 3236 606 quam
3273 555 3425 608 spem

1848 623 1926 679 illi
1961 624 2158 680 habere
2202 626 2409 694 possint
2438 627 2527 697 qui
2556 637 2845 685 versantur
2889 629 2943 684 in
2990 630 3175 698 malis,
3206 633 3444 702 quando'

1848 717 2009 772 etiam
2042 716 2147 774 illis
2174 718 2279 773 vita
2311 729 2533 790 negatur
2573 722 2663 791 qui
2692 722 2822 778 mali
2868 722 3001 778 nihil
3029 724 3293 792 fecerunt,
3324 726 3428 781 nisi

1848 809 2007 863 etiam
2043 808 2242 877 aliquid
2276 811 2543 880 gesserint
2567 810 2715 867 boni.
2756 811 2940 884 Neque
2969 815 3111 870 enim
3143 816 3286 871 Deus
3324 817 3429 873 hoc

1849 909 2054 956 tantum
2086 899 2338 972 quaerita
2369 903 2547 971 nobis,
2576 913 2637 958 ut
2676 906 2803 960 mall
2844 922 2949 961 non
2992 909 3180 977 simus,
3228 908 3325 965 sed
3371 918 3430 965 ut

1847 992 2149 1048 efﬁciamur
2181 992 2330 1050 boni.
2374 994 2447 1049 Ex
2501 995 2660 1052 malis
2696 996 2838 1052 enim
2885 1000 3141 1069 operibus
3166 1010 3431 1057 vocantur

1847 1086 2007 1153 mali,
2042 1090 2115 1141 ita
2161 1101 2192 1143 e
2219 1088 2495 1144 contrario
2526 1103 2592 1144 ex
2630 1089 2786 1145 bonis
2813 1093 3155 1162 appellantur
3180 1096 3326 1151 boni.
3363 1096 3429 1151 Et

1847 1177 1953 1233 duo
1971 1188 2095 1234 sunt
2118 1180 2311 1251 quibus
2333 1180 2458 1237 boni
2476 1192 2497 1219 ο
2512 1182 2716 1238 servire
2734 1182 2984 1239 videntur
3004 1196 3059 1241 et
3081 1187 3235 1242 mali:
3254 1188 3429 1245 bonus

1848 1271 2011 1339 Deus,
2044 1273 2131 1327 cui
2161 1288 2351 1330 omnes
2377 1273 2515 1331 bene
2541 1284 2929 1331 conversantes
2956 1276 3288 1346 deserviunt;
3313 1279 3432 1335 dia-

1848 1363 2005 1421 bolus
2032 1374 2208 1421 autem
2230 1367 2425 1433 malus,
2452 1368 2602 1438 cujus
2616 1368 2858 1439 quisquis
2873 1370 2965 1439 qui
2987 1368 3126 1424 male
3147 1381 3426 1440 operatur,

1846 1464 1931 1513 est
1953 1458 2200 1513 famulus.
2226 1458 2341 1514 Non
2371 1460 2513 1515 enim
2535 1476 2565 1515 a
2582 1460 2740 1516 nobis
2762 1461 2865 1517 hoc
2882 1461 3055 1516 solum
3081 1463 3349 1533 poscitur,
3372 1474 3430 1517 ut

1846 1564 1952 1605 non
1993 1551 2223 1606 vivendo
2248 1552 2386 1607 male
2406 1552 2547 1609 servi
2571 1567 2694 1609 esse
2721 1551 2920 1609 diaboli
2960 1554 3292 1624 desinamus,
3330 1556 3428 1612 sed

1844 1644 2075 1701 vivendo
2090 1646 2228 1702 bene
2247 1646 2356 1702 Deo
2373 1647 2580 1703 servire
2600 1646 3311 1721 videamur.Namdquisquis
3329 1666 3432 1707 nec

1846 1738 2045 1792 malum
2092 1738 2307 1793 videtur
2357 1739 2569 1810 operari
2620 1754 2718 1796 nec
2770 1740 2966 1796 bonum
2994 1784 3009 1810 ,
3050 1742 3203 1813 cujus
3237 1758 3428 1799 servus

189 1850 239 1915 5;
265 1847 403 1903 Rom.
434 1861 493 1913 ιι,
524 1848 643 1919 24).
675 1847 784 1904 Sed
815 1864 896 1904 vae
926 1847 1034 1904 illis
1076 1862 1171 1918 per
1220 1861 1356 1918 quos
1391 1860 1586 1901 nomen
1626 1845 1735 1900 Do-

1856 1831 2094 1887 videatur
2140 1847 2262 1888 esse
2304 1834 2531 1904 ignoro;
2591 1834 2673 1889 vel
2718 1836 2988 1906 quomodo
3029 1835 3190 1893 vitam
3239 1852 3269 1893 a
3320 1838 3432 1894 Deo

188 1938 290 1994 mini
316 1936 471 1994 luerit
502 1936 956 2007 blasphematum.
998 1939 1145 1995 Deus
1173 1939 1321 1996 enim
1347 1953 1377 1994 a
1404 1936 1563 1993 nobis
1604 1936 1735 1992 nihil

188 2033 323 2104 magis
350 2031 623 2087 desiderat
649 2041 706 2088 et
732 2032 982 2105 requirit,
1014 2047 1174 2103 quam
1206 2040 1265 2088 ut
1294 2046 1391 2103 per
1444 2038 1594 2086 actus
1641 2045 1740 2085 no-

186 2136 301 2183 stros
328 2140 523 2181 nomen
566 2140 724 2181 suum
770 2126 1144 2197 magniﬁcetur
1173 2125 1242 2180 ab
1269 2123 1517 2180 omnibus
1542 2165 1558 2191 ,
1602 2122 1739 2177 sicut

186 2218 406 2290 scriptum
458 2228 549 2275 est
597 2236 613 2275 :
656 2227 683 2256 ⁸
731 2218 987 2289 Sacriﬁco
1029 2217 1344 2288 sacriﬁcium
1396 2214 1567 2271 laudis
1616 2215 1735 2288 (Ps.

184 2328 305 2378 χιιι,
332 2311 439 2382 li).
470 2312 594 2368 Hoc
621 2321 706 2368 est
735 2312 879 2369 enim
907 2311 1236 2369 sacriﬁcium
1283 2311 1425 2383 quod
1458 2312 1600 2368 Dens
1648 2327 1738 2366 su-

184 2420 265 2479 per
289 2421 464 2462 omues
503 2405 715 2462 hostias
755 2406 948 2477 qucrrit
971 2414 1026 2463 et
1048 2405 1240 2477 diligit,
1270 2415 1326 2459 ut
1375 2420 1471 2475 per
1517 2403 1739 2474 justititc

184 2511 354 2558 nostra;
380 2514 553 2572 opera
573 2515 767 2557 nomen
799 2516 955 2558 suum
986 2500 1188 2571 ubique
1220 2499 1487 2569 laudetur,
1513 2509 1567 2554 et
1598 2499 1741 2553 Deus

185 2609 316 2651 νετυε
336 2610 769 2652 esseservorum
815 2608 1034 2651 suorum
1063 2603 1186 2651 actu
1225 2602 1279 2650 et
1300 2608 1463 2665 opere
1491 2606 1740 2664 compro~

185 2688 331 2743 betur.
357 2688 438 2745 illi
467 2704 608 2744 vero
640 2688 808 2744 Deum
851 2687 1101 2760 diligunt,
1133 2686 1225 2759 qui
1256 2703 1363 2743 non
1389 2686 1535 2743 aliud
1582 2684 1759 2759 quam

186 2780 302 2836 unde
326 2795 520 2838 nomen
543 2780 662 2848 ejus
685 2779 1017 2852 gloriﬁcetur
1037 2788 1314 2838 exercent.

828 2916 1055 2975 CAPUT
1096 2917 1167 2974 Χ.

769 3030 1003 3087 Proximi
1037 3032 1261 3088 dilectio.

238 3144 503 3214 Quomodo
539 3144 683 3202 Deus
724 3145 875 3217 diligi
916 3145 1132 3215 debeat,
1174 3157 1232 3202 ut
1276 3147 1566 3218 potuimus,
1609 3146 1745 3202 dixi-

1840 1926 2041 1997 poterit
2065 1940 2284 1997 sperare
2318 1936 2655 1999 perpetuam,
2688 1944 2848 2000 quam
2876 1931 3011 1987 bene
3031 1929 3282 1986 faciendo
3319 1946 3429 1987 non

1843 2021 2065 2075 meruit.
2093 2019 2281 2087 Nemo,
2319 2031 2343 2059 θ
2375 2022 2617 2093 inquam,
2662 2038 2824 2079 sensu
2862 2026 3080 2095 pr0prio
3100 2040 3160 2081 se
3192 2024 3425 2097 decipiat

1840 2121 1897 2169 et
1945 2112 2155 2178 illudat,
2208 2128 2368 2170 nemo
2419 2120 2479 2169 se
2538 2130 2673 2169 vana
2730 2116 3125 2173 existimatione
3183 2117 3428 2173 seducat.

1842 2208 2096 2279 Quisquis
2125 2208 2299 2264 bonus
2333 2223 2441 2265 non
2471 2208 2653 2275 fuerit,
2708 2210 2875 2264 vitam
2926 2226 3036 2267 non
3068 2210 3248 2268 habet.
3274 2210 3434 2279 Quis-

1842 2306 1963 2375 quis
2009 2304 2236 2374 justitias
2292 2314 2345 2360 et
2394 2304 2783 2362 misericordiae
2836 2321 3001 2377 opera
3058 2323 3165 2363 non
3208 2306 3431 2376 fecerit,

1851 2410 1963 2451 non
2011 2405 2194 2469 potest
2252 2412 2479 2470 regnare
2545 2413 2665 2454 cum
2714 2397 2954 2455 Christo.
3015 2399 3271 2472 Quisquis
3322 2417 3432 2457 non

1842 2489 2007 2546 fuerit
2052 2490 2320 2547 humanus
2354 2533 2369 2557 ,
2422 2492 2563 2562 pius,
2622 2492 2923 2563 hospitalis,
2976 2492 3264 2565 benignus,
3319 2495 3435 2551 cle-

1845 2598 2023 2651 mens,
2054 2585 2320 2655 gehennw
2350 2599 2456 2640 non
2488 2584 2683 2642 evadet
2710 2584 3039 2642 incendium.
3073 2587 3216 2643 Deus
3264 2590 3434 2645 malos

1846 2694 1954 2735 non
1985 2687 2150 2745 amat,
2204 2694 2308 2735 non
2360 2679 2533 2751 diligit
2573 2687 2908 2751 peccatores.
2942 2680 3193 2753 Quisquis
3236 2683 3431 2738 malum

1846 2773 2058 2839 fecerit,
2108 2772 2363 2830 inimicus
2412 2782 2494 2829 est
2547 2773 2661 2830 Dei.
2712 2774 2964 2846 Quisquis
3008 2775 3124 2831 sine
3169 2774 3296 2832 dolo
3326 2792 3432 2831 non

1846 2868 2032 2935 fuerit,
2065 2876 2273 2939 partem
2306 2882 2411 2923 non
2440 2877 2617 2939 potest
2646 2866 2845 2924 habere
2874 2882 2995 2923 cum
3027 2866 3263 2925 Christo.
3290 2868 3432 2925 Nihil

1848 2961 1993 3018 enim
2025 2960 2257 3032 amplius
2287 2969 2375 3017 est
2398 2958 2707 3016 Christiano
2734 2960 3103 3031 quaerendum,
3130 2959 3264 3016 nihil
3286 2960 3433 3017 desi-

1848 3053 2145 3110 derandum
2176 3053 2365 3124 magis,
2396 3051 2638 3123 nihilque
2682 3053 2803 3123 plus
2832 3053 2963 3108 totis
2992 3053 3198 3109 viribus
3221 3054 3435 3110 eniten-

1850 3146 2002 3213 dum,
2058 3162 2216 3217 quam
2264 3154 2321 3201 ut
2373 3146 2633 3200 malitiam
2675 3160 2778 3202 suo
2826 3145 3079 3202 excludat
3124 3162 3191 3201 ex
3244 3146 3432 3218 corde,

182 3251 281 3302 mus
308 3254 321 3293 :
349 3253 489 3294 nunc
522 3253 657 3295 vero
687 3237 816 3310 quid
846 3237 918 3294 sit
947 3239 1251 3310 proximum
1275 3247 1549 3310 tamquam
1576 3253 1635 3294 se
1664 3239 1745 3308 ip—
1773 3229 1820 3295 C
1851 3254 2010 3311 quam
2052 3247 2110 3293 ut
2157 3237 2453 3309 nequitiam
2484 3237 2625 3293 intra
2658 3237 2892 3307 pectoris
2936 3238 3016 3293 sui
3050 3239 3439 3295 conscientiam

184 3345 279 3387 sum
306 3332 555 3406 diligere,
593 3342 652 3389 ut
682 3347 987 3404 possumus,
1022 3333 1354 3405 explicemus
1381 3352 1394 3387 :
1419 3348 1743 3405 quamquam

183 3420 328 3495 ipsius
373 3441 562 3487 causa:
602 3426 870 3497 expositio
904 3427 1013 3483 alio
1056 3427 1113 3483 in
1161 3427 1279 3484 loco
1306 3429 1546 3484 breviter
1575 3426 1748 3483 disse-

184 3526 330 3587 ratur,
358 3536 479 3577 cum
509 3520 721 3578 dicitur
750 3539 763 3578 :
800 3522 950 3589 Quod
980 3522 1069 3578 tibi
1102 3539 1205 3579 non
1234 3522 1307 3577 vis
1332 3522 1467 3593 ﬁeri,
1507 3520 1658 3577 alteri
1686 3538 1748 3575 ne

183 3613 340 3681 feceris
388 3613 552 3689 (Tob.
584 3630 659 3680 iv,
689 3616 764 3683 1).
824 3615 1085 3671 Dominus
1130 3630 1345 3687 quoque
1394 3624 1450 3671 et
1498 3615 1750 3672 Salvator

182 3716 346 3761 noster
369 3706 501 3763 dicit
533 3725 548 3761 :
586 3706 776 3762 Omnia
814 3724 1146 3779 quecumque
1165 3707 1319 3763 vultis
1348 3714 1404 3761 ut
1427 3709 1620 3779 faciant
1656 3723 1748 3762 vo-

156 3794 244 3853 bis
264 3801 514 3870 homines,
552 3801 629 3854 ita
657 3812 701 3856 et
722 3817 809 3856 vos
832 3802 984 3874 facite
1011 3802 1117 3856 illis
1142 3801 1378 3855 similiter
1406 3798 1624 3873 (Matth.
1653 3816 1747 3869 vn,

182 3890 277 3963 l2).
305 3893 473 3949 Nemo
504 3903 596 3950 est
625 3893 768 3949 enim
798 3893 889 3965 qui
918 3893 1019 3950 sibi
1048 3894 1249 3949 malum
1294 3902 1447 3965 optet
1476 3896 1545 3951 ab
1571 3893 1752 3965 aliquo

181 3982 298 4038 ﬁeri.
323 3985 418 4041 llle
466 4001 607 4057 ergo
648 3985 957 4057 proximum
986 4002 1141 4042 suum
1187 3996 1455 4058 tamquam
1487 4003 1548 4044 se
1578 3989 1752 4059 ipsum

180 4074 352 4147 diligit,
383 4081 474 4150 qui
505 4080 561 4135 ei
593 4093 700 4135 non
742 4081 870 4135 mali
916 4080 1142 4152 aliquid,
1171 4081 1294 4153 quia
1340 4096 1440 4137 nec
1486 4082 1612 4150 sibi,
1642 4081 1756 4136 vult

180 4167 311 4237 ﬁeri;
339 4173 432 4226 sed
463 4173 512 4228 si
544 4171 674 4244 quid
714 4173 865 4245 boni,
896 4184 1075 4244 prout
1103 4175 1218 4245 ipse
1247 4174 1316 4231 ab
1355 4175 1605 4231 omnibus
1635 4189 1757 4245 per-

178 4260 338 4329 cipere
364 4271 519 4334 optat
540 4272 597 4319 et
622 4267 905 4335 consequi,
938 4267 1172 4324 libenter
1198 4268 1472 4339 impertit;
1502 4269 1626 4339 quia
1648 4282 1754 4322 non

180 4350 271 4409 hoc
311 4354 492 4411 solum
546 4370 580 4410 a
618 4355 1236 4428 Christiano-quaeritur,
1286 4369 1344 4414 ut
1382 4360 1526 4416 malo
1552 4369 1754 4426 careat,

178 4448 261 4502 sed
290 4457 345 4503 ut
370 4459 635 4506 exerceat
662 4450 865 4506 bonum
900 4468 912 4503 :
942 4452 1033 4521 qui
1054 4452 1268 4508 etiamsi
1296 4452 1428 4508 nihil
1460 4454 1585 4509 mali
1615 4453 1760 4511 lece-

179 4539 242 4595 rit
267 4556 363 4598 nec
390 4543 547 4609 boni,
583 4551 761 4599 tamen
807 4543 873 4599 ad
922 4553 1140 4601 aeterna:
1168 4546 1295 4601 vitae
1326 4545 1605 4616 praemium
1650 4561 1756 4603 non

1849 3351 1955 3391 non
1988 3334 2259 3403 admittat,
2290 3348 2449 3405 quam
2506 3341 2563 3389 ut
2602 3333 2897 3389 bonitatem
2946 3342 3146 3401 teneat,
3175 3334 3437 3405 justitiam

1848 3436 2051 3495 servet,
2103 3427 2391 3498 puritatem
2438 3427 2640 3483 mentis
2668 3426 2959 3483 custodiat.
2993 3425 3123 3482 Esto
3152 3428 3436 3495 innocens,

1849 3523 1896 3578 si
1929 3521 2008 3576 vis
2035 3536 2157 3577 cum
2189 3521 2304 3577 Deo
2334 3521 2537 3576 vivere.
2564 3520 2695 3575 Esto
2725 3520 2986 3591 simplex,
3016 3521 3062 3576 si
3101 3521 3183 3577 vis
3217 3535 3443 3593 regnare

1850 3631 1971 3672 cum
2001 3614 2236 3671 Christo.
2268 3615 2410 3684 Quid
2441 3615 2534 3671 tibi
2567 3614 2791 3685 prodest
2820 3615 3045 3683 malitia,
3066 3632 3182 3687 qua:
3213 3616 3266 3672 in
3299 3632 3444 3672 mor-

1852 3718 1959 3765 tem
1986 3709 2187 3764 trahit?
2209 3709 2335 3781 quid
2356 3708 2619 3780 nequitia,
2649 3724 2766 3780 qua:
2799 3709 3049 3780 prohibet
3070 3726 3299 3782 regnare
3320 3726 3441 3768 cum

1853 3800 2093 3873 Christo,
2122 3817 2244 3873 quae
2294 3816 2353 3858 se
2399 3801 2687 3858 habentem
2720 3802 3088 3858 exterminat?
3116 3807 3256 3860 sicut
3312 3805 3447 3860 scri-

1854 3903 2004 3965 ptum
2035 3902 2120 3952 est
2155 3911 2170 3951 :
2200 3896 2389 3949 Anima
2416 3895 2551 3949 enim
2578 3911 2794 3964 nequam
2818 3896 3080 3966 disperdet
3107 3897 3195 3966 qui
3221 3913 3275 3952 se
3295 3898 3448 3952 habet

1856 3988 2048 4062 (Eccli.
2082 4004 2173 4058 vr,
2202 3986 2285 4058 4).
2332 3988 2386 4043 Si
2435 3987 2518 4044 vis
2546 3989 2751 4057 vivere,
2807 3989 2930 4044 audi
2964 3989 3286 4061 Prophetam
3317 3993 3448 4063 quid

1858 4082 2129 4153 loquitur;
2176 4081 2220 4135 si
2258 4095 2482 4151 regnum
2533 4081 2733 4136 Christi
2779 4081 2984 4151 diligis,
3022 4082 3147 4138 audi
3176 4084 3447 4155 quomodo

1859 4174 1991 4230 illud
2025 4172 2287 4229 merearis
2335 4173 2583 4244 adipisci.
2634 4173 2761 4240 Quis
2792 4183 2888 4238 est,
2921 4174 3110 4245 inquit,
3166 4176 3317 4231 homo
3359 4178 3451 4249 qui

1858 4268 1965 4323 vult
1994 4268 2172 4334 vitam,
2202 4276 2251 4320 et
2278 4269 2418 4336 cupit
2445 4267 2613 4320 videre
2644 4266 2751 4320 dies
2779 4267 2971 4320 bonos?
3002 4266 3190 4323 Cohibe
3218 4270 3449 4340 linguam

1862 4369 2005 4415 tuam
2032 4376 2063 4413 a
2090 4360 2250 4425 maio,
2280 4370 2326 4413 et
2354 4358 2489 4413 labia
2519 4368 2607 4413 tua
2634 4375 2695 4413 ne
2719 4359 2998 4429 loquantur
3019 4360 3214 4417 dolum.
3248 4361 3454 4417 Diverte

1861 4469 1894 4507 a
1922 4454 2083 4518 malo,
2113 4461 2159 4506 et
2186 4452 2269 4522 [ac
2309 4451 2537 4517 bonum;
2564 4452 2765 4522 inquire
2790 4469 2989 4524 pacem,
3016 4462 3063 4507 et
3088 4469 3296 4524 sequere
3341 4473 3452 4510 eam

1867 4543 1986 4614 (Ps.
2021 4559 2208 4611 xxxnt,
2250 4543 2457 4613 15-15).
2492 4542 2812 4613 Hujusmodi
2843 4543 2989 4599 enim
3030 4544 3275 4601 homines
3311 4546 3456 4603 Deus

178 4634 599 4705 admittitur,sed
628 4638 891 4710 gehennae
919 4638 1130 4709 ignibus
1156 4642 1512 4712 mancipatur,
1544 4643 1683 4699 sicut
1706 4643 1759 4699 in
1787 4662 1844 4725 Ῑ)
1869 4638 2102 4695 honorat
2127 4648 2182 4693 et
2206 4637 2401 4708 diligit,
2431 4636 2524 4709 qni
2564 4636 2764 4691 malum
2812 4637 3082 4705 nesciunt,
3113 4636 3207 4707 qui
3237 4642 3455 4695 mentiri

182 4724 470 4801 Evangelio
504 4731 795 4787 Dominum
823 4732 1026 4789 dixisse
1060 4733 1290 4805 legimus
1312 4736 1379 4792 de
1410 4736 1475 4792 iis
1505 4738 1598 4807 qui
1628 4735 1763 4793 nihil

179 4820 292 4877 mali
335 4822 585 4893 faciunt,
635 4840 736 4881 nec
775 4825 904 4880 boni
945 4834 1125 4883 tamen
1174 4827 1375 4898 aliquid
1424 4840 1761 4900 operantur:

182 4910 433 4971 Discedite
462 4933 498 4971 a
528 4933 632 4985 me,
660 4917 939 4984 maledicti,
980 4919 1032 4973 in
1062 4919 1232 4990 ignem
1256 4930 1531 4992 internum,
1565 4920 1593 4959 ι)
1616 4939 1767 4993 quem

182 5011 485 5080 preparavit
542 5010 701 5065 Pater
725 5027 868 5066 meus
895 5012 1100 5067 diabolo
1144 5022 1191 5067 et
1239 5014 1434 5083 angelis
1466 5017 1600 5088 ejus.
1634 5014 1769 5070 Esu-

181 5099 266 5152 rivi
300 5103 459 5167 enim,
497 5111 552 5158 et
596 5118 697 5157 non
748 5104 960 5159 dedistis
988 5105 1116 5159 mihi
1142 5105 1487 5173 manducare;
1538 5108 1693 5175 sitivi,
1720 5116 1769 5164 et

180 5208 273 5248 non
301 5194 530 5251 dedistis
562 5197 688 5251 mihi
720 5197 917 5264 bibere;
946 5199 1134 5268 hospes
1162 5200 1262 5270 fui,
1308 5208 1354 5255 et
1385 5217 1488 5256 non
1514 5204 1771 5274 suscepis~

182 5288 239 5341 tis
264 5304 378 5356 me;
409 5291 615 5358 nudus,
645 5300 691 5347 et
720 5308 822 5347 non
864 5294 1082 5348 vestistis
1132 5310 1244 5361 me;
1281 5295 1541 5366 inﬁrmus,
1572 5307 1619 5350 et
1667 5313 1771 5351 non

180 5379 419 5437 visitastis
447 5399 573 5452 me;
602 5384 656 5439 in
677 5400 905 5455 carcere,
935 5394 982 5440 et
1002 5402 1105 5441 non
1128 5386 1337 5442 venistis
1360 5388 1430 5441 ad
1450 5404 1530 5445 me
1551 5387 1768 5462 (Matth.

183 5485 303 5543 xxv,
329 5477 561 5549 41-45).
591 5475 708 5535 Non
738 5479 860 5551 quia
910 5479 1108 5537 malum
1150 5492 1459 5553 gesserunt,
1500 5482 1596 5540 sed
1647 5485 1771 5557 quia

254 5638 279 5667 ⁸
314 5638 408 5692 Sic
439 5653 589 5695 mss.
633 5639 802 5709 Alias,
833 5640 1162 5712 Sacriﬁcium
1206 5641 1380 5699 laudis
1420 5642 1776 5714 honoriﬁcavit

195 5852 263 5898 ter
287 5855 453 5901 vester
483 5846 727 5902 diabolus
752 5855 802 5902 et
830 5857 1022 5919 angeli.

480 5939 760 6002 Ριτιιοι..
803 5941 870 6002 L.

1867 4747 1975 4789 non
2004 4738 2228 4799 norunt,
2263 4745 2491 4801 quorum
2524 4729 2705 4784 dolum
2736 4727 2872 4784 labia
2903 4742 3012 4785 non
3051 4728 3371 4800 loquuntur,
3405 4731 3457 4787 in

1867 4828 2064 4897 quibus
2090 4840 2196 4880 non
2232 4825 2333 4880 nisi
2364 4823 2580 4880 bonitas
2606 4822 2818 4878 videtur
2844 4830 2897 4877 et
2929 4823 3159 4893 puritas.

1943 4919 2254 4976 lnnocentia
2281 4928 2364 4975 est
2392 4933 2512 4988 quae
2558 4932 2661 4972 nos
2692 4917 3043 4973 commendat
3085 4917 3219 4985 Deo,
3254 4918 3466 4988 simpli-

1871 5018 2007 5073 citas
2035 5025 2119 5073 est
2165 5029 2286 5085 quae
2313 5012 2459 5084 iacit
2499 5026 2725 5083 regnare
2755 5026 2881 5066 cum
2910 5010 3150 5067 Christo.
3177 5010 3465 5078 Quomodu

1874 5109 2022 5165 Deus
2061 5123 2167 5163 non
2198 5106 2303 5162 nisi
2351 5106 2676 5161 innocentes
2720 5104 2927 5174 diligat,
2978 5114 3033 5160 et
3056 5104 3156 5159 sibi
3188 5105 3318 5160 velit
3342 5121 3464 5160 esse

1874 5200 2221 5272 conjunctos,
2256 5195 2578 5254 testimoniis
2606 5196 2853 5266 plurimis
2881 5195 3208 5261 declaratur,
3243 5198 3379 5251 sicut
3411 5200 3463 5251 in

1875 5296 2108 5353 Psalmis
2136 5295 2397 5365 scriptum
2429 5303 2510 5349 est
2538 5310 2549 5345 :
2580 5288 2890 5346 Innocentes
2912 5298 2958 5344 et
2986 5291 3111 5344 recti
3137 5288 3465 5344 adhaeserunt

1878 5392 2002 5447 mihi
2032 5389 2151 5463 (Ps.
2179 5404 2327 5455 xXtv,
2358 5386 2475 5459 21).
2529 5386 2596 5441 Ει
2634 5386 2767 5441 alibi
2798 5384 3083 5439 mandatur
3122 5392 3176 5438 et
3227 5382 3462 5439 dicitur:

1882 5485 2099 5543 Custodi
2130 5483 2499 5552 innocentiam,
2531 5490 2579 5536 et
2608 5480 2723 5535 vide
2751 5480 3064 5551 aequitatem,
3089 5477 3331 5548 quoniam
3351 5486 3468 5533 sunt

1958 5657 1981 5686 °
2025 5644 2275 5701 Holsten.
2302 5651 2356 5699 et
2382 5657 2539 5708 mss.,
2570 5640 2786 5696 erudiri.

1958 5716 1985 5755 ά
2024 5716 2114 5773 Sic
2137 5716 2369 5787 legimus
2396 5707 2786 5769 cum'ﬂolsten.
2815 5709 2921 5767 Sed
2952 5707 3082 5765 edit.
3107 5708 3216 5764 BB.
3241 5708 3469 5781 quisquis

252 5741 283 5861 ἓ
320 5773 705 5861 Ηριειιξῃῃιξο
733 5783 949 5861 ot‘infra
971 5800 1104 5861 cap.
1134 5784 1222 5855 15,
1252 5800 1404 5857 quem
1438 5787 1642 5857 paravit
1686 5805 1784 5861 pa-
1886 5741 1985 5861 qui

1967 5869 1990 5897 ο
2032 5858 2276 5916 Holsteu.
2309 5863 2364 5913 et
2386 5855 2756 5925 mss.,.inquit.

2875 5947 2950 6007 13
