  <div class='ocr_page' id='page_1' title='image "/cluster/home/n/w/nwhite01/storage/ocr_20150623/50/hvd.32044015471550/203.png"; bbox 0 0 3976 6336; ppageno 0'>
   <div class='ocr_carea' id='block_1_1' title="bbox 530 327 638 390">
    <p class='ocr_par' dir='ltr' id='par_1_1' title="bbox 530 327 638 390">
     <span class='ocr_line' id='line_1_1' title="bbox 530 327 638 390; baseline -0.019 0"><span class='ocrx_word' id='word_1_1' title='bbox 530 327 638 390; x_wconf 76' lang='lat'><strong>395</strong></span> 
     </span>
    </p>
   </div>
   <div class='ocr_carea' id='block_1_2' title="bbox 530 535 2115 608">
    <p class='ocr_par' dir='ltr' id='par_1_2' title="bbox 530 535 2115 608">
     <span class='ocr_line' id='line_1_2' title="bbox 530 535 2115 608; baseline -0.003 -11"><span class='ocrx_word' id='word_1_2' title='bbox 530 542 779 600; x_wconf 74' lang='lat' dir='ltr'><strong>nocentia</strong></span> <span class='ocrx_word' id='word_1_3' title='bbox 825 540 1032 596; x_wconf 86' lang='lat' dir='ltr'><strong>homini</strong></span> <span class='ocrx_word' id='word_1_4' title='bbox 1087 547 1305 608; x_wconf 73' lang='lat' dir='ltr'><strong>prmstet</strong></span> <span class='ocrx_word' id='word_1_5' title='bbox 1350 546 1403 592; x_wconf 91' lang='lat' dir='ltr'><strong>et</strong></span> <span class='ocrx_word' id='word_1_6' title='bbox 1433 535 1700 606; x_wconf 85' lang='lat' dir='ltr'><strong>conferat,</strong></span> <span class='ocrx_word' id='word_1_7' title='bbox 1732 536 1945 592; x_wconf 89' lang='lat' dir='ltr'><strong>etiamsi</strong></span> <span class='ocrx_word' id='word_1_8' title='bbox 1990 550 2115 592; x_wconf 80' lang='lat' dir='ltr'><strong>sero</strong></span> 
     </span>
    </p>
   </div>
   <div class='ocr_carea' id='block_1_3' title="bbox 527 631 2112 705">
    <p class='ocr_par' dir='ltr' id='par_1_3' title="bbox 527 631 2112 705">
     <span class='ocr_line' id='line_1_3' title="bbox 527 631 2112 705; baseline -0.003 -15"><span class='ocrx_word' id='word_1_9' title='bbox 527 644 798 702; x_wconf 78' lang='lat' dir='ltr'><strong>servetur,</strong></span> <span class='ocrx_word' id='word_1_10' title='bbox 835 633 1118 705; x_wconf 82' lang='lat' dir='ltr'><strong>praphetae</strong></span> <span class='ocrx_word' id='word_1_11' title='bbox 1149 631 1314 687; x_wconf 84' lang='lat' dir='ltr'><strong>David</strong></span> <span class='ocrx_word' id='word_1_12' title='bbox 1345 631 1658 688; x_wconf 88' lang='lat' dir='ltr'><strong>testimonio</strong></span> <span class='ocrx_word' id='word_1_13' title='bbox 1685 631 2112 702; x_wconf 80' lang='lat' dir='ltr'><strong>comprobatur;</strong></span> 
     </span>
    </p>
   </div>
   <div class='ocr_carea' id='block_1_4' title="bbox 527 724 2116 802">
    <p class='ocr_par' dir='ltr' id='par_1_4' title="bbox 527 724 2116 802">
     <span class='ocr_line' id='line_1_4' title="bbox 527 724 2116 802; baseline -0.004 -16"><span class='ocrx_word' id='word_1_14' title='bbox 527 732 617 802; x_wconf 87' lang='lat' dir='ltr'><strong>qui</strong></span> <span class='ocrx_word' id='word_1_15' title='bbox 648 745 769 785; x_wconf 92' lang='lat' dir='ltr'><strong>cum</strong></span> <span class='ocrx_word' id='word_1_16' title='bbox 815 727 1048 800; x_wconf 73' lang='lat' dir='ltr'><strong>graviter</strong></span> <span class='ocrx_word' id='word_1_17' title='bbox 1075 732 1202 781; x_wconf 92' lang='lat' dir='ltr'><strong>ante</strong></span> <span class='ocrx_word' id='word_1_18' title='bbox 1244 733 1542 796; x_wconf 85' lang='lat' dir='ltr'><strong>peccasset,</strong></span> <span class='ocrx_word' id='word_1_19' title='bbox 1575 735 1766 796; x_wconf 89' lang='lat' dir='ltr'><strong>postea</strong></span> <span class='ocrx_word' id='word_1_20' title='bbox 1792 724 2024 796; x_wconf 89' lang='lat' dir='ltr'><strong>judicari</strong></span> <span class='ocrx_word' id='word_1_21' title='bbox 2055 738 2116 781; x_wconf 88' lang='lat' dir='ltr'><strong>se</strong></span> 
     </span>
    </p>
   </div>
   <div class='ocr_carea' id='block_1_5' title="bbox 527 817 2117 889">
    <p class='ocr_par' dir='ltr' id='par_1_5' title="bbox 527 817 2117 889">
     <span class='ocr_line' id='line_1_5' title="bbox 527 817 2117 889; baseline -0.003 -11"><span class='ocrx_word' id='word_1_22' title='bbox 527 840 634 878; x_wconf 88' lang='lat' dir='ltr'><strong>non</strong></span> <span class='ocrx_word' id='word_1_23' title='bbox 669 823 839 886; x_wconf 87' lang='lat' dir='ltr'><strong>timet,</strong></span> <span class='ocrx_word' id='word_1_24' title='bbox 871 835 938 877; x_wconf 80' lang='lat' dir='ltr'><strong>ex</strong></span> <span class='ocrx_word' id='word_1_25' title='bbox 977 835 1084 888; x_wconf 91' lang='lat' dir='ltr'><strong>quo</strong></span> <span class='ocrx_word' id='word_1_26' title='bbox 1132 819 1496 874; x_wconf 86' lang='lat' dir='ltr'><strong>innocentiam</strong></span> <span class='ocrx_word' id='word_1_27' title='bbox 1543 833 1705 874; x_wconf 88' lang='lat' dir='ltr'><strong>nosse</strong></span> <span class='ocrx_word' id='word_1_28' title='bbox 1750 817 1945 889; x_wconf 84' lang='lat' dir='ltr'><strong>coepit,</strong></span> <span class='ocrx_word' id='word_1_29' title='bbox 1974 817 2117 874; x_wconf 80' lang='lat' dir='ltr'><strong>sicut</strong></span> 
     </span>
    </p>
   </div>
   <div class='ocr_carea' id='block_1_6' title="bbox 525 911 2114 984">
    <p class='ocr_par' dir='ltr' id='par_1_6' title="bbox 525 911 2114 984">
     <span class='ocr_line' id='line_1_6' title="bbox 525 911 2114 984; baseline -0.003 -14"><span class='ocrx_word' id='word_1_30' title='bbox 525 918 640 984; x_wconf 85' lang='lat' dir='ltr'><strong>ipse</strong></span> <span class='ocrx_word' id='word_1_31' title='bbox 661 915 791 970; x_wconf 91' lang='lat' dir='ltr'><strong>dicit</strong></span> <span class='ocrx_word' id='word_1_32' title='bbox 819 911 1044 970; x_wconf 82' lang='lat' dir='ltr'><strong>:Judica</strong></span> <span class='ocrx_word' id='word_1_33' title='bbox 1068 928 1170 982; x_wconf 85' lang='lat' dir='ltr'><strong>me,</strong></span> <span class='ocrx_word' id='word_1_34' title='bbox 1200 912 1364 979; x_wconf 91' lang='lat' dir='ltr'><strong>Deus,</strong></span> <span class='ocrx_word' id='word_1_35' title='bbox 1397 911 1643 981; x_wconf 85' lang='lat' dir='ltr'><strong>quoniam</strong></span> <span class='ocrx_word' id='word_1_36' title='bbox 1665 927 1757 983; x_wconf 85' lang='lat' dir='ltr'><strong>ego</strong></span> <span class='ocrx_word' id='word_1_37' title='bbox 1781 912 1836 966; x_wconf 89' lang='lat' dir='ltr'><strong>in</strong></span> <span class='ocrx_word' id='word_1_38' title='bbox 1866 912 2114 966; x_wconf 85' lang='lat' dir='ltr'><strong>innocen-</strong></span> 
     </span>
    </p>
   </div>
   <div class='ocr_carea' id='block_1_7' title="bbox 523 997 2114 1077">
    <p class='ocr_par' dir='ltr' id='par_1_7' title="bbox 523 997 2114 1077">
     <span class='ocr_line' id='line_1_7' title="bbox 523 997 2114 1077; baseline -0.002 -14"><span class='ocrx_word' id='word_1_39' title='bbox 523 1009 597 1063; x_wconf 90' lang='lat' dir='ltr'><strong>tia</strong></span> <span class='ocrx_word' id='word_1_40' title='bbox 625 1023 739 1062; x_wconf 89' lang='lat' dir='ltr'><strong>mea</strong></span> <span class='ocrx_word' id='word_1_41' title='bbox 761 1009 1019 1077; x_wconf 85' lang='lat' dir='ltr'><strong>ingressus</strong></span> <span class='ocrx_word' id='word_1_42' title='bbox 1038 1022 1152 1060; x_wconf 88' lang='lat' dir='ltr'><strong>sum</strong></span> <span class='ocrx_word' id='word_1_43' title='bbox 1175 1004 1292 1077; x_wconf 89' lang='lat' dir='ltr'><strong>(Ps.</strong></span> <span class='ocrx_word' id='word_1_44' title='bbox 1323 1021 1450 1071; x_wconf 78' lang='lat' dir='ltr'><strong>xxv,</strong></span> <span class='ocrx_word' id='word_1_45' title='bbox 1482 1003 1558 1075; x_wconf 84' lang='lat'><strong>1).</strong></span> <span class='ocrx_word' id='word_1_46' title='bbox 1580 997 1985 1075; x_wconf 85' lang='lat' dir='ltr'><strong>Sciebatigitur</strong></span> <span class='ocrx_word' id='word_1_47' title='bbox 2009 1003 2114 1060; x_wconf 84' lang='lat' dir='ltr'><strong>sibi</strong></span> 
     </span>
    </p>
   </div>
   <div class='ocr_carea' id='block_1_8' title="bbox 520 1096 2114 1175">
    <p class='ocr_par' dir='ltr' id='par_1_8' title="bbox 520 1096 2114 1175">
     <span class='ocr_line' id='line_1_8' title="bbox 520 1096 2114 1175; baseline -0.004 -17"><span class='ocrx_word' id='word_1_48' title='bbox 520 1103 629 1175; x_wconf 82' lang='lat' dir='ltr'><strong>jam</strong></span> <span class='ocrx_word' id='word_1_49' title='bbox 661 1117 767 1157; x_wconf 94' lang='lat' dir='ltr'><strong>non</strong></span> <span class='ocrx_word' id='word_1_50' title='bbox 821 1099 1170 1157; x_wconf 87' lang='lat' dir='ltr'><strong>metuendum</strong></span> <span class='ocrx_word' id='word_1_51' title='bbox 1200 1113 1324 1158; x_wconf 87' lang='lat' dir='ltr'><strong>esse</strong></span> <span class='ocrx_word' id='word_1_52' title='bbox 1369 1097 1654 1167; x_wconf 89' lang='lat' dir='ltr'><strong>judicium,</strong></span> <span class='ocrx_word' id='word_1_53' title='bbox 1703 1096 1824 1167; x_wconf 88' lang='lat' dir='ltr'><strong>quia</strong></span> <span class='ocrx_word' id='word_1_54' title='bbox 1857 1099 2114 1152; x_wconf 84' lang='lat' dir='ltr'><strong>innocen-</strong></span> 
     </span>
    </p>
   </div>
   <div class='ocr_carea' id='block_1_9' title="bbox 523 1188 2114 1265">
    <p class='ocr_par' dir='ltr' id='par_1_9' title="bbox 523 1188 2114 1265">
     <span class='ocr_line' id='line_1_9' title="bbox 523 1188 2114 1265; baseline -0.004 -14"><span class='ocrx_word' id='word_1_55' title='bbox 523 1198 654 1252; x_wconf 88' lang='lat' dir='ltr'><strong>tiam</strong></span> <span class='ocrx_word' id='word_1_56' title='bbox 685 1196 772 1251; x_wconf 85' lang='lat' dir='ltr'><strong>vel</strong></span> <span class='ocrx_word' id='word_1_57' title='bbox 821 1210 946 1252; x_wconf 86' lang='lat' dir='ltr'><strong>sero</strong></span> <span class='ocrx_word' id='word_1_58' title='bbox 976 1202 1321 1265; x_wconf 78' lang='lat' dir='ltr'><strong>cognoverat.</strong></span> <span class='ocrx_word' id='word_1_59' title='bbox 1354 1193 1420 1248; x_wconf 87' lang='lat' dir='ltr'><strong>Et</strong></span> <span class='ocrx_word' id='word_1_60' title='bbox 1445 1191 1554 1248; x_wconf 89' lang='lat' dir='ltr'><strong>alio</strong></span> <span class='ocrx_word' id='word_1_61' title='bbox 1581 1191 1633 1248; x_wconf 92' lang='lat' dir='ltr'><strong>in</strong></span> <span class='ocrx_word' id='word_1_62' title='bbox 1661 1191 1781 1248; x_wconf 91' lang='lat' dir='ltr'><strong>loco</strong></span> <span class='ocrx_word' id='word_1_63' title='bbox 1811 1190 1943 1246; x_wconf 90' lang='lat' dir='ltr'><strong>dicit</strong></span> <span class='ocrx_word' id='word_1_64' title='bbox 1976 1209 1990 1246; x_wconf 90' lang='lat'><strong>:</strong></span> <span class='ocrx_word' id='word_1_65' title='bbox 2023 1188 2114 1245; x_wconf 77' lang='lat' dir='ltr'><strong>Me</strong></span> 
     </span>
    </p>
   </div>
   <div class='ocr_carea' id='block_1_10' title="bbox 520 1283 2114 1363">
    <p class='ocr_par' dir='ltr' id='par_1_10' title="bbox 520 1283 2114 1363">
     <span class='ocr_line' id='line_1_10' title="bbox 520 1283 2114 1363; baseline -0.006 -15"><span class='ocrx_word' id='word_1_66' title='bbox 520 1301 690 1348; x_wconf 90' lang='lat' dir='ltr'><strong>autem</strong></span> <span class='ocrx_word' id='word_1_67' title='bbox 715 1300 923 1363; x_wconf 81' lang='lat' dir='ltr'><strong>propter</strong></span> <span class='ocrx_word' id='word_1_68' title='bbox 941 1289 1284 1344; x_wconf 80' lang='lat' dir='ltr'><strong>innocentiam</strong></span> <span class='ocrx_word' id='word_1_69' title='bbox 1311 1286 1578 1358; x_wconf 76' lang='lat' dir='ltr'><strong>suscepisti</strong></span> <span class='ocrx_word' id='word_1_70' title='bbox 1596 1285 1717 1357; x_wconf 87' lang='lat' dir='ltr'><strong>(Ps.</strong></span> <span class='ocrx_word' id='word_1_71' title='bbox 1744 1301 1832 1353; x_wconf 79' lang='grc' dir='ltr'><strong>η,</strong></span> <span class='ocrx_word' id='word_1_72' title='bbox 1861 1283 2114 1356; x_wconf 70' lang='grc' dir='ltr'><strong>15).8υ8οο</strong></span> 
     </span>
    </p>
   </div>
   <div class='ocr_carea' id='block_1_11' title="bbox 519 1378 2108 1456">
    <p class='ocr_par' dir='ltr' id='par_1_11' title="bbox 519 1378 2108 1456">
     <span class='ocr_line' id='line_1_11' title="bbox 519 1378 2108 1456; baseline -0.006 -15"><span class='ocrx_word' id='word_1_73' title='bbox 519 1385 664 1456; x_wconf 88' lang='lat' dir='ltr'><strong>cepit</strong></span> <span class='ocrx_word' id='word_1_74' title='bbox 693 1382 1040 1455; x_wconf 89' lang='lat' dir='ltr'><strong>postmodum</strong></span> <span class='ocrx_word' id='word_1_75' title='bbox 1087 1392 1310 1451; x_wconf 85' lang='lat' dir='ltr'><strong>propter</strong></span> <span class='ocrx_word' id='word_1_76' title='bbox 1352 1378 1717 1435; x_wconf 91' lang='lat' dir='ltr'><strong>innocentiam</strong></span> <span class='ocrx_word' id='word_1_77' title='bbox 1752 1379 1914 1442; x_wconf 90' lang='lat' dir='ltr'><strong>Deus,</strong></span> <span class='ocrx_word' id='word_1_78' title='bbox 1946 1391 2108 1448; x_wconf 86' lang='lat' dir='ltr'><strong>quem</strong></span> 
     </span>
    </p>
   </div>
   <div class='ocr_carea' id='block_1_12' title="bbox 520 1471 2112 1550">
    <p class='ocr_par' dir='ltr' id='par_1_12' title="bbox 520 1471 2112 1550">
     <span class='ocr_line' id='line_1_12' title="bbox 520 1471 2112 1550; baseline -0.006 -15"><span class='ocrx_word' id='word_1_79' title='bbox 520 1487 742 1550; x_wconf 87' lang='lat' dir='ltr'><strong>propter</strong></span> <span class='ocrx_word' id='word_1_80' title='bbox 796 1475 1055 1533; x_wconf 77' lang='lat' dir='ltr'><strong>malitiam</strong></span> <span class='ocrx_word' id='word_1_81' title='bbox 1100 1485 1226 1529; x_wconf 86' lang='lat' dir='ltr'><strong>ante</strong></span> <span class='ocrx_word' id='word_1_82' title='bbox 1285 1473 1575 1543; x_wconf 86' lang='lat' dir='ltr'><strong>repulerat.</strong></span> <span class='ocrx_word' id='word_1_83' title='bbox 1610 1471 1930 1527; x_wconf 88' lang='lat' dir='ltr'><strong>Innocentes</strong></span> <span class='ocrx_word' id='word_1_84' title='bbox 1980 1484 2112 1526; x_wconf 91' lang='lat' dir='ltr'><strong>vero</strong></span> 
     </span>
    </p>
   </div>
   <div class='ocr_carea' id='block_1_13' title="bbox 519 1565 2110 1639">
    <p class='ocr_par' dir='ltr' id='par_1_13' title="bbox 519 1565 2110 1639">
     <span class='ocr_line' id='line_1_13' title="bbox 519 1565 2110 1639; baseline -0.007 -8"><span class='ocrx_word' id='word_1_85' title='bbox 519 1591 622 1631; x_wconf 90' lang='lat' dir='ltr'><strong>nec</strong></span> <span class='ocrx_word' id='word_1_86' title='bbox 649 1572 902 1630; x_wconf 88' lang='lat' dir='ltr'><strong>confundi</strong></span> <span class='ocrx_word' id='word_1_87' title='bbox 926 1586 1110 1628; x_wconf 90' lang='lat' dir='ltr'><strong>coram</strong></span> <span class='ocrx_word' id='word_1_88' title='bbox 1145 1571 1252 1625; x_wconf 90' lang='lat' dir='ltr'><strong>Deo</strong></span> <span class='ocrx_word' id='word_1_89' title='bbox 1276 1582 1454 1639; x_wconf 88' lang='lat' dir='ltr'><strong>posse,</strong></span> <span class='ocrx_word' id='word_1_90' title='bbox 1485 1565 1826 1624; x_wconf 86' lang='lat' dir='ltr'><strong>manifestum</strong></span> <span class='ocrx_word' id='word_1_91' title='bbox 1857 1572 1960 1633; x_wconf 89' lang='lat' dir='ltr'><strong>est,</strong></span> <span class='ocrx_word' id='word_1_92' title='bbox 1984 1580 2110 1622; x_wconf 91' lang='lat' dir='ltr'><strong>cum</strong></span> 
     </span>
    </p>
   </div>
   <div class='ocr_carea' id='block_1_14' title="bbox 519 1658 2106 1735">
    <p class='ocr_par' dir='ltr' id='par_1_14' title="bbox 519 1658 2106 1735">
     <span class='ocr_line' id='line_1_14' title="bbox 519 1658 2106 1735; baseline -0.008 -12"><span class='ocrx_word' id='word_1_93' title='bbox 519 1667 715 1725; x_wconf 89' lang='lat' dir='ltr'><strong>dicitur</strong></span> <span class='ocrx_word' id='word_1_94' title='bbox 749 1684 762 1721; x_wconf 90' lang='lat'>:</span> <span class='ocrx_word' id='word_1_95' title='bbox 798 1667 1004 1733; x_wconf 82' lang='lat' dir='ltr'><strong>Quanto</strong></span> <span class='ocrx_word' id='word_1_96' title='bbox 1032 1672 1257 1735; x_wconf 86' lang='lat' dir='ltr'><strong>tempore</strong></span> <span class='ocrx_word' id='word_1_97' title='bbox 1283 1662 1578 1716; x_wconf 76' lang='lat' dir='ltr'><strong>innocentes</strong></span> <span class='ocrx_word' id='word_1_98' title='bbox 1625 1658 1962 1715; x_wconf 87' lang='lat' dir='ltr'><strong>custodierint</strong></span> <span class='ocrx_word' id='word_1_99' title='bbox 1981 1661 2106 1728; x_wconf 87' lang='lat' dir='ltr'><strong>jus-</strong></span> 
     </span>
    </p>
   </div>
   <div class='ocr_carea' id='block_1_15' title="bbox 520 1753 2106 1829">
    <p class='ocr_par' dir='ltr' id='par_1_15' title="bbox 520 1753 2106 1829">
     <span class='ocr_line' id='line_1_15' title="bbox 520 1753 2106 1829; baseline -0.005 -14"><span class='ocrx_word' id='word_1_100' title='bbox 520 1763 708 1823; x_wconf 87' lang='lat' dir='ltr'><strong>titiam.</strong></span> <span class='ocrx_word' id='word_1_101' title='bbox 740 1777 841 1815; x_wconf 89' lang='lat' dir='ltr'><strong>non</strong></span> <span class='ocrx_word' id='word_1_102' title='bbox 887 1759 1269 1829; x_wconf 77' lang='lat' dir='ltr'><strong>confundentur</strong></span> <span class='ocrx_word' id='word_1_103' title='bbox 1313 1755 1496 1828; x_wconf 82' lang='lat' dir='ltr'><strong>(Prov.</strong></span> <span class='ocrx_word' id='word_1_104' title='bbox 1528 1770 1645 1822; x_wconf 79' lang='lat' dir='ltr'><strong>xm,</strong></span> <span class='ocrx_word' id='word_1_105' title='bbox 1673 1753 1752 1824; x_wconf 83' lang='lat'><strong>6).</strong></span> <span class='ocrx_word' id='word_1_106' title='bbox 1785 1753 1927 1809; x_wconf 86' lang='lat' dir='ltr'><strong>Nihil</strong></span> <span class='ocrx_word' id='word_1_107' title='bbox 1958 1753 2106 1808; x_wconf 92' lang='lat' dir='ltr'><strong>enim</strong></span> 
     </span>
    </p>
   </div>
   <div class='ocr_carea' id='block_1_16' title="bbox 1565 319 2751 384">
    <p class='ocr_par' dir='ltr' id='par_1_16' title="bbox 1565 319 2751 384">
     <span class='ocr_line' id='line_1_16' title="bbox 1565 319 2751 384; baseline -0.003 -2"><span class='ocrx_word' id='word_1_108' title='bbox 1565 323 1859 384; x_wconf 75' lang='lat' dir='ltr'><strong>FASTIDII</strong></span> <span class='ocrx_word' id='word_1_109' title='bbox 1902 321 2405 383; x_wconf 77' lang='lat' dir='ltr'><strong>BBITANNORUM</strong></span> <span class='ocrx_word' id='word_1_110' title='bbox 2447 319 2751 381; x_wconf 83' lang='lat' dir='ltr'><strong>EPISCOPI</strong></span> 
     </span>
    </p>
   </div>
   <div class='ocr_carea' id='block_1_17' title="bbox 527 435 2198 520">
    <p class='ocr_par' dir='ltr' id='par_1_17' title="bbox 527 435 2198 520">
     <span class='ocr_line' id='line_1_17' title="bbox 527 435 2198 520; baseline -0.007 -16"><span class='ocrx_word' id='word_1_111' title='bbox 527 446 760 520; x_wconf 66' lang='lat' dir='ltr'><strong>reliquias</strong></span> <span class='ocrx_word' id='word_1_112' title='bbox 787 446 986 502; x_wconf 73' lang='lat' dir='ltr'><strong>homini</strong></span> <span class='ocrx_word' id='word_1_113' title='bbox 1011 435 1228 514; x_wconf 76' lang='lat' dir='ltr'><strong>paci/ica</strong></span> <span class='ocrx_word' id='word_1_114' title='bbox 1251 440 1370 514; x_wconf 86' lang='lat' dir='ltr'><strong>(Ps.</strong></span> <span class='ocrx_word' id='word_1_115' title='bbox 1402 456 1588 509; x_wconf 81' lang='lat' dir='ltr'><strong>xxxvi,</strong></span> <span class='ocrx_word' id='word_1_116' title='bbox 1615 439 1726 513; x_wconf 81' lang='grc'><strong>57).</strong></span> <span class='ocrx_word' id='word_1_117' title='bbox 1749 439 2118 509; x_wconf 87' lang='lat' dir='ltr'><strong>Quantumin-</strong></span> <span class='ocrx_word' id='word_1_118' title='bbox 2141 439 2198 501; x_wconf 77' lang='grc' dir='ltr'><strong>Α</strong></span> 
     </span>
    </p>
   </div>
   <div class='ocr_carea' id='block_1_18' title="bbox 2829 437 3190 496">
    <p class='ocr_par' dir='ltr' id='par_1_18' title="bbox 2829 437 3190 496">
     <span class='ocr_line' id='line_1_18' title="bbox 2829 437 3190 496; baseline 0.003 -1"><span class='ocrx_word' id='word_1_119' title='bbox 2829 437 3056 496; x_wconf 82' lang='lat' dir='ltr'><strong>CAPUT</strong></span> <span class='ocrx_word' id='word_1_120' title='bbox 3093 438 3190 496; x_wconf 83' lang='lat' dir='ltr'><strong>XI.</strong></span> 
     </span>
    </p>
   </div>
   <div class='ocr_carea' id='block_1_19' title="bbox 2507 531 3517 606">
    <p class='ocr_par' dir='ltr' id='par_1_19' title="bbox 2507 531 3517 606">
     <span class='ocr_line' id='line_1_19' title="bbox 2507 531 3517 606; baseline 0.009 -18"><span class='ocrx_word' id='word_1_121' title='bbox 2507 534 2743 602; x_wconf 82' lang='lat' dir='ltr'><strong>Quorum</strong></span> <span class='ocrx_word' id='word_1_122' title='bbox 2765 549 2939 606; x_wconf 88' lang='lat' dir='ltr'><strong>preces</strong></span> <span class='ocrx_word' id='word_1_123' title='bbox 2969 531 3112 591; x_wconf 82' lang='lat' dir='ltr'><strong>Deus</strong></span> <span class='ocrx_word' id='word_1_124' title='bbox 3134 549 3238 590; x_wconf 91' lang='lat' dir='ltr'><strong>non</strong></span> <span class='ocrx_word' id='word_1_125' title='bbox 3261 536 3517 597; x_wconf 70' lang='lat' dir='ltr'><strong>exaudiat.</strong></span> 
     </span>
    </p>
   </div>
   <div class='ocr_carea' id='block_1_20' title="bbox 2288 627 3751 706">
    <p class='ocr_par' dir='ltr' id='par_1_20' title="bbox 2288 627 3751 706">
     <span class='ocr_line' id='line_1_20' title="bbox 2288 627 3751 706; baseline 0.012 -21"><span class='ocrx_word' id='word_1_126' title='bbox 2288 628 2426 685; x_wconf 87' lang='lat' dir='ltr'><strong>Nam</strong></span> <span class='ocrx_word' id='word_1_127' title='bbox 2455 627 2482 668; x_wconf 71' lang='grc' dir='ltr'><strong>ι)</strong></span> <span class='ocrx_word' id='word_1_128' title='bbox 2513 637 2567 684; x_wconf 86' lang='grc' dir='ltr'><strong>ιιι</strong></span> <span class='ocrx_word' id='word_1_129' title='bbox 2598 629 2752 684; x_wconf 91' lang='lat' dir='ltr'><strong>illum</strong></span> <span class='ocrx_word' id='word_1_130' title='bbox 2799 627 3166 684; x_wconf 81' lang='lat' dir='ltr'><strong>Christianum</strong></span> <span class='ocrx_word' id='word_1_131' title='bbox 3201 636 3372 699; x_wconf 86' lang='lat' dir='ltr'><strong>putas,</strong></span> <span class='ocrx_word' id='word_1_132' title='bbox 3404 633 3453 688; x_wconf 89' lang='lat' dir='ltr'><strong>in</strong></span> <span class='ocrx_word' id='word_1_133' title='bbox 3480 650 3581 706; x_wconf 90' lang='lat' dir='ltr'><strong>quo</strong></span> <span class='ocrx_word' id='word_1_134' title='bbox 3603 643 3751 704; x_wconf 79' lang='lat' dir='ltr'><strong>nullos</strong></span> 
     </span>
    </p>
   </div>
   <div class='ocr_carea' id='block_1_21' title="bbox 2219 720 3754 796">
    <p class='ocr_par' dir='ltr' id='par_1_21' title="bbox 2219 720 3754 796">
     <span class='ocr_line' id='line_1_21' title="bbox 2219 720 3754 796; baseline 0.012 -19"><span class='ocrx_word' id='word_1_135' title='bbox 2219 720 2646 779; x_wconf 75' lang='lat' dir='ltr'><strong>Christianitatis</strong></span> <span class='ocrx_word' id='word_1_136' title='bbox 2675 731 2761 778; x_wconf 92' lang='lat' dir='ltr'><strong>est</strong></span> <span class='ocrx_word' id='word_1_137' title='bbox 2788 732 2979 790; x_wconf 86' lang='lat' dir='ltr'><strong>actus,</strong></span> <span class='ocrx_word' id='word_1_138' title='bbox 3031 720 3085 778; x_wconf 92' lang='lat' dir='ltr'><strong>iu</strong></span> <span class='ocrx_word' id='word_1_139' title='bbox 3124 737 3233 793; x_wconf 91' lang='lat' dir='ltr'><strong>quo</strong></span> <span class='ocrx_word' id='word_1_140' title='bbox 3272 731 3593 787; x_wconf 78' lang='lat' dir='ltr'><strong>conversatio</strong></span> <span class='ocrx_word' id='word_1_141' title='bbox 3633 739 3754 796; x_wconf 82' lang='lat' dir='ltr'><strong>nulla</strong></span> 
     </span>
    </p>
   </div>
   <div class='ocr_carea' id='block_1_22' title="bbox 2212 816 3754 890">
    <p class='ocr_par' dir='ltr' id='par_1_22' title="bbox 2212 816 3754 890">
     <span class='ocr_line' id='line_1_22' title="bbox 2212 816 3754 890; baseline 0.012 -21"><span class='ocrx_word' id='word_1_142' title='bbox 2212 816 2438 888; x_wconf 69' lang='lat' dir='ltr'><strong>justitias</strong></span> <span class='ocrx_word' id='word_1_143' title='bbox 2467 826 2570 884; x_wconf 89' lang='lat' dir='ltr'><strong>est,</strong></span> <span class='ocrx_word' id='word_1_144' title='bbox 2619 816 2715 874; x_wconf 88' lang='lat' dir='ltr'><strong>sed</strong></span> <span class='ocrx_word' id='word_1_145' title='bbox 2745 817 3005 886; x_wconf 85' lang='lat' dir='ltr'><strong>nequitia,</strong></span> <span class='ocrx_word' id='word_1_146' title='bbox 3037 816 3286 888; x_wconf 81' lang='lat' dir='ltr'><strong>impietas</strong></span> <span class='ocrx_word' id='word_1_147' title='bbox 3313 827 3368 875; x_wconf 90' lang='lat' dir='ltr'><strong>et</strong></span> <span class='ocrx_word' id='word_1_148' title='bbox 3399 824 3601 880; x_wconf 77' lang='lat' dir='ltr'><strong>seclusi</strong></span> <span class='ocrx_word' id='word_1_149' title='bbox 3625 829 3754 890; x_wconf 88' lang='lat' dir='ltr'><strong>illum</strong></span> 
     </span>
    </p>
   </div>
   <div class='ocr_carea' id='block_1_23' title="bbox 2216 908 3758 992">
    <p class='ocr_par' dir='ltr' id='par_1_23' title="bbox 2216 908 3758 992">
     <span class='ocr_line' id='line_1_23' title="bbox 2216 908 3758 992; baseline 0 -24"><span class='ocrx_word' id='word_1_150' title='bbox 2216 908 2587 968; x_wconf 88' lang='lat' dir='ltr'><strong>Christianum</strong></span> <span class='ocrx_word' id='word_1_151' title='bbox 2619 921 2798 982; x_wconf 88' lang='lat' dir='ltr'><strong>putas,</strong></span> <span class='ocrx_word' id='word_1_152' title='bbox 2841 913 2932 982; x_wconf 90' lang='lat' dir='ltr'><strong>qui</strong></span> <span class='ocrx_word' id='word_1_153' title='bbox 2959 912 3216 981; x_wconf 89' lang='lat' dir='ltr'><strong>opprimit</strong></span> <span class='ocrx_word' id='word_1_154' title='bbox 3243 912 3515 982; x_wconf 87' lang='lat' dir='ltr'><strong>miserum,</strong></span> <span class='ocrx_word' id='word_1_155' title='bbox 3544 920 3628 990; x_wconf 87' lang='lat' dir='ltr'><strong>qui</strong></span> <span class='ocrx_word' id='word_1_156' title='bbox 3651 938 3758 992; x_wconf 70' lang='lat' dir='ltr'><strong>pan.</strong></span> 
     </span>
    </p>
   </div>
   <div class='ocr_carea' id='block_1_24' title="bbox 2217 1004 3758 1079">
    <p class='ocr_par' dir='ltr' id='par_1_24' title="bbox 2217 1004 3758 1079">
     <span class='ocr_line' id='line_1_24' title="bbox 2217 1004 3758 1079; baseline 0.008 -19"><span class='ocrx_word' id='word_1_157' title='bbox 2217 1020 2401 1075; x_wconf 90' lang='lat' dir='ltr'><strong>perem</strong></span> <span class='ocrx_word' id='word_1_158' title='bbox 2429 1014 2635 1076; x_wconf 87' lang='lat' dir='ltr'><strong>gravat,</strong></span> <span class='ocrx_word' id='word_1_159' title='bbox 2667 1006 2758 1076; x_wconf 90' lang='lat' dir='ltr'><strong>qui</strong></span> <span class='ocrx_word' id='word_1_160' title='bbox 2789 1018 2879 1062; x_wconf 86' lang='lat' dir='ltr'><strong>res</strong></span> <span class='ocrx_word' id='word_1_161' title='bbox 2903 1004 3237 1075; x_wconf 74' lang='lat' dir='ltr'><strong>concupiscit</strong></span> <span class='ocrx_word' id='word_1_162' title='bbox 3262 1006 3482 1077; x_wconf 83' lang='lat' dir='ltr'><strong>alienas,</strong></span> <span class='ocrx_word' id='word_1_163' title='bbox 3512 1011 3599 1079; x_wconf 92' lang='lat' dir='ltr'><strong>qui</strong></span> <span class='ocrx_word' id='word_1_164' title='bbox 3637 1024 3689 1069; x_wconf 89' lang='lat' dir='ltr'><strong>ut</strong></span> <span class='ocrx_word' id='word_1_165' title='bbox 3709 1029 3758 1073; x_wconf 85' lang='lat' dir='ltr'><strong>se</strong></span> 
     </span>
    </p>
   </div>
   <div class='ocr_carea' id='block_1_25' title="bbox 2217 1097 3758 1171">
    <p class='ocr_par' dir='ltr' id='par_1_25' title="bbox 2217 1097 3758 1171">
     <span class='ocr_line' id='line_1_25' title="bbox 2217 1097 3758 1171; baseline 0.006 -18"><span class='ocrx_word' id='word_1_166' title='bbox 2217 1097 2442 1154; x_wconf 88' lang='lat' dir='ltr'><strong>divitem</strong></span> <span class='ocrx_word' id='word_1_167' title='bbox 2476 1099 2660 1166; x_wconf 86' lang='lat' dir='ltr'><strong>faciat,</strong></span> <span class='ocrx_word' id='word_1_168' title='bbox 2695 1097 2882 1168; x_wconf 82' lang='lat' dir='ltr'><strong>plures</strong></span> <span class='ocrx_word' id='word_1_169' title='bbox 2913 1097 3083 1153; x_wconf 83' lang='lat' dir='ltr'><strong>efﬁcit</strong></span> <span class='ocrx_word' id='word_1_170' title='bbox 3135 1097 3456 1168; x_wconf 67' lang='lat' dir='ltr'><strong>indigentes,</strong></span> <span class='ocrx_word' id='word_1_171' title='bbox 3497 1102 3583 1171; x_wconf 89' lang='lat' dir='ltr'><strong>qui</strong></span> <span class='ocrx_word' id='word_1_172' title='bbox 3619 1103 3758 1163; x_wconf 87' lang='lat' dir='ltr'><strong>lucris</strong></span> 
     </span>
    </p>
   </div>
   <div class='ocr_carea' id='block_1_26' title="bbox 2215 1191 3755 1270">
    <p class='ocr_par' dir='ltr' id='par_1_26' title="bbox 2215 1191 3755 1270">
     <span class='ocr_line' id='line_1_26' title="bbox 2215 1191 3755 1270; baseline 0.004 -22"><span class='ocrx_word' id='word_1_173' title='bbox 2215 1191 2414 1268; x_wconf 87' lang='lat' dir='ltr'><strong>gaudet</strong></span> <span class='ocrx_word' id='word_1_174' title='bbox 2443 1193 2679 1263; x_wconf 86' lang='lat' dir='ltr'><strong>injustis,</strong></span> <span class='ocrx_word' id='word_1_175' title='bbox 2711 1193 2805 1263; x_wconf 91' lang='lat' dir='ltr'><strong>qui</strong></span> <span class='ocrx_word' id='word_1_176' title='bbox 2827 1191 2898 1248; x_wconf 90' lang='lat' dir='ltr'><strong>de</strong></span> <span class='ocrx_word' id='word_1_177' title='bbox 2923 1191 3114 1248; x_wconf 87' lang='lat' dir='ltr'><strong>alienis</strong></span> <span class='ocrx_word' id='word_1_178' title='bbox 3141 1191 3394 1264; x_wconf 84' lang='lat' dir='ltr'><strong>lacrymis</strong></span> <span class='ocrx_word' id='word_1_179' title='bbox 3433 1194 3599 1252; x_wconf 85' lang='lat' dir='ltr'><strong>cibum</strong></span> <span class='ocrx_word' id='word_1_180' title='bbox 3621 1200 3755 1270; x_wconf 85' lang='lat' dir='ltr'><strong>capit,</strong></span> 
     </span>
    </p>
   </div>
   <div class='ocr_carea' id='block_1_27' title="bbox 2215 1283 3762 1359">
    <p class='ocr_par' dir='ltr' id='par_1_27' title="bbox 2215 1283 3762 1359">
     <span class='ocr_line' id='line_1_27' title="bbox 2215 1283 3762 1359; baseline 0.002 -16"><span class='ocrx_word' id='word_1_181' title='bbox 2215 1288 2308 1359; x_wconf 92' lang='lat' dir='ltr'><strong>qui</strong></span> <span class='ocrx_word' id='word_1_182' title='bbox 2357 1287 2676 1343; x_wconf 87' lang='lat' dir='ltr'><strong>miserorum</strong></span> <span class='ocrx_word' id='word_1_183' title='bbox 2730 1285 2931 1342; x_wconf 85' lang='lat' dir='ltr'><strong>ditatur</strong></span> <span class='ocrx_word' id='word_1_184' title='bbox 2980 1284 3222 1351; x_wconf 90' lang='lat' dir='ltr'><strong>interitu,</strong></span> <span class='ocrx_word' id='word_1_185' title='bbox 3273 1283 3426 1354; x_wconf 89' lang='lat' dir='ltr'><strong>cujus</strong></span> <span class='ocrx_word' id='word_1_186' title='bbox 3473 1301 3532 1341; x_wconf 90' lang='lat' dir='ltr'><strong>os</strong></span> <span class='ocrx_word' id='word_1_187' title='bbox 3575 1290 3762 1347; x_wconf 86' lang='lat' dir='ltr'><strong>assidue</strong></span> 
     </span>
    </p>
   </div>
   <div class='ocr_carea' id='block_1_28' title="bbox 2217 1376 3763 1453">
    <p class='ocr_par' dir='ltr' id='par_1_28' title="bbox 2217 1376 3763 1453">
     <span class='ocr_line' id='line_1_28' title="bbox 2217 1376 3763 1453; baseline 0.003 -18"><span class='ocrx_word' id='word_1_188' title='bbox 2217 1379 2503 1437; x_wconf 85' lang='lat' dir='ltr'><strong>mendacio</strong></span> <span class='ocrx_word' id='word_1_189' title='bbox 2553 1378 2808 1446; x_wconf 85' lang='lat' dir='ltr'><strong>violatur,</strong></span> <span class='ocrx_word' id='word_1_190' title='bbox 2841 1376 2997 1448; x_wconf 89' lang='lat' dir='ltr'><strong>cujus</strong></span> <span class='ocrx_word' id='word_1_191' title='bbox 3027 1377 3164 1433; x_wconf 83' lang='lat' dir='ltr'><strong>labia</strong></span> <span class='ocrx_word' id='word_1_192' title='bbox 3210 1392 3318 1432; x_wconf 89' lang='lat' dir='ltr'><strong>non</strong></span> <span class='ocrx_word' id='word_1_193' title='bbox 3349 1379 3449 1433; x_wconf 86' lang='lat' dir='ltr'><strong>nisi</strong></span> <span class='ocrx_word' id='word_1_194' title='bbox 3501 1378 3696 1453; x_wconf 84' lang='lat' dir='ltr'><strong>indigna</strong></span> <span class='ocrx_word' id='word_1_195' title='bbox 3718 1392 3763 1440; x_wconf 83' lang='lat' dir='ltr'><strong>et</strong></span> 
     </span>
    </p>
   </div>
   <div class='ocr_carea' id='block_1_29' title="bbox 2217 1472 3765 1546">
    <p class='ocr_par' dir='ltr' id='par_1_29' title="bbox 2217 1472 3765 1546">
     <span class='ocr_line' id='line_1_29' title="bbox 2217 1472 3765 1546; baseline 0.001 -15"><span class='ocrx_word' id='word_1_196' title='bbox 2217 1475 2451 1532; x_wconf 85' lang='lat' dir='ltr'><strong>obscena</strong></span> <span class='ocrx_word' id='word_1_197' title='bbox 2482 1482 2538 1530; x_wconf 91' lang='lat' dir='ltr'><strong>et</strong></span> <span class='ocrx_word' id='word_1_198' title='bbox 2564 1473 2793 1530; x_wconf 85' lang='lat' dir='ltr'><strong>scelesta</strong></span> <span class='ocrx_word' id='word_1_199' title='bbox 2822 1472 3118 1543; x_wconf 90' lang='lat' dir='ltr'><strong>loquuntur</strong></span> <span class='ocrx_word' id='word_1_200' title='bbox 3143 1482 3200 1528; x_wconf 88' lang='lat' dir='ltr'><strong>et</strong></span> <span class='ocrx_word' id='word_1_201' title='bbox 3221 1473 3418 1542; x_wconf 89' lang='lat' dir='ltr'><strong>turpia,</strong></span> <span class='ocrx_word' id='word_1_202' title='bbox 3449 1474 3534 1530; x_wconf 92' lang='lat' dir='ltr'><strong>cui</strong></span> <span class='ocrx_word' id='word_1_203' title='bbox 3561 1490 3673 1532; x_wconf 88' lang='lat' dir='ltr'><strong>cum</strong></span> <span class='ocrx_word' id='word_1_204' title='bbox 3695 1477 3765 1546; x_wconf 87' lang='lat' dir='ltr'><strong>ju-</strong></span> 
     </span>
    </p>
   </div>
   <div class='ocr_carea' id='block_1_30' title="bbox 2215 1565 3765 1631">
    <p class='ocr_par' dir='ltr' id='par_1_30' title="bbox 2215 1565 3765 1631">
     <span class='ocr_line' id='line_1_30' title="bbox 2215 1565 3765 1631; baseline 0.001 -7"><span class='ocrx_word' id='word_1_205' title='bbox 2215 1569 2406 1624; x_wconf 88' lang='lat' dir='ltr'><strong>beatur</strong></span> <span class='ocrx_word' id='word_1_206' title='bbox 2436 1566 2766 1624; x_wconf 86' lang='lat' dir='ltr'><strong>distribuere</strong></span> <span class='ocrx_word' id='word_1_207' title='bbox 2792 1579 2913 1631; x_wconf 91' lang='lat' dir='ltr'><strong>sua,</strong></span> <span class='ocrx_word' id='word_1_208' title='bbox 2947 1565 3152 1621; x_wconf 84' lang='lat' dir='ltr'><strong>invadit</strong></span> <span class='ocrx_word' id='word_1_209' title='bbox 3181 1566 3396 1621; x_wconf 82' lang='lat' dir='ltr'><strong>aliena?</strong></span> <span class='ocrx_word' id='word_1_210' title='bbox 3425 1565 3492 1623; x_wconf 81' lang='lat' dir='ltr'><strong>Et</strong></span> <span class='ocrx_word' id='word_1_211' title='bbox 3532 1567 3596 1623; x_wconf 85' lang='lat' dir='ltr'><strong>ad</strong></span> <span class='ocrx_word' id='word_1_212' title='bbox 3618 1571 3765 1626; x_wconf 88' lang='lat' dir='ltr'><strong>eccle-</strong></span> 
     </span>
    </p>
   </div>
   <div class='ocr_carea' id='block_1_31' title="bbox 2215 1651 3766 1730">
    <p class='ocr_par' dir='ltr' id='par_1_31' title="bbox 2215 1651 3766 1730">
     <span class='ocr_line' id='line_1_31' title="bbox 2215 1651 3766 1730; baseline 0.003 -14"><span class='ocrx_word' id='word_1_213' title='bbox 2215 1662 2352 1717; x_wconf 84' lang='lat' dir='ltr'><strong>siam</strong></span> <span class='ocrx_word' id='word_1_214' title='bbox 2378 1651 2792 1718; x_wconf 47' lang='lat' dir='ltr'><strong>talis&#39;audenter</strong></span> <span class='ocrx_word' id='word_1_215' title='bbox 2821 1657 3051 1724; x_wconf 88' lang='lat' dir='ltr'><strong>accedit,</strong></span> <span class='ocrx_word' id='word_1_216' title='bbox 3079 1666 3136 1716; x_wconf 88' lang='lat' dir='ltr'><strong>et</strong></span> <span class='ocrx_word' id='word_1_217' title='bbox 3160 1667 3366 1715; x_wconf 89' lang='lat' dir='ltr'><strong>temere</strong></span> <span class='ocrx_word' id='word_1_218' title='bbox 3390 1668 3444 1714; x_wconf 91' lang='lat' dir='ltr'><strong>et</strong></span> <span class='ocrx_word' id='word_1_219' title='bbox 3495 1661 3766 1730; x_wconf 82' lang='lat' dir='ltr'><strong>importune</strong></span> 
     </span>
    </p>
   </div>
   <div class='ocr_carea' id='block_1_32' title="bbox 2215 1752 3766 1828">
    <p class='ocr_par' dir='ltr' id='par_1_32' title="bbox 2215 1752 3766 1828">
     <span class='ocr_line' id='line_1_32' title="bbox 2215 1752 3766 1828; baseline -0.001 -16"><span class='ocrx_word' id='word_1_220' title='bbox 2215 1755 2474 1828; x_wconf 84' lang='lat' dir='ltr'><strong>expandit</strong></span> <span class='ocrx_word' id='word_1_221' title='bbox 2525 1753 2720 1825; x_wconf 88' lang='lat' dir='ltr'><strong>impias</strong></span> <span class='ocrx_word' id='word_1_222' title='bbox 2765 1768 2960 1810; x_wconf 88' lang='lat' dir='ltr'><strong>manus</strong></span> <span class='ocrx_word' id='word_1_223' title='bbox 3007 1752 3192 1809; x_wconf 89' lang='lat' dir='ltr'><strong>illicito</strong></span> <span class='ocrx_word' id='word_1_224' title='bbox 3240 1758 3396 1822; x_wconf 85' lang='lat' dir='ltr'><strong>raptu</strong></span> <span class='ocrx_word' id='word_1_225' title='bbox 3423 1760 3480 1808; x_wconf 89' lang='lat' dir='ltr'><strong>et</strong></span> <span class='ocrx_word' id='word_1_226' title='bbox 3505 1753 3766 1811; x_wconf 82' lang='lat' dir='ltr'><strong>insontium</strong></span> 
     </span>
    </p>
   </div>
   <div class='ocr_carea' id='block_1_33' title="bbox 518 1845 3766 1922">
    <p class='ocr_par' dir='ltr' id='par_1_33' title="bbox 518 1845 3766 1922">
     <span class='ocr_line' id='line_1_33' title="bbox 518 1845 3766 1922; baseline -0.001 -14"><span class='ocrx_word' id='word_1_227' title='bbox 518 1852 631 1909; x_wconf 91' lang='lat' dir='ltr'><strong>Deo</strong></span> <span class='ocrx_word' id='word_1_228' title='bbox 679 1853 918 1921; x_wconf 84' lang='lat' dir='ltr'><strong>dignius,</strong></span> <span class='ocrx_word' id='word_1_229' title='bbox 973 1851 1108 1906; x_wconf 81' lang='lat' dir='ltr'><strong>nihil</strong></span> <span class='ocrx_word' id='word_1_230' title='bbox 1153 1850 1372 1904; x_wconf 75' lang='lat' dir='ltr'><strong>citatius</strong></span> <span class='ocrx_word' id='word_1_231' title='bbox 1421 1863 1543 1904; x_wconf 80' lang='lat' dir='ltr'><strong>esse</strong></span> <span class='ocrx_word' id='word_1_232' title='bbox 1589 1856 1791 1918; x_wconf 75' lang='lat' dir='ltr'><strong>potest,</strong></span> <span class='ocrx_word' id='word_1_233' title='bbox 1838 1860 1999 1917; x_wconf 83' lang='lat' dir='ltr'><strong>quam</strong></span> <span class='ocrx_word' id='word_1_234' title='bbox 2050 1855 2109 1900; x_wconf 80' lang='grc' dir='ltr'><strong>ιιι</strong></span> <span class='ocrx_word' id='word_1_235' title='bbox 2136 1845 2187 1908; x_wconf 88' lang='grc' dir='ltr'><strong>Β</strong></span> <span class='ocrx_word' id='word_1_236' title='bbox 2213 1864 2408 1907; x_wconf 84' lang='lat' dir='ltr'><strong>cruore</strong></span> <span class='ocrx_word' id='word_1_237' title='bbox 2449 1850 2699 1921; x_wconf 85' lang='lat' dir='ltr'><strong>violatas,</strong></span> <span class='ocrx_word' id='word_1_238' title='bbox 2731 1858 2787 1906; x_wconf 89' lang='lat' dir='ltr'><strong>et</strong></span> <span class='ocrx_word' id='word_1_239' title='bbox 2828 1865 2924 1907; x_wconf 90' lang='lat' dir='ltr'><strong>ore</strong></span> <span class='ocrx_word' id='word_1_240' title='bbox 2964 1849 3062 1906; x_wconf 89' lang='lat' dir='ltr'><strong>illo</strong></span> <span class='ocrx_word' id='word_1_241' title='bbox 3087 1849 3295 1920; x_wconf 87' lang='lat' dir='ltr'><strong>polluto</strong></span> <span class='ocrx_word' id='word_1_242' title='bbox 3324 1857 3483 1920; x_wconf 88' lang='lat' dir='ltr'><strong>atque</strong></span> <span class='ocrx_word' id='word_1_243' title='bbox 3511 1850 3766 1922; x_wconf 81' lang='lat' dir='ltr'><strong>sacrilego,</strong></span> 
     </span>
    </p>
   </div>
   <div class='ocr_carea' id='block_1_34' title="bbox 516 1940 2105 2010">
    <p class='ocr_par' dir='ltr' id='par_1_34' title="bbox 516 1940 2105 2010">
     <span class='ocr_line' id='line_1_34' title="bbox 516 1940 2105 2010; baseline -0.004 -8"><span class='ocrx_word' id='word_1_244' title='bbox 516 1947 824 2004; x_wconf 87' lang='lat' dir='ltr'><strong>innocentia</strong></span> <span class='ocrx_word' id='word_1_245' title='bbox 855 1955 966 2002; x_wconf 91' lang='lat' dir='ltr'><strong>tota</strong></span> <span class='ocrx_word' id='word_1_246' title='bbox 1003 1944 1388 2000; x_wconf 85' lang='lat' dir='ltr'><strong>observatione</strong></span> <span class='ocrx_word' id='word_1_247' title='bbox 1415 1950 1686 1998; x_wconf 86' lang='lat' dir='ltr'><strong>teneatur.</strong></span> <span class='ocrx_word' id='word_1_248' title='bbox 1719 1941 1872 1996; x_wconf 86' lang='lat' dir='ltr'><strong>Licet</strong></span> <span class='ocrx_word' id='word_1_249' title='bbox 1899 1940 2020 2010; x_wconf 86' lang='lat' dir='ltr'><strong>quis</strong></span> <span class='ocrx_word' id='word_1_250' title='bbox 2051 1940 2105 1995; x_wconf 92' lang='lat' dir='ltr'><strong>in</strong></span> 
     </span>
    </p>
   </div>
   <div class='ocr_carea' id='block_1_35' title="bbox 516 2032 2104 2110">
    <p class='ocr_par' dir='ltr' id='par_1_35' title="bbox 516 2032 2104 2110">
     <span class='ocr_line' id='line_1_35' title="bbox 516 2032 2104 2110; baseline -0.006 -15"><span class='ocrx_word' id='word_1_251' title='bbox 516 2041 637 2095; x_wconf 90' lang='lat' dir='ltr'><strong>aliis</strong></span> <span class='ocrx_word' id='word_1_252' title='bbox 652 2039 903 2110; x_wconf 81' lang='lat' dir='ltr'><strong>Operibus</strong></span> <span class='ocrx_word' id='word_1_253' title='bbox 921 2038 1147 2094; x_wconf 90' lang='lat' dir='ltr'><strong>devotus</strong></span> <span class='ocrx_word' id='word_1_254' title='bbox 1163 2035 1494 2106; x_wconf 87' lang='lat' dir='ltr'><strong>appareat,si</strong></span> <span class='ocrx_word' id='word_1_255' title='bbox 1525 2035 1669 2090; x_wconf 90' lang='lat' dir='ltr'><strong>illam</strong></span> <span class='ocrx_word' id='word_1_256' title='bbox 1696 2049 1800 2088; x_wconf 88' lang='lat' dir='ltr'><strong>non</strong></span> <span class='ocrx_word' id='word_1_257' title='bbox 1833 2032 2104 2097; x_wconf 88' lang='lat' dir='ltr'><strong>habuerit,</strong></span> 
     </span>
    </p>
   </div>
   <div class='ocr_carea' id='block_1_36' title="bbox 515 2124 2107 2190">
    <p class='ocr_par' dir='ltr' id='par_1_36' title="bbox 515 2124 2107 2190">
     <span class='ocr_line' id='line_1_36' title="bbox 515 2124 2107 2190; baseline -0.006 -2"><span class='ocrx_word' id='word_1_258' title='bbox 515 2132 619 2190; x_wconf 88' lang='lat' dir='ltr'><strong>sibi</strong></span> <span class='ocrx_word' id='word_1_259' title='bbox 633 2132 828 2188; x_wconf 78' lang='lat' dir='ltr'><strong>frustra</strong></span> <span class='ocrx_word' id='word_1_260' title='bbox 847 2131 1119 2187; x_wconf 86' lang='lat' dir='ltr'><strong>blanditur</strong></span> <span class='ocrx_word' id='word_1_261' title='bbox 1133 2129 1200 2186; x_wconf 90' lang='lat' dir='ltr'><strong>de</strong></span> <span class='ocrx_word' id='word_1_262' title='bbox 1213 2143 1307 2184; x_wconf 88' lang='lat' dir='ltr'><strong>sua</strong></span> <span class='ocrx_word' id='word_1_263' title='bbox 1321 2129 1631 2184; x_wconf 84' lang='lat' dir='ltr'><strong>devotione.</strong></span> <span class='ocrx_word' id='word_1_264' title='bbox 1648 2127 1704 2182; x_wconf 88' lang='lat' dir='ltr'><strong>Si</strong></span> <span class='ocrx_word' id='word_1_265' title='bbox 1729 2127 1875 2182; x_wconf 90' lang='lat' dir='ltr'><strong>illam</strong></span> <span class='ocrx_word' id='word_1_266' title='bbox 1899 2124 2107 2181; x_wconf 82' lang='lat' dir='ltr'><strong>Judaeis</strong></span> 
     </span>
    </p>
   </div>
   <div class='ocr_carea' id='block_1_37' title="bbox 515 2219 2109 2293">
    <p class='ocr_par' dir='ltr' id='par_1_37' title="bbox 515 2219 2109 2293">
     <span class='ocr_line' id='line_1_37' title="bbox 515 2219 2109 2293; baseline -0.004 -13"><span class='ocrx_word' id='word_1_267' title='bbox 515 2223 678 2281; x_wconf 86' lang='lat' dir='ltr'><strong>etiam</strong></span> <span class='ocrx_word' id='word_1_268' title='bbox 692 2224 791 2280; x_wconf 87' lang='lat' dir='ltr'><strong>sub</strong></span> <span class='ocrx_word' id='word_1_269' title='bbox 805 2224 979 2280; x_wconf 88' lang='lat' dir='ltr'><strong>veteri</strong></span> <span class='ocrx_word' id='word_1_270' title='bbox 994 2223 1110 2293; x_wconf 90' lang='lat' dir='ltr'><strong>lege</strong></span> <span class='ocrx_word' id='word_1_271' title='bbox 1121 2220 1688 2293; x_wconf 82' lang='lat' dir='ltr'><strong>degentibus,quando</strong></span> <span class='ocrx_word' id='word_1_272' title='bbox 1701 2219 1878 2275; x_wconf 85' lang='lat' dir='ltr'><strong>adhuc</strong></span> <span class='ocrx_word' id='word_1_273' title='bbox 1892 2219 1998 2274; x_wconf 91' lang='lat' dir='ltr'><strong>illis</strong></span> <span class='ocrx_word' id='word_1_274' title='bbox 2011 2219 2109 2273; x_wconf 88' lang='lat' dir='ltr'><strong>ini-</strong></span> 
     </span>
    </p>
   </div>
   <div class='ocr_carea' id='block_1_38' title="bbox 514 2309 2106 2385">
    <p class='ocr_par' dir='ltr' id='par_1_38' title="bbox 514 2309 2106 2385">
     <span class='ocr_line' id='line_1_38' title="bbox 514 2309 2106 2385; baseline -0.004 -12"><span class='ocrx_word' id='word_1_275' title='bbox 514 2318 715 2373; x_wconf 90' lang='lat' dir='ltr'><strong>micum</strong></span> <span class='ocrx_word' id='word_1_276' title='bbox 738 2317 932 2373; x_wconf 81' lang='lat' dir='ltr'><strong>licebat</strong></span> <span class='ocrx_word' id='word_1_277' title='bbox 955 2315 1156 2382; x_wconf 90' lang='lat' dir='ltr'><strong>odisse,</strong></span> <span class='ocrx_word' id='word_1_278' title='bbox 1173 2316 1470 2372; x_wconf 87' lang='lat' dir='ltr'><strong>observare</strong></span> <span class='ocrx_word' id='word_1_279' title='bbox 1490 2324 1818 2385; x_wconf 64' lang='lat' dir='ltr'><strong>praeceptum</strong></span> <span class='ocrx_word' id='word_1_280' title='bbox 1837 2321 1951 2377; x_wconf 87' lang='lat' dir='ltr'><strong>est;</strong></span> <span class='ocrx_word' id='word_1_281' title='bbox 1977 2309 2106 2381; x_wconf 88' lang='lat' dir='ltr'><strong>quid</strong></span> 
     </span>
    </p>
   </div>
   <div class='ocr_carea' id='block_1_39' title="bbox 515 2406 2103 2482">
    <p class='ocr_par' dir='ltr' id='par_1_39' title="bbox 515 2406 2103 2482">
     <span class='ocr_line' id='line_1_39' title="bbox 515 2406 2103 2482; baseline -0.004 -15"><span class='ocrx_word' id='word_1_282' title='bbox 515 2421 570 2468; x_wconf 90' lang='lat' dir='ltr'><strong>te</strong></span> <span class='ocrx_word' id='word_1_283' title='bbox 598 2426 742 2467; x_wconf 90' lang='lat' dir='ltr'><strong>nunc</strong></span> <span class='ocrx_word' id='word_1_284' title='bbox 768 2424 928 2482; x_wconf 90' lang='lat' dir='ltr'><strong>agere</strong></span> <span class='ocrx_word' id='word_1_285' title='bbox 952 2409 1206 2466; x_wconf 89' lang='lat' dir='ltr'><strong>convenit</strong></span> <span class='ocrx_word' id='word_1_286' title='bbox 1235 2408 1630 2473; x_wconf 86' lang='lat' dir='ltr'><strong>Christianum,</strong></span> <span class='ocrx_word' id='word_1_287' title='bbox 1680 2407 1774 2478; x_wconf 92' lang='lat' dir='ltr'><strong>qui</strong></span> <span class='ocrx_word' id='word_1_288' title='bbox 1821 2406 2103 2462; x_wconf 89' lang='lat' dir='ltr'><strong>inimicum</strong></span> 
     </span>
    </p>
   </div>
   <div class='ocr_carea' id='block_1_40' title="bbox 514 2497 2106 2576">
    <p class='ocr_par' dir='ltr' id='par_1_40' title="bbox 514 2497 2106 2576">
     <span class='ocr_line' id='line_1_40' title="bbox 514 2497 2106 2576; baseline -0.005 -16"><span class='ocrx_word' id='word_1_289' title='bbox 514 2514 664 2560; x_wconf 91' lang='lat' dir='ltr'><strong>tuum</strong></span> <span class='ocrx_word' id='word_1_290' title='bbox 679 2503 888 2576; x_wconf 86' lang='lat' dir='ltr'><strong>juberis</strong></span> <span class='ocrx_word' id='word_1_291' title='bbox 906 2517 1090 2560; x_wconf 87' lang='lat' dir='ltr'><strong>amare</strong></span> <span class='ocrx_word' id='word_1_292' title='bbox 1111 2501 1328 2574; x_wconf 80' lang='lat' dir='ltr'><strong>(Matth.</strong></span> <span class='ocrx_word' id='word_1_293' title='bbox 1355 2519 1406 2567; x_wconf 82' lang='grc' dir='ltr'><strong>ν,</strong></span> <span class='ocrx_word' id='word_1_294' title='bbox 1437 2499 1570 2572; x_wconf 68' lang='lat'><strong>44)?</strong></span> <span class='ocrx_word' id='word_1_295' title='bbox 1592 2499 1820 2568; x_wconf 82' lang='lat' dir='ltr'><strong>Quando</strong></span> <span class='ocrx_word' id='word_1_296' title='bbox 1853 2499 1998 2554; x_wconf 92' lang='lat' dir='ltr'><strong>enim</strong></span> <span class='ocrx_word' id='word_1_297' title='bbox 2022 2497 2106 2553; x_wconf 87' lang='lat' dir='ltr'><strong>in-</strong></span> 
     </span>
    </p>
   </div>
   <div class='ocr_carea' id='block_1_41' title="bbox 515 2591 2107 2665">
    <p class='ocr_par' dir='ltr' id='par_1_41' title="bbox 515 2591 2107 2665">
     <span class='ocr_line' id='line_1_41' title="bbox 515 2591 2107 2665; baseline -0.004 -11"><span class='ocrx_word' id='word_1_298' title='bbox 515 2611 719 2654; x_wconf 88' lang='lat' dir='ltr'><strong>nocens</strong></span> <span class='ocrx_word' id='word_1_299' title='bbox 732 2612 837 2654; x_wconf 94' lang='lat' dir='ltr'><strong>non</strong></span> <span class='ocrx_word' id='word_1_300' title='bbox 857 2598 987 2664; x_wconf 86' lang='lat' dir='ltr'><strong>eris,</strong></span> <span class='ocrx_word' id='word_1_301' title='bbox 1003 2597 1089 2653; x_wconf 91' lang='lat' dir='ltr'><strong>vel</strong></span> <span class='ocrx_word' id='word_1_302' title='bbox 1106 2595 1326 2652; x_wconf 87' lang='lat' dir='ltr'><strong>euiesse</strong></span> <span class='ocrx_word' id='word_1_303' title='bbox 1341 2595 1544 2665; x_wconf 88' lang='lat' dir='ltr'><strong>poteris</strong></span> <span class='ocrx_word' id='word_1_304' title='bbox 1563 2592 1858 2664; x_wconf 89' lang='lat' dir='ltr'><strong>malus,qui</strong></span> <span class='ocrx_word' id='word_1_305' title='bbox 1871 2591 2107 2648; x_wconf 86' lang='lat' dir='ltr'><strong>inimicis</strong></span> 
     </span>
    </p>
   </div>
   <div class='ocr_carea' id='block_1_42' title="bbox 513 2686 2104 2762">
    <p class='ocr_par' dir='ltr' id='par_1_42' title="bbox 513 2686 2104 2762">
     <span class='ocr_line' id='line_1_42' title="bbox 513 2686 2104 2762; baseline -0.004 -15"><span class='ocrx_word' id='word_1_306' title='bbox 513 2691 829 2762; x_wconf 65' lang='lat' dir='ltr'><strong>praeciperis</strong></span> <span class='ocrx_word' id='word_1_307' title='bbox 861 2705 984 2748; x_wconf 85' lang='lat' dir='ltr'><strong>esse</strong></span> <span class='ocrx_word' id='word_1_308' title='bbox 1013 2689 1218 2747; x_wconf 81' lang='lat' dir='ltr'><strong>bonus?</strong></span> <span class='ocrx_word' id='word_1_309' title='bbox 1244 2687 1351 2744; x_wconf 89' lang='lat' dir='ltr'><strong>Sed</strong></span> <span class='ocrx_word' id='word_1_310' title='bbox 1384 2695 1442 2744; x_wconf 91' lang='lat' dir='ltr'><strong>tu</strong></span> <span class='ocrx_word' id='word_1_311' title='bbox 1469 2686 1695 2744; x_wconf 79' lang='lat' dir='ltr'><strong>forsitan</strong></span> <span class='ocrx_word' id='word_1_312' title='bbox 1720 2695 1776 2742; x_wconf 90' lang='lat' dir='ltr'><strong>et</strong></span> <span class='ocrx_word' id='word_1_313' title='bbox 1798 2687 2104 2756; x_wconf 79' lang='lat' dir='ltr'><strong>proximum</strong></span> 
     </span>
    </p>
   </div>
   <div class='ocr_carea' id='block_1_43' title="bbox 512 2775 2102 2851">
    <p class='ocr_par' dir='ltr' id='par_1_43' title="bbox 512 2775 2102 2851">
     <span class='ocr_line' id='line_1_43' title="bbox 512 2775 2102 2851; baseline -0.006 -11"><span class='ocrx_word' id='word_1_314' title='bbox 512 2783 656 2851; x_wconf 89' lang='lat' dir='ltr'><strong>odis,</strong></span> <span class='ocrx_word' id='word_1_315' title='bbox 688 2783 776 2840; x_wconf 91' lang='lat' dir='ltr'><strong>cui</strong></span> <span class='ocrx_word' id='word_1_316' title='bbox 825 2797 926 2838; x_wconf 91' lang='lat' dir='ltr'><strong>nec</strong></span> <span class='ocrx_word' id='word_1_317' title='bbox 975 2788 1261 2837; x_wconf 80' lang='lat' dir='ltr'><strong>externum</strong></span> <span class='ocrx_word' id='word_1_318' title='bbox 1292 2779 1475 2834; x_wconf 89' lang='lat' dir='ltr'><strong>odisse</strong></span> <span class='ocrx_word' id='word_1_319' title='bbox 1524 2777 1878 2843; x_wconf 87' lang='lat' dir='ltr'><strong>conceditur;</strong></span> <span class='ocrx_word' id='word_1_320' title='bbox 1908 2786 1962 2834; x_wconf 88' lang='lat' dir='ltr'><strong>et</strong></span> <span class='ocrx_word' id='word_1_321' title='bbox 1995 2775 2102 2832; x_wconf 89' lang='lat' dir='ltr'><strong>fra-</strong></span> 
     </span>
    </p>
   </div>
   <div class='ocr_carea' id='block_1_44' title="bbox 513 2871 2101 2946">
    <p class='ocr_par' dir='ltr' id='par_1_44' title="bbox 513 2871 2101 2946">
     <span class='ocr_line' id='line_1_44' title="bbox 513 2871 2101 2946; baseline -0.003 -15"><span class='ocrx_word' id='word_1_322' title='bbox 513 2885 652 2932; x_wconf 85' lang='lat' dir='ltr'><strong>trem</strong></span> <span class='ocrx_word' id='word_1_323' title='bbox 692 2874 1054 2946; x_wconf 87' lang='lat' dir='ltr'><strong>persequeris,</strong></span> <span class='ocrx_word' id='word_1_324' title='bbox 1088 2873 1180 2943; x_wconf 89' lang='lat' dir='ltr'><strong>qui</strong></span> <span class='ocrx_word' id='word_1_325' title='bbox 1220 2887 1403 2929; x_wconf 84' lang='lat' dir='ltr'><strong>amare</strong></span> <span class='ocrx_word' id='word_1_326' title='bbox 1434 2871 1744 2943; x_wconf 75' lang='lat' dir='ltr'><strong>praeciperis</strong></span> <span class='ocrx_word' id='word_1_327' title='bbox 1791 2871 2101 2932; x_wconf 83' lang='lat' dir='ltr'><strong>inimicum;</strong></span> 
     </span>
    </p>
   </div>
   <div class='ocr_carea' id='block_1_45' title="bbox 513 2963 2106 3036">
    <p class='ocr_par' dir='ltr' id='par_1_45' title="bbox 513 2963 2106 3036">
     <span class='ocr_line' id='line_1_45' title="bbox 513 2963 2106 3036; baseline -0.004 -12"><span class='ocrx_word' id='word_1_328' title='bbox 513 2977 570 3024; x_wconf 93' lang='lat' dir='ltr'><strong>et</strong></span> <span class='ocrx_word' id='word_1_329' title='bbox 594 2967 964 3024; x_wconf 89' lang='lat' dir='ltr'><strong>Christianum</strong></span> <span class='ocrx_word' id='word_1_330' title='bbox 989 2976 1041 3023; x_wconf 90' lang='lat' dir='ltr'><strong>te</strong></span> <span class='ocrx_word' id='word_1_331' title='bbox 1065 2979 1189 3022; x_wconf 87' lang='lat' dir='ltr'><strong>esse</strong></span> <span class='ocrx_word' id='word_1_332' title='bbox 1224 2964 1428 3032; x_wconf 88' lang='lat' dir='ltr'><strong>credis,</strong></span> <span class='ocrx_word' id='word_1_333' title='bbox 1468 2967 1556 3036; x_wconf 88' lang='lat' dir='ltr'><strong>qui</strong></span> <span class='ocrx_word' id='word_1_334' title='bbox 1587 2979 1688 3021; x_wconf 92' lang='lat' dir='ltr'><strong>nec</strong></span> <span class='ocrx_word' id='word_1_335' title='bbox 1724 2963 1849 3020; x_wconf 89' lang='lat' dir='ltr'><strong>novi</strong></span> <span class='ocrx_word' id='word_1_336' title='bbox 1880 2977 1980 3020; x_wconf 86' lang='lat' dir='ltr'><strong>nec</strong></span> <span class='ocrx_word' id='word_1_337' title='bbox 2009 2977 2106 3018; x_wconf 86' lang='lat' dir='ltr'><strong>ve-</strong></span> 
     </span>
    </p>
   </div>
   <div class='ocr_carea' id='block_1_46' title="bbox 517 3055 2105 3129">
    <p class='ocr_par' dir='ltr' id='par_1_46' title="bbox 517 3055 2105 3129">
     <span class='ocr_line' id='line_1_46' title="bbox 517 3055 2105 3129; baseline -0.004 -11"><span class='ocrx_word' id='word_1_338' title='bbox 517 3062 649 3118; x_wconf 84' lang='lat' dir='ltr'><strong>teris</strong></span> <span class='ocrx_word' id='word_1_339' title='bbox 691 3061 1026 3118; x_wconf 87' lang='lat' dir='ltr'><strong>Testamenti</strong></span> <span class='ocrx_word' id='word_1_340' title='bbox 1078 3066 1348 3129; x_wconf 85' lang='lat' dir='ltr'><strong>praecepta</strong></span> <span class='ocrx_word' id='word_1_341' title='bbox 1392 3058 1680 3114; x_wconf 73' lang='lat' dir='ltr'><strong>custodis?</strong></span> <span class='ocrx_word' id='word_1_342' title='bbox 1709 3056 1815 3114; x_wconf 90' lang='lat' dir='ltr'><strong>Sed</strong></span> <span class='ocrx_word' id='word_1_343' title='bbox 1864 3073 1932 3113; x_wconf 92' lang='lat' dir='ltr'><strong>ne</strong></span> <span class='ocrx_word' id='word_1_344' title='bbox 1981 3055 2105 3112; x_wconf 91' lang='lat' dir='ltr'><strong>sine</strong></span> 
     </span>
    </p>
   </div>
   <div class='ocr_carea' id='block_1_47' title="bbox 515 3149 2104 3212">
    <p class='ocr_par' dir='ltr' id='par_1_47' title="bbox 515 3149 2104 3212">
     <span class='ocr_line' id='line_1_47' title="bbox 515 3149 2104 3212; baseline -0.006 0"><span class='ocrx_word' id='word_1_345' title='bbox 515 3170 677 3212; x_wconf 84' lang='lat' dir='ltr'><strong>causa</strong></span> <span class='ocrx_word' id='word_1_346' title='bbox 709 3163 760 3210; x_wconf 90' lang='lat' dir='ltr'><strong>te</strong></span> <span class='ocrx_word' id='word_1_347' title='bbox 794 3153 1161 3211; x_wconf 87' lang='lat' dir='ltr'><strong>Christianum</strong></span> <span class='ocrx_word' id='word_1_348' title='bbox 1189 3154 1426 3208; x_wconf 64' lang='lat' dir='ltr'><strong>aestimes</strong></span> <span class='ocrx_word' id='word_1_349' title='bbox 1451 3160 1506 3208; x_wconf 92' lang='lat' dir='ltr'><strong>et</strong></span> <span class='ocrx_word' id='word_1_350' title='bbox 1528 3151 1596 3207; x_wconf 89' lang='lat' dir='ltr'><strong>de</strong></span> <span class='ocrx_word' id='word_1_351' title='bbox 1626 3152 1745 3206; x_wconf 91' lang='lat' dir='ltr'><strong>solo</strong></span> <span class='ocrx_word' id='word_1_352' title='bbox 1765 3150 1858 3207; x_wconf 87' lang='lat' dir='ltr'><strong>tibi</strong></span> <span class='ocrx_word' id='word_1_353' title='bbox 1886 3149 2104 3205; x_wconf 90' lang='lat' dir='ltr'><strong>nomine</strong></span> 
     </span>
    </p>
   </div>
   <div class='ocr_carea' id='block_1_48' title="bbox 516 3241 2180 3316">
    <p class='ocr_par' dir='ltr' id='par_1_48' title="bbox 516 3241 2180 3316">
     <span class='ocr_line' id='line_1_48' title="bbox 516 3241 2180 3316; baseline -0.004 -13"><span class='ocrx_word' id='word_1_354' title='bbox 516 3246 833 3316; x_wconf 85' lang='lat' dir='ltr'><strong>blandiaris,</strong></span> <span class='ocrx_word' id='word_1_355' title='bbox 863 3247 1078 3316; x_wconf 89' lang='lat' dir='ltr'><strong>qualem</strong></span> <span class='ocrx_word' id='word_1_356' title='bbox 1107 3255 1158 3301; x_wconf 93' lang='lat' dir='ltr'><strong>te</strong></span> <span class='ocrx_word' id='word_1_357' title='bbox 1189 3260 1310 3302; x_wconf 87' lang='lat' dir='ltr'><strong>esse</strong></span> <span class='ocrx_word' id='word_1_358' title='bbox 1340 3252 1588 3314; x_wconf 89' lang='lat' dir='ltr'><strong>oporteat</strong></span> <span class='ocrx_word' id='word_1_359' title='bbox 1613 3242 1933 3314; x_wconf 83' lang='lat' dir='ltr'><strong>Apostolum</strong></span> <span class='ocrx_word' id='word_1_360' title='bbox 1977 3241 2102 3297; x_wconf 89' lang='lat' dir='ltr'><strong>audi</strong></span> <span class='ocrx_word' id='word_1_361' title='bbox 2131 3241 2180 3307; x_wconf 85' lang='lat' dir='ltr'>C</span> 
     </span>
    </p>
   </div>
   <div class='ocr_carea' id='block_1_49' title="bbox 517 3335 2106 3410">
    <p class='ocr_par' dir='ltr' id='par_1_49' title="bbox 517 3335 2106 3410">
     <span class='ocr_line' id='line_1_49' title="bbox 517 3335 2106 3410; baseline -0.004 -14"><span class='ocrx_word' id='word_1_362' title='bbox 517 3341 786 3396; x_wconf 89' lang='lat' dir='ltr'><strong>dicentem</strong></span> <span class='ocrx_word' id='word_1_363' title='bbox 813 3355 832 3393; x_wconf 89' lang='lat'><strong><em>:</em></strong></span> <span class='ocrx_word' id='word_1_364' title='bbox 861 3339 962 3406; x_wconf 84' lang='lat' dir='ltr'><strong>Qui</strong></span> <span class='ocrx_word' id='word_1_365' title='bbox 995 3339 1266 3410; x_wconf 78' lang='lat' dir='ltr'><strong>furabatur</strong></span> <span class='ocrx_word' id='word_1_366' title='bbox 1291 3381 1307 3405; x_wconf 94' lang='lat'><strong>,</strong></span> <span class='ocrx_word' id='word_1_367' title='bbox 1354 3339 1471 3408; x_wconf 87' lang='lat' dir='ltr'><strong>jam</strong></span> <span class='ocrx_word' id='word_1_368' title='bbox 1517 3352 1620 3392; x_wconf 90' lang='lat' dir='ltr'><strong>non</strong></span> <span class='ocrx_word' id='word_1_369' title='bbox 1665 3340 1905 3405; x_wconf 76' lang='lat' dir='ltr'><strong>foretur;</strong></span> <span class='ocrx_word' id='word_1_370' title='bbox 1941 3335 2106 3404; x_wconf 87' lang='lat' dir='ltr'><strong>magis</strong></span> 
     </span>
    </p>
   </div>
   <div class='ocr_carea' id='block_1_50' title="bbox 517 3429 2102 3503">
    <p class='ocr_par' dir='ltr' id='par_1_50' title="bbox 517 3429 2102 3503">
     <span class='ocr_line' id='line_1_50' title="bbox 517 3429 2102 3503; baseline -0.006 -13"><span class='ocrx_word' id='word_1_371' title='bbox 517 3444 691 3491; x_wconf 88' lang='lat' dir='ltr'><strong>autem</strong></span> <span class='ocrx_word' id='word_1_372' title='bbox 717 3433 910 3489; x_wconf 89' lang='lat' dir='ltr'><strong>laboret</strong></span> <span class='ocrx_word' id='word_1_373' title='bbox 943 3433 1208 3503; x_wconf 86' lang='lat' dir='ltr'><strong>operando</strong></span> <span class='ocrx_word' id='word_1_374' title='bbox 1239 3433 1474 3487; x_wconf 85' lang='lat' dir='ltr'><strong>manibus</strong></span> <span class='ocrx_word' id='word_1_375' title='bbox 1500 3430 1606 3486; x_wconf 84' lang='lat' dir='ltr'><strong>suis</strong></span> <span class='ocrx_word' id='word_1_376' title='bbox 1631 3430 1771 3501; x_wconf 88' lang='lat' dir='ltr'><strong>quod</strong></span> <span class='ocrx_word' id='word_1_377' title='bbox 1793 3429 1979 3484; x_wconf 84' lang='lat' dir='ltr'><strong>bonum</strong></span> <span class='ocrx_word' id='word_1_378' title='bbox 2007 3436 2102 3494; x_wconf 90' lang='lat' dir='ltr'><strong>est,</strong></span> 
     </span>
    </p>
   </div>
   <div class='ocr_carea' id='block_1_51' title="bbox 517 3516 2107 3592">
    <p class='ocr_par' dir='ltr' id='par_1_51' title="bbox 517 3516 2107 3592">
     <span class='ocr_line' id='line_1_51' title="bbox 517 3516 2107 3592; baseline -0.005 -10"><span class='ocrx_word' id='word_1_379' title='bbox 517 3538 572 3582; x_wconf 87' lang='lat' dir='ltr'><strong>ut</strong></span> <span class='ocrx_word' id='word_1_380' title='bbox 621 3527 804 3582; x_wconf 84' lang='lat' dir='ltr'><strong>habeat</strong></span> <span class='ocrx_word' id='word_1_381' title='bbox 845 3525 984 3581; x_wconf 83' lang='lat' dir='ltr'><strong>unde</strong></span> <span class='ocrx_word' id='word_1_382' title='bbox 1015 3527 1205 3581; x_wconf 82' lang='lat' dir='ltr'><strong>tribuat</strong></span> <span class='ocrx_word' id='word_1_383' title='bbox 1251 3516 1600 3580; x_wconf 81' lang='lat' dir='ltr'><strong>necessitatem</strong></span> <span class='ocrx_word' id='word_1_384' title='bbox 1649 3521 1882 3592; x_wconf 79' lang='lat' dir='ltr'><strong>patienti.</strong></span> <span class='ocrx_word' id='word_1_385' title='bbox 1925 3520 2107 3576; x_wconf 85' lang='lat' dir='ltr'><strong>Omnis</strong></span> 
     </span>
    </p>
   </div>
   <div class='ocr_carea' id='block_1_52' title="bbox 516 3612 2107 3687">
    <p class='ocr_par' dir='ltr' id='par_1_52' title="bbox 516 3612 2107 3687">
     <span class='ocr_line' id='line_1_52' title="bbox 516 3612 2107 3687; baseline -0.006 -11"><span class='ocrx_word' id='word_1_386' title='bbox 516 3637 685 3678; x_wconf 85' lang='lat' dir='ltr'><strong>sermo</strong></span> <span class='ocrx_word' id='word_1_387' title='bbox 716 3621 885 3675; x_wconf 90' lang='lat' dir='ltr'><strong>malus</strong></span> <span class='ocrx_word' id='word_1_388' title='bbox 912 3619 975 3674; x_wconf 89' lang='lat' dir='ltr'><strong>de</strong></span> <span class='ocrx_word' id='word_1_389' title='bbox 1004 3634 1092 3674; x_wconf 88' lang='lat' dir='ltr'><strong>ore</strong></span> <span class='ocrx_word' id='word_1_390' title='bbox 1122 3630 1286 3674; x_wconf 90' lang='lat' dir='ltr'><strong>vestro</strong></span> <span class='ocrx_word' id='word_1_391' title='bbox 1325 3634 1427 3672; x_wconf 91' lang='lat' dir='ltr'><strong>non</strong></span> <span class='ocrx_word' id='word_1_392' title='bbox 1461 3616 1738 3687; x_wconf 86' lang='lat' dir='ltr'><strong>procedat;</strong></span> <span class='ocrx_word' id='word_1_393' title='bbox 1790 3614 1877 3669; x_wconf 90' lang='lat' dir='ltr'><strong>sed</strong></span> <span class='ocrx_word' id='word_1_394' title='bbox 1918 3615 1962 3668; x_wconf 87' lang='lat' dir='ltr'><strong>si</strong></span> <span class='ocrx_word' id='word_1_395' title='bbox 1991 3612 2107 3682; x_wconf 86' lang='lat' dir='ltr'><strong>quis</strong></span> 
     </span>
    </p>
   </div>
   <div class='ocr_carea' id='block_1_53' title="bbox 519 3707 2110 3785">
    <p class='ocr_par' dir='ltr' id='par_1_53' title="bbox 519 3707 2110 3785">
     <span class='ocr_line' id='line_1_53' title="bbox 519 3707 2110 3785; baseline -0.008 -14"><span class='ocrx_word' id='word_1_396' title='bbox 519 3717 682 3772; x_wconf 86' lang='lat' dir='ltr'><strong>bonus</strong></span> <span class='ocrx_word' id='word_1_397' title='bbox 711 3715 780 3770; x_wconf 88' lang='lat' dir='ltr'><strong>ad</strong></span> <span class='ocrx_word' id='word_1_398' title='bbox 821 3714 1221 3785; x_wconf 61' lang='lat' dir='ltr'><strong>aedificationem</strong></span> <span class='ocrx_word' id='word_1_399' title='bbox 1251 3713 1398 3783; x_wconf 80' lang='lat' dir='ltr'><strong>ﬁdei,</strong></span> <span class='ocrx_word' id='word_1_400' title='bbox 1426 3723 1481 3767; x_wconf 89' lang='lat' dir='ltr'><strong>ut</strong></span> <span class='ocrx_word' id='word_1_401' title='bbox 1518 3713 1601 3766; x_wconf 84' lang='lat' dir='ltr'><strong>det</strong></span> <span class='ocrx_word' id='word_1_402' title='bbox 1624 3707 1851 3782; x_wconf 83' lang='lat' dir='ltr'><strong>gratiam</strong></span> <span class='ocrx_word' id='word_1_403' title='bbox 1891 3707 2110 3762; x_wconf 83' lang='lat' dir='ltr'><strong>audien-</strong></span> 
     </span>
    </p>
   </div>
   <div class='ocr_carea' id='block_1_54' title="bbox 517 3797 2108 3878">
    <p class='ocr_par' dir='ltr' id='par_1_54' title="bbox 517 3797 2108 3878">
     <span class='ocr_line' id='line_1_54' title="bbox 517 3797 2108 3878; baseline -0.007 -13"><span class='ocrx_word' id='word_1_404' title='bbox 517 3810 675 3865; x_wconf 85' lang='lat' dir='ltr'><strong>tibus.</strong></span> <span class='ocrx_word' id='word_1_405' title='bbox 704 3807 774 3863; x_wconf 85' lang='lat' dir='ltr'><strong>Et</strong></span> <span class='ocrx_word' id='word_1_406' title='bbox 803 3807 969 3863; x_wconf 83' lang='lat' dir='ltr'><strong>nolite</strong></span> <span class='ocrx_word' id='word_1_407' title='bbox 995 3807 1300 3862; x_wconf 83' lang='lat' dir='ltr'><strong>contristare</strong></span> <span class='ocrx_word' id='word_1_408' title='bbox 1327 3805 1585 3878; x_wconf 84' lang='lat' dir='ltr'><strong>Spiritum</strong></span> <span class='ocrx_word' id='word_1_409' title='bbox 1626 3811 1862 3858; x_wconf 87' lang='lat' dir='ltr'><strong>sanctum</strong></span> <span class='ocrx_word' id='word_1_410' title='bbox 1891 3797 2010 3866; x_wconf 87' lang='lat' dir='ltr'><strong>Dei,</strong></span> <span class='ocrx_word' id='word_1_411' title='bbox 2051 3799 2108 3854; x_wconf 84' lang='lat' dir='ltr'><strong>in</strong></span> 
     </span>
    </p>
   </div>
   <div class='ocr_carea' id='block_1_55' title="bbox 517 3893 2108 3974">
    <p class='ocr_par' dir='ltr' id='par_1_55' title="bbox 517 3893 2108 3974">
     <span class='ocr_line' id='line_1_55' title="bbox 517 3893 2108 3974; baseline -0.008 -17"><span class='ocrx_word' id='word_1_412' title='bbox 517 3919 615 3974; x_wconf 90' lang='lat' dir='ltr'><strong>quo</strong></span> <span class='ocrx_word' id='word_1_413' title='bbox 662 3902 849 3974; x_wconf 86' lang='lat' dir='ltr'><strong>signati</strong></span> <span class='ocrx_word' id='word_1_414' title='bbox 894 3902 1013 3956; x_wconf 87' lang='lat' dir='ltr'><strong>estis</strong></span> <span class='ocrx_word' id='word_1_415' title='bbox 1060 3901 1115 3956; x_wconf 89' lang='lat' dir='ltr'><strong>in</strong></span> <span class='ocrx_word' id='word_1_416' title='bbox 1150 3900 1232 3954; x_wconf 88' lang='lat' dir='ltr'><strong>die</strong></span> <span class='ocrx_word' id='word_1_417' title='bbox 1274 3899 1656 3969; x_wconf 87' lang='lat' dir='ltr'><strong>redemptionis.</strong></span> <span class='ocrx_word' id='word_1_418' title='bbox 1708 3895 1887 3951; x_wconf 81' lang='lat' dir='ltr'><strong>Omnis</strong></span> <span class='ocrx_word' id='word_1_419' title='bbox 1916 3893 2108 3950; x_wconf 88' lang='lat' dir='ltr'><strong>amari-</strong></span> 
     </span>
    </p>
   </div>
   <div class='ocr_carea' id='block_1_56' title="bbox 518 3988 2106 4068">
    <p class='ocr_par' dir='ltr' id='par_1_56' title="bbox 518 3988 2106 4068">
     <span class='ocr_line' id='line_1_56' title="bbox 518 3988 2106 4068; baseline -0.008 -17"><span class='ocrx_word' id='word_1_420' title='bbox 518 3997 661 4061; x_wconf 87' lang='lat' dir='ltr'><strong>tudo,</strong></span> <span class='ocrx_word' id='word_1_421' title='bbox 685 4004 731 4050; x_wconf 90' lang='lat' dir='ltr'><strong>et</strong></span> <span class='ocrx_word' id='word_1_422' title='bbox 759 3996 856 4062; x_wconf 90' lang='lat' dir='ltr'><strong>ira,</strong></span> <span class='ocrx_word' id='word_1_423' title='bbox 887 4005 932 4051; x_wconf 89' lang='lat' dir='ltr'><strong>et</strong></span> <span class='ocrx_word' id='word_1_424' title='bbox 957 3995 1270 4068; x_wconf 87' lang='lat' dir='ltr'><strong>indignatio,</strong></span> <span class='ocrx_word' id='word_1_425' title='bbox 1294 4003 1340 4048; x_wconf 91' lang='lat' dir='ltr'><strong>et</strong></span> <span class='ocrx_word' id='word_1_426' title='bbox 1365 3993 1585 4058; x_wconf 89' lang='lat' dir='ltr'><strong>clamor,</strong></span> <span class='ocrx_word' id='word_1_427' title='bbox 1611 4001 1656 4045; x_wconf 91' lang='lat' dir='ltr'><strong>et</strong></span> <span class='ocrx_word' id='word_1_428' title='bbox 1677 3988 1996 4061; x_wconf 84' lang='lat' dir='ltr'><strong>blasphemia</strong></span> <span class='ocrx_word' id='word_1_429' title='bbox 2012 4002 2106 4040; x_wconf 78' lang='lat' dir='ltr'><strong>au-</strong></span> 
     </span>
    </p>
   </div>
   <div class='ocr_carea' id='block_1_57' title="bbox 517 4083 2106 4161">
    <p class='ocr_par' dir='ltr' id='par_1_57' title="bbox 517 4083 2106 4161">
     <span class='ocr_line' id='line_1_57' title="bbox 517 4083 2106 4161; baseline -0.007 -15"><span class='ocrx_word' id='word_1_430' title='bbox 517 4093 716 4161; x_wconf 80' lang='lat' dir='ltr'><strong>feratur</strong></span> <span class='ocrx_word' id='word_1_431' title='bbox 738 4107 769 4147; x_wconf 91' lang='lat' dir='ltr'><strong>a</strong></span> <span class='ocrx_word' id='word_1_432' title='bbox 796 4091 934 4146; x_wconf 87' lang='lat' dir='ltr'><strong>vobis</strong></span> <span class='ocrx_word' id='word_1_433' title='bbox 951 4105 1070 4144; x_wconf 87' lang='lat' dir='ltr'><strong>cum</strong></span> <span class='ocrx_word' id='word_1_434' title='bbox 1091 4089 1230 4143; x_wconf 89' lang='lat' dir='ltr'><strong>omni</strong></span> <span class='ocrx_word' id='word_1_435' title='bbox 1256 4088 1474 4143; x_wconf 86' lang='lat' dir='ltr'><strong>malitia.</strong></span> <span class='ocrx_word' id='word_1_436' title='bbox 1501 4085 1682 4142; x_wconf 88' lang='lat' dir='ltr'><strong>Estote</strong></span> <span class='ocrx_word' id='word_1_437' title='bbox 1701 4095 1870 4139; x_wconf 89' lang='lat' dir='ltr'><strong>autem</strong></span> <span class='ocrx_word' id='word_1_438' title='bbox 1891 4083 2106 4138; x_wconf 84' lang='lat' dir='ltr'><strong>invicem</strong></span> 
     </span>
    </p>
   </div>
   <div class='ocr_carea' id='block_1_58' title="bbox 515 4177 2108 4254">
    <p class='ocr_par' dir='ltr' id='par_1_58' title="bbox 515 4177 2108 4254">
     <span class='ocr_line' id='line_1_58' title="bbox 515 4177 2108 4254; baseline -0.005 -17"><span class='ocrx_word' id='word_1_439' title='bbox 515 4183 718 4254; x_wconf 87' lang='lat' dir='ltr'><strong>benigni</strong></span> <span class='ocrx_word' id='word_1_440' title='bbox 760 4191 808 4237; x_wconf 90' lang='lat' dir='ltr'><strong>et</strong></span> <span class='ocrx_word' id='word_1_441' title='bbox 859 4179 1248 4246; x_wconf 82' lang='lat' dir='ltr'><strong>misericordes;</strong></span> <span class='ocrx_word' id='word_1_442' title='bbox 1305 4180 1552 4235; x_wconf 86' lang='lat' dir='ltr'><strong>donantes</strong></span> <span class='ocrx_word' id='word_1_443' title='bbox 1602 4178 1838 4242; x_wconf 88' lang='lat' dir='ltr'><strong>invicem,</strong></span> <span class='ocrx_word' id='word_1_444' title='bbox 1885 4177 2016 4232; x_wconf 87' lang='lat' dir='ltr'><strong>sicut</strong></span> <span class='ocrx_word' id='word_1_445' title='bbox 2061 4182 2108 4230; x_wconf 89' lang='lat' dir='ltr'><strong>et</strong></span> 
     </span>
    </p>
   </div>
   <div class='ocr_carea' id='block_1_59' title="bbox 516 4265 2107 4343">
    <p class='ocr_par' dir='ltr' id='par_1_59' title="bbox 516 4265 2107 4343">
     <span class='ocr_line' id='line_1_59' title="bbox 516 4265 2107 4343; baseline -0.006 -12"><span class='ocrx_word' id='word_1_446' title='bbox 516 4275 657 4331; x_wconf 86' lang='lat' dir='ltr'><strong>Deus</strong></span> <span class='ocrx_word' id='word_1_447' title='bbox 695 4276 749 4330; x_wconf 90' lang='lat' dir='ltr'><strong>in</strong></span> <span class='ocrx_word' id='word_1_448' title='bbox 780 4273 984 4329; x_wconf 83' lang='lat' dir='ltr'><strong>Christo</strong></span> <span class='ocrx_word' id='word_1_449' title='bbox 1005 4273 1214 4328; x_wconf 87' lang='lat' dir='ltr'><strong>donavit</strong></span> <span class='ocrx_word' id='word_1_450' title='bbox 1239 4272 1376 4327; x_wconf 87' lang='lat' dir='ltr'><strong>vobis</strong></span> <span class='ocrx_word' id='word_1_451' title='bbox 1407 4270 1624 4343; x_wconf 83' lang='lat' dir='ltr'><strong>(Ephes.</strong></span> <span class='ocrx_word' id='word_1_452' title='bbox 1657 4286 1729 4336; x_wconf 88' lang='lat' dir='ltr'><strong>tv,</strong></span> <span class='ocrx_word' id='word_1_453' title='bbox 1763 4267 1975 4341; x_wconf 67' lang='lat'><strong>28-32).</strong></span> <span class='ocrx_word' id='word_1_454' title='bbox 2004 4265 2107 4323; x_wconf 84' lang='lat' dir='ltr'><strong>Es-</strong></span> 
     </span>
    </p>
   </div>
   <div class='ocr_carea' id='block_1_60' title="bbox 517 4363 2105 4434">
    <p class='ocr_par' dir='ltr' id='par_1_60' title="bbox 517 4363 2105 4434">
     <span class='ocr_line' id='line_1_60' title="bbox 517 4363 2105 4434; baseline -0.002 -12"><span class='ocrx_word' id='word_1_455' title='bbox 517 4379 619 4424; x_wconf 87' lang='lat' dir='ltr'><strong>tote</strong></span> <span class='ocrx_word' id='word_1_456' title='bbox 663 4376 838 4422; x_wconf 88' lang='lat' dir='ltr'><strong>autem</strong></span> <span class='ocrx_word' id='word_1_457' title='bbox 865 4367 1147 4422; x_wconf 88' lang='lat' dir='ltr'><strong>imitatores</strong></span> <span class='ocrx_word' id='word_1_458' title='bbox 1179 4375 1204 4404; x_wconf 69' lang='grc' dir='ltr'><strong>δ</strong></span> <span class='ocrx_word' id='word_1_459' title='bbox 1235 4365 1352 4432; x_wconf 88' lang='lat' dir='ltr'><strong>Dei,</strong></span> <span class='ocrx_word' id='word_1_460' title='bbox 1394 4366 1527 4420; x_wconf 88' lang='lat' dir='ltr'><strong>sicut</strong></span> <span class='ocrx_word' id='word_1_461' title='bbox 1563 4365 1659 4434; x_wconf 78' lang='lat' dir='ltr'><strong>ﬁlii</strong></span> <span class='ocrx_word' id='word_1_462' title='bbox 1698 4363 2028 4431; x_wconf 82' lang='lat' dir='ltr'><strong>charissimi;</strong></span> <span class='ocrx_word' id='word_1_463' title='bbox 2056 4373 2105 4419; x_wconf 86' lang='lat' dir='ltr'><strong>et</strong></span> 
     </span>
    </p>
   </div>
   <div class='ocr_carea' id='block_1_61' title="bbox 517 4458 2100 4529">
    <p class='ocr_par' dir='ltr' id='par_1_61' title="bbox 517 4458 2100 4529">
     <span class='ocr_line' id='line_1_61' title="bbox 517 4458 2100 4529; baseline -0.002 -12"><span class='ocrx_word' id='word_1_464' title='bbox 517 4462 775 4517; x_wconf 86' lang='lat' dir='ltr'><strong>ambulate</strong></span> <span class='ocrx_word' id='word_1_465' title='bbox 798 4463 852 4516; x_wconf 88' lang='lat' dir='ltr'><strong>in</strong></span> <span class='ocrx_word' id='word_1_466' title='bbox 886 4461 1188 4529; x_wconf 85' lang='lat' dir='ltr'><strong>dilectione,</strong></span> <span class='ocrx_word' id='word_1_467' title='bbox 1221 4461 1348 4515; x_wconf 85' lang='lat' dir='ltr'><strong>sicut</strong></span> <span class='ocrx_word' id='word_1_468' title='bbox 1385 4469 1430 4515; x_wconf 90' lang='lat' dir='ltr'><strong>et</strong></span> <span class='ocrx_word' id='word_1_469' title='bbox 1476 4458 1716 4516; x_wconf 79' lang='lat' dir='ltr'><strong>Christus</strong></span> <span class='ocrx_word' id='word_1_470' title='bbox 1765 4458 1944 4514; x_wconf 74' lang='lat' dir='ltr'><strong>dilexit</strong></span> <span class='ocrx_word' id='word_1_471' title='bbox 1987 4475 2100 4526; x_wconf 85' lang='lat' dir='ltr'><strong>nos,</strong></span> 
     </span>
    </p>
   </div>
   <div class='ocr_carea' id='block_1_62' title="bbox 513 4551 2102 4625">
    <p class='ocr_par' dir='ltr' id='par_1_62' title="bbox 513 4551 2102 4625">
     <span class='ocr_line' id='line_1_62' title="bbox 513 4551 2102 4625; baseline -0.003 -17"><span class='ocrx_word' id='word_1_472' title='bbox 513 4563 560 4608; x_wconf 93' lang='lat' dir='ltr'><strong>et</strong></span> <span class='ocrx_word' id='word_1_473' title='bbox 591 4554 804 4610; x_wconf 85' lang='lat' dir='ltr'><strong>tradidit</strong></span> <span class='ocrx_word' id='word_1_474' title='bbox 832 4554 1154 4625; x_wconf 82' lang='lat' dir='ltr'><strong>semetipsum</strong></span> <span class='ocrx_word' id='word_1_475' title='bbox 1176 4569 1269 4622; x_wconf 86' lang='lat' dir='ltr'><strong>pro</strong></span> <span class='ocrx_word' id='word_1_476' title='bbox 1301 4553 1446 4607; x_wconf 88' lang='lat' dir='ltr'><strong>nobis</strong></span> <span class='ocrx_word' id='word_1_477' title='bbox 1472 4551 1782 4608; x_wconf 84' lang='lat' dir='ltr'><strong>oblationem</strong></span> <span class='ocrx_word' id='word_1_478' title='bbox 1809 4561 1853 4606; x_wconf 90' lang='lat' dir='ltr'><strong>et</strong></span> <span class='ocrx_word' id='word_1_479' title='bbox 1879 4551 2102 4606; x_wconf 82' lang='lat' dir='ltr'><strong>hostiam</strong></span> 
     </span>
    </p>
   </div>
   <div class='ocr_carea' id='block_1_63' title="bbox 2214 1941 3767 2014">
    <p class='ocr_par' dir='ltr' id='par_1_63' title="bbox 2214 1941 3767 2014">
     <span class='ocr_line' id='line_1_63' title="bbox 2214 1941 3767 2014; baseline -0.001 -15"><span class='ocrx_word' id='word_1_480' title='bbox 2214 1959 2320 2014; x_wconf 91' lang='lat' dir='ltr'><strong>quo</strong></span> <span class='ocrx_word' id='word_1_481' title='bbox 2363 1943 2540 2000; x_wconf 86' lang='lat' dir='ltr'><strong>iuerat</strong></span> <span class='ocrx_word' id='word_1_482' title='bbox 2568 1944 2729 2014; x_wconf 87' lang='lat' dir='ltr'><strong>paulo</strong></span> <span class='ocrx_word' id='word_1_483' title='bbox 2775 1951 2903 1999; x_wconf 86' lang='lat' dir='ltr'><strong>ante</strong></span> <span class='ocrx_word' id='word_1_484' title='bbox 2930 1951 3024 1999; x_wconf 86' lang='lat' dir='ltr'><strong>aut</strong></span> <span class='ocrx_word' id='word_1_485' title='bbox 3051 1941 3188 2000; x_wconf 84' lang='lat' dir='ltr'><strong>falsa</strong></span> <span class='ocrx_word' id='word_1_486' title='bbox 3216 1942 3432 1998; x_wconf 85' lang='lat' dir='ltr'><strong>locutus</strong></span> <span class='ocrx_word' id='word_1_487' title='bbox 3461 1952 3551 1998; x_wconf 88' lang='lat' dir='ltr'><strong>aut</strong></span> <span class='ocrx_word' id='word_1_488' title='bbox 3595 1945 3767 2014; x_wconf 83' lang='lat' dir='ltr'><strong>turpia,</strong></span> 
     </span>
    </p>
   </div>
   <div class='ocr_carea' id='block_1_64' title="bbox 2212 2033 3769 2107">
    <p class='ocr_par' dir='ltr' id='par_1_64' title="bbox 2212 2033 3769 2107">
     <span class='ocr_line' id='line_1_64' title="bbox 2212 2033 3769 2107; baseline -0.001 -15"><span class='ocrx_word' id='word_1_489' title='bbox 2212 2051 2407 2107; x_wconf 83' lang='lat' dir='ltr'><strong>preces</strong></span> <span class='ocrx_word' id='word_1_490' title='bbox 2435 2038 2502 2092; x_wconf 90' lang='lat' dir='ltr'><strong>ad</strong></span> <span class='ocrx_word' id='word_1_491' title='bbox 2532 2037 2842 2103; x_wconf 90' lang='lat' dir='ltr'><strong>Dominum,</strong></span> <span class='ocrx_word' id='word_1_492' title='bbox 2867 2036 3020 2107; x_wconf 88' lang='lat' dir='ltr'><strong>quasi</strong></span> <span class='ocrx_word' id='word_1_493' title='bbox 3053 2034 3190 2091; x_wconf 85' lang='lat' dir='ltr'><strong>nihil</strong></span> <span class='ocrx_word' id='word_1_494' title='bbox 3233 2033 3340 2090; x_wconf 85' lang='lat' dir='ltr'><strong>sibi</strong></span> <span class='ocrx_word' id='word_1_495' title='bbox 3381 2034 3506 2090; x_wconf 91' lang='lat' dir='ltr'><strong>mali</strong></span> <span class='ocrx_word' id='word_1_496' title='bbox 3530 2036 3769 2104; x_wconf 88' lang='lat' dir='ltr'><strong>conscius,</strong></span> 
     </span>
    </p>
   </div>
   <div class='ocr_carea' id='block_1_65' title="bbox 2213 2127 3768 2201">
    <p class='ocr_par' dir='ltr' id='par_1_65' title="bbox 2213 2127 3768 2201">
     <span class='ocr_line' id='line_1_65' title="bbox 2213 2127 3768 2201; baseline 0 -17"><span class='ocrx_word' id='word_1_497' title='bbox 2213 2128 2406 2186; x_wconf 91' lang='lat' dir='ltr'><strong>fundit.</strong></span> <span class='ocrx_word' id='word_1_498' title='bbox 2434 2130 2572 2197; x_wconf 86' lang='lat' dir='ltr'><strong>Quid</strong></span> <span class='ocrx_word' id='word_1_499' title='bbox 2596 2131 2711 2201; x_wconf 90' lang='lat' dir='ltr'><strong>agis</strong></span> <span class='ocrx_word' id='word_1_500' title='bbox 2745 2129 3031 2201; x_wconf 88' lang='lat' dir='ltr'><strong>impudens</strong></span> <span class='ocrx_word' id='word_1_501' title='bbox 3054 2139 3109 2186; x_wconf 89' lang='lat' dir='ltr'><strong>et</strong></span> <span class='ocrx_word' id='word_1_502' title='bbox 3135 2127 3340 2184; x_wconf 77' lang='lat' dir='ltr'><strong>miser?</strong></span> <span class='ocrx_word' id='word_1_503' title='bbox 3370 2127 3508 2195; x_wconf 87' lang='lat' dir='ltr'><strong>Quid</strong></span> <span class='ocrx_word' id='word_1_504' title='bbox 3537 2139 3587 2184; x_wconf 84' lang='lat' dir='ltr'><strong>te</strong></span> <span class='ocrx_word' id='word_1_505' title='bbox 3621 2129 3768 2200; x_wconf 79' lang='lat' dir='ltr'><strong>majo-</strong></span> 
     </span>
    </p>
   </div>
   <div class='ocr_carea' id='block_1_66' title="bbox 2214 2220 3775 2294">
    <p class='ocr_par' dir='ltr' id='par_1_66' title="bbox 2214 2220 3775 2294">
     <span class='ocr_line' id='line_1_66' title="bbox 2214 2220 3775 2294; baseline 0.001 -18"><span class='ocrx_word' id='word_1_506' title='bbox 2214 2237 2333 2276; x_wconf 87' lang='lat' dir='ltr'><strong>rum</strong></span> <span class='ocrx_word' id='word_1_507' title='bbox 2385 2230 2728 2292; x_wconf 86' lang='lat' dir='ltr'><strong>peccatorum</strong></span> <span class='ocrx_word' id='word_1_508' title='bbox 2760 2235 2928 2280; x_wconf 85' lang='lat' dir='ltr'><strong>onere</strong></span> <span class='ocrx_word' id='word_1_509' title='bbox 2981 2220 3211 2292; x_wconf 76' lang='lat' dir='ltr'><strong>gravas?</strong></span> <span class='ocrx_word' id='word_1_510' title='bbox 3257 2221 3400 2290; x_wconf 87' lang='lat' dir='ltr'><strong>Quid</strong></span> <span class='ocrx_word' id='word_1_511' title='bbox 3450 2222 3562 2278; x_wconf 87' lang='lat' dir='ltr'><strong>Deo</strong></span> <span class='ocrx_word' id='word_1_512' title='bbox 3604 2231 3775 2294; x_wconf 69' lang='lat' dir='ltr'><strong>praeter</strong></span> 
     </span>
    </p>
   </div>
   <div class='ocr_carea' id='block_1_67' title="bbox 2212 2313 3776 2385">
    <p class='ocr_par' dir='ltr' id='par_1_67' title="bbox 2212 2313 3776 2385">
     <span class='ocr_line' id='line_1_67' title="bbox 2212 2313 3776 2385; baseline 0.002 -17"><span class='ocrx_word' id='word_1_513' title='bbox 2212 2324 2583 2383; x_wconf 88' lang='lat' dir='ltr'><strong>contemptum</strong></span> <span class='ocrx_word' id='word_1_514' title='bbox 2634 2315 2886 2383; x_wconf 85' lang='lat' dir='ltr'><strong>injuriam</strong></span> <span class='ocrx_word' id='word_1_515' title='bbox 2944 2313 3185 2385; x_wconf 76' lang='lat' dir='ltr'><strong>irrogas?</strong></span> <span class='ocrx_word' id='word_1_516' title='bbox 3212 2313 3355 2382; x_wconf 82' lang='lat' dir='ltr'><strong>Quid</strong></span> <span class='ocrx_word' id='word_1_517' title='bbox 3387 2313 3457 2370; x_wconf 82' lang='lat' dir='ltr'><strong>ad</strong></span> <span class='ocrx_word' id='word_1_518' title='bbox 3507 2326 3776 2384; x_wconf 83' lang='lat' dir='ltr'><strong>provocan-</strong></span> 
     </span>
    </p>
   </div>
   <div class='ocr_carea' id='block_1_68' title="bbox 2212 2405 3776 2477">
    <p class='ocr_par' dir='ltr' id='par_1_68' title="bbox 2212 2405 3776 2477">
     <span class='ocr_line' id='line_1_68' title="bbox 2212 2405 3776 2477; baseline 0.001 -16"><span class='ocrx_word' id='word_1_519' title='bbox 2212 2405 2336 2462; x_wconf 91' lang='lat' dir='ltr'><strong>dam</strong></span> <span class='ocrx_word' id='word_1_520' title='bbox 2381 2407 2613 2462; x_wconf 89' lang='lat' dir='ltr'><strong>celerius</strong></span> <span class='ocrx_word' id='word_1_521' title='bbox 2641 2407 2758 2477; x_wconf 88' lang='lat' dir='ltr'><strong>ejus</strong></span> <span class='ocrx_word' id='word_1_522' title='bbox 2788 2407 2921 2462; x_wconf 85' lang='lat' dir='ltr'><strong>iram</strong></span> <span class='ocrx_word' id='word_1_523' title='bbox 2971 2406 3027 2464; x_wconf 88' lang='lat' dir='ltr'><strong>in</strong></span> <span class='ocrx_word' id='word_1_524' title='bbox 3079 2407 3454 2464; x_wconf 88' lang='lat' dir='ltr'><strong>testimonium</strong></span> <span class='ocrx_word' id='word_1_525' title='bbox 3499 2417 3776 2477; x_wconf 65' lang='lat' dir='ltr'><strong>pinnatus</strong></span> 
     </span>
    </p>
   </div>
   <div class='ocr_carea' id='block_1_69' title="bbox 2211 2501 3778 2574">
    <p class='ocr_par' dir='ltr' id='par_1_69' title="bbox 2211 2501 3778 2574">
     <span class='ocr_line' id='line_1_69' title="bbox 2211 2501 3778 2574; baseline 0.001 -18"><span class='ocrx_word' id='word_1_526' title='bbox 2211 2503 2510 2559; x_wconf 86' lang='lat' dir='ltr'><strong>sceleratas</strong></span> <span class='ocrx_word' id='word_1_527' title='bbox 2551 2502 2618 2558; x_wconf 89' lang='lat' dir='ltr'><strong>ad</strong></span> <span class='ocrx_word' id='word_1_528' title='bbox 2669 2502 2842 2559; x_wconf 88' lang='lat' dir='ltr'><strong>Deum</strong></span> <span class='ocrx_word' id='word_1_529' title='bbox 2894 2501 3126 2572; x_wconf 81' lang='lat' dir='ltr'><strong>porrigis</strong></span> <span class='ocrx_word' id='word_1_530' title='bbox 3177 2517 3405 2569; x_wconf 84' lang='lat' dir='ltr'><strong>manus,</strong></span> <span class='ocrx_word' id='word_1_531' title='bbox 3432 2501 3497 2558; x_wconf 83' lang='lat' dir='ltr'><strong>ad</strong></span> <span class='ocrx_word' id='word_1_532' title='bbox 3525 2516 3652 2574; x_wconf 88' lang='lat' dir='ltr'><strong>quas</strong></span> <span class='ocrx_word' id='word_1_533' title='bbox 3698 2502 3778 2558; x_wconf 83' lang='lat' dir='ltr'><strong>ille</strong></span> 
     </span>
    </p>
   </div>
   <div class='ocr_carea' id='block_1_70' title="bbox 2212 2596 3778 2670">
    <p class='ocr_par' dir='ltr' id='par_1_70' title="bbox 2212 2596 3778 2670">
     <span class='ocr_line' id='line_1_70' title="bbox 2212 2596 3778 2670; baseline -0.001 -17"><span class='ocrx_word' id='word_1_534' title='bbox 2212 2613 2321 2654; x_wconf 93' lang='lat' dir='ltr'><strong>non</strong></span> <span class='ocrx_word' id='word_1_535' title='bbox 2351 2598 2598 2669; x_wconf 87' lang='lat' dir='ltr'><strong>respicit,</strong></span> <span class='ocrx_word' id='word_1_536' title='bbox 2652 2598 2744 2670; x_wconf 88' lang='lat' dir='ltr'><strong>qui</strong></span> <span class='ocrx_word' id='word_1_537' title='bbox 2783 2596 3024 2653; x_wconf 87' lang='lat' dir='ltr'><strong>nonnisi</strong></span> <span class='ocrx_word' id='word_1_538' title='bbox 3068 2606 3289 2654; x_wconf 84' lang='lat' dir='ltr'><strong>sanctas</strong></span> <span class='ocrx_word' id='word_1_539' title='bbox 3336 2606 3393 2652; x_wconf 89' lang='lat' dir='ltr'><strong>et</strong></span> <span class='ocrx_word' id='word_1_540' title='bbox 3439 2597 3778 2652; x_wconf 84' lang='lat' dir='ltr'><strong>immaculatas</strong></span> 
     </span>
    </p>
   </div>
   <div class='ocr_carea' id='block_1_71' title="bbox 2212 2691 3781 2763">
    <p class='ocr_par' dir='ltr' id='par_1_71' title="bbox 2212 2691 3781 2763">
     <span class='ocr_line' id='line_1_71' title="bbox 2212 2691 3781 2763; baseline -0.003 -14"><span class='ocrx_word' id='word_1_541' title='bbox 2212 2693 2316 2750; x_wconf 90' lang='lat' dir='ltr'><strong>sibi</strong></span> <span class='ocrx_word' id='word_1_542' title='bbox 2343 2693 2507 2763; x_wconf 84' lang='lat' dir='ltr'><strong>jussit</strong></span> <span class='ocrx_word' id='word_1_543' title='bbox 2539 2691 2768 2750; x_wconf 77' lang='lat' dir='ltr'><strong>oli‘erri?</strong></span> <span class='ocrx_word' id='word_1_544' title='bbox 2814 2691 2956 2761; x_wconf 84' lang='lat' dir='ltr'><strong>Quid</strong></span> <span class='ocrx_word' id='word_1_545' title='bbox 2991 2706 3088 2749; x_wconf 83' lang='lat' dir='ltr'><strong>ore</strong></span> <span class='ocrx_word' id='word_1_546' title='bbox 3131 2691 3222 2749; x_wconf 90' lang='lat' dir='ltr'><strong>illo</strong></span> <span class='ocrx_word' id='word_1_547' title='bbox 3254 2691 3432 2748; x_wconf 90' lang='lat' dir='ltr'><strong>Deum</strong></span> <span class='ocrx_word' id='word_1_548' title='bbox 3473 2703 3644 2763; x_wconf 85' lang='lat' dir='ltr'><strong>rogas,</strong></span> <span class='ocrx_word' id='word_1_549' title='bbox 3692 2705 3781 2763; x_wconf 85' lang='lat' dir='ltr'><strong>quo</strong></span> 
     </span>
    </p>
   </div>
   <div class='ocr_carea' id='block_1_72' title="bbox 2212 2786 3782 2860">
    <p class='ocr_par' dir='ltr' id='par_1_72' title="bbox 2212 2786 3782 2860">
     <span class='ocr_line' id='line_1_72' title="bbox 2212 2786 3782 2860; baseline -0.001 -16"><span class='ocrx_word' id='word_1_550' title='bbox 2212 2789 2374 2860; x_wconf 90' lang='lat' dir='ltr'><strong>paulo</strong></span> <span class='ocrx_word' id='word_1_551' title='bbox 2411 2796 2537 2844; x_wconf 88' lang='lat' dir='ltr'><strong>ante</strong></span> <span class='ocrx_word' id='word_1_552' title='bbox 2567 2789 2778 2844; x_wconf 89' lang='lat' dir='ltr'><strong>locutus</strong></span> <span class='ocrx_word' id='word_1_553' title='bbox 2808 2801 2868 2844; x_wconf 89' lang='lat' dir='ltr'><strong>es</strong></span> <span class='ocrx_word' id='word_1_554' title='bbox 2911 2787 3074 2852; x_wconf 86' lang='lat' dir='ltr'><strong>male,</strong></span> <span class='ocrx_word' id='word_1_555' title='bbox 3123 2787 3305 2857; x_wconf 79' lang='lat' dir='ltr'><strong>cujus,</strong></span> <span class='ocrx_word' id='word_1_556' title='bbox 3351 2787 3596 2857; x_wconf 78' lang='lat' dir='ltr'><strong>quamvis</strong></span> <span class='ocrx_word' id='word_1_557' title='bbox 3624 2786 3782 2842; x_wconf 84' lang='lat' dir='ltr'><strong>multi-</strong></span> 
     </span>
    </p>
   </div>
   <div class='ocr_carea' id='block_1_73' title="bbox 2210 2881 3780 2955">
    <p class='ocr_par' dir='ltr' id='par_1_73' title="bbox 2210 2881 3780 2955">
     <span class='ocr_line' id='line_1_73' title="bbox 2210 2881 3780 2955; baseline -0.001 -16"><span class='ocrx_word' id='word_1_558' title='bbox 2210 2885 2503 2954; x_wconf 88' lang='lat' dir='ltr'><strong>plicentur.</strong></span> <span class='ocrx_word' id='word_1_559' title='bbox 2555 2883 2901 2939; x_wconf 76' lang='lat' dir='ltr'><strong>abominetur</strong></span> <span class='ocrx_word' id='word_1_560' title='bbox 2942 2898 3156 2955; x_wconf 88' lang='lat' dir='ltr'><strong>preces,</strong></span> <span class='ocrx_word' id='word_1_561' title='bbox 3207 2881 3354 2938; x_wconf 90' lang='lat' dir='ltr'><strong>sicut</strong></span> <span class='ocrx_word' id='word_1_562' title='bbox 3395 2883 3649 2952; x_wconf 90' lang='lat' dir='ltr'><strong>scriptum</strong></span> <span class='ocrx_word' id='word_1_563' title='bbox 3676 2892 3780 2938; x_wconf 88' lang='lat' dir='ltr'><strong>est:</strong></span> 
     </span>
    </p>
   </div>
   <div class='ocr_carea' id='block_1_74' title="bbox 2211 2974 3784 3045">
    <p class='ocr_par' dir='ltr' id='par_1_74' title="bbox 2211 2974 3784 3045">
     <span class='ocr_line' id='line_1_74' title="bbox 2211 2974 3784 3045; baseline -0.003 -15"><span class='ocrx_word' id='word_1_564' title='bbox 2211 2975 2343 3030; x_wconf 85' lang='lat' dir='ltr'><strong>Cum</strong></span> <span class='ocrx_word' id='word_1_565' title='bbox 2383 2976 2711 3031; x_wconf 72' lang='lat' dir='ltr'><strong>extenderitis</strong></span> <span class='ocrx_word' id='word_1_566' title='bbox 2740 2975 2923 3029; x_wconf 84' lang='lat' dir='ltr'><strong>manus</strong></span> <span class='ocrx_word' id='word_1_567' title='bbox 2943 2975 3156 3038; x_wconf 83' lang='lat' dir='ltr'><strong>vestras,</strong></span> <span class='ocrx_word' id='word_1_568' title='bbox 3181 2984 3419 3030; x_wconf 85' lang='lat' dir='ltr'><strong>avertam</strong></span> <span class='ocrx_word' id='word_1_569' title='bbox 3441 2974 3618 3045; x_wconf 79' lang='lat' dir='ltr'><strong>faciem</strong></span> <span class='ocrx_word' id='word_1_570' title='bbox 3641 2989 3784 3026; x_wconf 85' lang='lat' dir='ltr'><strong>meam</strong></span> 
     </span>
    </p>
   </div>
   <div class='ocr_carea' id='block_1_75' title="bbox 2210 3067 3784 3140">
    <p class='ocr_par' dir='ltr' id='par_1_75' title="bbox 2210 3067 3784 3140">
     <span class='ocr_line' id='line_1_75' title="bbox 2210 3067 3784 3140; baseline -0.004 -16"><span class='ocrx_word' id='word_1_571' title='bbox 2210 3087 2243 3124; x_wconf 91' lang='lat' dir='ltr'><strong>a</strong></span> <span class='ocrx_word' id='word_1_572' title='bbox 2271 3071 2443 3137; x_wconf 88' lang='lat' dir='ltr'><strong>vobis;</strong></span> <span class='ocrx_word' id='word_1_573' title='bbox 2473 3079 2520 3124; x_wconf 89' lang='lat' dir='ltr'><strong>et</strong></span> <span class='ocrx_word' id='word_1_574' title='bbox 2539 3072 2582 3124; x_wconf 89' lang='lat' dir='ltr'><strong>si</strong></span> <span class='ocrx_word' id='word_1_575' title='bbox 2613 3067 3077 3140; x_wconf 83' lang='lat' dir='ltr'><strong>multiplicaveritis</strong></span> <span class='ocrx_word' id='word_1_576' title='bbox 3120 3083 3324 3138; x_wconf 79' lang='lat' dir='ltr'><strong>preces,</strong></span> <span class='ocrx_word' id='word_1_577' title='bbox 3355 3084 3461 3123; x_wconf 90' lang='lat' dir='ltr'><strong>non</strong></span> <span class='ocrx_word' id='word_1_578' title='bbox 3501 3068 3784 3130; x_wconf 68' lang='lat' dir='ltr'><strong>exaudiam;</strong></span> 
     </span>
    </p>
   </div>
   <div class='ocr_carea' id='block_1_76' title="bbox 2210 3161 3782 3234">
    <p class='ocr_par' dir='ltr' id='par_1_76' title="bbox 2210 3161 3782 3234">
     <span class='ocr_line' id='line_1_76' title="bbox 2210 3161 3782 3234; baseline -0.003 -16"><span class='ocrx_word' id='word_1_579' title='bbox 2210 3181 2394 3219; x_wconf 87' lang='lat' dir='ltr'><strong>manus</strong></span> <span class='ocrx_word' id='word_1_580' title='bbox 2423 3166 2560 3220; x_wconf 87' lang='lat' dir='ltr'><strong>enim</strong></span> <span class='ocrx_word' id='word_1_581' title='bbox 2585 3175 2767 3218; x_wconf 69' lang='lat' dir='ltr'><strong>vestra</strong></span> <span class='ocrx_word' id='word_1_582' title='bbox 2805 3162 3058 3234; x_wconf 82' lang='lat' dir='ltr'><strong>sanguine</strong></span> <span class='ocrx_word' id='word_1_583' title='bbox 3102 3163 3273 3233; x_wconf 74' lang='lat' dir='ltr'><strong>plena:</strong></span> <span class='ocrx_word' id='word_1_584' title='bbox 3317 3170 3462 3216; x_wconf 86' lang='lat' dir='ltr'><strong>sunt.</strong></span> <span class='ocrx_word' id='word_1_585' title='bbox 3501 3161 3782 3224; x_wconf 82' lang='lat' dir='ltr'><strong>Lavamiui,</strong></span> 
     </span>
    </p>
   </div>
   <div class='ocr_carea' id='block_1_77' title="bbox 2211 3249 3784 3328">
    <p class='ocr_par' dir='ltr' id='par_1_77' title="bbox 2211 3249 3784 3328">
     <span class='ocr_line' id='line_1_77' title="bbox 2211 3249 3784 3328; baseline -0.005 -14"><span class='ocrx_word' id='word_1_586' title='bbox 2211 3259 2394 3314; x_wconf 88' lang='lat' dir='ltr'><strong>mundi</strong></span> <span class='ocrx_word' id='word_1_587' title='bbox 2419 3267 2596 3326; x_wconf 84' lang='lat' dir='ltr'><strong>estote,</strong></span> <span class='ocrx_word' id='word_1_588' title='bbox 2625 3261 2828 3328; x_wconf 76' lang='lat' dir='ltr'><strong>auferte</strong></span> <span class='ocrx_word' id='word_1_589' title='bbox 2856 3257 3114 3327; x_wconf 83' lang='lat' dir='ltr'><strong>nequitias</strong></span> <span class='ocrx_word' id='word_1_590' title='bbox 3141 3255 3205 3310; x_wconf 88' lang='lat' dir='ltr'><strong>ab</strong></span> <span class='ocrx_word' id='word_1_591' title='bbox 3228 3256 3431 3310; x_wconf 83' lang='lat' dir='ltr'><strong>animis</strong></span> <span class='ocrx_word' id='word_1_592' title='bbox 3461 3255 3634 3309; x_wconf 83' lang='lat' dir='ltr'><strong>vestris</strong></span> <span class='ocrx_word' id='word_1_593' title='bbox 3656 3249 3784 3325; x_wconf 83' lang='lat' dir='ltr'><strong>(Ita.</strong></span> 
     </span>
    </p>
   </div>
   <div class='ocr_carea' id='block_1_78' title="bbox 2211 3347 3788 3422">
    <p class='ocr_par' dir='ltr' id='par_1_78' title="bbox 2211 3347 3788 3422">
     <span class='ocr_line' id='line_1_78' title="bbox 2211 3347 3788 3422; baseline -0.005 -16"><span class='ocrx_word' id='word_1_594' title='bbox 2211 3367 2250 3418; x_wconf 81' lang='grc' dir='ltr'><strong>ι,</strong></span> <span class='ocrx_word' id='word_1_595' title='bbox 2284 3351 2371 3420; x_wconf 79' lang='grc'><strong>15,</strong></span> <span class='ocrx_word' id='word_1_596' title='bbox 2401 3349 2531 3422; x_wconf 84' lang='grc'><strong>16).</strong></span> <span class='ocrx_word' id='word_1_597' title='bbox 2565 3350 2712 3407; x_wconf 85' lang='lat' dir='ltr'><strong>Bene</strong></span> <span class='ocrx_word' id='word_1_598' title='bbox 2733 3349 2842 3405; x_wconf 88' lang='lat' dir='ltr'><strong>sibi</strong></span> <span class='ocrx_word' id='word_1_599' title='bbox 2869 3349 2961 3405; x_wconf 87' lang='lat' dir='ltr'><strong>ille</strong></span> <span class='ocrx_word' id='word_1_600' title='bbox 2985 3349 3241 3405; x_wconf 79' lang='lat' dir='ltr'><strong>conscius</strong></span> <span class='ocrx_word' id='word_1_601' title='bbox 3270 3359 3397 3404; x_wconf 81' lang='lat' dir='ltr'><strong>esse</strong></span> <span class='ocrx_word' id='word_1_602' title='bbox 3421 3347 3584 3404; x_wconf 84' lang='lat' dir='ltr'><strong>debet</strong></span> <span class='ocrx_word' id='word_1_603' title='bbox 3609 3354 3661 3402; x_wconf 88' lang='lat' dir='ltr'><strong>et</strong></span> <span class='ocrx_word' id='word_1_604' title='bbox 3685 3359 3788 3399; x_wconf 82' lang='lat' dir='ltr'><strong>cer-</strong></span> 
     </span>
    </p>
   </div>
   <div class='ocr_carea' id='block_1_79' title="bbox 2211 3440 3790 3514">
    <p class='ocr_par' dir='ltr' id='par_1_79' title="bbox 2211 3440 3790 3514">
     <span class='ocr_line' id='line_1_79' title="bbox 2211 3440 3790 3514; baseline -0.005 -15"><span class='ocrx_word' id='word_1_605' title='bbox 2211 3454 2324 3514; x_wconf 86' lang='lat' dir='ltr'><strong>tus,</strong></span> <span class='ocrx_word' id='word_1_606' title='bbox 2372 3455 2429 3500; x_wconf 91' lang='lat' dir='ltr'><strong>et</strong></span> <span class='ocrx_word' id='word_1_607' title='bbox 2465 3457 2579 3499; x_wconf 69' lang='lat' dir='ltr'><strong>sum</strong></span> <span class='ocrx_word' id='word_1_608' title='bbox 2612 3442 2941 3498; x_wconf 67' lang='lat' dir='ltr'><strong>innocentiae</strong></span> <span class='ocrx_word' id='word_1_609' title='bbox 2987 3441 3147 3506; x_wconf 86' lang='lat' dir='ltr'><strong>fidus,</strong></span> <span class='ocrx_word' id='word_1_610' title='bbox 3176 3441 3274 3513; x_wconf 88' lang='lat' dir='ltr'><strong>qui</strong></span> <span class='ocrx_word' id='word_1_611' title='bbox 3303 3441 3373 3496; x_wconf 79' lang='lat' dir='ltr'><strong>ad</strong></span> <span class='ocrx_word' id='word_1_612' title='bbox 3409 3440 3580 3496; x_wconf 87' lang='lat' dir='ltr'><strong>Deum</strong></span> <span class='ocrx_word' id='word_1_613' title='bbox 3619 3451 3790 3492; x_wconf 79' lang='lat' dir='ltr'><strong>manus</strong></span> 
     </span>
    </p>
   </div>
   <div class='ocr_carea' id='block_1_80' title="bbox 2211 3529 3789 3607">
    <p class='ocr_par' dir='ltr' id='par_1_80' title="bbox 2211 3529 3789 3607">
     <span class='ocr_line' id='line_1_80' title="bbox 2211 3529 3789 3607; baseline -0.008 -14"><span class='ocrx_word' id='word_1_614' title='bbox 2211 3536 2459 3593; x_wconf 81' lang='lat' dir='ltr'><strong>extendit</strong></span> <span class='ocrx_word' id='word_1_615' title='bbox 2479 3543 2535 3592; x_wconf 91' lang='lat' dir='ltr'><strong>et</strong></span> <span class='ocrx_word' id='word_1_616' title='bbox 2562 3535 2818 3607; x_wconf 73' lang='lat' dir='ltr'><strong>perrigit,</strong></span> <span class='ocrx_word' id='word_1_617' title='bbox 2849 3539 2974 3590; x_wconf 84' lang='lat' dir='ltr'><strong>cum</strong></span> <span class='ocrx_word' id='word_1_618' title='bbox 3001 3531 3303 3604; x_wconf 74' lang='lat' dir='ltr'><strong>Apostolus</strong></span> <span class='ocrx_word' id='word_1_619' title='bbox 3337 3532 3510 3601; x_wconf 85' lang='lat' dir='ltr'><strong>dicat,</strong></span> <span class='ocrx_word' id='word_1_620' title='bbox 3550 3529 3676 3584; x_wconf 83' lang='lat' dir='ltr'><strong>Volo</strong></span> <span class='ocrx_word' id='word_1_621' title='bbox 3707 3542 3789 3580; x_wconf 75' lang='lat' dir='ltr'><strong>su-</strong></span> 
     </span>
    </p>
   </div>
   <div class='ocr_carea' id='block_1_81' title="bbox 2211 3625 3792 3695">
    <p class='ocr_par' dir='ltr' id='par_1_81' title="bbox 2211 3625 3792 3695">
     <span class='ocr_line' id='line_1_81' title="bbox 2211 3625 3792 3695; baseline -0.006 -11"><span class='ocrx_word' id='word_1_622' title='bbox 2211 3642 2311 3686; x_wconf 89' lang='lat' dir='ltr'><strong>tem</strong></span> <span class='ocrx_word' id='word_1_623' title='bbox 2348 3631 2485 3686; x_wconf 80' lang='lat' dir='ltr'><strong>viros</strong></span> <span class='ocrx_word' id='word_1_624' title='bbox 2514 3646 2664 3685; x_wconf 86' lang='lat' dir='ltr'><strong>orare</strong></span> <span class='ocrx_word' id='word_1_625' title='bbox 2703 3631 2757 3685; x_wconf 88' lang='lat' dir='ltr'><strong>in</strong></span> <span class='ocrx_word' id='word_1_626' title='bbox 2783 3629 2924 3684; x_wconf 89' lang='lat' dir='ltr'><strong>omni</strong></span> <span class='ocrx_word' id='word_1_627' title='bbox 2968 3629 3101 3694; x_wconf 86' lang='lat' dir='ltr'><strong>loco,</strong></span> <span class='ocrx_word' id='word_1_628' title='bbox 3147 3625 3383 3682; x_wconf 83' lang='lat' dir='ltr'><strong>levantes</strong></span> <span class='ocrx_word' id='word_1_629' title='bbox 3424 3629 3585 3695; x_wconf 84' lang='lat' dir='ltr'><strong>puras</strong></span> <span class='ocrx_word' id='word_1_630' title='bbox 3629 3631 3792 3677; x_wconf 79' lang='lat' dir='ltr'><strong>manus</strong></span> 
     </span>
    </p>
   </div>
   <div class='ocr_carea' id='block_1_82' title="bbox 2209 3715 3792 3796">
    <p class='ocr_par' dir='ltr' id='par_1_82' title="bbox 2209 3715 3792 3796">
     <span class='ocr_line' id='line_1_82' title="bbox 2209 3715 3792 3796; baseline -0.008 -16"><span class='ocrx_word' id='word_1_631' title='bbox 2209 3724 2271 3796; x_wconf 87' lang='grc' dir='ltr'><strong>(Ι</strong></span> <span class='ocrx_word' id='word_1_632' title='bbox 2303 3724 2438 3780; x_wconf 83' lang='lat' dir='ltr'><strong>Tim.</strong></span> <span class='ocrx_word' id='word_1_633' title='bbox 2463 3739 2501 3779; x_wconf 86' lang='lat' dir='ltr'><strong>ll</strong></span> <span class='ocrx_word' id='word_1_634' title='bbox 2521 3764 2534 3788; x_wconf 92' lang='lat'><strong>,</strong></span> <span class='ocrx_word' id='word_1_635' title='bbox 2570 3722 2662 3794; x_wconf 86' lang='lat'><strong>8).</strong></span> <span class='ocrx_word' id='word_1_636' title='bbox 2694 3733 2715 3762; x_wconf 79' lang='grc' dir='ltr'><strong><em>ο</em></strong></span> <span class='ocrx_word' id='word_1_637' title='bbox 2742 3723 2841 3780; x_wconf 88' lang='lat' dir='ltr'><strong>Ille</strong></span> <span class='ocrx_word' id='word_1_638' title='bbox 2869 3732 3051 3778; x_wconf 86' lang='lat' dir='ltr'><strong>autem</strong></span> <span class='ocrx_word' id='word_1_639' title='bbox 3076 3721 3144 3777; x_wconf 90' lang='lat' dir='ltr'><strong>ad</strong></span> <span class='ocrx_word' id='word_1_640' title='bbox 3165 3721 3342 3778; x_wconf 88' lang='lat' dir='ltr'><strong>Deum</strong></span> <span class='ocrx_word' id='word_1_641' title='bbox 3374 3720 3576 3776; x_wconf 86' lang='lat' dir='ltr'><strong>merito</strong></span> <span class='ocrx_word' id='word_1_642' title='bbox 3602 3715 3792 3774; x_wconf 78' lang='lat' dir='ltr'><strong>extollit</strong></span> 
     </span>
    </p>
   </div>
   <div class='ocr_carea' id='block_1_83' title="bbox 2211 3809 3792 3889">
    <p class='ocr_par' dir='ltr' id='par_1_83' title="bbox 2211 3809 3792 3889">
     <span class='ocr_line' id='line_1_83' title="bbox 2211 3809 3792 3889; baseline -0.007 -17"><span class='ocrx_word' id='word_1_643' title='bbox 2211 3833 2424 3884; x_wconf 87' lang='lat' dir='ltr'><strong>manus,</strong></span> <span class='ocrx_word' id='word_1_644' title='bbox 2461 3817 2555 3872; x_wconf 92' lang='lat' dir='ltr'><strong>ille</strong></span> <span class='ocrx_word' id='word_1_645' title='bbox 2581 3825 2774 3889; x_wconf 84' lang='lat' dir='ltr'><strong>preces</strong></span> <span class='ocrx_word' id='word_1_646' title='bbox 2807 3817 2947 3871; x_wconf 87' lang='lat' dir='ltr'><strong>bona</strong></span> <span class='ocrx_word' id='word_1_647' title='bbox 2977 3815 3320 3872; x_wconf 87' lang='lat' dir='ltr'><strong>conscientia</strong></span> <span class='ocrx_word' id='word_1_648' title='bbox 3355 3811 3559 3878; x_wconf 90' lang='lat' dir='ltr'><strong>fundit,</strong></span> <span class='ocrx_word' id='word_1_649' title='bbox 3596 3809 3682 3881; x_wconf 88' lang='lat' dir='ltr'><strong>qui</strong></span> <span class='ocrx_word' id='word_1_650' title='bbox 3704 3823 3792 3879; x_wconf 88' lang='lat' dir='ltr'><strong>po-</strong></span> 
     </span>
    </p>
   </div>
   <div class='ocr_carea' id='block_1_84' title="bbox 2210 3907 3792 3979">
    <p class='ocr_par' dir='ltr' id='par_1_84' title="bbox 2210 3907 3792 3979">
     <span class='ocr_line' id='line_1_84' title="bbox 2210 3907 3792 3979; baseline -0.006 -13"><span class='ocrx_word' id='word_1_651' title='bbox 2210 3919 2319 3967; x_wconf 87' lang='lat' dir='ltr'><strong>test</strong></span> <span class='ocrx_word' id='word_1_652' title='bbox 2347 3911 2530 3967; x_wconf 89' lang='lat' dir='ltr'><strong>dicere</strong></span> <span class='ocrx_word' id='word_1_653' title='bbox 2556 3929 2570 3967; x_wconf 88' lang='lat'><strong>:</strong></span> <span class='ocrx_word' id='word_1_654' title='bbox 2602 3909 2684 3965; x_wconf 87' lang='lat' dir='ltr'><strong>&#39;l‘u</strong></span> <span class='ocrx_word' id='word_1_655' title='bbox 2715 3910 2882 3975; x_wconf 89' lang='lat' dir='ltr'><strong>nosti,</strong></span> <span class='ocrx_word' id='word_1_656' title='bbox 2914 3907 3164 3978; x_wconf 88' lang='lat' dir='ltr'><strong>Domine,</strong></span> <span class='ocrx_word' id='word_1_657' title='bbox 3199 3922 3367 3979; x_wconf 86' lang='lat' dir='ltr'><strong>quam</strong></span> <span class='ocrx_word' id='word_1_658' title='bbox 3393 3912 3620 3972; x_wconf 56' lang='lat' dir='ltr'><strong>sancta,</strong></span> <span class='ocrx_word' id='word_1_659' title='bbox 3651 3915 3792 3974; x_wconf 84' lang='lat' dir='ltr'><strong>quam</strong></span> 
     </span>
    </p>
   </div>
   <div class='ocr_carea' id='block_1_85' title="bbox 2209 3995 3795 4076">
    <p class='ocr_par' dir='ltr' id='par_1_85' title="bbox 2209 3995 3795 4076">
     <span class='ocr_line' id='line_1_85' title="bbox 2209 3995 3795 4076; baseline -0.008 -16"><span class='ocrx_word' id='word_1_660' title='bbox 2209 4005 2560 4072; x_wconf 87' lang='lat' dir='ltr'><strong>innocentes,</strong></span> <span class='ocrx_word' id='word_1_661' title='bbox 2588 4019 2752 4076; x_wconf 89' lang='lat' dir='ltr'><strong>quam</strong></span> <span class='ocrx_word' id='word_1_662' title='bbox 2780 4018 2929 4076; x_wconf 83' lang='lat' dir='ltr'><strong>purae</strong></span> <span class='ocrx_word' id='word_1_663' title='bbox 2954 4004 3064 4058; x_wconf 86' lang='lat' dir='ltr'><strong>sint</strong></span> <span class='ocrx_word' id='word_1_664' title='bbox 3091 4003 3164 4058; x_wconf 90' lang='lat' dir='ltr'><strong>ab</strong></span> <span class='ocrx_word' id='word_1_665' title='bbox 3189 4001 3347 4060; x_wconf 87' lang='lat' dir='ltr'><strong>omni</strong></span> <span class='ocrx_word' id='word_1_666' title='bbox 3373 4000 3567 4058; x_wconf 78' lang='lat' dir='ltr'><strong>fraude</strong></span> <span class='ocrx_word' id='word_1_667' title='bbox 3595 4006 3649 4056; x_wconf 89' lang='lat' dir='ltr'><strong>et</strong></span> <span class='ocrx_word' id='word_1_668' title='bbox 3674 3995 3795 4066; x_wconf 86' lang='lat' dir='ltr'><strong>inju-</strong></span> 
     </span>
    </p>
   </div>
   <div class='ocr_carea' id='block_1_86' title="bbox 2209 4094 3794 4167">
    <p class='ocr_par' dir='ltr' id='par_1_86' title="bbox 2209 4094 3794 4167">
     <span class='ocr_line' id='line_1_86' title="bbox 2209 4094 3794 4167; baseline -0.008 -15"><span class='ocrx_word' id='word_1_669' title='bbox 2209 4096 2286 4152; x_wconf 86' lang='lat' dir='ltr'><strong>ria</strong></span> <span class='ocrx_word' id='word_1_670' title='bbox 2330 4104 2386 4152; x_wconf 91' lang='lat' dir='ltr'><strong>et</strong></span> <span class='ocrx_word' id='word_1_671' title='bbox 2426 4096 2635 4167; x_wconf 89' lang='lat' dir='ltr'><strong>rapina,</strong></span> <span class='ocrx_word' id='word_1_672' title='bbox 2669 4109 2802 4166; x_wconf 81' lang='lat' dir='ltr'><strong>quas</strong></span> <span class='ocrx_word' id='word_1_673' title='bbox 2843 4095 2911 4151; x_wconf 91' lang='lat' dir='ltr'><strong>ad</strong></span> <span class='ocrx_word' id='word_1_674' title='bbox 2942 4105 2993 4150; x_wconf 90' lang='lat' dir='ltr'><strong>te</strong></span> <span class='ocrx_word' id='word_1_675' title='bbox 3029 4094 3307 4165; x_wconf 80' lang='lat' dir='ltr'><strong>expando,</strong></span> <span class='ocrx_word' id='word_1_676' title='bbox 3365 4105 3602 4151; x_wconf 82' lang='lat' dir='ltr'><strong>manus:</strong></span> <span class='ocrx_word' id='word_1_677' title='bbox 3651 4101 3794 4160; x_wconf 87' lang='lat' dir='ltr'><strong>quam</strong></span> 
     </span>
    </p>
   </div>
   <div class='ocr_carea' id='block_1_87' title="bbox 2203 4180 3795 4264">
    <p class='ocr_par' dir='ltr' id='par_1_87' title="bbox 2203 4180 3795 4264">
     <span class='ocr_line' id='line_1_87' title="bbox 2203 4180 3795 4264; baseline -0.008 -17"><span class='ocrx_word' id='word_1_678' title='bbox 2203 4192 2372 4264; x_wconf 86' lang='lat' dir='ltr'><strong>justa,</strong></span> <span class='ocrx_word' id='word_1_679' title='bbox 2403 4206 2567 4262; x_wconf 88' lang='lat' dir='ltr'><strong>quam</strong></span> <span class='ocrx_word' id='word_1_680' title='bbox 2599 4189 2946 4246; x_wconf 82' lang='lat' dir='ltr'><strong>immaculata</strong></span> <span class='ocrx_word' id='word_1_681' title='bbox 2976 4188 3118 4244; x_wconf 88' lang='lat' dir='ltr'><strong>labia</strong></span> <span class='ocrx_word' id='word_1_682' title='bbox 3145 4198 3197 4244; x_wconf 89' lang='lat' dir='ltr'><strong>et</strong></span> <span class='ocrx_word' id='word_1_683' title='bbox 3229 4187 3304 4242; x_wconf 90' lang='lat' dir='ltr'><strong>ab</strong></span> <span class='ocrx_word' id='word_1_684' title='bbox 3333 4187 3490 4245; x_wconf 90' lang='lat' dir='ltr'><strong>omni</strong></span> <span class='ocrx_word' id='word_1_685' title='bbox 3530 4180 3795 4241; x_wconf 83' lang='lat' dir='ltr'><strong>mendacio</strong></span> 
     </span>
    </p>
   </div>
   <div class='ocr_carea' id='block_1_88' title="bbox 2208 4275 3793 4356">
    <p class='ocr_par' dir='ltr' id='par_1_88' title="bbox 2208 4275 3793 4356">
     <span class='ocr_line' id='line_1_88' title="bbox 2208 4275 3793 4356; baseline -0.008 -16"><span class='ocrx_word' id='word_1_686' title='bbox 2208 4285 2402 4350; x_wconf 90' lang='lat' dir='ltr'><strong>libera,</strong></span> <span class='ocrx_word' id='word_1_687' title='bbox 2433 4283 2629 4356; x_wconf 86' lang='lat' dir='ltr'><strong>quibus</strong></span> <span class='ocrx_word' id='word_1_688' title='bbox 2650 4281 2770 4352; x_wconf 90' lang='lat' dir='ltr'><strong>tibi,</strong></span> <span class='ocrx_word' id='word_1_689' title='bbox 2796 4281 3002 4338; x_wconf 86' lang='lat' dir='ltr'><strong>utmihi</strong></span> <span class='ocrx_word' id='word_1_690' title='bbox 3021 4281 3371 4345; x_wconf 77' lang='lat' dir='ltr'><strong>miserearis,</strong></span> <span class='ocrx_word' id='word_1_691' title='bbox 3403 4291 3603 4350; x_wconf 86' lang='lat' dir='ltr'><strong>preces</strong></span> <span class='ocrx_word' id='word_1_692' title='bbox 3628 4275 3793 4332; x_wconf 87' lang='lat' dir='ltr'><strong>fundo.</strong></span> 
     </span>
    </p>
   </div>
   <div class='ocr_carea' id='block_1_89' title="bbox 2207 4371 3795 4450">
    <p class='ocr_par' dir='ltr' id='par_1_89' title="bbox 2207 4371 3795 4450">
     <span class='ocr_line' id='line_1_89' title="bbox 2207 4371 3795 4450; baseline -0.005 -18"><span class='ocrx_word' id='word_1_693' title='bbox 2207 4376 2257 4450; x_wconf 75' lang='grc' dir='ltr'><strong>[ά</strong></span> <span class='ocrx_word' id='word_1_694' title='bbox 2279 4377 2427 4433; x_wconf 86' lang='lat' dir='ltr'><strong>Talis</strong></span> <span class='ocrx_word' id='word_1_695' title='bbox 2453 4378 2595 4432; x_wconf 89' lang='lat' dir='ltr'><strong>enim</strong></span> <span class='ocrx_word' id='word_1_696' title='bbox 2625 4377 2733 4431; x_wconf 90' lang='lat' dir='ltr'><strong>cito</strong></span> <span class='ocrx_word' id='word_1_697' title='bbox 2763 4378 3006 4431; x_wconf 86' lang='lat' dir='ltr'><strong>meretur</strong></span> <span class='ocrx_word' id='word_1_698' title='bbox 3041 4371 3250 4436; x_wconf 90' lang='lat' dir='ltr'><strong>audiri,</strong></span> <span class='ocrx_word' id='word_1_699' title='bbox 3293 4382 3352 4428; x_wconf 90' lang='lat' dir='ltr'><strong>et</strong></span> <span class='ocrx_word' id='word_1_700' title='bbox 3381 4380 3676 4443; x_wconf 82' lang='lat' dir='ltr'><strong>antequam</strong></span> <span class='ocrx_word' id='word_1_701' title='bbox 3716 4380 3795 4440; x_wconf 80' lang='lat' dir='ltr'><strong>pe-</strong></span> 
     </span>
    </p>
   </div>
   <div class='ocr_carea' id='block_1_90' title="bbox 2207 4461 3794 4540">
    <p class='ocr_par' dir='ltr' id='par_1_90' title="bbox 2207 4461 3794 4540">
     <span class='ocr_line' id='line_1_90' title="bbox 2207 4461 3794 4540; baseline -0.008 -15"><span class='ocrx_word' id='word_1_702' title='bbox 2207 4470 2350 4526; x_wconf 90' lang='lat' dir='ltr'><strong>nitus</strong></span> <span class='ocrx_word' id='word_1_703' title='bbox 2373 4483 2563 4540; x_wconf 90' lang='lat' dir='ltr'><strong>preces</strong></span> <span class='ocrx_word' id='word_1_704' title='bbox 2586 4465 2830 4539; x_wconf 86' lang='lat' dir='ltr'><strong>fundat,]</strong></span> <span class='ocrx_word' id='word_1_705' title='bbox 2857 4475 3034 4537; x_wconf 89' lang='lat' dir='ltr'><strong>potest</strong></span> <span class='ocrx_word' id='word_1_706' title='bbox 3059 4464 3360 4535; x_wconf 82' lang='lat' dir='ltr'><strong>impetrare</strong></span> <span class='ocrx_word' id='word_1_707' title='bbox 3383 4463 3533 4536; x_wconf 87' lang='lat' dir='ltr'><strong>quod</strong></span> <span class='ocrx_word' id='word_1_708' title='bbox 3560 4461 3794 4534; x_wconf 83' lang='lat' dir='ltr'><strong>postulat.</strong></span> 
     </span>
    </p>
   </div>
   <div class='ocr_carea' id='block_1_91' title="bbox 2279 4555 3795 4631">
    <p class='ocr_par' dir='ltr' id='par_1_91' title="bbox 2279 4555 3795 4631">
     <span class='ocr_line' id='line_1_91' title="bbox 2279 4555 3795 4631; baseline -0.005 -13"><span class='ocrx_word' id='word_1_709' title='bbox 2279 4563 2405 4618; x_wconf 89' lang='lat' dir='ltr'><strong>Scio</strong></span> <span class='ocrx_word' id='word_1_710' title='bbox 2433 4562 2578 4618; x_wconf 91' lang='lat' dir='ltr'><strong>enim</strong></span> <span class='ocrx_word' id='word_1_711' title='bbox 2610 4575 2732 4616; x_wconf 88' lang='lat' dir='ltr'><strong>esse</strong></span> <span class='ocrx_word' id='word_1_712' title='bbox 2759 4574 2895 4631; x_wconf 88' lang='lat' dir='ltr'><strong>quos</strong></span> <span class='ocrx_word' id='word_1_713' title='bbox 2925 4560 2996 4614; x_wconf 85' lang='lat' dir='ltr'><strong>ita</strong></span> <span class='ocrx_word' id='word_1_714' title='bbox 3031 4557 3289 4629; x_wconf 64' lang='lat' dir='ltr'><strong>nequitiae</strong></span> <span class='ocrx_word' id='word_1_715' title='bbox 3321 4567 3381 4616; x_wconf 89' lang='lat' dir='ltr'><strong>et</strong></span> <span class='ocrx_word' id='word_1_716' title='bbox 3412 4555 3659 4615; x_wconf 58' lang='lat' dir='ltr'><strong>avaritia</strong></span> <span class='ocrx_word' id='word_1_717' title='bbox 3686 4569 3795 4628; x_wconf 88' lang='lat' dir='ltr'><strong>pro-</strong></span> 
     </span>
    </p>
   </div>
   <div class='ocr_carea' id='block_1_92' title="bbox 515 4630 3798 4726">
    <p class='ocr_par' dir='ltr' id='par_1_92' title="bbox 515 4630 3798 4726">
     <span class='ocr_line' id='line_1_92' title="bbox 515 4630 3798 4726; baseline -0.005 -24"><span class='ocrx_word' id='word_1_718' title='bbox 515 4646 627 4704; x_wconf 86' lang='lat' dir='ltr'><strong>Deo</strong></span> <span class='ocrx_word' id='word_1_719' title='bbox 655 4647 709 4703; x_wconf 90' lang='lat' dir='ltr'><strong>in</strong></span> <span class='ocrx_word' id='word_1_720' title='bbox 735 4647 943 4704; x_wconf 87' lang='lat' dir='ltr'><strong>odorem</strong></span> <span class='ocrx_word' id='word_1_721' title='bbox 970 4648 1261 4702; x_wconf 85' lang='lat' dir='ltr'><strong>suavitatis.</strong></span> <span class='ocrx_word' id='word_1_722' title='bbox 1295 4645 1634 4720; x_wconf 85' lang='lat' dir='ltr'><strong>Impudicitia</strong></span> <span class='ocrx_word' id='word_1_723' title='bbox 1661 4657 1829 4703; x_wconf 90' lang='lat' dir='ltr'><strong>autem</strong></span> <span class='ocrx_word' id='word_1_724' title='bbox 1857 4655 1904 4701; x_wconf 87' lang='lat' dir='ltr'><strong>et</strong></span> <span class='ocrx_word' id='word_1_725' title='bbox 1935 4645 2101 4701; x_wconf 84' lang='lat' dir='ltr'><strong>omnis</strong></span> <span class='ocrx_word' id='word_1_726' title='bbox 2127 4630 2184 4694; x_wconf 89' lang='lat' dir='ltr'><strong>D</strong></span> <span class='ocrx_word' id='word_1_727' title='bbox 2209 4655 2375 4711; x_wconf 65' lang='lat' dir='ltr'><strong>funda</strong></span> <span class='ocrx_word' id='word_1_728' title='bbox 2405 4655 2579 4726; x_wconf 55' lang='lat' dir='ltr'><strong>caligo</strong></span> <span class='ocrx_word' id='word_1_729' title='bbox 2609 4630 2829 4710; x_wconf 55' lang='lat' dir='ltr'><strong>meavit</strong></span> <span class='ocrx_word' id='word_1_730' title='bbox 2848 4693 2862 4718; x_wconf 59' lang='lat'><strong><em>,</em></strong></span> <span class='ocrx_word' id='word_1_731' title='bbox 2896 4659 2956 4708; x_wconf 77' lang='grc' dir='ltr'><strong>ιη</strong></span> <span class='ocrx_word' id='word_1_732' title='bbox 2985 4667 3108 4708; x_wconf 72' lang='lat' dir='ltr'><strong>cum</strong></span> <span class='ocrx_word' id='word_1_733' title='bbox 3140 4651 3251 4707; x_wconf 59' lang='lat' dir='ltr'><strong>illis</strong></span> <span class='ocrx_word' id='word_1_734' title='bbox 3284 4667 3564 4723; x_wconf 65' lang='grc' dir='ltr'><strong>ρτοψεη</strong></span> <span class='ocrx_word' id='word_1_735' title='bbox 3591 4649 3798 4708; x_wconf 59' lang='lat' dir='ltr'><strong>cessem</strong></span> 
     </span>
    </p>
   </div>
   <div class='ocr_carea' id='block_1_93' title="bbox 509 4740 2100 4806">
    <p class='ocr_par' dir='ltr' id='par_1_93' title="bbox 509 4740 2100 4806">
     <span class='ocr_line' id='line_1_93' title="bbox 509 4740 2100 4806; baseline -0.001 -11"><span class='ocrx_word' id='word_1_736' title='bbox 509 4742 843 4796; x_wconf 84' lang='lat' dir='ltr'><strong>immunditia</strong></span> <span class='ocrx_word' id='word_1_737' title='bbox 871 4751 918 4795; x_wconf 89' lang='lat' dir='ltr'><strong>et</strong></span> <span class='ocrx_word' id='word_1_738' title='bbox 943 4741 1161 4796; x_wconf 83' lang='lat' dir='ltr'><strong>avaritia</strong></span> <span class='ocrx_word' id='word_1_739' title='bbox 1205 4757 1294 4794; x_wconf 89' lang='lat' dir='ltr'><strong>nec</strong></span> <span class='ocrx_word' id='word_1_740' title='bbox 1334 4741 1624 4794; x_wconf 90' lang='lat' dir='ltr'><strong>nominetur</strong></span> <span class='ocrx_word' id='word_1_741' title='bbox 1667 4741 1796 4794; x_wconf 83' lang='lat' dir='ltr'><strong>inter</strong></span> <span class='ocrx_word' id='word_1_742' title='bbox 1834 4757 1942 4806; x_wconf 84' lang='lat' dir='ltr'><strong>vos,</strong></span> <span class='ocrx_word' id='word_1_743' title='bbox 1967 4740 2100 4794; x_wconf 87' lang='lat' dir='ltr'><strong>sicut</strong></span> 
     </span>
    </p>
   </div>
   <div class='ocr_carea' id='block_1_94' title="bbox 511 4832 2100 4905">
    <p class='ocr_par' dir='ltr' id='par_1_94' title="bbox 511 4832 2100 4905">
     <span class='ocr_line' id='line_1_94' title="bbox 511 4832 2100 4905; baseline 0 -18"><span class='ocrx_word' id='word_1_744' title='bbox 511 4833 654 4888; x_wconf 86' lang='lat' dir='ltr'><strong>decet</strong></span> <span class='ocrx_word' id='word_1_745' title='bbox 698 4841 922 4899; x_wconf 89' lang='lat' dir='ltr'><strong>sanctos,</strong></span> <span class='ocrx_word' id='word_1_746' title='bbox 952 4843 1042 4888; x_wconf 89' lang='lat' dir='ltr'><strong>aut</strong></span> <span class='ocrx_word' id='word_1_747' title='bbox 1083 4832 1369 4905; x_wconf 88' lang='lat' dir='ltr'><strong>turpitudo,</strong></span> <span class='ocrx_word' id='word_1_748' title='bbox 1427 4840 1518 4886; x_wconf 90' lang='lat' dir='ltr'><strong>aut</strong></span> <span class='ocrx_word' id='word_1_749' title='bbox 1564 4833 1961 4903; x_wconf 87' lang='lat' dir='ltr'><strong>stultiloquium,</strong></span> <span class='ocrx_word' id='word_1_750' title='bbox 2007 4841 2100 4887; x_wconf 91' lang='lat' dir='ltr'><strong>aut</strong></span> 
     </span>
    </p>
   </div>
   <div class='ocr_carea' id='block_1_95' title="bbox 507 4923 2098 4996">
    <p class='ocr_par' dir='ltr' id='par_1_95' title="bbox 507 4923 2098 4996">
     <span class='ocr_line' id='line_1_95' title="bbox 507 4923 2098 4996; baseline -0.001 -16"><span class='ocrx_word' id='word_1_751' title='bbox 507 4924 797 4981; x_wconf 85' lang='lat' dir='ltr'><strong>scurrilitas</strong></span> <span class='ocrx_word' id='word_1_752' title='bbox 826 4940 940 4994; x_wconf 79' lang='lat' dir='ltr'><strong>qua:</strong></span> <span class='ocrx_word' id='word_1_753' title='bbox 967 4923 1036 4978; x_wconf 91' lang='lat' dir='ltr'><strong>ad</strong></span> <span class='ocrx_word' id='word_1_754' title='bbox 1064 4941 1175 4979; x_wconf 88' lang='lat' dir='ltr'><strong>rem</strong></span> <span class='ocrx_word' id='word_1_755' title='bbox 1202 4940 1303 4978; x_wconf 86' lang='lat' dir='ltr'><strong>non</strong></span> <span class='ocrx_word' id='word_1_756' title='bbox 1331 4924 1570 4996; x_wconf 88' lang='lat' dir='ltr'><strong>pertinet,</strong></span> <span class='ocrx_word' id='word_1_757' title='bbox 1600 4924 1690 4978; x_wconf 86' lang='lat' dir='ltr'><strong>sed</strong></span> <span class='ocrx_word' id='word_1_758' title='bbox 1719 4925 1879 4995; x_wconf 88' lang='lat' dir='ltr'><strong>magis</strong></span> <span class='ocrx_word' id='word_1_759' title='bbox 1904 4926 2098 4994; x_wconf 86' lang='lat' dir='ltr'><strong>gratia-</strong></span> 
     </span>
    </p>
   </div>
   <div class='ocr_carea' id='block_1_96' title="bbox 507 5018 2091 5090">
    <p class='ocr_par' dir='ltr' id='par_1_96' title="bbox 507 5018 2091 5090">
     <span class='ocr_line' id='line_1_96' title="bbox 507 5018 2091 5090; baseline -0.001 -15"><span class='ocrx_word' id='word_1_760' title='bbox 507 5037 620 5076; x_wconf 90' lang='lat' dir='ltr'><strong>rum</strong></span> <span class='ocrx_word' id='word_1_761' title='bbox 656 5022 812 5076; x_wconf 88' lang='lat' dir='ltr'><strong>actio.</strong></span> <span class='ocrx_word' id='word_1_762' title='bbox 846 5018 962 5074; x_wconf 84' lang='lat' dir='ltr'><strong>Hoc</strong></span> <span class='ocrx_word' id='word_1_763' title='bbox 989 5019 1125 5074; x_wconf 87' lang='lat' dir='ltr'><strong>enim</strong></span> <span class='ocrx_word' id='word_1_764' title='bbox 1169 5020 1370 5085; x_wconf 89' lang='lat' dir='ltr'><strong>scitote,</strong></span> <span class='ocrx_word' id='word_1_765' title='bbox 1411 5022 1551 5090; x_wconf 87' lang='lat' dir='ltr'><strong>quod</strong></span> <span class='ocrx_word' id='word_1_766' title='bbox 1581 5020 1746 5074; x_wconf 87' lang='lat' dir='ltr'><strong>omnis</strong></span> <span class='ocrx_word' id='word_1_767' title='bbox 1778 5019 2091 5089; x_wconf 87' lang='lat' dir='ltr'><strong>impudicus,</strong></span> 
     </span>
    </p>
   </div>
   <div class='ocr_carea' id='block_1_97' title="bbox 505 5111 2089 5184">
    <p class='ocr_par' dir='ltr' id='par_1_97' title="bbox 505 5111 2089 5184">
     <span class='ocr_line' id='line_1_97' title="bbox 505 5111 2089 5184; baseline 0.001 -17"><span class='ocrx_word' id='word_1_768' title='bbox 505 5126 596 5168; x_wconf 90' lang='lat' dir='ltr'><strong>aut</strong></span> <span class='ocrx_word' id='word_1_769' title='bbox 624 5114 939 5182; x_wconf 85' lang='lat' dir='ltr'><strong>immundus,</strong></span> <span class='ocrx_word' id='word_1_770' title='bbox 971 5121 1059 5167; x_wconf 88' lang='lat' dir='ltr'><strong>aut</strong></span> <span class='ocrx_word' id='word_1_771' title='bbox 1081 5129 1286 5180; x_wconf 81' lang='lat' dir='ltr'><strong>avarus,</strong></span> <span class='ocrx_word' id='word_1_772' title='bbox 1315 5113 1451 5184; x_wconf 89' lang='lat' dir='ltr'><strong>quod</strong></span> <span class='ocrx_word' id='word_1_773' title='bbox 1472 5122 1547 5167; x_wconf 90' lang='lat' dir='ltr'><strong>est</strong></span> <span class='ocrx_word' id='word_1_774' title='bbox 1574 5111 1831 5166; x_wconf 87' lang='lat' dir='ltr'><strong>idolorum</strong></span> <span class='ocrx_word' id='word_1_775' title='bbox 1856 5113 2089 5178; x_wconf 81' lang='lat' dir='ltr'><strong>servitus,</strong></span> 
     </span>
    </p>
   </div>
   <div class='ocr_carea' id='block_1_98' title="bbox 504 5204 2093 5277">
    <p class='ocr_par' dir='ltr' id='par_1_98' title="bbox 504 5204 2093 5277">
     <span class='ocr_line' id='line_1_98' title="bbox 504 5204 2093 5277; baseline 0.001 -16"><span class='ocrx_word' id='word_1_776' title='bbox 504 5223 607 5261; x_wconf 88' lang='lat' dir='ltr'><strong>non</strong></span> <span class='ocrx_word' id='word_1_777' title='bbox 635 5207 728 5263; x_wconf 84' lang='lat' dir='ltr'><strong>erit</strong></span> <span class='ocrx_word' id='word_1_778' title='bbox 756 5207 918 5262; x_wconf 75' lang='lat' dir='ltr'><strong>hwres</strong></span> <span class='ocrx_word' id='word_1_779' title='bbox 957 5207 1011 5260; x_wconf 89' lang='lat' dir='ltr'><strong>in</strong></span> <span class='ocrx_word' id='word_1_780' title='bbox 1051 5221 1209 5277; x_wconf 85' lang='lat' dir='ltr'><strong>regno</strong></span> <span class='ocrx_word' id='word_1_781' title='bbox 1235 5205 1430 5261; x_wconf 86' lang='lat' dir='ltr'><strong>Christi</strong></span> <span class='ocrx_word' id='word_1_782' title='bbox 1472 5214 1519 5261; x_wconf 90' lang='lat' dir='ltr'><strong>et</strong></span> <span class='ocrx_word' id='word_1_783' title='bbox 1570 5205 1662 5260; x_wconf 88' lang='lat' dir='ltr'><strong>Dei</strong></span> <span class='ocrx_word' id='word_1_784' title='bbox 1699 5204 1916 5276; x_wconf 83' lang='lat' dir='ltr'><strong>(Epltes.</strong></span> <span class='ocrx_word' id='word_1_785' title='bbox 1946 5222 1998 5272; x_wconf 89' lang='lat' dir='ltr'><strong>v,</strong></span> <span class='ocrx_word' id='word_1_786' title='bbox 2038 5207 2093 5262; x_wconf 88' lang='lat' dir='ltr'><strong>I-</strong></span> 
     </span>
    </p>
   </div>
   <div class='ocr_carea' id='block_1_99' title="bbox 455 5295 2094 5376">
    <p class='ocr_par' dir='ltr' id='par_1_99' title="bbox 455 5295 2094 5376">
     <span class='ocr_line' id='line_1_99' title="bbox 455 5295 2094 5376; baseline 0.001 -23"><span class='ocrx_word' id='word_1_787' title='bbox 455 5374 457 5376; x_wconf 16' lang='grc' dir='ltr'><strong>η</strong></span> <span class='ocrx_word' id='word_1_788' title='bbox 505 5295 583 5370; x_wconf 81' lang='lat'><strong>5).</strong></span> <span class='ocrx_word' id='word_1_789' title='bbox 617 5298 710 5356; x_wconf 91' lang='lat' dir='ltr'><strong>Ille</strong></span> <span class='ocrx_word' id='word_1_790' title='bbox 737 5313 796 5355; x_wconf 87' lang='lat' dir='ltr'><strong>se</strong></span> <span class='ocrx_word' id='word_1_791' title='bbox 822 5297 1019 5356; x_wconf 86' lang='lat' dir='ltr'><strong>merito</strong></span> <span class='ocrx_word' id='word_1_792' title='bbox 1043 5297 1408 5355; x_wconf 86' lang='lat' dir='ltr'><strong>Christianum</strong></span> <span class='ocrx_word' id='word_1_793' title='bbox 1435 5296 1657 5366; x_wconf 89' lang='lat' dir='ltr'><strong>judicet,</strong></span> <span class='ocrx_word' id='word_1_794' title='bbox 1697 5299 1786 5366; x_wconf 91' lang='lat' dir='ltr'><strong>qui</strong></span> <span class='ocrx_word' id='word_1_795' title='bbox 1814 5297 1928 5353; x_wconf 72' lang='lat' dir='ltr'><strong>hinc</strong></span> <span class='ocrx_word' id='word_1_796' title='bbox 1953 5312 2094 5368; x_wconf 71' lang='lat' dir='ltr'><strong>pra:-</strong></span> 
     </span>
    </p>
   </div>
   <div class='ocr_carea' id='block_1_100' title="bbox 453 5377 2092 5462">
    <p class='ocr_par' dir='ltr' id='par_1_100' title="bbox 453 5377 2092 5462">
     <span class='ocr_line' id='line_1_100' title="bbox 453 5377 2092 5462; baseline 0.003 -17"><span class='ocrx_word' id='word_1_797' title='bbox 453 5377 458 5458; x_wconf 67' lang='grc' dir='ltr'>ξ</span> <span class='ocrx_word' id='word_1_798' title='bbox 503 5399 660 5461; x_wconf 91' lang='lat' dir='ltr'><strong>cepta</strong></span> <span class='ocrx_word' id='word_1_799' title='bbox 687 5391 945 5459; x_wconf 89' lang='lat' dir='ltr'><strong>custodit,</strong></span> <span class='ocrx_word' id='word_1_800' title='bbox 978 5391 1071 5462; x_wconf 92' lang='lat' dir='ltr'><strong>qui</strong></span> <span class='ocrx_word' id='word_1_801' title='bbox 1120 5398 1361 5456; x_wconf 91' lang='lat' dir='ltr'><strong>sanctus,</strong></span> <span class='ocrx_word' id='word_1_802' title='bbox 1408 5389 1624 5444; x_wconf 91' lang='lat' dir='ltr'><strong>humilis</strong></span> <span class='ocrx_word' id='word_1_803' title='bbox 1666 5397 1721 5445; x_wconf 90' lang='lat' dir='ltr'><strong>et</strong></span> <span class='ocrx_word' id='word_1_804' title='bbox 1765 5390 1993 5461; x_wconf 85' lang='lat' dir='ltr'><strong>pudicus</strong></span> <span class='ocrx_word' id='word_1_805' title='bbox 2036 5401 2092 5450; x_wconf 89' lang='lat' dir='ltr'><strong>et</strong></span> 
     </span>
    </p>
   </div>
   <div class='ocr_carea' id='block_1_101' title="bbox 453 5473 2089 5556">
    <p class='ocr_par' dir='ltr' id='par_1_101' title="bbox 453 5473 2089 5556">
     <span class='ocr_line' id='line_1_101' title="bbox 453 5473 2089 5556; baseline 0.004 -18"><span class='ocrx_word' id='word_1_806' title='bbox 453 5473 457 5476; x_wconf 68' lang='grc'><strong>’</strong></span> <span class='ocrx_word' id='word_1_807' title='bbox 499 5483 676 5554; x_wconf 88' lang='lat' dir='ltr'><strong>justus</strong></span> <span class='ocrx_word' id='word_1_808' title='bbox 701 5495 805 5552; x_wconf 89' lang='lat' dir='ltr'><strong>est,</strong></span> <span class='ocrx_word' id='word_1_809' title='bbox 836 5483 928 5556; x_wconf 92' lang='lat' dir='ltr'><strong>qui</strong></span> <span class='ocrx_word' id='word_1_810' title='bbox 969 5485 1021 5540; x_wconf 94' lang='lat' dir='ltr'><strong>in</strong></span> <span class='ocrx_word' id='word_1_811' title='bbox 1069 5482 1456 5540; x_wconf 64' lang='lat' dir='ltr'><strong>misericordiae</strong></span> <span class='ocrx_word' id='word_1_812' title='bbox 1498 5489 1554 5537; x_wconf 90' lang='lat' dir='ltr'><strong>et</strong></span> <span class='ocrx_word' id='word_1_813' title='bbox 1581 5480 1804 5553; x_wconf 70' lang='lat' dir='ltr'><strong>justitite</strong></span> <span class='ocrx_word' id='word_1_814' title='bbox 1834 5485 2089 5556; x_wconf 86' lang='lat' dir='ltr'><strong>operibus</strong></span> 
     </span>
    </p>
   </div>
   <div class='ocr_carea' id='block_1_102' title="bbox 499 5587 874 5636">
    <p class='ocr_par' dir='ltr' id='par_1_102' title="bbox 499 5587 874 5636">
     <span class='ocr_line' id='line_1_102' title="bbox 499 5587 874 5636; baseline 0 -3"><span class='ocrx_word' id='word_1_815' title='bbox 499 5587 874 5636; x_wconf 87' lang='lat' dir='ltr'><strong>conversatur.</strong></span> 
     </span>
    </p>
   </div>
   <div class='ocr_carea' id='block_1_103' title="bbox 571 5711 1496 5782">
    <p class='ocr_par' dir='ltr' id='par_1_103' title="bbox 571 5711 1496 5782">
     <span class='ocr_line' id='line_1_103' title="bbox 571 5711 1496 5782; baseline -0.002 -16"><span class='ocrx_word' id='word_1_816' title='bbox 571 5718 598 5782; x_wconf 61' lang='grc' dir='ltr'><strong>ξι</strong></span> <span class='ocrx_word' id='word_1_817' title='bbox 636 5711 786 5778; x_wconf 80' lang='lat' dir='ltr'><strong>Mss.,</strong></span> <span class='ocrx_word' id='word_1_818' title='bbox 819 5720 1046 5782; x_wconf 80' lang='lat' dir='ltr'><strong>excepto</strong></span> <span class='ocrx_word' id='word_1_819' title='bbox 1073 5711 1342 5777; x_wconf 80' lang='lat' dir='ltr'><strong>Micliael.,</strong></span> <span class='ocrx_word' id='word_1_820' title='bbox 1377 5711 1496 5766; x_wconf 87' lang='lat' dir='ltr'><strong>mei.</strong></span> 
     </span>
    </p>
   </div>
   <div class='ocr_carea' id='block_1_104' title="bbox 570 5778 1536 5838">
    <p class='ocr_par' dir='ltr' id='par_1_104' title="bbox 570 5778 1536 5838">
     <span class='ocr_line' id='line_1_104' title="bbox 570 5778 1536 5838; baseline 0 -2"><span class='ocrx_word' id='word_1_821' title='bbox 570 5778 596 5817; x_wconf 63' lang='grc' dir='ltr'>δ</span> <span class='ocrx_word' id='word_1_822' title='bbox 638 5782 726 5836; x_wconf 89' lang='lat' dir='ltr'><strong>Sic</strong></span> <span class='ocrx_word' id='word_1_823' title='bbox 754 5783 927 5836; x_wconf 84' lang='lat' dir='ltr'><strong>liolst.</strong></span> <span class='ocrx_word' id='word_1_824' title='bbox 956 5778 1012 5838; x_wconf 79' lang='lat' dir='ltr'><strong>et</strong></span> <span class='ocrx_word' id='word_1_825' title='bbox 1045 5783 1145 5836; x_wconf 86' lang='lat' dir='ltr'><strong>BB.</strong></span> <span class='ocrx_word' id='word_1_826' title='bbox 1179 5783 1345 5837; x_wconf 83' lang='lat' dir='ltr'><strong>Forte</strong></span> <span class='ocrx_word' id='word_1_827' title='bbox 1380 5782 1536 5836; x_wconf 84' lang='lat' dir='ltr'><strong>Nunt.</strong></span> 
     </span>
    </p>
   </div>
   <div class='ocr_carea' id='block_1_105' title="bbox 575 5849 2080 5922">
    <p class='ocr_par' dir='ltr' id='par_1_105' title="bbox 575 5849 2080 5922">
     <span class='ocr_line' id='line_1_105' title="bbox 575 5849 2080 5922; baseline 0.011 -21"><span class='ocrx_word' id='word_1_828' title='bbox 575 5862 592 5887; x_wconf 76' lang='grc' dir='ltr'><strong>σ</strong></span> <span class='ocrx_word' id='word_1_829' title='bbox 635 5849 754 5920; x_wconf 83' lang='lat' dir='ltr'><strong>ipsa</strong></span> <span class='ocrx_word' id='word_1_830' title='bbox 813 5852 1011 5920; x_wconf 74' lang='lat' dir='ltr'><strong>Pelagii</strong></span> <span class='ocrx_word' id='word_1_831' title='bbox 1070 5853 1230 5906; x_wconf 73' lang='lat' dir='ltr'><strong>Vt‘l‘ha</strong></span> <span class='ocrx_word' id='word_1_832' title='bbox 1296 5854 1437 5922; x_wconf 84' lang='lat' dir='ltr'><strong>apud</strong></span> <span class='ocrx_word' id='word_1_833' title='bbox 1492 5855 1710 5910; x_wconf 85' lang='lat' dir='ltr'><strong>Hieron.</strong></span> <span class='ocrx_word' id='word_1_834' title='bbox 1767 5860 1866 5915; x_wconf 85' lang='lat' dir='ltr'><strong>sub</strong></span> <span class='ocrx_word' id='word_1_835' title='bbox 1922 5862 2080 5918; x_wconf 81' lang='lat' dir='ltr'><strong>tinent</strong></span> 
     </span>
    </p>
   </div>
   <div class='ocr_carea' id='block_1_106' title="bbox 2206 4742 3799 4819">
    <p class='ocr_par' dir='ltr' id='par_1_106' title="bbox 2206 4742 3799 4819">
     <span class='ocr_line' id='line_1_106' title="bbox 2206 4742 3799 4819; baseline -0.004 -17"><span class='ocrx_word' id='word_1_836' title='bbox 2206 4747 2348 4819; x_wconf 93' lang='lat' dir='ltr'><strong>quod</strong></span> <span class='ocrx_word' id='word_1_837' title='bbox 2376 4755 2470 4804; x_wconf 89' lang='lat' dir='ltr'><strong>aut</strong></span> <span class='ocrx_word' id='word_1_838' title='bbox 2497 4761 2786 4817; x_wconf 89' lang='lat' dir='ltr'><strong>pauperem</strong></span> <span class='ocrx_word' id='word_1_839' title='bbox 2817 4759 2912 4812; x_wconf 87' lang='lat' dir='ltr'><strong>per</strong></span> <span class='ocrx_word' id='word_1_840' title='bbox 2939 4743 3233 4815; x_wconf 86' lang='lat' dir='ltr'><strong>potentiam</strong></span> <span class='ocrx_word' id='word_1_841' title='bbox 3260 4744 3590 4816; x_wconf 78' lang='lat' dir='ltr'><strong>vinxerint,</strong></span> <span class='ocrx_word' id='word_1_842' title='bbox 3621 4752 3707 4800; x_wconf 87' lang='lat' dir='ltr'><strong>aut</strong></span> <span class='ocrx_word' id='word_1_843' title='bbox 3730 4742 3799 4797; x_wconf 79' lang='lat' dir='ltr'><strong>in-</strong></span> 
     </span>
    </p>
   </div>
   <div class='ocr_carea' id='block_1_107' title="bbox 2208 4837 3799 4912">
    <p class='ocr_par' dir='ltr' id='par_1_107' title="bbox 2208 4837 3799 4912">
     <span class='ocr_line' id='line_1_107' title="bbox 2208 4837 3799 4912; baseline -0.004 -14"><span class='ocrx_word' id='word_1_844' title='bbox 2208 4851 2488 4899; x_wconf 88' lang='lat' dir='ltr'><strong>nocentem</strong></span> <span class='ocrx_word' id='word_1_845' title='bbox 2519 4840 2846 4897; x_wconf 86' lang='lat' dir='ltr'><strong>testimoniis</strong></span> <span class='ocrx_word' id='word_1_846' title='bbox 2878 4839 3026 4895; x_wconf 84' lang='lat' dir='ltr'><strong>falsis</strong></span> <span class='ocrx_word' id='word_1_847' title='bbox 3053 4838 3380 4912; x_wconf 86' lang='lat' dir='ltr'><strong>obruerint,</strong></span> <span class='ocrx_word' id='word_1_848' title='bbox 3412 4851 3512 4896; x_wconf 83' lang='lat' dir='ltr'><strong>aut</strong></span> <span class='ocrx_word' id='word_1_849' title='bbox 3544 4837 3799 4895; x_wconf 78' lang='lat' dir='ltr'><strong>infirmum</strong></span> 
     </span>
    </p>
   </div>
   <div class='ocr_carea' id='block_1_108' title="bbox 2205 4928 3800 5008">
    <p class='ocr_par' dir='ltr' id='par_1_108' title="bbox 2205 4928 3800 5008">
     <span class='ocr_line' id='line_1_108' title="bbox 2205 4928 3800 5008; baseline -0.006 -15"><span class='ocrx_word' id='word_1_850' title='bbox 2205 4937 2404 4993; x_wconf 89' lang='lat' dir='ltr'><strong>virtute</strong></span> <span class='ocrx_word' id='word_1_851' title='bbox 2437 4935 2842 5008; x_wconf 85' lang='lat' dir='ltr'><strong>superaverint,</strong></span> <span class='ocrx_word' id='word_1_852' title='bbox 2877 4945 2971 4990; x_wconf 88' lang='lat' dir='ltr'><strong>aut</strong></span> <span class='ocrx_word' id='word_1_853' title='bbox 3001 4934 3200 4989; x_wconf 89' lang='lat' dir='ltr'><strong>furtum</strong></span> <span class='ocrx_word' id='word_1_854' title='bbox 3243 4932 3495 4990; x_wconf 74' lang='lat' dir='ltr'><strong>fecerint</strong></span> <span class='ocrx_word' id='word_1_855' title='bbox 3535 4939 3631 4989; x_wconf 85' lang='lat' dir='ltr'><strong>aut</strong></span> <span class='ocrx_word' id='word_1_856' title='bbox 3666 4928 3800 5002; x_wconf 82' lang='lat' dir='ltr'><strong>rapi-</strong></span> 
     </span>
    </p>
   </div>
   <div class='ocr_carea' id='block_1_109' title="bbox 2205 5029 3802 5103">
    <p class='ocr_par' dir='ltr' id='par_1_109' title="bbox 2205 5029 3802 5103">
     <span class='ocr_line' id='line_1_109' title="bbox 2205 5029 3802 5103; baseline -0.004 -14"><span class='ocrx_word' id='word_1_857' title='bbox 2205 5048 2329 5090; x_wconf 89' lang='lat' dir='ltr'><strong>nam</strong></span> <span class='ocrx_word' id='word_1_858' title='bbox 2357 5049 2371 5097; x_wconf 90' lang='lat'><strong>;</strong></span> <span class='ocrx_word' id='word_1_859' title='bbox 2409 5033 2518 5088; x_wconf 90' lang='lat' dir='ltr'><strong>Deo</strong></span> <span class='ocrx_word' id='word_1_860' title='bbox 2544 5031 2747 5103; x_wconf 87' lang='lat' dir='ltr'><strong>gratias</strong></span> <span class='ocrx_word' id='word_1_861' title='bbox 2777 5038 2935 5101; x_wconf 83' lang='lat' dir='ltr'><strong>agant</strong></span> <span class='ocrx_word' id='word_1_862' title='bbox 2964 5043 3073 5100; x_wconf 89' lang='lat' dir='ltr'><strong>quo</strong></span> <span class='ocrx_word' id='word_1_863' title='bbox 3101 5029 3414 5100; x_wconf 84' lang='lat' dir='ltr'><strong>opitulante</strong></span> <span class='ocrx_word' id='word_1_864' title='bbox 3443 5029 3576 5086; x_wconf 87' lang='lat' dir='ltr'><strong>talia</strong></span> <span class='ocrx_word' id='word_1_865' title='bbox 3619 5039 3802 5100; x_wconf 83' lang='lat' dir='ltr'><strong>perpe-</strong></span> 
     </span>
    </p>
   </div>
   <div class='ocr_carea' id='block_1_110' title="bbox 2205 5122 3800 5195">
    <p class='ocr_par' dir='ltr' id='par_1_110' title="bbox 2205 5122 3800 5195">
     <span class='ocr_line' id='line_1_110' title="bbox 2205 5122 3800 5195; baseline -0.006 -12"><span class='ocrx_word' id='word_1_866' title='bbox 2205 5136 2376 5184; x_wconf 88' lang='lat' dir='ltr'><strong>trasse</strong></span> <span class='ocrx_word' id='word_1_867' title='bbox 2407 5141 2466 5183; x_wconf 91' lang='lat' dir='ltr'><strong>se</strong></span> <span class='ocrx_word' id='word_1_868' title='bbox 2497 5125 2760 5193; x_wconf 87' lang='lat' dir='ltr'><strong>credunt,</strong></span> <span class='ocrx_word' id='word_1_869' title='bbox 2793 5132 2849 5180; x_wconf 87' lang='lat' dir='ltr'><strong>et</strong></span> <span class='ocrx_word' id='word_1_870' title='bbox 2879 5134 2984 5180; x_wconf 81' lang='lat' dir='ltr'><strong>tam</strong></span> <span class='ocrx_word' id='word_1_871' title='bbox 3016 5124 3258 5195; x_wconf 89' lang='lat' dir='ltr'><strong>iniquum</strong></span> <span class='ocrx_word' id='word_1_872' title='bbox 3309 5122 3494 5181; x_wconf 84' lang='lat' dir='ltr'><strong>Deum</strong></span> <span class='ocrx_word' id='word_1_873' title='bbox 3534 5123 3800 5195; x_wconf 79' lang='lat' dir='ltr'><strong>judicent,</strong></span> 
     </span>
    </p>
   </div>
   <div class='ocr_carea' id='block_1_111' title="bbox 2203 5216 3768 5292">
    <p class='ocr_par' dir='ltr' id='par_1_111' title="bbox 2203 5216 3768 5292">
     <span class='ocr_line' id='line_1_111' title="bbox 2203 5216 3768 5292; baseline -0.006 -15"><span class='ocrx_word' id='word_1_874' title='bbox 2203 5229 2265 5277; x_wconf 87' lang='lat' dir='ltr'><strong>ut</strong></span> <span class='ocrx_word' id='word_1_875' title='bbox 2291 5230 2477 5292; x_wconf 81' lang='lat' dir='ltr'><strong>putent</strong></span> <span class='ocrx_word' id='word_1_876' title='bbox 2501 5234 2624 5278; x_wconf 90' lang='lat' dir='ltr'><strong>eum</strong></span> <span class='ocrx_word' id='word_1_877' title='bbox 2655 5218 2927 5276; x_wconf 88' lang='lat' dir='ltr'><strong>scelerum</strong></span> <span class='ocrx_word' id='word_1_878' title='bbox 2957 5231 3182 5273; x_wconf 90' lang='lat' dir='ltr'><strong>suorum</strong></span> <span class='ocrx_word' id='word_1_879' title='bbox 3213 5216 3396 5275; x_wconf 82' lang='lat' dir='ltr'><strong>fuisse</strong></span> <span class='ocrx_word' id='word_1_880' title='bbox 3423 5217 3768 5290; x_wconf 75' lang='lat' dir='ltr'><strong>participem.</strong></span> 
     </span>
    </p>
   </div>
   <div class='ocr_carea' id='block_1_112' title="bbox 2806 5349 3193 5412">
    <p class='ocr_par' dir='ltr' id='par_1_112' title="bbox 2806 5349 3193 5412">
     <span class='ocr_line' id='line_1_112' title="bbox 2806 5349 3193 5412; baseline -0.005 -3"><span class='ocrx_word' id='word_1_881' title='bbox 2806 5349 3034 5412; x_wconf 78' lang='lat' dir='ltr'><strong>CAPUT</strong></span> <span class='ocrx_word' id='word_1_882' title='bbox 3075 5350 3193 5408; x_wconf 84' lang='lat' dir='ltr'><strong>XII.</strong></span> 
     </span>
    </p>
   </div>
   <div class='ocr_carea' id='block_1_113' title="bbox 2542 5470 3456 5543">
    <p class='ocr_par' dir='ltr' id='par_1_113' title="bbox 2542 5470 3456 5543">
     <span class='ocr_line' id='line_1_113' title="bbox 2542 5470 3456 5543; baseline -0.002 -15"><span class='ocrx_word' id='word_1_883' title='bbox 2542 5471 2898 5543; x_wconf 78' lang='lat' dir='ltr'><strong>Eleemosgnat</strong></span> <span class='ocrx_word' id='word_1_884' title='bbox 2925 5471 2990 5527; x_wconf 90' lang='lat' dir='ltr'><strong>de</strong></span> <span class='ocrx_word' id='word_1_885' title='bbox 3021 5470 3178 5527; x_wconf 84' lang='lat' dir='ltr'><strong>lucris</strong></span> <span class='ocrx_word' id='word_1_886' title='bbox 3206 5471 3456 5542; x_wconf 85' lang='lat' dir='ltr'><strong>injustis.</strong></span> 
     </span>
    </p>
   </div>
   <div class='ocr_carea' id='block_1_114' title="bbox 2268 5583 3794 5656">
    <p class='ocr_par' dir='ltr' id='par_1_114' title="bbox 2268 5583 3794 5656">
     <span class='ocr_line' id='line_1_114' title="bbox 2268 5583 3794 5656; baseline -0.006 -11"><span class='ocrx_word' id='word_1_887' title='bbox 2268 5585 2433 5645; x_wconf 91' lang='lat' dir='ltr'><strong>Stulti</strong></span> <span class='ocrx_word' id='word_1_888' title='bbox 2455 5593 2508 5643; x_wconf 91' lang='lat' dir='ltr'><strong>et</strong></span> <span class='ocrx_word' id='word_1_889' title='bbox 2532 5585 2716 5642; x_wconf 90' lang='lat' dir='ltr'><strong>miseri</strong></span> <span class='ocrx_word' id='word_1_890' title='bbox 2739 5599 2914 5656; x_wconf 90' lang='lat' dir='ltr'><strong>usque</strong></span> <span class='ocrx_word' id='word_1_891' title='bbox 2937 5583 3071 5641; x_wconf 89' lang='lat' dir='ltr'><strong>adeo</strong></span> <span class='ocrx_word' id='word_1_892' title='bbox 3094 5584 3207 5640; x_wconf 88' lang='lat' dir='ltr'><strong>suis</strong></span> <span class='ocrx_word' id='word_1_893' title='bbox 3225 5583 3625 5656; x_wconf 89' lang='lat' dir='ltr'><strong>iniquitatibus</strong></span> <span class='ocrx_word' id='word_1_894' title='bbox 3644 5595 3794 5640; x_wconf 50' lang='lat' dir='ltr'><strong>exex!</strong></span> 
     </span>
    </p>
   </div>
   <div class='ocr_carea' id='block_1_115' title="bbox 2193 5715 3795 5917">
    <p class='ocr_par' dir='ltr' id='par_1_115' title="bbox 2193 5715 3795 5917">
     <span class='ocr_line' id='line_1_115' title="bbox 2193 5715 3795 5917; baseline 0.007 -73"><span class='ocrx_word' id='word_1_895' title='bbox 2193 5715 2422 5917; x_wconf 52' lang='grc' dir='ltr'><strong>ἳιιῗῖιὶῖῗὸ</strong></span> <span class='ocrx_word' id='word_1_896' title='bbox 2452 5792 2534 5874; x_wconf 77' lang='lat' dir='ltr'><strong>his</strong></span> <span class='ocrx_word' id='word_1_897' title='bbox 2560 5791 2735 5850; x_wconf 88' lang='lat' dir='ltr'><strong>verbis</strong></span> <span class='ocrx_word' id='word_1_898' title='bbox 2759 5790 2914 5850; x_wconf 80' lang='lat' dir='ltr'><strong>unica</strong></span> <span class='ocrx_word' id='word_1_899' title='bbox 2941 5791 2995 5847; x_wconf 90' lang='lat' dir='ltr'><strong>in</strong></span> <span class='ocrx_word' id='word_1_900' title='bbox 3025 5805 3155 5849; x_wconf 88' lang='lat' dir='ltr'><strong>mss.</strong></span> <span class='ocrx_word' id='word_1_901' title='bbox 3180 5803 3285 5840; x_wconf 72' lang='lat' dir='ltr'><strong>vox</strong></span> <span class='ocrx_word' id='word_1_902' title='bbox 3313 5791 3400 5842; x_wconf 70' lang='grc' dir='ltr'><strong>α’</strong></span> <span class='ocrx_word' id='word_1_903' title='bbox 3427 5787 3566 5855; x_wconf 65' lang='grc' dir='ltr'><strong><em>ἕστε,</em></strong></span> <span class='ocrx_word' id='word_1_904' title='bbox 3590 5795 3642 5840; x_wconf 70' lang='grc' dir='ltr'><strong>ει</strong></span> <span class='ocrx_word' id='word_1_905' title='bbox 3669 5780 3795 5854; x_wconf 64' lang='grc' dir='ltr'><strong>³1³⁸εὲ</strong></span> 
     </span>
     <span class='ocr_line' id='line_1_116' title="bbox 2243 5878 2537 5917; baseline 0 0"><span class='ocrx_word' id='word_1_906' title='bbox 2243 5881 2272 5917; x_wconf 88' lang='grc'>0</span> <span class='ocrx_word' id='word_1_907' title='bbox 2298 5878 2324 5917; x_wconf 89' lang='lat' dir='ltr'><strong>S</strong></span> <span class='ocrx_word' id='word_1_908' title='bbox 2352 5879 2441 5917; x_wconf 74' lang='lat'><strong>8|).</strong></span> <span class='ocrx_word' id='word_1_909' title='bbox 2473 5880 2537 5917; x_wconf 75' lang='grc' dir='ltr'><strong>ιδ.</strong></span> 
     </span>
    </p>
   </div>
   <div class='ocr_carea' id='block_1_116' title="bbox 2243 5878 2537 5920">
    <p class='ocr_par' dir='ltr' id='par_1_116' title="bbox 2243 5878 2537 5920">
     <span class='ocr_line' id='line_1_117' title="bbox 2243 5878 2537 5920; baseline 0.007 -2"><span class='ocrx_word' id='word_1_910' title='bbox 2243 5878 2441 5918; x_wconf 74' lang='grc' dir='ltr'><strong>οιειειι.</strong></span> <span class='ocrx_word' id='word_1_911' title='bbox 2473 5880 2537 5920; x_wconf 74' lang='grc' dir='ltr'><strong>ιδ.</strong></span> 
     </span>
    </p>
   </div>
  </div>
