3976 6336
218 338 308 400 591
1210 336 1299 395 DE
1342 336 1497 395 VITA
1538 338 1949 399 CHRISTIANA
1989 340 2189 401 LIBER
2231 344 2431 404 UNUS.

3346 350 3452 411 398

222 459 343 524 esti,
368 461 423 512 ut
449 466 549 509 non
578 452 883 526 intelligant
912 453 1021 509 Deo
1054 469 1158 509 non
1188 469 1347 526 posse
1381 455 1591 525 placere
1618 454 1759 527 quod
1789 456 1841 521 Α
1870 458 2036 513 Adam
2066 477 2095 514 a
2122 460 2231 516 Deo
2255 462 2423 516 facins
2450 470 2530 517 est
2558 463 2717 516 homo
2745 463 2949 532 primus
2971 472 2996 503 ι
3019 462 3073 519 in
3104 463 3280 535 primo
3308 472 3451 521 statu
3482 460 3494 485 "

220 550 470 624 prohibet;
497 555 551 602 et
578 546 729 617 quasi
762 562 925 602 unum
953 547 1155 602 crimen
1199 550 1331 603 satis
1375 562 1480 603 non
1524 548 1634 613 sit,
1666 548 1769 604 nisi

215 644 366 700 adhuc
406 639 541 695 male
582 639 865 694 sentiendo
906 640 973 696 de
1017 639 1131 695 Deo
1173 638 1457 710 adjiciatur
1495 649 1551 697 et
1592 638 1764 696 aliud.

213 736 301 793 Alii
328 748 446 789 vero
475 731 576 787 hoc
602 745 661 787 se
685 731 971 801 iustificari
998 732 1341 800 existimant,
1371 733 1515 802 quod
1546 734 1613 788 de
1639 733 1768 789 sub—

210 826 377 884 stantia
408 838 695 894 pauperum
726 824 974 894 exiguam
1006 825 1406 893 eleemosynam
1440 825 1636 880 faciant
1664 842 1679 890 ;
1710 834 1766 881 et

207 921 263 977 de
282 934 339 975 eo
357 917 491 989 quod
513 916 757 986 plurimis
782 918 1163 984 abstulerunt,
1195 919 1284 973 uni
1315 917 1569 989 quiddam
1600 919 1761 975 mini-

182 1027 331 1071 .mttm
354 1009 665 1079 largiuntur.
694 1007 915 1064 (libatur
940 1022 1079 1064 unus
1104 1009 1246 1065 unde
1274 1009 1458 1080 plures
1485 1009 1756 1078 esuriunt,

204 1116 248 1162 et
272 1104 331 1159 de
356 1101 639 1158 multorum
670 1099 858 1171 Spoliis
883 1101 973 1156 vix
1004 1101 1156 1172 pauci
1191 1100 1464 1172 teguntur.
1509 1100 1627 1156 Non
1670 1109 1755 1156 ta-

204 1202 291 1256 lem
313 1199 701 1268 eleemosyuam
727 1197 870 1252 Deus
887 1197 1099 1267 quaerit,
1120 1210 1219 1251 nec
1244 1196 1357 1250 vult
1381 1197 1634 1266 pietatem
1664 1195 1757 1250 uni

200 1293 258 1349 de
281 1292 489 1347 alterius
529 1290 850 1345 crudelitate
890 1290 1159 1359 praestari.
1203 1288 1395 1344 Melius
1421 1298 1503 1343 est
1532 1289 1673 1343 enim
1704 1298 1755 1344 te

1876 552 2088 616 mundi,
2118 555 2353 622 perfidim
2377 558 2440 609 an
2471 556 2672 623 peccati
2698 569 2855 610 causa
2882 556 3166 611 damnatus
3190 564 3272 611 est
3293 557 3447 628 (Gen.

1874 660 1959 711 ιιι,
1981 646 2095 715 l7)?
2117 646 2172 701 in
2194 662 2297 716 quo
2319 648 2449 702 nihil
2470 650 2635 705 fuisse
2655 648 3050 705 incredulitatis
3071 649 3292 705 invenio
3314 662 3451 720 prae-

1875 745 1959 793 ter
1988 737 2156 794 solam
2186 736 2637 804 inobedientiam,
2668 741 2823 809 cujus
2853 744 3014 797 causa
3044 740 3136 797 me
3165 742 3447 797 damnatus

1870 828 1973 898 est,
2006 836 2058 885 ct
2081 840 2268 885 omnes
2298 846 2399 886 suo
2429 830 2754 887 damnantur
2781 832 3200 905 exentplo.Caln
3230 836 3447 905 quoque

1868 926 1975 978 n0n
2009 922 2246 994 perfidiae
2274 938 2434 978 causa
2456 965 2470 989 ,
2504 926 2601 980 sed
2631 926 2753 996 quia
2795 922 3017 982 fratrem
3056 927 3405 984 interemerat
3429 970 3446 993 ,

1865 1016 2253 1071 condemnatus
2284 1020 2368 1072 es‘t
2397 1016 2549 1087 (Gen.
2578 1032 2652 1079 tv,
2679 1018 2788 1088 Η).
2817 1018 2957 1085 Quid
2986 1020 3183 1089 plura?
3217 1020 3446 1075 Univer-

1864 1123 1957 1163 sus
1981 1109 2065 1164 hic
2091 1104 2323 1165 mundus
2349 1119 2404 1163 ut
2422 1110 2621 1164 diluvio
2643 1109 2910 1175 interiret,
2930 1124 3032 1165 non
3058 1111 3298 1181 perlldim
3316 1114 3446 1167 eau-

1864 1215 1977 1256 sam
2000 1246 2013 1268 ,
2047 1201 2139 1257 sed
2171 1204 2457 1257 criminum
2488 1202 2608 1272 lego
2637 1202 2802 1258 fuisse
2829 1201 2987 1273 (Gen.
3012 1218 3099 1271 vr,
3127 1204 3239 1276 l3).
3275 1205 3443 1262 Sodo-

1859 1309 1942 1348 ma
1975 1303 2030 1349 ct
2051 1294 2351 1350 Gomorrha
2382 1305 2437 1349 ut
2465 1296 2751 1364 repentino
2773 1305 3144 1351 cremarentur
3165 1296 3442 1365 incendio,

1854 1387 2059 1442 nullam
2110 1402 2325 1442 causam
2380 1387 2772 1443 incredulitatis
2804 1388 3049 1453 invenio,
3104 1389 3209 1443 nisi
3244 1402 3439 1457 pecea-

1854 1490 2029 1534 t0rum
2060 1488 2114 1535 et
2141 1480 2407 1535 scelerum
2445 1480 2599 1552 (Gen.
2629 1494 2798 1546 xvnt,
2826 1480 2955 1550 ‘20);
2990 1480 3131 1550 quod
3160 1480 3440 1552 Scriptura

1851 1575 2251 1630 evidentissime
2285 1575 2658 1640 demonstrat,
2692 1584 2749 1630 et
2779 1575 2912 1630 dicit
2941 1593 2955 1630 :
2990 1575 3242 1629 ﬂamines
3273 1576 3450 1631 Sodo-

195 1661 516 1730 comprobat,
546 1676 666 1730 qna:
696 1661 762 1715 de
790 1660 951 1730 jltslis
983 1660 1258 1714 laboribus
1287 1658 1643 1723 miniSlralUl‘,
1677 1657 1752 1711 εί·
1849 1668 1986 1723 mitte
2015 1667 2138 1721 mali
2166 1672 2213 1723 et
2242 1678 2534 1739 peccatores
2563 1680 2708 1724 erant
2736 1671 2790 1723 in
2830 1681 3106 1742 conspectu
3146 1671 3243 1728 Dei
3299 1672 3450 1729 ualde

194 1765 267 1811 cut
286 1752 535 1823 scriptum
565 1762 688 1809 est:
720 1752 936 1806 Honora
962 1752 1127 1806 Deum
1152 1752 1217 1805 de
1246 1753 1347 1806 tuis
1367 1752 1528 1823 justis
1559 1750 1747 1804 labori-
1849 1760 2016 1831 (Gen,
2043 1776 2167 1828 xm,
2198 1761 2319 1830 15).
2364 1762 2599 1831 Populus
2635 1762 2725 1817 ille
2754 1762 3010 1819 Iudaicus
3039 1774 3096 1820 ιιι
3125 1764 3150 1804 b
3187 1772 3296 1821 tam
3326 1766 3441 1824 ne-

194 1848 284 1913 bss,
301 1856 343 1901 el
362 1845 533 1900 deliba
553 1847 599 1900 ei
624 1844 690 1899 de
710 1855 813 1899 tute
830 1846 1055 1917 justitia:
1077 1842 1329 1913 fructibus
1360 1841 1543 1914 (Prov.
1565 1858 1643 1907 ιιι,
1663 1840 1741 1913 9).

1856 1862 2080 1925 quenter
2108 1855 2327 1909 interire
2357 1854 2634 1912 videretur
2660 1866 2713 1912 et
2742 1857 2943 1928 corripi
2962 1900 2979 1927 ,
3027 1874 3204 1915 nonne
3247 1872 3444 1931 pecea-

198 1402 287 1443 non
316 1384 484 1439 facere
513 1384 916 1454 eleemosynam
940 1423 954 1447 ,
985 1398 1144 1452 quam
1180 1382 1324 1437 unde
1354 1394 1554 1451 paucos
1581 1381 1715 1451 tegis
1735 1421 1749 1446 ,

198 1478 302 1535 inde
326 1477 583 1547 plurimos
612 1475 778 1531 facias
807 1473 1121 1541 denudare;
1151 1484 1207 1529 et
1240 1484 1297 1529 ut
1325 1490 1490 1529 unum
1520 1474 1750 1539 vestias,

196 1571 349 1642 plures
393 1569 625 1638 spoliare
664 1570 912 1624 vestitos.
958 1568 1109 1623 illam
1150 1569 1555 1639 eleemosynam
1605 1566 1752 1621 Deus

191 1940 297 1996 Nam
318 1941 456 1995 illam
478 1939 829 1995 abominatur
853 1950 905 1994 et
930 1939 1187 2007 reprobat
1211 1979 1223 2003 ,
1253 1953 1374 2008 quae
1401 1937 1468 1993 de
1493 1936 1747 2008 lacrymis

192 2041 440 2103 praefatur
464 2034 684 2089 alienis.
718 2032 855 2100 Quid
887 2033 1033 2087 enim
1066 2031 1324 2101 prodest,
1351 2032 1397 2085 si
1431 2041 1483 2087 te
1524 2030 1748 2085 benedi-

190 2139 257 2182 cst
278 2144 401 2183 unus
427 2128 577 2182 unde
604 2128 827 2197 plurimi
858 2125 1229 2182 maledicunt?
1256 2124 1354 2181 γει
1381 2124 1509 2195 quid
1536 2122 1748 2180 confert

189 2221 265 2276 tibi
290 2222 369 2276 illa
399 2222 749 2293 eleemosyna
778 2236 896 2291 quae
925 2221 992 2275 de
1022 2220 1326 2275 substantia
1357 2229 1642 2289 prastatur
1668 2220 1747 2274 al-

189 2314 362 2369 terius?
389 2314 601 2371 Revera
637 2315 935 2370 tiniendum
966 2322 1051 2370 est
1070 2314 1212 2383 quod
1235 2314 1377 2369 Deus
1402 2328 1509 2368 non
1551 2312 1749 2368 habeat

189 2408 305 2466 unde
324 2424 585 2480 pauperes
612 2423 742 2466 suos
770 2418 954 2480 pascat
974 2450 989 2475 ,
1016 2409 1116 2463 nisi
1146 2418 1200 2463 tu
1228 2408 1400 2463 aliena
1426 2405 1668 2476 diripias.

751 2516 978 2599 CAPUT
1017 2539 1157 2597 xm.

430 2654 625 2713 Fidem
653 2658 763 2712 sine
792 2657 1027 2729 operibus
1057 2672 1159 2710 non
1199 2656 1457 2726 prodesse.

242 2794 374 2848 Alios
402 2802 588 2849 autem
620 2795 779 2859 novi,
813 2808 949 2862 quos
994 2791 1066 2846 ita
1107 2789 1432 2860 insipientia;
1461 2798 1517 2844 et
1544 2789 1746 2859 impru-

186 2884 352 2941 dentia:
383 2888 677 2943 tenebrosa
709 2886 1013 2956 ignorantia
1046 2884 1183 2938 fallit
1215 2898 1278 2938 ac
1306 2883 1509 2951 decipit
1534 2924 1548 2948 ,
1585 2892 1641 2937 ut
1682 2885 1742 2936 ti-

187 2980 286 3035 dem
305 2996 453 3051 quam
479 2982 690 3038 habere
711 2997 769 3036 se
798 2980 1085 3045 simulant,
1108 2980 1225 3033 sine
1243 2979 1467 3048 justitite
1489 2978 1742 3048 operibus

185 3073 302 3141 apud
327 3075 483 3129 Deum
514 3074 627 3129 sibi
649 3083 909 3129 censeant
934 3073 1267 3143 profuturam
1295 3089 1308 3123 :
1339 3079 1394 3125 et
1416 3070 1518 3124 hoc
1543 3068 1743 3124 erroris

186 3178 351 3233 genere
376 3169 491 3222 sine
526 3176 675 3222 metu
698 3166 926 3221 erimina
954 3164 1183 3219 nefanda
1214 3163 1587 3226 committunt,
1612 3160 1740 3215 dum

1857 1958 2031 2004 torum
2062 1965 2222 2005 causa
2258 1950 2547 2018 przestabat
2580 1950 2720 2021 (Act.
2745 1968 2801 2018 v,
2833 1950 2993 2022 4-9)?

1922 2045 2028 2100 Sed
2058 2045 2186 2101 dicit
2211 2045 2435 2115 aliquis:
2470 2048 2668 2102 veteris
2697 2046 2854 2119 Legis
2884 2050 3190 2106 testimonia
3223 2056 3431 2108 tantum

1852 2152 1958 2192 non
1994 2140 2198 2207 accipio
2221 2180 2235 2200 ,
2276 2138 2380 2193 nisi
2417 2138 2557 2194 mihi
2582 2149 2639 2195 et
2676 2142 2801 2195 novi
2832 2140 3162 2198 Testamenti
3194 2142 3441 2215 exempla

1853 2230 2159 2299 protuleris.
2220 2230 2419 2300 Accipe
2472 2233 2733 2285 Ananiam
2784 2239 2840 2288 et
2888 2231 3247 2304 Sapphiram,
3304 2248 3439 2305 quos

1851 2323 2146 2393 apostolica
2175 2326 2443 2378 sententia
2463 2366 2476 2389 ,
2505 2339 2608 2379 non
2638 2323 2875 2395 perfidia:
2901 2327 3157 2396 crimine,
3188 2328 3285 2385 sed
3313 2327 3441 2385 furti

1851 2423 1908 2470 et
1948 2414 2217 2470 mendacii
2255 2428 2413 2469 causa
2457 2414 2760 2471 damnavit.
2808 2415 3057 2475 Forsitan
3100 2420 3345 2477 dicturus
3379 2430 3441 2479 es

1850 2507 2017 2561 mihi:
2052 2506 2189 2574 Quid
2228 2522 2359 2577 ergo
2394 2506 2687 2577 Apostolus
2727 2507 2895 2564 dicit:
2938 2511 3263 2567 Arbitrantur
3304 2512 3439 2567 enim

1839 2600 2130 2672 justiﬁcari
2150 2598 2403 2654 hominem
2426 2616 2516 2672 per
2536 2599 2692 2671 ﬁdem
2714 2602 2823 2655 sine
2847 2602 3084 2673 operibus
3106 2601 3234 2678 legis
3258 2603 3436 2675 (Rom.

1849 2709 1937 2759 ιιι,
1963 2692 2104 2765 28)?
2135 2692 2310 2764 Ipsum
2341 2695 2429 2764 qui
2462 2696 2564 2747 hoc
2592 2693 2723 2749 dicit
2744 2736 2758 2762 ,
2789 2694 2910 2765 lego
2940 2695 3213 2753 hominem
3246 2699 3439 2755 absen-

1848 2793 1956 2841 tem
1989 2785 2151 2840 etiam
2195 2785 2621 2850 condemnasse,
2651 2788 2780 2858 quia
2817 2802 3040 2844 uxorem
3074 2791 3244 2860 patris
3282 2807 3437 2849 acce-

1850 2882 1989 2949 perit
2019 2878 2265 2952 (lCor.v,
2292 2881 2366 2950 l).
2398 2878 2748 2949 Intelligenda
2776 2878 3051 2952 Scriptura
3071 2927 3083 2949 ,
3111 2898 3233 2953 qua:
3262 2885 3439 2940 scien-

1850 2975 1997 3029 tibus
2023 2974 2318 3029 convenire
2344 2973 2556 3030 videtur
2585 2974 2639 3029 in
2668 2974 2939 3043 omnibus,
2965 2985 3021 3032 et
3043 2991 3148 3033 non
3180 2978 3282 3033 nisi
3307 2980 3435 3035 solis

1847 3084 1877 3123 a
1922 3068 2117 3137 quibus
2150 3068 2370 3123 minime
2412 3068 2729 3139 intelligitur
2770 3068 3102 3141 discrepare.
3145 3068 3438 3141 Justiﬁcari

1848 3159 2102 3215 hominem
2133 3159 2423 3230 Apostolus
2454 3170 2542 3229 per
2566 3159 2720 3229 ﬁdem
2747 3163 2859 3215 sine
2885 3163 3122 3231 operibus
3151 3164 3275 3236 legis
3305 3162 3437 3220 dicit

184 3258 381 3313 credunt
406 3260 583 3315 Deum
616 3274 721 3314 non
749 3258 1037 3314 criminum
1061 3300 1076 3325 ,
1108 3257 1204 3312 sed
1246 3254 1490 3327 perfidiae
1532 3262 1739 3309 tantum
1772 3244 1817 3307 C
1852 3251 2034 3323 (Rom.
2061 3268 2150 3317 Ill,
2178 3252 2271 3321 ‘28)
2301 3270 2313 3306 :
2346 3252 2441 3307 sed
2474 3266 2579 3307 non
2612 3253 2731 3308 sine
2762 3254 2869 3309 illis
2898 3255 3150 3323 operibus
3174 3298 3187 3321 ,
3221 3256 3289 3312 de
3319 3256 3435 3328 qui-

185 3348 405 3404 uitoretn.
449 3351 515 3406 Et
569 3350 831 3421 ejusmodi
872 3364 977 3405 non
1021 3350 1197 3404 solum
1243 3364 1301 3403 se
1346 3348 1492 3417 ipsos
1538 3347 1742 3418 perisse
1844 3348 1947 3404 bus
1976 3349 2207 3403 alterum
2248 3348 2551 3416 apostolum
2593 3349 2754 3403 audio
2797 3349 3066 3406 dicentem
3095 3370 3107 3404 :
3140 3348 3303 3408 Fides
3324 3355 3435 3408 sine

184 3445 390 3498 contenti
423 3452 592 3508 sunt,
626 3444 722 3500 sed
753 3451 806 3499 et
835 3444 973 3499 alios
994 3485 1009 3511 ,
1044 3445 1096 3498 in
1126 3444 1322 3514 quibus
1360 3443 1564 3497 nullum
1609 3441 1745 3496 divi-
1844 3440 2084 3510 operibus
2111 3450 2315 3494 mortua
2343 3449 2417 3495 est
2451 3439 2589 3510 (Jac.
2618 3457 2687 3508 ιι,
2712 3442 2837 3512 20).
2873 3442 3068 3498 Paulus
3100 3445 3247 3500 enim
3277 3460 3427 3517 apos~

184 3549 251 3589 nte
278 3538 503 3593 scientia:
537 3538 722 3593 lumen
751 3549 829 3593 est
854 3583 866 3606 ,
897 3538 1008 3592 suis
1041 3539 1287 3592 nitmitur
1317 3537 1523 3605 laqueis
1566 3535 1745 3605 impli-
1846 3534 1989 3589 tolus
2014 3533 2080 3588 de
2109 3533 2364 3604 operibus
2394 3533 2524 3604 legis
2553 3533 2767 3589 locutus
2793 3544 2873 3589 est
2896 3578 2909 3601 ,
2944 3535 3044 3592 hoc
3077 3546 3190 3604 est,
3232 3537 3301 3597 de
3329 3540 3437 3596 cir-

183 3640 303 3682 care.
332 3630 390 3683 Et
422 3630 685 3700 impletur
716 3632 767 3683 in
803 3631 907 3685 illis
937 3629 1242 3684 Salvatoris
1273 3628 1444 3683 nostri
1474 3627 1742 3682 sententia
1844 3627 2179 3683 cumcisione
2220 3627 2459 3692 carnali,
2504 3638 2556 3684 et
2602 3631 2884 3684 neomenia
2908 3673 2924 3698 ,
2967 3638 3021 3685 et
3066 3633 3328 3702 sabbato,
3380 3643 3437 3691 et

182 3720 414 3776 dicentis:
448 3723 632 3777 Cteeus
670 3728 715 3777 si
754 3738 887 3777 (ceco
928 3724 1170 3775 ducatum
1209 3727 1415 3792 praestet
1440 3762 1453 3786 ,
1496 3720 1645 3773 ambo
1687 3720 1741 3773 in
1846 3719 2159 3793 hujusmodi
2188 3723 2438 3789 eteteris,
2473 3736 2595 3792 qua:
2624 3722 2707 3777 lex
2739 3722 2854 3777 fieri
2888 3732 3013 3779 ante
3058 3735 3431 3797 praeceperat,

181 3817 350 3883 foveam
378 3819 573 3871 cadunt
604 3815 818 3887 (Matth.
846 3831 939 3882 xv,
973 3816 1085 3884 14).
1117 3814 1249 3869 Nam
1288 3815 1333 3870 si
1374 3814 1582 3869 nullum
1629 3813 1739 3869 cri-
1844 3822 1899 3870 et
1922 3814 2033 3884 jam
2073 3812 2274 3869 Christi
2315 3822 2560 3883 tempore
2606 3830 2713 3869 non
2756 3825 2910 3870 erant
2952 3819 3297 3884 necessaria;
3332 3820 3434 3876 iste

182 3919 314 3972 men,
352 3910 443 3962 sed
490 3909 612 3963 sola
655 3908 877 3978 perfidia
918 3909 1347 3974 condemnatur;
1396 3923 1525 3977 ergo
1565 3907 1741 3963 securi

179 4011 435 4068 peccamus
464 4016 518 4059 et
556 4004 731 4058 liberi.
766 4004 831 4058 Et
857 4003 977 4058 sine
1002 4018 1162 4058 causa
1205 4002 1354 4059 dedit
1401 4002 1541 4058 Deus
1585 4016 1739 4056 man-

179 4089 282 4145 data
312 4096 533 4162 justitia:
561 4140 573 4164 ,
607 4094 653 4149 si
683 4097 799 4150 sola
845 4097 963 4151 sine
996 4096 1223 4164 iustitia:
1254 4110 1417 4167 opera
1453 4096 1586 4152 fides
1617 4110 1743 4166 pro-

180 4182 297 4241 dest.
346 4187 496 4244 Unde
552 4190 636 4243 hie
684 4198 791 4245 tam
840 4190 1067 4260 impius,
1130 4198 1237 4245 tam
1286 4190 1587 4255 scelestus,
1633 4200 1741 4245 tam

178 4278 389 4346 perﬁdus
415 4282 740 4351 ignorantia:
766 4297 921 4337 error
948 4283 1251 4353 obrepserit
1271 4325 1286 4349 ,
1317 4284 1459 4339 seire
1485 4297 1591 4337 non
1620 4297 1743 4352 pos-

180 4382 375 4438 sumus,
407 4374 513 4428 nisi
544 4373 685 4430 forte
713 4390 779 4430 ex
811 4375 918 4429 illis
963 4376 1053 4445 qui
1100 4376 1202 4430 huc
1246 4377 1496 4445 exemplo
1542 4376 1593 4430 in
1624 4376 1741 4446 lege

177 4467 322 4521 veteri
353 4469 613 4539 populum
643 4470 975 4525 seducebant
999 4511 1013 4536 ,
1040 4479 1092 4525 et
1120 4484 1303 4525 secum
1336 4478 1554 4525 aeterna:
1582 4469 1741 4523 morti

178 4567 222 4612 et
248 4571 496 4630 perpetuo
528 4562 817 4619 tradebant
848 4564 1087 4618 interitui
1112 4607 1125 4629 ,
1158 4564 1224 4618 de
1254 4564 1447 4633 quibus
1477 4563 1737 4632 scriptum

1845 3922 1977 3964 vero
2004 3908 2071 3964 de
2098 3908 2351 3977 operibus
2376 3908 2600 3978 justitiaa
2628 3908 2886 3980 loquitur,
2921 3925 3042 3983 quae
3071 3912 3165 3983 qui
3204 3927 3308 3968 non
3348 3912 3434 3971 fe-

1844 4002 1981 4059 cerit
2009 4009 2252 4057 mortuus
2279 4008 2393 4066 est,
2424 4002 2672 4072 quamvis
2701 4017 2758 4057 se
2788 4003 3005 4059 simulet
3031 4019 3151 4061 esse
3194 4004 3429 4062 fidelem.

1919 4095 2024 4151 Sed
2053 4094 2186 4150 dicit
2215 4094 2334 4164 quis
2365 4094 2493 4149 illud
2524 4093 2771 4164 Apostoli
2804 4094 3030 4151 dicentis
3062 4115 3072 4149 :
3106 4094 3272 4151 Corde
3296 4099 3432 4152 enim

1847 4187 2079 4242 creditur
2106 4186 2174 4239 ad
2194 4186 2451 4258 justitiam
2474 4229 2487 4253 ,
2532 4202 2619 4241 ore
2657 4196 2828 4240 autem
2860 4189 3119 4259 confessio
3154 4189 3213 4258 ﬁt
3247 4190 3317 4244 ad
3342 4196 3430 4245 sa-

1848 4280 2005 4334 lutem
2038 4277 2230 4351 (Rom.
2258 4294 2323 4346 χ,
2355 4276 2481 4349 i0).
2513 4278 2688 4334 Stulte
2709 4324 2722 4346 ,
2760 4280 2864 4335 hoc
2896 4280 3147 4351 baptismi
3179 4282 3433 4353 impletur

1848 4373 1903 4428 in
1938 4384 2183 4442 tempore
2204 4416 2217 4440 ,
2254 4387 2359 4442 quo
2384 4378 2445 4427 ut
2475 4372 2786 4442 baptizetur
2812 4375 2967 4445 quis,
3010 4374 3125 4431 sola
3164 4368 3439 4433 confessio

1849 4464 2191 4521 desideratur
2219 4473 2273 4520 et
2309 4462 2463 4520 fides.
2496 4463 2630 4520 Nam
2664 4465 2790 4537 quid
2832 4467 2927 4522 tibi
2969 4468 3136 4538 ipsius
3181 4468 3435 4540 baptismi

1851 4558 2124 4614 lavacrum
2157 4557 2417 4627 prodest,
2448 4556 2491 4612 si
2520 4558 2633 4612 sola
2672 4559 2787 4613 sine
2819 4557 3025 4629 justitia
3068 4558 3201 4617 fides
3239 4563 3435 4633 quieri-

177 4629 278 4708 est:
307 4629 485 4711 Nolite
514 4658 697 4712 audire
725 4672 981 4712 sermones
1011 4629 1372 4729 prophetarum
1400 4658 1488 4724 qui
1517 4629 1741 4726 prophe-
1767 4629 1823 4691 Ῑ)
1851 4653 1979 4708 tur?
2013 4653 2287 4723 Baptismo
2319 4654 2462 4708 enim
2495 4660 2713 4723 peccata
2745 4653 2887 4709 ablui
2920 4653 3052 4709 fides
3086 4629 3325 4711 omnium
3358 4666 3439 4713 te-

179 4754 267 4799 tant
291 4750 455 4815 vobis,
488 4750 733 4820 quoniam
760 4751 877 4803 uani
906 4760 1023 4803 sunt
1050 4750 1151 4818 ipsi
1173 4788 1188 4815 ,
1217 4758 1262 4801 et
1290 4749 1505 4801 visiones
1532 4762 1564 4800 a
1589 4746 1742 4801 corde

176 4856 254 4895 ιιιο
280 4844 578 4913 loquuntur,
611 4852 660 4898 et
689 4861 789 4897 non
818 4845 880 4897 ab
907 4859 992 4898 ore
1023 4841 1249 4896 Domini.
1282 4842 1470 4895 Dicunt
1498 4841 1630 4895 enim
1660 4839 1741 4894 his

176 4935 249 5001 qui
272 4938 525 5004 repellunt
555 4938 702 4992 verba
732 4936 941 4992 Domini
968 4979 980 5001 ,
1010 4936 1129 4991 Pax
1154 4938 1249 4993 erit
1278 4936 1415 4989 vobis
1440 4952 1459 5002 ;
1489 4943 1539 4989 el
1572 4935 1740 4989 omni-

177 5027 252 5082 bus
277 5032 359 5100 qui
387 5033 582 5085 vadunt
609 5032 662 5085 in
692 5030 1036 5085 voluntatibus
1064 5031 1174 5085 suis
1194 5072 1208 5096 ,
1242 5030 1379 5083 omni
1405 5030 1492 5098 qui
1516 5028 1654 5082 vadit
1687 5028 1740 5081 in

177 5135 325 5177 more
361 5126 535 5181 cordis
569 5127 648 5181 sui
687 5127 907 5180 dicunt:
955 5125 1073 5180 Non
1112 5127 1310 5179 venient
1348 5140 1500 5195 super
1530 5133 1575 5177 te
1602 5122 1742 5177 mala

176 5210 370 5280 (Imm.
396 5219 679 5286 “111,16,
708 5219 827 5288 17).
866 5218 1027 5274 Multa
1071 5218 1288 5289 quidem
1335 5217 1525 5281 nobis,
1573 5214 1739 5269 immo

175 5307 319 5361 totius
338 5309 469 5379 legis
495 5310 802 5365 testimonia
833 5310 1092 5375 aderant,
1117 5308 1315 5380 quibus
1341 5319 1443 5362 tam
1475 5306 1742 5376 pernicio-

175 5412 278 5455 sum
306 5417 547 5459 errorem
580 5404 861 5461 destruere
891 5421 953 5460 ac
995 5404 1227 5474 sepelire
1260 5411 1566 5472 poteramus
1594 5417 1609 5467 ;
1646 5399 1739 5456 sed

176 5503 237 5545 ne
272 5494 534 5565 legentem
578 5496 776 5552 diutius
817 5496 1108 5568 fatigemus
1130 5539 1145 5563 ,
1176 5494 1449 5551 sufficiant
1477 5507 1647 5565 pauca
1676 5492 1743 5549 de

175 5582 416 5649 plurimis.
445 5588 795 5660 Respondeat
815 5591 942 5647 mihi
967 5592 1056 5648 ille
1076 5590 1228 5662 cujus
1255 5590 1377 5646 talis
1399 5597 1482 5646 est
1506 5602 1700 5645 sensus
1731 5605 1744 5644 :

237 5786 260 5860 ξ
286 5780 377 5860 _s_i¢
404 5799 535 5860 ms?»
562 5805 580 5860 ἦ
606 5800 656 5839 al
685 5790 810 5847 editi
831 5835 844 5859 ,
876 5792 1051 5845 statim
1082 5790 1132 5845 in
1164 5791 1413 5860 principio
1445 5788 1643 5841 mutuli.

234 5846 259 5887 δ
285 5851 410 5907 Mss.
444 5846 719 5926 plerique,
753 5846 853 5911 tam
886 5864 1057 5917 crebro
1088 5846 1345 5925 interiret:
1380 5875 1565 5913 nonne.

1852 4756 1963 4805 net.
1996 4747 2052 4803 Si
2083 4747 2339 4818 deinceps
2370 4748 2704 4818 peccandum
2731 4756 2815 4803 est
2835 4791 2849 4816 ,
2883 4746 3124 4805 abluisse
3154 4750 3279 4820 quid
3312 4766 3437 4822 pro-

1850 4841 2002 4898 dest?
2035 4841 2170 4896 Audi
2199 4840 2324 4910 quid
2347 4840 2489 4896 dicat
2514 4842 2768 4897 Dominus
2792 4842 2993 4898 homini
3022 4844 3188 4901 semel
3223 4853 3434 4899 sanato:

1848 4933 1987 4989 Ecce
2008 4949 2165 4989 sanus
2194 4934 2361 5005 factus
2390 4951 2439 4989 es
2460 4977 2474 5001 ,
2511 4944 2533 4973 ο
2565 4936 2673 5005 iam
2696 4935 2803 4990 noli
2830 4952 3060 5005 peccare,
3106 4946 3166 4991 ne
3190 4938 3316 5007 quid
3346 4939 3439 4993 tibi

1854 5028 2075 5082 deterius
2104 5029 2303 5082 eveniat
2330 5025 2507 5099 (Joan.
2539 5040 2592 5096 v,
2620 5026 2732 5099 M).
2780 5026 2890 5083 Hoc
2927 5037 2981 5084 et
3016 5029 3205 5084 beatus
3243 5024 3436 5085 Petrus

1854 5120 2130 5191 apostolus
2162 5116 2599 5175 manifeStissime
2632 5122 2820 5189 docet,
2851 5121 2901 5177 ei
2933 5122 3175 5178 deterius
3206 5122 3432 5189 aliquid,

1847 5215 1939 5285 qui
1968 5221 2088 5283 post
2117 5214 2351 5285 agnitam
2378 5212 2603 5285 iustitiae
2629 5213 2769 5269 viam
2800 5217 3140 5284 peccaverit,
3177 5214 3395 5270 evenire
3417 5258 3431 5280 ,

1849 5320 1971 5361 cum
2001 5306 2163 5360 dicit:
2192 5304 2254 5359 Si
2273 5305 2405 5359 enim
2432 5308 2737 5377 refugientes
2764 5308 3204 5375 coinquinationes
3232 5307 3433 5375 mundi,

1848 5400 1905 5454 in
1931 5399 2222 5469 cognitione
2246 5395 2459 5453 Domini
2487 5400 2650 5455 nostri
2678 5409 2726 5455 et
2756 5401 3041 5457 Saluatoris
3065 5401 3192 5456 Jesu
3215 5402 3437 5467 Christi,

1855 5492 1935 5547 his
1963 5500 2169 5548 rursum
2196 5494 2447 5562 implicati
2476 5505 2811 5567 superantur,
2845 5496 2984 5565 facta
3014 5507 3132 5551 sunt
3162 5497 3235 5551 eis
3267 5504 3439 5569 poste~

1852 5589 1998 5642 riora
2029 5586 2288 5642 deteriora
2316 5588 2595 5661 prioribus.
2630 5582 2819 5645 Melius
2850 5590 2987 5644 enim
3020 5594 3132 5644 erat
3159 5585 3301 5659 illis,
3339 5606 3438 5647 non

1924 5801 1942 5827 ε
1975 5790 2104 5848 Mss.
2137 5793 2411 5860 nonnulli,
2444 5791 2663 5848 ulterius
2695 5792 2822 5847 noli.
