3976 6336
496 314 601 373 599
925 303 1230 368 FASTIDII
1265 288 1762 359 BRITANNORUM
1802 293 2131 365 EPISCOPI,
2163 288 2371 351 LIBER
2410 291 2500 348 DE
2539 291 2699 348 Vi'l'A
2740 288 3171 357 CHRISTIANA,
3211 288 3362 350 ETC.
3630 304 3719 363 tot)

496 444 796 506 cognoscere
820 428 955 483 viam
972 424 1212 497 justiliw,
1240 435 1396 492 quam
1422 424 1536 501 post
1562 414 1879 489 agnitionem
1899 421 2083 474 retror-
2109 414 2167 478 Α
2188 409 2499 467 credidistis
2529 407 2657 463 mihi
2682 424 2698 476 ;
2731 408 2874 465 unde
2899 409 3123 481 intelligi
3152 408 3307 466 datur
3334 426 3424 469 eos
3451 430 3548 473 non
3571 418 3717 481 incre-

499 501 613 582 sum
625 522 850 579 converti
863 520 926 575 ab
938 512 1521 589 eoquoditlistraditum
1533 517 1607 564 est
1621 516 1800 563 sancto
1814 506 2082 561 mandato:
2184 503 2427 560 dulitatis
2454 516 2616 559 causa
2637 544 2655 569 ,
2690 501 2785 558 sed
2816 510 3037 575 propter
3066 504 3328 561 bonorum
3355 522 3565 579 operum
3590 518 3721 576 steri-

500 621 748 691 contingit
775 617 911 673 enim
939 614 1011 669 eis
1048 610 1181 666 illud
1210 608 1319 662 veri
1349 604 1637 677 proverbii,
1670 600 1827 658 Canis
1853 616 2083 665 reversus
2185 597 2392 655 litalcm
2422 612 2544 655 esse
2578 596 2935 654 damnandos.

500 712 571 767 ad
598 689 749 766 suum
774 706 1053 769 vomitum,
1085 712 1166 768 et,
1198 700 1301 757 Sus
1334 701 1441 754 lota
1477 699 1533 753 in
1570 694 1837 752 volutabra
1875 693 1971 749 luti
2000 693 2084 767 (Il
2774 690 3004 748 CAPUT
3044 689 3184 746 XIV.

502 802 647 858 Petr.
672 817 746 868 ιι,
768 798 997 869 20-22).
1022 795 1137 852 Hoc
1158 803 1214 851 et
1230 795 1423 849 beatus
1448 790 1730 863 apostolus
1752 787 1950 845 Paulus
1977 793 2085 842 tes-

500 905 642 952 tatur
666 902 722 951 et
750 893 1008 964 loquitur,
1035 889 1312 969 hominem
1345 895 1467 959 post
1498 884 1750 956 baptismi
1780 881 2085 938 sanctiﬁca-

501 991 704 1046 tionem
734 987 965 1058 pristino
1002 997 1190 1041 errore
1230 987 1544 1052 peccantem
1587 993 1695 1033 non
1736 974 1854 1032 sine
1885 972 2085 1051 ingenti

498 1081 817 1154 paenitentia
846 1078 1199 1142 conservari,
1233 1073 1423 1130 dicens
1449 1090 1461 1125 :
1496 1069 1823 1142 Impossibile
1850 1075 1926 1122 est
1951 1066 2086 1121 enim

498 1190 587 1230 eos
623 1173 747 1243 qui,
778 1180 1052 1244 postquam
1079 1167 1235 1223 semel
1258 1162 1539 1220 illuminati
1567 1170 1725 1228 sunt,
1755 1164 2089 1233 gustaverunt

498 1269 654 1323 etiam
679 1267 875 1321 donum
899 1263 1100 1321 caeleste
1121 1304 1135 1328 ,
1166 1270 1214 1316 et
1242 1260 1518 1331 participes
1549 1266 1665 1312 sunt
1693 1255 1817 1326 facti
1857 1253 2088 1326 Spiritus

498 1363 701 1429 sancti,
744 1367 1074 1432 gustaverunt
1122 1354 1457 1411 nihilominus
1505 1351 1697 1406 bonum
1736 1346 1835 1403 Dei
1883 1346 2090 1402 verbum

498 1458 807 1527 virtutesque
836 1452 1013 1510 saeculi
1041 1450 1272 1516 venturi,
1303 1457 1352 1503 et
1392 1444 1627 1518 prolapsi
1664 1452 1785 1498 sunt
1805 1482 1820 1509 ,
1853 1439 2091 1496 renovari

499 1564 680 1604 rursus
718 1547 789 1601 ad
831 1544 1221 1618 paenitentiam,
1264 1556 1449 1595 rursus
1493 1536 1847 1609 cruciﬁgentes
1889 1533 2091 1588 sibimet

499 1641 628 1713 ipsis
654 1638 849 1694 Filium
878 1637 1007 1705 Dei,
1040 1644 1089 1691 et
1119 1634 1337 1691 ostentui
1367 1633 1611 1689 habentes
1636 1630 1826 1704 (Hebr.
1846 1644 1897 1684 vt
1914 1668 1929 1694 ,
1948 1626 2089 1699 4-6).
2197 1642 2374 1703 putas,
2397 1632 2551 1702 cujus
2576 1649 2866 1704 numquam
2892 1650 3028 1704 pane
3051 1636 3193 1692 ullus
3216 1648 3488 1695 saturatur
3509 1645 3741 1712 esuriens,

570 1734 869 1803 Quemdam
907 1731 976 1786 ad
1012 1731 1349 1787 Salvatorem
1390 1726 1714 1790 accessisse.
1752 1736 1808 1781 et
1846 1722 1975 1795 quid
2013 1722 2092 1776 fa-
2196 1725 2349 1795 cujus
2374 1735 2502 1795 potu
2516 1726 2704 1807 nullus
2732 1728 2974 1783 relicitur
2993 1728 3209 1796 sitiens,
3232 1731 3390 1799 cujus
3418 1748 3644 1791 mensam
3667 1753 3744 1795 ne-

502 1827 699 1884 ciendo
723 1828 890 1883 vitam
913 1834 1170 1881 aeternam
1194 1824 1503 1894 perciperet
1524 1821 1908 1890 interrogasse,
1934 1831 2091 1872 evan-
2118 1821 2168 1881 B
2196 1833 2285 1873 mo
2313 1819 2624 1889 cognoscit,
2649 1818 2751 1874 sub
2776 1820 2930 1889 cujus
2961 1829 3103 1877 tecto
3133 1836 3235 1878 nec
3258 1822 3468 1880 advena
3497 1841 3593 1882 nec
3617 1843 3744 1898 pere-

498 1921 693 1993 gelista
725 1928 973 1987 testatur,
998 1918 1084 1973 cui
1113 1917 1183 1970 ita
1210 1930 1242 1970 a
1271 1915 1502 1970 Domino
1528 1926 1853 1982 responsum
1878 1917 1999 1963 est:
2029 1907 2094 1963 Si
2192 1911 2382 1982 grinus
2410 1911 2703 1983 aliquando
2728 1912 3000 1980 succedit,
3028 1913 3183 1985 cujus
3204 1930 3373 1972 nemo
3393 1915 3561 1973 nudus
3580 1920 3746 1991 tegitur

500 2013 577 2067 vis
598 2014 755 2067 vitam
779 2010 988 2077 habere,
1013 2024 1159 2063 serva
1183 2006 1428 2061 mandata
1452 2002 1670 2077 (Matth.
1686 2018 1779 2058 xrx
1795 2043 1812 2069 ,
1835 2002 1945 2073 l7).
1970 2000 2090 2056 Non
2191 2006 2527 2061 vestimentis
2545 2047 2560 2074 ,
2582 2006 2741 2077 cujus
2764 2022 2970 2078 pauper
2992 2009 3175 2065 nullus
3196 2007 3415 2066 fovetur
3434 2011 3650 2078 auxilio,
3671 2029 3747 2071 cu-

500 2105 664 2173 dixit,
692 2120 847 2161 serva
881 2112 1087 2158 tantum
1120 2101 1309 2157 ﬁdem.
1340 2099 1475 2155 Nam
1504 2099 1551 2153 si
1578 2099 1692 2154 sola
1724 2098 1859 2154 ﬁdes
1887 2098 2090 2168 qureri-
2186 2099 2276 2170 jus
2304 2100 2505 2156 bonum
2540 2116 2699 2157 nemo
2729 2103 2926 2169 sentit,
2962 2102 3118 2174 cujus
3151 2104 3575 2162 misericordiam
3612 2123 3749 2165 nemo

499 2206 609 2265 tur,
650 2194 920 2266 superﬂue
945 2193 1205 2264 jubentur
1242 2191 1496 2247 mandata
1530 2190 1757 2246 servari.
1802 2189 1908 2245 Sed
1951 2189 2094 2245 absit
2191 2195 2510 2264 cognoscit;
2542 2197 2634 2266 qui
2667 2196 2720 2251 in
2748 2196 2897 2253 nullo
2929 2197 3175 2255 imitatur
3216 2198 3420 2265 bonos,
3460 2200 3551 2257 sed
3588 2200 3750 2258 irridet

500 2298 562 2344 ut
581 2302 680 2359 ego
701 2288 990 2343 Dominum
1021 2301 1199 2341 meum
1222 2284 1423 2355 aliquid
1452 2283 1629 2339 dicam
1658 2283 1983 2353 praecepisse
2005 2297 2094 2336 su—
2193 2288 2375 2357 potius
2403 2296 2459 2342 et
2488 2289 2813 2356 subsannat,
2848 2300 2903 2346 et
2932 2305 3197 2362 pauperes
3226 2292 3477 2361 persequi
3515 2308 3615 2349 non
3648 2309 3749 2351 ees-

497 2382 789 2453 periluum.
821 2380 930 2439 Sed
955 2380 1141 2436 dicunt
1165 2378 1272 2434 hoc
1301 2378 1415 2443 illi,
1443 2378 1532 2448 qui
1561 2375 1836 2446 peccando
1856 2376 1967 2445 jam
1996 2374 2089 2430 lilii
2193 2381 2317 2434 sat?
2345 2379 2502 2436 Absit
2529 2381 2631 2436 hoc
2657 2397 2688 2435 a
2718 2382 2993 2438 mentibus
3026 2382 3460 2440 Christianorum
3501 2386 3746 2456 omnium,

496 2474 818 2547 perditionis
835 2473 1012 2531 eﬂ'ecti
1035 2483 1195 2539 sunt;
1217 2471 1397 2528 ethoc
1418 2479 1626 2525 tantum
1647 2468 1901 2525 solatium
1923 2484 1984 2525 se
2004 2467 2083 2523 ba-

2193 2474 2338 2530 absit
2375 2486 2433 2531 ut
2463 2476 2771 2547 bujusmodi
2799 2478 3139 2534 Christianus
3166 2478 3404 2548 dicatur,
3432 2479 3568 2538 absit
3592 2492 3643 2537 ut
3666 2480 3748 2538 Dei

496 2567 631 2623 bere
655 2566 914 2631 credunt,
946 2565 993 2620 si
1021 2562 1161 2621 alios
1188 2578 1373 2620 secum
1406 2562 1682 2633 potuerint
1711 2562 1870 2617 morti
1898 2576 2094 2632 perpe-
2193 2566 2336 2622 ﬁlius
2361 2572 2528 2635 possit
2546 2570 2805 2640 appellari
2828 2571 2919 2641 qui
2943 2572 3066 2626 talis
3090 2581 3190 2628 est.
3208 2573 3545 2629 Christianus
3564 2574 3646 2630 ille
3661 2581 3747 2640 est,

498 2668 606 2714 tute
634 2657 965 2727 mancipare.
991 2655 1125 2712 Nam
1156 2656 1202 2712 si
1225 2655 1371 2711 Deus
1397 2663 1742 2724 peccatorem
1767 2669 1874 2707 non
1902 2653 2091 2723 punit,
2193 2660 2286 2728 qui
2316 2660 2518 2715 Christi
2548 2664 2691 2716 viam
2724 2662 2992 2730 sequitur,
3024 2665 3115 2734 qui
3144 2663 3427 2721 Christum
3454 2664 3506 2720 in
3535 2664 3754 2722 omnibus

2611 784 2741 852 Quis
2765 784 2833 839 sit
2862 800 2975 840 vere
3005 785 3350 842 Christianus.

2258 878 2431 936 Nemo
2459 878 2623 950 igitur
2646 879 2881 935 alterum
2906 876 3172 947 decipiat,
3201 894 3362 935 nemo
3385 882 3610 946 seducal.
3633 888 3729 950 Nisi

2188 972 2308 1046 quis
2331 974 2508 1044 justus
2531 971 2728 1041 fuerit,
2754 973 2917 1028 vitam
2949 987 3058 1029 non
3089 972 3287 1040 habet;
3313 975 3415 1031 nisi
3437 980 3547 1049 quis
3566 980 3614 1038 in
3635 1001 3730 1043 ont-

2190 1066 2351 1123 nibus
2378 1065 2583 1122 Cbrisﬁ
2614 1066 2865 1122 mandata
2897 1068 3233 1134 servaverit,
3280 1077 3479 1137 partem
3522 1090 3617 1131 non
3653 1095 3731 1150 po.

2191 1169 2299 1217 test
2324 1161 2524 1217 habere
2554 1178 2677 1218 cum
2710 1162 2845 1229 illo;
2889 1162 2992 1218 nisi
3028 1162 3150 1235 quis
3189 1172 3397 1221 terrena
3427 1167 3730 1245 despexerit,

2191 1259 2372 1316 divina
2402 1277 2508 1317 non
2537 1262 2715 1333 capiet
2741 1280 2754 1315 :
2787 1263 2891 1318 nisi
2923 1263 3163 1320 humana
3200 1273 3607 1340 contempserit,
3644 1288 3735 1330 non

2192 1362 2373 1424 potest
2403 1353 2680 1422 possidere
2705 1356 2971 1412 coelestia.
3016 1356 3129 1413 Nec
3165 1361 3449 1430 quisquam
3488 1378 3544 1420 se
3578 1366 3739 1423 Chris-

2194 1446 2399 1501 tianum
2426 1445 2635 1517 judicet
2656 1493 2671 1517 ,
2704 1449 2808 1504 nisi
2839 1450 2929 1522 qui
2957 1449 3158 1507 Christi
3184 1459 3241 1507 et
3268 1452 3561 1511 doctrinam
3589 1462 3740 1531 sequi-

2194 1548 2281 1595 tur
2302 1548 2357 1595 et
2386 1540 2628 1596 imitatur
2653 1542 2983 1612 exemplum.
3011 1542 3119 1599 Sed
3148 1553 3205 1599 tu
3234 1543 3385 1601 illum
3414 1548 3741 1607 Christianum

497 2750 585 2807 ubi
615 2760 699 2806 est
726 2749 860 2805 illud
893 2747 1267 2819 propheticum
1295 2764 1309 2798 :
1346 2745 1407 2801 Si
1428 2747 1601 2816 justus
1633 2748 1717 2798 vix
1747 2744 1923 2798 salvus
1952 2744 2087 2811 erit,

498 2850 735 2913 peccator
755 2852 804 2897 et
823 2843 1015 2910 impius
1039 2841 1124 2895 ubi
1154 2840 1405 2911 parebunt
1437 2836 1627 2910 (Prov.
1651 2852 1706 2891 ιι
1725 2878 1740 2903 ,
1763 2837 1867 2903 51;
1899 2835 2087 2891 chtr.

495 2952 571 3004 tv,
593 2934 719 3007 18)?
739 2935 808 2990 Et
831 2933 994 2989 alibi:
1023 2933 1158 3001 Quia
1180 2940 1474 3001 peccatores
1496 2930 1736 3002 peribunt
1760 2929 1879 3001 (Ps.
1899 2946 2086 2999 xxxvr,

494 3028 612 3101 20).
640 3028 709 3083 Ει
736 3029 931 3083 iterum
956 3044 971 3080 :
999 3024 1259 3094 Deﬁciunt
1285 3035 1577 3094 peccatores
1606 3042 1640 3079 a
1666 3034 1803 3079 terra
1827 3032 1875 3078 et
1906 3024 2086 3093 iniqui,

2192 2752 2453 2820 imitatur,
2488 2754 2629 2809 sicut
2657 2753 2919 2825 scriptum
2949 2765 3031 2810 est
3058 2774 3069 2810 :
3099 2757 3203 2824 Qui
3230 2758 3360 2812 dicit
3396 2774 3449 2814 se
3485 2758 3537 2813 in
3576 2756 3753 2813 Christo

2192 2861 2423 2911 manere,
2456 2846 2625 2914 debet,
2656 2847 2787 2900 sicut
2818 2846 2906 2901 ille
2936 2848 3251 2914 ambulavit,
3296 2859 3345 2905 ct
3383 2850 3491 2921 ipse
3526 2849 3757 2905 ambulare

2196 2938 2493 3009 (lJoan.u,
2521 2938 2601 3009 6).
2633 2939 2971 2996 Christianus
3008 2951 3121 3007 est,
3150 2943 3239 3012 qui
3262 2944 3533 3000 omnibus
3567 2943 3755 2998 miseri-

2192 3032 2434 3087 cordiam
2466 3032 2590 3087 facit
2613 3074 2626 3097 _.
2654 3032 2743 3101 qui
2768 3036 2991 3089 omnino
3018 3052 3123 3090 non
3157 3047 3411 3093 movetur
3438 3038 3654 3109 injuria,
3679 3037 3757 3108 qui

495 3124 569 3176 ita
599 3131 654 3176 ut
680 3138 784 3176 non
809 3122 910 3176 δίηι
938 3119 1054 3190 (Ps.
1080 3134 1201 3185 Clll,
1227 3118 1340 3188 55).
1373 3118 1440 3173 Et
1466 3117 1665 3172 iterum
1692 3134 1705 3172 Ζ
1736 3117 1885 3172 Sicut
1914 3115 2091 3184 deﬁcit
2194 3122 2428 3193 opprimi
2460 3139 2755 3195 pauperem
2784 3141 2843 3181 se
2877 3136 3144 3194 ριναξεεηιε
3172 3144 3280 3184 non
3310 3130 3528 3200 patitur.
3558 3130 3643 3200 qui
3669 3129 3757 3185 mi-

495 3216 670 3284 fumus
691 3258 707 3282 ,
736 3213 1016 3283 deﬁciant;
1048 3213 1177 3266 sicut
1202 3212 1318 3282 ﬂuit
1345 3227 1463 3265 cera
1484 3227 1516 3265 a
1543 3211 1676 3280 facie
1706 3211 1871 3283 ignis,
1900 3211 1975 3266 sic
2001 3227 2091 3282 pe-
2117 3200 2165 3264 C
2195 3217 2333 3271 seris
2361 3217 2651 3283 subvenit,
2679 3218 2771 3287 qui
2799 3219 3169 3291 indigentibus
3195 3224 3472 3279 succurrit
3497 3264 3513 3289 ,
3541 3222 3758 3294 quicum

496 3316 642 3364 reant
661 3316 953 3378 peccatores
975 3324 1006 3360 a
1030 3307 1160 3377 facie
1187 3303 1285 3360 Dei
1308 3304 1429 3375 (Ps.
1447 3320 1595 3361 uvu
1614 3348 1629 3373 ,
1651 3304 1731 3374 5).
1756 3304 1972 3361 Nullum
2003 3305 2091 3363 hic
2194 3310 2553 3368 maerentibus
2576 3322 2804 3382 maeret,
2829 3315 2920 3385 qui
2947 3315 3194 3372 dolorem
3224 3318 3452 3375 alterius
3481 3319 3627 3390 quasi
3654 3334 3759 3390 pro-

494 3410 702 3457 tantum
732 3398 1071 3455 incredulum
1101 3407 1157 3453 et
1188 3398 1489 3465 inlidelem,
1524 3397 1621 3453 sed
1654 3405 1967 3467 peccatores
1995 3414 2091 3453 au-

491 3494 586 3551 dio
604 3490 972 3549 condemnari.
998 3490 1063 3545 Et
1083 3489 1420 3545 Salvatorem
1443 3501 1688 3545 nostrum
1705 3490 1948 3559 quodam
1966 3491 2090 3547 loco

492 3587 699 3645 dixisse
738 3586 863 3656 lego
897 3601 910 3638 :
955 3582 1080 3639 Non
1117 3601 1292 3639 omnes
1321 3585 1409 3655 qui
1437 3585 1615 3639 dicunt
1643 3584 1808 3652 mihi,
1836 3584 2085 3655 Domine,

499 3678 735 3748 Domine,
755 3676 1018 3731 intrabunt
1040 3676 1093 3730 in
1117 3692 1329 3747 regnum
1351 3676 1593 3731 caelorum
1611 3720 1626 3745 ,
1650 3676 1740 3731 sed
1770 3676 1858 3747 qui
1887 3678 2090 3748 faciunt

496 3772 811 3827 voluntatem
834 3768 1010 3823 Patris
1032 3769 1131 3823 mei
1150 3769 1235 3839 qui
1257 3769 1313 3823 in
1334 3770 1474 3824 caelis
1500 3781 1575 3825 est
1600 3769 1817 3840 (Matth.
1839 3787 1944 3839 vn,
1968 3770 2087 3842 21).

496 3864 695 3936 Utique
721 3863 773 3918 in
802 3861 1434 3930 Christum'credebant,
1473 3863 1565 3934 qui
1604 3878 1727 3919 eum
1773 3866 1936 3920 etiam
1980 3865 2089 3922 Do-
2191 3878 2462 3940 noctuque
2499 3870 2760 3939 deservit,
2802 3872 2895 3943 qui
2932 3872 3050 3943 ejus
3095 3885 3370 3945 praecepta
3414 3876 3761 3932 indesinenter

492 3956 701 4014 minum
736 3955 1158 4025 nuncupabant;
1202 3970 1306 4011 nec
1343 3956 1548 4011 idcirco
1578 3956 1689 4013 illis
1718 3958 1955 4013 caelestis
1996 3974 2086 4014 re-
2190 3960 2481 4017 meditatur
2508 3972 2565 4017 et
2592 3963 2832 4034 cogitat;
2860 3965 2951 4034 qui
2980 3981 3185 4036 pauper
3207 3969 3417 4025 mundo
3443 3968 3687 4034 efﬁcitur,
3712 3976 3763 4023 ut

491 4049 585 4122 gni
615 4050 783 4120 janua
820 4048 1091 4120 panditur,
1124 4047 1247 4118 quia
1278 4047 1430 4103 illum
1461 4064 1586 4117 ore,
1620 4065 1779 4121 quem
1810 4051 1966 4106 factis
1992 4051 2087 4107 ab-
2191 4054 2303 4111 Deo
2332 4055 2574 4127 locuples
2605 4057 2737 4121 ﬁat;
2768 4057 2858 4128 qui
2892 4058 3031 4115 inter
3062 4060 3313 4118 homines
3348 4064 3583 4120 habetur
3608 4062 3761 4133 inglo-

491 4152 694 4213 nuunt,
724 4142 1077 4199 conﬁtentur.
1108 4141 1308 4213 Negari
1336 4151 1516 4198 autem
1558 4144 1726 4200 Deum
1772 4144 1934 4201 factis
1975 4161 2082 4202 non
2187 4148 2302 4204 rius
2324 4190 2338 4217 ,
2372 4159 2433 4204 ut
2463 4166 2648 4207 coram
2679 4152 2792 4208 Deo
2830 4161 2887 4208 et
2923 4154 3131 4225 angelis
3173 4156 3448 4226 gloriosus
3489 4163 3760 4227 appareat;

2192 3406 2372 3474 prium
2401 3405 2599 3474 sentit,
2624 3406 2714 3476 qui
2739 3406 2805 3461 ad
2835 3408 3018 3463 ﬂetum
3048 3409 3266 3466 ﬂetibus
3299 3423 3620 3482 provocatur
3648 3411 3762 3468 alie-

2191 3498 2309 3565 nis,
2339 3499 2499 3568 cujus
2525 3500 2768 3556 omnium
2810 3502 3118 3559 communis
3156 3513 3243 3559 est
3269 3505 3499 3573 domus,
3529 3507 3672 3577 cujus
3694 3505 3763 3576 ja-

2193 3605 2296 3645 nua
2328 3590 2539 3647 nemini
2569 3591 2864 3663 clauditur,
2893 3594 3048 3666 cujus
3079 3611 3322 3653 mensam
3368 3613 3570 3668 pauper
3604 3598 3763 3654 nullus

2190 3683 2440 3756 ignorat,
2467 3684 2623 3755 cujus
2651 3686 2807 3743 cibus
2844 3688 3059 3743 cunctis
3092 3689 3344 3760 oﬁ'ertur,
3388 3692 3544 3762 cujus
3582 3691 3760 3748 bonum

2192 3789 2384 3831 omnes
2407 3786 2639 3842 norunt,
2664 3786 2723 3833 et
2748 3793 2910 3834 nemo
2936 3781 3103 3835 sentit
3131 3781 3387 3851 injuriam
3412 3799 3427 3849 ;
3448 3782 3540 3854 qui
3562 3782 3667 3837 Deo
3685 3781 3761 3836 die

492 4239 674 4296 minus
703 4252 863 4308 quam
891 4236 1073 4293 verbis
1098 4235 1399 4307 Apostolus
1429 4236 1605 4294 dixit:
1640 4237 1807 4293 Deum
1831 4240 2085 4308 conﬁten-

492 4339 578 4386 tur
601 4345 655 4386 se
681 4345 862 4398 nosse,
890 4328 1042 4398 factis
1067 4336 1240 4382 autem
1268 4338 1456 4399 negant
1489 4328 1628 4399 (Tit.
1652 4345 1701 4397 ι,
1736 4330 1846 4402 16).
1881 4333 1947 4387 Et
1974 4333 2083 4389 Do-

490 4424 672 4481 minus
717 4423 770 4478 in
814 4421 1106 4493 Evangelio
1137 4438 1154 4478 :
1199 4420 1359 4476 Multi
1398 4422 1526 4477 mihi
1555 4423 1723 4479 dicent
1752 4426 1808 4479 in
1834 4426 1936 4481 illa
1960 4428 2084 4483 die:

495 4515 716 4569 Domine
734 4553 751 4580 ,
782 4511 1005 4567 Domine
1026 4552 1040 4577 ,
1069 4527 1237 4566 nonne
1265 4514 1321 4567 in
1348 4516 1554 4569 nomine
1583 4525 1674 4570 tuo
1702 4518 1946 4588 ejecimus
1974 4522 2081 4575 dte-

2186 4243 2275 4313 qui
2309 4242 2359 4296 in
2391 4242 2558 4300 corde
2588 4259 2686 4300 suo
2716 4245 2847 4301 nihil
2879 4246 3093 4303 videtur
3120 4247 3323 4305 habere
3354 4250 3662 4306 simulatum
3688 4247 3763 4303 vel

2187 4333 2408 4402 ﬁctum;
2439 4336 2591 4407 cujus
2620 4338 2853 4409 simplex
2882 4349 2935 4394 et
2961 4339 3307 4397 immaculata
3334 4354 3421 4399 est
3448 4344 3655 4411 anima,
3682 4357 3764 4396 cu-

2183 4426 2271 4498 jus
2301 4431 2633 4487 conscientia
2664 4431 2841 4489 ﬁdelis
2870 4442 2926 4488 et
2949 4449 3079 4505 pura
3108 4446 3223 4505 est,
3250 4437 3413 4508 cujus
3445 4446 3555 4494 tota
3587 4437 3638 4491 in
3664 4435 3764 4491 Deo

2188 4536 2373 4591 mens,
2405 4523 2558 4595 cujus
2587 4525 2763 4581 omnis
2792 4541 2917 4597 spes
2944 4528 2994 4581 in
3024 4525 3244 4584 Christo
3268 4539 3355 4586 est
3379 4547 3395 4598 ;
3425 4532 3516 4602 qui
3542 4526 3762 4586 celestis

491 4609 665 4664 monia
685 4649 697 4673 ,
728 4616 776 4662 et
804 4607 859 4661 in
896 4607 1101 4661 nomine
1128 4614 1216 4661 tuo
1244 4608 1452 4663 virtutes
1490 4610 1679 4664 multas
1715 4611 1977 4682 fecimus?
2012 4611 2079 4668 Et
2106 4592 2160 4655 Ῐ)
2189 4614 2368 4683 potius
2395 4592 2555 4686 quam
2586 4626 2797 4673 terrena
2822 4592 3128 4687 desiderat,
3151 4621 3243 4692 qui
3274 4592 3517 4677 humana
3550 4622 3761 4693 spernit,

493 4704 667 4759 dicam
695 4700 838 4757 illis:
873 4700 1172 4773 Numquam
1213 4718 1301 4756 vos
1329 4705 1563 4774 cognovi.
1605 4705 1867 4762 Discedite
1894 4725 1928 4762 a
1958 4725 2039 4764 me
2059 4755 2075 4782 ,

494 4813 666 4853 omnes
692 4795 780 4866 qui
810 4794 1094 4865 operamini
1120 4795 1444 4865 iniquitatem
1470 4794 1689 4869 (Matth.
1712 4813 1790 4853 vn
1807 4841 1823 4866 ,
1841 4798 1957 4873 22).
1987 4802 2081 4858 Us-

489 4907 597 4961 que
639 4890 773 4946 adeo
813 4889 903 4945 isti
932 4887 1230 4944 credidisse
1255 4887 1529 4955 dicuntur,
1556 4900 1612 4944 ut
1639 4889 1695 4945 in
1723 4892 1942 4948 nomine
1974 4893 2078 4949 Do-

489 4984 625 5041 mini
654 4984 882 5038 virtutes
909 4981 1069 5037 etiam
1098 4990 1454 5050 operarentur
1478 4997 1493 5038 :
1520 4998 1619 5039 nec
1641 4992 1821 5041 tamen
1847 4984 1924 5042 eis
1952 5001 2076 5056 pro-

488 5076 636 5132 derit
665 5074 830 5142 ﬁdes,
863 5072 988 5144 quia
1016 5072 1238 5142 justitiae
1267 5087 1430 5143 opera
1459 5088 1565 5129 non
1591 5074 1855 5133 fecerunt.
1888 5077 2075 5149 Itaque

488 5167 537 5221 si
566 5165 679 5221 sola
713 5164 846 5220 ﬁdes
874 5163 1135 5233 prodest;
1162 5178 1260 5220 cur
1288 5164 1365 5220 illi
1393 5180 1516 5221 cum
1542 5168 1748 5238 angelis
1773 5168 1991 5226 Satanae
2024 5171 2079 5227 in

490 5267 811 5333 perpetuum
851 5256 1117 5328 gehennae
1156 5255 1366 5327 ignibus
1405 5258 1802 5329 mancipantur,
1834 5262 1926 5333 qui
1966 5278 2080 5320 non

490 5352 731 5422 perﬁdia:
760 5365 953 5417 causa,
984 5349 1078 5406 sed
1108 5351 1234 5420 quia
1264 5350 1391 5405 boni
1435 5352 1568 5407 nihil
1612 5352 1853 5409 fecerant
1874 5396 1890 5421 ,
1929 5355 2078 5425 judi-

489 5453 723 5509 cantur;
765 5442 900 5498 sicut
946 5441 1207 5512 scriptum
1252 5450 1372 5497 est:
1418 5440 1487 5496 Et
1528 5444 1661 5498 dicet
1700 5448 1773 5500 eis
1799 5446 1911 5502 Rea:
1934 5450 2023 5519 qui
2048 5466 2081 5504 a

485 5538 711 5593 sinistris
737 5546 853 5593 sunt
882 5551 902 5590 :
931 5534 1191 5591 Discedite
1210 5552 1244 5589 a
1268 5553 1367 5603 me,
1396 5538 1689 5605 maledicti,
1717 5541 1770 5595 in
1795 5544 2080 5614 gehennam

490 5638 735 5685 cternam
754 5671 769 5697 ,
798 5645 951 5697 quam
979 5629 1181 5699 paravit
1212 5628 1371 5683 Pater
1396 5646 1539 5685 meus
1568 5632 1777 5688 diabolo
1807 5644 1852 5690 et
1880 5638 2079 5709 angelis

488 5726 623 5796 ejus.
666 5722 875 5778 Esurivi
914 5723 1047 5779 enim
1070 5764 1084 5786 ,
1112 5731 1161 5777 et
1189 5739 1291 5778 non
1323 5725 1533 5781 dedistis
1562 5727 1691 5781 mihi
1719 5731 2037 5787 manducare
2061 5776 2077 5801 ,

486 5826 593 5875 etc.
622 5815 840 5884 (Matth.
860 5812 1100 5884 xxv,bl,
1121 5806 1237 5886 42⁵).
1263 5816 1379 5873 Non
1407 5818 1542 5875 dixit
1567 5822 1749 5893 utique
1770 5864 1783 5888 ,
1815 5827 1936 5896 quia
1967 5841 2075 5883 non

2188 4714 2249 4760 ut
2277 4709 2447 4776 possit
2476 4708 2675 4765 habere
2705 4710 2906 4766 divina.
2939 4710 3073 4766 Nam
3106 4712 3188 4768 his
3229 4715 3318 4780 qui
3369 4712 3480 4769 hoc
3519 4711 3760 4769 saeculum

2187 4797 2451 4869 diligunt,
2484 4809 2537 4855 et
2565 4801 2656 4871 qui
2703 4801 2759 4856 in
2800 4802 3060 4871 praesenti
3101 4811 3347 4874 tempore
3386 4804 3683 4875 gloriantur
3716 4806 3764 4853 et

2183 4894 2560 4965 complacent,
2583 4894 2711 4950 audi
2734 4895 2860 4965 quid
2885 4894 3082 4951 dicitur
3105 4911 3122 4953 :
3153 4895 3381 4951 Nescitis
3403 4897 3529 4969 quia
3552 4891 3763 4950 amicitia

2185 4989 2346 5059 hujus
2377 4989 2577 5056 mundi,
2606 4988 2815 5044 inimica
2842 4998 2914 5043 est
2941 4987 3092 5044 Deo?
3120 4987 3191 5043 Et
3216 4991 3537 5061 quicumque
3565 4985 3761 5044 voluerit

2182 5097 2289 5136 esse
2332 5082 2532 5136 amicus
2572 5083 2729 5149 huius
2769 5083 2978 5147 sreculi,
3022 5082 3258 5137 inimicus
3300 5080 3406 5139 Dei
3447 5081 3762 5139 constituitur

2184 5172 2328 5245 (Jac.
2352 5188 2426 5244 tv,
2457 5173 2539 5244 4).
2776 5244 3006 5304 CAPUT
3042 5247 3135 5303 xv

2614 5338 2903 5394 Viduarum
2933 5340 3127 5411 triplex
3153 5358 3338 5414 genus.

2253 5453 2378 5510 Haec
2420 5454 2553 5523 tibi,
2597 5468 2753 5510 soror
2796 5455 3186 5527 dilectissima,
3229 5457 3361 5531 quid
3405 5457 3758 5516 Christianum

2184 5560 2348 5618 agere
2393 5548 2707 5615 conveniat,
2757 5558 2915 5617 prout
2960 5551 3139 5621 potui,
3189 5552 3482 5622 explicavi.
3536 5553 3765 5621 Siergo

2184 5653 2376 5694 omnes
2406 5640 2733 5709 generaliter
2761 5640 2855 5710 qui
2881 5641 3178 5699 Christiani
3212 5656 3617 5715 nuncupantur,
3649 5650 3759 5695 0650

2182 5733 2317 5788 tales
2367 5742 2616 5803 oportet;
2666 5750 2807 5790 nunc
2857 5743 2963 5792 tua:
3015 5738 3314 5807 prudentiae
3370 5749 3456 5794 esr
3499 5733 3761 5790 aestimare

2181 5829 2394 5899 qualem
2436 5837 2490 5884 tu
2522 5837 2575 5885 te
2613 5828 2825 5886 viduam
2865 5830 3065 5889 debeas
3107 5832 3399 5909 exhibere,
3436 5844 3600 5901 quam
3638 5840 3771 5906 cun:
