3976 6336
204 460 292 519 101
890 458 1247 519 POSSIDIUS
1284 458 1659 518 EPISCOPUS
1696 457 2147 527 CALAMENSIS.
2192 458 2729 518 PROLEGOMENA.
3345 459 3453 516 402

201 573 292 632 etis
326 571 463 629 bene
499 572 955 631 conversantibus
999 590 1121 632 esse
1162 584 1379 646 oportet
1422 576 1756 646 exemplum.
1786 576 1844 639 Α
1868 575 2087 631 viduam
2118 576 2275 645 dicit,
2308 592 2428 649 qua:
2458 579 2591 635 nihil
2620 579 2725 635 tale
2755 577 3045 650 aliquando
3071 587 3292 650 operata
3330 581 3455 636 est?

201 667 311 725 Tria
343 678 513 724 autem
553 682 678 725 esse
714 668 999 726 viduarum
1036 686 1236 741 genera
1277 687 1386 726 non
1425 672 1677 742 ignorare
1711 681 1765 727 te
1868 672 1975 729 Sed
2005 681 2130 727 sunt
2155 673 2349 743 aliquae
2376 673 2593 741 divites,
2627 673 2838 731 nobiles
2862 684 2915 730 et
2946 683 3219 743 potentes,
3240 666 3453 744 'quibus

199 761 368 820 credo.
422 760 595 818 Unum
647 763 794 832 quod
852 763 1310 834 perfectissimum
1368 774 1490 832 est,
1549 764 1762 829 caelesti
1866 766 2089 821 forsitan
2120 764 2331 822 videtur
2359 767 2663 836 indignum,
2699 777 2758 823 ut
2789 776 2883 823 aut
2924 768 3064 824 ﬁlios
3091 766 3226 836 Deo,
3255 775 3311 824 et
3339 784 3450 823 non

200 857 406 928 prtemio
436 855 793 923 destinatum,
827 846 971 928 quod
993 899 1008 924 ,
1039 858 1144 913 ritu
1180 857 1326 913 illius
1364 858 1433 913 de
1469 858 1762 929 Evangelio
1866 860 2067 917 sarculo
2089 860 2339 927 educent,
2372 870 2464 916 aut
2490 862 2727 932 hospitio
2757 862 3022 932 recipiant
3047 861 3334 928 advenam,
3360 872 3456 917 aut

196 952 353 1007 vidua:
380 951 532 1022 (Luc.
562 966 631 1014 η.
659 952 786 1022 57),
820 952 934 1008 Deo
959 952 1303 1008 orationibus
1332 960 1388 1008 et
1418 952 1638 1023 jejuniis
1667 951 1763 1008 die
1832 980 1833 983 η
1866 964 2176 1011 sanctorum
2212 955 2378 1025 pedes
2422 954 2746 1023 laboriosos,
2791 956 3089 1011 lutulentos
3119 964 3178 1011 et
3204 954 3455 1011 horridos

197 1057 445 1115 noctuque
473 1044 738 1103 deservit.
773 1045 931 1101 Aliud
960 1061 1109 1113 vero,
1137 1047 1285 1118 quod
1315 1046 1549 1102 iiliorum
1576 1060 1761 1103 curam
1865 1047 2069 1114 lavent,
2098 1056 2154 1104 et
2186 1047 2434 1103 delicatis
2470 1056 2526 1103 et
2563 1048 2746 1102 nitidis
2784 1047 3031 1103 manibus
3072 1056 3315 1123 tangant.
3344 1047 3452 1103 Sed

196 1138 378 1194 habere
416 1136 615 1192 dicitur
653 1146 706 1193 et
744 1137 972 1205 domus,
1012 1153 1119 1192 non
1167 1146 1315 1193 tanto
1366 1123 1619 1209 dignum,
1661 1153 1764 1196 nec
1867 1156 1968 1197 nec
1996 1140 2170 1211 dignae
2198 1149 2357 1197 erunt
2386 1140 2521 1195 tales
2552 1140 2603 1194 in
2636 1139 2817 1194 futuro
2863 1149 3106 1209 tempore
3140 1147 3451 1193 sanctorum

196 1240 356 1285 tamen
391 1228 629 1297 peccatis
654 1229 967 1285 obnoxium.
1000 1229 1240 1285 Tertium
1268 1240 1447 1286 autem
1478 1246 1650 1301 genus
1679 1243 1765 1288 est
1866 1248 1989 1291 esse
2017 1241 2320 1301 consortes,
2347 1246 2484 1303 quos
2510 1232 2581 1286 ita
2614 1232 2666 1286 in
2697 1229 2958 1301 praesenti
2985 1240 3325 1299 spreverunt;
3351 1245 3454 1287 nec

193 1320 241 1378 in
264 1321 431 1391 epulis
458 1331 517 1377 et
544 1322 789 1393 deliciis,
821 1323 966 1393 quod
992 1332 1212 1379 aeternae
1240 1324 1400 1379 morti
1430 1336 1681 1380 servatur
1708 1333 1765 1381 et
1865 1336 2075 1397 partem
2118 1326 2316 1381 habere
2362 1334 2616 1395 poterunt
2655 1340 2777 1380 cum
2806 1322 3047 1387 Christo,
3086 1337 3247 1392 quem
3278 1324 3454 1378 susci-

194 1429 381 1486 ρωηως
406 1414 548 1469 sicut
573 1416 836 1484 scriptum
863 1424 989 1472 est:
1019 1415 1220 1472 Viduas
1242 1418 1614 1490 honora,qute
1633 1434 1763 1475 verte
1864 1435 1994 1493 perc
2042 1420 2364 1484 noluerunt,
2395 1428 2451 1476 et
2493 1420 2650 1490 cujus
2695 1418 2909 1488 plantas
2951 1416 3064 1471 suis
3109 1426 3452 1472 contrectare

192 1508 341 1563 vidule
366 1515 485 1562 sunt
517 1509 536 1574 (
554 1507 575 1563 l
602 1506 737 1562 Tim.
768 1523 824 1576 v,
848 1507 943 1581 ⁸5).
974 1507 1095 1564 ἰδίω
1124 1510 1498 1580 suntprimae,
1531 1526 1653 1581 quae
1682 1511 1765 1567 di-
1866 1513 2113 1569 manibus
2159 1514 2487 1569 horruerunt
2518 1531 2530 1564 :
2570 1513 2694 1582 quia
2734 1510 3005 1567 Christum
3049 1508 3289 1577 Spernit,
3328 1508 3455 1577 qui-

190 1610 364 1658 cnutur
386 1609 442 1653 et
471 1615 616 1655 verte
640 1643 655 1669 ,
686 1610 742 1657 et
766 1616 886 1672 quae
910 1600 1173 1683 jubentur
1199 1617 1229 1657 a
1261 1610 1413 1658 tanto
1443 1604 1727 1661 sacerdote
1746 1647 1760 1671 ,
1864 1619 2098 1676 cumque
2139 1605 2257 1675 ejus
2295 1604 2529 1660 famulos
2556 1604 2792 1674 spernit,
2826 1604 2961 1658 sicut
2990 1602 3107 1671 ipse
3137 1601 3267 1656 dicit
3300 1618 3312 1652 :
3350 1599 3456 1666 Qui

192 1695 408 1759 bacest,
435 1708 466 1749 a
497 1693 788 1751 'l'immheo
813 1694 1090 1751 honorari.
1143 1696 1407 1753 Secunda:
1446 1708 1604 1766 sunt,
1645 1700 1764 1769 qui-
1862 1714 1951 1753 vos
1997 1699 2209 1769 spernit,
2265 1713 2347 1751 me
2391 1697 2587 1764 spernit
2632 1695 2872 1767 (Luc.x,
2901 1694 3021 1765 16).
3066 1694 3265 1759 Marizr,
3314 1693 3457 1748 unde

191 1789 279 1843 bus
299 1788 403 1856 jam
445 1787 635 1843 haberi
674 1804 782 1845 non
819 1788 1042 1859 iubetur
1068 1790 1261 1858 honor,
1290 1807 1391 1848 nec
1430 1801 1612 1849 tamen
1651 1793 1761 1848 vita
1863 1788 2065 1845 Christi
2092 1790 2256 1861 pedes
2284 1789 2510 1857 levaret,
2537 1789 2789 1860 lacryma:
2818 1787 3194 1850 abundarunt;
3227 1786 3253 1824 ιι
3285 1787 3455 1840 nostri

190 1890 421 1949 negatur;
455 1879 528 1935 de
556 1880 753 1951 quibus
778 1881 1016 1948 dicitur:
1046 1884 1177 1952 ρυω
1214 1895 1384 1939 autem
1410 1885 1547 1954 ﬁlios
1576 1886 1763 1941 habent
1865 1893 2043 1938 autem
2089 1882 2352 1952 temporis
2398 1881 2613 1937 feminis
2656 1881 2798 1937 unde
2843 1880 3246 1950 peregrinorum
3290 1878 3457 1947 pedes

190 1983 265 2027 aut
299 1983 537 2043 nepotes,
579 1974 789 2029 discant
808 1976 1033 2047 primum
1062 1970 1447 2032 domum‘suam
1478 1980 1563 2049 pie
1593 1989 1619 2017 ει
1652 1990 1761 2033 tra-
1790 1972 1838 2032 B
1865 1979 2072 2045 lavent,
2121 1979 2235 2048 ipsa
2279 1977 2462 2033 deficit
2507 1991 2662 2047 aqua.
2711 1976 2792 2030 Tu
2836 1989 2967 2045 ergo
3011 1972 3351 2029 sanctissima
3397 1980 3457 2026 et

192 2078 335 2134 ctare,
362 2078 410 2121 et
436 2085 621 2139 parem
648 2070 872 2139 gratiam
900 2070 1112 2126 reddere
1140 2072 1437 2142 parentibus
1463 2070 1655 2143 (Ibid,
1674 2072 1756 2144 4).
1862 2072 2281 2143 prudentissima
2330 2071 2531 2126 femina
2552 2115 2566 2139 ,
2612 2085 2679 2125 ne
2709 2068 2844 2124 velis
2882 2068 3085 2123 imitari
3123 2064 3453 2136 hujusmodi,

190 2159 282 2215 Illa
314 2175 442 2215 vero
472 2161 656 2216 tertiae
694 2172 852 2229 sunt,
889 2163 958 2219 de
987 2163 1180 2233 quibus
1209 2166 1469 2234 scriptum
1502 2176 1623 2221 est:
1662 2167 1759 2221 γε.
1862 2180 1984 2235 qua:
2014 2179 2135 2220 cum
2172 2163 2438 2243 audenter
2479 2161 2871 2229 malefecerint,
2913 2160 3233 2216 benefacere
3259 2160 3457 2213 erube-

191 2252 277 2303 dna
317 2259 490 2304 autem
541 2268 654 2321 quia
696 2253 752 2306 in
804 2254 1008 2309 deliciis
1058 2265 1161 2322 est,
1212 2256 1381 2311 vivens
1428 2265 1636 2312 mortua
1685 2268 1759 2313 est
1861 2267 2048 2323 scunt;
2087 2267 2139 2313 et
2175 2256 2581 2312 confunduntur
2623 2255 2769 2325 juste
2797 2254 3006 2321 vivere,
3034 2268 3156 2323 qute
3186 2267 3297 2307 non
3323 2258 3457 2305 sunt

191 2341 456 2414 (lbid.,6).
493 2342 657 2398 Unde
696 2344 922 2416 intelligi
963 2346 1143 2412 datur,
1186 2363 1291 2401 non
1332 2362 1525 2403 omnes
1564 2348 1760 2405 viduas
1862 2365 2088 2421 peccare
2116 2348 2387 2413 confusae;
2415 2356 2470 2403 et
2498 2361 2620 2417 quae
2650 2360 2709 2402 se
2745 2346 2904 2400 morti
2937 2344 3079 2399 ultro
3110 2342 3449 2407 obtulerunt,

190 2448 293 2489 esse
316 2436 591 2504 aequales;
636 2450 738 2492 nec
780 2451 875 2492 eas
922 2438 1033 2493 Deo
1076 2440 1324 2509 placere,
1367 2455 1487 2511 quas
1532 2455 1761 2512 corpore
1864 2458 1965 2499 nec
2012 2440 2255 2498 invitatae
2294 2449 2644 2497 revertuntur
2672 2438 2740 2493 ad
2766 2437 2965 2502 vitam;
3008 2452 3128 2507 quae
3173 2435 3452 2490 hominum

192 2533 375 2580 tantum
403 2525 587 2581 vidua:
615 2527 865 2583 videntur
892 2543 1014 2586 esse
1034 2575 1050 2599 ,
1084 2546 1192 2587 non
1224 2546 1413 2602 opere.
1862 2537 2036 2607 magis
2058 2537 2222 2599 risus,
2251 2533 2709 2591 subsannationes
2732 2540 2789 2588 et
2812 2530 3042 2596 fabulas,
3062 2544 3224 2597 quam
3250 2527 3343 2583 Dei
3366 2526 3455 2598 ju-

247 2619 419 2686 Qualis
443 2629 637 2675 autem
662 2621 864 2678 Christi
892 2624 1052 2679 vidua
1078 2625 1275 2681 debeat
1298 2642 1442 2695 esse,
1468 2628 1760 2698 Apostolus
1862 2628 2066 2685 dicium
2094 2630 2511 2699 pertimescunt:
2538 2635 2593 2682 et
2624 2625 2823 2696 quibus
2848 2622 3067 2678 charius
3111 2629 3195 2676 est
3238 2618 3453 2674 miseris

191 2710 336 2767 dicit:
365 2710 494 2779 Quae
523 2722 700 2768 autem
724 2731 839 2770 vere
857 2716 1011 2771 vidua
1038 2728 1133 2786 est,
1163 2730 1333 2790 sperat
1359 2723 1414 2776 in
1439 2721 1681 2789 Domino,
1712 2733 1761 2778 et
1863 2722 2172 2778 hominibus
2198 2722 2416 2790 placere
2441 2734 2603 2789 quam
2626 2716 2861 2772 Christo.
2885 2715 2993 2771 Sed
3017 2724 3138 2770 esto
3167 2714 3455 2782 talis,qua-

190 2805 322 2859 instat
358 2807 685 2861 orationibus
728 2809 813 2863 die
850 2826 912 2865 ac
956 2821 1102 2867 nocte
1138 2812 1341 2885 (Ibid,
1367 2816 1456 2886 5).
1489 2816 1599 2872 Nec
1626 2818 1759 2873 illud
1860 2817 1967 2874 lem
2018 2828 2069 2873 te
2101 2816 2363 2872 Dominus
2411 2830 2533 2872 esse
2573 2816 2852 2885 praecepit,
2902 2812 3116 2883 qualem
3162 2811 3454 2880 Apostolus

192 2899 441 2967 praeterire
472 2910 533 2955 te
566 2902 709 2967 volo,
741 2903 883 2971 quod
929 2905 1148 2975 quando
1196 2922 1356 2962 veras
1399 2909 1589 2965 viduas
1618 2913 1761 2982 Apo-
1858 2912 2014 2983 jubet
2046 2921 2069 2951 ε
2094 2910 2337 2967 exhiberi
2365 2908 2600 2965 Christo.
2637 2907 2811 2963 Vidua
2841 2915 2958 2962 esto
2989 2913 3200 2972 sancta,
3230 2902 3452 2958 humilis

191 2992 341 3046 stolus
366 2994 648 3061 nominat,
680 3009 803 3051 esse
830 2995 1174 3055 demonstrat
1209 3010 1263 3056 et
1300 3000 1485 3068 falsas,
1520 3002 1623 3060 hoc
1650 3016 1756 3071 est,
1862 3013 1918 3060 et
1944 3003 2165 3075 quieta;
2197 3000 2585 3057 misericordia:
2612 3007 2668 3055 et
2689 2998 2914 3069 justitize
2942 3011 3107 3067 opera
3138 2994 3454 3051 indesinen-

192 3092 313 3152 sctu,
343 3095 553 3150 mente,
596 3090 1032 3156 conversatione,
1087 3108 1192 3146 non
1242 3108 1490 3162 corpore.
1524 3097 1591 3152 Et
1630 3099 1759 3154 alibi
1863 3106 1948 3153 ter
1972 3112 2186 3153 exerce.
2230 3096 2300 3151 Et
2342 3095 2572 3167 quisque
2620 3103 2675 3149 te
2723 3093 2779 3148 in
2827 3090 3182 3162 opprobrium
3229 3088 3450 3153 habeat,

192 3176 342 3231 viduae
364 3193 507 3234 verae
545 3189 601 3235 et
623 3180 811 3236 electa:
837 3192 1018 3237 actum
1052 3186 1636 3260 conversationemque
1659 3190 1759 3248 de-
1863 3192 2093 3264 quisque
2139 3189 2437 3245 subsannet
2484 3196 2539 3243 et
2567 3186 2818 3253 irrideat,
2854 3195 2910 3240 tu
2940 3192 3149 3239 tantum
3188 3183 3303 3238 Deo
3332 3181 3452 3251 pla-

191 3267 355 3322 scribit
423 3269 579 3325 idem
646 3272 940 3341 Apostolus
1003 3275 1190 3332 dicens
1240 3294 1253 3330 :
1307 3277 1480 3333 Vidua
1541 3282 1762 3350 eligatur
1864 3299 2011 3351 ceas,
2043 3292 2097 3339 et
2135 3297 2259 3353 quae
2284 3277 2490 3336 Christi
2517 3287 2644 3335 sunt
2681 3291 2861 3349 geras.
2895 3277 3035 3333 Ante
3063 3274 3246 3331 omnia
3280 3274 3458 3329 inces-

192 3376 287 3429 quae
317 3363 467 3431 fuerit
502 3364 569 3417 in
597 3366 835 3435 operibus
873 3368 1019 3423 bonis
1049 3372 1389 3426 testimonium
1432 3374 1621 3429 habens
1652 3392 1671 3429 :
1700 3377 1764 3432 Si
1792 3360 1839 3425 C
1870 3374 2108 3430 sabiliter
2138 3370 2357 3428 Domini
2394 3371 2468 3426 tui
2510 3369 2773 3426 meditare
2808 3367 3085 3433 mandata,
3114 3363 3457 3422 orationibus

193 3453 307 3523 ﬁlios
340 3457 599 3527 educavit,
626 3460 769 3530 quod
809 3463 1249 3534 subintelligitur,
1294 3468 1439 3534 Deo;
1470 3470 1513 3522 si
1542 3470 1762 3540 hospitio
1869 3476 1927 3526 et
1954 3466 2173 3538 psalmis
2216 3467 2484 3521 instanter
2530 3462 2815 3527 incumbe;
2864 3470 2920 3515 ut
2967 3461 3014 3515 si
3054 3458 3320 3529 possibile
3349 3466 3457 3523 est,

193 3549 369 3619 recepit,
400 3551 444 3605 si
483 3561 791 3606 sanctorum
829 3555 983 3623 pedes
1022 3556 1164 3621 lavit,
1194 3559 1241 3612 si
1266 3558 1645 3615 tribulationem
1671 3579 1763 3633 pa-

1891 3576 2032 3619 iemo
2069 3570 2121 3617 te
2159 3559 2445 3631 aliquando
2493 3557 2597 3612 nisi
2641 3565 2735 3611 aut
2780 3555 3047 3625 legentem
3100 3551 3338 3606 inveniat
3366 3555 3461 3603 aut

193 3641 405 3698 tientibus
423 3645 855 3715 subministravit,
876 3650 923 3705 si
944 3667 1092 3705 omne
1124 3668 1250 3721 apus
1276 3654 1463 3707 bonum
1492 3656 1767 3711 subsecuta
1868 3663 2137 3711 orantem.
2180 3651 2248 3707 Et
2277 3665 2399 3705 cum
2443 3647 2610 3704 fueris
2638 3647 2779 3711 talis,
2828 3644 2998 3699 nostri
3038 3648 3334 3707 memento,
3367 3638 3462 3710 qui

193 3745 269 3788 est.
298 3736 487 3809 (Ibid,
511 3741 643 3812 10).
679 3741 831 3798 lianc
866 3759 990 3801 esse
1016 3760 1199 3801 veram
1230 3746 1444 3803 viduam
1474 3748 1760 3819 judicavit,
1871 3760 1925 3806 te
1947 3758 2153 3804 tantum
2181 3746 2477 3815 diligimus,
2503 3753 2560 3799 ut
2581 3741 2723 3811 quod
2750 3747 3051 3810 praesentes
3075 3747 3331 3808 praestare
3350 3750 3462 3790 non

194 3830 325 3899 cujus
352 3831 475 3889 talia
503 3844 639 3889 sunt
666 3849 856 3906 Opera.
899 3837 994 3893 illa
1016 3854 1147 3896 vero
1168 3841 1443 3911 quomodo
1472 3855 1533 3899 se
1559 3841 1764 3899 Christi
1872 3855 2178 3913 possumus,
2204 3835 2550 3894 conferamus
2580 3835 2851 3890 absentes.

254 3994 277 4022 ι
310 3983 363 4038 In
430 3987 678 4061 lorisque
710 4005 865 4055 mss..
906 3994 1046 4050 bene.

254 4053 276 4092 δ
485 4061 549 4113 S.
601 4068 738 4113 ΑΗΕ.
788 4079 953 4113 serm.
1011 4068 1113 4113 ηεξ
1202 4084 1256 4113 n-
1313 4070 1361 4113 1,
1418 4070 1472 4113 in
1525 4069 1759 4113 nnnpnd-

1952 4010 1974 4037 ο
2016 3998 2093 4053 ita
2124 3997 2354 4068 legimus
2405 4010 2527 4051 cum
2560 3993 2862 4050 Holstenio.
2894 3991 3081 4063 Neque
3108 3991 3251 4048 enim
3270 3989 3463 4113 (placet

1893 4070 2183 4113 mincmmli
2218 4069 2347 4113 edit-
2383 4067 2487 4113 RR-
2520 4066 2679 4113 lentio
2714 4082 2725 4113 :
2756 4062 2907 4113 lubet
2937 4063 3162 4113 exhiberi
3188 4072 3233 4113 et
3309 4059 3463 4113 Imus

196 4053 431 4194 “aviis.
485 4061 549 4116 S.
588 4053 738 4133 'Aug.
788 4053 953 4120 serm.
1011 4068 1141 4136 145,
1202 4084 1257 4126 n.
1313 4070 1366 4134 l,
1418 4070 1473 4127 in
1524 4069 1761 4143 append,

1892 4053 2348 4139 sujusmodiuedit.
2381 4067 2488 4123 ee.
2520 4066 2679 4123 lcetio
2714 4082 2725 4119 ;
2756 4062 2907 4119 lubet
2937 4053 3162 4119 exhiberi
3188 4072 3233 4117 et
3270 4053 3462 4117 Christi

1892 4143 2047 4207 iidua,
2072 4150 2203 4211 esto,
2235 4150 2340 4197 etc.

200 4251 3436 4297 Μ

1453 4376 1614 4421 ANNO
1658 4374 1890 4421 DOMINI
1933 4375 2179 4419 CDXXX.

1090 4589 2552 4786 POSSIDIUS,

880 4825 1706 4917 EPISCOPUS
1779 4828 2762 4917 CALAMENSIS.

1580 4486 2044 4500 *—

1211 5176 2265 5288 PROLEGOMEN
2278 5186 2373 5288 A
2397 5247 2435 5285 .

514 5449 1136 5522 SCHOENEMANNI
1182 5461 1515 5524 NOTITIA
1559 5462 2535 5531 HlSTORlCO-LITTERARIA
2585 5469 2665 5532 IN
2712 5468 3157 5532 POSSIDIUM.

1248 5586 1464 5649 (Schoen.
1488 5588 1613 5640 Bibl.
1640 5590 1766 5646 Hist.
1790 5590 1908 5643 Litt.
1936 5591 2065 5642 Patr.
2086 5592 2191 5643 Lat.
2217 5601 2328 5644 tom.
2355 5594 2440 5657 Il.)

852 5692 881 5765 ς
922 5693 963 5749 l.
1000 5695 1143 5752 Vita.
1902 5720 2083 5758 amara
2129 5706 2241 5759 ulla
2281 5706 2595 5760 dissensione
2635 5707 2965 5777 familiariter
3006 5724 3068 5761 ac
3102 5707 3326 5762 dulciter
3369 5724 3485 5770 eum

292 5776 431 5848 Afer,
462 5784 743 5855 Augustini
787 5788 1086 5860 discipulus
1124 5801 1179 5848 et
1226 5793 1525 5861 familiaris,
1555 5811 1660 5866 quo
1701 5798 1793 5853 vix
1899 5797 2191 5869 Augustino
2226 5801 2436 5869 vixisse,
2470 5814 2570 5855 nec
2609 5776 2786 5856 minus
2829 5800 3186 5856 honorificum
3228 5812 3311 5857 est
3336 5804 3485 5858 testi-

229 5869 513 5932 cbsriorem
563 5876 653 5934 ille
693 5890 786 5935 aut
826 5884 1185 5940 amantiorem
1226 5887 1307 5941 sui
1338 5886 1544 5943 habuit.
1580 5889 1793 5961 Quippe
1902 5894 2163 5960 monium,
2194 5894 2333 5964 quod
2358 5894 2717 5964 Hipponensis
2739 5896 3029 5966 episcopus
3051 5895 3117 5950 de
3138 5896 3315 5950 amico
3333 5896 3483 5966 juxta

238 5980 323 6036 pse
357 5966 424 6027 de
460 5984 521 6029 se
549 5982 734 6031 narrat
764 5976 1041 6034 Possidius
1077 5978 1223 6034 annis
1262 5979 1422 6048 ferme
1462 5996 1529 6039 xi.
1604 5986 1794 6054 absque
1900 6003 2059 6057 quam
2094 5987 2360 6059 discipulo
2394 5989 2510 6045 tulit
2545 5989 2595 6045 in
2630 5988 2827 6047 litteris
2855 5989 2922 6048 ad
2955 5990 3248 6050 Memorem
3278 5987 3517 6075 Capuae
