3976 6336
506 410 615 468 4ῦό

1526 411 1878 468 POSSIDIUS
1918 410 2292 470 EPISCOPUS
2328 410 2779 470 CALAMENSIS.
3652 425 3739 488 ω

507 540 638 584 num
692 525 1006 596 episcopum
1055 525 1255 584 Juliani
1300 527 1619 585 Eclanensis
1673 536 1905 598 patrem,
1965 528 2092 584 dum
2121 528 2348 601 Aptum
2390 529 2781 602 naufragioque
2821 532 3128 603 expositum
3171 531 3444 606 Neapolim
3468 547 3739 609 pervenisse

506 619 664 676 nimis
705 618 898 690 inquit,
928 621 1189 691 ingratum
1222 637 1284 677 ac
1314 625 1539 693 ferreum
1573 623 1694 694 fuit,
1726 633 1784 682 ut
1813 633 1862 679 te
1886 624 1977 695 ιικί
2004 641 2098 682 nos
2200 633 2360 698 atque
2381 625 2520 682 adeo
2543 624 2689 681 diem
2713 640 3029 696 supremum
3059 627 3114 681 iu
3144 625 3292 684 Italia
3322 630 3589 692 clausisse.

505 711 582 770 sic
598 727 762 778 amas,
781 711 864 767 hic
887 723 1094 770 sanctus
1117 714 1278 784 frater
1298 723 1346 772 et
1371 714 1571 788 collega
1595 726 1770 772 noster
1794 716 2093 782 Possidius,

505 803 562 858 in
594 821 692 872 quo
721 814 951 863 nostram
993 823 1094 864 non
1130 824 1344 878 parvam
1375 811 1701 881 praesentiam
1729 812 1979 882 reperies,
2016 811 2096 868 vel

505 910 610 956 non
635 896 873 962 disceret,
904 899 983 954 uel
1010 900 1120 956 sine
1149 900 1335 956 litteris
1359 903 1552 958 nostris
1575 903 1808 962 disceret.
1844 903 1939 960 Est
1959 906 2095 960 enim

506 1001 600 1055 per
628 988 978 1046 ministerium
1008 1000 1241 1050 nostrum
1271 1009 1374 1050 non
1394 992 1580 1052 litteris
1606 994 1736 1062 illis,
1764 1007 1893 1067 quas
1923 997 2095 1052 uaria-

505 1094 625 1136 rum
671 1082 800 1136 servi
845 1081 1116 1142 libidinum
1165 1084 1403 1141 liberales
1450 1097 1654 1157 vocant,
1698 1088 1787 1146 sed
1835 1089 2093 1146 dominico

503 1190 638 1243 pane
665 1177 912 1245 nutritus,
940 1188 1186 1248 quantum
1211 1180 1257 1232 ei
1283 1181 1447 1250 potuit
1480 1198 1569 1251 per
1597 1193 1800 1244 nostras
1826 1187 2092 1256 angustias

504 1267 813 1330 dispensari.
846 1269 976 1336 Quae
1007 1270 1224 1340 quidem
1255 1274 1385 1328 satis
1409 1275 1779 1343 manifestam,
1811 1294 1976 1348 quam
2003 1295 2093 1334 ar-

503 1367 674 1422 ctum,
706 1374 938 1430 quamve
963 1363 1278 1420 diuturnum
1308 1365 1454 1426 inter
1477 1381 1572 1424 eos
1600 1368 1764 1426 fuerit
1795 1371 2089 1428 vinculum.

500 1448 660 1508 Unde
697 1452 837 1514 haud
872 1453 1144 1512 immerito
1182 1467 1427 1526 censent,
1457 1475 1697 1518 consona
1745 1466 1906 1520 etiam
1937 1480 2092 1522 amo-

500 1556 624 1599 rum
657 1553 803 1611 nota,
835 1548 1134 1618 ascriptum
1172 1549 1339 1608 fuisse
1382 1553 1687 1611 Possidium
1719 1558 1965 1616 societati
2012 1561 2091 1617 illi

498 1637 863 1708 clericorum,
916 1657 1075 1712 quam
1133 1644 1460 1716 Augustinus
1505 1650 1788 1722 presbyter
1843 1652 2090 1724 Hippone

500 1746 926 1806 congregaverat
980 1749 1036 1794 et
1094 1740 1312 1814 Regulis
1367 1747 1686 1803 monasticis
1739 1751 2086 1808 astrinxerat.

498 1823 612 1882 Nec
638 1841 770 1884 sane
797 1829 1155 1902 improbabile
1185 1836 1416 1903 videtur,
1450 1840 1600 1896 illum
1643 1857 1706 1897 ex
1737 1844 1928 1898 eodem
1973 1861 2088 1900 mo-

2807 720 2834 791 ε
2868 719 2933 775 II.
2971 721 3208 790 Scripta.

2273 812 2388 869 Duo
2432 821 2650 869 exstant
2691 812 2930 868 Possidii
2980 812 3206 883 scripta,
3253 812 3408 884 digna
3436 818 3660 878 amicitiae
3696 836 3740 884 et

2199 907 2399 962 amoris
2435 908 2551 978 ejus
2581 908 2635 962 in
2666 908 3026 978 Augustinum
3059 917 3426 975 monumenta,
3465 909 3573 967 Vita
3595 917 3741 988 Auge.

2196 998 2319 1054 stini
2345 1008 2403 1055 et
2433 997 2706 1054 [ridiculus
2731 1001 3040 1071 scriptorum
3070 1001 3204 1070 ejus.

2451 1090 2480 1163 §
2511 1090 2598 1147 llI.
2625 1090 2918 1158 Editiones,
2954 1092 3215 1148 versioucs
3245 1098 3291 1146 et
3318 1092 3530 1148 codices.

2855 1194 3127 1246 Editiones.

2268 1277 2362 1333 Illa
2410 1277 2480 1333 ab
2530 1279 2752 1335 ineunte
2796 1290 2915 1336 arte
2953 1279 3336 1352 typographica
3382 1282 3618 1340 omnibus
3650 1287 3742 1346 lere

2194 1383 2420 1440 operum
2474 1379 2530 1427 et
2575 1373 2964 1442 opusculorum
3023 1372 3306 1442 Augustini
3366 1373 3738 1438 collectionibus

2193 1463 2403 1534 praefigi
2439 1465 2723 1520 consuevit
2759 1479 2932 1535 eaque
2960 1464 3047 1520 via
3091 1465 3158 1520 ad
3201 1465 3459 1536 insignem
3491 1468 3743 1528 lectiouu

2194 1572 2328 1613 mss.
2351 1558 2599 1613 codicum
2631 1559 2844 1628 copiam
2874 1557 3157 1614 emendata
3184 1574 3214 1614 a
3241 1558 3497 1615 Maurinis
3515 1563 3742 1631 patrihus,

2193 1651 2424 1706 seorsim
2473 1651 2709 1722 denique
2739 1665 2880 1706 novo
2909 1651 3182 1704 variarum
3221 1650 3513 1706 lectionum
3538 1653 3744 1712 subsidio

2193 1745 2469 1816 recognita
2505 1754 2558 1800 et
2585 1746 2726 1800 notis
2759 1760 2869 1800 non
2900 1742 3132 1799 indoctis
3169 1743 3437 1799 illustrata
3466 1755 3542 1800 est
3575 1745 3746 1803 Joanne

2196 1837 2484 1906 Salinasio,
2521 1838 2778 1909 theologo
2807 1837 3053 1900 Romano
3085 1852 3138 1892 a.
3168 1835 3324 1892 1751.
3354 1836 3613 1894 indicatus
3636 1841 3744 1896 scri-

498 1921 744 1976 nasterio
785 1924 852 1980 ad
883 1926 1253 1997 episcopatum
1283 1929 1551 1998 Calamze,
1581 1936 1766 2005 oppidi
1803 1935 2086 2006 Numidiae,

2200 1940 2412 2002 piorum
2473 1929 2757 2000 Augustini
2819 1929 2998 1984 editus
3068 1938 3154 1984 est
3219 1929 3446 1997 primum
3499 1944 3527 1983 a
3579 1927 3749 1986 Joanne

495 2026 611 2070 non
663 2015 821 2086 longe
866 2017 936 2073 ah
984 2019 1230 2090 Hippone
1258 2022 1429 2096 Regio
1471 2027 1745 2096 distantis,
1787 2044 1913 2087 esse
1963 2047 2088 2089 eve-

498 2118 645 2164 ctum
676 2127 690 2164 :
723 2110 773 2165 id
801 2113 941 2181 quod
972 2130 1117 2171 anno
1147 2117 1274 2183 597,
1322 2128 1446 2189 post
1483 2122 1694 2194 Hegalii
1728 2124 1964 2196 obitum,
1998 2142 2090 2184 ac-

498 2199 650 2254 cidit.
697 2202 754 2256 ln
801 2218 869 2258 eo
915 2220 1047 2262 vero
1093 2205 1217 2264 loco
1274 2214 1548 2282 spatiosus
1596 2216 1696 2286 ipsi
1745 2221 2091 2289 aperiebatur

500 2304 727 2360 campus
767 2294 834 2349 ad
880 2311 972 2351 eas
1001 2296 1160 2354 dotes
1190 2303 1538 2373 explicandas
1567 2322 1699 2377 quas
1729 2309 2091 2380 Hipponensis

496 2385 747 2452 praesulis
778 2389 1045 2446 institutio
1083 2401 1176 2448 aut
1224 2399 1564 2454 consuetudo
1609 2402 1661 2456 in
1703 2417 1770 2457 eo
1799 2403 2089 2462 efﬂuxerat

499 2486 553 2532 et
586 2479 864 2548 formarat,
897 2499 997 2540 nec
1035 2500 1202 2556 pauca
1245 2502 1366 2546 sese
1416 2492 1740 2562 oil'erebant,
1772 2512 1893 2565 quae
1938 2512 2088 2555 coni.

497 2571 650 2625 muni
681 2574 839 2628 Amici
868 2577 1097 2633 consilio
1123 2582 1358 2650 gerenda
1391 2594 1594 2650 essent,
1631 2587 1683 2641 in
1714 2588 1980 2658 quibusve
2004 2593 2088 2648 vel

499 2665 825 2721 auctoritate
865 2669 952 2724 vel
1001 2669 1274 2740 adjutorio
1302 2675 1419 2744 ejus
1456 2676 1744 2748 indigeret.
1779 2679 1928 2736 Talia
1976 2681 2090 2739 fere

501 2766 660 2810 erant
701 2773 826 2827 qua
855 2760 959 2816 sub
987 2762 1202 2818 initium
1246 2770 1489 2826 muneris
1529 2771 1612 2824 sui
1653 2786 1775 2826 cum
1818 2773 1934 2842 ipse
1977 2783 2087 2829 tum

499 2843 746 2905 Ecclesia
787 2850 906 2921 ejus
952 2868 985 2910 a
1029 2857 1254 2925 paganis
1298 2857 1708 2918 Calameusibus
1748 2865 2085 2933 patiebatur;

497 2953 626 2994 mox
677 2941 803 2998 item
851 2959 972 3015 qua:
1013 2960 1135 3003 cum
1182 2949 1478 3008 Donatistis
1526 2956 1737 3025 accepit
1767 2959 2088 3014 certamina.

498 3028 632 3100 Quae
651 3045 812 3092 causa
837 3051 958 3094 cum
988 3053 1096 3094 non
1125 3042 1296 3111 magis
1327 3045 1593 3101 universae
1615 3047 1811 3104 Africae
1831 3051 2091 3108 Ecclesiae

498 3125 802 3182 communis
831 3143 995 3198 quam
1026 3133 1314 3203 Augustini
1341 3138 1560 3206 propria
1591 3150 1766 3207 esset,
1795 3157 1901 3198 non
1935 3152 2090 3212 pote-

499 3226 588 3271 rat
617 3232 646 3272 a
676 3217 922 3278 Possidio
961 3223 1064 3279 levi
1096 3227 1277 3286 studio
1319 3230 1546 3299 suscipi.
1573 3230 1761 3302 Itaque
1782 3234 1892 3303 jam
1925 3251 1952 3291 a
1984 3235 2088 3292 101

501 3306 808 3379 Crispinum
851 3315 1249 3374 Donatistarum
1296 3322 1440 3390 apud
1497 3302 1847 3381 tiatamenses
1883 3331 2094 3396 episco-
2119 3302 2167 3368 θ

500 3417 630 3469 pum
684 3404 753 3459 ad
793 3407 1119 3478 colloquium
1171 3426 1356 3467 secum
1410 3414 1704 3471 ineundum
1752 3419 2091 3488 sollicitavit,

500 3493 841 3566 invitumque
868 3501 1046 3569 coegit
1090 3510 1146 3562 et
1184 3504 1407 3559 solertia
1456 3510 1893 3579 sua'supcravit.
1938 3513 2094 3568 Anno

501 3587 609 3643 410
651 3603 756 3642 una
792 3605 915 3645 cum
964 3593 1137 3650 tribus
1165 3595 1287 3650 aliis
1315 3599 1587 3668 episcopis
1616 3615 1647 3654 a
1677 3603 1922 3671 patribus
1950 3603 2095 3660 Afri-

503 3681 656 3734 canis
684 3680 1012 3754 Carthagine
1041 3691 1380 3759 congregatis
1427 3692 1636 3760 legatus
1682 3695 1880 3752 missus
1911 3709 1995 3752 est
2025 3700 2092 3755 ad

502 3771 802 3830 Ilonorium
833 3777 972 3847 Aug.
1021 3794 1122 3850 pro
1167 3783 1524 3852 abrogatione
1572 3788 1704 3855 legis
1756 3790 1808 3844 in
1851 3790 2092 3848 favorem

501 3863 910 3923 Donatistarum
937 3870 1059 3926 lata:
1081 3881 1134 3927 ct
1159 3873 1224 3926 ad
1253 3876 1600 3931 obtinendam
1645 3894 1765 3933 cum
1793 3880 2092 3938 Donatistis

502 3959 871 4036 collationem.
899 3964 1138 4022 Allectus
1166 3966 1266 4028 fuit
1293 3969 1488 4025 deinde
1515 3987 1567 4028 a.
1587 3972 1689 4030 411
1722 3973 1773 4027 in
1801 3975 2092 4032 collatione

501 4067 624 4106 cum
651 4052 942 4110 Donatistis
963 4056 1105 4112 inter
1131 4072 1337 4128 septem
1369 4070 1582 4117 actores
1607 4065 1778 4132 partis
1808 4065 2092 4126 catholicas

503 4146 750 4216 actisque
793 4149 912 4218 ejus
959 4150 1298 4221 subscripsit.
1341 4153 1586 4210 Interfuit
1636 4157 1798 4212 etiam
1845 4161 2091 4216 conciliis

500 4237 772 4294 Africanis
799 4241 871 4295 ob
901 4241 1141 4298 leestii
1180 4251 1235 4299 et
1262 4245 1461 4316 Pelagii
1494 4248 1743 4304 haeresim
1774 4251 2088 4321 celebratis,

500 4347 716 4402 unaque
744 4349 865 4390 cum
896 4337 1306 4394 aliis‘Numidiae
1333 4340 1603 4411 episcopis
1633 4357 1701 4399 ex
1733 4347 1970 4402 concilio
1996 4347 2094 4402 Mi-

499 4425 742 4483 levitana
783 4429 996 4485 litteras
1031 4431 1098 4486 ad
1125 4433 1495 4490 Innocentium
1541 4437 1858 4509 episcopum
1892 4440 2092 4496 Roma-

502 4534 633 4574 num
684 4521 847 4575 dedit.
905 4521 1192 4594 Ingruente
1240 4528 1452 4585 tandem
1502 4545 1554 4586 a.
1593 4534 1699 4588 £50
1730 4533 2092 4593 Vandalorum

503 4626 649 4666 saevo
672 4627 766 4680 per
795 4615 1074 4672 universas
1095 4619 1286 4675 Africae
1309 4624 1616 4697 provincias
1639 4629 1903 4696 exercitu,
1928 4641 1982 4685 et
1998 4647 2095 4702 0p-

500 4719 687 4773 pressa
716 4707 784 4760 ab
817 4707 1006 4764 iisdem
1039 4710 1255 4767 Calama
1282 4723 1411 4794 nutu
1441 4696 1593 4788 quasi
1620 4718 1803 4792 divino
1827 4696 2094 4791 impulsus
2121 4696 2174 4757 D

502 4795 605 4851 fuit
632 4798 934 4864 Possidius,
961 4811 1018 4855 ut
1048 4803 1350 4874 Hipponem
1381 4823 1441 4864 se
1487 4807 1787 4868 conferret.
1817 4812 1918 4868 Vix
1947 4815 2092 4870 enim

505 4891 697 4946 eodem
720 4905 1086 4958 concesserat,
1111 4911 1233 4952 cum
1262 4908 1315 4955 et
1346 4899 1461 4955 haec
1493 4902 1621 4957 urbs
1649 4903 1936 4960 obsidione
1957 4907 2095 4961 clau-

505 4982 726 5038 deretur
746 4995 906 5055 atque
923 4985 1256 5058 Augustinus
1278 4992 1426 5048 febre
1448 5006 1728 5064 correptus
1744 4997 2096 5054 decumberet

503 5084 562 5130 et
592 5086 710 5145 post
738 5093 942 5148 paucos
970 5080 1089 5137 dies
1127 5094 1339 5142 astante
1365 5087 1540 5142 amico
1578 5088 1930 5164 obdormiret.
1964 5091 2098 5147 Post

504 5169 790 5240 Augustini
837 5172 1041 5229 obitum
1084 5179 1312 5233 rarescit
1341 5181 1504 5236 etiam
1537 5181 1765 5236 Possidii
1798 5186 2088 5253 memoria,

501 5264 608 5318 nisi
639 5264 783 5334 quod
812 5265 1045 5338 Prosper
1075 5280 1259 5326 narrat
1287 5272 1340 5327 in
1371 5271 1643 5329 Chronico
1675 5275 1742 5330 ad
1773 5290 1926 5332 cons.
1951 5278 2091 5333 Aetii

501 5369 543 5410 li
582 5366 638 5411 et
683 5358 955 5429 Sigisvulti
1001 5360 1248 5435 (c.4167)
1298 5364 1602 5430 Possidium
1645 5381 1766 5432 cum
1806 5369 2013 5426 Novato
2040 5380 2094 5428 et

503 5446 802 5505 Severiano
829 5451 1114 5510 catholicis
1136 5457 1421 5526 episcopis,
1447 5457 1743 5516 Genserico
1767 5462 2091 5520 catholicam

500 5539 665 5595 ﬁdem
697 5544 894 5599 Ariana
928 5546 1208 5616 impietate
1247 5550 1564 5606 subvertere
1600 5553 1840 5622 cupienti
1883 5556 2093 5612 fortiter

497 5635 802 5704 restitisse;
832 5637 930 5698 sed
957 5640 1148 5700 eodem
1180 5643 1450 5702 meruisse
1480 5652 1536 5699 ut
1566 5645 1812 5701 ecclesiis
1841 5648 1955 5702 suis
1985 5650 2095 5718 pri-

477 5735 657 5800 Vvaret
672 5737 726 5782 et
751 5729 1059 5790 civitatibus
1080 5734 1332 5804 pelleret.
1357 5735 1511 5794 Unde
1534 5737 1794 5808 colligunt
1816 5742 2088 5812 eumdem,

443 5818 452 5886 ἶ
493 5830 664 5892 capta
696 5823 764 5879 ab
791 5825 1088 5885 Genserico
1132 5846 1184 5884 a.
1220 5831 1324 5889 159
1349 5833 1699 5906 Carthagine,
1728 5851 1850 5892 cum
1901 5838 2091 5909 ingens

505 5915 830 5974 clericorum
860 5922 1012 5978 turba
1039 5938 1103 5981 ex
1135 5927 1279 5984 omni
1304 5925 1480 5984 Africa
1513 5929 1825 5998 ejiceretur,
1857 5931 2092 5998 proscri-

2201 2021 2501 2080 Viimmerio
2531 2038 2583 2077 a.
2616 2022 2778 2079 1561.
2808 2021 3052 2091 Migravit
3083 2020 3294 2091 pariter
3316 2020 3384 2075 ab
3414 2021 3514 2075 isto
3539 2029 3748 2090 tempore

2193 2114 2248 2170 in
2273 2116 2449 2170 varias
2478 2115 2714 2183 Operum
2745 2113 3033 2184 Augustini
3066 2112 3358 2176 editiones,
3377 2121 3434 2167 et
3459 2127 3525 2166 ex
3556 2113 3750 2169 vetustis

2193 2207 2526 2263 membranis
2572 2207 2862 2276 castigatus
2911 2215 2995 2262 est
3041 2206 3094 2261 in
3147 2205 3609 2260 Benedictinornm
3649 2205 3747 2260 edi-

2194 2303 2358 2357 tione.
2391 2302 2496 2357 Sed
2544 2301 2704 2370 longe
2752 2301 2962 2370 plenior
2990 2311 3045 2356 et
3075 2299 3414 2355 emendatior
3443 2314 3508 2354 ex
3538 2313 3632 2354 ms.
3663 2299 3748 2355 Ve-

2193 2396 2412 2452 ronensi
2442 2393 2638 2463 prodiit
2665 2394 2909 2451 Venetiis
2938 2410 2990 2450 a.
3026 2393 3169 2450 1755
3195 2434 3209 2448 .
3239 2434 3254 2449 .
3289 2435 3302 2448 .
3333 2434 3344 2446 .
3375 2435 3389 2448 .
3415 2432 3430 2447 .
3456 2393 3510 2447 In
3537 2393 3750 2464 sequenti

2193 2487 2370 2544 indice
2403 2488 2537 2542 nihil
2567 2487 2826 2542 omissum
2856 2496 2941 2543 est
2965 2487 3106 2556 quod
3138 2485 3203 2540 ad
3229 2486 3613 2541 accuratiorem
3639 2485 3749 2540 insi-

2192 2582 2443 2652 gniorum
2482 2579 2780 2638 editionum
2827 2581 3071 2636 notitiam
3115 2580 3401 2645 conducit;
3449 2579 3749 2650 singulorum

2193 2689 2328 2732 vero
2358 2675 2646 2747 Augustini
2681 2689 2910 2745 operum
2958 2674 3338 2730 recensionem
3389 2688 3544 2729 nemo
3587 2686 3756 2743 exSpe-

2194 2769 2379 2825 ctabit.

2818 2855 3034 2912 διευιο
3061 2857 3175 2896 xvi.

2269 2951 2432 3010 1564.
2476 2952 2691 3007 Louanii
2719 2953 2861 3021 apud
2886 2951 3101 3007 Hieron.
3130 2949 3408 3006 Wcllccum
3428 2966 3449 3016 ;
3473 2948 3628 3004 ist-4’.
3649 2947 3758 3004 Pos-

2195 3045 2322 3101 sidii
2353 3044 2693 3102 Calameusis
2728 3046 2971 3115 episcopi
3011 3044 3127 3099 Vita
3157 3052 3216 3100 et
3249 3042 3526 3098 Indiculus
3551 3041 3758 3113 Operam

2196 3135 2259 3190 D.
2296 3136 2582 3206 Augustini
2611 3151 2674 3192 ex
2707 3136 2948 3192 editione
2987 3145 3044 3191 et
3079 3150 3200 3190 cum
3231 3134 3459 3190 scholiis
3487 3131 3762 3203 marginali-

2198 3231 2298 3286 bus
2331 3231 2554 3288 Joannis
2590 3231 2908 3296 Vlimmcrii;
2935 3245 3058 3286 cum
3090 3218 3430 3287 Sermonibus
3451 3229 3638 3298 aliquot
3674 3227 3764 3281 Au-

2199 3326 2396 3397 gustini
2429 3325 2499 3379 ab
2541 3325 2735 3381 eodem
2774 3340 2969 3380 recens
3006 3324 3256 3395 prolatis.
3295 3324 3434 3379 Tota
3475 3324 3587 3378 hmo
3611 3321 3762 3378 Vlim-

2201 3419 2360 3474 merii
2392 3433 2558 3488 opera
2592 3418 2854 3476 translata
2887 3427 2973 3473 est
3012 3418 3065 3472 in
3093 3417 3397 3474 editionem
3427 3416 3764 3472 Basileentem

2199 3513 2438 3581 Operam
2462 3510 2752 3582 Augustini
2781 3526 2809 3564 a
2847 3509 3010 3566 1569.
3353 3601 3417 3608 ψ
3520 3601 3531 3608 ι
3684 3595 3714 3608 Δ.
3750 3593 3761 3607 ο

2275 3605 2434 3660 15η.
2476 3602 2705 3659 Colonia
2755 3604 3087 3676 Agrippina;
3131 3604 3312 3675 ist-fol.
3353 3601 3478 3657 Vita
3508 3601 3765 3669 Augustini

2200 3698 2565 3770 episcopi.....
2585 3699 2726 3754 edita
2757 3713 2786 3753 a
2814 3698 3065 3753 Possidio
3093 3699 3329 3768 primum
3355 3695 3475 3790 ejus
3503 3689 3762 3790 discipulo,

2199 3802 2388 3861 postea
2417 3794 2675 3862 episcopo
2719 3790 3061 3861 Cglamensi;
3096 3791 3152 3845 in
3194 3789 3360 3844 Laur.
3396 3786 3544 3844 Surii
3565 3782 3766 3856 probatis

2199 3885 2309 3940 SS.
2351 3883 2478 3938 Vitis
2503 3884 2569 3939 ad
2601 3885 2745 3939 diem
2774 3884 2844 3938 28
2872 3883 3034 3954 Aug.,
3077 3883 3142 3938 T.
3175 3883 3242 3937 IV
3275 3897 3433 3952 pagg.
3462 3876 3682 3936 95347.
3717 3873 3766 3927 In

2197 3976 2493 4032 novissima
2533 3977 2852 4044 Coloniensi
2897 3992 2948 4034 a.
2994 3976 3171 4043 1618,
3215 3974 3321 4030 huc
3361 3987 3580 4046 mense,
3631 3981 3764 4054 938%-

2197 4067 2500 4126 502—509.

2806 4155 3025 4196 SECULO
3062 4154 3194 4194 XVII.

2272 4255 2432 4311 1690.
2475 4255 2718 4319 Parisiis.
2743 4258 2882 4327 apud
2908 4254 3101 4308 Franc.
3124 4253 3336 4324 Muguct
3362 4250 3580 4322 ;in—fol.
3609 4247 3662 4304 S.
3679 4245 3772 4300 Au-

2199 4348 2319 4404 relii
2349 4347 2636 4418 Augustini
2689 4347 2848 4417 Hipp.
2901 4361 2988 4416 ep.
3029 4345 3166 4414 Vita,
3211 4354 3441 4399 auctore
3484 4338 3768 4397 Calameusi

2199 4442 2480 4512 episceno,
2514 4440 2690 4509 ipsius
2725 4439 3012 4510 discipulo.
3046 4436 3178 4492 Item
3201 4436 3484 4492 lndiculus
3511 4435 3770 4493 librorum,

2199 4543 2526 4594 tractatuum
2571 4540 2628 4590 et
2673 4532 3023 4602 epistularum
3068 4530 3127 4586 S.
3172 4528 3472 4600 Augustini
3510 4526 3664 4595 Hipp.
3692 4536 3770 4590 ep.

2201 4626 2382 4692 editus
2412 4641 2544 4680 cura
2587 4624 2822 4690 Possidii
2850 4623 2913 4690 Ε,
2949 4622 3013 4677 C.
3039 4637 3105 4677 ex
3134 4621 3300 4676 variis
3347 4619 3628 4675 codicibus
3656 4627 3770 4670 mss.

2199 4719 2487 4774 emendata
2519 4727 2573 4774 et
2600 4733 2720 4772 cum
2763 4716 3016 4772 lectionis
3059 4715 3384 4794 diversitate
3425 4714 3480 4766 in
3524 4710 3773 4773 P.1nap-

2199 4811 2446 4882 pendicis
2470 4812 2601 4866 tomi
2628 4809 2679 4864 X
2709 4809 2846 4879 Opp.
2873 4807 3164 4878 Augustini
3198 4822 3264 4862 ex
3291 4807 3384 4861 ed.
3421 4799 3776 4899 Benedictin-o:

2200 4921 2342 4960 rum.
2400 4904 2455 4958 In
2508 4904 2595 4958 ed.
2630 4901 3016 4970 Antucrpiensi
3071 4915 3226 4970 pagg.
3275 4895 3564 4952 164—200
3600 4890 3775 4947 Clerici

2199 4997 2502 5051 observata
2533 4996 2584 5049 in
2617 4993 2924 5048 Possidium
2956 5007 3062 5045 non
3109 4989 3246 5045 tanti
3285 4999 3440 5056 sunt,
3475 4997 3535 5042 ut
3564 4984 3777 5052 aliquem

2200 5090 2499 5156 sollicitare
2541 5088 2774 5158 possint.
2807 5086 2919 5142 Nec
2959 5100 3092 5141 vero
3119 5083 3431 5140 Salinasius
3467 5082 3537 5136 de
3566 5074 3778 5175 victoria

2199 5183 2270 5237 ab
2298 5197 2365 5237 eo
2392 5189 2667 5250 reportata
2709 5178 2936 5250 gloriari
2967 5177 3152 5243 debet,
3184 5175 3394 5245 quippe
3425 5173 3586 5243 cujus
3617 5173 3781 5224 omnis

2200 5271 2450 5328 defensio
2479 5287 2586 5326 non
2614 5271 2793 5326 solum
2823 5270 2890 5323 ab
2912 5269 3055 5340 ipso,
3077 5268 3173 5324 sed
3198 5268 3320 5323 aliis
3351 5279 3574 5338 quoque
3595 5263 3780 5334 jactata

2202 5366 2258 5428 in
2291 5366 2408 5430 solo
2439 5375 2638 5428 conatu
2666 5365 2890 5425 defecit.

2795 5470 3012 5512 εισι]ιο
3043 5471 3192 5512 XVIII.

2273 5553 2435 5610 1751.
2483 5552 2662 5607 Romae
2684 5591 2698 5616 ,
2731 5551 2867 5621 typis
2891 5549 2981 5604 Jo.
3014 5548 3260 5617 Zempei;
3304 5546 3472 5604 iit-8'.
3505 5546 3566 5603 S.
3590 5535 3784 5600 Aurelii

2193 5647 2489 5717 Augustini
2518 5645 2884 5715 Hipponensis
2915 5643 3156 5716 episcopi
3178 5641 3300 5697 Vita
3324 5649 3558 5734 auctore
3581 5638 3637 5694 S.
3668 5634 3782 5734 Pos-

2195 5741 2340 5797 sidio
2387 5739 2698 5796 Calameusi
2749 5738 3006 5809 episcopo
3031 5736 3101 5792 ad
3152 5751 3282 5794 mss.
3325 5733 3498 5792 codd.
3527 5733 3779 5826 recensita

2197 5836 2454 5906 notisque
2481 5835 2753 5891 illustrata
2784 5847 2953 5903 opera
2979 5841 3036 5888 et
3077 5831 3258 5886 studio
3304 5828 3376 5880 Π.
3405 5822 3630 5883 Joannis
3652 5816 3782 5878 εδδ·

2197 5947 2292 5984 nas
2323 5928 2664 5998 Neapolitani
2686 5925 2820 5982 Can.
2863 5926 2998 5995 Reg.
3044 5923 3160 5980 Lat.
3191 5937 3252 5978 ac
3277 5921 3405 5976 Sac.
3436 5915 3635 5978 ’I‘bcol.
3667 5912 3781 5970 lect.
