3976 6336
230 399 331 458 “*5

1603 392 2135 450 PROLEGUMENA.

3416 393 3521 451 400

229 517 294 574 ad
317 514 831 573 reverendissimum
861 513 919 569 P.
952 513 1012 567 ι).
1047 511 1339 568 Ascanium
1373 510 1661 581 Varesium
1681 510 1815 583 βίω.
1845 510 1898 583 Α
1920 519 2145 577 auctore
2166 512 2225 569 S.
2247 509 2495 581 Possidio
2507 510 2815 567 Calamensi
2838 511 3091 582 episcopo
3112 510 3178 565 ad
3202 524 3334 565 mss.
3359 510 3520 566 codd.

228 612 364 683 Reg.
389 611 510 667 Lat.
541 610 797 666 abbatem
828 609 1155 679 generalem.
1182 606 1239 659 2°
1274 607 1473 679 Ibidem
1512 607 1711 662 eodem.
1744 606 1822 663 De
1924 606 2220 671 recensita,
2248 605 2509 676 notisque
2531 604 2798 660 illustrata
2823 618 2991 673 opera
3015 601 3270 659 etstudio
3286 600 3527 657 D.Joan-
3592 674 3595 675 ν

229 703 351 758 Vita
378 713 431 759 et
464 702 628 758 rebus
657 701 823 773 gestis
855 701 912 756 8.
943 701 1171 756 Possidii
1211 700 1548 775 Calamcusis
1576 698 1820 783 episcopi

228 796 552 855 Dissertatio
580 810 649 851 ex
683 794 744 848 P.
776 792 1063 864 Augustini
1083 794 1301 864 scriptis
1326 790 1823 864 ecclesiasticisque

228 888 602 960 monumentis
626 887 957 959 concinnata
1004 900 1170 957 opera
1198 895 1253 941 et
1294 885 1475 941 studio
1506 884 1574 953 Β.
1604 883 1825 953 Joannis

229 980 467 1046 Salinas.
494 990 604 1043 ets.

302 1074 535 1130 Textum
568 1072 746 1129 editor
771 1073 922 1144 juxta
957 1071 1218 1127 lectiones
1248 1086 1276 1126 a
1318 1070 1424 1127 PP.
1460 1070 1715 1139 Maurinis
1754 1086 1825 1131 ex

228 1167 391 1223 codd.
412 1181 545 1223 mss.
576 1168 884 1238 propositas
913 1178 966 1222 et
988 1176 1198 1221 vetusta
1219 1165 1549 1237 ueruplaria
1574 1166 1829 1221 Vaticana

228 1276 259 1316 a
292 1261 513 1317 nemine
542 1269 667 1316 ante
694 1261 937 1315 adhibita
964 1261 1259 1327 recensuit,
1284 1260 1575 1315 varietates
1596 1259 1828 1330 diligen-

230 1362 316 1409 ter
341 1354 550 1423 notavit
571 1361 839 1423 notasque
874 1363 931 1408 et
957 1351 1370 1425 observationes
1398 1350 1627 1417 addidit,
1661 1351 1833 1407 Bene-

227 1446 559 1503 dictinorum
617 1446 956 1515 aliorumgue
1006 1446 1246 1500 virorum
1318 1445 1603 1500 doctorum
1661 1444 1831 1515 copiis

228 1539 448 1595 abunde
480 1539 700 1594 dilatas.
737 1539 980 1593 Arduum
1018 1537 1265 1609 profecto
1314 1552 1421 1593 non
1454 1547 1571 1593 erat
1601 1538 1655 1592 in
1680 1546 1832 1591 tanta

231 1633 519 1704 Augustini
552 1642 608 1695 et
637 1632 705 1703 de
734 1630 1037 1704 Augustino
1080 1631 1416 1702 scriptorum
1449 1630 1601 1715 copia
1631 1640 1686 1687 et
1715 1639 1835 1700 post

229 1733 315 1780 tot
343 1736 563 1797 tamque
591 1725 805 1781 diversa
839 1725 978 1781 circa
1002 1739 1093 1793 res,
1115 1724 1183 1781 ab
1204 1738 1269 1781 eo
1292 1736 1345 1781 et
1366 1740 1464 1797 per
1482 1739 1658 1780 aevum
1688 1724 1832 1781 istud

228 1828 415 1889 gestas
463 1818 671 1887 studia,
721 1819 1028 1890 praesertim
1073 1833 1202 1873 vero
1240 1827 1358 1892 post
1400 1817 1828 1873 eruditissimum

1926 698 2007 767 nis
2038 697 2254 769 Salinas
2286 696 2456 769 Neap.
2495 696 2628 752 Can.
2686 696 2815 766 Reg.
2858 692 3061 765 Congr.
3114 694 3233 749 Lat.
3284 694 3528 750 Accessit

1928 789 2204 846 Michaelis
2244 790 2316 846 llI
2345 791 2411 846 ad
2438 798 2717 860 exemptus
2747 788 2957 843 insulas
2986 786 3323 858 Wengenses
3351 786 3523 842 Cann.

1927 886 2099 959 Begg.
2154 884 2326 955 Ulmae
2358 884 2657 943 Suevorum
2706 881 2937 953 praelati,
2985 876 3042 939 S.
3094 877 3234 935 Cas.
3284 876 3525 947 acCath.

1927 979 2055 1051 Maj.
2088 978 2385 1036 consiliarii
2416 988 2471 1032 et
2499 975 2759 1031 sacellani
2806 972 3050 1044 perpetui
3078 970 3394 1042 Disquisitio
3422 971 3529 1026 cri-

1931 1074 2035 1129 tica
2059 1071 2125 1135 de
2142 1071 2305 1126 variis
2330 1066 2693 1141 gestis,dictis
2726 1080 2789 1121 ac
2815 1064 3120 1121 visionibus
3147 1062 3207 1119 8.
3225 1064 3529 1134 Augustino

1932 1166 2071 1222 falso
2104 1174 2197 1219 aut
2224 1162 2403 1219 minus
2430 1160 2604 1218 solide
2634 1158 2875 1215 tributis.
2905 1187 2975 1200 ιι-
3007 1157 3065 1213 In
3092 1156 3384 1228 posteriori
3416 1155 3531 1212 dis-

1934 1258 2238 1315 sertatione
2264 1256 2558 1311 multarum
2602 1252 2673 1309 de
2701 1250 3002 1322 Augusuino
3046 1249 3349 1305 fabularum
3379 1248 3533 1319 origo

1934 1353 2092 1409 docte
2112 1367 2175 1407 ac
2198 1349 2466 1421 sagaciter
2485 1345 2813 1415 ostenditur.

2590 1446 2874 1497 Versiones.

2012 1538 2170 1593 i742.
2201 1536 2266 1590 In
2307 1534 2549 1599 Venezia,
2578 1548 2666 1603 per
2691 1528 2869 1584 Pietro
2889 1526 3162 1599 Bassaglia
3188 1541 3216 1581 e
3240 1522 3536 1581 Francesco

1937 1635 2324 1699 Hertzhauser;
2348 1628 2517 1691 iit-4°.
2561 1627 2679 1684 Vita
2705 1626 2761 1683 di
2800 1623 2861 1683 S.
2892 1623 3112 1685 Aurelio
3146 1621 3534 1694 Agostino.....

1936 1730 2126 1786 scritta
2167 1727 2233 1783 da
2276 1725 2336 1782 8.
2367 1721 2612 1789 Possidio
2649 1733 2885 1781 vescovo
2930 1717 2986 1774 di
3020 1713 3271 1785 Calama,
3303 1712 3538 1770 tradotta

1938 1826 1990 1882 iu
2024 1822 2246 1881 ltaliano
2274 1820 2340 1877 da
2371 1820 2459 1879 un‘
2489 1827 2679 1876 autore
2718 1813 2973 1873 anonimo
3011 1812 3102 1869 col
3133 1819 3272 1869 testo
3300 1808 3535 1873 Latino;

228 1911 505 1968 editorum
534 1910 931 1967 Parisiensium
961 1911 1028 1967 de
1058 1912 1169 1968 vita
1200 1912 1318 1982 eius
1341 1912 1831 1977 Commentarium.
1864 1911 1916 1975 B
1941 1919 1994 1973 in
2034 1916 2220 1971 limine
2257 1913 2441 1985 operis
2471 1910 2759 1982 Augustini
2808 1910 2871 1962 de
2922 1905 3139 1961 Civitate
3182 1901 3311 1968 Dei,
3351 1902 3539 1955 Latine

230 2013 396 2059 notas
426 2018 534 2059 non
566 2003 727 2075 plane
758 1990 972 2075 ine"ptas
1015 2005 1083 2059 ad
1114 2003 1419 2061 Possidium
1449 2004 1699 2060 fundere.
1734 2006 1832 2059 At-

229 2113 338 2169 que
371 2098 423 2154 hi
455 2099 713 2155 ductores
761 2100 948 2169 procul
998 2099 1161 2155 dubio
1189 2099 1453 2155 Joannem
1504 2098 1832 2159 Salinasium

230 2190 346 2245 suis
383 2192 553 2262 ipsius
580 2192 788 2247 viribus
836 2192 1074 2263 alioquin
1106 2194 1285 2249 minus
1326 2193 1587 2259 alacrem,
1618 2202 1677 2247 ut
1702 2191 1839 2247 Vin-

231 2286 399 2340 centii
429 2285 734 2349 Lirinensis
757 2287 949 2355 eodem
975 2302 1119 2359 anno
1137 2289 1207 2347 ab
1245 2304 1312 2344 eo
1334 2288 1638 2359 eademque
1663 2287 1837 2345 forma

232 2377 361 2432 editi
398 2388 446 2433 et
479 2377 751 2451 Clementi
779 2378 876 2445 Xll
902 2378 1138 2435 dedicati
1171 2381 1423 2451 etemplo
1461 2380 1837 2451 ostendemus,

230 2470 465 2525 miriﬁce
522 2480 922 2527 sustentarunt.
968 2472 1351 2543 Spoponderat
1397 2474 1450 2528 in
1494 2475 1835 2544 praefatione,

230 2565 528 2636 Augustini
560 2566 684 2621 vita:
714 2581 773 2621 se
796 2566 1117 2637 juncturum
1143 2582 1267 2623 esse
1298 2567 1537 2638 Hugonis
1568 2567 1636 2623 de
1656 2567 1713 2624 8.
1749 2567 1841 2622 Vi-

230 2668 389 2713 ctore
410 2659 739 2728 opusculum
766 2659 834 2715 de
852 2659 1198 2717 InStitutione
1214 2660 1556 2731 Novitiorum
1587 2676 1691 2731 una
1710 2675 1837 2718 cum

232 2753 479 2807 auctoris
500 2753 725 2808 historia
746 2771 760 2820 ;
784 2754 877 2810 sed
896 2757 1127 2809 mutavit
1142 2763 1325 2825 postea
1340 2755 1627 2810 consilium
1647 2763 1701 2811 et
1722 2756 1840 2812 loco

233 2845 374 2915 ejus,
408 2847 701 2916 separatim
734 2856 934 2915 tamen,
962 2848 1205 2903 exscribi
1232 2847 1360 2903 fecit
1396 2847 1841 2904 Dissertatiunem

232 2939 297 2991 de
324 2937 448 2992 Vim
478 2948 527 2994 et
550 2939 723 2994 Rebus
749 2941 901 3012 gestis
933 2940 1166 2995 Possidii
1195 2942 1428 3015 amplam
1472 2956 1604 3013 sane
1646 2954 1702 3015 et
1731 2958 1838 3013 non

232 3031 554 3099 indoctam;
586 3048 694 3104 quo
735 3035 907 3105 magis
938 3036 1121 3090 mirari
1155 3034 1319 3101 subit,
1348 3036 1439 3106 qui
1485 3044 1591 3090 tam
1626 3050 1755 3091 sero
1788 3037 1839 3091 in

233 3139 353 3179 eam
393 3125 782 3195 cogitationem
828 3134 1016 3181 auctor
1052 3128 1123 3182 sit
1160 3127 1443 3184 adductus.
1489 3127 1573 3183 Ct.
1607 3127 1681 3183 N.
1717 3128 1844 3187 Acta

234 3216 451 3272 Erudit.
490 3216 633 3288 Lips.
668 3232 717 3272 a.
756 3216 915 3288 i754,
952 3235 1109 3291 pagg.
1140 3220 1335 3278 13-21.

308 3307 475 3365 i735.
491 3308 837 3366 Venetiis.....
859 3311 1128 3367 Possidii..
1222 3311 1494 3369 lndiculus
1513 3314 1839 3384 scriptorum
1868 3306 1915 3372 C

237 3401 292 3458 S.
321 3404 734 3473 Augustini.....
754 3405 969 3477 vulgato
997 3407 1207 3461 auctior
1235 3422 1301 3461 ex
1334 3408 1706 3464 vetustissimo
1735 3425 1841 3465 ms.

236 3496 429 3553 codice
460 3496 795 3565 Veronensi;
850 3515 971 3555 cum
1020 3500 1221 3555 duabus
1268 3501 1542 3574 Augustini
1582 3501 1843 3573 Epistolis

238 3589 289 3644 iu
310 3589 673 3647 Gottwicensi
694 3592 925 3649 Austrizn
948 3592 1160 3649 abbatia
1190 3608 1381 3650 recens
1405 3597 1660 3665 repertis.
1689 3596 1845 3653 Man-

237 3685 344 3737 sius
388 3685 457 3738 ad
486 3681 699 3739 Fabric.
743 3684 859 3741 Bib.
896 3685 969 3741 Μ.
1000 3697 1047 3741 et
1075 3684 1187 3760 Inf.
1230 3686 1345 3742 Lat.
1378 3688 1523 3744 Alibi
1573 3690 1843 3745 laudatam

240 3793 351 3832 non
403 3778 609 3846 inveni,
644 3779 781 3834 adeo
827 3789 906 3848 ut,
945 3797 1063 3851 qua:
1094 3781 1273 3851 priora
1306 3781 1435 3849 sint,
1467 3782 1845 3853 posteriorave

240 3872 292 3925 in
326 3872 431 3927 bac
460 3872 697 3929 editione
729 3889 952 3944 prorsus
985 3875 1253 3944 ignorem.

315 3963 482 4021 1745.
516 3965 829 4038 Ληηιετρίω,
859 3968 1000 4039 apud
1027 3965 1191 4022 Bern.
1210 3967 1439 4023 Alb.van
1469 3970 1561 4029 der
1585 3967 1847 4040 Plasclze;

242 4059 425 4131 in-fol.
457 4059 514 4116 8.
560 4062 843 4131 Augustini
895 4060 1029 4117 Vita:
1083 4077 1206 4132 pars
1244 4062 1504 4132 secunda,
1540 4065 1845 4132 praesertim

250 4152 323 4207 ab
352 4167 498 4208 anno
520 4154 795 4223 trigesimo
829 4156 987 4210 tertio
1015 4158 1189 4211 aetatis
1222 4171 1389 4227 usque
1426 4155 1491 4211 ad
1517 4157 1722 4213 obitum
1750 4175 1847 4214 au-

250 4254 407 4300 ctore
433 4244 491 4300 8.
528 4245 774 4301 Possidio
820 4247 995 4302 sancti
1050 4248 1298 4303 Doctoris
1328 4246 1595 4321 discipulo
1623 4250 1849 4322 ejusque

244 4351 349 4407 per
392 4351 563 4393 annos
608 4339 723 4394 fere
773 4340 1131 4411 quadraginta
1179 4330 1580 4396 contubernali.
1614 4342 1691 4397 Ex
1730 4343 1848 4399 edi-

248 4432 403 4485 tione
430 4429 672 4485 Romana
703 4446 755 4486 a.
790 4432 955 4499 1751,
999 4432 1195 4487 collata
1225 4447 1348 4487 cum
1378 4441 1592 4489 vetusto
1618 4448 1719 4490 ms.
1754 4451 1847 4491 co-

247 4523 394 4579 dice.
420 4525 645 4580 Accedit
674 4524 948 4581 Indiculus
980 4527 1307 4598 scriptorum
1341 4530 1625 4599 Augustini
1655 4530 1848 4589 eodem

247 4627 508 4685 auctore;
546 4618 598 4673 in
630 4618 770 4673 Actis
800 4618 1111 4674 Sanctorum
1152 4622 1611 4689 Antuerpiensibus
1648 4624 1851 4678 mensis

1934 2011 2090 2082 juxta
2118 2022 2277 2080 quam
2304 2003 2491 2061 Italica
2518 2019 2588 2059 ex
2621 2002 2839 2072 antiqua
2870 1996 3126 2070 anonymi
3153 1993 3417 2062 auctoris,
3441 1990 3540 2048 sed

1944 2116 2106 2173 quem
2131 2099 2294 2169 vulgo
2318 2096 2580 2153 Jacobum
2604 2090 3014 2149 Passavantium
3039 2095 3251 2160 putant,
3275 2087 3540 2157 interpre-

1942 2197 2147 2251 tatione
2173 2193 2383 2249 duobus
2414 2188 2785 2246 voluminibus
2816 2188 2873 2241 h.
2900 2185 2938 2241 l.
2972 2192 3028 2240 et
3053 2199 3104 2238 a.
3138 2182 3291 2239 editi.

2016 2291 2178 2347 1764.
2196 2287 2263 2344 In
2286 2285 2509 2351 Milano,
2529 2299 2704 2355 presso
2727 2280 2951 2337 Antonio
2967 2276 3176 2351 Agnclli
3189 2292 3209 2343 ,°
3234 2275 3395 2331 ἑτι-8⁸.
3418 2274 3540 2331 Vita

1943 2384 1998 2439 di
2026 2383 2085 2438 S.
2117 2380 2338 2437 Aurelio
2375 2376 2638 2448 Agostino
2667 2385 2905 2431 vescuvo
2952 2369 3210 2440 d’lppona
3239 2368 3454 2423 dottore
3485 2364 3541 2421 di

1943 2478 2001 2533 8.
2034 2475 2251 2545 Chiesa,
2284 2473 2468 2530 scritta
2497 2470 2566 2525 da
2596 2468 2654 2526 8.
2689 2464 2943 2523 Possidio
2968 2476 3203 2519 vescovo
3231 2461 3284 2517 di
3302 2459 3539 2526 Calama,

1945 2570 2183 2627 tradutta
2215 2567 2268 2623 in
2312 2565 2538 2622 Italiano
2566 2562 2634 2618 da
2660 2560 2749 2617 un'
2772 2566 2961 2613 autore
2988 2554 3280 2621 anonimo;
3311 2553 3365 2608 in
3404 2565 3542 2622 que-

1944 2676 2030 2725 sta
2058 2662 2291 2731 secunda
2324 2659 2573 2718 edizione
2603 2656 2799 2713 ridotta
2830 2651 3067 2710 secondo
3110 2651 3145 2705 il
3178 2658 3318 2705 testo
3348 2647 3553 2703 Latino

1946 2758 2031 2815 de‘
2061 2756 2295 2828 migliori
2326 2753 2499 2810 codici
2525 2748 2882 2812 manoscritti.
2904 2744 3235 2803 accresciuta
3267 2742 3319 2797 di
3349 2741 3544 2795 alcune

1947 2860 2099 2916 note,
2131 2864 2161 2904 e
2192 2846 2438 2903 dedicata
2467 2844 2554 2898 all’
2574 2841 2944 2898 illustrissimo
2965 2839 3184 2908 signore
3214 2834 3280 2889 D.
3303 2832 3543 2889 Antonio

1949 2943 2251 3011 Fissiraga,
2284 2940 2468 3009 dottor
2498 2937 2550 2993 di
2584 2934 2851 3005 Collegio,
2899 2930 3211 2996 decurione,
3244 2936 3297 2983 et
3324 2933 3543 2982 oratore

1947 3034 2182 3093 emerito
2210 3031 2351 3089 della
2382 3033 2509 3087 citta
2536 3028 2590 3084 di
2612 3028 2771 3085 Lodi.

2017 3131 2209 3188 Editur
2238 3126 2309 3183 F.
2339 3123 2663 3183 Romualdus
2704 3120 2879 3177 Maria
2904 3120 2968 3174 de
3004 3118 3067 3175 S.
3100 3115 3332 3173 Gaetano
3359 3116 3545 3183 Augu-

1946 3230 2214 3287 stinianus
2248 3224 2613 3282 Excalceatus
2659 3215 3085 3274 Mediolanensis
3120 3210 3427 3268 versionem
3457 3221 3546 3263 su-

1950 3323 2184 3396 perioris
2208 3314 2485 3384 editionis,
2514 3312 2606 3370 sed
2634 3311 2699 3368 ad
2734 3309 3040 3366 novissima:
3061 3302 3396 3396 recensionis
3426 3310 3545 3356 tex-

1948 3393 2062 3471 tum
2093 3411 2361 3478 relictam,
2391 3412 2508 3483 ipso
2536 3413 2685 3461 textu
2706 3401 2898 3458 Latino
2920 3398 3144 3464 omisso,
3172 3393 3367 3452 excudi
3392 3405 3548 3448 cura-

1948 3511 2047 3564 vit.
2078 3506 2248 3563 Notas
2278 3517 2411 3579 quas
2441 3499 2678 3571 aspersit
2707 3498 2938 3569 ingenue
2968 3492 3166 3547 fatetur
3192 3504 3298 3546 non
3332 3484 3434 3541 sibi
3456 3484 3549 3539 de-

1948 3603 2090 3672 beri,
2117 3600 2212 3656 sed
2244 3615 2274 3654 e
2296 3578 2774 3659 Benedictinorum,
2813 3586 3085 3653 Salinasii,
3115 3581 3330 3639 Cwsaris
3362 3578 3550 3633 Benac-

1950 3698 2061 3753 nuti
2079 3668 2141 3752 et
2163 3691 2439 3753 Laurentii
2465 3686 2609 3743 Berti
2628 3684 2797 3759 (Vita:
2812 3679 3218 3752 Augustinianae
3247 3668 3552 3757 scriptoris)

1950 3791 2094 3848 notis
2125 3797 2215 3856 aut
2245 3778 2669 3847 Commentariis
2698 3792 2820 3833 esse
2849 3774 3105 3831 selectae.

2642 3870 2861 3921 Codices.

2025 3979 2075 4033 1.
2114 3974 2246 4030 Vitae
2284 3968 2562 4045 Augustini
2593 3983 2613 4023 :
2654 3962 3145 4025 Benedictinorum;
3183 3971 3307 4022 sex,
3356 3964 3554 4025 nempe

1953 4073 2053 4128 duo
2077 4066 2459 4133 Floriacenses,
2488 4058 2877 4123 Germanensis,
2912 4052 3245 4115 Vednstinus,
3272 4045 3554 4103 Fossaten—

1952 4168 2024 4223 sis
2052 4180 2115 4220 ac
2146 4160 2521 4219 Cisterciensis.
2548 4157 2628 4225 Ex
2652 4155 2734 4213 his
2768 4154 2916 4224 larga
2949 4146 3198 4222 provenit
3227 4141 3553 4207 variantium

1952 4260 2248 4327 lcetionum
2279 4257 2457 4326 copia.
2483 4252 2592 4309 Nec
2621 4264 2752 4305 vero
2780 4246 3063 4325 pauciores
3086 4256 3152 4298 ex
3175 4239 3397 4313 quinque
3425 4251 3552 4289 mss.

1952 4369 2091 4427 quos
2115 4352 2409 4413 Salinasius
2435 4350 2488 4404 in
2516 4361 2674 4405 usum
2701 4342 2937 4411 vocavit,
2961 4351 3191 4410 quorum
3217 4348 3311 4391 avo
3331 4331 3553 4427 quidem

1954 4425 2240 4505 exstabant
2266 4447 2320 4501 in
2353 4445 2475 4501 bibl.
2504 4443 2715 4514 Regina:
2742 4440 3027 4496 Succorum
3057 4433 3157 4490 sub
3188 4445 3335 4495 num.
3369 4425 3469 4485 5M
3502 4429 3556 4480 et

1954 4543 2119 4611 1025,
2158 4552 2265 4597 tres
2296 4554 2425 4595 vero
2445 4538 2584 4603 alios
2608 4551 2671 4601 ex
2714 4532 2965 4601 Vaticana
2995 4536 3182 4591 nactus
3204 4530 3346 4589 erat,
3376 4520 3557 4591 signa-

1954 4646 2039 4694 tos
2073 4635 2230 4700 1188,
2267 4632 2406 4690 1190
2434 4640 2488 4687 et
2517 4629 2676 4684 1191.
2702 4626 2796 4683 His
2830 4622 3046 4680 tandem
3082 4618 3333 4675 omnibus
3364 4627 3557 4670 accen-

248 4710 488 4780 Augusti
521 4720 669 4766 tomo
698 4710 789 4777 Vl,
838 4726 993 4782 pagg.
1024 4712 1286 4767 427οά60.
1321 4743 1391 4752 -
1431 4713 1676 4769 Secunda
1710 4715 1841 4771 Vitae

1955 4734 2062 4790 seri
2106 4732 2267 4788 debet
2297 4726 2577 4799 exemplar
2612 4740 2710 4779 ms.
2744 4720 2915 4783 Musei
2966 4713 3248 4779 Societatis
3293 4710 3422 4765 Jesu
3450 4708 3557 4799 An-

252 4817 381 4873 pars
421 4803 576 4857 audit
621 4800 854 4859 Possidii
900 4818 1063 4874 opera
1118 4804 1174 4857 h.
1209 4805 1243 4859 Ι.
1277 4816 1592 4876 propterea,
1628 4807 1768 4878 quod
1801 4810 1850 4865 ei

254 4896 659 4967 praemittuntur
684 4897 1044 4970 Confessiones
1068 4900 1478 4972 Augustinianw,
1510 4903 1704 4971 quibus
1727 4903 1855 4958 Bul-

256 4993 509 5053 landistae
551 4994 769 5051 titulum
811 4996 1008 5066 prioris
1044 4998 1213 5067 partis
1246 4997 1382 5053 Vitae
1421 4999 1705 5070 Augustini
1754 5015 1855 5071 po-

254 5096 501 5143 suerunt.
527 5088 808 5145 Accedunt
829 5090 1053 5162 singulis
1077 5091 1404 5148 sectionibus
1433 5102 1679 5149 annotata
1699 5094 1858 5152 docte

260 5189 317 5235 et
346 5181 526 5255 sobrie
553 5182 779 5255 scripta.

333 5274 493 5331 1⁵168.
522 5276 774 5347 Augusta
806 5276 1217 5346 Vindelicorum,
1247 5280 1387 5350 apud
1416 5279 1631 5337 Fratres
1669 5282 1853 5350 Veith;

259 5368 422 5428 ξιτ-8⁸.
440 5370 501 5428 8.
530 5373 737 5430 Aurelii
763 5373 1056 5448 Augustini
1080 5377 1447 5451 Hipponensis
1470 5380 1708 5453 episcOpi
1732 5380 1852 5439 Vita

1957 4825 2188 4895 tuerpiw,
2220 4821 2364 4893 quod
2397 4797 2739 4873 Bel/audistin
2776 4818 2969 4871 notant
2994 4807 3263 4878 signatum
3295 4800 3462 4858 fuisse
3490 4797 3555 4856 Ρ.

1961 4919 2071 4975 MS.
2106 4916 2162 4983 5,
2195 4923 2248 4971 et
2270 4911 2701 4969 vetustissimum
2730 4906 2936 4963 dicunt.

2030 5010 2085 5064 2.
2129 5007 2333 5062 Indicis
2380 5003 2611 5076 Operam
2654 4995 2927 5071 Augustini
2963 5011 2983 5049 :
3022 4990 3211 5065 prima:
3263 4985 3555 5076 editionis,

1961 5120 2062 5158 ms.
2097 5074 2663 5158 bibliothecwiabbatiw
2702 5088 3044 5159 l'illariensis,
3071 5100 3137 5143 ex
3167 5097 3274 5156 quo
3297 5094 3419 5137 eum
3448 5074 3556 5147 pri-

1963 5210 2085 5253 mus
2119 5192 2341 5250 excudit
2385 5187 2737 5245 Vlimmerius.
2779 5180 3098 5237 Benedictiui
3137 5174 3357 5232 eosdem
3398 5168 3554 5223 aditi-

1963 5291 2200 5346 buerunt
2225 5299 2363 5358 quos
2414 5283 2471 5338 in
2502 5281 2622 5337 Vita
2655 5277 2941 5352 Augustini
2984 5273 3219 5330 codices.
3251 5264 3557 5324 Novissima

1963 5381 2182 5439 tandem
2212 5377 2381 5435 editio
2407 5373 2761 5444 manuscripto
2792 5366 3071 5429 Veronensi
3097 5362 3343 5423 debetur.
