3976 6336
470 274 573 333 407

1678 284 1738 342 S.
1787 282 2241 343 C(ELESTINUS
2290 284 2308 339 Ι
2355 283 2560 340 PAPA.

3628 293 3721 357 408

490 406 3713 436 MM

1598 502 2657 651 possmn,

1764 696 2050 750 EPISCOPI
2080 695 2474 750 CALAMENSIS
2496 734 2513 760 ,

488 842 752 984 DE
862 840 1334 992 VITA
1406 842 1598 990 S.
1721 843 2545 992 AURELII
2652 838 3716 990 AUGUSTINI

1878 1077 2115 1139 LIBER
2158 1074 2357 1139 UNUS
2382 1119 2403 1153 ,

2082 1218 2153 1258 ET

731 1326 1365 1453 INDICULIJS
1440 1327 1947 1414 OPERUM
2022 1322 2571 1412 EJUSDEM
2645 1322 2735 1407 S.
2812 1316 3494 1407 AUGUSTINI.

481 1622 599 1675 Haec
622 1625 718 1677 duo
742 1627 924 1679 eximia
946 1637 1095 1689 Opera
1116 1627 1213 1688 jam
1236 1624 1480 1675 edidimus
1502 1625 1553 1675 in
1582 1622 1799 1687 Operum
1822 1622 1877 1672 S.
1911 1620 2171 1684 Augustini
2196 1624 2326 1670 tomo
2348 1619 2370 1669 Ι
2396 1620 2414 1684 (
2440 1622 2525 1682 qui
2544 1624 2723 1670 nostrae
2746 1616 2931 1669 Patrol.
2957 1618 3238 1680 trigesimus
3258 1613 3501 1666 secundus
3523 1618 3669 1666 exstat
3687 1616 3715 1679 ).

1064 1709 1193 1758 Satis
1212 1711 1275 1759 sit
1298 1709 1444 1771 igitur
1466 1708 1608 1758 nobis
1630 1706 1925 1757 benevolum
1948 1705 2185 1756 lectorem
2210 1703 2493 1763 admonere,
2517 1712 2569 1753 ut
2592 1704 2735 1753 adeat
2756 1703 2916 1753 locum
2938 1703 3159 1753 citatum.

490 1820 3713 1875 Mm

3126 1926 3165 1964 δ

1586 1960 1752 2006 ANNO
1796 1959 2026 2004 DOMINI
2068 1957 2641 2003 CDXXII-CDXXXII.

1867 2105 2341 2120 ..-..-.------

763 2245 2084 2414 COELESTIN

2164 2242 2402 2403 US
2534 2242 2619 2399 Ι
2752 2237 3449 2401 ΡΑΡΑ.

1519 2481 2791 2520 +—

1504 2617 2715 2727 PROLEGOMENA.

1277 2952 1728 3014 NOTITIA
1769 2951 2065 3013 LIBBI
2107 2948 2897 3012 PONTIFICALIS.

1461 3100 1551 3165 [Ex
1576 3098 1698 3151 Nov.
1725 3098 1844 3150 Coll.
1869 3097 2129 3149 Concilior.
2155 3097 2309 3148 Μυηςί
2334 3102 2372 3148 t.
2394 3095 2482 3160 IV,
2501 3095 2596 3147 col.
2622 3095 2755 3155 453.)

544 3233 869 3290 leestinns
898 3232 986 3307 (a).
1008 3231 1225 3287 natione
1256 3230 1528 3286 Romanus
1558 3227 1666 3301 [AL
1704 3224 2053 3296 Campanus],
2084 3229 2140 3288 Α
2164 3234 2451 3294 pensantes
2482 3222 2721 3292 singulos
2747 3221 2911 3277 libras
2941 3222 3003 3287 ὃς
3033 3221 3410 3292 aquamanilos
3435 3232 3718 3294 argenteos,

472 3346 537 3386 ex
571 3339 723 3399 patre
752 3328 959 3395 Prisco,
986 3326 1127 3381 sedit
1156 3324 1314 3380 annis
1340 3324 1407 3388 8,
1434 3321 1711 3377 mensibus
1748 3320 1837 3385 10,
1870 3319 2058 3373 diebus
2167 3325 2451 3387 pensantes
2491 3314 2655 3369 libras
2685 3314 2751 3370 10
2777 3311 2883 3385 [ΑΙ.
2908 3312 3030 3385 20];
3058 3314 3386 3370 candelabra
3412 3326 3651 3386 argentea
3668 3316 3717 3381 2,

472 3422 541 3477 17
571 3421 670 3491 (b).
715 3419 812 3474 Hic
858 3419 1025 3474 multa
1072 3418 1363 3474 constituta
1400 3414 1547 3481 fecit,
1588 3421 1644 3470 et
1684 3412 1963 3468 constituit
2003 3423 2061 3467 ut

468 3514 666 3585 psalmi
697 3511 865 3567 David
889 3511 977 3567 CL
1006 3518 1133 3567 ante
1160 3509 1481 3565 sacriﬁcium
1509 3507 1891 3577 psallerentur,
1919 3505 2060 3560 anti-

468 3606 750 3677 phonatim
778 3618 845 3660 ex
874 3604 1126 3659 omnibus
1146 3644 1162 3669 ,
1194 3602 1335 3673 quod
1380 3607 1541 3656 antea
1571 3613 1681 3654 non
1713 3597 1875 3653 ﬁebat
1898 3638 1913 3663 ,
1963 3596 2060 3652 sed

470 3706 680 3754 tantum
712 3696 969 3767 Epistola:
999 3696 1141 3752 beati
1166 3694 1316 3749 Pauli
1348 3693 1650 3750 recitabant
1675 3690 1784 3763 [AL
1818 3689 2060 3760 Epistola

468 3788 844 3859 recitabatur],
871 3796 927 3843 et
945 3797 1193 3843 sanctum
1220 3786 1595 3856 Evangelium.
1638 3784 1735 3839 Hic
1762 3782 1889 3837 fecit
1931 3796 2061 3837 con-

468 3884 717 3940 stitutum
742 3882 811 3939 de
839 3883 986 3938 omni
1029 3881 1299 3947 Ecclesia,
1332 3879 1565 3935 maxime
1594 3886 1650 3934 et
1677 3877 1746 3934 de
1784 3876 2061 3946 religioni-

470 3977 600 4043 bus,
650 3976 793 4046 quod
816 3974 979 4031 hodie
1020 3973 1259 4029 arcliivis
1289 3969 1546 4028 Ecclesia:
1568 3979 1786 4026 tenetur
1812 3968 2059 4025 recondi-

469 4078 605 4125 tum.
660 4068 759 4123 Hic
809 4066 1079 4123 dedicavit
1130 4064 1409 4122 basilicam
1455 4062 1582 4119 Julii
1610 4063 1661 4117 in
1713 4078 1816 4132 qua
1866 4062 2060 4116 obtulit

468 4161 738 4232 posugem
755 4159 982 4215 zeticum
1006 4156 1112 4229 [AL
1140 4156 1640 4226 Postignegeticum.
1666 4150 1826 4208 Forte
1846 4163 2057 4223 postem

470 4250 789 4323 sethieum];
822 4258 1075 4320 patenam
1096 4255 1429 4319 argenteam,
1462 4257 1776 4317 pensantem
1802 4246 1966 4302 libras
1986 4244 2057 4300 26

478 4344 587 4417 [Αι.
611 4342 736 4415 25];
764 4342 996 4414 scyphos
1016 4350 1301 4413 argenteos
1323 4342 1378 4407 2,
1406 4350 1695 4410 pensantes
1724 4338 1965 4409 singulos
1994 4339 2059 4392 li-

470 4435 597 4490 bras
622 4435 688 4501 8;
721 4448 871 4489 amas
900 4442 1184 4505 argenteas
1210 4433 1265 4496 2,
1300 4440 1589 4501 pensantes
1631 4430 1869 4500 singulas
1894 4430 2056 4484 libras

469 4525 541 4581 10
565 4541 581 4593 ;
609 4526 810 4583 calices
838 4524 1077 4580 minores
1105 4523 1212 4596 [AL
1236 4524 1475 4580 minores
1501 4521 1659 4594 deest]
1690 4530 1974 4593 argenteos
2000 4522 2053 4589 :‘i,

2164 3409 2449 3481 pensantia
2472 3408 2681 3478 singula
2702 3407 2870 3462 libras
2892 3406 2989 3471 50;
3014 3410 3272 3461 cantliara
3289 3415 3581 3463 cerostrota
3601 3422 3721 3463 aerea

2164 3503 2249 3558 vel
2280 3518 2431 3557 :enea
2460 3502 2568 3573 [AL
2601 3503 2682 3556 vel
2705 3516 2855 3555 tenes
2883 3499 3046 3572 deest]
3070 3500 3162 3568 24,
3212 3503 3497 3571 pensantia
3538 3501 3720 3572 singula

2164 3596 2331 3652 libras
2360 3596 2430 3651 30
2446 3594 2555 3667 [AL
2592 3593 2684 3665 20]
2711 3612 2725 3659 ;
2767 3595 2893 3649 item
2920 3608 3152 3650 coronas
3185 3604 3470 3666 argenteas
3497 3594 3583 3660 10,
3610 3609 3722 3666 pen-

2164 3696 2345 3741 santes
2376 3684 2794 3755 singulaslibras
2814 3684 2877 3740 10
2901 3684 3010 3758 [AL
3036 3686 3232 3741 item...
3263 3686 3429 3743 libras
3460 3687 3524 3743 10
3552 3686 3720 3757 deest];

2164 3778 2231 3835 ad
2279 3780 2491 3834 beatum
2540 3776 2757 3833 Petrum
2793 3777 2902 3850 [AL
2935 3778 3182 3847 Pauluml
3204 3780 3537 3848 apostolum,
3570 3780 3722 3834 larum

2164 3872 2503 3939 cantharum,
2555 3886 2786 3938 pensans
2818 3872 2982 3926 libras
3022 3872 3094 3927 25
3119 3871 3228 3944 [AL
3262 3874 3375 3944 15],
3414 3889 3477 3929 ex
3523 3881 3723 3943 argento

2162 3965 2454 4036 purissimo
2483 3964 2588 4036 [AL
2612 3980 2683 4019 ex
2708 3974 2935 4034 argento
2958 3966 3251 4033 purissimo
3271 3964 3458 4038 deest];
3490 3965 3723 4021 canthera

2164 4066 2417 4127 argentea
2444 4056 2550 4129 [AL
2575 4058 2713 4110 deest
2761 4056 3038 4128 argentea]
3082 4067 3384 4113 cerostrota
3436 4062 3487 4111 in
3535 4057 3723 4127 gremio

2163 4153 2395 4208 basilica:
2416 4153 2522 4223 [AL
2552 4151 2689 4207 deest
2722 4154 2771 4207 in
2795 4153 3001 4223 gremio
3020 4152 3304 4224 basil.]2i,
3334 4154 3607 4225 pensantia
3627 4153 3723 4208 sin-

2159 4244 2285 4315 gula
2314 4244 2473 4298 libras
2490 4243 2592 4310 20;
2626 4244 2689 4299 ad
2718 4245 2937 4300 beatum
2963 4243 3189 4300 Paulum
3212 4248 3542 4316 apostolum,
3564 4246 3721 4301 tarum

2159 4336 2478 4392 cantharum
2509 4345 2847 4407 argenteum,
2882 4351 3117 4406 pensans
3144 4337 3309 4394 libras
3335 4338 3435 4405 25;
3483 4338 3719 4395 canthara

2160 4436 2461 4483 cerostrota
2490 4426 2583 4491 24,
2637 4428 2915 4496 pensantia
2948 4429 3157 4498 singula
3185 4428 3349 4484 libras
3387 4429 3459 4486 20
3484 4428 3585 4501 [AL
3624 4430 3718 4482 hare

2160 4522 2332 4575 omnia
2359 4520 2539 4575 desunt
2571 4521 2634 4574 ab
2660 4520 2726 4575 ad
2758 4521 2972 4577 beatum
3008 4521 3274 4591 Paulum].

539 4724 622 4797 (a)
653 4724 782 4797 cum
811 4733 931 4795 post
960 4724 1460 4797 obitumrBonifacii
1478 4725 1638 4780 sedes
1668 4725 1839 4797 dies!)
1864 4739 2056 4797 vacas-
2084 4728 2131 4789 Β
2161 4724 2389 4795 lagiana,
2416 4725 2717 4797 Orientales
2742 4725 2994 4797 Ecclesim
3015 4741 3041 4779 n
3067 4726 3385 4782 Nestoriana
3404 4726 3591 4782 hteresi
3612 4733 3723 4797 sunt

467 4795 573 4863 set,
595 4796 754 4850 tertio
780 4810 950 4850 nonas
972 4795 1310 4859 Novembris,
1332 4811 1473 4851 anno
1500 4798 1701 4850 Christi
1729 4796 1855 4859 ΗΞ).
1875 4796 2052 4851 Theo-

466 4868 609 4926 dosii
639 4866 981 4935 imperatoris
1011 4866 1101 4932 16,
1121 4866 1471 4931 Οωιθειίηιιε,
1494 4870 1602 4921 sine
1628 4869 1737 4937 ulla
1758 4867 1918 4937 plebis
1946 4885 2053 4922 sua:

471 4939 793 5020 discissione,
825 4937 997 5007 inquit
1020 4936 1353 5020 Augustini-1‘s
1380 4939 1548 5020 epist;
1587 4936 1942 5020 Itilntirealus
1981 4947 2053 5020 est

471 5009 724 5083 pontifex,
760 5023 1084 5079 quamquam
1114 5008 1147 5083 i_i
1178 5008 1270 5079 qui
1300 5008 1769 5083 Eulalii‘factionis
1791 5018 1967 5083 erant,
1996 5010 2049 5064 in

469 5078 765 5137 schismate
788 5078 1220 5148 perseverarint,
1241 5094 1415 5149 neque
1446 5080 1555 5133 ullo
1588 5088 1747 5148 pacto
1781 5095 1902 5133 cum
1929 5078 2051 5135 Cm-

469 5152 668 5208 lestino
691 5151 1095 5206 communicare
1125 5151 1416 5205 voluerint.
1446 5150 1807 5215 Theodosius,
1834 5150 2051 5220 pietatis

468 5234 525 5277 et
577 5224 852 5293 religionis
881 5223 1286 5293 amantissimus
1330 5222 1649 5293 imperator,
1684 5233 1906 5293 propter
1953 5222 2052 5275 im-

469 5291 733 5363 pugnatas
786 5293 1020 5348 hmreses
1066 5304 1119 5348 et
1164 5292 1479 5347 catholicam
1536 5291 1693 5345 [idem
1740 5291 2051 5357 defensam,

468 5364 728 5434 singulari
776 5364 870 5418 Dei
915 5363 1177 5418 benelieio
1219 5364 1459 5434 omnium
1515 5371 1863 5433 tyrannorum
1909 5375 2055 5419 metu

468 5449 535 5491 ac
562 5431 809 5505 periculo
840 5434 1100 5491 liberatus
1133 5436 1252 5488 luit.
1302 5431 1502 5505 Africa,
1531 5431 1769 5505 :Arianze
1814 5434 2055 5501 perfidiae

469 5502 820 5573 tenacissima
842 5546 856 5570 ,
886 5514 943 5560 et
986 5504 1333 5560 acerbissima
1365 5502 1757 5558 catholicorum
1802 5519 2057 5573 persecu-

469 5577 602 5645 trix,
636 5578 855 5631 occulto
884 5576 978 5630 Dei
1000 5576 1226 5645 judicio,
1256 5590 1287 5629 a
1318 5573 1573 5628 Vandalis
1600 5576 1788 5629 aliisve
1816 5576 2057 5632 barbaris

470 5646 715 5712 incensa,
754 5647 966 5716 direpta
996 5658 1051 5702 et
1080 5655 1303 5709 vastata,
1355 5654 1571 5701 centum
1600 5645 1856 5715 deinceps
1886 5661 2057 5700 anno-

471 5733 594 5773 r.unt
616 5718 802 5789 spatio
826 5721 926 5773 sub
954 5718 1237 5789 barbarico
1261 5717 1395 5786 jugo
1440 5717 1753 5789 permansit.
1803 5719 2051 5789 Auctori-

472 5796 584 5847 tate
614 5786 771 5856 huius
795 5788 1068 5855 pontiﬁcis
1091 5788 1387 5855 Britannia,
1430 5786 1609 5847 Scotia
1638 5796 1693 5847 et
1722 5787 1868 5845 Italia
1894 5802 1923 5844 a
1952 5788 2056 5846 Pe-

2161 4794 2496 4865 eipnrgataz,
2526 4796 2938 4867 Burgundiones
2960 4806 3015 4852 et
3034 4798 3252 4852 Hiberni
3278 4799 3344 4853 ad
3368 4798 3523 4853 {idem
3541 4794 3721 4852 Christi

2161 4870 2427 4923 conversi.
2461 4872 2630 4933 unum
2662 4872 2840 4935 inepte
2867 4868 3049 4937 itaque
3073 4885 3211 4923 unus
3243 4868 3565 4924 Laurentius
3594 4867 3720 4921 Valla

2159 4941 2563 5063 grammaticus,
2597 4939 3087 4993 ecclesiasticarum
3111 4955 3293 4995 rerum
3326 4942 3481 5010 plane
3503 4940 3715 5009 ignarus,

2205 5009 2509 5063 mlestinum
2541 5024 2755 5063 Dauam.
2780 5012 2869 5063 aui
2904 5011 3112 5063 nritnus
3161 5012 3402 5063 omnium
3432 5008 3715 5063 Nestorium

2205 5009 2509 5065 (Bleslinum
2541 5024 2755 5079 papam,
2780 5012 2869 5079 qui
2904 5011 3112 5079 primus
3161 5008 3402 5065 omnium
3432 5008 3719 5079 NeStorium

2164 5082 2347 5134 Romae
2377 5077 2650 5133 damnavit
2678 5090 2731 5133 et
2755 5077 3068 5151 perlegatos
3086 5082 3153 5135 ab
3175 5082 3502 5136 mcnmenica
3533 5077 3721 5151 synodo

2161 5151 2429 5219 Ephesina
2458 5165 2609 5222 teque
2632 5148 2958 5220 ejiciendum
2988 5153 3216 5215 curavit,
3242 5153 3486 5222 ejusdem
3506 5148 3725 5205 Nestorii

2162 5222 2457 5276 ltarresibus
2494 5221 2753 5276 infectum
2784 5222 2951 5276 fuisse
2981 5225 3295 5289 asscruerit,
3331 5239 3488 5277 nemo
3526 5236 3623 5277 non
3652 5223 3720 5273 in-

2162 5293 2374 5364 telligit.
2405 5292 2530 5348 Haac
2551 5308 2615 5347 ex
2640 5293 2927 5364 Prospero,
2953 5293 3120 5361 Beda,
3153 5294 3415 5349 Baronius
3437 5309 3524 5348 an.
3556 5293 3652 5348 425
3670 5298 3719 5345 et

2161 5363 2532 5433 sequentibus.
2560 5364 2686 5418 Snv.
2723 5363 2921 5420 BINIUS.

2235 5430 2567 5507 (b)A0ctaAvo
2614 5436 2733 5490 idus
2775 5437 2973 5505 Aprilis
2998 5450 3142 5490 anno
3184 5437 3286 5491 452
3323 5436 3616 5497 defunctus,
3658 5430 3717 5486 ab

2162 5505 2385 5562 exordio
2414 5505 2559 5560 sedis
2583 5520 2752 5575 usque
2780 5511 2841 5558 ad
2866 5508 3009 5561 diem
3051 5507 3252 5570 obitus,
3283 5509 3553 5565 mensibus
3581 5506 3718 5559 dum-

2164 5586 2311 5631 taxat
2330 5578 2567 5702 quinque
2595 5587 2650 5630 et
2671 5577 2862 5632 diebus
2892 5578 3065 5633 tribus
3095 5590 3212 5647 post
3248 5581 3551 5635 nctcnnium
3575 5578 3716 5630 abso-

2164 5648 2355 5702 lutum.
2408 5663 2467 5702 se
2506 5663 2591 5702 em
2641 5650 2877 5702 tenuisse
2926 5648 3118 5702 notuit.
3175 5649 3440 5702 Baronins
3482 5648 3716 5702 nnedicto

2163 5648 2355 5721 lutum,
2408 5648 2591 5721 sedem
2641 5650 2877 5705 tenuisse
2926 5648 3118 5719 potuit.
3175 5649 3440 5705 Baronitts
3481 5648 3717 5721 pnedicto

2164 5718 2304 5777 loco.
2338 5721 2467 5778 δεῖν.
2502 5718 2704 5775 ΒιΝιυε.

3925 2208 3927 2277 ¹
