3976 6336
172 376 254 436 ιω
1484 366 2023 427 PROLEGOMENA.

3284 378 3345 427 41
3355 375 3393 426 (1

224 494 313 551 Hic
337 488 451 547 fecit
469 485 833 546 ordinationes
862 496 973 545 tres
994 488 1049 546 in
1075 488 1211 547 urbe
1230 489 1402 546 Roma
1424 504 1524 562 per
1545 507 1699 549 men-
1722 496 1779 558 Α
1802 489 2121 548 cameterio
2148 490 2432 559 Priscillae,
2462 490 2547 548 via
2592 488 2799 548 Salaria
2817 530 2834 560 ,
2883 502 2976 545 vm
3016 487 3135 546 idus
3165 487 3389 558 Aprilis.

166 601 258 647 sem
280 581 624 646 Decembrem,
656 580 1007 654 presbyteros
1037 580 1136 651 52,
1164 582 1424 641 diaconos
1459 582 1543 651 12,
1576 585 1696 656 epi-

1807 587 1874 643 Et
1895 587 2133 644 cessavit
2158 588 2505 660 episcopatus
2534 588 2589 645 in
2638 587 2772 645 urbe
2819 586 2989 643 Roma
3022 584 3137 641 dies
3182 586 3253 640 20
3279 581 3391 655 [ΑΙ.

168 691 327 750 scapos
352 689 441 748 per
458 674 669 731 diversa
693 672 811 730 loca
838 672 930 731 46.
953 674 1057 743 Qui
1080 677 1248 732 etiam
1269 662 1515 747 sepultus
1542 688 1625 734 est
1650 678 1705 735 in
1804 679 1924 738 dies
1961 678 2077 755 21].

1315 927 1654 992 NOTITIA
1697 928 2164 993 GALLANDII.

1255 1074 1517 1139 (Biblioth.
1564 1075 1703 1129 Vett.
1760 1077 1898 1130 Patr.
1958 1083 2074 1128 tom.
2128 1073 2245 1139 IX.)

218 1206 260 1261 l.
297 1200 367 1258 De
392 1206 575 1256 sancto
604 1198 905 1257 Caelestino
946 1200 1116 1257 verba
1147 1202 1360 1269 facturi,
1410 1218 1475 1260 ea
1522 1205 1700 1274 potius

162 1310 290 1371 quam
304 1293 585 1361 nostra,liic
596 1293 952 1348 describenda
966 1293 1363 1365 existimamus,
1380 1312 1500 1368 quae
1516 1300 1701 1369 paucis

161 1397 278 1462 licet,
317 1393 437 1447 satis
484 1401 663 1447 tamen
695 1390 944 1462 apposite
990 1392 1058 1448 ad
1095 1400 1342 1448 nostrum
1397 1392 1701 1448 institutum

160 1488 407 1547 edisseruit
440 1486 522 1542 vir
549 1485 745 1542 doctus
784 1484 1129 1543 Coutantius.
1163 1487 1253 1544 Sic
1293 1487 1457 1559 igitur
1503 1487 1594 1543 ille
1623 1495 1650 1525 η
1684 1504 1697 1541 :

164 1604 179 1636 1
209 1581 319 1639 Cum
347 1578 648 1636 Bonifacius
681 1595 825 1637 anno
868 1582 1006 1651 422,
1038 1580 1378 1652 Septembris
1408 1582 1444 1636 4
1485 1582 1603 1651 die,
1636 1597 1705 1638 ex

160 1679 239 1734 hac
271 1677 368 1731 vita
419 1676 727 1747 migrasset,
776 1691 923 1744 mox,
973 1677 1274 1749 Augustino
1324 1684 1463 1734 teste
1502 1676 1554 1747 ι’,
1585 1677 1707 1733 Coe—

160 1771 373 1829 lestinum
414 1770 469 1824 in
516 1769 761 1826 Romana
812 1774 933 1827 sede
974 1771 1231 1829 Dominus
1263 1773 1408 1829 Deus
1455 1775 1565 1827 sine
1594 1772 1707 1829 ulla

159 1865 290 1937 plebis
312 1879 415 1920 suae
437 1865 748 1922 discissione
794 1867 1081 1923 constituit.
1113 1867 1388 1923 Observat
1411 1868 1495 1923 vir
1524 1868 1707 1924 erudi-

1810 1204 2007 1276 Pagius
2034 1214 2229 1261 certum
2258 1220 2365 1259 esse
2409 1202 2591 1258 debere
2611 1245 2625 1271 ,
2663 1202 2738 1257 ait
2780 1212 2827 1269 ε,
2870 1217 2984 1258 eum
3015 1202 3206 1257 sedisse
3231 1218 3400 1260 annos

1809 1315 2026 1367 novem,
2063 1314 2256 1353 menses
2288 1298 2461 1352 decem
2492 1308 2538 1352 et
2567 1297 2674 1351 dies
2702 1311 2913 1362 novem,
2958 1295 3172 1367 ideoque
3217 1296 3400 1353 abiisse

1811 1394 1896 1448 die
1923 1393 1990 1448 18
2019 1402 2107 1446 aut
2132 1391 2198 1447 19
2223 1389 2379 1446 Julii.
2411 1390 2470 1444 In
2498 1386 2813 1444 Corbeiensi
2854 1395 3035 1443 tamen
3079 1384 3267 1442 codice
3303 1384 3397 1442 Vi-

1814 1488 1931 1560 gilii
1977 1502 2133 1558 papa
2177 1485 2509 1557 temporibus
2540 1492 2783 1549 exarato,
2836 1496 2959 1538 cum
3008 1494 3118 1552 quo
3142 1478 3398 1536 nonnulla

1815 1583 2007 1639 saltem
2034 1579 2289 1636 Chronici
2337 1577 2592 1649 ProSperi
2639 1575 2971 1647 exemplaria
3015 1572 3397 1642 consentiunt,

1812 1693 1976 1732 annos
2005 1676 2061 1743 9,
2094 1690 2291 1729 menses
2324 1675 2411 1739 10,
2442 1672 2547 1726 dies
2574 1671 2640 1727 17
2669 1670 2860 1725 sedisse
2885 1668 3107 1725 dicitur.
3143 1667 3280 1723 Hinc
3304 1666 3403 1724 Se-

1812 1770 2098 1826 bastianus
2127 1766 2509 1823 Tillemontius
2534 1765 2817 1821 Calestini
2861 1772 3092 1819 mortem
3123 1776 3265 1817 anno
3294 1760 3402 1818 452

1811 1860 2038 1918 Julii'26
2083 1860 2171 1916 die
2201 1859 2525 1930 consignare
2574 1855 2740 1912 licere
2786 1853 3085 1911 arbitratur
3113 1850 3164 1910 ά.
3203 1870 3221 1906 s
3260 1852 3403 1910 Huc-

158 1972 244 2029 tus,
262 1973 371 2015 eum
400 1956 663 2017 Ecclesia
703 1958 965 2016 Romanae
1010 1969 1140 2018 tunc
1170 1960 1340 2019 fuisse
1384 1977 1615 2031 morem,
1650 1970 1709 2019 ut
1736 1961 1787 2025 B
1814 1970 1985 2026 usque
2017 1953 2077 2010 V-
2105 1952 2167 2009 C-

158 2051 239 2107 nisi
263 2048 377 2121 quid
421 2050 700 2116 obstaret,
747 2051 1008 2110 defuncto
1056 2055 1176 2125 ejus
1218 2055 1478 2126 episcopo
1523 2057 1706 2112 statim

157 2156 398 2200 successor
439 2143 818 2212 sufﬁceretur;
859 2146 1107 2216 adeoque
1155 2145 1534 2215 Caelestinum,
1585 2163 1708 2205 cum

160 2239 201 2292 in
224 2252 329 2293 eum
351 2238 711 2309 conspirarint
738 2240 905 2297 totius
931 2240 1108 2312 plebis
1134 2242 1413 2314 suﬁ'ragia,
1446 2243 1595 2299 nulla
1627 2244 1714 2299 in-

159 2332 376 2403 terposita
414 2345 575 2388 mora
595 2374 611 2399 ,
639 2347 703 2389 ac
729 2334 976 2403 proxima
1006 2344 1129 2406 post
1158 2335 1420 2391 Bonifacii
1477 2347 1709 2394 mortem

159 2426 412 2492 dominica,
446 2442 569 2494 qua
609 2427 664 2484 in
710 2427 781 2484 10
828 2428 1169 2499 Septembris
1224 2430 1367 2487 diem
1402 2431 1704 2501 incidebat,

159 2521 293 2577 fuisse
316 2521 640 2579 ordinatum.

211 2615 256 2669 2.
288 2633 306 2666 t
331 2614 585 2671 Pluribus
612 2618 784 2688 gestis
805 2618 1157 2690 episcopatus
1180 2620 1297 2686 ejus
1322 2619 1550 2690 insignis
1576 2618 1707 2676 fuit:

160 2706 432 2761 nominatim
460 2722 595 2763 vero
617 2709 877 2766 adversus
905 2709 1215 2767 Nestorium
1244 2713 1569 2767 sententiam
1598 2713 1711 2784 pri-

161 2814 256 2855 mus
290 2800 485 2857 edixit:
527 2802 798 2875 Cyrillum
833 2804 902 2861 ad
940 2819 1063 2862 eam
1112 2806 1515 2876 exsequendam
1568 2807 1713 2863 vica-

160 2894 271 2948 rium
311 2893 577 2962 instituit,
609 2906 665 2952 et
707 2898 953 2968 regulam
1000 2898 1335 2970 prascripsit
1360 2914 1424 2955 ac
1446 2900 1710 2969 formam,

166 2999 295 3054 quam
318 2994 375 3041 ut
396 2988 718 3043 canonicam
739 2989 1033 3060 Ephesina
1055 2990 1250 3061 synodi
1276 2990 1464 3047 Patres
1486 2993 1636 3060 sequi
1653 3004 1713 3047 se

164 3078 279 3133 ultro
301 3087 413 3133 sunt
434 3079 695 3149 professi.
724 3079 999 3137 Praeterea
1028 3081 1186 3153 hujus
1209 3084 1401 3155 synodi
1424 3083 1715 3140 conﬁrma-

163 3170 376 3236 vitacta;
411 3170 740 3243 Pelagianos
772 3173 937 3228 totius
988 3173 1155 3229 Italia
1200 3174 1395 3231 finibus
1437 3175 1713 3231 deturbari

161 3266 367 3333 curavit;
394 3265 712 3323 Novatianis
738 3269 995 3325 ecclesias
1021 3284 1156 3341 quas
1186 3269 1374 3326 Roma
1408 3271 1589 3340 plures
1616 3270 1711 3326 ha-

1884 2051 1938 2105 4.
1981 2050 2099 2105 Jam
2134 2062 2266 2104 vero
2293 2045 2536 2118 ejusdem
2578 2041 2861 2101 Calestini
2903 2040 3261 2113 epistolarum
3288 2038 3403 2097 edi-

1814 2140 2017 2197 tionem
2057 2140 2123 2195 ab
2168 2140 2286 2211 ipso
2335 2137 2628 2194 Coutantio
2676 2135 2994 2192 adornatam
3048 2132 3400 2201 exhibemus,

1813 2233 2087 2291 nonnullis
2118 2234 2171 2287 in
2199 2232 2335 2288 locis
2365 2231 2723 2297 recensitam;
2766 2244 2835 2286 ex
2865 2228 3022 2298 cujus
3054 2226 3277 2297 proinde
3307 2240 3405 2281 an-

1813 2330 2016 2386 notatis
2038 2327 2258 2383 haurire
2290 2326 2343 2382 in
2375 2334 2627 2396 promptu
2652 2331 2754 2389 est,
2789 2337 2911 2393 qua
2939 2320 3006 2376 ad
3039 2318 3197 2390 hujus
3227 2317 3406 2388 ponti-

1813 2423 1932 2477 ﬁcis
1957 2436 2045 2477 res
2068 2420 2327 2490 praeclare
2346 2427 2525 2491 gestas
2549 2416 2720 2486 magis
2734 2412 3082 2470 elucidandas
3109 2410 3401 2482 pertinent.

1815 2516 1970 2585 Quod
2020 2523 2307 2587 superest,
2358 2514 2403 2569 si
2448 2510 2577 2584 quid
2628 2511 2695 2567 iis
2747 2507 3078 2577 addendum,
3120 2504 3405 2576 legendam

1814 2610 2171 2668 existimarim
2201 2606 2632 2680 disquisitionem
2655 2604 2709 2660 in
2739 2602 2930 2659 decem
2952 2598 3187 2671 capitula
3206 2598 3407 2667 episto-

1815 2705 1884 2761 lae
1927 2703 2207 2760 Calestini
2233 2701 2299 2756 21
2350 2699 2417 2755 ad
2449 2698 2737 2769 episcopos
2787 2694 3084 2757 Galliarum
3129 2689 3403 2762 subjecta,

1815 2815 1979 2870 quam
2010 2799 2106 2852 viri
2145 2794 2341 2851 eruditi
2364 2792 2761 2849 elucubrarunt
2792 2791 2842 2856 °,
2873 2788 2966 2844 ubi
3002 2787 3406 2842 accuratissime

1819 2901 1941 2964 post
1967 2894 2258 2962 ipsummet
2285 2887 2630 2945 Coutantium
2661 2883 2790 2955 quid
2838 2882 2905 2938 de
2942 2881 3047 2936 illis
3079 2880 3151 2934 sit
3178 2892 3406 2935 censen-

1816 2984 1942 3040 dum
1975 2990 2275 3053 exponunt.
2303 2979 2468 3051 Cujus
2508 2976 2727 3049 quidem
2759 2972 3008 3046 epistola
3032 2968 3313 3027 Calestini
3337 2968 3405 3025 ad

1816 3077 2001 3134 Callos
2017 3075 2303 3131 occasione
2326 3080 2595 3127 annotare
2617 3069 2769 3133 libet,
2795 3066 3142 3123 Vincentium
3162 3062 3404 3118 Lirinen~

1817 3186 1928 3226 sem
1947 3169 2125 3238 magni
2143 3168 2338 3222 fecisse
2358 3168 2505 3221 illam
2519 3163 2764 3234 ejusdem
2798 3159 3069 3232 pontiﬁcis
3081 3156 3405 3215 sententiam

1816 3280 1936 3335 quae
1963 3263 2015 3317 in
2044 3278 2104 3316 ea
2134 3261 2361 3331 epistola
2411 3259 2476 3312 ad
2513 3256 2808 3313 Galliarum
2839 3252 3122 3323 episcopos
3177 3249 3405 3304 habetur

164 3358 361 3427 hebant,
406 3362 643 3430 ademit;
688 3371 999 3419 nascentem
1030 3364 1275 3419 coercuit
1314 3363 1709 3435 Semipelagia-
1734 3355 1780 3418 C
1816 3359 1899 3413 Itis
1942 3357 2121 3411 verbis
2164 3354 2181 3393 ί
2222 3372 2235 3410 :
2270 3353 2507 3415 Desinat,
2542 3352 2586 3405 si
2607 3351 2680 3404 ita
2709 3365 2789 3404 res
2814 3356 2954 3413 sunt,
2987 3346 3238 3399 incessere
3265 3343 3405 3398 noui-

161 3466 256 3508 nam
286 3453 550 3523 haeresim,
588 3466 643 3512 et
687 3455 1041 3528 Augustinum
1073 3457 1331 3513 adversus
1382 3471 1552 3512 novos
1591 3456 1709 3527 ejus

160 3549 538 3616 reprehensores
569 3549 842 3608 defendit.

210 3640 253 3696 3.
279 3660 297 3695 t
324 3643 453 3699 Eum
478 3644 607 3715 ipso
633 3659 777 3700 anno
802 3646 931 3714 452,
949 3660 1060 3716 quo
1087 3646 1402 3701 Maximiani
1433 3647 1486 3699 in
1515 3644 1709 3701 Nesto-

158 3736 209 3790 rii
225 3736 382 3794 locum
405 3739 693 3811 subrogati
729 3738 1128 3796 ordinationem
1148 3780 1166 3808 ,
1218 3740 1365 3795 velut
1391 3739 1457 3793 ad
1488 3738 1704 3795 coroni-

157 3826 252 3883 dem
286 3829 580 3902 proﬂigata
630 3833 905 3888 haereseos
952 3831 1310 3899 Nestoriana,
1356 3832 1704 3903 approbavit,

158 3926 242 3975 tam
283 3922 575 3992 gloriosum
637 3923 1015 3995 pontificatum
1067 3924 1307 3989 (iniisse,
1359 3925 1615 3996 Prosperi
1645 3939 1709 3981 ac

157 4010 416 4071 Marcellini
448 4015 743 4074 Chronicis
786 4019 1177 4085 conﬁrmatur;
1221 4033 1330 4090 quo
1357 4018 1462 4084 die,
1498 4034 1604 4073 non
1632 4019 1707 4074 ita

154 4111 221 4157 est
243 4106 593 4175 exploratum.
626 4109 763 4165 Eum
808 4110 1010 4180 Aprilis
1039 4110 1073 4166 6
1102 4111 1187 4166 vel
1235 4111 1268 4166 9
1309 4110 1397 4166 die
1434 4111 1705 4180 sepultum

154 4197 453 4263 pontiﬁcales
469 4200 600 4257 libri
624 4216 687 4256 ac
708 4201 1090 4274 Martyrologia
1115 4202 1353 4258 tradunt.
1380 4202 1580 4258 Verum
1602 4202 1707 4259 sibi

154 4305 239 4344 non
261 4292 530 4350 cohaerent
588 4296 923 4365 pontiﬁcales
954 4296 1075 4351 libri
1102 4339 1117 4363 ,
1150 4296 1418 4367 siquidem
1446 4311 1621 4350 annos
1646 4296 1704 4363 9,

156 4395 337 4441 menses
364 4385 430 4443 10
457 4398 512 4443 et
543 4386 757 4457 aliquot
783 4386 921 4455 dies,
970 4404 1077 4444 non
1108 4402 1262 4444 secus
1304 4398 1467 4457 atque
1496 4397 1706 4444 veteres

152 4475 361 4548 catalogi,
403 4480 746 4551 pontificatui
783 4479 1062 4538 Caelestini
1090 4480 1390 4537 ascribunt.
1437 4480 1706 4537 Antonius

206 4655 516 4731 fCoustant.
544 4660 723 4731 Epist.
752 4660 912 4717 Rom.
940 4659 1161 4717 Pontil.
1190 4675 1308 4731 pag.
1339 4659 1499 4716 1051.

206 4726 230 4766 δ
249 4730 375 4802 Aug.
403 4726 750 4802 episttf209,
784 4748 932 4786 num.
958 4733 1010 4787 1.

208 4800 388 4875 fPagi.
412 4800 478 4858 ad
510 4819 642 4858 ann.
670 4802 800 4875 5752,
833 4802 861 4875 §
892 4803 946 4859 5.

204 4867 227 4904 δ
252 4867 455 4944 ΤίΙῙθηι.
497 4885 633 4929 tom.
666 4873 809 4941 XIV,
835 4867 961 4944 pag.
992 4872 1113 4929 758.

196 4949 229 5019 ν·
257 4942 437 4999 Baller.
469 4947 567 5001 lib.
585 4961 622 5001 ll
642 4961 763 5015 cap.
788 4946 822 5000 6
845 4942 1074 5001 Observ.
1101 4943 1170 5000 ad
1190 4943 1327 5015 Opp.
1359 4943 1539 5001 Naris.
1567 4954 1697 5002 tom.

155 5008 225 5063 IV.
246 5029 353 5063 nats-
385 5016 489 5063 909
515 5032 671 5063 sena-

211 5054 225 5071 .
246 5029 353 5084 pag.
385 5016 489 5071 909
515 5032 672 5088 seqq.

212 5082 227 5119 ί
256 5084 469 5142 Calest.
501 5092 662 5159 epist.
684 5085 775 5152 21,
806 5087 834 5158 §
862 5087 919 5142 2.

1820 3463 1898 3508 tas
1932 3458 2248 3506 vetustatem.
2285 3448 2492 3515 Quibus
2522 3443 2730 3507 relatis,
2763 3440 2949 3496 subdit
2992 3437 3310 3494 Vincentius
3345 3446 3400 3488 κε

1822 3547 1960 3618 Ergo
1984 3545 2094 3600 haec
2122 3544 2219 3615 fuit
2258 3543 2387 3596 beati
2418 3537 2676 3595 Calestini
2729 3536 2879 3589 beata
2917 3532 3189 3599 sententia,
3219 3540 3272 3583 ut
3300 3545 3405 3584 non

1818 3650 2038 3696 vetustas
2064 3644 2282 3691 cessaret
2313 3633 2527 3687 obruere
2573 3630 2873 3694 novitatem,
2904 3624 2992 3681 sed
3017 3626 3185 3693 potius
3208 3622 3405 3676 novitas

1816 3732 2066 3785 desineret
2090 3730 2341 3782 incessere
2371 3733 2691 3780 vetustatem.
2725 3720 2877 3775 llaud
2918 3717 3166 3787 equidem
3216 3715 3405 3785 ignoro

1817 3824 2084 3895 ejusmodi
2134 3819 2407 3875 Vincentii
2455 3816 2618 3870 verba
2671 3816 2723 3867 in
2767 3813 2928 3866 alium
2984 3823 3203 3865 sensum
3243 3807 3311 3860 ab
3338 3821 3403 3861 eo

1813 3934 1972 3991 quem
2007 3933 2115 3989 pra:
2140 3931 2201 3972 se
2227 3915 2372 3970 ferre
2402 3913 2677 3975 videntur,
2707 3907 3005 3964 detorsisse
3030 3904 3401 3959 doctissimum

1811 4011 2141 4067 cardinalem
2190 4005 2466 4062 Norisium
2520 4002 2586 4056 ιιι
2642 4002 2762 4069 ejus
2801 4009 2977 4053 tamen
3026 3994 3209 4064 opinio
3251 3992 3404 4046 nullo

1814 4111 1972 4173 pacto
2031 4100 2291 4171 probatur
2347 4095 2563 4151 erudito
2614 4091 2904 4149 Coutantio
2950 4087 2991 4140 ί.
3039 4086 3223 4154 Neque
3270 4095 3403 4138 vero

1813 4196 1945 4251 illud
1974 4194 2293 4265 praclarum
2325 4190 2392 4245 de
2420 4186 2719 4244 Caelestino
2748 4180 3005 4251 Prosperi
3035 4176 3400 4234 testimonium

1814 4291 1903 4347 hic
1931 4290 2147 4345 demum
2171 4282 2565 4342 omittendumi
2607 4300 2619 4333 :
2654 4280 2768 4345 Cui,
2805 4276 3002 4347 inquit,
3032 4273 3100 4327 ad
3135 4269 3403 4325 catholicas

1815 4383 2066 4439 Ecclesia:
2093 4380 2394 4455 prasidium
2441 4376 2603 4431 multa
2643 4372 2894 4428 Dominus
2925 4368 3106 4441 gratia:
3130 4380 3236 4421 sua:
3262 4363 3401 4418 dona

1816 4478 2036 4549 largitus
2062 4484 2159 4529 est.

1879 4665 1905 4703 κ
1930 4656 2086 4715 Vino.
2118 4652 2228 4709 Lir.
2255 4651 2541 4707 Common.
2573 4661 2692 4717 cap.
2724 4641 2816 4700 52.

1880 4724 1909 4763 ιι
1935 4705 2285 4816 dimisit-list.
2313 4705 2504 4792 Pelag.
2534 4705 2712 4775 lib.'n
2745 4730 2864 4785 cap.
2898 4711 2995 4778 11,
3028 4710 3169 4783 Opp.
3201 4718 3330 4767 tom.
3358 4705 3403 4776 Ι,

1808 4813 1934 4877 pag.
1960 4800 2058 4854 591
2096 4811 2210 4865 seq.
3110 4854 3122 4866 ο

1888 4881 1904 4908 ι
1937 4870 2219 4925 Constant.
2244 4865 2313 4921 ad
2344 4864 2502 4934 epist.
2530 4860 2596 4915 21
2621 4860 2843 4917 Calest.
2866 4864 2983 4915 not.
3009 4854 3065 4923 5,
3110 4852 3245 4909 infra
3274 4865 3401 4923 pag.

1809 4943 2133 5083 55?.Prosp.
2167 5020 2358 5067 contra
2396 5005 2593 5065 Collat.
2637 5018 2761 5076 cap.
2799 5000 2902 5069 21,
2935 4999 3009 5058 ai.
3036 4997 3133 5071 11,
3162 5009 3310 5053 num.
3340 4993 3400 5051 2.

151 5211 3365 5246 _____________________________________________.______

1251 5341 1584 5405 NOTITIA
1626 5337 2269 5405 SCHOENEMANNI.

1128 5487 1407 5553 (Biblioth.
1467 5487 1754 5554 Historico;
1775 5487 2010 5539 Litterar.
2083 5494 2201 5538 tom.
2264 5483 2374 5549 ii.)

520 5634 551 5707 ς
581 5633 622 5690 1.
671 5633 797 5690 Vita
824 5633 1088 5691 Calatini
1114 5652 1284 5707 papae.

206 5718 365 5777 Patria
394 5724 722 5797 Campanus,
754 5727 925 5785 Prisci
954 5727 1235 5798 cujusdam
1266 5727 1428 5796 filius,
1460 5727 1704 5798 proxima

152 5813 303 5869 statim
330 5828 448 5886 post
479 5830 712 5877 mortem
754 5820 1013 5877 Bonifacii
1049 5822 1329 5877 Dominica
1362 5868 1376 5891 ,
1425 5821 1478 5877 id
1514 5830 1600 5877 est
1641 5821 1705 5878 10

153 5901 462 5974 δοριειιιιπίε
487 5912 577 5969 die
603 5928 656 5971 a.
688 5912 793 5971 iss
823 5914 1110 5987 episcopus
1147 5914 1429 5973 ordinatus
1457 5923 1559 5974 est.
1594 5913 1707 5969 Du-

1808 5632 1966 5689 rabat
1998 5632 2175 5689 adhuc
2200 5632 2459 5689 Romana
2489 5632 2633 5689 sedis
2679 5632 2733 5688 in
2777 5629 3030 5707 Afrorum
3058 5626 3276 5700 iudiciis
3306 5643 3399 5701 po-

1812 5734 2002 5793 testas,
2052 5726 2253 5781 tamdiu
2276 5725 2345 5781 ah
2368 5726 2499 5797 ipsis
2519 5724 2791 5781 Africanis
2817 5722 3085 5794 episcopis
3114 5736 3399 5795 concessa,

1810 5818 1985 5875 donec
2014 5820 2279 5875 consultis
2309 5819 2512 5876 Nicani
2542 5819 2761 5875 concilii
2793 5816 3093 5875 verissimis
3126 5820 3401 5891 exempla-

1812 5912 1963 5972 ribus
1989 5955 2004 5983 ,
2038 5922 2221 5972 utrum
2270 5915 2324 5974 in
2362 5915 2442 5973 eis
2484 5913 2855 5985 reperirentur
2881 5912 3089 5976 laudati
3126 5928 3157 5975 a
3184 5913 3403 5977 Zosimo
