3976 6336
579 314 683 383 tu

1840 332 2296 393 C(EI.ESTINUS
2336 336 2351 389 Ι
2398 337 2593 394 I’APA.

3680 369 3758 429 lli.

579 455 839 511 canones,
874 442 1137 500 certiores
1161 445 1284 501 lacti
1310 455 1507 503 essent.
1533 448 1650 518 Quo
1671 449 1792 521 jure
1811 465 1841 505 a
1862 449 2159 508 Caelestino
2181 453 2237 515 Δ
2260 452 2405 509 mine
2425 454 2650 524 posthac
2682 464 2862 514 notata
2898 458 3019 527 fuit,
3074 470 3330 532 represstt
3379 474 3428 523 et
3460 469 3762 545 deferentibus

580 534 638 595 in
668 537 802 609 ipsis
830 538 1011 595 statim
1052 540 1294 597 muneris
1322 543 1446 597 novi
1472 543 1724 614 auspiciis
1750 545 1970 604 Antonii
2016 546 2155 602 ἰθυδ-

580 628 813 685 satensis
850 630 1091 702 episcopi
1138 640 1193 687 et
1222 632 1499 703 aliquanto
1541 646 1660 706 post
1690 637 1893 707 Apiarii
1921 637 1994 695 ob
2020 652 2159 695 nova

579 721 782 795 ﬂagitia
805 725 1003 780 remoti
1041 733 1096 781 et
1118 724 1189 781 ad
1226 724 1579 784 Caelestinum
1616 731 1958 800 provocantis
1997 746 2159 788 causa

579 825 827 884 suscepta
851 816 971 872 fuit.
993 816 1097 874 Sed
1117 817 1259 874 illius
1275 820 1544 890 querelas,
1562 821 1821 879 subdolas
1836 832 1889 893 et
1910 821 2156 899 injustas,

580 909 779 965 evertit
823 909 1153 979 Augustinus
1181 951 1196 978 ,
1248 926 1455 983 suaque
1498 913 1577 968 rei
1621 922 1787 984 gesta:
1817 902 2158 973 enarratione

580 1001 721 1072 apud
753 1000 1105 1059 Caelestinum
1139 1006 1382 1074 pervicit,
1414 1016 1473 1062 ut
1497 995 1977 1079 sententiam‘apud
2000 1009 2158 1077 Afros

580 1093 632 1149 in
662 1109 781 1148 eum
812 1094 975 1149 latam
1002 1105 1171 1150 ratam
1201 1096 1452 1165 haberet;
1487 1099 1627 1155 hunc
1650 1100 1862 1171 propria
1893 1102 2155 1159 scelerum

578 1184 853 1242 damnavit
880 1187 1172 1243 confessio.
1205 1188 1375 1257 Quam
1407 1192 1533 1247 dum
1560 1191 1855 1249 Ctelestino
1883 1196 2152 1266 nuntiant,

572 1270 741 1335 simul
784 1297 943 1337 omne
981 1281 1107 1352 jus,
1152 1284 1297 1356 quod
1348 1285 1561 1347 interim
1601 1287 1669 1344 de
1706 1290 2156 1359 appellationibus

574 1366 835 1428 Romana:
862 1373 974 1429 sedi
1002 1376 1376 1446 permiserant,
1412 1379 1626 1451 penitus
1652 1381 2013 1449 sustulerunt,
2058 1383 2155 1442 de-

581 1473 864 1533 precantes
888 1509 901 1533 ,
937 1483 1003 1524 ne
1035 1468 1087 1523 in
1116 1480 1390 1543 posterum
1413 1454 1491 1528 ex
1521 1473 1701 1529 Africa
1733 1477 2012 1533 venientes
2042 1479 2156 1535 sive

572 1556 815 1627 episcopi
873 1558 988 1616 sive
1031 1563 1332 1636 presbyteri
1374 1564 1724 1624 inlerioresve
1771 1569 1993 1637 clerici,
2042 1570 2157 1628 sive

577 1647 701 1704 laici
733 1652 895 1706 etiam
925 1651 1131 1711 facilius
1160 1657 1607 1729 admitterentur,
1638 1664 2157 1723 excommunicative

579 1738 633 1795 in
658 1744 1091 1800 communionem
1125 1764 1465 1821 praepropere
1504 1753 1940 1811 restituerentur.
1970 1756 2156 1829 Neque

580 1833 721 1888 enim
751 1833 852 1890 hoc
899 1838 1066 1908 magis
1096 1854 1255 1910 quam
1300 1842 1452 1910 illud,
1481 1845 1622 1913 quod
1664 1846 1873 1917 pridem
1928 1848 1995 1906 de
2036 1851 2158 1922 jure

580 1928 816 2003 episcOpi
843 1928 1068 1985 Romani
1098 1932 1301 2003 legatos
1324 1949 1354 1989 a
1379 1937 1548 1993 latere
1570 1939 1621 1993 in
1648 1940 1883 1997 Africam
1915 1928 2157 2000 mittendi

578 2018 869 2077 Faustinus
895 2026 1234 2093 asservisset,
1273 2026 1325 2082 in
1354 2028 1583 2086 Nicmnis
1631 2033 1895 2100 conciliis,
1927 2050 2046 2106 quae
2089 2051 2157 2093 ex

583 2112 895 2171 authentico
926 2116 993 2172 ab
1030 2116 1210 2175 Attico
1250 2117 1851 2195 Constantinopolitano
1902 2131 2158 2201 episeopo

583 2205 684 2274 sibi
714 2210 1022 2265 transmissa
1046 2221 1250 2293 essent,
1276 2214 1533 2286 scriptum
1559 2219 1805 2288 reperiri.
1823 2202 2160 2294 Quaprdpter

582 2300 784 2355 nullum
818 2304 1034 2360 omnino
1071 2305 1331 2376 judicium
1377 2315 1795 2369 transmarinum
1828 2315 2019 2373 nedum
2052 2317 2158 2375 clev

568 2390 722 2446 'ricos
755 2393 1025 2452 Romanos
1073 2407 1341 2470 tamquam
1390 2412 1732 2461 exsecutores
1758 2406 1824 2461 ad
1855 2424 1914 2465 se
1967 2410 2157 2483 miSsOS

582 2481 636 2539 in
671 2496 944 2557 posterum
974 2491 1175 2549 laturos
1196 2511 1317 2553 esse
1340 2498 1735 2568 signiﬁcabant.
1765 2502 1870 2560 Sed
1898 2504 2156 2577 quidquid

582 2591 647 2632 ex
683 2577 781 2634 hac
811 2592 963 2665 parte
1008 2583 1266 2643 Romanae
1314 2590 1459 2647 sedis
1492 2594 1745 2662 potestati
1778 2595 2040 2653 decedere
2081 2599 2161 2653 vi—

566 2667 828 2735 debatur,
861 2688 927 2729 ex
952 2675 1121 2732 altera
1154 2679 1552 2750 quodammodo
1601 2690 1872 2756 reparavit
1909 2688 2098 2745 initum
2128 2704 2160 2745 a

581 2761 874 2822 leestino
920 2783 1039 2824 cum
1089 2771 1289 2843 Cyrillo
1343 2775 1707 2833 Alexandrino
1752 2779 1928 2837 l‘mdus
1971 2792 2157 2837 contra

562 2853 909 2929 'Nestorinm,
938 2877 1043 2933 quo
1086 2874 1189 2919 tam
1216 2867 1407 2923 callide
1434 2884 1562 2925 usus
1588 2881 1690 2938 est,
1726 2882 1784 2928 ut
1807 2889 2158 2945 quaacutnque

581 2942 740 3017 hujus
785 2966 942 3009 causa
998 2964 1148 3026 gesta
1197 2974 1301 3014 non
1346 2962 1513 3032 magis
1540 2960 1725 3035 Cyrilli
1771 2942 1970 3033 studio,
1998 2942 2155 3037 quam

560 3038 810 3100 ’Βοωυηὶ
856 3048 1091 3121 episcOpi
1132 3053 1419 3123 vigilantiae
1455 3056 1640 3113 deberi
1672 3058 1997 3116 viderentur.
2026 3059 2156 3114 Nam

582 3135 743 3191 simul
764 3152 827 3193 ac
852 3139 980 3195 satis
1007 3155 1125 3198 sese
1148 3159 1175 3197 a
1203 3144 1404 3217 Cyrillo
1447 3150 1764 3206 instructum
1806 3153 1993 3218 sensit,
2026 3150 2155 3223 quid
2203 3175 2207 3179 ·

562 3220 682 3300 ’ρινο
715 3228 904 3285 bteresi
955 3233 1257 3290 habendum
1299 3249 1465 3307 esset,
1524 3240 1813 3309 festinavit,
1850 3255 1907 3298 ut
1952 3220 2155 3315 primus
2181 3226 2226 3289 (ἶ

559 3322 700 3377 'eam
724 3323 1061 3382 anathemate
1094 3327 1301 3399 feriret,
1333 3334 1553 3405 ejusque
1597 3348 1895 3405 auctorem,
1926 3342 1979 3394 nl
2005 3355 2156 3397 erro-

584 3413 733 3468 ribus
760 3415 1125 3475 valedieturus
1147 3433 1311 3491 esset,
1336 3428 1715 3484 communione
1738 3429 1999 3500 privaret;
2034 3448 2155 3489 mox

584 3507 649 3561 ad
681 3510 943 3581 synodum
982 3512 1048 3567 ab
1090 3514 1414 3586 imperatore
1458 3519 1762 3577 Theodosio
1803 3523 1940 3593 apud
1984 3524 2158 3595 Ephe-

584 3613 700 3655 sum
724 3602 972 3660 indictam
1000 3607 1201 3678 legatos
1229 3612 1372 3667 misit
1399 3613 1495 3668 hac
1514 3616 1750 3685 generali
1774 3625 2154 3691 praeceptione,

584 3702 642 3748 ut
667 3693 901 3752 Nestorii
941 3699 1341 3760 damnationem
1376 3716 1400 3743 ἰ
1431 3717 1483 3763 et
1529 3724 1556 3762 a
1586 3710 1715 3766 sede
1743 3727 1839 3768 sua
1868 3714 2161 3785 depositio-

584 3801 708 3842 nem
736 3800 1014 3860 urgerent:
1039 3794 1089 3849 in
1120 3796 1340 3866 reliquis
1361 3814 1508 3867 vero,
1538 3817 1658 3872 qua:
1685 3818 1839 3860 casus
1869 3806 1954 3863 vel
1985 3808 2159 3865 disce-

584 3883 837 3952 ptationis
867 3886 1000 3941 ordo
1028 3888 1285 3947 allaturus
1307 3904 1472 3960 esset,
1503 3896 1691 3952 moniti
1722 3907 1897 3966 erant,
1932 3900 2163 3975 utquid—

561 3970 709 4044 ‘quid
746 3977 798 4030 in
825 3976 1008 4048 Cyrilli
1062 3979 1284 4038 arbitrio
1334 3985 1597 4053 viderent,
1652 3988 1915 4046 facerent.
1981 3970 2161 4063 Itaque

583 4082 933 4138 qua-cumque
957 4071 1024 4128 ab
1050 4088 1114 4128 eo
1140 4075 1191 4129 in
1221 4078 1426 4147 synodo
1459 4079 1557 4135 ista
1588 4091 1736 4153 gesta
1772 4092 1974 4151 essent,
2004 4086 2162 4154 plene

584 4160 922 4229 approbavit,
944 4165 1101 4234 eique
1138 4175 1192 4220 et
1212 4169 1481 4238 omnibus,
1514 4173 1603 4243 qui
1636 4173 1691 4227 in
1723 4188 1784 4228 ea
1815 4189 1936 4230 eum
1960 4192 2026 4232 eo
2054 4186 2163 4232 ste-

586 4257 779 4319 terant,
814 4263 1083 4326 tamquam
1105 4257 1176 4313 de
1203 4260 1424 4317 victoria
1455 4263 1522 4320 ab
1544 4263 1786 4321 hostibus
1816 4265 2014 4323 ChriSti
2034 4268 2163 4337 ipsi-

586 4357 688 4415 que
718 4345 854 4400 adeo
881 4349 1212 4419 imperatori,
1246 4354 1412 4409 invito
1455 4371 1586 4413 sane
1627 4359 1840 4430 victori,
1892 4370 2161 4431 reportata

584 4436 884 4507 gratulatus
913 4450 1017 4508 est,
1049 4459 1151 4499 nec
1199 4462 1303 4502 non
1350 4449 1733 4506 Maximianum
1775 4452 2018 4510 Nestorio
2063 4453 2161 4509 de-

588 4537 744 4605 pulso
797 4538 1076 4595 suffectum
1125 4541 1437 4613 episcopum
1491 4545 1674 4600 statim
1726 4546 2016 4617 salutavit,
2060 4547 2163 4602 hoc

589 4643 754 4685 nnnm
802 4631 1133 4709 restringens
1159 4609 1216 4688 in
1247 4609 1471 4693 istorum
1522 4635 1794 4703 indicatis,
1826 4609 1909 4693 tne
1938 4638 2162 4695 asseclis
2186 4609 2240 4670 Β

589 4718 816 4791 Nestorii
844 4720 945 4791 qui
974 4724 1372 4795 resipiscerent,
1397 4728 1572 4782 omnis
1603 4730 1815 4798 penitus
1837 4743 1963 4799 Spes
1992 4731 2163 4799 venia:

589 4820 642 4865 et
670 4812 1024 4868 restitutionis
1067 4815 1453 4886 praecideretur
1478 4815 1524 4868 ιδ.
1560 4817 1852 4879 Enimvero
1880 4819 1932 4874 in
1958 4818 2043 4874 his
2071 4818 2163 4875 ad-

591 4917 778 4971 versus
824 4902 1133 4975 Nestorium
1176 4909 1341 4978 gestis
1376 4908 1640 4965 illustrior
1679 4910 1804 4965 vita:
1834 4925 1957 4981 pars
1988 4911 2164 4967 Coale-

588 4996 739 5064 stini,
770 5012 875 5053 non
908 5008 1086 5055 tamen
1114 5004 1293 5075 omnia
1320 5003 1436 5073 ejus
1465 5003 1534 5060 de
1558 5004 1821 5061 catholica
1852 5005 1956 5062 ﬁde
1980 5017 2032 5062 et
2058 5007 2164 5063 Ec-

590 5087 753 5144 clesia
782 5090 971 5145 merita
997 5092 1362 5150 continentur.
1392 5096 1536 5152 Idem
1569 5098 1711 5153 enim
1742 5096 1862 5164 fuit,
1911 5099 1999 5168 qui
2031 5113 2165 5155 exu-

588 5178 864 5238 berantem
896 5184 948 5239 in
977 5183 1145 5241 Gallia
1177 5186 1448 5259 haeresim,
1475 5205 1594 5261 qua:
1614 5180 2049 5263 Semipelagiante
2074 5205 2167 5247 no-

664 5348 691 5378 ι
713 5340 859 5397 Hanc
887 5343 940 5399 in
968 5345 1196 5400 concilio
1225 5344 1381 5402 Rom.
1409 5346 1461 5400 in
1487 5345 1788 5403 Nestorium
1818 5347 2012 5405 dictam
2042 5364 2167 5406 sen-

592 5412 825 5487 tentiam
846 5430 939 5484 per
966 5414 1227 5487 Cyrillum
1257 5418 1322 5471 ad
1344 5416 1648 5487 Nestorium
1676 5421 1910 5487 primum
1956 5430 2011 5481 et
2059 5422 2163 5481 nisi

593 5481 686 5560 ille
719 5481 991 5560 pariturus
1011 5481 1174 5553 esset,
1215 5488 1281 5560 ad
1320 5489 1561 5558 reliquos
1588 5481 1822 5560 Orientis
1871 5492 2160 5560 episcopos

599 5553 747 5640 mitti
770 5558 999 5640 curavit.
1029 5561 1204 5640 Atque
1227 5557 1333 5640 hoc
1350 5553 1456 5640 est,
1484 5557 1626 5628 quod
1655 5559 1767 5640 uice
1783 5576 1878 5640 sua
1904 5553 2161 5640 Cyrillum

595 5620 758 5705 agere
785 5620 940 5705 dixit,
965 5620 1214 5705 quatenus
1228 5620 1482 5682 statutum
1501 5620 1664 5705 suum
1692 5631 1767 5685 vel
1792 5620 2041 5705 Nesto'riO
2082 5633 2164 5690 vel

591 5694 1552 5770 universisft‘atribnsinuotesceret.
1604 5700 1700 5769 Ep.
1744 5700 1809 5754 ad
1836 5698 2161 5770 Nestorium,

597 5763 666 5825 15
688 5768 825 5835 apud
856 5769 1044 5842 Const.
1077 5785 1129 5838 p.
1162 5770 1320 5842 ῌΞυ,
1344 5780 1399 5824 et
1428 5771 1620 5825 iterum
1648 5763 1705 5825 in
1738 5770 1908 5842 Epist.
1946 5763 2165 5829 ad’Cle;

594 5850 714 5893 rum
752 5848 807 5895 et
855 5840 1112 5908 populum
1158 5840 1829 5913 Constantinopolitanutn.
1882 5844 2163 5911 Constant.

2257 547 2525 621 Prospero
2549 552 2818 624 Aquitano
2860 562 2915 611 et
2944 553 3149 612 Hilario
3202 556 3340 635 laico
3384 559 3583 639 homine
3622 570 3764 639 ϐειιὶω

2257 645 2546 717 episcopos
2573 648 2810 719 graviter
2837 647 3221 721 reprehendit,
3270 655 3405 722 quod
3432 664 3613 721 tantum
3646 684 3763 738 pres.

2257 734 2466 808 byteris
2492 741 2607 796 suis
2628 739 2993 812 indulgerent,
3021 751 3079 799 ut
3096 745 3501 816 indisciplinatas
3520 734 3767 828 me.”

2254 838 2489 899 necante;
2524 831 2579 897 in
2604 833 2849 901 medium,
2873 834 3210 904 praedicarent
3240 836 3551 898 adversantia
3583 852 3765 925 unitati,

2255 932 2307 978 et
2322 920 2641 995 Augustino,
2669 941 2825 997 quem
2852 927 3097 998 impense
3118 928 3319 997 laudat,
3342 932 3628 1006 obstrepere
3644 920 3769 1004 aude;

2256 1025 2380 1075 rent
2409 1027 2457 1073 ο.
2488 1017 2693 1075 Frater
2731 1019 2848 1075 haec
2871 1020 3103 1091 Prosper
3125 1021 3287 1077 modo
3314 1022 3544 1085 laudatus
3566 1036 3769 1101 praedicat

2257 1107 2374 1179 ejus
2399 1109 2639 1165 studium
2662 1110 2717 1181 in
2747 1110 3052 1185 Pelagianis
3073 1128 3181 1170 non
3210 1115 3383 1185 solum
3409 1131 3476 1189 ex
3507 1128 3603 1175 tota
3633 1124 3768 1197 Italia,

2257 1199 2353 1257 sed
2387 1202 2548 1257 etiam
2601 1199 2876 1275 Britannia
2930 1204 3295 1285 eliminandis,
3351 1224 3453 1279 quo
3495 1215 3684 1279 nomine
3720 1220 3770 1287 ab

2257 1291 2447 1349 eodem
2481 1294 2677 1351 missus
2699 1305 2783 1352 est
2809 1305 3028 1354 sanctus
3058 1296 3357 1369 Germanus
3386 1300 3775 1373 Augustodunen-

2256 1384 2331 1442 sis
2353 1402 2474 1442 cum
2523 1386 2673 1475 Lupo
2703 1387 2959 1448 Trecensi
2989 1391 3267 1467 episcopo.
3324 1391 3563 1467 Prosperi
3589 1399 3774 1476 denique

2257 1479 2566 1537 testimonio
2592 1482 2798 1550 nititur,
2822 1483 2965 1559 quod
2994 1482 3263 1555 Palladius
3285 1484 3352 1541 ab
3381 1488 3563 1545 eodem
3589 1491 3647 1548 ad
3670 1493 3775 1552 Sco-

2259 1579 2342 1628 tos
2364 1577 2415 1628 In
2443 1573 2717 1630 Christum
2753 1577 3035 1633 credentes
3069 1578 3347 1634 ordinatus
3389 1589 3442 1636 et
3479 1584 3662 1652 primus
3691 1590 3778 1659 epi-

2258 1679 2455 1737 scopus
2485 1666 2682 1724 missus
2705 1668 2796 1725 sit.
2820 1666 2964 1741 Obiit
2984 1669 3311 1727 Caelestinus
3336 1686 3472 1729 anno
3499 1675 3613 1761 452,
3636 1694 3781 1751 mense

2256 1758 2419 1817 Julio.

2636 1898 2668 1970 ὃ
2696 1897 2761 1963 ιι.
2794 1898 3053 1961 Curiosum
3070 1916 3219 1972 papa
3240 1908 3456 1972 scripta.

2333 2050 2558 2108 Restant
2588 2050 2751 2123 XVIII
2793 2050 3069 2117 Caelestini
3107 2054 3339 2125 epistola:
3363 2099 3377 2127 ,
3420 2057 3703 2137 inscriptae;
3736 2059 3783 2137 I,

2261 2143 2535 2217 Epitrapis
2558 2145 2783 2220 Illyrici.
2816 2147 3136 2219 Assignatur
3165 2164 3310 2215 anno
3338 2147 3461 2204 425.
3490 2149 3551 2217 Il,
3574 2136 3788 2207 cum;

2259 2238 2511 2309 episcopis
2541 2255 2630 2309 per
2663 2237 2998 2305 Viennensem
3026 2247 3075 2294 et
3127 2239 3507 2295 Narbonensem
3549 2243 3790 2311 provincias

2259 2334 2569 2402 constitutis,
2590 2347 2697 2389 scr.
2722 2332 2775 2387 d.
2790 2330 2860 2387 25
2881 2331 3005 2388 Julii
3029 2348 3080 2386 a.
3103 2331 3337 2407 428.1",
3370 2331 3618 2389 Universis
3634 2334 3791 2406 episco-

2259 2424 2343 2496 pis
2397 2441 2489 2495 per
2529 2423 2768 2493 Apuliam
2817 2433 2864 2479 et
2908 2423 3201 2480 Calabriam
3266 2427 3583 2499 constitutis,
3624 2441 3716 2482 scr.
3752 2444 3789 2482 θ.

2258 2515 2384 2585 429.
2411 2517 2498 2583 IV,
2531 2516 2728 2589 Cyrillo
2758 2518 3114 2572 Alexandrino
3145 2518 3407 2589 episcOpO,
3434 2532 3537 2575 scr.
3556 2518 3607 2587 d.
3629 2519 3660 2573 2
3686 2519 3793 2590 Aug.

2262 2621 2313 2662 a.
2341 2608 2467 2674 450,
2492 2607 2944 2680 quemadmodum
2970 2618 3023 2664 et
3051 2616 3165 2663 tres
3191 2619 3499 2679 sequentes.
3530 2604 3595 2677 V,
3626 2609 3795 2664 Johan-

2260 2701 2336 2773 ni,
2365 2698 2626 2767 Juvenali,
2654 2700 2792 2771 Rufo
2818 2709 2864 2756 et
2894 2697 3152 2769 Flaviano
3181 2700 3433 2777 episwpis
3455 2717 3541 2770 per
3563 2698 3792 2781 Orientem,

2260 2807 2291 2848 a
2319 2795 2451 2866 pari.
2483 2791 2572 2864 VI,
2624 2792 2887 2848 Nestorio.
2925 2788 3038 2859 VII,
3072 2790 3223 2847 Clero
3255 2802 3306 2846 et
3336 2792 3521 2865 populo
3548 2789 3797 2847 Constanti-

2262 2886 2579 2959 n0politano.
2608 2886 2839 2954 Quatuor
2854 2884 2949 2941 has
2970 2885 3227 2954 epistolas
3250 2884 3443 2940 Latine
3461 2884 3673 2954 scriptas
3684 2896 3796 2947 esse,

2262 2976 2497 3036 dubitari
2528 2980 2738 3048 nequit,
2764 2977 2858 3033 sed
2890 2977 3069 3033 statim
3097 2976 3149 3030 in
3182 2975 3417 3046 linguam
3448 2975 3673 3032 Graecam
3699 2987 3800 3030 con-

2260 3086 2445 3127 versas
2472 3079 2525 3127 et
2550 3085 2651 3125 una
2668 3085 2790 3126 cum
2816 3070 3062 3125 versione
3083 3067 3273 3124 Graeca
3297 3067 3364 3123 ad
3391 3067 3640 3140 Cyrillum
3663 3076 3803 3120 trans-

2263 3165 2455 3220 missas
2517 3178 2637 3220 esse
2683 3163 2989 3231 suspicatur
3036 3159 3417 3233 Constantius;
3466 3159 3616 3214 simul
3659 3167 3800 3212 tamen

2259 3256 2507 3313 eumdem
2533 3270 2656 3311 esse
2688 3254 3090 3325 primigenium,
3125 3267 3287 3323 quem
3320 3267 3419 3307 nos
3443 3250 3683 3306 habemus
3707 3257 3800 3303 ter-

2259 3356 2372 3403 tum
2401 3347 2665 3419 probavit.
2694 3345 2828 3411 VIII,
2884 3343 3080 3416 Cyrillo
3132 3344 3487 3399 Alexandrino
3509 3388 3524 3411 ,
3577 3358 3674 3398 scr.
3702 3341 3747 3396 d.
3777 3341 3801 3394 7

2259 3438 2380 3496 Maii
2407 3454 2457 3493 a.
2480 3436 2605 3493 451.
2633 3437 2786 3492 Hanc
2815 3449 2883 3492 ex
2909 3433 3099 3492 Graeco
3128 3451 3369 3502 versam,
3402 3450 3508 3490 non
3538 3433 3711 3490 Latino
3732 3446 3805 3487 au-

2259 3534 2502 3591 thentico
2528 3532 2855 3601 descriptam
2887 3546 3007 3586 esse
3035 3530 3269 3585 diversis
3319 3531 3463 3585 notis
3508 3527 3604 3584 sibi
3645 3525 3805 3595 depre-

2259 3624 2517 3681 hendisse
2530 3622 2674 3678 visus
2697 3633 2781 3678 est
2809 3620 3179 3677 Constantius.
3204 3619 3302 3689 IX,
3333 3619 3605 3689 Episcopis
3630 3625 3675 3671 et
3698 3630 3809 3687 pm-

2262 3716 2449 3789 byteris
2469 3712 2702 3770 euntibus
2731 3713 2801 3767 ad
2856 3712 3121 3766 Orientem
3144 3710 3617 3774 Commonitorium,
3649 3722 3743 3762 scr.
3764 3703 3807 3758 tl.

2262 3810 2296 3866 8
2321 3808 2443 3865 Maii
2470 3824 2521 3863 a.
2546 3806 2672 3862 451.
2704 3804 2773 3871 Χ,
2791 3804 3000 3861 Sancta:
3028 3804 3227 3875 synodo
3260 3801 3406 3875 apud
3435 3799 3687 3872 Ephesum
3711 3812 3811 3851 con-

2263 3910 2509 3973 gregatw,
2543 3914 2650 3955 scr.
2684 3914 2735 3953 a.
2764 3900 2859 3954 451
2896 3898 3085 3953 Latine
3112 3906 3168 3954 et
3197 3896 3251 3953 in
3302 3895 3578 3969 Ephesino
3620 3889 3813 3948 concilio

2264 3992 2446 4048 Latine
2492 3992 2720 4061 primum
2766 3991 2904 4046 lecta
2952 3991 3226 4060 gestisque
3278 3991 3511 4056 inserta,
3565 3996 3666 4042 tum
3709 3995 3814 4038 vero

2264 4086 2515 4142 etiamin
2565 4084 2787 4156 gratiam
2836 4098 3060 4148 eorum,
3111 4083 3204 4153 qui
3254 4081 3450 4137 Latine
3499 4077 3813 4139 nesciebant.

2263 4176 2442 4233 erce
2470 4178 2715 4232 recitata.
2756 4174 2850 4242 XI,
2891 4172 3177 4228 Theodosio
3209 4174 3479 4244 Augusto,
3516 4186 3619 4227 scr.
3658 4167 3815 4224 eodem

2262 4284 2316 4325 a.
2349 4267 2464 4336 XII,
2497 4267 2768 4340 Episcopis
2806 4265 3131 4331 Galliarum,
3183 4278 3293 4321 ser.
3348 4264 3543 4320 eodem
3592 4277 3642 4316 a.
3694 4255 3814 4321 XIII,

2265 4358 2475 4417 Sanctia
2493 4360 2690 4431 synodo
2720 4358 2863 4430 apud
2893 4356 3156 4428 Ephesum
3195 4358 3516 4423 constitutae,
3543 4368 3646 4411 scr.
3673 4352 3742 4407 uti
3777 4356 3820 4404 et

2264 4464 2553 4523 sequentes
2579 4468 2630 4508 a.
2663 4452 2787 4517 452,
2824 4460 2945 4521 post
2986 4450 3397 4506 damnationem
3426 4445 3675 4504 Nestorii.
3700 4438 3817 4507 XIV,

2265 4545 2554 4600 Theodosio
2581 4546 2742 4617 Aug.,
2768 4552 2888 4612 post
2913 4542 3202 4615 synodum.
3241 4541 3363 4608 XV,
3396 4539 3705 4594 Maximiano
3729 4534 3818 4605 epi-

2266 4653 2420 4706 scopo
2434 4635 3026 4704 Constantitwpolitano.
3049 4632 3188 4698 XVI,
3206 4634 3358 4687 Clero
3379 4643 3426 4685 et
3453 4631 3589 4703 plebi
3607 4629 3824 4697 Constan-

2271 4728 2487 4799 tinOpoli
2517 4726 2923 4780 consistentibus.
2954 4725 3228 4781 Praeterea
3250 4722 3531 4781 Arnobius
3562 4724 3613 4777 in
3642 4719 3763 4773 libro
3795 4727 3822 4769 lt

2268 4820 2336 4878 de
2360 4818 2614 4876 conﬂictu
2638 4834 2757 4875 cum
2772 4819 3067 4887 Serapione
3089 4819 3331 4879 servavit
3355 4815 3722 4887 Fragmentum
3742 4824 3824 4863 ser—

2267 4915 2461 4980 monis,
2490 4928 2640 4984 quem
2676 4910 2984 4966 Caelestinus
3011 4911 3068 4964 in
3109 4910 3336 4964 concilio
3370 4909 3634 4975 Romano,
3674 4915 3825 4959 mense

2268 5006 2510 5076 Augusto
2546 5004 2673 5059 anni
2704 5002 2830 5069 450,
2858 5004 3097 5061 adversus
3125 5002 3366 5061 hwrast'm
3400 4998 3633 5056 Nestorii
3660 4995 3825 5050 habuit.
3928 5000 3929 5073 ξ

2272 5098 2618 5152 Auctoritates
2646 5106 2823 5151 autem
2854 5097 3232 5166 prwteritorum
3262 5097 3403 5150 sedis
3426 5093 3715 5163 apostolica:
3741 5086 3831 5156 epi-

2269 5206 2544 5262 scaporum
2572 5190 2635 5244 de
2657 5187 2838 5245 Gratia
2858 5188 2955 5244 Dei
2976 5187 3159 5244 verius
3177 5187 3446 5244 Caelestio
3476 5184 3831 5257 abjudicantur.

2534 5418 2600 5477 ad
2630 5420 2896 5492 synodum
2920 5419 3119 5492 Ephes.
3148 5430 3275 5491 post
3291 5420 3537 5478 Nestorii
3565 5419 3836 5476 damnatio-
3928 5454 3929 5465 η

2271 5506 2398 5548 nem
2421 5488 2566 5562 apud
2590 5488 2775 5547 Co'ust.
2806 5488 2896 5557 22,
2926 5488 2983 5562 pI
3014 5488 3172 5547 11461
3792 5554 3802 5562 _
3887 5542 3900 5555 ,

2350 5573 2371 5601 ο
2398 5554 2504 5639 Εἰ).
2536 5563 2601 5617 2i
2628 5561 2783 5639 apud
2810 5554 3026 5639 Coust_.,
3046 5565 3141 5639 ⁸ιιιιὶ
3174 5564 3245 5637 ob
3272 5563 3386 5635 hoc
3415 5554 3833 5639 grgumentutnln
3890 5554 3893 5555 ⁷
3928 5608 3929 5615 η

2350 5579 2371 5601 ε
2404 5579 2504 5630 np.
2536 5579 2601 5617 τι
2628 5579 2656 5616 a
2696 5579 2769 5618 na
2810 5579 3026 5635 h0|l$l.,
3056 5579 3141 5621 cut
3174 5579 3245 5637 on
3272 5579 3386 5635 non
3415 5579 3768 5639 grgumeutum
3792 5579 3833 5609 ιιι

2273 5634 2551 5716 plerisque
2591 5579 2868 5716 cogicibus
2899 5632 3513 5716 adjicieonsqevernnt
3538 5634 3834 5716 auctori,th

2270 5695 2645 5830 grmteritprum
2686 5695 3162 5788 redinapoitolirte
3187 5703 3554 5776 episcoporum
3600 5698 3661 5757 de
3691 5695 3834 5771 gratia

2324 5792 2371 5830 et
2398 5783 2443 5829 et
2473 5775 2634 5830 libero
2663 5776 2898 5829 arbitrio.

2324 5777 2371 5830 ei
2398 5783 2443 5829 et
2473 5775 2634 5830 libero
2663 5775 2898 5829 arbitrio;
