3976 6336
191 427 277 495 iis
1519 419 2045 481 PROLEGDMENA.

3312 423 3419 481 ιιι

197 545 310 611 Qua:
345 554 496 611 porro
537 541 639 613 ipsi
668 538 803 603 falso
839 540 1038 603 tributa
1070 540 1306 607 fuerunt,
1342 550 1430 597 aut
1460 539 1736 610 deperdita
1765 542 1817 605 Δ
1918 542 2077 597 1576.
2118 541 2448 614 lngolstadii,
2480 562 2541 599 ex
2568 552 2771 617 typogr.
2808 545 2935 599 Dav.
2968 542 3224 609 Sertorii;
3250 542 3415 597 iis-4°.

196 646 319 704 sunt,
350 635 540 692 indicat
567 632 916 701 Constantius.

457 789 588 867 §III.
619 790 891 863 Editiones
922 807 1128 863 operum
1159 791 1435 847 Cteleslini.

246 929 314 985 Es
337 926 419 981 his
446 926 721 982 ﬁmlestini
746 927 988 997 epistolis
1010 927 1100 995 IV,
1126 926 1192 994 V,
1212 925 1279 982 VI
1300 938 1355 982 et
1383 926 1494 995 VII,
1518 925 1571 981 in
1591 925 1738 981 Actis

186 1020 375 1077 concilii
405 1019 683 1089 Ephesini,
718 1019 783 1088 II,
845 1019 915 1075 III
950 1030 1004 1075 et
1054 1020 1145 1075 XII
1172 1061 1186 1084 ,
1236 1021 1288 1075 in
1321 1019 1739 1075 Collectionibus

186 1114 399 1185 Dionysii
430 1113 640 1184 Exigui,
672 1114 994 1179 Hadrianea,
1026 1114 1256 1183 Hispana
1296 1122 1352 1169 et
1389 1113 1580 1169 lsiduri
1624 1127 1737 1168 ser-

184 1219 300 1264 vatae
327 1217 378 1263 et
403 1220 523 1261 cum
551 1207 604 1261 in
636 1207 703 1261 iis
734 1216 845 1262 tum
887 1223 951 1263 ex
977 1208 1167 1262 iisdem
1211 1222 1306 1277 per
1344 1208 1521 1262 varias
1548 1204 1739 1261 Conci-

183 1302 351 1357 liorum
380 1297 643 1353 editiones
665 1299 897 1369 vulgata:
935 1308 1077 1354 sunt.
1120 1300 1319 1369 Augeri
1352 1298 1516 1368 erepit
1547 1310 1736 1352 nume-

178 1408 259 1449 rus
285 1392 509 1462 primum
540 1406 635 1462 per
664 1390 876 1451 Petrum
922 1391 1196 1447 Crabbium
1253 1393 1573 1461 Fragmenta
1628 1391 1739 1459 epi-

179 1486 313 1542 stolae
348 1484 415 1553 Χ,
440 1500 599 1555 quam
623 1488 890 1558 integram
920 1495 1109 1557 postea
1137 1487 1391 1540 Antonius
1430 1486 1493 1540 de
1540 1485 1737 1555 Aquino

181 1576 225 1631 in
237 1574 565 1631 Collectiune
588 1576 951 1647 Epistolarum
968 1574 1369 1633 Pontiliciarnm
1396 1575 1613 1631 Antonii
1639 1576 1739 1630 Ca-

180 1670 286 1721 rataa
311 1667 599 1723 cardinalis
624 1669 865 1737 protulit.
898 1668 1042 1724 Idem
1089 1683 1220 1723 vero
1265 1667 1530 1723 Antonius
1558 1667 1739 1736 plures

178 1758 431 1815 leestini
480 1761 739 1830 epistolas
767 1772 952 1817 erutae
995 1761 1223 1819 subinde
1254 1775 1286 1815 e
1331 1759 1545 1815 schedis
1596 1759 1739 1813 Vati-

178 1852 307 1909 canis
325 1852 558 1909 daturus
585 1862 701 1909 erat
728 1854 782 1909 in
812 1854 1126 1923 Auctuario,
1161 1852 1302 1924 quod
1344 1853 1569 1908 laudata:
1614 1852 1737 1908 Col-

1842 632 2016 689 Variz
2042 634 2319 691 leestini
2346 638 2600 707 Epistula:
2623 640 2908 695 occasione
2928 636 3140 693 concilii
3162 634 3419 706 Ephesini

1840 729 2090 797 scriptae;
2148 730 2291 785 inter
2331 732 2456 784 Acta
2493 734 2665 786 omnia
2699 748 2894 787 sacros.
2937 731 3111 804 magni
3149 738 3198 784 et
3234 743 3420 784 meum.

1840 820 2044 875 concilii
2074 818 2322 891 Ephesini
2354 822 2441 877 ed.
2476 839 2640 891 Opera
2670 824 2926 879 Theodori
2956 823 3160 877 Peltani
3195 837 3311 876 soc.
3343 819 3417 887 1.,

1840 926 1960 983 cap.
1992 913 2079 982 16,
2115 916 2199 981 17,
2234 917 2323 983 18,
2356 915 2442 983 19,
2471 916 2561 982 et,
2589 933 2741 988 pagg.
2771 918 2973 973 ets-74
2999 927 3055 973 et
3082 917 3209 973 ass.

1910 1005 2045 1063 Sunt
2074 1006 2332 1077 Epistolas
2365 1007 2430 1062 ad
2462 1006 2729 1079 Cyrillum,
2779 1009 3096 1074 Nestorium,
3140 1006 3346 1062 Clarum
3376 1014 3422 1059 et

1840 1096 1979 1169 Pop.
2016 1098 2123 1154 ΟΡ.
2156 1099 2411 1155 Joannem
2437 1102 2675 1157 Antioch.
2705 1110 2760 1157 et
2787 1101 3056 1172 Synodum
3083 1098 3419 1171 Ephesinam.

1915 1190 2072 1251 159i.
2116 1191 2327 1259 Romaz;
2359 1191 2538 1262 ἕης-[οι.
2566 1190 2848 1248 Οωιεεῐίηἰ
2881 1207 3029 1262 βψω
3061 1190 3339 1261 Epistolas,
3366 1188 3419 1244 in

1841 1282 2009 1339 Τοωο
2039 1284 2057 1338 Ι
2087 1281 2311 1339 Collect.
2346 1282 2697 1355 Epistolarum
2726 1283 3074 1337 Decretaliuns
3104 1280 3421 1350 Pontificum

1840 1374 2217 1439 Romanorum,
2253 1391 2410 1444 quam
2431 1392 2460 1431 a
2478 1377 2621 1431 card.
2656 1376 2878 1432 Antonio
2901 1374 3092 1445 Carafa
3119 1373 3421 1430 inchoatam

1840 1469 2073 1529 absolvit
2098 1469 2354 1524 Antonius
2382 1469 2446 1524 de
2484 1472 2709 1541 Aquino.

1916 1561 2044 1617 Octo
2114 1571 2274 1633 sunt,
2329 1578 2523 1633 nempe
2569 1575 2788 1635 quatuor
2842 1564 2982 1619 inter
3028 1562 3159 1617 Acta
3211 1559 3425 1615 concilii

1841 1652 2122 1724 Epltesini,
2156 1662 2254 1717 tres
2285 1670 2378 1725 per
2408 1655 2723 1728 Dionysium
2758 1656 3019 1727 Exiguum
3059 1652 3215 1709 nobis
3250 1660 3426 1709 trans-

1840 1748 2042 1803 missae.
2088 1747 2206 1803 Una
2253 1763 2403 1816 vero,
2437 1750 2591 1819 cnjns
2626 1750 2986 1820 fragmentum
3031 1757 3189 1803 antea
3230 1746 3423 1801 Petrus

1840 1836 2050 1899 Crabbe
2076 1840 2319 1907 dederat,
2352 1857 2492 1897 nunc
2526 1843 2735 1913 integra
2769 1842 2971 1913 prodit,
3000 1842 3145 1897 velut
3170 1855 3236 1895 ex
3264 1841 3423 1895 Cres-

181 1944 372 2001 ]eciioni
403 1943 611 2001 adde”
638 1944 972 2003 ἀροτενθιευι,
1007 1944 1112 2000 sed
1139 1944 1296 2002 cuius
1327 1943 1435 1999 [aio
1468 1943 1735 2011 occubuit,
1768 1932 1818 2005 Β
1843 1935 2069 1993 cuniana
2100 1934 2424 1992 collectione
2454 1945 2727 2007 excerpta,
2761 1945 2819 1991 ut
2852 1934 3198 1995 Constantius
3228 1933 3421 2003 inquit.

178 2051 261 2091 nec
286 2034 580 2105 quidquam
610 2051 676 2091 ex
705 2037 984 2101 omnibus,
1003 2051 1121 2106 quae
1150 2033 1424 2091 indefesso
1453 2035 1541 2091 ille
1561 2034 1737 2090 studio

180 2128 267 2185 luci
315 2137 621 2197 paraverat,
673 2130 926 2187 tenebras
975 2128 1144 2185 evasit
1194 2138 1390 2197 praeter
1439 2128 1736 2197 epistolas,

179 2234 289 2290 quas
317 2220 439 2274 olim
472 2218 706 2273 Baronio
743 2231 1109 2279 concesserat.
1140 2219 1278 2277 Hinc
1308 2220 1502 2277 factum
1536 2230 1636 2283 est,
1682 2227 1739 2276 ut

177 2329 249 2367 sex
273 2327 415 2369 novae
440 2310 725 2371 Coelestini
751 2313 1017 2382 epistolae,
1044 2312 1292 2369 videlicet
1324 2312 1453 2378 VIII,
1492 2311 1735 2382 XLIII”,

179 2403 297 2468 XIV,
322 2403 429 2469 XV,
457 2403 605 2470 XVI,
641 2406 692 2463 in
726 2404 1007 2469 Annalibus
1045 2406 1110 2461 ad
1162 2420 1214 2461 a.
1245 2404 1346 2461 4.31
1379 2415 1433 2460 et
1462 2405 1567 2462 452
1608 2420 1738 2474 pru-

180 2496 372 2551 dicrint.
401 2495 500 2551 llis
524 2498 911 2566 quatuordecint
936 2497 1217 2566 Epistolis,
1250 2512 1381 2567 quas
1404 2496 1631 2566 junctim
1659 2498 1740 2553 in-

183 2600 303 2645 terea
324 2588 585 2647 exhibent
608 2590 793 2649 Binius
806 2602 859 2648 et
878 2589 1142 2649 Culleolio
1164 2591 1525 2651 Conciliurum
1549 2590 1736 2661 Regia,

181 2696 383 2751 musque
412 2685 781 2743 correctiores
814 2685 1014 2756 passim
1065 2685 1283 2755 repetiit
1330 2684 1432 2739 Plt.
1481 2684 1736 2751 Labbeus,

182 2774 382 2831 accessit
410 2775 636 2832 tandem
663 2777 797 2847 Iper
832 2775 1161 2835 Holsteniunt
1188 2777 1242 2833 in
1282 2775 1613 2833 Collectione
1635 2778 1739 2832 Ro-

182 2884 311 2923 mana
352 2867 632 2937 bipertita,
674 2880 729 2925 et
761 2868 830 2924 IX
860 2885 955 2937 per
999 2868 1324 2941 Stephanum
1374 2868 1643 2926 Balusium
1685 2870 1739 2925 in

181 2959 304 3016 Nova
328 2961 692 3021 Conciliorum
720 2960 1071 3019 Collectione.
1106 2964 1206 3021 Tot
1228 2972 1403 3019 autem
1437 2963 1741 3033 perpulien-

183 3055 260 3113 das
283 3064 333 3111 et
368 3055 716 3113 illustrandas
740 3056 947 3126 accepit
992 3056 1177 3112 Petrus
1203 3056 1554 3125 Constantius,
1587 3056 1741 3125 cujus

186 3148 444 3205 editionem
466 3164 648 3218 nuper
677 3150 868 3207 iterum
909 3150 1142 3206 Andreas
1182 3148 1494 3209 Gallandius
1520 3165 1741 3220 expres-

183 3241 255 3295 sit.
283 3239 513 3298 Haasius
547 3255 674 3297 vero
703 3242 904 3296 Labbei
936 3243 1177 3311 vestigiis
1224 3243 1469 3299 inltmret.

768 3389 982 3431 ελαίουιο
1020 3391 1129 3430 XVI.

248 3512 389 3577 I525.
432 3510 758 3584 Hoguntiaz:
799 3514 973 3580 in-lol.
1022 3517 1245 3571 Decreta
1276 3512 1556 3575 lecstini
1592 3530 1743 3586 papa:

185 3618 379 3663 attulere
418 3606 595 3673 XXII,
640 3608 677 3661 i.
723 3625 773 3663 e.
806 3607 1054 3680 Epistolw
1091 3620 1188 3667 tres
1218 3626 1236 3664 :
1270 3610 1322 3667 1°
1354 3610 1421 3664 ad
1457 3609 1743 3680 Episcopos

186 3696 462 3765 Galliarum,
513 3702 600 3759 cui
644 3700 941 3771 junguntur
978 3703 1325 3759 Auctoritates
1367 3705 1743 3775 prceteritorum

184 3790 293 3845 sedis
316 3792 617 3861 apostolicw
638 3794 991 3864 episcoporum
1014 3796 1077 3849 de
1098 3793 1279 3861 Gratia
1307 3796 1434 3863 Dei;
1462 3796 1523 3857 2°
1547 3799 1615 3852 ad
1638 3798 1743 3866 epi-

182 3898 335 3951 scopos
375 3902 462 3955 per
513 3886 849 3949 Viennensem
890 3900 934 3945 et
979 3889 1369 3947 Narbonensem
1399 3893 1741 3962 provinciam;

183 3974 232 4041 5°
255 3978 314 4029 ad
336 3979 606 4049 episcopos
637 3996 725 4051 per
750 3980 988 4051 Apuliam
1011 3992 1059 4037 et
1086 3982 1381 4039 Calabriam
1407 3984 1742 4050 constitutos;

183 4068 225 4121 in
243 4066 448 4127 Joannis
473 4071 821 4135 Wendelstini
838 4074 902 4135 ed
947 4072 1279 4133 Collectionis
1298 4073 1499 4133 Conon.
1524 4076 1739 4147 Dionys.

242 4159 383 4227 I530.
426 4162 699 4231 Coloniaz;
733 4166 907 4236 iit-fol.
952 4166 1184 4231 Eadem;
1220 4168 1270 4229 in
1317 4168 1448 4229 Coll.
1481 4168 1740 4229 Concilio-

182 4266 277 4325 rtnn
304 4251 415 4323 Jac.
447 4254 665 4309 Merlini
695 4256 759 4321 Τ.
790 4257 833 4321 1,
865 4257 955 4319 l'ul.
988 4273 1327 4319 cuum-Vt.
1363 4259 1538 4319 Editio
1571 4263 1740 4330 prima

186 4340 300 4397 facta
340 4358 418 4401 est
460 4363 513 4401 a.
565 4349 722 4415 1525.
753 4350 932 4409 Tertia
965 4351 1158 4421 prodiit
1195 4366 1246 4406 a.
1294 4352 1453 4417 1535,
1497 4351 1739 4423 Parisiis,

183 4436 323 4503 in-8',
355 4440 445 4496 ubi
478 4439 759 4511 leestini
791 4444 1047 4513 Epistula:
1074 4453 1293 4503 exstant
1319 4444 1411 4501 Iul.
1442 4461 1737 4502 cxcvn-cc.

245 4532 391 4591 1556.
432 4534 694 4603 Basileor;
727 4538 904 4607 ἑτι-[οι.
944 4539 1227 4597 leestini
1263 4555 1410 4610 papae
1445 4542 1661 4596 Decreta
1699 4542 1738 4599 i.

182 4636 225 4677 e.
252 4624 481 4696 Epistula
511 4628 583 4685 ad
611 4632 890 4695 uniuersus
920 4630 1212 4691 Galliarum
1243 4631 1525 4701 episcopos
1553 4631 1736 4701 subje-

1915 2025 2075 2083 1591.
2117 2026 2317 2094 Romte,
2359 2044 2422 2083 ex
2459 2028 2687 2100 Typogr.
2727 2028 2880 2094 Vat.;
2920 2028 3099 2099 in-fol.
3144 2027 3424 2083 leestini

1844 2118 2101 2188 Epistolas
2131 2119 2298 2190 (XIV)
2323 2138 2336 2187 ;
2367 2124 2417 2177 in
2450 2120 2664 2177 Baronii
2694 2122 2973 2177 Annalium
2999 2129 3145 2176 tumo
3174 2120 3236 2183 V,
3274 2120 3340 2175 ad
3370 2134 3422 2174 ι.

1842 2210 2067 2267 450-52.
2102 2212 2207 2267 Sex
2236 2222 2385 2267 antea
2422 2214 2624 2268 inedita:
2653 2214 2719 2269 ad
2750 2230 2800 2267 a.
2850 2214 2947 2269 451
2988 2229 3138 2271 num.
3178 2212 3231 2279 6,
3267 2212 3334 2268 I9
3371 2220 3427 2268 et

1840 2305 1947 2364 4'52
1986 2321 2136 2363 num.
2176 2308 2232 2373 4,
2279 2308 2365 2376 12,
2412 2309 2500 2373 17,
2538 2309 2629 2363 20.
2675 2308 2957 2379 Repetitus
3001 2316 3085 2363 est
3124 2307 3213 2363 hic
3248 2315 3426 2363 tomus

1842 2397 2022 2459 Romae
2060 2399 2215 2455 1607.
2263 2400 2656 2469 Complecntur
2698 2402 2839 2457 idem
2885 2416 3150 2457 annorum
3191 2401 3426 2471 spatium

1838 2499 2018 2549 tomus
2058 2493 2275 2562 quintus
2317 2494 2404 2551 ed.
2440 2494 2761 2550 Coloniensis
2789 2511 2841 2549 ει.
2878 2496 3034 2561 1624,
3079 2504 3134 2551 et
3161 2496 3425 2566 septimus

1848 2583 2135 2639 Mansiantu
2167 2584 2322 2643 Lacte
2356 2588 2513 2643 1741.
2544 2589 2807 2657 Sperabat
2839 2589 3103 2645 Batonius
3135 2590 3424 2646 Antonium

1844 2674 1912 2730 de
1954 2677 2183 2746 Aquino,
2216 2692 2247 2733 a
2274 2694 2381 2748 qno
2412 2680 2643 2736 ineditas
2675 2681 2793 2736 illas
2824 2682 3087 2751 epistolas
3118 2690 3425 2752 acceperat,

1844 2766 1898 2822 in
1929 2770 2171 2825 auctariu
2201 2770 2565 2840 Epistularum
2591 2773 2993 2830 Pontiﬁciarum
3022 2776 3169 2845 quod
3198 2775 3426 2830 medita-

1848 2858 2024 2927 batur,
2056 2859 2255 2925 fontes,
2285 2865 2426 2919 unde
2453 2880 2544 2921 eas
2580 2865 2871 2935 hausisset,
2908 2868 3287 2923 indicaturum.
3322 2866 3425 2923 Ve-

1844 2965 1961 3007 rum
1992 2966 2115 3025 spes
2142 2953 2291 3010 irrita
2319 2954 2437 3011 l'uit.

2440 3063 2657 3105 SECULO
2696 3065 2825 3105 XVII.

1921 3134 2079 3193 1606.
2123 3136 2349 3195 Colonia:
2398 3140 2550 3212 Agr.,
2596 3143 2738 3210 apud
2786 3140 2874 3197 Jo.
2926 3141 3166 3215 Gymnic.
3214 3156 3260 3200 et
3303 3146 3424 3203 Ant.

1848 3226 2088 3295 Hierat.;
2121 3231 2290 3302 iii-fol.
2320 3231 2461 3293 Vita,
2506 3233 2764 3300 Epistolas
2802 3244 2855 3291 et
2897 3236 3121 3292 Decreta
3149 3237 3425 3295 Caelestini

1768 3317 1815 3383 Ω
1848 3334 1995 3393 papa:
2026 3320 2074 3385 I;
2101 3322 2152 3376 in
2182 3321 2424 3379 Conciliis
2448 3324 2677 3381 Severini
2704 3325 2843 3385 Binii
2866 3327 2929 3385 Τ.
2955 3328 2975 3385 I
2992 3344 3147 3400 pagg.
3164 3329 3422 3395 622-632.

1923 3413 2000 3467 Ex
2028 3414 2454 3483 quatuordecim,
2495 3434 2627 3488 quas
2654 3419 2838 3481 Binius
2866 3423 3058 3491 partim
3096 3439 3159 3477 es
3194 3424 3426 3479 Antonio

1847 3508 1915 3563 de
1945 3510 2173 3577 Aquino,
2207 3511 2404 3579 partim
2437 3528 2501 3567 ex
2525 3512 2756 3573 Beronio
2778 3515 2995 3585 collegit
3024 3516 3288 3586 epistolis,
3318 3531 3425 3571 non

1847 3616 2034 3657 omnes
2057 3617 2157 3656 una
2192 3602 2330 3669 serie
2358 3604 2747 3673 producuntur,
2773 3607 2865 3667 sed
2892 3609 3165 3669 nonnulla:
3188 3608 3426 3665 numeris

1850 3704 2053 3753 tantum
2086 3695 2197 3751 suis
2234 3694 2480 3751 indicata
2529 3697 2668 3753 inter
2720 3700 2851 3755 Acta
2900 3700 3159 3769 Epltesini
3207 3702 3425 3761 concilii

1846 3788 2025 3861 locum
2079 3789 2346 3863 obtinent.
2390 3790 2675 3861 Aliquibus
2720 3792 2919 3851 addita:
2976 3805 3097 3851 sunt
3143 3794 3294 3851 Nouo
3340 3796 3426 3851 Bi-

1848 3897 2044 3951 nianze.

1918 3974 2080 4029 1609.
2114 3972 2332 4029 Lutetia:
2372 3973 2725 4041 Parisiorum;
2775 3976 2936 4032 in-8'.
2971 3977 3197 4033 Decreta
3246 3978 3423 4036 Coale-

1844 4070 1969 4141 stini
2024 4085 2173 4143 papa:
2222 4069 2243 4125 I
2292 4071 2582 4141 (Epistula:
2624 4071 2757 4143 εγω
2788 4071 2838 4129 in
2886 4072 3072 4131 Codice
3123 4071 3233 4132 Vel.
3279 4072 3422 4129 Eccl.

1846 4163 1999 4219 Rom.
2034 4179 2187 4235 pagg.
2216 4163 2471 4223 4504-426.

1921 4259 2080 4327 1629.
2115 4257 2350 4325 Parisiis,
2373 4268 2562 4327 sumpt.
2600 4257 2723 4319 Seb.
2756 4256 3058 4330 Cremoisy;
3092 4258 3271 4331 in-fol.
3302 4260 3424 4318 Cm-

1844 4350 2022 4406 Iestini
2056 4366 2205 4423 papa:
2235 4349 2257 4407 I
2286 4349 2546 4422 Epistula:
2575 4352 2689 4413 dum
2709 4350 2775 4411 ad
2802 4352 3085 4422 episcopos
3106 4351 3424 4413 Viennensis

1842 4452 1899 4501 et
1942 4443 2305 4511 Narbonensis
2372 4445 2660 4514 provincia.
2714 4453 2767 4501 et
2814 4446 3097 4513 episcopos
3143 4446 3424 4505 universos

1844 4535 2169 4601 Galliarum;
2205 4536 2258 4590 in
2306 4544 2449 4601 torno
2487 4535 2504 4593 I
2550 4534 2898 4601 Conciliorum
2930 4535 3116 4601 Gallae
3158 4535 3275 4597 Jac.
3309 4536 3424 4595 Sir.

1848 4629 2041 4685 utendi.

184 4715 272 4770 ctis
298 4720 549 4793 capitoliis
571 4734 667 4785 seu
693 4720 930 4783 indiculo
959 4721 1401 4781 constitutionnm
1427 4731 1735 4781 sanctorum
1762 4708 1818 4785 D
1916 4723 2070 4779 1614.
2107 4721 2324 4789 Parisiis
2375 4737 2401 4785 ρ
2434 4720 2661 4793 Typogt.
2696 4721 2864 4791 [ἐσμ
2905 4722 3081 4791 in—fol.
3116 4721 3257 4790 Vita,
3291 4721 3423 4792 Epi-

182 4804 376 4879 Palrum
412 4812 481 4869 de
508 4804 710 4883 nratia
737 4815 867 4880 Dei;
898 4816 1037 4873 inter
1066 4816 1426 4877 selectissimas
1454 4818 1737 4877 vetustissi-

184 4916 359 4956 morum
396 4906 685 4975 prazsulum
726 4906 985 4977 Epistolas
1025 4908 1234 4969 additas
1271 4905 1542 4965 Clentsntis
1572 4908 1738 4965 Reco-

181 4994 472 5065 gnitionibus
498 5014 566 5057 ex
598 4999 833 5069 editione
858 4998 944 5061 Jo.
975 5000 1220 5069 Sipliardi
1251 5016 1405 5071 pagg.
1433 5002 1686 5061 502-506.

243 5090 390 5163 1658.
433 5091 687 5165 Colonite,
723 5096 863 5166 apud
899 5096 1112 5167 Petrum
1147 5094 1399 5169 Quentel;
1424 5098 1607 5169 in-fol.
1637 5097 1740 5155 De-

184 5189 310 5235 creta
337 5182 617 5261 Cwlestini
642 5170 814 5275 papni,
844 5202 951 5275 quo
976 5188 1190 5245 nomine
1211 5187 1741 5261 comprehenduntur

186 5269 407 5342 Epistola:
441 5288 545 5339 tres
586 5269 844 5346 laudatis;
866 5269 1113 5337 'Decreta
1152 5296 1216 5336 ex
1259 5280 1514 5336 Gratiano
1543 5294 1597 5337 et
1626 5286 1740 5353 [rq-

185 5376 423 5435 gmentum
452 5368 705 5441 Epistola:
732 5372 801 5426 ad
829 5374 1091 5445 synodum
1126 5372 1480 5443 Ephesinam;
1511 5373 1563 5428 in
1586 5354 1738 5427 'Con-

187 5458 299 5512 ciliis
331 5459 469 5515 Petri
500 5461 695 5519 Crabbe
725 5465 788 5519 T.
822 5465 860 5531 I,
899 5465 991 5521 fol.
1026 5481 1423 5522 cccrx-cccxni.

248 5551 397 5608 1570.
434 5554 663 5612 Colonia:
696 5558 846 5629 Agr.,
876 5560 1019 5628 apud
1044 5560 1131 5613 Jo.
1162 5556 1629 5626 Brinckmannum;
1659 5560 1736 5614 in-

189 5640 266 5708 hi.
310 5644 586 5704 leestini
638 5650 863 5705 Decreta
906 5663 1002 5707 seu
1054 5650 1298 5721 Epistula
1351 5650 1416 5705 ad
1462 5653 1743 5710 universos

190 5730 464 5799 Galliarum
508 5742 808 5812 episcopos,
855 5752 987 5808 etc.,
1029 5743 1173 5801 inter
1215 5743 1475 5815 Epistolas
1514 5744 1737 5813 Ponti].

191 5828 327 5888 Best.
359 5832 428 5891 υ.
473 5835 750 5899 Clementis
781 5838 1031 5898 (lateribus
1065 5854 1135 5897 ex
1172 5839 1263 5897 ed.
1309 5840 1490 5897 Lamb.
1535 5840 1740 5897 Gruters“

192 5924 437 5999 subiectas
468 5944 620 6002 pagg.
654 5929 755 5997 561
789 5934 911 5992 505.

1843 4816 1997 4879 stolae
2024 4827 2078 4872 et
2105 4815 2330 4883 Decreta
2361 4815 2635 4877 leestini
2662 4831 2811 4885 pupae
2840 4814 2902 4881 I;
2944 4814 2996 4870 in
3027 4814 3089 4871 T.
3123 4815 3187 4873 IV
3230 4813 3417 4875 Conci—

1843 4912 2028 4973 liorum
2058 4908 2392 4966 collectionis
2421 4907 2744 4977 Luparensis
2776 4922 2930 4977 pagg.
2954 4907 3423 4971 469τὸίοοΑιιειο-

1839 5004 2017 5059 ritates
2045 5002 2107 5055 de
2136 4998 2316 5065 Gratia
2344 4999 2441 5061 Dei
2462 4998 2717 5069 epistolas
2740 4998 3080 5069 antecedunt.

1916 5093 2075 5153 1661.
2106 5092 2323 5148 Lutetia
2353 5091 2547 5159 Paris.,
2572 5093 2732 5161 apud.
2759 5090 2890 5147 Lud.
2927 5090 3189 5157 Billaiue;
3238 5092 3416 5161 ist-fol.

1845 5186 2119 5246 δωίθειίηῖ
2145 5200 2294 5257 Papae
2324 5185 2547 5249 Decreta
2576 5185 2855 5257 (Epistolis:
2884 5194 2984 5249 tm
3011 5201 3131 5247 cum
3185 5186 3421 5247 Auctori-

1845 5282 2088 5351 tatibus);
2113 5280 2164 5341 in
2195 5277 2379 5335 codice
2422 5277 2663 5347 Dioiiysii
2702 5277 2891 5347 Ειίευί
2920 5279 3061 5348 apud
3084 5275 3227 5332 Guil.
3273 5276 3421 5335 Voél-

1843 5375 1950 5431 lunt
1979 5383 2031 5429 et
2065 5370 2227 5428 Henr.
2269 5369 2548 5439 Justellum
2586 5371 2636 5429 in
2684 5369 2818 5439 Bibl.
2850 5370 2997 5437 luris
3036 5368 3230 5433 Canna.
3263 5385 3419 5443 pass.

1841 5464 2095 5522 215-221.

1918 5559 2081 5617 1662.
2110 5558 2321 5627 Roma;
2344 5558 2510 5616 in-8'.
2538 5556 2813 5623 leestini
2853 5558 3089 5629 Epistula
3117 5556 3185 5615 ad
3214 5559 3419 5630 episco~

1846 5670 1945 5728 pos
1976 5671 2071 5725 per
2098 5654 2367 5726 Illyricum
2394 5670 2529 5719 nunc
2557 5655 2779 5720 primum
2803 5653 2941 5715 edita
2964 5668 2995 5711 e
3022 5653 3240 5721 schedia
3278 5653 3419 5715 Vatis

1844 5750 1995 5805 canis
2027 5749 2167 5802 inter
2189 5748 2321 5802 Acta
2344 5746 2531 5817 synodi
2557 5746 2814 5801 liomanaa
2836 5746 2937 5803 sub
2961 5745 3237 5813 Bottil'acio
3260 5746 3341 5815 ll;
3368 5748 3420 5807 in

1845 5841 2154 5899 Collectione
2185 5838 2335 5901 Rom.
2368 5838 2570 5899 Biuart.
2594 5837 2750 5894 Luae
2779 5837 3037 5911 Holstcnii
3078 5856 3130 5912 ι).
3178 5838 3223 5911 I,
3265 5856 3417 5914 pagg.

1843 5936 2037 5994 85~88.
