3976 6336
595 369 704 431 416

1577 381 2039 444 C(ELESTINUS
2079 386 2101 443 Ι
2141 387 2343 447 PAPA.
2386 390 2923 457 PROLEGOMENA.
3726 425 3805 488 416

666 486 827 548 1671.
859 490 1081 551 Lutetia:
1122 492 1449 552 Parisiorum
1473 515 1492 565 ;
1538 499 1716 573 in—fol.
1748 500 1896 569 Vita,
1927 503 2186 575 Epistola:
2211 505 2269 573 Α
2290 522 2355 563 ex
2383 509 2473 565 ed.
2500 509 2695 569 Franc.
2722 514 2918 572 Pithaei
2942 516 3135 575 b.a.et
3157 517 3397 580 l.recuso
3425 486 3806 600 pagg.2I9-228,-

592 593 650 638 et
682 581 910 645 Decreta
938 586 1221 646 leestini
1252 606 1403 662 papte
1431 590 1474 659 I,
1505 607 1631 649 cum
1661 596 1807 651 notis
1854 596 1974 653 Sev.
2006 596 2179 668 Binii,

592 670 714 729 Jac.
766 674 1035 735 Sirmondi
1061 690 1118 737 et
1161 680 1313 739 Obss.
1367 682 1513 741 Phil.
1555 684 1784 755 Labbei;
1828 690 1882 745 in
1938 689 2183 748 Conciliis

593 762 742 823 Phil.
786 766 979 825 Labbei
1018 782 1065 827 et
1109 772 1274 833 Gabr.
1306 774 1562 833 Cossartii
1592 793 1719 837 cura
1750 782 1908 837 editis
1938 792 2085 841 tomo
2112 783 2180 855 II,

598 872 758 931 pagg.
788 861 1002 919 1610-
1024 865 1184 925 1658.

662 950 951 1012 Nonnullae
1003 960 1251 1030 epistolas
1297 978 1497 1023 nomen
1536 976 1743 1024 tantum
1782 984 1940 1027 suum
1984 974 2038 1029 in
2081 973 2182 1031 hac

591 1045 737 1102 serie
775 1047 1036 1118 professae
1062 1063 1209 1111 sunt.
1240 1055 1377 1127 Ipste
1403 1069 1620 1116 exstant
1663 1062 1806 1119 inter
1835 1065 1969 1121 Acta
2001 1066 2183 1136 Ephe-

588 1135 691 1191 sini
719 1140 940 1197 concilii
973 1151 1121 1202 tomo
1136 1144 1228 1215 ιιι,
1257 1161 1413 1221 pagg.
1434 1151 1562 1217 545,
1591 1151 1717 1223 διδ,
1746 1156 1875 1225 555,
1895 1158 2019 1225 376,
2051 1135 2177 1216 ou.

590 1225 841 1287 Pressius
868 1234 1123 1293 nimirum
1147 1241 1393 1311 sequitur
1422 1242 1669 1301 Labbeus
1694 1246 1905 1305 Binium
1924 1258 1980 1306 et
2007 1251 2183 1307 edito—

589 1335 707 1377 rem
740 1322 1094 1386 Collectionis
1124 1332 1323 1404 Regiae.
1357 1334 1478 1403 Quo
1504 1337 1767 1410 obsequio
1803 1341 1940 1399 adeo
1978 1343 2180 1402 factum

590 1423 693 1480 est,
746 1425 803 1471 ut
829 1418 965 1475 alias
998 1421 1082 1477 bis
1127 1427 1519 1485 exscribendas
1550 1428 1782 1487 dederit.
1812 1433 1944 1491 Nam
1975 1452 2096 1508 quae
2123 1439 2179 1497 in

589 1502 677 1562 his
704 1518 827 1565 sunt
871 1510 943 1567 IX
975 1514 1045 1567 ad
1095 1515 1477 1590 Theodosium,
1507 1522 1556 1577 X
1585 1525 1654 1578 ad
1689 1502 2080 1598 Cyrillum,-Xl
2110 1534 2181 1587 ad

589 1601 777 1671 synod.
793 1600 1016 1675 Ephes.,
1036 1607 1128 1664 XII
1150 1614 1218 1664 ad
1242 1610 1595 1672 Theodosium
1614 1616 1767 1689 Jun.,
1788 1620 1908 1678 XIII
1923 1625 1994 1677 ad
2007 1624 2181 1682 Maxi-

591 1696 844 1765 ntianum,
880 1708 936 1755 et
958 1700 1074 1758 XIV
1101 1705 1170 1757 ad
1208 1705 1839 1785 Constantinopolitanos,
1884 1719 2182 1776 recitantur

590 1785 785 1879 iterum
812 1789 1038 1864 integra:
1058 1805 1207 1853 tomo
1228 1797 1316 1867 III,
1343 1816 1498 1873 pagg.
1515 1803 1644 1873 619,
1669 1806 1794 1874 621,
1822 1810 1982 1879 1060,
2015 1811 2175 1879 1072;

2860 610 3087 671 Samum
3125 630 3276 672 xvut.

2360 700 2522 757 1715.
2551 701 2797 772 Parisiis,
2828 724 2854 761 e
2877 705 3102 780 Typogr.
3137 708 3333 782 Regia;
3378 713 3548 786 iit-fol.
3580 718 3805 788 Celestinl

2285 805 2439 864 papte
2466 793 2691 851 Decreta
2719 798 2997 869 (Epistola:
3026 800 3147 874 III);
3179 803 3299 859 item
3320 803 3562 876 Epistolas
3600 828 3684 884 per
3708 820 3806 879 Acta

2285 881 2539 957 Ephesini
2569 890 2777 945 concilii
2806 890 3132 961 distributae,
3148 893 3217 947 ad
3248 893 3559 968 Nestorium,
3581 881 3643 957 ad
3657 908 3806 967 clerum

2286 988 2335 1033 et
2359 982 2608 1053 papulum
2636 984 2777 1053 CP.,
2810 986 2879 1039 ad
2907 985 3186 1059 Cyrillum,
3223 988 3292 1043 ad
3325 988 3570 1048 Joannem
3589 997 3807 1059 Antioche-

2284 1087 2431 1140 num,
2456 1073 2917 1132 Commonitorium
2944 1078 3014 1133 ad
3044 1080 3258 1151 legatos,
3298 1083 3367 1136 ad
3398 1088 3634 1155 synodum
3672 1091 3808 1162 Ephe-

2282 1164 2469 1233 sinam,
2502 1168 2571 1221 ad
2596 1167 2964 1240 Theodosium,
2984 1172 3053 1227 ad
3075 1171 3327 1244 Cyrillum
3351 1179 3596 1249 secunda,
3618 1184 3676 1236 ad
3689 1202 3808 1256 syno.

2284 1258 2407 1311 dum
2430 1267 2551 1327 post
2572 1260 2975 1319 damnationem
2991 1265 3244 1333 Nestorii,
3258 1267 3328 1320 ad
3348 1267 3671 1327 Theodosium
3686 1274 3806 1347 lum,

2282 1352 2351 1405 ad
2378 1350 2776 1422 Mazimianum,
2803 1357 2874 1411 ad
2897 1361 3088 1413 clerum
3116 1368 3166 1414 et
3184 1362 3428 1432 populum
3456 1362 3563 1418 CP.
3592 1370 3805 1440 secunda;

2283 1448 2338 1502 in
2368 1447 2459 1503 Jo.
2496 1448 2756 1506 Harduini
2776 1452 2916 1507 Actis
2945 1450 3299 1508 Conciliorum
3318 1453 3383 1511 Τ.
3413 1455 3452 1523 I,
3480 1470 3621 1527 pagg.
3643 1462 3809 1517 1251..

2286 1537 2376 1596 62.
2410 1540 2570 1598 i299.
2605 1542 2765 1613 1511,
2797 1544 2957 1613 15ὶ1,
2985 1545 3147 1612 1523,
3188 1544 3350 1614 1547,
3384 1547 3667 1616 1467-74,
3701 1551 3804 1612 1671

2283 1630 2443 1688 —82.

2357 1725 2516 1781 1721.
2556 1725 2806 1796 Parisiis;
2829 1728 3015 1800 in-fol.
3037 1729 3096 1787 S.
3126 1729 3411 1787 leestini
3442 1747 3582 1803 papa
3606 1733 3811 1805 Epistola

2284 1826 2340 1872 et
2371 1818 2596 1875 Decreta
2635 1822 2701 1875 ad
2731 1822 2933 1891 justum
2982 1826 3243 1895 temporis
3293 1826 3531 1882 ordinem
3582 1828 3808 1899 reductae,

590 1877 656 1937 Τ.
688 1878 778 1948 IV,
813 1898 969 1958 pagg.
1007 1888 1143 1945 1071
1186 1900 1242 1947 et
1273 1892 1434 1952 1075.
1490 1898 1765 1954 Accedunt
1788 1899 1843 1956 in
1888 1877 2183 1974 Appendice
2210 1907 2259 1970 B
2281 1910 2433 1980 juxta
2454 1921 2559 1967 vet.
2590 1877 2753 1968 codd'.
2784 1877 2947 1969 tidem
2977 1877 3278 1988 recorgnitaa
3306 1928 3363 1972 et
3390 1919 3687 1984 emendatae,
3707 1877 3814 1990 prie:

589 1969 753 2043 hujus
780 1976 1008 2033 secundi
1037 1980 1171 2036 tomi
1205 1998 1359 2055 pagg.
1377 1986 1682 2057 1817-19,
1709 1989 1867 2047 Nota:
1893 1969 2183 2067 posthumae

588 2064 869 2127 Sirmondi
901 2073 954 2128 in
986 2074 1121 2132 duas
1153 2077 1220 2133 ad
1257 2079 1549 2138 Galliarum
1582 2087 1870 2159 episcopos
1894 2064 1955 2145 et
1990 2090 2184 2147 Aucto-

588 2159 766 2217 ritates
793 2164 935 2220 sedis
960 2170 1282 2237 apostolicae.

660 2251 824 2313 1675.
840 2256 1060 2316 Lutetia:
1082 2261 1432 2335 Parisiorum,
1450 2271 1593 2341 apud
1603 2269 1691 2326 Io.
1712 2272 1864 2345 Bapt.
1888 2275 2181 2350 Coignard;

586 2346 761 2405 ἔνι-4ο.
793 2350 1040 2423 Epistola
1077 2357 1361 2416 leestini
1411 2379 1562 2434 papae
1599 2366 1666 2421 ad
1700 2346 2183 2442 episcopos'Vien-

593 2454 793 2499 nenses
835 2456 889 2501 et
919 2445 1324 2508 Narbonenses.
1380 2455 1751 2529 Ejusdemque
1796 2463 1863 2517 ad
1893 2465 2181 2536 episconos

590 2532 802 2603 Apulia:
830 2545 886 2593 et
913 2536 1218 2609 Calabriae;
1267 2544 1318 2599 in
1374 2545 1560 2605 Codice
1610 2549 1883 2608 Canonum
1929 2532 2183 2617 Ecclesia:

592 2624 749 2683 Rom.
779 2645 811 2685 a
844 2630 1039 2691 Pasch.
1085 2635 1360 2703 Quesnello
1380 2643 1433 2697 in
1468 2655 1614 2701 tomo
1642 2646 1687 2701 II
1717 2647 1851 2720 Opp.
1886 2649 2073 2707 Leonis
2098 2653 2178 2710 Μ.

593 2722 835 2793 vulgato,
872 2741 992 2798 cap.
1029 2730 1100 2786 35
1127 2740 1180 2787 et
1226 2735 1317 2804 36,
1354 2752 1507 2809 pagg.
1562 2741 1865 2812 133—137,
1923 2746 2181 2804 editionis

592 2812 973 2886 Lugdunensis
995 2822 1069 2894 (a.
1096 2823 1258 2897 1700)
1288 2843 1449 2900 pagg.
1476 2832 1709 2890 71-75.

665 2907 826 2965 1682.
873 2912 1143 2983 Lovanice,
1172 2922 1307 2991 typis
1345 2920 1652 2996 Hieronymi
1696 2927 1963 3001 Nempwi;
2007 2934 2178 2993 ἱη-ιίο.

591 2997 1081 3064 Commonitorium
1107 3009 1385 3070 leestini
1409 3032 1559 3088 papae
1577 2997 1851 3091 episcopis
1876 2997 2181 3098 et-presby-

590 3096 723 3151 teris
752 3099 1003 3157 euntibus
1028 3102 1097 3159 ad
1129 3104 1438 3165 Orientem:
1465 3128 1606 3168 nunc
1639 3116 1871 3185 primum
1902 3134 1933 3174 e
1964 3096 2176 3178 Vatica~

592 3201 678 3243 na:
705 3188 1048 3251 bibliotheca:
1079 3202 1453 3274 manuscripto
1481 3207 1533 3260 in
1557 3208 1829 3278 publicam
1859 3213 2032 3269 lucem
2051 3215 2179 3272 data

2282 2000 2387 2057 viis
2407 2002 2894 2072 admonitionibus,
2924 2007 3066 2063 natis
3092 2008 3300 2063 criticis
3318 2018 3373 2064 et
3400 2009 3815 2068 dissertationibus

2282 2096 2561 2153 illustratus
2588 2113 2685 2169 per
2714 2097 2930 2154 Petrum
2959 2099 3239 2168 Coustant;
3270 2104 3324 2159 in
3353 2101 3597 2175 Epistolis
3636 2102 3814 2175 Pomm.

2284 2186 2466 2257 Rom.,
2500 2187 2566 2245 T.
2591 2187 2636 2255 I,
2673 2204 2828 2262 pagg.
2864 2191 3244 2249 1051—1228.

2360 2280 2586 2337 Insertae
2617 2294 2744 2339 sunt
2765 2286 3010 2356 epistola:
3040 2286 3271 2343 aliorum
3290 2288 3357 2343 ad
3380 2289 3731 2359 Caelestinum,
3752 2293 3817 2349 vel

2283 2373 2350 2429 ad
2381 2389 2467 2430 res
2497 2374 2568 2429 ab
2584 2391 2649 2431 eo
2674 2387 2858 2447 gestas
2882 2388 3210 2449 spectantes,
3243 2381 3454 2438 scilicet
3472 2384 3540 2437 ab
3566 2385 3703 2440 initio
3725 2400 3817 2439 om-

2282 2466 2433 2521 nium
2464 2468 2521 2521 I°
2550 2470 2825 2539 Augustini
2850 2472 3065 2541 epistola
3090 2473 3159 2527 ad
3190 2473 3542 2545 Caelestinum,
3573 2491 3672 2533 scr.
3708 2480 3820 2534 circa

2283 2556 2496 2613 initium
2523 2574 2576 2613 a.
2601 2560 2731 2629 423,
2762 2562 2903 2618 inter
2945 2564 3368 2633 Augustinianas
3411 2566 3547 2635 209;
3584 2569 3638 2623 2'
3665 2572 3821 2627 Aurelii

2283 2660 2332 2706 et
2353 2660 2645 2706 cteterorum
2663 2655 2753 2724 qui
2794 2656 3068 2711 universali
3094 2658 3290 2729 Africa:
3312 2660 3527 2716 concilio
3552 2659 3821 2732 Carthaginis

2281 2743 2594 2814 adfuerunt,
2645 2761 2710 2803 ex
2741 2747 2931 2804 codice
2958 2763 3225 2806 canonum
3280 2751 3539 2808 Ecclesia:
3562 2752 3821 2821 Africanae,

2284 2851 2396 2892 scr.
2443 2838 2623 2908 judice
2653 2839 2972 2897 Constantio
3023 2843 3110 2899 vel
3142 2843 3245 2898 sub
3278 2846 3486 2900 exitum
3529 2862 3577 2900 a.
3619 2846 3733 2913 425,
3758 2848 3821 2904 vel

2286 2932 2501 2989 ineunte
2530 2948 2585 2991 a.
2611 2934 2738 2991 426.
2784 2935 2917 2991 Item
2949 2947 3069 3006 post
3098 2936 3186 3003 III,
3220 2940 3289 2994 3°
3313 2948 3375 2994 .et
3408 2939 3472 2993 4ο
3505 2938 3615 2994 dum
3640 2940 3825 2995 Nestori!

2283 3025 2352 3078 ad
2378 3025 2700 3081 Caelestinum
2728 3028 2911 3083 littera:
2942 3028 3035 3083 Cr.
3055 3029 3212 3097 Lat.;
3245 3030 3312 3086 5°
3342 3030 3576 3105 Epistola
3593 3032 3750 3103 Cyrilli
3774 3032 3824 3085 ad

2284 3116 2628 3187 Caelestinum,
2660 3136 2769 3177 scr.
2793 3137 2844 3176 a.
2869 3122 2975 3179 430
3006 3122 3100 3179 Gr.
3135 3122 3303 3192 Lat.;
3330 3124 3393 3180 6°
3423 3124 3823 3181 Commonitorium

2284 3207 2469 3281 Cyrilli
2517 3211 2801 3268 Posidonio
2849 3231 2967 3269 cum
3014 3214 3236 3270 Romam
3287 3218 3508 3273 mitteret
3536 3220 3714 3284 datum,
3754 3215 3825 3271 Cr.

590 3295 691 3352 Per
718 3280 789 3339 Γ.
822 3284 1180 3346 Christianum
1222 3293 1456 3366 Lupum,
1504 3298 1796 3371 Iprensem,
1845 3306 1896 3360 in
1926 3304 2180 3376 Ερὶειοιάε
2208 3292 2254 3357 C
2285 3280 2407 3356 Lat.
2440 3301 2569 3357 Post
2599 3303 2754 3372 XIV,
2789 3307 2849 3360 7°
2881 3304 3112 3362 Nestorii
3153 3309 3223 3362 ad
3265 3309 3589 3365 Calestinum
3609 3351 3625 3378 ,
3669 3325 3761 3365 scr.
3786 3325 3825 3364 a.

592 3373 851 3431 variorum
890 3378 1113 3436 Patrum
1161 3385 1231 3439 ad
1284 3388 1566 3445 concilium
1614 3392 1934 3463 Ephesinum
1982 3415 2047 3454 ex
2079 3418 2175 3457 ms.

592 3463 795 3523 Cassin.
830 3468 969 3527 Bibl.
1013 3475 1083 3530 ab
1132 3478 1322 3535 eodem
1374 3482 1674 3555 desumptis
1704 3498 1756 3543 et
1787 3490 1967 3557 editis,
2002 3495 2180 3564 capite

589 3558 720 3631 226,
753 3562 1122 3624 lol.ccccr.xx.
1147 3570 1460 3642 Repetitum
1498 3590 1583 3633 est
1625 3580 1727 3637 hoc
1763 3598 1898 3653 opus
1926 3586 1981 3641 in
2033 3558 2179 3645 tomo

590 3649 685 3709 VII
716 3653 943 3727 Operum
967 3658 1250 3718 Christiani
1282 3665 1419 3739 Lupi
1448 3668 1711 3742 (Vettett'is
1739 3649 1882 3748 apud
1905 3678 1990 3734 Jo.
2022 3680 2173 3755 Bapt.

588 3747 887 3821 Albritium,
915 3753 980 3822 ρ.
1011 3754 1238 3815 Hieron.
1265 3771 1313 3816 et
1358 3763 1562 3822 Sebast.
1588 3766 1753 3823 Coleti
1773 3747 1780 3748 ί
1803 3786 1855 3825 a.
1890 3773 2028 3830 1726
2052 3793 2067 3839 ;
2096 3747 2179 3832 in-

586 3839 732 3915 fol.),
750 3844 927 3919 ;inque
949 3862 1016 3906 eo
1034 3847 1319 3912 leestini
1344 3854 1837 3919 Commonitorium
1863 3880 2020 3939 pagg.
2046 3870 2175 3939 585,

587 3933 715 3992 386.

659 4029 818 4088 1685.
852 4032 1099 4107 Parisiis,
1131 4056 1195 4095 ea:
1222 4040 1316 4111 οβ’.
1348 4050 1555 4118 typogr.
1587 4044 1788 4106 Franc.
1817 4048 2069 4122 Muguet;
2096 4056 2177 4110 in-

585 4122 682 4193 [οι.
707 4120 1198 4187 Commonitorium
1223 4148 1374 4204 papae
1395 4135 1676 4194 Coelestini
1697 4143 1879 4196 datum
1901 4120 2175 4217 episcopis

583 4222 638 4270 et
667 4218 1000 4290 presbyteris
1027 4224 1281 4281 euntibus
1302 4227 1371 4282 ad
1400 4229 1699 4287 Orientem.
1730 4232 1980 4306 Ejusdem
2011 4239 2176 4295 variae

585 4306 850 4380 Epistolte
883 4315 1173 4373 occasione
1226 4321 1443 4377 concilii
1498 4323 1756 4394 Epltesini
1808 4329 2065 4401 scriptae;
2118 4332 2174 4387 in

582 4402 769 4475 Steph.
817 4404 1025 4463 Baluzii
1053 4409 1206 4466 Nova
1248 4413 1385 4469 Coll.
1430 4414 1808 4490 Conciliorum,
1848 4420 1910 4477 Τ.
1949 4422 1988 4490 1,
2017 4438 2168 4498 pagg.

581 4495 708 4565 381,
732 4497 861 4566 424,
888 4501 1016 4571 451,
1048 4502 1175 4573 456,
1200 4506 1330 4575 458,
1355 4507 1628 4567 489-95.

651 4586 1110 4651 Commonitorium
1161 4600 1363 4668 reperit
1413 4601 1645 4671 primum
1696 4606 1752 4661 in
1802 4608 2170 4666 vetustissimo

2284 3394 2408 3459 450,
2433 3393 2525 3449 Gr.
2550 3395 2670 3453 Lat.
2692 3398 2846 3454 Post.
2876 3400 3020 3466 XIX.
3044 3402 3108 3458 8°
3130 3402 3373 3474 Epistola
3393 3405 3574 3477 synodi
3602 3403 3827 3473 Ephesittd

2284 3486 2353 3539 ad
2382 3484 2732 3557 Caelestinum,
2764 3490 2859 3547 Gr.
2887 3492 3003 3547 Lat.
3025 3494 3247 3549 Decimo
3281 3498 3402 3551 loco
3424 3509 3505 3551 est
3534 3498 3826 3568 fragmentum

2283 3582 2530 3635 sermonis
2557 3599 2588 3635 a
2613 3580 2887 3639 Caelestino
2916 3584 3100 3641 habiti.
3130 3586 3490 3659 Subjungitur
3516 3588 3568 3643 Ν
3572 3590 3705 3644 otitia
3729 3585 3827 3658 Ερὶε

2282 3674 2552 3743 stolarum,
2582 3694 2697 3747 qute
2719 3677 2789 3731 ad
2818 3677 3148 3734 Caelestinum
3176 3700 3371 3754 papam
3401 3686 3632 3739 attinent.

2356 3767 2516 3824 1757.
2555 3768 2800 3841 Venetiis,
2824 3773 2965 3844 apud
2987 3772 3123 3829 Sint.
3157 3773 3362 3844 Occisi;
3388 3777 3570 3849 in-foL
3596 3776 3829 3835 lecstini

2280 3874 2434 3930 papae
2456 3860 2698 3933 Epistola
2728 3863 2796 3919 ad
2822 3866 2993 3934 episc.
3018 3866 3360 3925 Viennenses
3390 3881 3446 3927 et
3470 3870 3827 3932 Narbonenses,

2281 3952 2409 4006 item
2440 3952 2611 4023 episc.
2644 3955 2856 4025 Apulia:
2886 3966 2941 4012 et
2968 3959 3230 4015 Calabriae
3253 3975 3382 4017 cum
3409 3963 3661 4018 varietate
3684 3977 3829 4018 exem-

2281 4046 2509 4116 plarium
2544 4056 2649 4102 tam
2707 4049 2976 4106 editorum
3010 4067 3170 4121 quam
3221 4069 3401 4123 mss.;
3435 4057 3487 4111 in
3520 4056 3697 4110 Codice
3743 4054 3829 4108 νει.

2281 4139 2479 4195 Conon.
2510 4139 2787 4198 Constitut.
2822 4144 2883 4200 S.
2936 4148 3072 4200 sedis
3116 4150 3423 4217 apostolicae
3468 4150 3656 4206 Pasch.
3695 4149 3828 4217 Ques

2280 4231 2407 4286 nelli
2458 4232 2653 4288 iterum
2701 4235 2848 4290 edito
2873 4250 2904 4290 a
2929 4235 3227 4293 Balleriniis
3255 4238 3414 4307 Frr.,
3458 4250 3604 4298 tomo
3630 4240 3693 4297 III
3721 4238 3831 4311 Opp.

2277 4319 2463 4377 Leonis
2482 4323 2560 4377 Μ.
2593 4339 2713 4395 cap.
2747 4327 2935 4395 35,36,
2975 4344 3130 4399 pagg.
3162 4331 3443 4389 270—77.
3561 4370 3572 4380 .

2349 4415 2507 4472 1760.
2538 4415 2851 4485 Florentiae;
2880 4420 3057 4491 in-fol.
3090 4420 3233 4491 Vita,
3277 4424 3540 4494 Epistola:
3563 4435 3617 4483 et
3644 4425 3831 4483 Decreta

2274 4506 2334 4563 S.
2380 4506 2664 4565 leestini
2696 4524 2848 4580 papas
2878 4512 2919 4579 I,
2953 4527 3078 4568 cum
3125 4518 3272 4571 notis
3320 4516 3464 4573 Binii
3492 4528 3545 4574 et
3566 4516 3830 4582 Sirmondi.

2274 4601 2404 4655 item
2434 4599 2706 4671 Excerptis
2731 4604 2938 4674 aliquot
2964 4622 2993 4661 e
3014 4608 3138 4663 cod.
3172 4623 3311 4666 mss.
3344 4612 3695 4683 epistolarum
3716 4621 3762 4667 et
3785 4610 3831 4663 ιιι

579 4679 767 4739 codice
814 4682 1163 4746 bibliothecas
1214 4689 1543 4751 Colbertinze
1596 4712 1744 4753 num.
1785 4700 1924 4756 1865
1965 4703 2168 4772 optime
2194 4688 2251 4750 D
2277 4694 2510 4749 talorum
2540 4705 2781 4752 veterum
2799 4700 3153 4769 epistolarum
3176 4679 3543 4775 quarumdam
3563 4704 3831 4769 Caelestini;

578 4784 822 4833 exarato.
850 4779 1011 4837 Aliud
1049 4782 1250 4840 deinde
1289 4789 1570 4859 exemplar
1601 4791 1655 4847 in
1685 4790 1943 4849 Vaticano
1976 4809 2166 4851 recen-

578 4866 716 4924 tiore
760 4885 911 4929 num.
964 4873 1127 4943 I320,
1162 4875 1367 4935 Nicolai
1395 4880 1433 4935 V
1474 4883 1785 4952 pontiﬁcatu
1838 4886 2065 4956 scripto,
2096 4888 2163 4943 ad

576 4973 702 5017 eum
752 4963 900 5020 misit
949 4966 1311 5043 Hieronymus
1367 4975 1660 5032 cardinalis
1712 4977 1995 5033 Casanata.
2056 4978 2163 5035 Sed

572 5053 913 5115 emendatius
959 5068 1078 5116 erat
1116 5062 1169 5118 in
1214 5062 1534 5123 Colbertino
1579 5084 1738 5140 quam
1779 5070 1831 5124 in
1878 5069 2159 5127 Vaticano.

570 5144 841 5219 Ignoravit
866 5161 1047 5209 autem
1064 5153 1316 5214 Baluzius
1340 5160 1481 5215 idem
1508 5176 1652 5217 anno
1668 5170 1797 5217 ante
1823 5162 1932 5232 jam
1955 5177 1982 5215 a
2012 5162 2164 5233 Lupo

567 5238 738 5298 fuisse
790 5246 1127 5316 evulgatum.
1187 5249 1427 5322 Reliqua:
1479 5252 1776 5324 Epistolae,
1834 5255 1977 5311 inter
2028 5256 2163 5313 Acta

568 5332 830 5405 Ephesini
851 5341 1067 5398 concilii
1082 5341 1408 5413 distributae,
1424 5356 1549 5401 sunt
1576 5366 1587 5401 :
1613 5348 1674 5402 1ο
1689 5348 1933 5419 Epistola
1955 5350 2024 5403 ad
2052 5349 2162 5406 Ne-

566 5430 820 5498 storium;
847 5430 910 5485 2°
956 5434 1027 5489 ad
1073 5436 1266 5491 clerum
1295 5446 1344 5492 et
1372 5440 1625 5510 populum
1673 5439 2156 5511 ConstantinOpol.;

563 5521 630 5577 3°
651 5525 720 5578 ad
746 5524 1039 5597 Cyrillum;
1060 5529 1123 5586 4ο
1148 5530 1216 5584 ad
1240 5527 1497 5587 Joannem
1522 5533 1791 5599 Antioch.;
1821 5534 1884 5589 5°
1907 5535 1975 5588 ad
2004 5550 2160 5607 syno-

563 5616 687 5670 dum
716 5615 1036 5690 Epltesinam
1061 5638 1082 5689 ;
1104 5621 1167 5679 6°
1196 5623 1265 5677 ad
1304 5620 1654 5680 Theodosium
1679 5626 1843 5698 imp.;
1873 5626 1935 5682 7°
1957 5627 2027 5682 ad
2056 5627 2156 5700 Cy-

562 5709 742 5765 rillum
764 5712 1203 5771 Alexandrinum.

634 5804 793 5862 1687.
842 5805 1087 5876 Parisiis,
1120 5828 1150 5865 e
1178 5810 1405 5885 Typogr.
1453 5812 1653 5885 Regia:
1695 5814 1878 5885 iit-fol.
1922 5814 2152 5872 Decreta

565 5897 839 5956 C(eIestini
868 5915 1020 5974 papae
1041 5901 1236 5975 (Epist.
1256 5904 1349 5975 Ill)
1369 5907 1418 5959 in
1435 5903 1623 5961 Codice
1637 5903 1764 5961 Can.
1787 5904 2024 5976 Dionysii
2041 5905 2142 5963 Ex.

2272 4787 2325 4842 in
2357 4794 2505 4843 tomo
2524 4786 2593 4843 IV
2625 4786 2957 4848 Collectionis
3006 4796 3348 4867 amplissima:
3395 4797 3731 4863 Conciliornm
3762 4794 3831 4852 lo.

2272 4877 2478 4933 Domin.
2504 4877 2681 4946 Μαιιεὶ
2708 4896 2865 4953 pagg.
2891 4883 3164 4942 453—74.

2343 4979 2636 5050 Epistolas,
2666 4997 2788 5051 quas
2812 4983 2958 5040 inter
2976 4985 3107 5041 Acta
3128 4986 3388 5061 Ephesini
3415 4992 3620 5048 concilii
3639 4991 3833 5061 hocipso

2272 5091 2421 5138 tomo
2445 5083 2858 5154 comprehensa:
2888 5087 3227 5160 referuntur,
3271 5107 3387 5149 non
3416 5094 3659 5167 integras
3680 5093 3729 5149 in
3754 5093 3832 5147 hac

2265 5187 2412 5243 serie
2459 5191 2896 5259 repraesentavit,
2942 5192 2995 5248 id
3045 5194 3188 5265 quod
3219 5206 3351 5266 post
3379 5196 3657 5255 Labbeum
3697 5198 3831 5253 etiam

2265 5285 2507 5357 Coletus,
2540 5305 2703 5361 quem
2733 5306 2859 5347 raro
2908 5292 3145 5365 alioquin
3175 5295 3423 5355 Mansius
3455 5299 3677 5365 deserit,
3706 5295 3826 5352 leceo

2264 5390 2499 5459 rat;sed
2534 5392 2743 5448 Binium
2802 5395 2956 5465 sequi
3002 5396 3214 5463 maluit,
3264 5398 3556 5472 titulisque
3584 5401 3656 5471 {et
3682 5394 3831 5453 verbis

2264 5492 2562 5551 initialibus
2591 5496 2859 5569 recitatis,
2890 5498 2956 5554 ad
2985 5498 3079 5554 illa
3110 5500 3353 5558 lectores
3377 5502 3617 5575 ablegat.

2338 5597 2498 5656 1775.
2532 5599 2781 5669 Venetiis,
2805 5613 3084 5677 eastypOgr.
3107 5601 3197 5659 Jo.
3228 5602 3394 5676 Bapt.
3428 5598 3828 5672 Albritii;in-fol.

2262 5701 2323 5760 S.
2354 5701 2637 5759 leestini
2670 5718 2822 5775 papae
2843 5705 3105 5777 Epistolas
3130 5713 3188 5762 et
3209 5705 3471 5777 Decreta,
3504 5706 3691 5781 quibus
3715 5717 3828 5761 non-

2260 5804 2407 5860 nulla
2435 5802 2641 5861 intexta
2666 5806 2735 5862 ad
2777 5808 3028 5864 eumdem
3057 5816 3309 5866 sanctum
3343 5813 3655 5881 pontiﬁcem
3684 5805 3825 5881 perti-

2258 5911 2458 5966 nentia.
2496 5910 2573 5966 Ex
2601 5909 2841 5968 editione
2880 5911 2939 5966 ν.
2965 5911 3046 5969 Ct.
3082 5912 3229 5970 Petri
3267 5912 3597 5987 Constantii;
3621 5914 3673 5974 in
3700 5920 3827 5970 tonio
