3976 6336
180 303 263 365 tl?
899 297 955 352 S.
999 291 1392 354 C(ELES'I'INI
1433 296 1451 352 l
1492 293 1696 354 ΡΑΡΑΕ
1737 293 2095 358 EPISTOLE
2141 298 2229 358 ET
2267 295 2616 358 DECRETA.

3296 298 3401 357 ΗΒ

177 419 248 475 lx.
275 411 388 469 Bibl.
427 406 539 466 PP.
586 419 632 464 ct
671 407 778 466 SS.
823 407 932 462 Vel.
981 409 1124 465 Eccl.
1179 411 1396 467 Andretv
1437 410 1704 467 Gallandii
1729 414 1982 485 Ain-fol.
2016 415 2294 472 Ctelesuni
2331 432 2481 486 papa!
2501 415 2734 486 epistola
2768 413 2834 469 ad
2861 413 3148 484 episcopos
3183 413 3403 483 provin-

177 525 296 583 pagg.
327 502 610 560 287—346.

166 575 186 597 Γ
227 575 574 658 admonitiones
604 596 909 654 Constantii
957 600 1205 671 epistolis
1253 600 1523 673 aliquibus
1571 617 1707 672 prae-

171 701 326 758 missas
353 693 574 751 resecuit
594 695 998 766 sententiasque
1029 712 1214 752 earum
1245 696 1446 767 passim
1469 697 1524 752 in
1562 695 1708 752 notis

169 788 409 850 contraxit.
459 787 533 843 De
577 786 869 844 Ctelestiuo
924 788 1146 845 disserit
1193 790 1447 861 Prolegg.
1495 805 1616 862 cap.
1650 791 1706 859 8,

166 901 291 959 pagg.
312 897 418 946 xu,
447 897 535 936 xx.

221 975 352 1032 1789.
383 972 624 1040 Parisiis,
656 976 899 1046 sumptib.
942 976 1089 1032 Petri
1130 977 1290 1033 Didot
1339 979 1419 1048 ﬁl.
1450 978 1705 1051 primog.;

1814 509 1911 564 ciae
1941 508 2266 565 Viennensis
2281 520 2336 565 et
2356 510 2750 566 Narbonensis.
2772 506 2906 563 Item
2931 506 3175 578 Epistola
3199 506 3268 562 ad
3288 507 3404 577 epi-

1815 615 2009 671 sc0pos
2034 600 2250 667 Galliae,
2284 617 2381 672 pro
2407 602 2468 658 S.
2502 601 2826 672 Augustino,
2853 599 3052 655 additis
3084 597 3320 656 decretis
3347 605 3406 655 et

1814 695 2158 750 decretorum
2194 695 2362 751 titulis
2408 710 2508 751 nec
2539 713 2648 752 non
2689 694 3002 760 Sirmondi,
3048 692 3321 761 Quesnelli
3347 701 3404 748 et

1814 789 2111 846 Coustantii
2142 790 2283 846 notis
2305 791 2701 846 etlectionibus
2731 789 3072 845 variantibus
3101 787 3400 858 excerptis;

1815 883 1870 938 in
1903 883 2196 938 novissima
2239 882 2583 938 Conciliorum
2611 883 2799 938 Gallia:
2827 881 3160 938 Collectione
3201 895 3232 934 a
3276 877 3400 934 PP.

1817 975 2078 1031 Maurinis
2104 991 2276 1046 nuper
2304 975 2575 1041 inchoata,
2605 985 2756 1031 tomo
2781 974 2827 1041 ι,
2855 989 2978 1045 pag.
3012 973 3117 1030 584
3144 981 3200 1030 et
3219 969 3349 1028 ηδ.

743 1217 885 1335 s.
963 1220 1694 1393 ,ρειπωι-

1809 1226 1981 1338 NI
2053 1227 2123 1337 Ι
2217 1224 2762 1337 ΡΔΡΕ

371 1473 428 1522 ω
507 1430 1538 1583 EPISTOL/E
1635 1436 1879 1582 ET
1976 1432 2976 1581 DECRETA.

917 1665 1016 1729 (Ex
1041 1666 1158 1717 edit.
1180 1666 1446 1720 Coustantii
1469 1668 1594 1732 apud
1620 1667 1748 1720 Bibl.
1765 1667 1905 1718 Vett.
1931 1665 2064 1716 Patr.
2095 1662 2316 1715 Galland.
2344 1668 2460 1713 tom.
2483 1661 2590 1726 IX.)

662 1897 687 1926 ⁸
715 1888 1045 1946 EPISTOLA
1085 1891 1129 1946 Ι.

205 2042 461 2088 Δυςυετικι
496 2042 840 2084 κιρροκεηειε
888 2045 1123 2086 EPISCOPI
1165 2047 1232 2086 AD
1269 2046 1625 2089 εωιεετικωι

800 2117 994 2156 ΡΑΡΔΙΙ.

147 2242 315 2298 Antonii
340 2242 566 2312 episcopi
613 2239 969 2305 Fussalensis,
999 2243 1087 2310 qui
1115 2243 1568 2298 administratione
1595 2241 1696 2296 bc-

198 2315 344 2369 clesitc
370 2329 478 2366 sua:
532 2312 593 2367 ob
640 2313 835 2367 scelera
865 2316 1119 2380 priuatus,
1152 2317 1495 2381 apostolicam
1525 2316 1698 2368 sedem

202 2386 552 2456 appellaverat,
576 2401 732 2438 causa
774 2387 1026 2455 exposita,
1062 2388 1344 2440 obtestatur
1370 2396 1425 2440 ut
1450 2389 1611 2440 latam
1642 2389 1697 2439 in

197 2457 340 2526 ipsum
358 2457 671 2511 sementium
695 2457 864 2529 vigere
891 2457 1052 2514 sinat.

146 2611 333 2668 Domino
363 2611 684 2682 beatissimo
737 2619 792 2665 et
838 2611 1018 2666 debita
1058 2613 1325 2682 charitate
1371 2612 1688 2669 venerando

195 2692 360 2810 salicto
408 2698 572 2754 papae
617 2681 951 2740 C(ELBSTINO
993 2687 1331 2742 Auensruws
1377 2687 1430 2740 in
1466 2686 1694 2743 Domino

194 2770 239 2809 sa
295 2765 416 2811 tem.

197 2910 240 2964 l.
287 2910 529 2966 Primum
586 2910 1005 2981 gratulationem
1072 2911 1239 2967 reddo
1286 2913 1496 2968 meritis
1548 2913 1679 2978 tuis,

145 3004 256 3076 quod
295 3012 343 3061 te
379 3005 472 3060 illa
518 3005 651 3062 sede
699 3005 960 3060 Dominus
1003 3005 1148 3061 Deus
1193 3016 1380 3061 noster
1412 3007 1529 3061 sine
1559 3006 1688 3072 ulla,

141 3099 252 3153 sicut
285 3099 614 3166 audivimus,
646 3098 818 3169 plebis
837 3114 950 3154 sua:
977 3098 1298 3154 discissione
1331 3098 1358 3137 ι)
1380 3099 1689 3155 constituit.

143 3191 310 3248 Deinde
350 3193 572 3248 insinuo
612 3193 887 3248 sanctitati
929 3201 1036 3248 tua:
1083 3209 1202 3262 qua)
1229 3192 1338 3248 sint
1382 3192 1528 3247 circa
1564 3206 1685 3260 nos,

1722 1890 1771 1952 B
1799 1888 2020 1959 longum
2054 1898 2138 1944 est
2184 1890 2460 1959 explicare
2491 1907 2505 1945 :
2542 1890 2616 1944 ita
2648 1899 2708 1946 ut
2749 1889 2825 1946 ibi
2856 1890 3160 1963 presbyteri
3187 1891 3278 1960 qui
3310 1893 3395 1950 eis

1809 1993 1830 2020 ε
1865 1981 2259 2052 congregandis
2312 1999 2342 2037 a
2393 1982 2551 2038 nobis
2601 1983 2852 2053 primitus
2904 1984 3184 2040 constituti
3231 1995 3380 2050 sunt,

1801 2075 2260 2145 exspoliarentur,
2288 2075 2649 2141 caederentur,
2675 2075 3115 2140 debilitarentur,
3144 2092 3389 2132 excaeca-

1803 2179 2012 2235 rentur,
2040 2169 2457 2233 occiderentur;
2487 2184 2719 2238 quorum
2751 2178 2928 2224 tamen
2960 2170 3244 2239 passiones
3272 2171 3392 2224 inu-

1801 2262 1922 2317 tiles
1953 2278 2015 2317 ac
2047 2263 2266 2339 steriles.
2287 2279 2392 2317 non
2428 2265 2664 2328 fuerunt,
2697 2263 2919 2316 unitatis
2950 2262 3057 2317 illic
3088 2264 3380 2318 securitate

1807 2356 2068 2426 perlecta.
2099 2356 2206 2410 Sed
2238 2355 2378 2423 quod
2405 2357 2472 2409 ab
2515 2355 2762 2424 Hippone
2788 2367 3147 2411 memoratum
3179 2357 3382 2411 castel-

1800 2447 1911 2502 lum
1964 2447 2201 2501 millibus
2253 2447 2608 2517 quadraginta
2674 2447 2994 2517 seiungitur,
3051 2463 3174 2502 cum
3213 2448 3267 2502 in
3307 2448 3386 2504 eis

1798 2541 2051 2612 regendis
2083 2549 2138 2595 et
2166 2556 2354 2594 corum
2383 2539 2630 2607 reliquiis
2658 2539 2784 2594 licet
2813 2540 3018 2610 exiguis
3039 2540 3384 2612 colligendis,

1797 2648 1919 2704 quae
1944 2634 1994 2686 in
2029 2642 2257 2702 utroque
2290 2647 2420 2687 sexu
2445 2630 2792 2697 aberrabant,
2821 2645 2929 2686 non
2969 2631 3212 2688 minaces
3243 2633 3384 2687 ulte-

1798 2725 1931 2788 rius,
1964 2723 2060 2778 sed
2093 2723 2336 2793 fugaces,
2371 2739 2459 2778 me
2491 2722 2734 2777 viderem
2774 2721 2938 2777 latius
2977 2739 3137 2792 quam
3168 2733 3390 2794 oporte-

1798 2815 1890 2871 bat
1937 2815 2191 2884 extendi,
2244 2830 2343 2870 nec
2389 2814 2712 2870 adhibendae
2774 2815 3027 2870 sullicere
3091 2816 3384 2888 diligentiae

1795 2925 1957 2979 quam
2018 2907 2329 2964 certissima
2377 2909 2590 2963 ratione
2643 2906 2886 2963 adhiberi
2942 2907 3144 2963 debere
3191 2924 3386 2966 cerne-

1797 3001 1943 3067 bam,
1977 3001 2292 3071 episcopum
2334 2999 2405 3055 ibi
2435 2999 2798 3056 ordinandum
2830 3000 3381 3071 constituendumque

1796 3094 2005 3149 curavi.
2610 3095 2634 3115 '

1870 3189 1923 3244 '5.
1951 3187 2103 3255 Quod
2143 3197 2200 3242 ut
2234 3187 2414 3252 ﬁeret,
2455 3197 2638 3258 aptum
2679 3190 2802 3243 loco
2845 3188 2922 3243 illi
2969 3202 3379 3260 congruumque

141 3293 185 3337 ut
206 3301 295 3339 non
324 3285 500 3341 solum
542 3286 749 3341 orando
779 3302 878 3356 pro
917 3286 1096 3356 nobis,
1127 3301 1316 3342 verum
1348 3287 1512 3342 etiam
1552 3301 1686 3341 con-
1715 3282 1760 3345 C
1794 3283 2159 3351 requirebam,
2193 3283 2281 3351 qui
2311 3291 2366 3337 et
2395 3281 2596 3337 Punica
2641 3283 2824 3354 lingua
2869 3291 3016 3340 esset
3059 3282 3374 3338 instructus.

141 3377 334 3434 sulendo
369 3389 423 3434 et
462 3379 792 3450 opitulando
822 3379 1133 3434 subvenias.
1162 3379 1219 3434 In
1268 3395 1461 3451 magna
1494 3380 1691 3450 quippe

140 3469 452 3527 tribulatione
504 3471 738 3542 positus,
787 3472 903 3527 haec
971 3472 1037 3526 ad
1093 3483 1238 3527 tuam
1297 3473 1690 3527 beatitudinem

141 3563 305 3634 scripta
327 3564 540 3630 direxi;
570 3565 823 3636 quoniam
859 3565 1050 3622 volens
1083 3566 1346 3636 prodesse
1370 3567 1692 3637 quibusdam

139 3657 178 3711 in
203 3669 366 3714 nostra
404 3659 694 3716 vicinitate
736 3661 998 3716 membris
1023 3660 1249 3730 Christi,
1287 3677 1534 3733 magnam
1584 3661 1692 3716 illis

137 3748 311 3805 cladem
344 3751 692 3822 improvidus
716 3761 771 3807 et
794 3753 1046 3808 incautus
1074 3753 1303 3824 ingessi.

187 3843 234 3897 2.
261 3842 480 3901 Fussala
516 3845 719 3902 dicitur
769 3847 1106 3918 Hipponensi
1157 3849 1439 3905 territorio
1477 3851 1694 3906 contine

137 3936 406 3991 castellum.
451 3937 635 3994 Antea
687 3939 760 3994 ibi
794 3955 1086 4010 numquam
1121 3941 1410 4011 episcopus
1445 3941 1565 4009 fuit,
1598 3941 1694 3998 sed

133 4028 264 4083 simul
293 4047 412 4086 cum
446 4031 709 4102 contigua
740 4031 843 4086 sibi
888 4034 1108 4103 regione
1137 4033 1203 4088 ad
1241 4035 1531 4105 parteciam
1561 4035 1693 4106 Ilip-

135 4125 357 4188 ponensis
407 4125 677 4180 Ecclesiae
721 4126 1052 4196 pertinebat.
1087 4128 1298 4186 Paucos
1340 4130 1575 4186 habebat
1604 4131 1695 4187 illa

135 4223 252 4272 terra
279 4217 602 4286 catholicos,
635 4228 862 4275 caeteras
891 4221 1082 4292 plebes
1110 4222 1220 4279 illic
1248 4224 1299 4277 in
1329 4239 1522 4295 magna
1552 4227 1694 4280 mul-

132 4304 330 4364 titudine
371 4310 659 4366 hominum
705 4314 1041 4369 conSIitutas
1088 4315 1496 4372 Donatistarum
1540 4334 1698 4374 error

131 4397 488 4458 miserabiliter
545 4403 845 4473 obtinebat,
879 4406 949 4461 ita
1003 4416 1062 4462 ut
1116 4408 1170 4463 in
1220 4409 1412 4465 eodem
1463 4411 1692 4466 castello

132 4485 290 4541 nullus
328 4498 479 4544 esset
527 4491 750 4546 omnino
795 4492 1118 4549 catholicus.
1151 4493 1346 4552 Actum
1389 4504 1473 4552 est
1502 4497 1554 4551 in
1603 4497 1698 4553 Dei

132 4577 476 4638 misericordia
537 4593 594 4638 ut
647 4587 828 4641 omnia
880 4588 994 4658 ipsa
1028 4589 1144 4644 loca
1189 4590 1383 4646 unitati
1439 4592 1699 4650 Ecclesiae

131 4670 481 4743 cobzererent,
517 4690 614 4746 per
640 4687 872 4748 quantos
903 4679 1115 4735 labores
1143 4689 1199 4736 et
1227 4682 1463 4751 pericula
1490 4693 1695 4755 nostra,

1803 3375 1871 3431 Et
1912 3375 2172 3429 habebam
2218 3374 2286 3430 de
2315 3390 2423 3445 quo
2450 3375 2751 3443 cogitabam
2801 3383 3044 3444 paratum
3088 3375 3376 3448 presbyte-

1801 3482 1946 3532 rum,
1977 3476 2198 3537 propter
2231 3483 2391 3538 quem
2426 3467 2810 3533 ordinandum,
2849 3476 3097 3523 sanctum
3130 3463 3157 3506 ἀ
3187 3484 3377 3525 senem

1802 3562 1892 3633 qui
1925 3572 2053 3617 tunc
2083 3561 2371 3632 primatum
2411 3561 2676 3616 Numidiae
2703 3561 2953 3632 gerebat,
2977 3561 3045 3617 de
3085 3560 3385 3631 longinquo

1803 3667 1861 3710 ut
1888 3655 2101 3712 veniret
2128 3671 2326 3727 rogans
2371 3655 2568 3710 litteris
2600 3653 2908 3725 impetravi.
2942 3653 3062 3722 Quo
3087 3653 3200 3726 jam
3246 3670 3385 3726 pra:-

1803 3762 1978 3815 sente,
2009 3750 2363 3819 omniumque
2391 3751 2442 3805 in
2477 3766 2538 3806 re
2577 3758 2721 3805 tanta
2769 3753 3048 3821 suspensis
3079 3751 3294 3818 animis,
3322 3751 3390 3808 ad

1801 3841 1988 3897 horam
2017 3857 2113 3898 nos
2138 3842 2229 3898 ille
2259 3843 2348 3913 qui
2375 3842 2504 3897 mihi
2530 3852 2750 3913 paratus
2780 3843 3062 3898 videbatur
3093 3844 3241 3898 omni
3273 3859 3392 3898 mo-

1799 3935 1870 3992 do
1903 3935 2211 3992 resistendo
2241 3936 2503 3993 destituit.
2540 3937 2653 4008 Ego
2675 3945 2886 4003 autem,
2918 3937 3007 4008 qui
3035 3938 3243 4009 utique,
3277 3939 3391 3995 sic-

1799 4040 1859 4084 ut
1905 4031 2091 4086 exitus
2121 4030 2341 4098 docuit,
2375 4030 2596 4087 diﬂcrre
2625 4031 2806 4101 potius
2835 4031 3020 4096 debui,
3053 4049 3216 4098 quam
3244 4035 3387 4103 peri-

1802 4126 2048 4182 culosum
2082 4125 2423 4198 praecipitare
2456 4127 2757 4196 negotium,
2791 4125 2917 4180 dum
2957 4127 3085 4181 nolo
3126 4128 3386 4197 gravissi-

1803 4237 1950 4276 mum
1980 4232 2035 4276 et
2065 4221 2470 4276 sanctissimum
2505 4235 2692 4276 senem
2735 4219 2801 4275 ad
2833 4236 2933 4276 nos
2982 4236 3152 4292 usque
3198 4221 3388 4292 fatiga-

1803 4320 1938 4381 tum,
1970 4313 2088 4368 sine
2129 4313 2324 4369 effectu
2357 4322 2575 4383 prepter
2620 4328 2780 4384 quem
2811 4321 3036 4369 venerat
3083 4324 3188 4368 tam
3231 4314 3390 4386 longe

1802 4405 1870 4460 ad
1901 4407 2120 4476 propria
2148 4420 2416 4470 remeare,
2438 4404 2613 4460 obtuli
2637 4419 2741 4460 non
2770 4404 3078 4475 petentibus
3099 4406 3390 4477 quemdam

1804 4497 2204 4553 adolescentem
2247 4496 2541 4554 Antonium
2593 4500 2684 4568 qui
2717 4512 2927 4554 mecum
2978 4506 3107 4554 tunc
3158 4506 3298 4568 erat,
3334 4499 3390 4557 in

1804 4591 2136 4647 monasterio
2175 4591 2392 4662 quidem
2425 4606 2454 4646 a
2497 4591 2656 4646 nobis
2698 4606 2726 4645 a
2761 4592 2985 4663 parvula
3015 4599 3175 4647 astate
3204 4591 3384 4649 nutri-

1807 4695 1941 4752 tum,
1973 4685 2067 4741 sed
2092 4696 2287 4756 praeter
2317 4685 2566 4742 lectionis
2593 4689 2618 4718 ⁸
2646 4684 2883 4742 ofﬁcium
2915 4686 3076 4743 nullis
3101 4686 3395 4748 clericatus

187 4838 209 4909 ξ
234 4830 472 4913 Scripta
494 4832 641 4913 circa
661 4835 886 4913 initium
919 4835 1048 4913 an_ni
1065 4838 1204 4913 _42'5_.
1233 4837 1386 4913 inter
1409 4840 1694 4913 Augustini
1721 4841 1774 4904 D
1800 4843 2160 4896 communione
2177 4843 2518 4912 suspendunt,
2541 4859 2756 4910 quorum
2782 4844 3055 4899 schismate
3078 4846 3219 4912 plebs
3241 4848 3396 4905 etiam

131 4901 371 4985 epistolas;
391 4905 730 4985 est‘._S.tatir_n
762 4916 925 4985 atque
965 4908 1244 4985 Ccelestini
1278 4911 1477 4985 electio
1492 4901 1576 4968 vet
1607 4928 1696 4967 or-

131 4970 314 5052 dinatio
359 4974 412 5052 in
455 4974 645 5052 _At‘rica
676 4970 950 5052 divulgata
989 4990 1094 5044 est,
1123 4981 1368 5052 adeoque
1396 4984 1539 5038 circa
1562 4985 1691 5038 anni

129 5042 218 5096 £23
242 5045 591 5123 principium,
623 5042 879 5123 scriptam
925 5066 1048 5105 eSse
1080 5042 1440 5123 Augustinus
1472 5055 1587 5123 ipse
1629 5056 1695 5111 ab

131 5115 334 5195 exordio
364 5115 504 5195 satus
535 5129 723 5195 aperte
739 5115 1014 5195 declarat.
1047 5115 1238 5194 Neque
1286 5141 1414 5180 vero
1455 5115 1694 5195 scrupuli

89 5256 92 5260 ι
130 5183 182 5238 de
200 5187 417 5244 Antonii
450 5183 796 5267 Eussalensis
827 5208 989 5248 causa
1033 5183 1366 5266 ipsi'injecti
1403 5183 1698 5267 procrasti-

87 5267 93 5284 '
130 5270 240 5341 nare
267 5262 692 5341 eumnsinebant
718 5274 811 5341 aut
839 5262 1146 5335 quiescere,
1175 5262 1352 5324 donec
1384 5262 1696 5341 promptum

130 5331 195 5382 eis
217 5331 518 5386 remedium
551 5331 869 5392 invenisset:

187 5397 498 5482 {Quamvis
525 5405 753 5460 necdum
793 5423 859 5462 ex
882 5407 1073 5482 Eulalii
1107 5409 1341 5466 factione
1363 5411 1696 5469 defecissent

131 5470 478 5548 schismatici,
500 5486 685 5531 contra
727 5494 864 5548 quos
908 5481 1168 5535 Baronius
1220 5485 1286 5536 ad
1345 5500 1471 5537 ann.
1501 5485 1611 5540 425
1641 5496 1696 5541 et

131 5539 220 5627 53,5
263 5553 414 5627 935a:
460 5546 640 5627 leg-em
683 5539 758 5603 62'
783 5551 868 5605 tit.
899 5550 1058 5627 sua.
1102 5569 1188 5627 xvr
1218 5551 1354 5609 Cod.
1390 5555 1490 5610 Th.
1514 5539 1698 5627 *Aqui;

132 5610 748 5697 ξείείτῒιθοάοέὶρήξυε-
778 5638 838 5697 xt
859 5632 912 5697 et
938 5624 1311 5680 Valentiniano
1337 5643 1462 5682 cans.
1486 5610 1691 5697 conisi,

134 5679 223 5769 llo}:
245 5679 523 5769 vestianno
547 5689 674 5769 .495,
696 5679 794 5747 Evr
825 5693 933 5748 kal.
967 5679 1192 5769 Augusti
1233 5679 1438 5764 datam,
1470 5679 1697 5769 quaen:

134 5764 269 5840 retur
293 5757 491 5840 {Circa
525 5761 626 5840 _hos
657 5757 1090 5840 autemmaximve
1140 5771 1372 5840 urgenda
1418 5757 1691 5826 commotio

135 5835 216 5894 est,
246 5833 330 5898 qui
381 5833 560 5901 pravis
605 5837 930 5892 suasionibus
973 5855 1006 5892 a
1049 5833 1348 5898 venerabilis
1391 5859 1540 5915 papas
1588 5861 1695 5900 sese

1798 4916 2002 4989 reliqua
2048 4916 2279 4989 vitiatur.
2324 4913 2448 4989 His,
2491 4917 2831 4989 conventione
2884 4919 3172 4986 prwntissa,
3219 4920 3400 4989 viginti

1800 4987 2000 5038 dierum
2027 4986 2383 5040 condonamus
2408 4988 2669 5052 inducias,
2702 4989 2842 5041 intra
2872 5004 3000 5057 quos
3031 4989 3130 5042 nisi
3160 4990 3229 5043 ad
3255 4986 3398 5044 eum.

1800 5057 2060 5110 munionis
2101 5057 2344 5110 redierint
2391 5059 2662 5123 unitatem,
2700 5059 2905 5126 expulsi
2942 5075 3102 5128 usque
3131 5061 3200 5114 ad
3229 5071 3398 5116 cente-

1804 5131 1991 5201 simum
2024 5128 2584 5201 lapidem,_soliludine
2616 5147 2765 5198 quam
2809 5133 3008 5201 eligunt
3053 5143 3397 5187 macerentur.

1878 5211 1899 5239 ο
1929 5200 2045 5255 Hoc
2077 5199 2180 5258 est.
2213 5199 2579 5254 Schismaticis
2625 5202 2689 5254 ad
2736 5199 2998 5255 unitatem
3048 5202 3398 5261 reducendis.

1874 5269 1900 5344 εξ
1931 5271 2060 5344 Puta
2114 5271 2420 5344 Silvanum,
2459 5272 2549 5344 qui
2581 5273 2723 5341 apud
2751 5273 3112 5342 Augustinum
3147 5274 3397 5344 epistolae

1807 5342 1908 5396 1'28
1937 5351 1993 5396 ut
2024 5342 2195 5398 Senex
2225 5343 2453 5396 ecclesia:
2483 5343 2826 5414 Sunmtensis,
2854 5353 2908 5398 et
2931 5342 3308 5414 epistolzei‘29
3343 5357 3402 5406 ut

1802 5415 1984 5485 prima?
2013 5413 2148 5467 sedis
2179 5415 2458 5482 provincia:
2489 5413 3054 5485 Nnmidiwepiscopus
3085 5416 3400 5474 subscribit.

1877 5494 1900 5522 ο
1934 5484 2179 5540 Zosimus
2213 5485 2370 5555 epist.
2403 5486 2459 5549 9,
2490 5502 2543 5539 n.
2589 5485 2643 5549 5,
2668 5484 2944 5547 decernit,
2979 5494 3040 5539 ut
3081 5490 3168 5552 qui
3215 5489 3277 5542 ab
3317 5491 3400 5541 in-

1804 5556 1969 5626 fantia
2019 5558 2377 5611 ecclesiasticis
2437 5559 2729 5612 ministeriis
2771 5574 2957 5612 nomen
3002 5557 3219 5620 dederit,
3267 5560 3399 5614 inter

1803 5628 2015 5683 lectores
2049 5645 2202 5698 usque
2243 5632 2314 5681 ad
2338 5629 2632 5683 vicesimum
2673 5630 2838 5683 aetatis
2879 5645 3070 5694 annum
3099 5631 3399 5686 continuata

1807 5700 2156 5754 observatione
2185 5700 2571 5771 perduret.Qua
2603 5701 2653 5753 in
2679 5701 2797 5754 reis
2820 5715 2956 5769 papa
2978 5699 3154 5754 Siricii
3186 5704 3343 5769 epist.
3366 5703 3392 5759 1

1806 5787 1860 5825 n.
1909 5771 1974 5825 15
2004 5774 2282 5826 decretum
2307 5784 2526 5825 secutus
2559 5781 2661 5826 est.
2695 5771 2962 5838 Quocirca
2997 5773 3263 5827 Antonius
3299 5773 3398 5830 illo

1805 5859 1835 5897 a
1861 5843 2080 5912 parvula
2107 5851 2268 5898 (etate
2296 5842 2467 5899 lector
2480 5842 2746 5914 initiatus,
2765 5843 3059 5915 statimque
3083 5844 3394 5918 Augustino
