3976 6336
160 448 252 506 ηδ
860 444 1074 501 EPIST.
1116 444 1181 501 ll.
1224 445 1495 503 CONCIL.
1538 445 1764 509 AFRIC.
1807 447 1900 503 AD
1940 448 2412 509 C(ELESTINUM
2453 449 2707 508 PAPAM.

3324 453 3429 515 626

160 566 223 620 Ιειι
264 558 518 617 sanctitas
558 565 680 625 tua;
731 558 855 629 quia
898 568 953 615 et
995 560 1140 615 nulla
1174 569 1383 629 patrum
1413 560 1731 616 deﬁnitione
1762 567 1814 625 Α
1840 562 1920 616 vel
1967 563 2150 618 multis
2178 564 2299 620 aliis
2351 563 2775 635 impedimentis,
2817 561 3013 622 adduci
3063 581 3168 622 non
3211 566 3238 605 τί
3271 581 3424 639 pote-

162 662 251 713 hoc
298 655 551 711 Ecclesia:
605 655 922 725 derOgatum
972 664 1055 710 est
1084 656 1374 723 Africaine,
1416 666 1473 711 et
1512 657 1729 712 decreta

160 751 351 808 Nicaaua
403 748 516 802 sive
562 747 839 802 inferioris
884 748 1085 819 gradus
1126 749 1379 819 clericos,
1430 750 1549 805 sive
1589 752 1732 819 ipsos

161 848 448 917 episcopos,
482 844 600 897 suis
626 843 1056 913 metr0politanis
1077 844 1420 913 apertissime
1445 844 1735 901 commise-

161 950 287 998 runt.
346 936 780 992 Prudentissime
825 936 968 991 enim
996 936 1407 1008 justissimeque
1455 936 1730 1005 viderunt,

163 1042 184 1070 ι
205 1044 545 1102 quascumque
570 1031 783 1099 negotia
811 1030 862 1083 in
896 1030 1010 1085 suis
1038 1030 1195 1099 locis,
1223 1031 1317 1086 ubi
1343 1041 1458 1086 orta
1491 1043 1636 1101 sunt,
1668 1033 1731 1087 ﬁ-

160 1123 356 1188 nienda,
400 1137 499 1178 nec
531 1122 825 1193 unicuique
867 1122 1230 1194 providentize
1273 1126 1505 1195 gratiam
1557 1127 1733 1183 sancti

158 1216 367 1287 Spiritus
401 1215 733 1281 defuturam,
769 1230 871 1283 qua
912 1218 1139 1287 aequitas
1169 1234 1199 1273 a
1238 1217 1439 1274 Christi
1482 1220 1734 1276 sacerdo-

161 1311 284 1364 tibus
313 1316 365 1362 et
389 1308 688 1377 prudenter
713 1308 981 1374 videatur,
1005 1321 1057 1364 et
1089 1312 1529 1366 constantissime
1554 1321 1733 1368 tenea-

161 1414 269 1459 tur:
301 1402 531 1457 maxime
556 1403 681 1473 quia
710 1400 1002 1473 unicniquc
1032 1417 1353 1459 concessum
1382 1414 1487 1471 est,
1518 1404 1546 1443 δ
1577 1405 1621 1459 si
1648 1405 1735 1476 ju-

162 1496 285 1549 dicio
329 1491 572 1548 olfensus
611 1492 772 1547 fuerit
818 1496 1183 1565 cognitorum,
1235 1495 1301 1550 ad
1350 1497 1577 1551 concilia
1620 1512 1733 1553 sua:

162 1587 449 1656 provinciae,
509 1586 592 1639 vel
624 1586 789 1640 etiam
844 1586 1174 1649 universale,
1208 1598 1229 1625 ο
1258 1602 1576 1656 provocare.
1621 1587 1732 1643 Nisi

161 1679 284 1733 forte
304 1678 593 1748 quisquam
611 1689 693 1732 est
714 1678 805 1748 qui
823 1678 1005 1733 credat
1028 1680 1117 1733 uni
1138 1678 1364 1734 cuilibet
1383 1695 1541 1749 posse
1564 1681 1733 1736 Deum

163 1780 380 1827 nostrum
408 1770 679 1826 examinis
706 1770 977 1841 inspirare
1001 1770 1289 1840 justitiam,
1335 1782 1388 1827 ct
1427 1773 1737 1827 innumera-

163 1864 336 1919 bilibus
363 1864 712 1934 congregatis
743 1864 795 1917 in
823 1864 1110 1919 concilium
1148 1864 1524 1921 sacerdotibus
1563 1867 1733 1922 dene-

1836 657 2010 711 runt?

1906 753 1960 807 4.
2005 751 2159 818 Nam,
2195 761 2255 807 ut
2297 754 2457 824 aliqui
2510 766 2779 825 tamquam
2807 772 2838 811 a
2877 766 2981 811 tuac
3010 757 3309 811 sanctitatis
3351 758 3429 813 la-

1837 854 1952 899 tere
1980 846 2281 909 mittantur,
2316 844 2371 900 in
2400 846 2544 901 nulla
2568 847 2872 903 invenimus
2906 856 2929 885 ο
2960 846 3181 903 Patrum
3222 850 3429 921 synodo

1835 938 2191 993 constitutum
2223 954 2240 992 :
2267 939 2394 1008 quia
2426 938 2560 993 illud
2603 938 2747 1009 quod
2797 940 3003 1009 pridem
3054 956 3149 1010 per
3177 939 3429 996 eumdem

1838 1033 2220 1103 coepiscopum
2257 1040 2502 1087 nostrum
2530 1032 2848 1089 Faustinum
2892 1044 3165 1106 tamquam
3189 1052 3254 1091 ex
3278 1045 3431 1106 parte

1838 1124 2037 1182 Nicmui
2065 1126 2283 1182 concilii
2316 1126 2514 1182 exinde
2547 1128 2942 1195 transmisistis,
2978 1129 3030 1185 in
3063 1131 3308 1186 conciliis
3334 1146 3428 1186 ve-

1838 1228 2078 1283 rioribus
2114 1226 2133 1267 ῐ
2171 1244 2291 1299 quae
2321 1229 2661 1299 accipiuntur
2702 1228 2904 1285 Nicacni
2936 1246 2965 1285 a
2991 1243 3180 1288 sancto
3225 1231 3431 1306 Cyrillo

1837 1330 2166 1399 coepiscopo
2198 1338 2386 1385 nostro
2417 1330 2796 1386 Alexandriam
2826 1331 3105 1399 Ecclesiae,
3139 1343 3196 1390 et
3217 1349 3246 1389 a
3269 1350 3435 1393 vene-

1837 1430 1993 1485 rabili
2038 1431 2217 1486 Attico
2259 1430 2867 1502 Constantinopolitano
2910 1433 3185 1501 antistite,
3225 1451 3289 1490 es
3334 1452 3431 1492 au-

1840 1534 2079 1589 thentico
2100 1534 2299 1603 missis,
2329 1551 2449 1602 quae
2474 1535 2639 1590 etiam
2660 1543 2788 1590 ante
2810 1535 2911 1589 hoc
2934 1550 3034 1605 per
3058 1535 3432 1595 Innocentium

1839 1634 2210 1707 presbyterum
2241 1646 2296 1690 et
2326 1634 2637 1689 Marcellum
2683 1633 3117 1703 subdiaconum,
3163 1652 3258 1707 per
3295 1654 3434 1709 quos

1839 1736 1905 1790 ad
1955 1750 2055 1791 nos
2083 1736 2151 1791 ab
2184 1737 2264 1793 eis
2311 1736 2516 1791 directa
2566 1745 2723 1800 sunt,
2774 1736 3107 1792 venerabilis
3159 1741 3436 1796 memorias

1842 1838 2119 1894 Bonifacio
2148 1840 2403 1909 episcopo
2434 1838 2710 1895 decessori
2755 1848 2941 1894 vestro
2984 1855 3014 1895 a
3050 1840 3208 1898 nobis
3250 1850 3434 1899 trans-

162 1972 289 2026 gare.
343 1960 450 2011 Aut
500 1955 767 2025 quomodo
799 1957 974 2026 ipsum
1022 1960 1443 2013 transmarinum
1469 1960 1733 2030 judicium

1849 1943 2005 1996 missa
2035 1952 2179 2009 sunt,
2213 1942 2267 1997 in
2296 1940 2493 2013 quibus
2526 1940 2632 1996 tale
2661 1938 2863 2011 aliquid
2904 1956 3016 1997 non
3046 1944 3321 2014 potuimus
3350 1962 3435 2003 re-

164 2059 317 2103 ratum
345 2049 473 2112 erit,
510 2048 575 2103 ad
600 2048 742 2119 quod
770 2050 985 2105 testium
1017 2054 1341 2106 necessarim
1374 2068 1621 2122 personae
1652 2055 1735 2110 vel

166 2150 357 2211 propter
383 2154 553 2196 sexus
599 2142 683 2195 vel
739 2150 957 2211 pr0pter
986 2146 1280 2199 senectutis
1327 2144 1727 2214 inﬁrmitatem,

166 2280 377 2342 laverint,
407 2294 518 2332 non
547 2289 819 2351 provocent
838 2280 937 2333 nisi
958 2279 1024 2332 ad
1049 2279 1294 2347 Africana
1314 2282 1532 2335 concilia
1552 2282 1631 2335 vel
1664 2284 1732 2335 ad

164 2352 381 2423 primates
409 2352 801 2423 provinciarum
821 2367 1053 2405 suarum.
1080 2352 1159 2403 Ad
1182 2353 1537 2405 transmarina
1564 2364 1737 2406 autem

164 2422 237 2491 qui
270 2424 521 2493 putaverit
558 2422 948 2494 appellandum,
986 2440 1016 2494 ᾳ
1054 2422 1199 2481 nullo
1237 2424 1374 2476 intra
1415 2424 1646 2494 Africam
1684 2427 1739 2477 in

166 2495 560 2548 communionem
594 2493 935 2564 suscipiatur.
976 2493 1243 2564 Totidem
1270 2493 1467 2564 verbis;
1500 2496 1739 2549 insertus

167 2565 356 2619 estisne
384 2580 566 2619 enimn
612 2563 795 2619 Cotlici
832 2579 962 2636 can.
991 2563 1135 2618 Eccl.
1178 2563 1293 2619 Afr.
1327 2580 1378 2618 c.
1412 2563 1540 2621 125.
1572 2566 1739 2636 Cujus

167 2637 335 2689 littera:
378 2638 420 2689 si
476 2636 805 2702 hmreamus,
867 2635 968 2689 soli
1028 2636 1331 2705 presbyteri
1384 2635 1739 2692 inferioresve

166 2706 345 2775 clerici,
368 2723 478 2762 non
516 2706 781 2777 episcopi,
805 2706 872 2759 ad
899 2709 1262 2771 transmarina,
1289 2711 1389 2762 hoc
1413 2719 1494 2761 est
1521 2708 1587 2762 ad
1610 2723 1740 2777 apo-

168 2780 383 2834 stolicam
437 2780 654 2839 sedem,
707 2792 1007 2848 provocare
1057 2778 1434 2844 prohibentur.
1488 2781 1561 2835 At.
1614 2781 1741 2835 licet

170 2865 290 2904 nunc
321 2848 455 2913 Afri,
494 2852 565 2903 ad
606 2850 750 2904 idem
790 2849 1065 2904 decretum
1113 2852 1275 2903 verha
1307 2866 1404 2905 sua
1435 2866 1739 2906 accommo«

169 2920 352 2986 dantes,
385 2923 772 2983 lecStinum,
805 2929 862 2974 ut
905 2922 1311 2991 presbyterorum
1340 2931 1388 2975 et
1421 2924 1738 2989 sequentium

170 2990 450 3046 clericorum
492 2992 730 3065 improba
760 2992 961 3062 refugia
991 2990 1226 3065 repellat,
1272 3002 1494 3061 rogent,
1533 3010 1737 3063 nequa-

170 3078 305 3132 quam
328 3074 507 3117 tamen
545 3064 920 3134 episc0porum
950 3064 1013 3117 ad
1045 3066 1401 3118 transmarina
1431 3065 1740 3134 appellatio-

171 3149 253 3189 nes
278 3137 594 3203 permittere.
633 3150 692 3189 se
720 3133 1058 3203 signiﬁcant;
1094 3136 1261 3188 immo
1292 3152 1411 3204 qum.
1443 3133 1544 3189 hac
1580 3136 1648 3191 de
1679 3152 1739 3193 re

171 3209 409 3260 sententia
440 3222 547 3260 sua
576 3206 667 3270 sit,
715 3220 837 3260 mox
870 3208 1140 3275 aperiunt,
1186 3221 1307 3260 cum
1357 3207 1571 3261 NiCn-na
1626 3209 1739 3261 lau-

172 3278 281 3331 dant
308 3279 554 3337 decreta.
582 3292 699 3343 ante
720 3276 823 3331 sive
850 3276 1111 3343 inferioris
1151 3278 1339 3347 gradus
1370 3278 1604 3343 clericos,
1636 3280 1740 3333 sive

172 3348 286 3417 ipsos
313 3350 615 3419 cpisc0pos,
645 3350 751 3420 suis
786 3350 1194 3420 metropolitanis
1240 3350 1560 3415 apertissime
1600 3366 1738 3403 cont-

172 3421 407 3473 miserunt.
446 3420 519 3475 Et
552 3424 596 3474 is
623 3419 837 3479 nitidum
866 3419 1038 3473 canon
1064 3419 1119 3472 in
1148 3420 1362 3473 laudato
1386 3420 1583 3475 Codice
1612 3436 1735 3475 can.

172 3486 298 3546 Eccl.
326 3489 439 3545 Afr.
470 3507 602 3555 ειη».
629 3488 699 3545 28
723 3490 801 3545 sic
824 3492 1127 3557 exhibetur,
1164 3500 1218 3545 ut
1250 3490 1639 3561 appellationes
1669 3492 1735 3548 ad

172 3564 503 3654 transmat-LinLa
546 3578 651 3654 nop
680 3562 856 3654 minus
886 3564 1155 3654 episcopis
1196 3578 1356 3644 quam
1380 3564 1593 3654 caeteris
1620 3564 1735 3654 cle-
1765 3591 1811 3654 Ο
1843 3565 1935 3654 sit;

171 3631 279 3702 ricis
301 3633 603 3689 prohibilas
628 3633 789 3687 fuisse
817 3634 1030 3687 doceat.
1056 3634 1145 3688 Sic
1170 3635 1311 3687 enim
1346 3634 1464 3702 ejus
1494 3636 1735 3690 clausula

172 3701 226 3777 ibi
267 3703 482 3760 effertur
517 3722 539 3759 :
590 3704 741 3772 Quod
770 3706 823 3777 si
844 3713 888 3757 et
917 3704 978 3757 ab
1002 3705 1076 3759 eis
1114 3701 1493 3772 provocandam
1528 3718 1738 3777 putave-

170 3774 275 3848 rint,
320 3792 419 3830 non
450 3784 726 3847 provocent
758 3776 827 3828 ad
872 3777 1217 3848 transmarina
1254 3777 1476 3848 judicia,
1528 3774 1620 3829 sed
1666 3777 1737 3830 ad

172 3846 384 3909 primates
408 3846 637 3901 suarum
667 3847 1068 3913 provinciarum,
1096 3857 1186 3899 aut
1216 3846 1282 3901 ad
1305 3847 1591 3902 universale
1617 3865 1740 3902 con-

170 3916 336 3983 citium,
384 3920 517 3971 sicut
567 3928 612 3971 et
654 3932 723 3972 ne
768 3932 1030 3972 EPISCOPIS
1076 3933 1221 3973 siser:
1263 3920 1597 3971 constitutum
1640 3928 1733 3973 est.

172 3983 299 4041 Unde
327 3992 377 4041 in
402 4000 710 4043 memorato
737 3989 1025 4042 Milevitani
1047 3990 1258 4044 concilii
1289 4004 1497 4043 canone
1526 3991 1735 4058 episco-

173 4061 338 4132 porum
366 4063 573 4115 mentio
605 4061 817 4132 videtur
847 4060 967 4132 ideo
991 4061 1374 4129 praetermissa,
1403 4061 1527 4132 quia
1558 4061 1626 4116 de
1657 4061 1729 4132 ip-

173 4129 235 4180 sis
254 4130 351 4195 jam
383 4146 530 4193 saepe
559 4131 751 4185 eadem
795 4146 884 4184 res
914 4130 1129 4185 decreta
1163 4133 1355 4186 fuerat.
1402 4131 1575 4186 Porro
1622 4129 1734 4188 huic

174 4203 405 4266 accessio,
460 4202 613 4259 Sicut
643 4212 691 4256 et
718 4202 779 4273 de
808 4202 1057 4273 cpiscOpis
1098 4218 1231 4272 stupe
1272 4204 1607 4257 constitutum
1638 4213 1732 4270 est,

173 4283 305 4337 quam
333 4282 385 4345 et
418 4274 712 4345 Dionysius
742 4271 986 4345 Exiguus
1010 4271 1335 4345 asservavit,
1371 4275 1587 4345 magnis
1607 4289 1735 4327 con-

174 4344 447 4407 troversiis,
480 4344 683 4414 quibus
714 4344 1035 4399 dirimendis
1060 4360 1167 4398 non
1191 4344 1386 4399 sufﬁcit
1426 4344 1734 4413 niarginalis

174 4416 421 4485 angustia,
452 4419 637 4471 locum
674 4414 843 4470 dedit.
878 4415 934 4470 Si
964 4425 1141 4469 tamen
1190 4415 1588 4485 perpendamus
1620 4416 1735 4470 haec

173 4480 395 4551 Cypriani
441 4488 546 4541 sub
596 4488 758 4541 linem
795 4488 1035 4555 cpistola:
1067 4488 1136 4541 55
1161 4480 1349 4539 {Cum
1393 4495 1639 4540 statutum
1668 4488 1734 4540 sit

176 4556 382 4628 omnibus
406 4559 573 4621 nobis,
592 4559 933 4628 eta’quumsit
953 4558 1147 4628 pariter
1163 4573 1223 4610 ac
1236 4560 1458 4626 justum,
1478 4570 1533 4610 ut
1556 4559 1731 4611 unius-

176 4626 391 4696 rttjusqtte
432 4645 594 4682 causa
641 4627 753 4683 illic
791 4626 1033 4681 audiatur
1071 4628 1155 4681 ubi
1198 4638 1267 4682 est
1317 4631 1509 4681 crimen
1541 4629 1735 4683 admis-

173 4708 299 4762 sum;
325 4699 367 4751 si
391 4701 560 4754 etiam
595 4701 725 4763 alia,
754 4715 875 4767 quae
905 4699 1046 4753 idem
1078 4708 1295 4753 sanctus
1330 4700 1411 4754 his
1440 4702 1731 4764 subnectit,

174 4776 275 4818 cum
304 4769 362 4821 iis
391 4786 511 4840 qua:
546 4786 693 4826 nunc
726 4770 837 4825 Afri
863 4779 1142 4839 Opportunt
1165 4770 1539 4835 conferamus;
1576 4771 1733 4825 facile

176 4848 320 4911 unum,
359 4840 410 4894 in
459 4841 569 4896 illis
602 4842 875 4911 ingenium
920 4851 973 4895 et
1020 4841 1313 4895 animuma
1360 4843 1733 4897 transmarinis

175 4910 607 4976 appellationibus
664 4910 865 4983 pariter
914 4912 1301 4968 abhorrentem
1358 4911 1731 4982 deprehende-

176 4991 292 5033 mus.

233 5060 254 5085 ι
281 5052 385 5108 lloc
409 5066 596 5109 autem
629 5055 981 5124 providerunt
1009 5070 1219 5110 canone
1248 5056 1305 5118 5,
1330 5069 1427 5125 pro
1456 5069 1734 5124 praecepe-

176 5131 279 5198 runt
303 5127 449 5179 anuis
482 5128 710 5198 singulis
745 5144 835 5195 per
869 5143 1279 5197 unamquamque
1312 5125 1629 5196 provinciam
1661 5128 1733 5180 bis

177 5204 218 5242 tlt
244 5210 364 5265 anno
391 5200 615 5251 concilia
636 5198 899 5265 celebrari,
933 5209 1011 5263 ut,
1040 5199 1376 5251 communiter
1400 5198 1633 5250 onmibus
1664 5199 1733 5251 si-

178 5263 263 5343 niul
299 5268 549 5343 episcopis
570 5271 860 5343 provincia:
885 5263 1223 5343 congregatis,
1256 5269 1600 5343 discutiantur
1630 5269 1732 5321 ltu-

179 5339 370 5390 iusmodi
396 5342 727 5407 qurestiones.
757 5356 874 5411 quae
903 5339 1107 5395 obortic
1140 5339 1372 5394 fuerant.
1404 5340 1605 5393 Eodem
1647 5355 1739 5394 ca~

180 5417 295 5482 {Ioue
322 5421 581 5479 pra-terea
612 5427 677 5466 ne
698 5412 935 5481 episcopi
964 5420 1115 5466 extra
1142 5414 1274 5465 lines
1304 5412 1597 5482 provincia:
1623 5426 1733 5465 sum

176 5478 450 5549 iudicentur
479 5485 707 5537 vetitum
737 5478 1097 5549 essepariter
1130 5482 1514 5536 intellexerunt
1542 5481 1733 5536 Orien-

182 5548 310 5623 Iales,
341 5562 395 5605 ut
425 5554 475 5607 in
507 5554 797 5623 epistolam
824 5554 857 5606 4
884 5548 1180 5609 Initoceutii
1215 5569 1334 5619 pag.
1368 5553 1491 5620 775,
1519 5563 1629 5606 not.
1657 5568 1730 5617 c.,

180 5618 576 5695 ftby'ethnvimus.
636 5625 741 5680 Nec
788 5626 1146 5679 maledicunt
1199 5618 1311 5677 Afri
1362 5618 1644 5692 episcopos
1683 5635 1737 5678 et

184 5690 417 5747 inferioris
446 5697 648 5760 gradus
670 5697 899 5750 clericos
928 5695 1352 5762 metrOpolitanis
1381 5690 1492 5747 suis
1520 5690 1584 5749 eo
1618 5698 1735 5765 ipso

182 5770 356 5817 eanoue
393 5768 557 5822 luisse
608 5770 957 5832 commissos;
1004 5772 1127 5835 quia
1160 5768 1280 5820 licet
1313 5768 1362 5820 in
1406 5766 1503 5819 hoc
1531 5766 1731 5821 diserta

185 5838 552 5906 metropolitani
582 5840 785 5893 mentio
818 5856 925 5892 non
951 5843 1062 5900 fiat,
1090 5838 1140 5892 id
1177 5850 1353 5891 tamen
1380 5838 1480 5906 ipsi
1508 5854 1611 5891 non
1638 5839 1735 5891 im—

184 5904 348 5979 merito
378 5911 655 5979 trilnu‘tur,
686 5910 825 5975 quod
851 5909 1141 5964 concilium
1172 5904 1463 5979 provincia:
1491 5910 1576 5964 cui
1602 5924 1733 5978 pra:-

184 5980 269 6040 est,
294 5974 523 6035 decernit
546 5995 612 6035 ac
631 5974 854 6049 judicat.

596 6074 870 6133 Panos.
919 6072 1007 6133 1...

1762 4978 1817 5039 D

1845 2059 2044 2113 perire.

1912 2145 1965 2199 5.
2010 2146 2379 2203 Exsecutores
2402 2156 2427 2195 ε
2452 2148 2616 2203 etiam
2645 2149 2872 2206 clericos
2899 2160 3113 2209 vestros
3133 2154 3435 2227 quibusque

1915 2277 1943 2317 δ
1970 2280 2025 2334 In
2074 2295 2175 2353 ms.
2227 2280 2521 2353 Reg.,rqni
2548 2280 2867 2353 judicion
2904 2297 3065 2351 porro
3113 2299 3431 2343 concessum

1844 2350 2136 2406 Milevitani
2188 2366 2219 2404 ll
2260 2352 2470 2405 concilii
2502 2350 2710 2407 canone
2737 2352 2827 2415 29.,
2870 2350 2923 2407 et
2961 2353 3339 2412 conﬁrmatum
3381 2360 3435 2414 in

1845 2422 2045 2477 Codice
2069 2438 2188 2477 can.
2220 2422 2368 2476 Eccl.
2397 2425 2510 2475 Afr.
2547 2437 2665 2490 cap.
2697 2422 2769 2476 28
2799 2432 2854 2476 et
2882 2423 3003 2479 125.

1920 2505 1941 2531 ο
1971 2494 2204 2563 Ideoque
2241 2495 2527 2565 concilium
2569 2490 3019 2565 Carthaginiense
3067 2511 3152 2564 ut,
3206 2514 3327 2554 can.
3374 2500 3433 2565 2,

1844 2565 2143 2627 constituit,
2176 2576 2331 2633 prout
2360 2564 2463 2617 hoc
2486 2572 2741 2619 statutum
2770 2564 2956 2620 Codici
2988 2582 3109 2621 can.
3139 2568 3284 2624 Eccl.
3313 2564 3429 2626 Afr.

1844 2634 2105 2691 insertum
2140 2634 2353 2711 legitur,
2380 2645 2435 2689 ut
2456 2635 2734 2711 secundum
2764 2634 2982 2711 Nicwna
3006 2649 3199 2711 statuta
3226 2654 3435 2711 propter

1842 2724 2025 2761 causas
2056 2708 2426 2759 ecclesiasticas
2449 2722 2565 2775 quis
2586 2706 2654 2758 ad
2688 2710 2962 2771 perniciem
2984 2706 3435 2779 plebium-vetera-

1841 2788 2010 2842 scunt,
2044 2779 2262 2851 singulis
2292 2778 2575 2851 quibusque
2603 2780 2753 2832 annis
2782 2778 3060 2834 concilium
3102 2793 3427 2851 convocetur,

1842 2852 1910 2902 ad
1936 2850 2071 2919 quod
2098 2866 2271 2902 omnes
2307 2850 2587 2917 provincia:
2615 2865 2728 2915 qua:
2754 2850 2948 2917 primas
2974 2854 3117 2907 sedes
3158 2851 3346 2908 habent
3370 2850 3435 2911 de

1842 2920 2076 2995 conciliis
2124 2922 2230 2973 suis
2261 2919 2406 2973 binos
2450 2930 2537 2972 aut
2566 2929 2786 2989 quantos
2834 2922 3114 2995 delegerint
3163 2925 3433 2995 episcopos

1843 2992 2065 3056 mittant,
2098 2999 2159 3065 ut
2184 3000 2491 3065 congregato
2512 3003 2770 3065 conventu
2805 2990 2962 3065 plena
2998 2994 3159 3065 possit
3190 2990 3298 3049 esse
3339 2990 3433 3051 au-

1844 3066 2071 3116 ctoritas.
2100 3062 2233 3116 llinc
2255 3062 2380 3132 quid
2408 3062 2521 3116 Atri
2549 3063 2633 3115 hic
2658 3062 2980 3131 simpliciter
2999 3062 3284 3119 concilium
3316 3069 3434 3122 uni-

1843 3138 2058 3198 versale,
2111 3134 2236 3203 quid
2290 3134 2575 3189 Concilium
2620 3132 3067 3202 Carthaginiense
3106 3151 3197 3199 ιιι.
3230 3151 3352 3193 can.
3379 3140 3430 3205 7,

1840 3205 2115 3277 concilium
2144 3205 2425 3277 universale
2466 3206 2897 3277 anniversarium,
2935 3208 3131 3275 quidve
3175 3209 3433 3277 Augusti-

1845 3292 1944 3330 nus
1976 3276 2141 3329 variis
2175 3276 2224 3328 in
2269 3277 2401 3329 locis
2428 3276 2701 3329 concilium
2729 3277 3018 3346 plenarium
3055 3287 3235 3345 vocet,
3268 3276 3433 3336 intel-

1845 3347 2012 3416 ligere
2037 3358 2145 3421 est.
2176 3346 2385 3415 Quippe
2420 3346 2721 3421 concilium
2760 3347 2904 3421 quod
2935 3349 3223 3404 universale
3246 3351 3433 3421 appel-

1844 3421 2003 3483 latur,
2037 3420 2160 3487 quia
2193 3435 2257 3473 ex
2286 3419 2534 3472 omnibus
2564 3418 2854 3487 provinciis
2883 3430 3289 3489 congregatum.
3318 3418 3431 3490 ple-

1842 3490 2044 3543 narium
2076 3490 2202 3544 item
2236 3499 2596 3559 nuucupatur,
2632 3491 2752 3559 quia
2788 3491 2838 3543 in
2870 3504 2936 3544 eo
2964 3492 3118 3561 plena
3146 3495 3431 3549 auctoritas

1914 3628 2312 3704 filucommodi
2386 3632 2544 3699 hujus
2604 3632 2803 3704 vitandi
2867 3631 3077 3701 gratia,
3132 3631 3432 3704 Cyprianus

1840 3702 2005 3773 epist.
2031 3702 2101 3757 55
2134 3704 2307 3757 edixit
2336 3721 2346 3757 :
2382 3704 2594 3773 Oportet
2625 3703 2799 3773 utique
2827 3718 2910 3756 eos
2938 3704 3120 3773 quibus
3145 3702 3432 3774 prtesumus

1846 3814 1857 3827 .
1886 3815 1898 3828 .
1928 3812 1942 3827 .
1972 3774 2079 3827 illic
2106 3791 2255 3845 agere
2284 3790 2514 3837 causam,
2559 3774 2646 3826 ubi
2684 3786 2731 3826 et
2748 3786 3082 3845 accusatores
3127 3775 3333 3839 habere.
3379 3789 3431 3833 et

1841 3856 1986 3898 testes
2031 3846 2112 3897 sui
2158 3847 2389 3899 criminis
2440 3846 2651 3913 possint.
2707 3844 2829 3899 Ideo
2877 3855 2930 3899 et
2974 3844 3086 3900 Afri
3133 3849 3265 3902 Cod.
3305 3862 3427 3902 can.

1842 3916 1990 3970 Eccl.
2019 3915 2136 3970 Afr.
2166 3931 2215 3970 c.
2248 3917 2318 3972 '50
2343 3926 2637 3979 caverunt,
2668 3926 2723 3970 ut
2751 3927 3022 3970 accusatus
3056 3916 3135 3970 vel
3162 3930 3430 3974 accusator

1840 3988 1894 4039 in
1918 4003 1975 4039 eo
1999 3986 2108 4040 loco
2134 3987 2268 4041 unde
2295 3987 2381 4040 ille
2407 3988 2588 4058 estqui
2614 3998 2905 4053 accusatur,
2932 3988 2979 4041 si
2998 3990 3180 4059 metuit
3200 3989 3428 4059 aliquam

1839 4059 1936 4110 vim
1968 4063 2251 4111 temeraria:
2298 4057 2663 4131 multitudinis,
2708 4059 2876 4112 locum
2906 4058 3001 4111 sibi
3045 4057 3205 4131 eligat
3246 4057 3426 4131 proxi-

1839 4145 2000 4268 gutm,
2042 4146 2143 4199 quo
2170 4146 2271 4183 non
2304 4132 2368 4183 sit
2397 4130 2615 4200 difﬁcile
2644 4139 2792 4183 testes
2824 4130 3127 4199 producere
3148 4130 3428 4185 ubi’causa

1881 4209 2075 4254 matur.
2554 4253 2568 4266 ,

1881 4209 2075 4254 matur.

1914 4281 1936 4307 ο
1979 4270 2092 4325 [lue
2130 4272 2291 4340 igitur
2333 4272 2379 4325 si
2424 4272 2476 4325 in
2507 4270 2814 4325 Sardicensi
2848 4270 3078 4341 synodo,
3117 4274 3203 4328 cui
3233 4272 3430 4331 Gratus

1838 4342 2303 4411 Carthaginiensis
2330 4346 2614 4409 episcopus
2660 4342 2917 4402 interfuit,
2957 4352 3219 4400 statutum
3263 4348 3430 4403 fuisse

1838 4419 2269 4486 Comperissent,
2303 4414 2471 4477 nullo,
2520 4412 2842 4486 utvidetur,
2872 4415 3109 4486 negotio
3156 4419 3431 4486 suscepis-

1838 4484 2110 4559 sent._Sed
2143 4493 2197 4559 et
2226 4485 2309 4559 ab_
2337 4483 3075 4559 hocsnscipiendo“decreto
3104 4502 3210 4543 non
3236 4483 3428 4559 parum

1837 4570 1944 4630 eos
1963 4554 2227 4610 deterruit
2274 4555 2516 4630 Faustini
2566 4556 2617 4607 in
2667 4563 2779 4630 toto
2824 4555 2916 4630 illo
2954 4559 3167 4626 negotio
3209 4554 3428 4630 quidam

1840 4626 2032 4697 typhus
2060 4642 2160 4681 nec
2190 4628 2319 4680 satis
2349 4642 2497 4695 aequa
2527 4625 2715 4693 agendi
2749 4629 2906 4697 ratio.

1916 4696 1931 4733 τ
1979 4696 2109 4766 Reg.
2136 4713 2260 4764 ms.,
2281 4698 2367 4759 qui
2388 4698 2729 4769 accipiuntur.
2750 4696 2975 4769 Graecus
2998 4700 3265 4769 interpres
3288 4702 3431 4759 hunc

1839 4768 2015 4840 locum
2049 4769 2118 4821 ita
2149 4770 2324 4826 vertit.
2358 4780 2413 4822 ut
2446 4770 2643 4831 legisse
2676 4768 2944 4831 videatur,
2989 4771 3042 4822 in
3070 4768 3320 4840 exemplis
3346 4790 3427 4827 ve-

1835 4838 2061 4893 rioribus
2110 4840 2317 4893 Nica’ni
2364 4840 2590 4905 concilii,
2636 4854 2749 4908 qua:
2787 4841 3077 4910 accepimus
3124 4859 3157 4894 α
3203 4838 3431 4909 sancto,-

1838 4911 1979 4980 quod
2009 4926 2141 4967 sane
2168 4910 2385 4965 nitidius
2411 4921 2515 4965 est.

1915 4992 1939 5029 ς
1984 4983 2336 5037 Exsecutores
2364 4981 2654 5035 secundum
2687 4983 3021 5050 superiorem
3052 4984 3334 5051 epistolam
3369 5003 3424 5039 ιι.

1840 5051 1873 5105 9
1902 5053 1934 5105 ii
1976 5052 2326 5118 vocabantur,
2357 5056 2443 5120 qui
2491 5064 2751 5123 tamquam
2797 5055 3087 5106 exsecuturi
3131 5056 3435 5123 apostolicae

1838 5125 1974 5177 sedis
2004 5132 2306 5177 sententiam
2343 5124 2770 5178 destinabantur.
2808 5124 3007 5177 Horum
3044 5141 3236 5179 munus
3266 5137 3382 5180 erat
3413 5170 3430 5189 ,

1841 5209 1936 5248 eos
1965 5212 2193 5265 quorum
2219 5201 2477 5249 intererat
2506 5196 2819 5259 convenire,
2850 5210 2914 5249 ac
2943 5197 3010 5249 de
3040 5197 3178 5249 dicta
3210 5208 3427 5250 senten.

1840 5266 1909 5319 tia
1942 5270 2235 5320 admonere
2264 5276 2317 5321 et
2348 5268 2612 5321 certiores
2656 5266 2854 5331 facere,
2900 5277 2955 5319 ut
2995 5267 3039 5319 si
3082 5266 3219 5321 intra
3247 5279 3428 5321 certos

1839 5336 1959 5391 dies
1994 5337 2230 5404 judicata
2269 5354 2325 5391 re
2354 5348 2497 5391 stare
2538 5336 2761 5401 nollent,
2796 5338 2940 5391 velut
2986 5338 3215 5391 rebelles
3264 5338 3429 5392 habe-

1837 5419 2025 5461 rentur
2050 5424 2111 5461 ac
2142 5419 2569 5478 scgregarentur.
2606 5411 2739 5462 llinc
2775 5418 2829 5461 et
2866 5415 3015 5463 actus
3051 5408 3144 5466 ille
3170 5424 3275 5477 quo
3299 5422 3429 5463 con-

1841 5479 2214 5545 veniebantur,
2248 5480 2590 5534 conventionis
2631 5480 2852 5549 perinde
2884 5489 2937 5534 et
2962 5480 3302 5533 exsecutionis
3331 5495 3430 5533 no-

1842 5549 2078 5603 minibus
2108 5552 2426 5605 donabatur.
2463 5550 2538 5604 Ita
2575 5567 2735 5617 porro
2781 5550 3107 5605 leestiuus
3150 5550 3308 5618 epist.
3357 5550 3429 5604 10

1840 5638 1894 5673 n.
1933 5620 1967 5673 4
1997 5619 2258 5691 Cyrilhnn
2298 5632 2355 5677 ut
2394 5625 2650 5677 vicarium
2697 5638 2875 5688 suum,
2913 5636 2974 5675 ac
3015 5636 3126 5673 sua:
3166 5622 3427 5677 adversus

1838 5691 2142 5745 Nestorium
2170 5696 2455 5747 sententia:
2488 5704 2855 5748 (exsecutorem
2886 5692 3175 5760 alloquitur
3200 5708 3212 5743 :
3237 5691 3429 5746 Aucto-

1837 5764 1992 5815 ritate
2012 5764 2166 5833 igitur
2190 5776 2350 5817 terum
2376 5774 2563 5818 nostra?
2584 5766 2717 5819 sedis
2740 5764 2920 5823 ascita,
2948 5763 3053 5814 vice
3079 5770 3255 5815 nostra
3277 5779 3425 5829 usus,

1838 5834 1972 5886 hanc
2005 5850 2331 5897 SX~EQUERIS
2374 5836 2606 5888 districto
2652 5836 2819 5904 vigore
2866 5834 3189 5898 sententiam,
3236 5842 3289 5883 ut
3336 5845 3427 5886 aut

1837 5904 1975 5971 infra
1998 5906 2165 5958 decem
2192 5909 2298 5960 dies
2325 5908 2385 5957 ab
2409 5906 2565 5976 hujus
2587 5918 2965 5959 CONVENTIONIS
2987 5906 3067 5956 die
3089 5906 3425 5976 numerandos

1840 5991 2019 6044 pravas
2052 5979 2447 6047 praedicationes
2476 5974 2594 6029 suos
2624 5978 2813 6044 scripta
2848 5976 3162 6043 professione
3186 5974 3425 6027 condan-

2916 6068 2983 6130 ιι
