3976 6336
254 365 360 447 ῐϋ

705 387 923 448 EPIST.
965 389 1055 448 IV.
1088 391 1146 450 s.
1189 375 1588 451 comesum
1627 377 1833 454 mea:
1870 399 1964 456 ao
2002 381 2376 462 EPISCOPOS
2415 401 2617 463 pnov.
2661 401 3089 464 VIENNENSIS.

3546 402 3563 416 μ

3428 406 3537 468 450
3546 406 3571 461 ἓί
3615 406 3624 446 ε

257 501 478 567 runtur;
504 513 638 570 quas
667 514 856 556 omnes
888 515 986 556 nos
1015 501 1407 559 intercessione
1433 503 1617 560 fratris
1645 517 1699 562 et
1721 523 1848 564 coe-
1875 505 1928 572 Α
1952 510 2311 589 Canusi-nvos
2355 515 2626 573 universis
2648 518 2921 588 episcopis
2965 535 3062 589 per
3092 519 3458 578 Viennensem
3479 532 3538 580 et
3611 511 3618 556 ί

259 595 459 664 piscopi
488 593 655 647 nostri
682 593 821 658 Itull,
845 594 1000 663 cujus
1025 593 1417 664 experientiam
1441 599 1846 668 comprobatam

253 703 367 742 esse
397 688 450 765 In
484 688 660 742 causis
701 688 949 743 omnibus
977 698 1030 742 et
1060 688 1181 743 vita:
1213 688 1422 765 actibus
1463 688 1653 760 liquet,
1695 692 1848 765 volu-

259 791 372 834 mus
398 763 658 836 resecari.
689 775 788 833 Cili
821 773 988 833 viceni
1023 771 1260 834 iiostram
1309 763 1406 850 per
1454 777 1688 836 vestram
1723 763 1849 854 pro-

252 853 484 928 unum
517 865 774 928 itoveliiis
804 887 925 928 esse
968 873 1315 928 commissam
1340 892 1352 926 :
1382 874 1452 929 ita
1483 883 1542 928 ut
1584 867 1648 930 ad
1686 853 1806 930 eum
1829 919 1844 945 ,

255 963 446 1018 fratres
472 963 799 1027 ciiarissiini,
826 964 1084 1035 qui‘dquid
1110 966 1177 1020 de
1205 951 1383 1020 causis
1409 967 1609 1037 agitur,
1638 963 1844 1024 refera-

253 1064 361 1110 tur.
385 1055 514 1111 Sine
536 1055 650 1126 cjus
681 1056 904 1112 consilio
926 1055 1102 1112 nulliis
1125 1047 1406 1114 ordinetur
1433 1077 1445 1112 :
1480 1061 1661 1116 nullu‘s
1689 1055 1850 1132 usur-

256 1151 365 1220 pe't,
395 1151 586 1206 eodem
618 1149 919 1219 inconscio,
946 1153 1289 1206 commissam
1327 1161 1349 1190 ι
1379 1133 1458 1207 illi
1490 1151 1843 1222 provinciam.

251 1242 517 1312 Colligere
545 1243 647 1298 nisi
673 1241 793 1299 eum
821 1243 939 1312 ejus
970 1237 1244 1299 voluntate
1270 1241 1557 1316 episttopos
1581 1263 1686 1301 non
1710 1263 1850 1318 prte—

252 1335 468 1390 sumant
495 1353 507 1388 :
539 1333 635 1406 per
674 1338 795 1391 etim
826 1335 988 1390 "etiam
1018 1333 1081 1390 ad
1116 1352 1234 1402 nos,
1265 1333 1308 1391 si
1353 1333 1481 1408 quid
1511 1348 1618 1406 est,
1647 1339 1844 1414 refera-

253 1436 360 1482 tur.
403 1427 510 1483 Sed
563 1425 660 1482 hac
693 1429 1054 1499 praeceptione
1102 1425 1456 1499 cognoscent,
1507 1442 1557 1483 et
1604 1427 1724 1485 eum
1756 1429 1847 1508 qui

253 1519 632 1594 refrag'audttm
667 1529 863 1578 nostra:
904 1521 1210 1580 auctoritati
1245 1509 1330 1580 vel
1365 1515 1507 1580 illius
1552 1511 1850 1582 crediderit

253 1611 502 1696 iussioni,
533 1633 561 1672 a
589 1603 945 1674 fraternitatis
970 1629 1136 1685 coetu,
1171 1601 1292 1675 cum
1325 1619 1439 1690 ipse
1467 1619 1492 1658 δ
1517 1617 1576 1675 Se
1607 1617 1842 1690 separet,

256 1709 668 1784 segregandam.

794 1819 814 1847 ο
849 1791 1180 1866 EPISTOLA
1215 1795 1281 1861 Iv

291 1874 594 1955 «inﬁgitur
643 1915 790 1956 pars
818 1916 832 1954 ι
863 1899 929 1956 in
959 1898 986 1938 ⁸
1020 1916 1295 1956 cpiscoros
1329 1899 1622 1956 rnovn'vcu:
1659 1917 1812 1958 vrnn-
1877 1877 1924 1954 Β

700 1981 883 2027 NBNSIS
913 1988 982 2026 ιτ
1007 1985 1383 2027 NARBONENSIS.

261 2084 298 2139 I.
331 2084 599 2150 Quodnon
628 2085 840 2139 debeant
869 2085 1151 2139 sacerdotes
1193 2095 1279 2158 ant
1309 2084 1482 2158 clerici
1509 2085 1680 2154 palliis
1709 2088 1842 2140 ami-

417 2166 509 2210 aut
562 2158 826 2228 praecincti
853 2158 1036 2210 lumbis
1076 2158 1128 2209 in
1157 2157 1371 2210 ecclesia
1422 2157 1737 2210 ministrare.
1765 2169 1836 2198 -—'-

325 2227 392 2298 II._
427 2227 578 2294 Quod
603 2228 734 2282 nulli
760 2229 824 2282 sit
848 2229 1028 2281 ultima
1080 2229 1376 2294 paenitentia
1405 2229 1731 2298 deneganda.
1771 2258 1842 2271 --

328 2295 412 2352 III.
441 2299 594 2365 Quod
620 2317 714 2370 per
769 2300 958 2370 gradus
1009 2300 1375 2370 ecclesiasticos
1421 2299 1490 2352 ad
1518 2295 1844 2370 episcopatus

325 2370 504 2442 debeat
549 2369 778 2440 oﬁicinm
815 2371 1086 2442 perveniri.
1112 2401 1182 2409 —
1209 2369 1294 2442 IV.
1331 2369 1482 2436 Quod
1524 2369 1846 2442 unaqna'que

326 2441 589 2508 provincia
615 2458 706 2495 suo
729 2440 1121 2509 metropolitano
1147 2440 1324 2495 debeat
1356 2457 1462 2493 esse
1492 2440 1843 2495 contenta.—

328 2511 392 2565 V.
423 2511 576 2578 Quod
608 2513 894 2594 nolentibus
927 2512 1100 2583 (addit
1130 2512 1255 2593 Isid.
1285 2509 1488 2594 clericis
1510 2515 1587 2565 rel
1613 2512 1845 2638 papulial

328 2599 468 2636 nemo
522 2583 697 2637 debeat
751 2599 1018 2638 episcopus
1074 2585 1325 2637 ordinari.
1359 2613 1429 2623 —
1463 2582 1549 2638 VI.
1580 2583 1733 2638 Ouod
1779 2601 1811 2638 α

320 2583 697 2654 ηεηιομάρὸεαι
751 2582 1018 2654 episcopus
1074 2584 1325 2654 ordinari.
1359 2613 1429 2623 —
1463 2582 1549 2638 VI.
1580 2583 1733 2652 Quod
1779 2601 1811 2638 a

321 2651 518 2710 illicitis
547 2651 614 2708 tu
639 2651 1043 2708 ordinationibus
1075 2653 1458 2708 abstinendum.

321 2868 349 2896 ι
388 2857 541 2926 Quod
569 2857 784 2931 Nicmoa
819 2860 1056 2930 synodus
1088 2862 1509 2925 metmpolitano
1539 2863 1735 2931 cuique
1783 2863 1840 2918 in

250 2945 344 2984 sua
393 2929 692 2998 provincia.
729 2929 1024 3000 eorumque
1067 2932 1313 2986 conciliis
1343 2933 1422 2987 bis
1455 2935 1502 2986 in
1535 2929 1678 2986 anno
1709 2949 1841 2988 con-

248 3001 565 3072 gregandis,
593 3002 850 3067 vindicat,
885 3003 934 3056 id
967 3003 1436 3057 Thessalonicensi
1469 3005 1722 3070 episcopo
1754 3003 1842 3059 hic

247 3085 303 3128 et
333 3073 593 3141 deinceps
624 3075 841 3146 attribui
883 3075 965 3128 vir
1001 3075 1242 3146 eruditus
1283 3075 1568 3139 observat;
1602 3076 1844 3146 adeoque

247 3153 304 3198 et
347 3159 473 3198 cum
504 3143 892 3210 superioribus,
927 3145 1119 3209 quibus
1165 3143 1491 3200 lees‘linus
1541 3143 1844 3213 regulisvse

248 3230 358 3270 non
406 3215 696 3278 dominari,
741 3216 834 3268 sed
883 3215 1183 3284 subjectum
1217 3232 1338 3272 eSse
1385 3218 1687 3286 profitetur,
1741 3217 1841 3271 ista

2167 584 2569 644 Narbonensem
2602 584 2904 658 provincias
2927 584 3236 646 constitutis
3271 601 3316 647 ο.

1963 773 1966 776 π
2027 698 2076 753 l.
2106 698 2441 780 Quperemus
2461 703 2678 774 quidem
2719 705 2788 764 de
2815 715 3117 762 vestrarum
3167 707 3531 763 Ecclesiarum

1952 792 2023 848 ita
2051 793 2390 853 ordinatione
2435 800 2694 869 gaudere,
2720 812 2782 857 ut.
2809 804 3308 872 congratularemur
3349 804 3532 872 potius

1951 885 2018 942 de
2041 887 2282 957 profectu
2311 906 2470 960 quam
2499 891 2700 961 aliquid
2735 893 3032 949 admissum
3067 904 3252 950 centra
3284 894 3528 966 discipli-

1953 995 2075 1034 nam
2120 983 2542 1038 ecclesiasticam
2591 984 2916 1040 doleremus.
2967 986 3049 1041 Ad
3095 995 3334 1043 nostram
3386 987 3533 1045 enim

1953 1077 2190 1132 laetitiam
2221 1089 2276 1134 et
2327 1078 2464 1134 bene
2506 1078 2642 1134 facta
2676 1081 3015 1148 perveniunt,
3043 1090 3100 1136 et
3132 1082 3382 1138 mmroris
3410 1098 3542 1138 acu-

1953 1170 2051 1226 leis
2073 1187 2170 1226 nos
2193 1188 2311 1242 quae
2359 1170 2562 1227 fuerint
2601 1171 2744 1226 male
2791 1172 2926 1226 facta
2975 1185 3364 1244 compungunt.
3397 1175 3530 1240 Nec,

1951 1263 2114 1318 silere
2139 1278 2447 1332 possumus,
2485 1261 2504 1301 ί
2541 1279 2660 1318 cum
2694 1262 2818 1327 hoc,
2859 1272 2917 1318 ut
2946 1263 3016 1320 ab
3063 1263 3266 1321 illicitis
3311 1281 3536 1322 revoce-

1955 1370 2073 1412 mus
2102 1357 2335 1425 aliquos,
2370 1355 2529 1410 officii
2557 1356 2729 1410 nostri
2771 1369 3129 1425 provocemur
3159 1357 3443 1424 instinctu;
3479 1359 3538 1416 in

1953 1447 2186 1516 speculis
2215 1462 2245 1501 a
2271 1447 2382 1502 Deo
2409 1447 2710 1514 constituti,
2738 1456 2796 1502 ut
2843 1446 3137 1517 vigilantiae
3163 1457 3364 1503 uostrte
3413 1449 3542 1505 dili-

1951 1540 2187 1610 gentiam
2209 1541 2649 1610 comprobantes,
2681 1548 2738 1596 et
2760 1555 2880 1610 quas
2909 1541 3210 1596 coercenda
3241 1551 3368 1596 sunt
3392 1557 3542 1598 rese-

1953 1647 2162 1698 cemus,
2194 1641 2250 1686 et
2283 1647 2403 1702 quae
2431 1631 2765 1687 observanda
2793 1641 2918 1687 sunt
2966 1631 3292 1687 sanciamus.
3326 1642 3353 1682 ις
3381 1630 3543 1688 Circe

1953 1725 2198 1794 quamvis
2241 1725 2526 1796 longinqua
2559 1725 2820 1795 spiritalis
2873 1739 3004 1781 cura
3051 1739 3156 1780 non
3189 1725 3392 1793 deficit,
3441 1725 3542 1782 sed

1954 1833 2049 1886 per
2071 1818 2250 1872 omnia
2281 1832 2384 1887 qua
2415 1832 2611 1872 nomen
2644 1817 2740 1872 Dei
2778 1817 3103 1887 praedicatur
3131 1817 3405 1884 extendit;
3439 1832 3544 1874 nec

1954 1913 2198 1967 notitiam
2251 1920 2488 1965 nostram
2534 1911 2936 1981 subterfugiunt
2963 1926 3084 1982 qua:
3117 1912 3170 1966 in
3198 1914 3542 1966 eversionem

1951 2005 2282 2075 regularum,
2317 2003 2542 2057 novella:
2567 2001 3004 2073 praesumptionis
3031 2003 3382 2072 auctoritate,
3425 2013 3545 2059 ten-

1951 2107 2154 2151 tantur.
3335 2141 3342 2150 ,

2021 2190 2154 2244 CAP.
2187 2189 2224 2242 I.
2257 2188 2406 2242 -—2.
2465 2189 2758 2244 Didicimus
2806 2187 2953 2242 enim
3009 2187 3272 2257 quosdam
3325 2187 3542 2244 Domini

1952 2281 2264 2336 sacerdotes
2286 2280 2668 2350 superstitioso
2691 2279 2870 2348 potius
2885 2278 3056 2334 cultui
3089 2280 3358 2335 inservire
3378 2294 3541 2350 quam

1952 2375 2149 2430 mentis
2166 2375 2249 2429 vel
2281 2373 2406 2429 fidei
2460 2373 2702 2442 puritati.
2736 2372 2843 2429 Sed
2887 2387 2994 2428 non
3025 2373 3241 2438 mirum,
3266 2375 3310 2428 si
3351 2384 3542 2429 contra

1951 2466 2377 2524 ecclesiasticum
2413 2481 2617 2520 morem
2667 2464 2886 2531 faciunt,
2918 2465 3020 2538 qui.
3040 2465 3095 2519 in
3151 2465 3387 2521 Ecclesia
3432 2479 3544 2522 non

1950 2566 2260 2625 creverunt,
2287 2557 2379 2612 sed
2412 2558 2518 2613 alio
2550 2556 2830 2613 venientes
2852 2554 2881 2593 ιι
2909 2572 2940 2612 e
2971 2557 3110 2623 tritu,
3134 2572 3318 2614 secum
3349 2559 3463 2614 haec
3487 2560 3542 2616 in

1949 2653 2268 2717 Ecclesiam,
2296 2664 2417 2721 qua:
2467 2651 2518 2704 in
2557 2647 2705 2704 aliai
2751 2651 3164 2727 conversatione
3217 2651 3544 2722 habuerant,

1955 2864 2182 2916 omm’um
2205 2861 2718 2931 metrOpolitanorum
2746 2862 2870 2930 jure
2917 2869 3142 2923 servato;
3169 2859 3305 2914 VIII.
3331 2862 3396 2914 de
3420 2878 3544 2916 con-

1943 2935 2304 3006 junctionibus
2333 2932 2516 3006 quiad
2545 2932 2885 2984 sacerdotium
2907 2932 3386 3006 afmittendisunt.
3415 2933 3544 2988 Dio-

1954 3003 2140 3073 nysius
2171 3013 2347 3057 autem
2407 3003 2645 3072 Exiguus
2687 3003 3162 3073 totamepistolam
3214 3003 3268 3058 in
3299 3005 3540 3073 quinque

1953 3067 2182 3145 partitus
2211 3083 2294 3146 est
2317 3067 2765 3146 tiluloquuorum
2796 3067 2998 3140 primus
3028 3074 3165 3143 apttd
3193 3067 3532 3146 ipsuanIV,

1954 3146 2222 3201 secundus
2255 3145 2370 3206 XV.
2399 3155 2453 3199 et
2483 3145 2558 3198 sic
2585 3145 2840 3208 deinceps
2883 3145 3253 3208 numerantur,
3301 3145 3424 3214 quia
3460 3145 3541 3200 ui-

1956 3218 2151 3271 mirum
2184 3217 2316 3269 duas
2339 3217 2475 3271 alias
2521 3215 2800 3270 leestini
2851 3215 3125 3282 epistolas,
3155 3230 3286 3283 quas
3337 3218 3388 3269 in
3420 3216 3541 3271 XIII

248 3287 505 3359 componi
553 3301 658 3339 non
688 3277 849 3359 posse
890 3277 1093 3359 censet.
1141 3287 1338 3341 Verum
1371 3277 1560 3341 eadem
1608 3277 1847 3359 synodus
1876 3277 1922 3341 C
1957 3288 2142 3359 titulos
2190 3287 2561 3359 divisitthuic
2592 3277 2898 3355 praemittit;
2920 3277 3129 3341 Titulos
3163 3277 3280 3342 illos
3309 3301 3378 3341 ex
3419 3288 3539 3357 ipso

249 3357 445 3430 (fidem
473 3371 680 3430 canone
709 3357 1049 3430 QCOitstitttit
1076 3371 1128 3411 ut
1151 3360 1258 3412 suis
1292 3359 1555 3430 privilegia
1581 3357 1846 3414 serventur

252 3427 526 3480 Ecclesiis.
559 3427 669 3482 Nec
692 3429 830 3481 ullus
864 3429 1070 3482 inlicias
1102 3430 1240 3490 ierit.
1279 3427 1405 3482 nihil
1441 3427 1525 3483 hic
1562 3430 1850 3485 Thessalo-

251 3499 474 3570 nicensi
498 3500 811 3570 episcopoja
843 3499 1137 3554 Caelestino
1169 3497 1405 3565 attribui,
1437 3501 1536 3554 nisi
1568 3501 1708 3570 quod
1742 3502 1848 3556 sal-

253 3579 362 3625 tem
394 3585 422 3622 a
453 3569 686 3623 Damaso
728 3568 952 3638 ejusque
992 3571 1394 3625 successoribus
1445 3568 1757 3626 Constanter
1797 3575 1846 3629 ei

251 3655 576 3712 cencessum
620 3640 797 3694 fuerit.
844 3641 925 3695 Nil
965 3641 1125 3712 igitur
1155 3643 1414 3696 adversus
1455 3643 1718 3712 synodum
1757 3645 1849 3698 de-

251 3713 427 3767 crevit
466 3710 816 3777 Ctelestinns,
850 3727 970 3766 cum
990 3710 1338 3782 privilegium
1386 3723 1456 3766 tot
1485 3710 1847 3770 ‘dcccssorum

251 3798 479 3837 suorum
502 3785 824 3836 auctoritate
850 3783 1119 3836 firmatum
1140 3785 1341 3837 servari
1363 3786 1547 3838 voluit.
1575 3783 1846 3840 Praeterea

251 3853 691 3922 metropolitanis
737 3854 931 3924 Illyrici
981 3853 1266 3923 episeopos
1313 3856 1394 3907 vel
1435 3856 1717 3910 ordinandi
1762 3857 1849 3912 vel

252 3925 546 3995 colligendi
578 3941 688 3978 non
712 3925 1074 3979 omnimodam
1105 3933 1260 3996 negat
1285 3937 1627 3994 potestatem.
1659 3927 1750 3981 sed
1781 3943 1850 3984 ne

252 3996 580 4050 alterutrum
633 4006 828 4065 praeter
872 3999 1110 4064 episcopi
1162 3997 1664 4052 'l'bessalvnicensis
1717 4014 1850 4054 con-

253 4067 542 4122 scientiam
578 4067 980 4135 aggrediantur,
1005 4067 1283 4121 dumtaxat
1314 4078 1491 4121 cavet.
1528 4069 1642 4134 Quo
1668 4079 1847 4124 autem

253 4138 424 4192 modo
475 4146 542 4209 et,
569 4137 1063 4192 Thessalonicensis
1100 4137 1356 4191 antistitis
1393 4138 1744 4209 ipiivilcgium
1795 4152 1850 4196 et

254 4208 728 4280 metropolitarum
769 4209 887 4280 jura
929 4210 1193 4264 servanda
1228 4209 1352 4272 sint,
1389 4208 1496 4265 Leo
1547 4208 1706 4280 epist.
1757 4211 1845 4280 ιι,

255 4294 312 4334 n.
348 4280 408 4346 8,
439 4279 474 4334 9
499 4287 553 4332 et
583 4278 648 4333 10
676 4279 930 4348 explicat.

326 4348 360 4388 ι’
400 4350 660 4404 Voculam
693 4366 746 4404 se
769 4352 1098 4420 supplemus,
1132 4365 1291 4418 quam
1323 4350 1576 4417 librariis,
1612 4368 1735 4406 cum
1767 4361 1852 4408 ter

256 4429 620 4490 repeteretur,
646 4421 812 4475 semel
843 4421 1107 4476 excidisse
1130 4422 1200 4475 nil
1225 4423 1418 4490 mirum
1442 4433 1542 4474 est.
1576 4421 1686 4476 Ilae
1711 4423 1850 4478 clau-

257 4489 375 4546 sula
409 4489 760 4552 leestinus.
791 4502 846 4546 ut
877 4504 931 4563 et
958 4493 1090 4545 infra
1123 4493 1282 4560 epist.
1316 4489 1401 4563 If),
1431 4509 1485 4545 n.
1517 4491 1572 4554 4.
1603 4509 1853 4563 segrega-

259 4563 428 4618 tionis
451 4578 548 4616 seu
577 4559 1170 4617 excommunicationis
1204 4561 1454 4616 invidiam
1489 4565 1537 4615 in
1564 4559 1851 4631 ipstunmet

1953 3358 2255 3427 descriptos
2285 3357 2624 3412 exhibemus.

2029 3440 2050 3467 θ
2075 3425 2234 3484 Dion.
2267 3438 2323 3484 et
2351 3429 2476 3483 Isid.
2521 3429 2608 3483 hic
2648 3425 2871 3491 addunt,
2918 3428 2974 3482 in
3015 3426 3242 3483 Domino
3293 3430 3534 3496 salutem,

1952 3501 2096 3572 quod
2115 3501 2271 3555 abest
2298 3517 2325 3553 a
2357 3501 2651 3568 potioribus
2679 3513 2805 3554 mss.

2028 3571 2048 3610 ί
2085 3574 2225 3626 Edit.
2257 3572 2420 3625 liom.
2446 3581 2501 3624 et
2521 3585 2676 3625 conc.
2713 3577 2833 3638 post
2861 3569 3050 3642 Crab.,
3074 3569 3143 3642 ad
3169 3570 3283 3624 hoc.
3315 3571 3538 3642 Praepo-

1953 3642 2206 3698 sitionem
2242 3643 2309 3695 ad
2347 3644 2714 3710 expungimus
2765 3641 3086 3694 auctoritate
3124 3641 3275 3697 Meri.
3309 3651 3361 3696 et
3418 3641 3536 3697 om-

1953 3714 2101 3767 nium
2157 3728 2288 3767 mss.
2319 3712 2477 3768 Solus
2505 3713 2704 3780 Quesn.
2753 3714 2928 3764 locum
2983 3712 3124 3765 hunc
3170 3713 3238 3766 ita
3281 3713 3532 3770 exhibet:

1957 3784 2094 3850 Quin
2121 3785 2184 3837 ab
2204 3785 2395 3856 illicitis
2416 3799 2704 3837 revocemus
2729 3783 3009 3852 aliquos,et
3027 3783 3190 3852 ofﬁcii
3217 3787 3379 3838 nostri
3409 3801 3536 3856 pro-

1951 3870 2184 3908 vocemus
2211 3858 2276 3909 ad
2305 3855 2490 3908 bonum
2511 3856 2778 3908 instinctu.

2027 3936 2052 3973 κ
2081 3926 2216 3980 Editi
2247 3941 2370 3981 cum
2414 3926 2570 3979 Dion.
2621 3934 2675 3978 et
2703 3923 2831 3978 Isid.
2867 3942 2879 3976 :
2913 3922 2983 3977 Et
3010 3928 3240 3995 quamvis
3265 3927 3400 3979 circa
3422 3926 3536 3982 lon-

1953 3995 2168 4066 ginqua;
2192 3998 2429 4067 quinque
2473 3996 2801 4066 optimorum
2843 4009 2971 4048 mss.
3017 4000 3334 4051 auctoritate
3369 3998 3536 4053 corri-

1951 4077 2167 4136 guntur.

2029 4135 2054 4174 ιι
2082 4139 2221 4192 Editi
2253 4153 2315 4193 ac
2346 4139 2526 4204 plures
2548 4151 2678 4191 mss.
2703 4137 2886 4190 itinere
2913 4138 2998 4192 vel
3030 4139 3081 4190 in
3110 4139 3314 4203 itinere;
3346 4153 3532 4193 emen-

1955 4207 2154 4262 dantur
2183 4224 2285 4274 ope
2314 4209 2513 4262 codicis
2542 4208 2885 4262 Corbeiensis
2926 4208 3126 4262 smculo
3167 4223 3219 4262 v1
3251 4209 3434 4276 scripti
3475 4219 3533 4266 et

1955 4281 2113 4333 unius
2136 4279 2454 4341 Colbertiui,
2484 4279 2534 4332 in
2564 4279 2757 4345 quibus
2779 4286 2953 4349 exstat
2975 4280 3196 4340 irritum,
3230 4295 3325 4347 pro
3351 4296 3378 4331 e
3402 4282 3530 4349 ritu,

1957 4349 2060 4404 hoc
2080 4363 2162 4405 est
2194 4365 2380 4404 norma
2408 4357 2465 4403 et
2488 4351 2696 4420 ratione
2734 4348 2973 4420 vivendi.
3003 4349 3054 4402 In
3082 4351 3252 4403 altero
3277 4364 3376 4403 ms.
3413 4348 3535 4420 post

1954 4421 2177 4475 verbum
2218 4428 2497 4480 creverunt.
2540 4418 2786 4487 proxime
2824 4419 3127 4487 subjicitur,
3167 4420 3294 4488 Qui:
3320 4418 3454 4475 enirn
3477 4424 3533 4478 in

1956 4490 2061 4543 alia
2087 4493 2486 4545 conversatione.
2525 4492 2694 4544 l’orro
2727 4491 2856 4545 illud
2886 4491 2937 4542 in
2958 4489 3190 4544 Ecclesia
3217 4507 3319 4545 non
3365 4508 3536 4547 creve-

1954 4572 2098 4626 runt,
2134 4578 2241 4616 non
2275 4563 2343 4615 ita
2375 4563 2819 4630 intelligendum,
2859 4563 3009 4628 quasi
3038 4572 3186 4615 extra
3235 4563 3533 4619 Ecclesiam

258 4649 412 4708 reum
450 4634 682 4708 confert.
715 4633 787 4687 Ita
821 4644 872 4687 et
903 4633 1080 4696 Afros,
1103 4634 1329 4708 apiario
1367 4643 1567 4698 antoto,
1603 4635 1848 4708 eamdem
1874 4648 1929 4708 ι)
1957 4631 2009 4685 in
2037 4632 2651 4708 lireresiautscbismate
2681 4633 3044 4708 adoleverint;
3066 4633 3164 4708 sed
3198 4633 3269 4688 ibi
3304 4631 3536 4704 Ecclesia

257 4705 313 4776 in
346 4704 493 4776 hunc
520 4705 892 4775 presbyterum
938 4705 1227 4759 contulisse
1258 4715 1523 4774 βοείη-ωε
1566 4708 1614 4757 in
1645 4706 1848 4776 episto-

260 4775 369 4829 lam
400 4773 436 4827 2
464 4783 591 4828 nota
618 4773 700 4829 est
723 4776 1027 4843 probatum.

335 4856 359 4884 ε
394 4846 450 4900 1η
475 4845 608 4900 edit.
636 4847 838 4900 Concil.
871 4844 952 4899 Η.
984 4846 1114 4912 Qua:
1131 4853 1310 4900 autem
1337 4847 1368 4898 4
1414 4857 1547 4906 crat,
1583 4861 1723 4901 nunc
1757 4845 1844 4903 Η.

260 4915 452 4972 Exstat
483 4917 537 4970 in
574 4918 843 4986 plerisque
870 4917 1120 4970 omnibus
1149 4915 1381 4986 antiquis
1413 4917 1844 4982 collectionibus,

262 4997 386 5056 puta
422 4988 664 5058 Dionysii
693 4987 904 5057 Exigui.
942 4987 1218 5058 Hadriani,
1252 4989 1452 5040 codicis
1495 5004 1520 5040 a
1553 4987 1845 5054 Quesnello

263 5055 486 5128 vulgati,
522 5055 780 5128 Hispana,
803 5055 1010 5112 'lsidori
1054 5055 1386 5124 Mercatoris,
1426 5074 1524 5128 nec
1560 5075 1662 5111 non
1697 5058 1748 5112 in
1779 5073 1842 5113 ea

263 5127 424 5195 quam
454 5127 717 5184 exhibent
752 5139 1055 5196 pervetusta
1111 5129 1462 5196 exetnpliria,
1493 5127 1839 5194 Corbeiense,

264 5201 634 5256 Colbertinum
680 5200 878 5252 littoris
924 5199 1340 5268 Langobardicis
1372 5205 1671 5255 exaratum.
1702 5198 1840 5255 Lau-

266 5271 424 5326 datur
449 5287 478 5324 a
507 5271 802 5325 Cresconio
831 5271 882 5323 iu
907 5269 1177 5323 Breviario
1201 5286 1319 5323 can.
1355 5279 1409 5324 et
1440 5271 1579 5324 aliis.

335 5341 362 5379 ἀ
384 5343 542 5407 Apud
569 5342 798 5408 (Μίδεω,
835 5349 886 5393 ut
920 5341 970 5392 in
1005 5357 1106 5393 uno
1140 5354 1239 5392 ms.
1299 5337 1479 5405 Colb.,
1506 5339 1838 5406 inscribitur.

267 5414 334 5466 ad
371 5415 642 5479 episcOpos
689 5410 994 5465 Viennenses
1043 5421 1089 5463 et
1138 5409 1494 5464 Narbonenses
1545 5412 1839 5466 constitutio

269 5485 534 5537 titulorum
563 5481 646 5536 XI
684 5483 833 5536 nullo
880 5490 1055 5537 tamen
1088 5483 1330 5550 subjecm
1358 5483 1530 5536 titulo.
1579 5483 1634 5537 In
1666 5495 1838 5538 veter-

267 5556 404 5608 rimo
425 5555 617 5609 codice
637 5553 801 5607 Corb.
852 5563 958 5606 tota
993 5555 1042 5606 in
1075 5553 1186 5606 haec
1214 5563 1333 5606 octo
1364 5553 1620 5607 dividitur
1646 5554 1843 5622 capitu-

271 5624 322 5678 la
347 5642 359 5676 :
385 5627 423 5678 I.
457 5627 521 5678 de
565 5625 918 5678 sacerdotibus
956 5626 1308 5692 superstitioso
1340 5625 1478 5677 cultu
1519 5624 1841 5678 deserviend-

273 5695 382 5759 bus;
414 5695 476 5750 II.
507 5698 572 5750 de
592 5695 937 5765 paenitentiam
957 5695 1287 5765 morientibus
1316 5712 1417 5746 non
1447 5693 1750 5764 negariﬂll.
1779 5695 1844 5749 de

271 5767 518 5834 inperitis
544 5763 801 5835 episcopis
851 5767 1179 5829 ordinandis;
1210 5763 1298 5819 IV.
1333 5766 1394 5819 de
1440 5763 1844 5819 ordinationibus

272 5835 623 5906 sacerdotum;
658 5835 718 5892 V.
743 5837 807 5891 de
828 5838 1152 5889 accusatione
1176 5837 1423 5906 virginum
1446 5838 1844 5906 monac/iurum;

279 5903 372 5962 Vl.
416 5909 477 5962 de
512 5901 774 5963 reservato
815 5907 1082 5980 privilegio
1125 5901 1600 5976 sedi'apostolicw;
1645 5901 1758 5962 Vll.
1785 5905 1847 5960 de

495 6041 500 6047 ‘
565 6042 675 6056 ωσι
746 6031 914 6056 -ΞσΙ-ἀί

1953 4704 2378 4757 ecclesiasticum
2423 4704 2694 4769 ordinem,
2719 4704 2803 4758 cui
2849 4705 3178 4758 monasticus
3205 4714 3532 4774 opponatur,

1954 4786 2128 4828 sanat.
2163 4775 2344 4842 Neque
2389 4774 2679 4845 obscurum
2711 4784 2794 4828 est
2823 4789 2917 4828 eos
2959 4775 3046 4829 hic
3074 4777 3268 4840 notari,
3302 4789 3438 4845 quos
3467 4793 3534 4832 ex

1956 4847 2295 4899 monasteriis
2328 4847 2392 4899 ad
2427 4844 2793 4899 Ecclesiarum
2835 4859 3053 4899 suarum
3108 4844 3346 4915 regimen
3393 4846 3532 4900 Nar-

1957 4915 2210 4969 bonen5is
2238 4916 2460 4985 alithue
2502 4916 2794 4969 vicinarum
2848 4917 3243 4982 provinciarum
3288 4918 3535 4974 civitates

1953 4999 2231 5040 accersere
2257 4990 2528 5040 amabant.
2554 4986 2896 5055 Aliquamdiu
2934 4997 3110 5042 tamen
3158 4987 3226 5042 ad
3259 5004 3363 5042 non
3421 5003 3536 5044 me-

1953 5055 2193 5111 diocrem
2221 5058 2473 5112 Ecclesia:
2495 5057 2780 5111 utilitatem
2809 5059 3171 5126 perseveravit
3197 5059 3314 5113 haec
3343 5074 3374 5113 e
3413 5075 3534 5118 mo-

1953 5129 2230 5199 nasteriis.
2263 5130 2559 5199 prazsertim
2582 5127 2874 5194 Lirinensi,
2904 5130 3187 5199 episcopos
3215 5131 3382 5184 variis
3403 5130 3536 5186 civi-

1953 5198 2150 5254 tatibus
2177 5198 2453 5267 quaarendi
2479 5199 2838 5253 consuetudo.

2030 5267 2043 5306 ί
2083 5269 2194 5323 lloc
2221 5281 2322 5335 est,
2378 5271 2432 5323 in
2476 5270 2581 5323 alio
2630 5271 2829 5323 vivendi
2857 5286 3057 5339 genere.
3107 5270 3369 5336 Quocirca
3418 5285 3531 5327 non

1952 5339 2128 5408 placet
2150 5341 2290 5409 quod
2329 5341 2382 5393 in
2426 5340 2636 5394 duobus
2668 5355 2822 5404 mss.,
2882 5341 3226 5394 conversione.
3279 5340 3533 5396 Mabillo-

1952 5412 2072 5463 nius
2099 5421 2284 5466 noster
2305 5452 2318 5475 ,
2352 5411 2558 5479 praefat.
2591 5411 2643 5465 in
2675 5426 2710 5465 ιι
2767 5419 2903 5480 part.
2935 5425 3060 5466 saec.
3111 5421 3296 5464 tv-act.
3328 5411 3530 5467 Bened.

1952 5496 2009 5552 n.
2044 5481 2170 5546 I79,
2226 5482 2477 5537 observat
2520 5482 2787 5552 episcopis
2831 5482 3160 5536 monasticen
3213 5482 3360 5549 prius
3409 5496 3535 5550 pro-

1948 5551 2108 5608 fessis
2131 5552 2241 5621 jam
2265 5555 2463 5608 szecnlo
2494 5569 2524 5607 v
2549 5551 2792 5613 religioni
2814 5553 2980 5606 fuisse
2999 5554 3358 5606 monasticam
3383 5552 3534 5607 habi-

1951 5633 2060 5675 tum
2097 5624 2311 5690 penitus
2341 5624 2594 5692 abjiccre.
2629 5624 2763 5678 Tum
2791 5637 2856 5677 ex
2889 5623 2986 5675 hoc
3018 5623 3136 5676 loco
3159 5621 3532 5692 probat(quod

1953 5703 2010 5747 ut
2039 5704 2245 5748 certum
2277 5698 2496 5748 omnino
2527 5706 2580 5748 et
2605 5695 2827 5748 evidens
2851 5693 3172 5748 confirmare
3204 5693 3368 5746 nolim
3398 5735 3411 5757 ,
3448 5695 3532 5748 vi-

1953 5764 2066 5818 deri
2100 5774 2275 5818 tamen
2319 5776 2494 5835 potest
2535 5764 2838 5836 probabile)
2872 5764 3159 5822 nonnullos
3205 5764 3368 5818 etiam
3418 5766 3532 5836 epi-

1953 5849 2169 5903 scopos.
2198 5839 2442 5904 quamvis
2483 5835 2792 5905 monasticai
2843 5838 2967 5888 vitm
3017 5846 3287 5903 expertes.
3343 5835 3538 5890 eorum

1954 5909 2203 5974 exemplo
2230 5905 2588 5962 monasticam
2618 5903 2859 5964 habitum
2887 5906 3213 5988 suscepisse:
3233 5906 3437 5966 Saltem
3462 5907 3531 5987 de
