3976 6336
423 319 523 380 ‘31

1199 315 1257 373 S.
1298 311 1695 374 C(ELESTINI
1735 309 1757 368 ι
1793 302 2000 369 PAPE
2043 304 2410 369 EHSTOLE
2452 307 2538 366 ET
2580 305 2929 366 DECRETA.

3591 311 3685 370 d5!

426 439 752 504 intulerunt;
788 436 970 492 amicti
1001 434 1187 506 pallio,
1220 443 1274 490 et
1313 432 1528 488 lumbos
1567 431 1866 502 praecincti,
1897 445 2014 486 cre-
2042 433 2099 492 Α
2123 438 2207 484 tus
2241 427 2322 483 sui
2355 437 2602 497 tempore
2657 424 2760 481 hoc
2788 425 2984 481 anima:
3037 438 3152 481 ante
3199 422 3424 497 cupiunt
3461 429 3685 486 remedio

427 536 622 591 dentes
648 546 706 586 se
728 530 1022 600 Scriptura:
1047 528 1228 591 ﬁdem,
1254 541 1361 580 non
1391 541 1488 596 per
1510 525 1782 595 spiritum,
1802 521 1897 578 scd
1923 537 2020 592 per

427 627 663 686 litteram
693 624 1082 695 completuros.
1112 620 1245 674 Nam
1271 619 1318 674 si
1363 618 1432 674 ad
1462 617 1568 673 hoc
1617 618 1717 672 ista
1749 624 2021 687 prmeepta

427 729 576 788 sunt,
607 728 667 774 ut
712 717 893 772 taliter
941 722 1319 778 servarentur;
1350 726 1448 768 cur
1500 725 1606 766 non
1652 709 1790 764 ﬁunt
1819 706 2022 780 pariter

2124 519 2420 577 subveniri.
2466 517 2782 585 Horremus,
2829 518 3022 583 lateor,
3054 527 3217 574 tanta:
3273 518 3565 589 impietatis
3599 523 3687 578 ali-

2126 628 2287 684 quem
2343 610 2591 681 reperiri,
2624 619 2684 665 ut
2709 609 2778 665 de
2823 609 2920 665 Dei
2970 609 3170 680 pietate
3213 609 3508 681 desperet:
3553 617 3690 684 quasi

2127 721 2236 762 non
2257 703 2431 777 possit
2457 702 2525 760 ad
2569 717 2629 759 se
2663 702 2860 774 quovis
2909 709 3158 773 tempore
3201 702 3544 758 concurrenti
3584 717 3692 760 sue-

403 791 550 896 :qute
576 818 900 883 sequuntur,
941 816 999 862 ut
1026 808 1264 862 lucerna:
1322 804 1580 860 ardentes
1611 803 1665 858 in
1720 800 2021 858 manibus'|

407 907 535 964 *una
567 922 688 962 cum
712 904 907 959 baculo
937 901 1262 958 teneantur?
1302 899 1514 955 [labent
1543 913 1699 954 suum
1727 897 1831 953 ista
1879 909 2024 967 mys-

2127 813 2374 867 currere,
2394 806 2448 854 et
2484 795 2879 868 periclitantem
2908 793 3010 851 sub
3037 808 3203 850 onere
3230 805 3569 865 peccatorum
3602 795 3691 852 ho-

2128 893 2352 960 minem,
2394 889 2639 962 pondere
2664 903 2772 958 quo
2794 903 2854 944 se
2885 887 2979 943 ille
2999 885 3550 958 expediridesiderat,
3570 887 3692 946 libe-

410 976 420 1030 θ
435 1001 652 1069 teriam,
683 1007 741 1054 et
760 995 1181 1067 intelligentibus
1203 994 1278 1049 ita
1302 996 1450 1049 clara
1476 1001 1625 1058 sunt,
1673 1001 1733 1048 ut
1759 1005 1824 1046 ea
1851 989 2026 1058 magis

433 1107 541 1164 qua
563 1091 719 1147 decet
765 1085 1166 1158 signiﬁcatione
1215 1093 1519 1142 serventur.
1548 1083 1680 1138 Nam
1734 1083 1786 1137 in
1815 1079 2029 1136 lumbo-

431 1199 553 1240 rum
581 1180 967 1254 praecinctione
987 1182 1231 1243 castitas,
1252 1177 1303 1232 in
1351 1176 1542 1232 baculo
1581 1175 1819 1246 regimen
1845 1181 2029 1244 pasto-

432 1275 566 1340 rale,
593 1275 645 1328 in
675 1271 908 1328 lucernis
951 1269 1264 1326 ardentibus
1313 1267 1640 1336 bonil’ulgor
1697 1264 1901 1336 operis,
1957 1262 2028 1319 de

433 1383 539 1438 quo
561 1363 976 1434 diciturz0pera
998 1371 1165 1417 vestra
1191 1362 1396 1416 luceant
1421 1357 1637 1430 (Matth.
1664 1373 1717 1424 v,
1747 1355 1857 1429 16),
1891 1356 2029 1411 indi-

433 1472 644 1515 cantur.
698 1456 726 1494 δ
758 1456 1005 1512 Habeant
1054 1465 1232 1509 tamen
1280 1453 1442 1507 istum
1511 1449 1739 1506 forsitan
1796 1448 2025 1515 cultum,

434 1565 645 1607 morem
677 1550 852 1619 potius
883 1562 1045 1618 quam
1070 1545 1340 1600 rationem
1377 1550 1692 1613 sequentes,
1725 1542 1814 1612 qui
1851 1555 2030 1596 remo-

435 1642 669 1699 tioribus
709 1640 954 1696 habitant
977 1639 1135 1706 locis,
1159 1647 1214 1692 et
1238 1635 1428 1707 procul
1477 1650 1506 1689 a
1553 1634 1768 1691 caeteris
1804 1633 2026 1702 degunt.

437 1738 592 1796 Unde
615 1738 703 1792 hic
733 1736 943 1792 habitus
985 1736 1036 1789 in
1058 1731 1318 1789 Ecclesiis
1345 1730 1658 1796 Gallicanis,
1682 1737 1742 1784 ut
1762 1736 1840 1783 tot
1861 1741 2031 1781 anno-

2127 999 2271 1041 rare.
2325 982 2466 1052 Quid
2521 981 2646 1048 hoc,
2695 995 2849 1051 rogo,
2902 979 3048 1036 aliud
3103 989 3207 1047 est,
3254 995 3419 1051 quam
3465 979 3693 1038 morienti

2129 1085 2359 1133 mortem
2382 1073 2604 1142 addere,
2632 1072 2863 1144 ejusque
2885 1072 3120 1128 animam
3159 1087 3254 1127 sua
3281 1071 3613 1140 crudelitate.
3638 1089 3698 1132 ne

2129 1168 2374 1225 absoluta
2423 1180 2546 1222 esse
2572 1165 2762 1237 possit,
2792 1163 3083 1220 occidere?
3104 1177 3230 1219 cum
3267 1165 3412 1220 Deus
3435 1165 3505 1220 ad
3525 1165 3700 1223 subve-

2133 1259 2390 1317 niendum
2423 1257 2824 1328 paratissimus,
2856 1255 3092 1312 invitans
3115 1255 3179 1312 ad
3220 1257 3700 1327 ptenitentiam,sic

2130 1355 2458 1428 promittat:
2508 1351 2776 1420 Peccator,
2812 1351 3006 1423 inquit,
3051 1367 3377 1423 quacumque
3403 1351 3486 1406 die
3512 1366 3702 1407 conver-

2130 1467 2219 1505 sus
2248 1447 2430 1521 fuerit,
2462 1447 2674 1518 peccata
2724 1445 2838 1516 ejus
2862 1461 2966 1500 non
2992 1443 3394 1516 imputabantur
3416 1443 3500 1513 εἰ(
3523 1440 3699 1500 Emit.

2130 1558 2323 1608 χχχιιι,
2358 1539 2474 1608 15).
2522 1539 2594 1594 Et
2623 1540 2818 1595 iterum
2853 1555 2868 1592 :
2899 1537 3044 1594 Nolo
3083 1547 3304 1592 mortem
3349 1545 3374 1574 ⁶
3424 1536 3702 1607 peccatoris,

2129 1637 2220 1693 sed
2275 1645 2474 1690 tantum
2522 1642 2882 1700 convertatur,
2933 1642 2982 1688 et
3032 1633 3165 1688 vivat
3205 1635 3226 1692 (
3257 1629 3425 1700 Ibid.,
3453 1629 3540 1701 18,
3577 1629 3702 1706 25).

2131 1727 2374 1786 Salutem
2399 1742 2529 1798 ergo
2579 1725 2786 1781 homini
2815 1725 3024 1792 adimit,
3049 1724 3299 1797 quisquis
3326 1723 3516 1780 mortis
3536 1722 3558 1764 ί
3585 1740 3705 1796 pra:-

437 1847 558 1888 rum
619 1837 998 1897 tantorumque
1051 1825 1364 1896 pontiﬁcum
1409 1823 1462 1877 in
1509 1822 1740 1878 alterum
1785 1820 2024 1875 habitum
2055 1824 2106 1886 B
2133 1823 2276 1878 teriti
2303 1831 2548 1892 tempore
2587 1819 2963 1890 pmnitentiam
2997 1818 3302 1890 denegarit.
3357 1817 3428 1873 Et
3471 1816 3705 1890 despera-

436 1920 777 1980 consuetudo
801 1919 1088 1974 vertatur?
1115 1914 1473 1971 Discernendi
1508 1925 1531 1954 °
1572 1929 1599 1966 a
1633 1913 1788 1983 plebe
1812 1913 1894 1968 vel
1923 1926 2030 1968 cte-

439 2016 574 2072 teris
595 2029 782 2071 sumus
809 2012 1080 2078 doctrina,
1111 2026 1219 2065 non
1243 2018 1427 2076 veste;
1454 2007 1890 2074 conversatione,
1922 2020 2029 2061 non

441 2107 668 2173 habitu;
721 2104 918 2161 mentis
947 2102 1203 2174 puritate,
1237 2117 1344 2158 non
1368 2101 1542 2158 cultu.
1568 2099 1703 2156 Nam
1733 2099 1780 2154 si
1809 2097 2033 2155 studere

442 2201 768 2273 incipiamus
796 2198 1048 2265 novitati,
1067 2196 1336 2256 .traditum
1359 2195 1516 2251 nobis
1555 2209 1587 2249 a
1618 2193 1858 2265 patribus
1882 2191 2034 2248 ordi-

443 2309 569 2350 nem
596 2292 943 2354 calcabimus.
974 2299 1032 2345 ut
1072 2289 1250 2344 locum
1303 2287 1656 2359 supervacuis
1695 2285 2036 2354 superstitio-

444 2385 604 2442 nibus
630 2384 912 2439 faciamus.
934 2381 1116 2436 Rudes
1137 2394 1266 2450 ergo
1295 2379 1533 2434 fidelium
1563 2387 1777 2434 mentes
1807 2377 1874 2432 ad
1907 2376 2037 2432 talia

446 2494 555 2535 non
596 2477 856 2532 debemus
888 2475 1165 2530 inducere.
1194 2472 1434 2527 Docendi
1473 2470 1620 2526 enim
1669 2478 1796 2525 sunt
1860 2469 2040 2540 potius

447 2585 609 2641 quam
635 2565 662 2606 ιι
686 2566 923 2624 ludendi.
955 2564 1065 2621 Nec
1091 2563 1475 2633 imponendum
1497 2576 1684 2619 eorum
1731 2569 1816 2616 est
1841 2561 2040 2626 oculis,

452 2661 550 2718 sed
575 2660 844 2716 mentibus
871 2655 1203 2713 infundenda
1233 2663 1498 2726 prtecepta
1529 2665 1679 2710 sunt.
1715 2653 1883 2708 Erant
1923 2653 2045 2724 qui-

450 2755 573 2810 dem
595 2754 786 2820 multa,
818 2766 938 2822 qua:
956 2765 1052 2820 pro
1071 2747 1351 2816 disciplina
1375 2746 1746 2803 ecclesiastica
1761 2745 1848 2801 vel
1875 2746 2046 2817 ipsius

451 2850 529 2904 rei
558 2849 741 2904 dicere
769 2846 982 2901 ratione
1003 2825 1311 2916 possemus;
1336 2840 1433 2898 sed
1457 2840 1526 2898 ab
1553 2840 1638 2896 his
1659 2839 1725 2896 ad
1751 2840 1856 2895 alia
1887 2853 2049 2897 revo-

452 2957 657 2999 camur.

523 3034 654 3089 Car.
691 3031 755 3088 ll.
779 3031 924 3086 —5.
972 3030 1304 3100 Agnovimus
1334 3028 1712 3099 paenitentiam
1764 3029 2048 3085 morienti-

455 3127 557 3181 bus
577 3123 856 3195 denegari,
889 3122 1220 3180 necillorum
1245 3120 1538 3176 desideriis
1567 3121 1755 3188 annui,
1784 3121 1874 3192 qui
1931 3121 2052 3177 obi-

2134 1918 2216 1972 vit
2244 1915 2313 1972 de
2333 1913 2621 1972 clementia
2640 1914 2758 1983 Dei,
2783 1913 2875 1985 qui
2899 1927 3023 1970 eum
3059 1913 3127 1970 ad
3157 1911 3582 1969 subveniendum
3609 1927 3710 1969 mo-

2134 2009 2296 2065 rienti
2321 2006 2601 2074 sufficere
2656 2005 2743 2062 vel
2790 2015 3069 2062 momento
3117 2019 3284 2077 posse
3328 2018 3438 2060 non
3481 2004 3708 2061 credidit.

2136 2101 2475 2160 Perdidisset
2496 2101 2636 2156 latro
2670 2101 2957 2171 praemium
3007 2100 3065 2155 in
3093 2113 3257 2156 cruce
3283 2098 3352 2153 ad
3373 2095 3572 2154 Christi
3596 2095 3711 2155 des-

2139 2205 2312 2253 teram
2345 2195 2588 2266 pendens
2614 2192 2770 2265 (Luc.
2792 2209 2947 2260 χχιιι,
2975 2191 3091 2264 42),
3117 2194 3163 2248 si
3198 2193 3354 2249 illum
3382 2191 3542 2248 unius
3583 2191 3713 2249 hora

2139 2289 2461 2360 pmoitentia
2485 2302 2591 2344 non
2608 2287 2861 2358 iuvisset.
2885 2284 3022 2342 Cum
3052 2296 3200 2342 esset
3247 2286 3306 2341 in
3335 2300 3514 2357 ptena,
3558 2287 3713 2357 pteni-

2142 2385 2266 2449 tuit,
2289 2391 2346 2440 et
2373 2397 2470 2454 per
2497 2383 2658 2437 unius
2705 2380 2975 2437 sermonis
3018 2379 3419 2452 profeSsionem
3468 2379 3716 2435 habitacu-

2144 2476 2258 2532 lum
2283 2473 2522 2546 paradisi
2550 2473 2668 2528 Deo
2712 2472 3062 2544 promittente
3088 2470 3414 2542 promeruit.
3443 2470 3577 2526 Vera
3603 2483 3717 2541 ergo

2146 2569 2216 2626 ad
2239 2569 2410 2626 Deum
2439 2569 2732 2625 conversio
2755 2568 2809 2623 in
2848 2567 3051 2623 ultimis
3091 2571 3418 2638 positorum,
3445 2577 3616 2624 mente
3634 2581 3718 2638 po«

2147 2662 2258 2718 tius
2276 2670 2362 2718 est
2389 2659 2734 2729 aestimanda,
2759 2676 2864 2715 non
2893 2669 3159 2731 tempore,
3202 2659 3475 2732 propheta
3498 2660 3594 2716 hoc
3616 2659 3719 2715 tali-

2149 2763 2237 2812 ter
2261 2763 2585 2813 asserente:
2629 2752 2761 2809 Cum
2789 2769 3062 2808 conversus
3114 2753 3464 2827 ingemueris,
3495 2762 3608 2807 tunc
3625 2754 3719 2808 sat-

2147 2864 2242 2904 vus
2269 2849 2373 2902 eris
2417 2845 2636 2921 (Ezech.
2664 2861 2819 2913 χινιιι,
2845 2847 2958 2915 '53).
2990 2845 3126 2902 Cum
3177 2861 3315 2919 ergo
3361 2847 3432 2902 sit
3485 2845 3721 2902 Dominus

2151 2942 2336 3000 cordis
2354 2943 2652 3012 inspector,
2671 2942 2862 3012 quovis
2886 2949 3133 3014 tempore
3154 2957 3261 2998 non
3281 2970 3285 2975 -
3312 2950 3400 2998 est
3432 2939 3721 3010 deneganda

2153 3034 2474 3107 pmnitentia
2499 3033 2813 3103 postulanti,
2842 3049 2964 3089 cum
2994 3034 3072 3089 illi
3111 3048 3172 3091 se
3197 3033 3411 3106 obliget
3453 3033 3612 3105 judici
3647 3031 3722 3089 cui

2153 3126 2370 3184 occulta
2394 3127 2575 3182 omnia
2607 3127 2821 3182 noverit
2845 3125 3096 3182 revelari.

458 3290 525 3342 iis
553 3287 644 3354 qni
674 3302 700 3339 a
730 3285 1045 3356 monasticae
1066 3284 1193 3356 vita:
1225 3281 1564 3356 professione
1584 3281 1649 3356 ad
1674 3283 2047 3356 episcopatum
2078 3288 2124 3352 C
2157 3301 2370 3340 mnnes.
2393 3283 2721 3356 Nominatim
2738 3301 2866 3340 vero
2889 3285 3212 3343 Sirmondus
3231 3287 3382 3356 apud
3399 3287 3528 3343 Lab.
3552 3295 3668 3342 tom.
3691 3283 3728 3342 ll

459 3353 722 3426 assumpti
753 3355 987 3420 fuerant,
1025 3355 1112 3408 hic
1151 3354 1498 3426 praedicatur,
1532 3353 1720 3406 Amicti
1750 3353 1933 3426 pallio.
1985 3356 2052 3410 Et

462 3423 771 3496 hujusmodi
820 3427 1038 3495 quidem
1089 3423 1596 3496 pallioCesarinm
1652 3424 2046 3492 Arelatensem,

463 3494 552 3554 ubi
584 3499 650 3552 ad
681 3494 1046 3567 episcopatum
1072 3495 1370 3567 accersitus
1402 3494 1565 3558 venit,
1597 3495 2056 3567 amictumituisse

463 3565 742 3627 Ennodius
762 3569 922 3636 epist.
968 3568 1072 3623 150
1101 3573 1270 3620 n0tat.
1299 3565 1565 3636 Quocirca
1597 3579 1718 3618 mox
1746 3566 1904 3620 dictis
1933 3584 2056 3622 ver-

463 3643 548 3697 bis
569 3639 785 3710 pallium
802 3635 1164 3710 monasticam
1192 3640 1394 3710 rectius
1416 3635 1871 3710 intellexerimus,
1895 3654 2052 3705 quam

464 3706 588 3767 cum
619 3711 898 3764 l-lolstenio
929 3708 1072 3763 notis
1104 3709 1157 3761 in
1185 3708 1468 3776 epistolam
1521 3706 1730 3760 Damasi
1779 3708 1846 3761 ad
1878 3710 2058 3763 Acho-

469 3786 599 3838 lium
629 3792 682 3836 et
711 3781 887 3836 socios
917 3780 1136 3847 pallium
1170 3777 1622 3847 philosoiihicum,
1679 3779 1820 3845 quod
1864 3796 1891 3831 a
1950 3781 2056 3834 Da-

467 3868 622 3908 maso
647 3854 700 3907 in
731 3851 918 3906 eadem
950 3850 1178 3918 epistola
1225 3849 1436 3903 habitus
1467 3847 1596 3902 idoli
1626 3858 1869 3913 vocatur,
1923 3860 1977 3904 et
2027 3868 2054 3904 ιι

468 3941 575 3994 quo
599 3924 901 3994 pltilOSOplti
931 3922 1000 3975 ab
1038 3919 1476 3994 A_ug_n‘stirno_lib.
1504 3934 1601 3994 χιιι
1631 3919 1698 3972 de
1732 3919 1848 3972 (Σίν.
1886 3921 1976 3975 Dei
2004 3938 2053 3994 ο.

471 3990 540 4051 16
565 3990 1016 4066 cognominantur
1053 3990 1634 4066 Pulliati._Tacendttm
1664 4003 1882 4066 nonest
1913 3993 2056 4066 quod

471 4061 792 4122 Cresconius
819 4079 940 4119 cum
971 4064 1073 4118 hoc
1092 4061 1372 4118 leestini
1406 4064 1524 4116 loco
1555 4063 1654 4114 sub
1683 4061 1871 4114 eodem
1906 4063 2060 4116 titulo

470 4137 688 4207 copulat
715 4145 768 4190 et
789 4137 950 4190 istum
976 4135 1189 4207 concilii
1220 4132 1551 4207 Gangrensis
1581 4147 1703 4185 can.
1735 4130 1829 4188 l2:
1864 4133 1924 4188 Si
1949 4137 2060 4201 quis

470 4206 700 4262 virorum
727 4216 938 4278 propter
988 4206 1354 4278 continentiam
1373 4246 1388 4268 ,
1434 4219 1571 4278 qua:_
1597 4213 1837 4278 putatur,
1872 4210 2060 4278 amictu

473 4279 624 4347 pallii
646 4273 836 4343 utitur,
855 4277 1000 4346 quasi
1027 4291 1115 4347 per
1153 4277 1246 4328 hoc
1268 4275 1451 4329 habere
1471 4291 1524 4347 se
1542 4273 1797 4347 justitiam
1819 4275 2055 4347 credens,

473 4345 521 4404 et
549 4350 762 4418 despicit
804 4345 888 4402 eos
915 4349 1000 4414 qui
1028 4345 1146 4400 cum
1177 4347 1453 4400 reverentia
1497 4345 1648 4418 birris
1697 4353 1743 4396 tt
1773 4345 1891 4418 aliis
1912 4363 2060 4418 _t‘_om-

473 4415 714 4474 munibus
741 4429 787 4472 et
809 4420 972 4472 solitis
997 4428 1212 4471 utuntur
1240 4418 1478 4479 vestibus,
1501 4417 1774 4468 anathema
1799 4415 1884 4469 sit.
1911 4415 2062 4472 Unde

475 4500 702 4561 apparet
742 4489 965 4561 pallium
994 4489 1231 4561 speciale
1272 4487 1541 4558 quoddam
1591 4485 1756 4541 fuisse
1804 4487 2063 4554 professa:

475 4559 823 4617 continentia:
846 4559 1120 4612 indicium.

548 4642 573 4671 ⁸·
600 4633 724 4723 Haec
756 4631 944 4723 verba.
968 4646 1072 4723 una
1097 4644 1214 4723 cum
1237 4628 1448 4723 sucula,
1479 4628 1531 4723 in
1562 4642 1666 4723 ιιηο
1695 4643 1796 4680 ms.
1823 4629 1975 4683 Colb.
2006 4639 2060 4683 et
2090 4665 2138 4723 D

476 4705 650 4758 altero
676 4701 924 4756 Laudun.
967 4701 1184 4754 desunt.
1236 4699 1310 4754 Ea
1341 4698 1637 4753 omittenda
1691 4713 1796 4751 non
1827 4713 1944 4753 esse
1992 4714 2061 4754 ex

477 4773 736 4827 subnexis
762 4773 976 4840 planum
1009 4781 1109 4825 est.
1168 4771 1314 4824 Eane
1343 4785 1370 4822 a
1401 4769 1696 4824 Caelestino
1727 4770 1779 4823 in
1818 4769 2062 4838 Evange—

480 4849 552 4899 lio
582 4845 740 4899 Lucae
771 4856 896 4897 tunc
942 4843 1076 4896 lecta
1109 4853 1254 4906 sunt,
1281 4855 1399 4910 qua:
1431 4855 1574 4893 nunc
1620 4842 1670 4892 in
1703 4841 1849 4894 nullo
1878 4856 2062 4894 exem-

482 4917 616 4980 plari
647 4917 873 4983 legimus
900 4916 922 4965 ‘t
948 4912 1090 4966 Nihil
1123 4913 1259 4966 forte
1288 4911 1431 4965 aliud
1453 4911 1623 4983 voluit
1656 4911 1933 4983 illepapa,
1960 4913 2062 4966 nisi

479 4996 540 5041 ut
564 4981 876 5041 ostenderet
899 4999 1061 5054 quam
1089 4985 1486 5054 incommodum
1531 4981 1692 5045 foret,
1729 4982 1774 5036 si
1805 4984 2063 5050 prmsnles

479 5075 602 5112 cum
651 5057 839 5111 baculo
871 5053 1032 5126 quem
1063 5053 1434 5126 ecclesiastico
1475 5067 1570 5106 usu
1621 5061 1835 5122 gestare
1865 5055 2059 5126 solent,

479 5136 642 5184 etiam
679 5124 923 5183 lucernas
952 5125 1204 5180 ardentes
1240 5125 1290 5177 in
1328 5126 1575 5178 manibus
1619 5140 1682 5178 ex
1737 5124 2062 5194 evangelica:

480 5208 671 5255 blllel'."
713 5199 1027 5266 praescripto
1057 5205 1315 5250 tenerent.

551 5272 580 5310 δ
613 5272 754 5326 Edit.
790 5269 947 5324 lium.
975 5278 1029 5322 et
1055 5268 1251 5321 concil.
1283 5282 1403 5320 cum
1441 5266 1702 5334 exemplis
1731 5268 1854 5322 coll.
1903 5267 2061 5330 Had.,

482 5343 690 5396 habent.
720 5341 940 5396 Rectius
981 5339 1070 5392 alii
1116 5338 1259 5404 libri,
1290 5339 1524 5391 habeant.
1560 5339 1823 5392 Permittit
1867 5339 2064 5405 quippe

480 5412 1076 5470 leestinnshabitnm
1132 5409 1280 5462 illum
1333 5409 1658 5476 singularem
1709 5412 2061 5461 remutiornin

485 5487 724 5538 lucorum
751 5482 1166 5543 habitatoribus,
1193 5480 1296 5533 hoc
1323 5489 1407 5534 est
1437 5479 1713 5532 monachis
1741 5479 1834 5547 qui
1884 5481 2061 5546 procul

482 5570 513 5607 a
535 5559 744 5610 carteris
795 5554 1101 5607 hominibus
1130 5550 1419 5614 degebant.
1453 5548 1755 5613 cujusmndi
1790 5559 1944 5602 erant
1977 5548 2064 5603 Li-

486 5627 721 5680 rinensis
749 5627 934 5677 insulae
967 5624 1175 5677 inet-lae.
1203 5623 1320 5676 Jam
1355 5621 1514 5688 igitur
1546 5633 1660 5673 111ος
1687 5630 1739 5672 et
1771 5634 1900 5673 usus
1927 5621 2067 5674 obti-

487 5705 700 5759 nuerat,
734 5707 792 5748 ut
821 5712 849 5748 a
880 5695 1038 5763 vulgo
1069 5692 1314 5747 monachi
1347 5691 1602 5763 vestibus
1635 5700 2062 5763 secernerontnr.

564 5775 586 5803 ο
621 5765 748 5820 Inde
785 5761 1227 5838 conﬁci—censent
1271 5761 1488 5838 eruditi,
1539 5762 1797 5838 laicormn
1844 5761 2069 5815 clerico-

489 5851 717 5911 rumque
746 5845 922 5891 vestes
967 5835 1151 5906 primis
1182 5834 1434 5889 Ecclesiae
1463 5832 1675 5886 sarculis
1705 5832 1870 5885 fuisse
1918 5847 2063 5888 com~

2159 3358 2370 3412 Concil.
2403 3371 2527 3426 pag.
2563 3355 2700 3410 1817
2744 3357 2973 3412 clericos
3004 3375 3032 3412 a
3059 3361 3273 3414 caeteris
3303 3375 3414 3414 non
3452 3361 3501 3413 in
3528 3360 3629 3412 vita
3656 3371 3729 3411 so-

2163 3428 2272 3482 lum
2297 3425 2594 3490 communi,
2637 3425 2732 3482 sed
2759 3438 2815 3482 et
2844 3443 2999 3484 sacro
3029 3430 3079 3485 in
3109 3431 3414 3486 ministerio
3443 3430 3616 3484 habitu
3657 3430 3728 3482 in-

2159 3499 2431 3572 discretos
2451 3497 2616 3572 fuisse
2627 3499 2842 3572 astruit.
2865 3498 2978 3555 Nec
2999 3497 3306 3572 dissimulat
3328 3501 3467 3572 quod
3495 3500 3730 3569 llierony-

2162 3585 2280 3624 mus
2308 3569 2426 3624 haec
2478 3569 2793 3644 Ezechielis
2818 3585 2971 3639 xuv,
3005 3571 3068 3644 17
3093 3589 3106 3624 :
3136 3569 3370 3644 Cumque
3412 3572 3730 3644 ingredieutur

2161 3650 2337 3709 portas
2387 3641 2507 3693 atrii
2563 3640 2841 3707 interioris,
2893 3642 3112 3696 vestibus
3157 3640 3303 3699 lineis
3349 3640 3632 3706 induantur,
3671 3642 3730 3695 ita

2160 3719 2584 3788 commentatur:
2639 3709 2769 3788 Per_
2790 3729 2906 3783 qua:
2931 3714 3198 3788 discimus,
3228 3731 3336 3788 non
3357 3713 3652 3788 quotidianis
3692 3719 3732 3765 et

2161 3781 2469 3850 quibuslibet
2494 3797 2585 3852 pro
2609 3799 2706 3835 usu
2727 3781 2840 3837 vita:
2859 3786 3140 3838 communis
3168 3781 3384 3852 pollutis
3413 3787 3620 3840 vestibus
3651 3797 3732 3836 nos

2160 3852 2366 3925 ingredi
2398 3852 2580 3905 debere
2605 3855 2860 3925 in‘sancta
2910 3867 3226 3918 sanctorum.
3270 3857 3364 3910 sed
3409 3854 3595 3910 munda
3621 3869 3731 3907 con-

2162 3922 2377 3977 scientia
2416 3933 2463 3976 et
2511 3922 2717 3975 mundis
2742 3925 2961 3978 vestibus
2984 3935 3152 3980 tenere
3182 3925 3396 3981 Domini
3419 3931 3731 3980 sacramenta.

2163 3994 2348 4068 Neque
2378 3994 2506 4068 hinc
2531 3993 2596 4046 de
2624 3996 2892 4068 sententia
2925 4005 3192 4051 movetur.
3229 3997 3324 4051 llis
3353 3999 3545 4068 quippe
3575 3995 3735 4068 lliero-

2165 4065 2312 4137 nymi
2330 4065 2520 4137 verbis
2545 4066 2856 4137 mundiores
2885 4068 3099 4136 quidem
3123 4078 3176 4123 et
3198 4065 3502 4132 nitidiores,
3521 4066 3614 4123 sed
3646 4079 3736 4137 non

2165 4135 2469 4203 singulares
2495 4147 2547 4188 et
2576 4136 2642 4188 ad
2672 4151 2883 4190 sacrum
2908 4135 3185 4193 dumtaxat
3214 4139 3567 4195 ministerium
3589 4135 3737 4192 desti-

2167 4219 2321 4261 natas
2349 4214 2526 4280 vestes
2555 4208 2922 4280 commendari
2953 4211 3219 4280 intelligit.
3245 4209 3393 4266 Idem
3423 4211 3584 4265 sentit
3610 4215 3659 4280 el
3681 4205 3738 4260 de

2165 4292 2231 4348 eo
2255 4277 2397 4347 quod
2423 4276 2563 4331 idem
2593 4277 2782 4332 doctor
2807 4279 2937 4334 dial.
2967 4279 2991 4332 1
3018 4276 3202 4334 contra
3229 4281 3523 4346 Pelagium,
3553 4279 3633 4348 qui
3652 4291 3738 4348 ve-

2167 4347 2328 4402 stium
2359 4356 2606 4401 ornatum
2651 4350 2761 4403 Deo
2789 4351 3066 4406 adversari
3091 4351 3474 4413 contendebat.
3498 4347 3602 4405 ait:
3627 4347 3739 4413 Qua

2165 4428 2305 4479 sunt,
2321 4419 2760 4489 rogo,inimicititv
2771 4431 2949 4474 contra
2964 4420 3203 4490 Deum,si
3216 4424 3444 4477 tunicam
3456 4421 3608 4476 habeo
3619 4434 3738 4472 mun-

2167 4490 2383 4562 diorem,
2412 4492 2452 4543 si
2481 4491 2769 4562 episcopus,
2813 4495 3075 4562 presbyter
3101 4502 3150 4547 et
3181 4495 3430 4547 diaconus
3463 4504 3510 4546 et
3539 4491 3738 4559 reliquus

2170 4560 2296 4612 ordo
2315 4561 2684 4614 ecclesiasticus
2706 4563 2757 4615 in
2779 4560 3232 4618 administratione
3250 4581 3368 4618 cum
3391 4563 3605 4618 candida
3623 4566 3738 4614 veste

2167 4631 2549 4712 processerint?
2574 4633 2644 4686 Ibi
2667 4633 3124 4712 enimcandidam
3147 4647 3353 4712 vestem
3385 4637 3739 4712 interpretatur

2165 4701 2409 4782 nitidam.
2425 4702 2730 4782 Qbservant
2747 4705 2860 4771 alii,
2877 4716 3055 4759 vestes
3071 4707 3190 4760 illas
3209 4705 3568 4782 nitidas‘dum
3587 4701 3736 4756 rarius

2164 4773 2219 4825 in
2235 4787 2387 4827 usum
2406 4773 2792 4828 adhiberentur
2807 4787 2859 4829 et
2889 4788 3301 4832 asservarentur
3330 4775 3638 4841 studiosius,
3656 4784 3735 4825 eo-

2164 4858 2271 4911 que
2303 4844 2634 4911 pactocitius
2657 4855 2957 4901 mutaretur
2985 4849 3290 4902 communis
3311 4849 3534 4903 vestium
3565 4844 3734 4902 forma.

2163 4929 2338 4989 quam
2365 4914 2762 4989 illa3_pet_'irent,
2797 4919 3054 4986 paulatim
3087 4919 3326 4974 evasisse
3366 4919 3673 4989 singulares.

2237 4983 2264 5021 ιι
2294 4985 2444 5039 Merl.
2470 4986 2632 5041 Crab.
2675 4996 2732 5042 et
2755 4983 2886 5043 edit.
2919 4991 3074 5044 llom.
3117 5006 3240 5043 cum
3264 4989 3390 5045 Isid.
3414 4983 3671 5043 illudendi.

2241 5066 2265 5092 θ
2298 5055 2632 5112 Veterrimus
2659 5060 2834 5114 codex
2879 5060 3068 5125 Corb.,
3111 5071 3326 5114 mortem
3373 5057 3738 5125 morientich

2168 5127 2364 5182 deinde
2381 5171 2393 5193 ,
2421 5135 2623 5183 tantum
2648 5141 2952 5194 revertatur,
2970 5124 3062 5187 ubi
3087 5132 3229 5202 apud
3251 5131 3575 5199 Quesn.,sed
3595 5124 3735 5197 magi?

2173 5207 2227 5250 ut
2254 5210 2603 5254 convertatur.

2249 5268 2267 5304 ί
2302 5269 2438 5345 Ειιίιί
2463 5285 2584 5324 cum
2619 5289 2720 5328 ms.
2747 5273 2910 5345 Pith.,
2940 5276 3118 5329 mortis
3135 5283 3360 5345 tempore
3381 5280 3736 5345 ιρεωωηιροε·

2174 5342 2441 5414 nitentium
2468 5345 2754 5414 denegarit.
2790 5344 2832 5399 E
2858 5347 3071 5400 caeteris
3101 5342 3247 5400 mss.’
3267 5346 3468 5409 nullus,
3496 5344 3630 5414 sicui
3649 5350 3733 5414 nec

2175 5413 2292 5474 lvo,
2319 5411 2482 5467 habet
2502 5408 2782 5483 speratam.
2813 5417 2920 5472 Sed
2950 5427 3104 5471 vetus
3132 5417 3296 5472 Corb.
3326 5408 3574 5473 cumnno
3595 5408 3731 5466 Colb.

2176 5497 2284 5560 pra!
2317 5483 2545 5560 ξιξ-[ενι.
2568 5500 2833 5554 praetereat
2861 5501 3091 5560 tempore
3120 5490 3466 5560 paenitentiam
3487 5487 3729 5560 «teneant?-

2175 5553 2428 5632 ιιιοηιιιιιιῑ
2458 5550 2642 5632 ςιΙιίέρε
2656 5568 2841 5613 ωιενεα
2863 5550 3088 5626 tempore
3103 5550 3450 5632 paenitentiam
3471 5550 3730 5632 dettegurt'l.

2183 5624 2371 5700 Verius
2393 5624 2606 5692 reliqui,
2632 5633 2900 5699 prwteriti,
2928 5624 3065 5688 etc.:
3097 5624 3240 5700 quod
3273 5635 3340 5683 ita
3366 5631 3500 5682 foret
3527 5624 3731 5700 cl_-.iri_ns:

2176 5697 2351 5771 mortis
2374 5706 2600 5771 tempore
2622 5695 2969 5768 paenitentiam
2997 5695 3238 5771 pra’t'eriti
3261 5700 3539 5757 denettarit.
3555 5695 3731 5771 Eodem

2177 5767 2426 5841 loquendi
2458 5766 2627 5824 modo
2645 5774 2805 5841 epist.
2832 5773 2903 5827 ΞΩ
2960 5766 3015 5828 n.
3066 5774 3100 5829 5
3155 5776 3315 5830 visur‘
3349 5785 3567 5827 sumus:
3599 5766 3730 5820 Nunc

2175 5838 2294 5908 quia
2321 5838 2384 5890 de
2413 5841 2654 5912 preteriti
2682 5838 3038 5904 emendatione
3065 5857 3371 5922 gaudemus.
