3976 6336
265 282 366 337 455

738 228 959 345 ὗτᾶτ.
1002 282 1155 353 I.V.S,
1200 282 1589 342 CGZLESTINI
1630 286 1830 342 PAPE
1869 291 1957 345 AD
1999 286 2372 348 EPISCOPOS
2414 289 2615 348 PHOV.
2659 287 3084 347 VIENNENSIS.

3433 290 3547 365 tat

320 397 451 453 Car.
482 396 572 452 llr.
598 423 671 438 —-
698 396 754 452 4.
794 395 1083 455 Ordinatos
1124 410 1257 457 vero
1298 401 1598 470 quosdam,
1647 400 1841 458 fratres
1868 405 1918 465 Α
1944 404 2299 476 direximus),
2352 408 2405 462 in
2445 408 2703 477 pontificii
2760 407 3074 476 dignitatem
3123 406 3225 462 lioc
3269 414 3513 476 tempore

254 490 583 557 cbarissimi,
611 491 933 561 episcopos,
959 494 1047 563 qui
1093 494 1258 548 nullis
1287 494 1671 549 ecclesiasticis
1698 494 1847 550 ordi-

257 580 414 637 nibus
436 582 505 637 ad
539 590 701 636 tanta:
733 582 1007 654 dignitatis
1052 584 1318 656 fastigium
1353 586 1553 641 fuerint
1589 586 1842 655 instituti,

252 686 442 734 contra
472 686 499 714 ι
548 676 769 731 Patrum
801 677 1042 743 decreta,
1076 678 1237 748 hujus
1269 681 1618 751 usurpatione
1664 682 1755 752 qui
1784 695 1844 737 se

251 771 711 844 bocrecognoscit
737 770 935 828 fecisse
956 772 1277 839 didicimus;
1307 788 1428 828 cum
1459 773 1525 828 ad
1556 773 1843 844 episcopa—

246 874 361 923 tum
391 864 479 921 bis
517 863 774 937 gradibus
801 865 996 937 quibus
1025 865 1460 937 frequentissime
1508 876 1727 923 cautum
1758 878 1843 925 est

246 957 444 1015 debeat
493 958 793 1028 perveniri,
845 968 903 1013 ut
947 960 1250 1016 minoribus
1296 962 1490 1017 initiati
1530 961 1725 1019 officiis
1772 962 1839 1020 ad

244 1052 453 1123 majora
482 1051 787 1108 firmentur.
827 1054 994 1111 Debet
1026 1058 1171 1111 enim
1194 1063 1324 1113 ante
1367 1072 1489 1114 esse
1518 1057 1834 1129 discipulus,

242 1145 487 1217 quisquis
508 1145 697 1200 doctor
725 1162 845 1202 esse
865 1146 1165 1211 desiderat,
1188 1159 1247 1203 ut
1268 1149 1439 1218 possit
1469 1149 1669 1206 docere
1690 1150 1838 1221 quod

240 1239 452 1295 didicit.
479 1238 667 1295 Omnis
696 1239 822 1295 vita:
860 1240 1130 1296 institutio
1151 1242 1251 1297 hac
1280 1242 1345 1295 ad
1370 1242 1419 1297 id
1446 1258 1553 1312 quo
1582 1244 1755 1298 tendit
1778 1259 1838 1300 se

240 1331 454 1387 ratione
474 1331 782 1386 confirmat.
810 1331 911 1399 Qui
936 1332 1158 1387 minime
1182 1333 1377 1388 litteris
1405 1349 1627 1403 operam
1670 1333 1838 1391 dede-

240 1423 333 1489 rit,
359 1434 667 1492 praeceptor
696 1438 819 1479 esse
847 1440 955 1478 non
1013 1433 1196 1495 potest
1239 1425 1567 1481 litterarum.
1592 1425 1696 1495 Qui
1727 1442 1834 1483 non

239 1530 337 1584 per
357 1516 569 1587 singula
594 1516 860 1587 stipendia
889 1519 1141 1584 erexerit,
1190 1519 1255 1572 ad
1300 1519 1550 1573 meritum
1577 1519 1832 1589 stipendii

236 1608 484 1662 ordinem
522 1623 629 1663 non
678 1617 859 1677 potest
889 1610 1197 1678 pervenire.
1230 1609 1418 1666 Solum
1466 1612 1829 1666 sacerdotium

238 1700 384 1755 inter
412 1700 537 1767 ista,
572 1714 721 1771 rogo,
771 1701 934 1757 vilius
965 1700 1081 1757 est?
1109 1701 1256 1772 quod
1310 1701 1521 1757 facilius
1552 1702 1826 1769 tribuitur,

236 1807 359 1847 cum
388 1791 663 1848 difficilius
690 1794 996 1864 impleatur.

309 1884 364 1939 5.
389 1884 498 1941 Sed
516 1886 626 1955 jam
651 1901 756 1940 nou
787 1886 921 1941 satis
942 1895 1025 1941 est
1056 1886 1222 1942 Iaicos
1249 1886 1525 1954 ordinare,
1551 1901 1689 1958 quos
1710 1887 1833 1943 nul-

238 1978 317 2031 lus
338 1978 455 2032 fieri
483 1978 617 2032 ordo
650 1976 934 2047 permittit,
985 1978 1081 2033 sed
1109 1979 1271 2033 etiam
1317 1994 1546 2048 quorum
1600 1979 1827 2034 crimina

238 2070 395 2139 longe
426 2069 644 2139 lateque
668 2085 763 2137 per
785 2083 979 2124 omnes
1001 2084 1141 2139 pene
1189 2079 1314 2125 sunt
1347 2080 1471 2124 nota
1499 2071 1826 2141 provincias,

235 2162 581 2217 ordinantur.
611 2161 822 2228 Daniel,
856 2177 1028 2231 nuper
1058 2162 1221 2217 missa
1249 2162 1513 2218 relatione
1544 2178 1611 2218 ex
1639 2161 1833 2219 Orien-

239 2254 435 2309 talibus
466 2254 534 2309 ad
565 2268 663 2309 nos
684 2255 948 2325 partibus,
972 2254 1041 2308 ab
1084 2254 1233 2309 omni
1265 2254 1410 2324 quod
1445 2264 1691 2310 tenuerat
1715 2253 1830 2309 vir-

232 2348 414 2417 ginum
440 2347 772 2402 monasterio
798 2347 1018 2402 nefariis
1060 2355 1143 2402 est
1186 2346 1581 2416 objectionibus
1610 2360 1831 2401 accusa-

234 2451 337 2495 tus.
370 2439 591 2496 Multab
640 2440 708 2494 de
752 2440 937 2495 multis
973 2440 1183 2510 objecta
1224 2439 1446 2511 ﬂagitia.
1476 2439 1536 2495 In
1587 2454 1821 2510 quanam

235 2535 427 2589 lateret
452 2541 721 2588 terrarum
751 2542 907 2598 parte
928 2532 1186 2602 qumsitus
1208 2542 1310 2597 est,
1341 2542 1399 2586 ut
1436 2532 1481 2586 si
1531 2547 1643 2587 suas
1674 2532 1829 2586 inno-

233 2625 424 2680 centize
478 2624 810 2687 conﬁderet,
846 2634 1034 2680 contra
1081 2640 1141 2680 se
1180 2624 1446 2694 judicium
1493 2624 1824 2695 postulatum

234 2719 459 2774 minime
490 2718 807 2772 declinaret.
832 2728 854 2756 ο
884 2718 1102 2772 Missum
1126 2719 1191 2772 ad
1222 2717 1596 2773 Arelatensem
1617 2717 1831 2787 episco-

233 2830 355 2883 pum
388 2829 490 2883 per
516 2813 873 2869 Fortunatum
929 2812 1322 2869 subdiaconum
1373 2821 1636 2879 nostrum,
1672 2819 1733 2866 ut
1760 2811 1830 2867 ad

232 2906 492 2975 judicium
530 2906 919 2969 destinaretur,
976 2903 1305 2972 epistolium.
1340 2902 1527 2959 Tantis
1571 2913 1831 2973 gravatus

233 2995 582 3061 testimoniis,
623 3004 767 3050 tanta
820 2994 1119 3050 facinorum
1170 2996 1512 3049 accusatione
1564 2994 1827 3064 pulsatus,

233 3103 534 3152 sacrarum,
553 3097 609 3143 ut
631 3088 848 3155 dicitur,
866 3088 1131 3159 virginum
1161 3087 1398 3158 pollutus
1422 3086 1652 3153 incestu,
1687 3086 1833 3158 epis-

1949 512 2057 565 quo
2087 498 2153 551 ad
2186 514 2403 553 causam
2434 500 2717 554 dicendam
2752 500 2933 554 missis
2961 516 2991 555 a
3024 500 3178 554 nobis
3220 499 3415 554 litteris
3448 516 3513 550 vn

1948 590 2197 655 cabatur,
2226 591 2486 661 obrepsit.
2522 592 2686 645 Sacro
2722 591 2924 647 nomini
2958 592 3097 647 absit
3127 590 3321 661 injuria
3381 590 3529 645 Faci-

1947 681 2051 737 lius
2079 693 2164 738 est
2193 694 2248 736 ut
2272 682 2409 739 hanc
2442 684 2754 753 dignitatem
2787 684 2877 738 tali
2910 684 3088 739 dando
3133 684 3248 755 ipse
3296 683 3531 736 amiserii

1950 783 1973 812 ε
2000 775 2299 843 ordinator,
2325 793 2483 847 quam
2540 792 2658 831 eam
2689 777 2935 831 obtineat
2961 777 3242 832 ordinatus
3266 794 3279 827 :
3305 776 3389 831 cui
3416 792 3519 830 cun

1945 866 2086 921 victo
2132 867 2430 921 sociabitur
2478 868 2568 938 qui
2609 883 2733 923 eum
2780 867 2882 922 sibi
2950 867 3201 937 credidit,
3259 868 3533 937 largiendo

1949 960 2309 1030 pontificium,
2344 959 2681 1015 sociandum.
2733 961 2917 1028 Qualis
2943 962 3086 1016 enim
3119 962 3233 1030 ipse
3272 962 3362 1027 sit,
3391 962 3512 1031 quis

1944 1054 2065 1124 quis
2087 1054 2224 1109 tales
2276 1052 2563 1122 ordinavit,
2591 1051 2851 1107 ostendit.
2904 1051 2997 1107 His
3022 1068 3152 1123 ergo
3181 1053 3234 1108 in
3297 1051 3533 1108 medium

1944 1161 2087 1201 nunc
2114 1145 2385 1213 deductis,
2408 1146 2527 1201 curii
2562 1145 2803 1215 plerique
2826 1153 3061 1199 vestrum
3112 1145 3245 1209 sint,
3276 1147 3365 1216 qui
3406 1161 3512 1214 apo

1940 1238 2145 1293 stolicte
2197 1238 2343 1293 sedis
2384 1247 2585 1292 statuta
2639 1238 3040 1306 cognoverint,
3077 1236 3357 1292 nobiscum
3400 1248 3533 1293 tento

1942 1345 2073 1401 pore
2112 1329 2385 1401 aliquanto
2413 1333 2635 1397 versati,
2662 1331 2727 1384 ad
2772 1330 3076 1401 disciplinae
3108 1345 3376 1397 normam,
3407 1346 3534 1386 nos-

1939 1422 2036 1477 tris
2089 1434 2351 1479 conventa
2420 1422 2937 1489 adhortationibus,
2988 1424 3169 1478 omnia
3226 1423 3533 1479 fraternitas

1939 1522 2116 1569 vestra
2148 1529 2403 1570 revivcare
2429 1514 2665 1570 festinet.

2002 1605 2133 1663 Cn.
2167 1607 2256 1663 iV.
2282 1637 2353 1648 —
2377 1610 2429 1663 6.
2464 1608 2724 1676 Primum,
2772 1618 2852 1677 ut,
2892 1609 3048 1679 juxta
3080 1609 3299 1665 decreta
3347 1622 3516 1663 cano-

1937 1718 2090 1767 num,
2116 1718 2454 1773 unaquxeque
2488 1700 2763 1772 provincia
2804 1719 2904 1759 suo
2944 1702 3365 1772 metropolitano
3394 1716 3527 1757 con-

1861 1800 1909 1861 B
1939 1804 2081 1851 tenta
2115 1796 2205 1862 sit,
2241 1805 2300 1850 ut
2328 1795 2633 1851 decessoris
2679 1796 2853 1850 nostri
2886 1794 2907 1833 ί
2940 1794 3063 1850 data
3109 1794 3176 1849 ad
3209 1792 3526 1848 Narbonen-

1939 1905 2052 1944 sem
2090 1889 2411 1959 episcopum
2453 1888 2735 1945 continent
2761 1889 3075 1953 constituta,
3112 1901 3211 1943 nec
3243 1895 3269 1934 Β
3302 1901 3531 1955 usurpa-

1941 1980 2071 2035 tioni
2105 1981 2256 2036 locus
2292 1980 2455 2036 alicui
2508 1980 2779 2036 sacerdoti
2822 1981 2874 2036 in
2922 1978 3150 2035 alterius
3195 1978 3529 2035 concedatur

1938 2073 2212 2142 injuriam.
2257 2073 2341 2129 Sit
2372 2074 2644 2129 concessis
2683 2074 2787 2128 sibi
2832 2082 3123 2128 contentus
3162 2071 3532 2141 unusquisque

1941 2165 2240 2232 limitibus;
2274 2166 2412 2222 alter
2443 2168 2495 2221 in
2535 2167 2759 2222 alterius
2788 2166 3064 2237 provincia
3104 2166 3177 2221 nil
3209 2173 3526 2237 praesumat.

2004 2258 2057 2311 7.
2087 2257 2195 2313 Nec
2218 2258 2461 2314 emeritis
2487 2259 2540 2314 in
2575 2260 2692 2314 suis
2716 2258 2965 2315 ecclesiis
3007 2258 3222 2314 clericis
3255 2256 3528 2326 peregrini

1932 2361 1987 2407 et
2013 2351 2260 2406 extranei
2302 2361 2357 2406 et
2385 2350 2479 2422 qui
2526 2361 2653 2406 ante
2702 2351 2934 2421 ignorati
2983 2350 3112 2415 sint,
3150 2349 3219 2404 ad
3258 2350 3530 2405 exclusioo

1934 2458 2057 2497 nem
2100 2458 2291 2498 eorum
2321 2444 2413 2513 qui
2456 2442 2593 2498 bene
2635 2442 2701 2497 de
2748 2456 2969 2497 suorum
2997 2442 3202 2496 civium
3252 2450 3531 2495 merentur

1932 2536 2269 2603 testimonio,
2321 2546 2724 2606 praeponantur,
2773 2551 2844 2592 no
2890 2551 3085 2590 novum
3126 2534 3420 2606 quoddam,
3454 2532 3524 2589 de

1934 2642 2041 2698 quo
2082 2627 2324 2696 episcOpi
2365 2628 2511 2693 liant,
2545 2628 2853 2681 institutum
2883 2626 3135 2682 videatur
3184 2641 3309 2683 esse
3356 2626 3525 2681 colle-

1930 2720 2101 2790 gium.
2134 2718 2355 2775 —Car.
2412 2719 2474 2773 V.
2527 2718 2716 2775 Nullus
2763 2718 2947 2774 invitis
3001 2718 3164 2774 detur
3209 2719 3523 2788 episcopus.

1933 2810 2101 2877 Cleri,
2130 2811 2303 2881 plebis
2331 2819 2387 2866 et
2410 2811 2640 2877 ordinis,
2670 2825 2971 2866 consensus
2998 2826 3060 2865 ac
3082 2809 3414 2866 desiderium
3438 2824 3529 2865 re-

1941 2904 2203 2974 quiratur.
2238 2903 2393 2957 Tunc
2424 2904 2562 2957 alter
2591 2902 2660 2957 de
2690 2903 2857 2957 altera
2906 2902 3137 2972 eligatur
3171 2901 3435 2965 Ecclesia,
3477 2900 3522 2956 si

1933 2996 2004 3050 de
2032 2995 2274 3049 civitatis
2321 2994 2490 3062 ipsius
2536 2993 2752 3049 clericis
2802 2993 2887 3047 cui
2918 3004 3003 3048 est
3048 2993 3333 3062 episcopus
3372 2991 3525 3045 ordi-

1933 3088 2165 3153 nandus,
2203 3087 2381 3140 nullus
2410 3086 2625 3155 dignus,
2659 3085 2800 3155 quod
2840 3084 3061 3140 evenire
3090 3099 3197 3140 non
3228 3083 3524 3147 credimus,

234 3194 403 3250 cepus
426 3180 691 3236 asseritur
719 3180 1000 3235 ordinatus
1040 3181 1059 3251 (
1087 3180 1141 3235 in
1174 3180 1374 3235 nostris
1404 3180 1568 3236 libelli
1599 3178 1818 3237 scriniis
1845 3193 1891 3257 (ς
1922 3182 2163 3253 potuerit
2228 3180 2477 3249 reperiri.
2537 3179 2782 3234 Primum
2847 3180 2990 3234 enim
3051 3180 3129 3233 illi
3194 3178 3525 3248 reprobandi

236 3272 663 3339 dcontinentur,
695 3290 925 3345 quorum
955 3274 1023 3329 ad
1076 3290 1173 3329 vos
1219 3289 1437 3344 quoque
1481 3274 1817 3345 exemplaria

309 3532 334 3560 ⁸
365 3521 543 3579 Siricii
578 3520 831 3592 videlicet
857 3521 1019 3591 epist.
1052 3520 1109 3586 5,
1139 3537 1195 3576 n.
1226 3521 1280 3576 5.
1324 3520 1624 3578 lnnocentii
1663 3522 1828 3592 epist.

240 3595 304 3651 37
338 3612 393 3648 n.
419 3592 476 3657 4.
502 3593 707 3647 Zosimi
736 3591 897 3661 epist.
925 3592 959 3646 9
988 3593 1114 3647 n.2.
1142 3593 1236 3647 llis
1260 3593 1409 3648 addit
1430 3591 1756 3651 scboliastes
1780 3596 1833 3650 in

244 3666 439 3720 Harleo
471 3682 573 3718 ms.
615 3663 861 3719 Silvestri
892 3664 1169 3719 decretum
1215 3664 1277 3719 il
1328 3674 1382 3720 et
1416 3665 1482 3719 l2
1512 3680 1579 3720 ex
1617 3666 1835 3721 Consti-

242 3747 357 3862 ante.
402 3736 687 3804 videlicet,
720 3733 864 3806 quod
907 3735 960 3789 iu
1007 3735 1363 3806 appendicem
1407 3745 1540 3795 tom.
1575 3737 1617 3791 ll
1649 3752 1836 3791 aman-

278 3823 507 3862 avunus.

278 3823 507 3862 avunus.

311 3879 340 3918 δ
363 3878 514 3933 Edit.
543 3876 703 3933 Rom.
731 3888 783 3931 et
821 3875 981 3943 Lab.,
1006 3894 1039 3931 a
1078 3877 1274 3932 multis.
1304 3878 1455 3934 Unus
1484 3894 1611 3943 ms.,
1645 3895 1763 3950 qua:
1804 3896 1835 3933 a

248 3950 445 4005 multis.

319 4032 341 4060 ε
368 4021 444 4076 Ita
475 4029 633 4075 vetus
661 4016 1066 4091 codex.”Corb.
1099 4034 1220 4074 cum
1252 4021 1401 4076 Colb.
1429 4021 1530 4075 nisi
1581 4020 1726 4091 quod
1783 4026 1835 4077 in

250 4091 351 4146 hoc
372 4092 742 4161 episcOpalem,
778 4094 828 4143 in
859 4090 955 4162 illo
978 4090 1369 4162 episcopalium,
1402 4093 1520 4146 locn
1552 4090 1701 4146 vocis
1728 4094 1837 4159 epi-

252 4165 480 4224 stolium,
513 4171 711 4217 exstet.
759 4161 1013 4215 Eamdem
1070 4161 1356 4217 lectionem
1387 4162 1669 4217 confirmat
1701 4164 1837 4218 alter

252 4250 348 4290 ms.
380 4233 537 4289 Colb.
563 4232 988 4303 Langobardicis
1019 4232 1215 4287 litteris
1244 4245 1521 4298 exaratus,
1556 4242 1745 4303 utpote
1782 4234 1833 4287 iu

250 4321 352 4375 quo
375 4306 593 4374 legitur,
612 4301 787 4358 Missa:
808 4304 876 4356 ad
900 4304 1248 4357 Arelatensem
1269 4305 1564 4373 episcopum
1588 4301 1676 4368 per
1697 4301 1834 4357 For—

251 4386 483 4431 tunatam
506 4376 884 4430 subdiaconum
920 4386 1176 4442 nostrum,
1206 4386 1259 4427 ut
1287 4376 1356 4428 ad
1386 4376 1649 4445 judicium
1675 4376 1835 4428 desti-

250 4458 483 4514 naretur,
507 4447 759 4516 epistolar.
800 4446 884 4501 Ab
915 4446 1017 4499 boc
1047 4449 1319 4514 primasvaa
1347 4445 1686 4501 collectionis
1713 4445 1839 4500 Dio-

249 4519 383 4590 nysii
413 4518 692 4590 exemplar
714 4517 916 4590 regium
931 4525 1135 4571 tantum
1167 4518 1220 4590 in
1244 4531 1313 4572 eo
1337 4516 1521 4581 distat,
1546 4516 1685 4586 quod
1714 4526 1840 4572 ante

248 4586 437 4652 verba,
470 4599 527 4641 ut
564 4588 632 4641 ad
653 4588 940 4658 judicium,
972 4602 1086 4658 prte
1112 4602 1171 4643 se
1195 4586 1302 4643 fert
1323 4590 1687 4659 prwceptiones
1719 4602 1840 4657 per-

248 4676 431 4728 peram
446 4660 716 4713 additum.
742 4658 945 4714 Hincin
978 4659 1245 4724 exemplis
1265 4658 1392 4714 coll.
1422 4658 1589 4713 Hadr.
1615 4658 1837 4723 factum,

528 4731 897 4802 praceptiones
926 4731 1066 4802 ut_ad
1084 4730 1342 4802 judicium
1365 4731 1710 4802 destinaretur
1732 4731 1843 4801 epi-

246 4801 473 4867 scopale.
492 4800 621 4856 inde
642 4801 695 4854 in
714 4802 905 4865 priscis
930 4800 1063 4855 edit.
1087 4801 1283 4857 concil.
1299 4809 1354 4856 et
1375 4802 1531 4856 Rom.
1555 4809 1614 4855 ut
1635 4800 1689 4855 in
1708 4800 1838 4856 mss.

251 4873 372 4927 Isid.
408 4872 667 4935 obtinuit,
701 4870 879 4945 Missae
901 4879 1120 4927 sunt....
1153 4874 1537 4945 prteceptiones,
1574 4881 1631 4924 ut
1659 4871 1726 4925 ad
1745 4872 1837 4941 ju-

246 4945 438 4998 dicium
465 4943 759 5009 episcopale
798 4942 1179 5008 destinaretur;
1210 4942 1377 4999 Sirm.
1411 4942 1592 4997 Missa:
1619 4951 1832 4997 sunt....

248 5025 301 5088 ut
350 5015 423 5068 ad
467 5015 746 5088 judicium
786 5014 1080 5088 episcopale
1131 5015 1513 5088 destinaretur,
1560 5012 1836 5088 epistolae;

245 5086 449 5155 Quesn.
468 5084 593 5140 cum
623 5084 786 5140 tertio
814 5099 914 5141 ms.
945 5084 1100 5140 Colb.
1124 5096 1175 5140 et
1198 5086 1355 5152 Lab.,
1392 5084 1555 5140 Missa
1578 5094 1654 5139 est
1681 5084 1834 5153 (Lab.

247 5158 451 5211 omittit
480 5156 601 5229 est),
642 5165 697 5229 ut
726 5156 795 5210 ad
832 5157 1096 5229 judicium
1135 5158 1425 5229 episcopale
1473 5157 1836 5229 destinaretur,

248 5229 491 5298 epistola.
529 5228 585 5282 lu
639 5228 741 5281 hoc
772 5227 1003 5297 peccant
1029 5243 1218 5283 omnes
1251 5227 1357 5282 illae
1403 5229 1695 5291 lectiones,
1751 5227 1837 5280 vel

247 5300 391 5381 quod
425 5297 744 5381 addititium
778 5300 1004 5353 verbum
1045 5300 1413 5381 prteceptiones
1462 5298 1723 5380 habeant.
1756 5298 1839 5381 vel

249 5370 391 5437 quod
418 5383 487 5423 ex
530 5378 782 5437 corrupta
812 5384 945 5425 voce
973 5368 1206 5440 epistola!
1233 5369 1513 5424 inductum
1554 5368 1842 5440 episcopale

250 5440 576 5494 vocabulum
599 5454 702 5494 una
725 5454 848 5511 eum
871 5440 987 5510 ipsa
1010 5439 1244 5511 epistola:
1272 5455 1404 5495 voce
1424 5439 1843 5511 retineant.Ne-

250 5526 354 5578 que
384 5524 517 5581 vero
538 5511 625 5581 de
655 5509 948 5579 episcopali
995 5509 1287 5581 provincia:
1327 5511 1664 5565 Arelatensis
1702 5509 1845 5578 judi-

251 5581 361 5647 cio,
393 5580 489 5635 sed
516 5580 585 5637 de
607 5579 815 5649 judicio
857 5579 1167 5651 apostolica:
1208 5582 1377 5647 sedis,
1409 5582 1475 5635 ad
1505 5596 1664 5649 quam
1696 5582 1845 5636 dela-

254 5660 366 5706 tum
393 5651 567 5706 fuerat
596 5652 830 5706 Danielis
853 5667 1070 5717 nomen,
1097 5666 1403 5707 sermonem
1436 5652 1525 5706 hic
1546 5666 1691 5714 esse,
1717 5666 1840 5705 ver-

253 5720 382 5776 bum
426 5723 777 5776 destinaretur
810 5738 873 5778 ae
918 5732 1027 5777 tota
1073 5723 1334 5777 orationis
1375 5723 1546 5777 series
1592 5723 1840 5776 suadent.

261 5793 537 5848 Prmdictze
583 5795 735 5847 vocis
778 5792 1070 5866 episcopale
1111 5796 1420 5849 accessione
1462 5794 1719 5863 deceptus
1764 5794 1845 5848 vir

1930 3283 2078 3339 sunt,
2116 3282 2172 3327 ut
2208 3271 2373 3338 aliqui
2400 3271 2467 3324 de
2498 3270 2689 3325 alienis
2717 3271 2967 3326 ecclesiis
2998 3271 3191 3325 merito
3230 3268 3528 3340 przeferan-

1937 3524 2216 3588 eruditus,
2264 3523 2547 3593 quxsilum
2594 3524 2923 3579 existimavit
2979 3522 3293 3590 Danielem,
3352 3532 3404 3578 ut
3451 3522 3519 3577 ad

1938 3597 2232 3651 orientales
2258 3592 2564 3664 episcopos,
2592 3599 2658 3646 ali
2685 3595 2750 3649 iis
2782 3607 2832 3646 ttt
2862 3594 3092 3664 propriis
3135 3594 3402 3664 episcopis
3442 3592 3528 3661 ju-

1939 3667 2222 3733 dicaudus,
2247 3663 2613 3720 destinaretur
2658 3665 2980 3736 V’erumipse
2997 3663 3338 3733 Calestinus,
3367 3666 3524 3731 infra,

1939 3754 2087 3791 unm.
2115 3738 2168 3794 9.
2193 3741 2260 3791 de
2282 3748 2462 3790 mente
2486 3752 2580 3789 sua
2610 3736 2885 3804 ambigere
2919 3751 3015 3789 nos
3042 3753 3145 3790 non
3172 3736 3321 3796 sinit,
3350 3737 3436 3789 ubi
3458 3737 3528 3790 de

1939 3810 2127 3861 eodem
2160 3808 2383 3861 Daniele
2418 3807 2651 3872 snlijicit,
2684 3810 2772 3877 qui
2803 3826 2856 3861 se
2887 3820 3060 3861 nostro
3100 3817 3230 3873 (non
3278 3807 3526 3861 Orienta-

1940 3880 2093 3947 lium)
2116 3880 2318 3951 judicio
2346 3878 2488 3933 debet
2519 3880 2756 3949 objicere.
2785 3878 2953 3933 Porro
2982 3878 3527 3951 epistoliurnperiude

1940 3960 2023 4006 est
2052 3948 2215 4019 atque
2246 3954 2550 4003 mandatum
2576 3948 2775 4003 litteris
2816 3948 3215 4004 denuntiatum.
3259 3948 3525 4013 Quocirca

1938 4021 2029 4091 qui
2064 4037 2203 4074 nunc
2243 4022 2399 4073 misso
2430 4021 2685 4087 epistolio,
2722 4035 2847 4074 mox
2881 4022 3050 4074 missis
3086 4038 3118 4073 a
3145 4019 3291 4073 nobis
3340 4020 3524 4072 litteris

1939 4101 2161 4146 viicati-s
2189 4091 2404 4144 dltilllll‘.
2436 4092 2481 4144 Is
2512 4107 2640 4146 vero
2672 4095 2980 4161 episcopus.
3014 4091 3079 4144 ad
3103 4106 3265 4157 quem
3296 4090 3521 4143 mis~um

1943 4164 2043 4217 hoc
2071 4163 2403 4229 epistulium,
2458 4162 2763 4216 Honoratus
2816 4163 2935 4227 funt,
2981 4162 3073 4230 qui
3106 4163 3350 4216 Patroclo
3380 4176 3526 4215 anno

1941 4234 2064 4296 426,
2102 4245 2156 4286 ut
2200 4234 2429 4302 Prosper
2461 4235 2512 4286 in
2561 4233 2834 4287 Chronico
2869 4242 3060 4288 auctor
3088 4244 3199 4298 est,
3233 4245 3374 4285 cazso
3394 4246 3526 4286 suc-

1939 4318 2120 4359 CCSSII.

2014 4373 2209 4428 dEdit.
2266 4376 2445 4435 Itom.,
2503 4377 2823 4437 continetur;
2871 4375 3022 4429 Meri.
3084 4382 3140 4428 et
3184 4375 3341 4429 Crab.
3397 4384 3528 4444 post

1945 4447 2093 4509 lsid.,
2126 4448 2256 4498 utin
2286 4449 2475 4499 nostris
2514 4445 2696 4499 libellis
2732 4448 2909 4499 scrinii
2935 4446 3261 4510 continetur;
3289 4450 3520 4512 Quesn..

1943 4530 1990 4569 et
2030 4530 2080 4570 ut
2122 4520 2174 4569 in
2212 4519 2371 4570 nostri
2404 4517 2578 4570 scrinii
2611 4516 2799 4570 libellis
2829 4518 3149 4580 continetur;
3177 4518 3529 4571 etnendnntur

1943 4605 2007 4643 ex
2043 4589 2159 4641 aliis
2195 4588 2368 4642 libris.
2410 4589 2588 4640 Μυιιιιι
2617 4588 2938 4641 Cwlesunus
2979 4588 3278 4641 libellorum
3312 4587 3377 4640 ad
3408 4604 3469 4642 se
3493 4601 3527 4640 ι

1948 4670 2058 4712 toto
2089 4659 2349 4726 virginum
2385 4658 2710 4712 monasterio
2738 4660 2997 4714 adversus
3027 4658 3297 4712 Danielent
3333 4658 3527 4713 misso-

1948 4747 2086 4795 rum,
2118 4745 2343 4799 quormn
2374 4731 2679 4797 apograpba
2717 4731 2905 4794 mittit,
2949 4730 3279 4799 autographa
3308 4728 3362 4783 in
3392 4743 3527 4798 apo-

1946 4802 2152 4856 stolica:
2183 4800 2327 4855 sedis
2350 4802 2565 4855 seriuiis
2594 4801 2881 4855 asservari.

2018 4882 2042 4910 ⁶
2065 4870 2438 4926 Ordinatorem
2486 4872 2808 4939 liujusmodi,
2845 4886 2950 4924 non
2990 4887 3149 4926 secus
3186 4880 3347 4941 atque
3374 4870 3529 4926 ordi-

1946 4954 2153 5001 natum.
2185 4945 2373 4996 eadem
2420 4956 2574 5011 pretia
2609 4942 2763 5010 plecti
2808 4945 3009 5009 pariter
3036 4941 3282 4997 Zosimus
3309 4943 3468 5012 epist,
3494 4941 3528 4995 7

1943 5031 1999 5069 n.
2030 5016 2066 5067 ‘2
2092 5016 2226 5067 vult.

2022 5083 2039 5121 ί
2070 5084 2322 5139 tionifacii
2353 5085 2512 5152 epist.
2548 5084 2632 5137 η.

2019 5155 2122 5209 ειη
2177 5158 2405 5225 vulgatis
2458 5168 2513 5209 ut
2562 5159 2611 5208 in
2660 5172 2762 5211 ms.
2820 5156 2992 5218 Pitlt.,
3043 5154 3436 5226 usurpationis.
3468 5153 3530 5211 In

1949 5227 2214 5295 exemplis
2245 5224 2368 5280 culi.
2396 5226 2556 5281 Hadr.
2584 5236 2637 5279 et
2667 5227 2815 5291 lsid.,
2846 5224 3201 5295 usurpatione.
3235 5224 3380 5279 Istud
3404 5225 3529 5282 Cm-

1950 5245 2214 5295 exemptts
2245 5245 2368 5280 coit.
2396 5245 2556 5281 naur.
2584 5245 2637 5279 et
2667 5245 2815 5291 tsiu.,
2846 5245 2972 5280 usur
3012 5245 3201 5281 attone.
3235 5245 3380 5279 sstuu
3404 5245 3529 5282 ιιω-

1950 5298 2174 5351 lestinus
2204 5308 2323 5364 post
2350 5298 2617 5351 laudatam
2645 5300 2925 5367 epistolam
2950 5245 3148 5352 ΤΕιεὶιηί
3177 5297 3243 5349 ad
3270 5296 3531 5351 llilarium

1952 5350 2354 5422 Narlmneiisrm
2401 5350 2712 5436 subiiciens:
3155 5368 3296 5437 quod
3345 5350 3565 5421 Patro-'l

1952 5440 2070 5493 elus
2131 5439 2184 5492 in
2237 5440 2370 5493 duas
2422 5439 2798 5494 Narbonenses
2852 5440 3158 5508 provincias
3226 5438 3534 5508 obtinuerat

1954 5513 2315 5579 usurpationis
2365 5527 2590 5578 arguere
2627 5507 2935 5564 videturne
2974 5520 3180 5579 notare.
3232 5507 3343 5563 Nec
3386 5508 3537 5561 aliud

1950 5582 2167 5648 quidem
2205 5582 2311 5634 Leo
2352 5584 2509 5649 epist.
2546 5583 2605 5635 ll
2643 5599 2691 5633 n.
2743 5584 2773 5635 7
2805 5582 2873 5637 de
2904 5581 3005 5634 boe
3037 5580 3313 5647 privilegio
3342 5579 3544 5634 sentit»

1953 5650 2252 5706 Fatendum
2286 5664 2461 5705 tamen
2484 5661 2568 5705 est
2596 5653 2902 5719 generalem
2949 5650 3036 5706 bic
3078 5665 3108 5702 a
3140 5650 3438 5704 Caelestino
3466 5650 3536 5703 de
3592 5656 3600 5676 τ

1951 5723 2200 5777 omnibus
2247 5724 2532 5790 provinciis
2586 5723 2826 5787 regulam
2867 5719 3172 5791 praescribi,
3217 5734 3313 5775 seu
3358 5720 3535 5790 potius
3586 5736 3599 5761 ε

1950 5794 2282 5848 conﬁrmari.
