  <div class='ocr_page' id='page_1' title='image "/cluster/home/n/w/nwhite01/storage/ocr_20150623/50/hvd.32044015471550/225.png"; bbox 0 0 3976 6336; ppageno 0'>
   <div class='ocr_carea' id='block_1_1' title="bbox 485 195 590 251">
    <p class='ocr_par' dir='ltr' id='par_1_1' title="bbox 485 195 590 251">
     <span class='ocr_line' id='line_1_1' title="bbox 485 195 590 251; baseline -0.01 0"><span class='ocrx_word' id='word_1_1' title='bbox 485 195 590 251; x_wconf 71' lang='grc' dir='ltr'><strong>ιδθ</strong></span> 
     </span>
    </p>
   </div>
   <div class='ocr_carea' id='block_1_2' title="bbox 1269 189 2971 250">
    <p class='ocr_par' dir='ltr' id='par_1_2' title="bbox 1269 189 2971 250">
     <span class='ocr_line' id='line_1_2' title="bbox 1269 189 2971 250; baseline -0.002 -2"><span class='ocrx_word' id='word_1_2' title='bbox 1269 193 1324 248; x_wconf 79' lang='grc' dir='ltr'><strong>ς.</strong></span> <span class='ocrx_word' id='word_1_3' title='bbox 1366 189 1759 250; x_wconf 76' lang='lat' dir='ltr'><strong>CCELESTINI</strong></span> <span class='ocrx_word' id='word_1_4' title='bbox 1797 190 1814 242; x_wconf 83' lang='grc' dir='ltr'><strong>Ι</strong></span> <span class='ocrx_word' id='word_1_5' title='bbox 1857 189 2057 244; x_wconf 71' lang='grc' dir='ltr'><strong>ΡΑΡᾸΕ</strong></span> <span class='ocrx_word' id='word_1_6' title='bbox 2097 189 2455 247; x_wconf 62' lang='lat' dir='ltr'><strong>EPISTOLE</strong></span> <span class='ocrx_word' id='word_1_7' title='bbox 2495 191 2583 247; x_wconf 83' lang='lat' dir='ltr'><strong>ET</strong></span> <span class='ocrx_word' id='word_1_8' title='bbox 2624 189 2971 249; x_wconf 81' lang='lat' dir='ltr'><strong>DECRETA.</strong></span> 
     </span>
    </p>
   </div>
   <div class='ocr_carea' id='block_1_3' title="bbox 3661 199 3752 260">
    <p class='ocr_par' dir='ltr' id='par_1_3' title="bbox 3661 199 3752 260">
     <span class='ocr_line' id='line_1_3' title="bbox 3661 199 3752 260; baseline 0 -3"><span class='ocrx_word' id='word_1_9' title='bbox 3661 199 3752 260; x_wconf 67' lang='grc' dir='ltr'><strong>αι</strong></span> 
     </span>
    </p>
   </div>
   <div class='ocr_carea' id='block_1_4' title="bbox 485 283 3756 378">
    <p class='ocr_par' dir='ltr' id='par_1_4' title="bbox 485 283 3756 378">
     <span class='ocr_line' id='line_1_4' title="bbox 485 283 3756 378; baseline 0.002 -17"><span class='ocrx_word' id='word_1_10' title='bbox 485 323 608 364; x_wconf 91' lang='lat' dir='ltr'><strong>nem</strong></span> <span class='ocrx_word' id='word_1_11' title='bbox 639 305 984 363; x_wconf 72' lang='lat' dir='ltr'><strong>beatitudinis</strong></span> <span class='ocrx_word' id='word_1_12' title='bbox 1021 317 1145 372; x_wconf 67' lang='lat' dir='ltr'><strong>tuae,</strong></span> <span class='ocrx_word' id='word_1_13' title='bbox 1181 322 1298 376; x_wconf 82' lang='lat' dir='ltr'><strong>quae</strong></span> <span class='ocrx_word' id='word_1_14' title='bbox 1323 315 1508 360; x_wconf 91' lang='lat' dir='ltr'><strong>contra</strong></span> <span class='ocrx_word' id='word_1_15' title='bbox 1540 319 1634 360; x_wconf 90' lang='lat' dir='ltr'><strong>eos</strong></span> <span class='ocrx_word' id='word_1_16' title='bbox 1664 318 1762 373; x_wconf 92' lang='lat' dir='ltr'><strong>pro</strong></span> <span class='ocrx_word' id='word_1_17' title='bbox 1790 303 1954 358; x_wconf 78' lang='lat' dir='ltr'><strong>sectis</strong></span> <span class='ocrx_word' id='word_1_18' title='bbox 1985 319 2072 360; x_wconf 88' lang='lat' dir='ltr'><strong>re-</strong></span> <span class='ocrx_word' id='word_1_19' title='bbox 2103 306 2151 367; x_wconf 84' lang='grc' dir='ltr'>Α</span> <span class='ocrx_word' id='word_1_20' title='bbox 2180 305 2448 361; x_wconf 90' lang='lat' dir='ltr'><strong>Deitatem</strong></span> <span class='ocrx_word' id='word_1_21' title='bbox 2479 293 2757 377; x_wconf 86' lang='lat' dir='ltr'><strong>Unigeniti</strong></span> <span class='ocrx_word' id='word_1_22' title='bbox 2795 316 2850 362; x_wconf 91' lang='lat' dir='ltr'><strong>et</strong></span> <span class='ocrx_word' id='word_1_23' title='bbox 2880 283 2948 362; x_wconf 86' lang='lat' dir='ltr'><strong>ad</strong></span> <span class='ocrx_word' id='word_1_24' title='bbox 2981 305 3250 378; x_wconf 76' lang='lat' dir='ltr'><strong>originem</strong></span> <span class='ocrx_word' id='word_1_25' title='bbox 3277 305 3585 378; x_wconf 75' lang='lat' dir='ltr'><strong>conjuncta:</strong></span> <span class='ocrx_word' id='word_1_26' title='bbox 3600 315 3756 373; x_wconf 77' lang='lat' dir='ltr'><strong>carnis</strong></span> 
     </span>
    </p>
   </div>
   <div class='ocr_carea' id='block_1_5' title="bbox 487 398 2075 474">
    <p class='ocr_par' dir='ltr' id='par_1_5' title="bbox 487 398 2075 474">
     <span class='ocr_line' id='line_1_5' title="bbox 487 398 2075 474; baseline -0.003 -15"><span class='ocrx_word' id='word_1_27' title='bbox 487 404 700 474; x_wconf 88' lang='lat' dir='ltr'><strong>ligionis</strong></span> <span class='ocrx_word' id='word_1_28' title='bbox 730 406 866 459; x_wconf 85' lang='lat' dir='ltr'><strong>forte</strong></span> <span class='ocrx_word' id='word_1_29' title='bbox 888 413 914 439; x_wconf 79' lang='grc' dir='ltr'>ι</span> <span class='ocrx_word' id='word_1_30' title='bbox 943 402 1163 472; x_wconf 89' lang='lat' dir='ltr'><strong>probata</strong></span> <span class='ocrx_word' id='word_1_31' title='bbox 1190 410 1292 464; x_wconf 85' lang='lat' dir='ltr'><strong>est,</strong></span> <span class='ocrx_word' id='word_1_32' title='bbox 1323 399 1466 455; x_wconf 82' lang='lat' dir='ltr'><strong>aliud</strong></span> <span class='ocrx_word' id='word_1_33' title='bbox 1496 398 1748 469; x_wconf 82' lang='lat' dir='ltr'><strong>quiddam</strong></span> <span class='ocrx_word' id='word_1_34' title='bbox 1782 413 1942 469; x_wconf 91' lang='lat' dir='ltr'><strong>quam</strong></span> <span class='ocrx_word' id='word_1_35' title='bbox 1973 398 2075 454; x_wconf 89' lang='lat' dir='ltr'><strong>hoc</strong></span> 
     </span>
    </p>
   </div>
   <div class='ocr_carea' id='block_1_6' title="bbox 483 490 2077 553">
    <p class='ocr_par' dir='ltr' id='par_1_6' title="bbox 483 490 2077 553">
     <span class='ocr_line' id='line_1_6' title="bbox 483 490 2077 553; baseline -0.004 -1"><span class='ocrx_word' id='word_1_36' title='bbox 483 497 772 553; x_wconf 66' lang='lat' dir='ltr'><strong>aestiment.</strong></span> <span class='ocrx_word' id='word_1_37' title='bbox 803 495 937 551; x_wconf 81' lang='lat' dir='ltr'><strong>Nam</strong></span> <span class='ocrx_word' id='word_1_38' title='bbox 974 503 1242 550; x_wconf 80' lang='lat' dir='ltr'><strong>sectarum</strong></span> <span class='ocrx_word' id='word_1_39' title='bbox 1280 495 1495 548; x_wconf 82' lang='lat' dir='ltr'><strong>novitas</strong></span> <span class='ocrx_word' id='word_1_40' title='bbox 1521 490 1551 530; x_wconf 71' lang='grc' dir='ltr'>δ</span> <span class='ocrx_word' id='word_1_41' title='bbox 1583 492 1805 547; x_wconf 87' lang='lat' dir='ltr'><strong>multam</strong></span> <span class='ocrx_word' id='word_1_42' title='bbox 1839 499 2077 549; x_wconf 85' lang='lat' dir='ltr'><strong>meretur</strong></span> 
     </span>
    </p>
   </div>
   <div class='ocr_carea' id='block_1_7' title="bbox 483 587 1882 670">
    <p class='ocr_par' dir='ltr' id='par_1_7' title="bbox 483 587 1882 670">
     <span class='ocr_line' id='line_1_7' title="bbox 483 587 1882 670; baseline -0.004 -24"><span class='ocrx_word' id='word_1_43' title='bbox 483 589 854 646; x_wconf 89' lang='lat' dir='ltr'><strong>defensionem</strong></span> <span class='ocrx_word' id='word_1_44' title='bbox 886 603 916 643; x_wconf 92' lang='lat' dir='ltr'><strong>a</strong></span> <span class='ocrx_word' id='word_1_45' title='bbox 945 589 1088 645; x_wconf 87' lang='lat' dir='ltr'><strong>veris</strong></span> <span class='ocrx_word' id='word_1_46' title='bbox 1111 587 1438 658; x_wconf 80' lang='lat' dir='ltr'><strong>pastoribus.</strong></span> <span class='ocrx_word' id='word_1_47' title='bbox 1809 655 1882 670; x_wconf 40' lang='grc' dir='ltr'><em>Α</em></span> 
     </span>
    </p>
   </div>
   <div class='ocr_carea' id='block_1_8' title="bbox 554 677 2075 752">
    <p class='ocr_par' dir='ltr' id='par_1_8' title="bbox 554 677 2075 752">
     <span class='ocr_line' id='line_1_8' title="bbox 554 677 2075 752; baseline -0.001 -14"><span class='ocrx_word' id='word_1_48' title='bbox 554 684 610 738; x_wconf 75' lang='lat'><strong>2.</strong></span> <span class='ocrx_word' id='word_1_49' title='bbox 643 682 800 740; x_wconf 87' lang='lat' dir='ltr'><strong>Unde</strong></span> <span class='ocrx_word' id='word_1_50' title='bbox 829 690 886 738; x_wconf 87' lang='lat' dir='ltr'><strong>et</strong></span> <span class='ocrx_word' id='word_1_51' title='bbox 911 695 1012 737; x_wconf 92' lang='lat' dir='ltr'><strong>nos</strong></span> <span class='ocrx_word' id='word_1_52' title='bbox 1045 695 1151 736; x_wconf 93' lang='lat' dir='ltr'><strong>non</strong></span> <span class='ocrx_word' id='word_1_53' title='bbox 1175 679 1444 736; x_wconf 91' lang='lat' dir='ltr'><strong>modicam</strong></span> <span class='ocrx_word' id='word_1_54' title='bbox 1462 679 1869 752; x_wconf 74' lang='lat' dir='ltr'><strong>corruptionem</strong></span> <span class='ocrx_word' id='word_1_55' title='bbox 1887 677 2075 737; x_wconf 84' lang='lat' dir='ltr'><strong>ortho-</strong></span> 
     </span>
    </p>
   </div>
   <div class='ocr_carea' id='block_1_9' title="bbox 485 773 2076 846">
    <p class='ocr_par' dir='ltr' id='par_1_9' title="bbox 485 773 2076 846">
     <span class='ocr_line' id='line_1_9' title="bbox 485 773 2076 846; baseline -0.003 -13"><span class='ocrx_word' id='word_1_56' title='bbox 485 777 666 834; x_wconf 71' lang='lat' dir='ltr'><strong>doxiae</strong></span> <span class='ocrx_word' id='word_1_57' title='bbox 693 777 832 846; x_wconf 89' lang='lat' dir='ltr'><strong>apud</strong></span> <span class='ocrx_word' id='word_1_58' title='bbox 862 775 1124 845; x_wconf 91' lang='lat' dir='ltr'><strong>quosdam</strong></span> <span class='ocrx_word' id='word_1_59' title='bbox 1173 775 1260 830; x_wconf 90' lang='lat' dir='ltr'><strong>hic</strong></span> <span class='ocrx_word' id='word_1_60' title='bbox 1287 775 1624 844; x_wconf 86' lang='lat' dir='ltr'><strong>reperientes</strong></span> <span class='ocrx_word' id='word_1_61' title='bbox 1648 815 1662 839; x_wconf 92' lang='lat'><strong>,</strong></span> <span class='ocrx_word' id='word_1_62' title='bbox 1710 783 1767 830; x_wconf 90' lang='lat' dir='ltr'><strong>et</strong></span> <span class='ocrx_word' id='word_1_63' title='bbox 1803 774 1884 828; x_wconf 86' lang='lat' dir='ltr'><strong>ira</strong></span> <span class='ocrx_word' id='word_1_64' title='bbox 1915 781 1972 829; x_wconf 91' lang='lat' dir='ltr'><strong>et</strong></span> <span class='ocrx_word' id='word_1_65' title='bbox 1997 773 2076 828; x_wconf 87' lang='lat' dir='ltr'><strong>le-</strong></span> 
     </span>
    </p>
   </div>
   <div class='ocr_carea' id='block_1_10' title="bbox 487 863 2073 939">
    <p class='ocr_par' dir='ltr' id='par_1_10' title="bbox 487 863 2073 939">
     <span class='ocr_line' id='line_1_10' title="bbox 487 863 2073 939; baseline -0.004 -14"><span class='ocrx_word' id='word_1_66' title='bbox 487 871 656 926; x_wconf 90' lang='lat' dir='ltr'><strong>nitate</strong></span> <span class='ocrx_word' id='word_1_67' title='bbox 683 869 828 926; x_wconf 87' lang='lat' dir='ltr'><strong>circa</strong></span> <span class='ocrx_word' id='word_1_68' title='bbox 857 882 1036 939; x_wconf 85' lang='lat' dir='ltr'><strong>aegros</strong></span> <span class='ocrx_word' id='word_1_69' title='bbox 1063 867 1306 938; x_wconf 90' lang='lat' dir='ltr'><strong>quotidie</strong></span> <span class='ocrx_word' id='word_1_70' title='bbox 1336 866 1560 922; x_wconf 90' lang='lat' dir='ltr'><strong>utimur.</strong></span> <span class='ocrx_word' id='word_1_71' title='bbox 1607 866 1703 922; x_wconf 86' lang='lat' dir='ltr'><strong>Est</strong></span> <span class='ocrx_word' id='word_1_72' title='bbox 1730 866 1872 921; x_wconf 91' lang='lat' dir='ltr'><strong>enim</strong></span> <span class='ocrx_word' id='word_1_73' title='bbox 1907 863 2073 934; x_wconf 71' lang='lat' dir='ltr'><strong>aegri-</strong></span> 
     </span>
    </p>
   </div>
   <div class='ocr_carea' id='block_1_11' title="bbox 487 959 2071 1032">
    <p class='ocr_par' dir='ltr' id='par_1_11' title="bbox 487 959 2071 1032">
     <span class='ocr_line' id='line_1_11' title="bbox 487 959 2071 1032; baseline -0.003 -14"><span class='ocrx_word' id='word_1_74' title='bbox 487 962 618 1018; x_wconf 88' lang='lat' dir='ltr'><strong>tudo</strong></span> <span class='ocrx_word' id='word_1_75' title='bbox 663 977 768 1016; x_wconf 93' lang='lat' dir='ltr'><strong>non</strong></span> <span class='ocrx_word' id='word_1_76' title='bbox 798 975 960 1030; x_wconf 89' lang='lat' dir='ltr'><strong>parva</strong></span> <span class='ocrx_word' id='word_1_77' title='bbox 985 1002 1000 1027; x_wconf 88' lang='lat'><strong>,</strong></span> <span class='ocrx_word' id='word_1_78' title='bbox 1033 961 1128 1016; x_wconf 88' lang='lat' dir='ltr'><strong>sed</strong></span> <span class='ocrx_word' id='word_1_79' title='bbox 1157 960 1339 1016; x_wconf 87' lang='lat' dir='ltr'><strong>affinis</strong></span> <span class='ocrx_word' id='word_1_80' title='bbox 1367 960 1634 1032; x_wconf 86' lang='lat' dir='ltr'><strong>putredini</strong></span> <span class='ocrx_word' id='word_1_81' title='bbox 1679 959 2010 1030; x_wconf 82' lang='lat' dir='ltr'><strong>Apollinaris</strong></span> <span class='ocrx_word' id='word_1_82' title='bbox 2047 969 2071 998; x_wconf 73' lang='grc' dir='ltr'><strong><em>ο</em></strong></span> 
     </span>
    </p>
   </div>
   <div class='ocr_carea' id='block_1_12' title="bbox 486 1053 2073 1112">
    <p class='ocr_par' dir='ltr' id='par_1_12' title="bbox 486 1053 2073 1112">
     <span class='ocr_line' id='line_1_12' title="bbox 486 1053 2073 1112; baseline -0.002 0"><span class='ocrx_word' id='word_1_83' title='bbox 486 1065 542 1112; x_wconf 92' lang='lat' dir='ltr'><strong>et</strong></span> <span class='ocrx_word' id='word_1_84' title='bbox 590 1057 727 1112; x_wconf 83' lang='lat' dir='ltr'><strong>Arii.</strong></span> <span class='ocrx_word' id='word_1_85' title='bbox 777 1056 1108 1112; x_wconf 89' lang='lat' dir='ltr'><strong>Dominieam</strong></span> <span class='ocrx_word' id='word_1_86' title='bbox 1159 1056 1302 1112; x_wconf 90' lang='lat' dir='ltr'><strong>enim</strong></span> <span class='ocrx_word' id='word_1_87' title='bbox 1350 1057 1402 1111; x_wconf 93' lang='lat' dir='ltr'><strong>in</strong></span> <span class='ocrx_word' id='word_1_88' title='bbox 1445 1055 1667 1110; x_wconf 83' lang='lat' dir='ltr'><strong>homine</strong></span> <span class='ocrx_word' id='word_1_89' title='bbox 1711 1055 1966 1110; x_wconf 93' lang='lat' dir='ltr'><strong>unionem</strong></span> <span class='ocrx_word' id='word_1_90' title='bbox 2003 1053 2073 1109; x_wconf 88' lang='lat' dir='ltr'><strong>ad</strong></span> 
     </span>
    </p>
   </div>
   <div class='ocr_carea' id='block_1_13' title="bbox 486 1145 2071 1218">
    <p class='ocr_par' dir='ltr' id='par_1_13' title="bbox 486 1145 2071 1218">
     <span class='ocr_line' id='line_1_13' title="bbox 486 1145 2071 1218; baseline -0.003 -14"><span class='ocrx_word' id='word_1_91' title='bbox 486 1148 769 1217; x_wconf 86' lang='lat' dir='ltr'><strong>cujusdam</strong></span> <span class='ocrx_word' id='word_1_92' title='bbox 821 1149 1333 1218; x_wconf 84' lang='lat' dir='ltr'><strong>contemperationis</strong></span> <span class='ocrx_word' id='word_1_93' title='bbox 1415 1147 1791 1204; x_wconf 91' lang='lat' dir='ltr'><strong>confusionem</strong></span> <span class='ocrx_word' id='word_1_94' title='bbox 1871 1145 2071 1216; x_wconf 85' lang='lat' dir='ltr'><strong>passim</strong></span> 
     </span>
    </p>
   </div>
   <div class='ocr_carea' id='block_1_14' title="bbox 504 1239 2068 1312">
    <p class='ocr_par' dir='ltr' id='par_1_14' title="bbox 504 1239 2068 1312">
     <span class='ocr_line' id='line_1_14' title="bbox 504 1239 2068 1312; baseline 0 -16"><span class='ocrx_word' id='word_1_95' title='bbox 504 1240 843 1297; x_wconf 58' lang='lat' dir='ltr'><strong>tomtniscent</strong></span> <span class='ocrx_word' id='word_1_96' title='bbox 872 1257 886 1295; x_wconf 89' lang='lat'><strong>:</strong></span> <span class='ocrx_word' id='word_1_97' title='bbox 937 1241 1072 1296; x_wconf 92' lang='lat' dir='ltr'><strong>adeo</strong></span> <span class='ocrx_word' id='word_1_98' title='bbox 1102 1251 1160 1296; x_wconf 87' lang='lat' dir='ltr'><strong>ttt</strong></span> <span class='ocrx_word' id='word_1_99' title='bbox 1191 1249 1247 1296; x_wconf 88' lang='lat' dir='ltr'><strong>et</strong></span> <span class='ocrx_word' id='word_1_100' title='bbox 1272 1241 1488 1312; x_wconf 89' lang='lat' dir='ltr'><strong>quidam</strong></span> <span class='ocrx_word' id='word_1_101' title='bbox 1535 1242 1674 1312; x_wconf 89' lang='lat' dir='ltr'><strong>apud</strong></span> <span class='ocrx_word' id='word_1_102' title='bbox 1721 1256 1818 1296; x_wconf 89' lang='lat' dir='ltr'><strong>nos</strong></span> <span class='ocrx_word' id='word_1_103' title='bbox 1850 1239 2068 1306; x_wconf 86' lang='lat' dir='ltr'><strong>clerici,</strong></span> 
     </span>
    </p>
   </div>
   <div class='ocr_carea' id='block_1_15' title="bbox 483 1331 2070 1404">
    <p class='ocr_par' dir='ltr' id='par_1_15' title="bbox 483 1331 2070 1404">
     <span class='ocr_line' id='line_1_15' title="bbox 483 1331 2070 1404; baseline 0.001 -18"><span class='ocrx_word' id='word_1_104' title='bbox 483 1346 717 1404; x_wconf 69' lang='lat' dir='ltr'><strong>quorum</strong></span> <span class='ocrx_word' id='word_1_105' title='bbox 749 1332 838 1386; x_wconf 86' lang='lat' dir='ltr'><strong>alii</strong></span> <span class='ocrx_word' id='word_1_106' title='bbox 861 1347 932 1388; x_wconf 74' lang='lat' dir='ltr'><strong>ex</strong></span> <span class='ocrx_word' id='word_1_107' title='bbox 966 1333 1255 1402; x_wconf 86' lang='lat' dir='ltr'><strong>imperitia,</strong></span> <span class='ocrx_word' id='word_1_108' title='bbox 1286 1333 1378 1387; x_wconf 84' lang='lat' dir='ltr'><strong>alii</strong></span> <span class='ocrx_word' id='word_1_109' title='bbox 1405 1347 1473 1387; x_wconf 82' lang='lat' dir='ltr'><strong>ex</strong></span> <span class='ocrx_word' id='word_1_110' title='bbox 1517 1332 1768 1388; x_wconf 67' lang='lat' dir='ltr'><strong>Itazretiea</strong></span> <span class='ocrx_word' id='word_1_111' title='bbox 1801 1331 1989 1387; x_wconf 83' lang='lat' dir='ltr'><strong>fraude</strong></span> <span class='ocrx_word' id='word_1_112' title='bbox 2016 1332 2070 1387; x_wconf 95' lang='lat' dir='ltr'><strong>in</strong></span> 
     </span>
    </p>
   </div>
   <div class='ocr_carea' id='block_1_16' title="bbox 489 1427 2073 1498">
    <p class='ocr_par' dir='ltr' id='par_1_16' title="bbox 489 1427 2073 1498">
     <span class='ocr_line' id='line_1_16' title="bbox 489 1427 2073 1498; baseline 0 -17"><span class='ocrx_word' id='word_1_113' title='bbox 489 1439 551 1482; x_wconf 85' lang='lat' dir='ltr'><strong>se</strong></span> <span class='ocrx_word' id='word_1_114' title='bbox 580 1427 708 1482; x_wconf 91' lang='lat' dir='ltr'><strong>olim</strong></span> <span class='ocrx_word' id='word_1_115' title='bbox 737 1427 932 1492; x_wconf 89' lang='lat' dir='ltr'><strong>celata,</strong></span> <span class='ocrx_word' id='word_1_116' title='bbox 966 1443 1069 1498; x_wconf 90' lang='lat' dir='ltr'><strong>qua</strong></span> <span class='ocrx_word' id='word_1_117' title='bbox 1102 1428 1329 1498; x_wconf 87' lang='lat' dir='ltr'><strong>plurima</strong></span> <span class='ocrx_word' id='word_1_118' title='bbox 1365 1437 1419 1484; x_wconf 90' lang='lat' dir='ltr'><strong>et</strong></span> <span class='ocrx_word' id='word_1_119' title='bbox 1447 1427 1830 1496; x_wconf 82' lang='lat' dir='ltr'><strong>Apostolorum</strong></span> <span class='ocrx_word' id='word_1_120' title='bbox 1864 1437 2073 1496; x_wconf 90' lang='lat' dir='ltr'><strong>tempo-</strong></span> 
     </span>
    </p>
   </div>
   <div class='ocr_carea' id='block_1_17' title="bbox 485 1521 2072 1593">
    <p class='ocr_par' dir='ltr' id='par_1_17' title="bbox 485 1521 2072 1593">
     <span class='ocr_line' id='line_1_17' title="bbox 485 1521 2072 1593; baseline -0.001 -16"><span class='ocrx_word' id='word_1_121' title='bbox 485 1521 636 1578; x_wconf 83' lang='lat' dir='ltr'><strong>ribus</strong></span> <span class='ocrx_word' id='word_1_122' title='bbox 667 1522 1056 1591; x_wconf 83' lang='lat' dir='ltr'><strong>contigerunt,</strong></span> <span class='ocrx_word' id='word_1_123' title='bbox 1091 1531 1363 1591; x_wconf 81' lang='lat' dir='ltr'><strong>tamquam</strong></span> <span class='ocrx_word' id='word_1_124' title='bbox 1397 1522 1637 1578; x_wconf 65' lang='lat' dir='ltr'><strong>haeretici</strong></span> <span class='ocrx_word' id='word_1_125' title='bbox 1679 1530 1947 1593; x_wconf 83' lang='lat' dir='ltr'><strong>aegrotent</strong></span> <span class='ocrx_word' id='word_1_126' title='bbox 1970 1565 1983 1584; x_wconf 87' lang='lat'><strong>.</strong></span> <span class='ocrx_word' id='word_1_127' title='bbox 2016 1529 2072 1577; x_wconf 86' lang='lat' dir='ltr'><strong>et</strong></span> 
     </span>
    </p>
   </div>
   <div class='ocr_carea' id='block_1_18' title="bbox 483 1612 2068 1684">
    <p class='ocr_par' dir='ltr' id='par_1_18' title="bbox 483 1612 2068 1684">
     <span class='ocr_line' id='line_1_18' title="bbox 483 1612 2068 1684; baseline -0.001 -16"><span class='ocrx_word' id='word_1_128' title='bbox 483 1623 672 1682; x_wconf 88' lang='lat' dir='ltr'><strong>aperte</strong></span> <span class='ocrx_word' id='word_1_129' title='bbox 698 1612 1078 1684; x_wconf 80' lang='lat' dir='ltr'><strong>blasphement</strong></span> <span class='ocrx_word' id='word_1_130' title='bbox 1097 1614 1266 1669; x_wconf 90' lang='lat' dir='ltr'><strong>Deum</strong></span> <span class='ocrx_word' id='word_1_131' title='bbox 1292 1613 1526 1670; x_wconf 87' lang='lat' dir='ltr'><strong>Verbum</strong></span> <span class='ocrx_word' id='word_1_132' title='bbox 1547 1614 1690 1668; x_wconf 93' lang='lat' dir='ltr'><strong>Patri</strong></span> <span class='ocrx_word' id='word_1_133' title='bbox 1723 1612 2068 1680; x_wconf 87' lang='lat' dir='ltr'><strong>homousinn,</strong></span> 
     </span>
    </p>
   </div>
   <div class='ocr_carea' id='block_1_19' title="bbox 2181 397 3757 466">
    <p class='ocr_par' dir='ltr' id='par_1_19' title="bbox 2181 397 3757 466">
     <span class='ocr_line' id='line_1_19' title="bbox 2181 397 3757 466; baseline 0.005 -12"><span class='ocrx_word' id='word_1_134' title='bbox 2181 397 2449 466; x_wconf 90' lang='lat' dir='ltr'><strong>referunt,</strong></span> <span class='ocrx_word' id='word_1_135' title='bbox 2483 409 2538 453; x_wconf 92' lang='lat' dir='ltr'><strong>et</strong></span> <span class='ocrx_word' id='word_1_136' title='bbox 2561 399 3016 455; x_wconf 89' lang='lat' dir='ltr'><strong>commortilicant</strong></span> <span class='ocrx_word' id='word_1_137' title='bbox 3041 402 3219 456; x_wconf 86' lang='lat' dir='ltr'><strong>carni.</strong></span> <span class='ocrx_word' id='word_1_138' title='bbox 3239 397 3481 456; x_wconf 85' lang='lat' dir='ltr'><strong>Carnem</strong></span> <span class='ocrx_word' id='word_1_139' title='bbox 3502 415 3628 456; x_wconf 84' lang='lat' dir='ltr'><strong>vero</strong></span> <span class='ocrx_word' id='word_1_140' title='bbox 3649 418 3757 462; x_wconf 80' lang='lat' dir='ltr'><strong>con-</strong></span> 
     </span>
    </p>
   </div>
   <div class='ocr_carea' id='block_1_20' title="bbox 2175 493 3756 567">
    <p class='ocr_par' dir='ltr' id='par_1_20' title="bbox 2175 493 3756 567">
     <span class='ocr_line' id='line_1_20' title="bbox 2175 493 3756 567; baseline 0.005 -18"><span class='ocrx_word' id='word_1_141' title='bbox 2175 493 2420 564; x_wconf 90' lang='lat' dir='ltr'><strong>junctam</strong></span> <span class='ocrx_word' id='word_1_142' title='bbox 2454 493 2654 551; x_wconf 82' lang='lat' dir='ltr'><strong>Deitati</strong></span> <span class='ocrx_word' id='word_1_143' title='bbox 2687 494 2752 548; x_wconf 88' lang='lat' dir='ltr'><strong>ad</strong></span> <span class='ocrx_word' id='word_1_144' title='bbox 2785 493 3053 550; x_wconf 84' lang='lat' dir='ltr'><strong>Deitatem</strong></span> <span class='ocrx_word' id='word_1_145' title='bbox 3104 495 3377 551; x_wconf 78' lang='lat' dir='ltr'><strong>transisse</strong></span> <span class='ocrx_word' id='word_1_146' title='bbox 3403 495 3756 567; x_wconf 86' lang='lat' dir='ltr'><strong>blasphemant</strong></span> 
     </span>
    </p>
   </div>
   <div class='ocr_carea' id='block_1_21' title="bbox 2181 587 3755 659">
    <p class='ocr_par' dir='ltr' id='par_1_21' title="bbox 2181 587 3755 659">
     <span class='ocr_line' id='line_1_21' title="bbox 2181 587 3755 659; baseline 0.007 -19"><span class='ocrx_word' id='word_1_147' title='bbox 2181 589 2298 659; x_wconf 93' lang='lat' dir='ltr'><strong>ipso</strong></span> <span class='ocrx_word' id='word_1_148' title='bbox 2325 588 2495 645; x_wconf 82' lang='lat' dir='ltr'><strong>verbo</strong></span> <span class='ocrx_word' id='word_1_149' title='bbox 2521 597 2549 636; x_wconf 81' lang='lat' dir='ltr'><strong>tt</strong></span> <span class='ocrx_word' id='word_1_150' title='bbox 2578 587 2963 643; x_wconf 85' lang='lat' dir='ltr'><strong>Deilicationis.</strong></span> <span class='ocrx_word' id='word_1_151' title='bbox 3011 589 3166 656; x_wconf 82' lang='lat' dir='ltr'><strong>Quod</strong></span> <span class='ocrx_word' id='word_1_152' title='bbox 3196 588 3344 645; x_wconf 85' lang='lat' dir='ltr'><strong>nihil</strong></span> <span class='ocrx_word' id='word_1_153' title='bbox 3375 598 3463 644; x_wconf 89' lang='lat' dir='ltr'><strong>est</strong></span> <span class='ocrx_word' id='word_1_154' title='bbox 3502 589 3641 647; x_wconf 85' lang='lat' dir='ltr'><strong>aliud</strong></span> <span class='ocrx_word' id='word_1_155' title='bbox 3669 595 3755 652; x_wconf 81' lang='lat' dir='ltr'><strong>nisi</strong></span> 
     </span>
    </p>
   </div>
   <div class='ocr_carea' id='block_1_22' title="bbox 2181 689 2869 750">
    <p class='ocr_par' dir='ltr' id='par_1_22' title="bbox 2181 689 2869 750">
     <span class='ocr_line' id='line_1_22' title="bbox 2181 689 2869 750; baseline -0.001 -16"><span class='ocrx_word' id='word_1_156' title='bbox 2181 689 2465 750; x_wconf 88' lang='lat' dir='ltr'><strong>utramque</strong></span> <span class='ocrx_word' id='word_1_157' title='bbox 2495 693 2869 749; x_wconf 89' lang='lat' dir='ltr'><strong>corrumpere.</strong></span> 
     </span>
    </p>
   </div>
   <div class='ocr_carea' id='block_1_23' title="bbox 2249 769 3752 841">
    <p class='ocr_par' dir='ltr' id='par_1_23' title="bbox 2249 769 3752 841">
     <span class='ocr_line' id='line_1_23' title="bbox 2249 769 3752 841; baseline 0.005 -15"><span class='ocrx_word' id='word_1_158' title='bbox 2249 769 2303 826; x_wconf 80' lang='grc'><strong>5.</strong></span> <span class='ocrx_word' id='word_1_159' title='bbox 2352 771 2456 827; x_wconf 87' lang='lat' dir='ltr'><strong>Sed</strong></span> <span class='ocrx_word' id='word_1_160' title='bbox 2505 782 2560 826; x_wconf 91' lang='lat' dir='ltr'><strong>et</strong></span> <span class='ocrx_word' id='word_1_161' title='bbox 2589 770 2860 841; x_wconf 79' lang='lat' dir='ltr'><strong>Virginem</strong></span> <span class='ocrx_word' id='word_1_162' title='bbox 2909 769 3300 827; x_wconf 90' lang='lat' dir='ltr'><strong>Christotocon</strong></span> <span class='ocrx_word' id='word_1_163' title='bbox 3347 771 3467 826; x_wconf 85' lang='lat' dir='ltr'><strong>ausi</strong></span> <span class='ocrx_word' id='word_1_164' title='bbox 3498 782 3752 833; x_wconf 84' lang='lat' dir='ltr'><strong>suntcum</strong></span> 
     </span>
    </p>
   </div>
   <div class='ocr_carea' id='block_1_24' title="bbox 2177 861 3755 934">
    <p class='ocr_par' dir='ltr' id='par_1_24' title="bbox 2177 861 3755 934">
     <span class='ocr_line' id='line_1_24' title="bbox 2177 861 3755 934; baseline 0.003 -15"><span class='ocrx_word' id='word_1_165' title='bbox 2177 862 2341 919; x_wconf 88' lang='lat' dir='ltr'><strong>modo</strong></span> <span class='ocrx_word' id='word_1_166' title='bbox 2365 863 2599 934; x_wconf 91' lang='lat' dir='ltr'><strong>quodam</strong></span> <span class='ocrx_word' id='word_1_167' title='bbox 2627 862 2942 919; x_wconf 85' lang='lat' dir='ltr'><strong>Theotocon</strong></span> <span class='ocrx_word' id='word_1_168' title='bbox 2968 863 3174 920; x_wconf 88' lang='lat' dir='ltr'><strong>dicere.</strong></span> <span class='ocrx_word' id='word_1_169' title='bbox 3209 862 3370 918; x_wconf 82' lang='lat' dir='ltr'><strong>llane</strong></span> <span class='ocrx_word' id='word_1_170' title='bbox 3391 862 3539 918; x_wconf 90' lang='lat' dir='ltr'><strong>enim</strong></span> <span class='ocrx_word' id='word_1_171' title='bbox 3561 861 3755 924; x_wconf 70' lang='lat' dir='ltr'><strong>II&#39;l‘heo-</strong></span> 
     </span>
    </p>
   </div>
   <div class='ocr_carea' id='block_1_25' title="bbox 2181 952 3754 1025">
    <p class='ocr_par' dir='ltr' id='par_1_25' title="bbox 2181 952 3754 1025">
     <span class='ocr_line' id='line_1_25' title="bbox 2181 952 3754 1025; baseline 0.005 -15"><span class='ocrx_word' id='word_1_172' title='bbox 2181 964 2342 1010; x_wconf 90' lang='lat' dir='ltr'><strong>tocon</strong></span> <span class='ocrx_word' id='word_1_173' title='bbox 2373 966 2626 1010; x_wconf 86' lang='lat' dir='ltr'><strong>vocantes</strong></span> <span class='ocrx_word' id='word_1_174' title='bbox 2647 970 2754 1010; x_wconf 92' lang='lat' dir='ltr'><strong>non</strong></span> <span class='ocrx_word' id='word_1_175' title='bbox 2778 955 3198 1025; x_wconf 90' lang='lat' dir='ltr'><strong>perhorrescunt</strong></span> <span class='ocrx_word' id='word_1_176' title='bbox 3243 973 3263 1011; x_wconf 91' lang='lat'><strong><em>:</em></strong></span> <span class='ocrx_word' id='word_1_177' title='bbox 3301 952 3318 993; x_wconf 73' lang='grc' dir='ltr'>ί</span> <span class='ocrx_word' id='word_1_178' title='bbox 3354 970 3480 1010; x_wconf 89' lang='lat' dir='ltr'><strong>cum</strong></span> <span class='ocrx_word' id='word_1_179' title='bbox 3512 959 3754 1018; x_wconf 86' lang='lat' dir='ltr'><strong>sanctiilli</strong></span> 
     </span>
    </p>
   </div>
   <div class='ocr_carea' id='block_1_26' title="bbox 2177 1047 3754 1118">
    <p class='ocr_par' dir='ltr' id='par_1_26' title="bbox 2177 1047 3754 1118">
     <span class='ocr_line' id='line_1_26' title="bbox 2177 1047 3754 1118; baseline 0.002 -12"><span class='ocrx_word' id='word_1_180' title='bbox 2177 1058 2234 1106; x_wconf 91' lang='lat' dir='ltr'><strong>et</strong></span> <span class='ocrx_word' id='word_1_181' title='bbox 2281 1063 2441 1117; x_wconf 87' lang='lat' dir='ltr'><strong>supra</strong></span> <span class='ocrx_word' id='word_1_182' title='bbox 2471 1062 2688 1104; x_wconf 87' lang='lat' dir='ltr'><strong>onmem</strong></span> <span class='ocrx_word' id='word_1_183' title='bbox 2715 1047 3156 1118; x_wconf 60' lang='lat' dir='ltr'><strong>praedicationem</strong></span> <span class='ocrx_word' id='word_1_184' title='bbox 3189 1047 3387 1104; x_wconf 86' lang='lat' dir='ltr'><strong>Patres</strong></span> <span class='ocrx_word' id='word_1_185' title='bbox 3423 1062 3519 1118; x_wconf 90' lang='lat' dir='ltr'><strong>per</strong></span> <span class='ocrx_word' id='word_1_186' title='bbox 3548 1049 3754 1110; x_wconf 67' lang='lat' dir='ltr'><strong>Nicaeam</strong></span> 
     </span>
    </p>
   </div>
   <div class='ocr_carea' id='block_1_27' title="bbox 2178 1141 3756 1216">
    <p class='ocr_par' dir='ltr' id='par_1_27' title="bbox 2178 1141 3756 1216">
     <span class='ocr_line' id='line_1_27' title="bbox 2178 1141 3756 1216; baseline 0.003 -18"><span class='ocrx_word' id='word_1_187' title='bbox 2178 1144 2309 1198; x_wconf 85' lang='lat' dir='ltr'><strong>nihil</strong></span> <span class='ocrx_word' id='word_1_188' title='bbox 2336 1143 2570 1213; x_wconf 88' lang='lat' dir='ltr'><strong>amplius</strong></span> <span class='ocrx_word' id='word_1_189' title='bbox 2597 1142 2667 1197; x_wconf 94' lang='lat' dir='ltr'><strong>de</strong></span> <span class='ocrx_word' id='word_1_190' title='bbox 2696 1151 2880 1198; x_wconf 87' lang='lat' dir='ltr'><strong>sancta</strong></span> <span class='ocrx_word' id='word_1_191' title='bbox 2917 1141 3134 1212; x_wconf 80' lang='lat' dir='ltr'><strong>Virgine</strong></span> <span class='ocrx_word' id='word_1_192' title='bbox 3158 1142 3480 1209; x_wconf 79' lang='lat' dir='ltr'><strong>dixissent,</strong></span> <span class='ocrx_word' id='word_1_193' title='bbox 3528 1143 3626 1198; x_wconf 93' lang='lat' dir='ltr'><strong>nisi</strong></span> <span class='ocrx_word' id='word_1_194' title='bbox 3651 1147 3756 1216; x_wconf 80' lang='lat' dir='ltr'><strong>quia</strong></span> 
     </span>
    </p>
   </div>
   <div class='ocr_carea' id='block_1_28' title="bbox 2177 1233 3755 1310">
    <p class='ocr_par' dir='ltr' id='par_1_28' title="bbox 2177 1233 3755 1310">
     <span class='ocr_line' id='line_1_28' title="bbox 2177 1233 3755 1310; baseline 0.002 -18"><span class='ocrx_word' id='word_1_195' title='bbox 2177 1237 2440 1292; x_wconf 88' lang='lat' dir='ltr'><strong>Dominus</strong></span> <span class='ocrx_word' id='word_1_196' title='bbox 2462 1246 2647 1291; x_wconf 91' lang='lat' dir='ltr'><strong>noster</strong></span> <span class='ocrx_word' id='word_1_197' title='bbox 2665 1235 2824 1290; x_wconf 88' lang='lat' dir='ltr'><strong>Jesus</strong></span> <span class='ocrx_word' id='word_1_198' title='bbox 2849 1233 3097 1290; x_wconf 86' lang='lat' dir='ltr'><strong>Christus</strong></span> <span class='ocrx_word' id='word_1_199' title='bbox 3120 1237 3443 1292; x_wconf 87' lang='lat' dir='ltr'><strong>incarnatus</strong></span> <span class='ocrx_word' id='word_1_200' title='bbox 3463 1245 3626 1292; x_wconf 83' lang='lat' dir='ltr'><strong>estex</strong></span> <span class='ocrx_word' id='word_1_201' title='bbox 3653 1238 3755 1310; x_wconf 86' lang='lat' dir='ltr'><strong>Spi-</strong></span> 
     </span>
    </p>
   </div>
   <div class='ocr_carea' id='block_1_29' title="bbox 2179 1328 3753 1401">
    <p class='ocr_par' dir='ltr' id='par_1_29' title="bbox 2179 1328 3753 1401">
     <span class='ocr_line' id='line_1_29' title="bbox 2179 1328 3753 1401; baseline 0.001 -15"><span class='ocrx_word' id='word_1_202' title='bbox 2179 1331 2284 1386; x_wconf 88' lang='lat' dir='ltr'><strong>ritu</strong></span> <span class='ocrx_word' id='word_1_203' title='bbox 2333 1339 2521 1384; x_wconf 88' lang='lat' dir='ltr'><strong>sancto</strong></span> <span class='ocrx_word' id='word_1_204' title='bbox 2575 1339 2628 1384; x_wconf 91' lang='lat' dir='ltr'><strong>et</strong></span> <span class='ocrx_word' id='word_1_205' title='bbox 2678 1329 2842 1384; x_wconf 82' lang='lat' dir='ltr'><strong>Maria</strong></span> <span class='ocrx_word' id='word_1_206' title='bbox 2873 1329 3101 1400; x_wconf 84' lang='lat' dir='ltr'><strong>virgine.</strong></span> <span class='ocrx_word' id='word_1_207' title='bbox 3149 1329 3216 1384; x_wconf 84' lang='lat' dir='ltr'><strong>Et</strong></span> <span class='ocrx_word' id='word_1_208' title='bbox 3269 1337 3425 1384; x_wconf 89' lang='lat' dir='ltr'><strong>taceo</strong></span> <span class='ocrx_word' id='word_1_209' title='bbox 3453 1328 3753 1401; x_wconf 78' lang='lat' dir='ltr'><strong>Scriptum,</strong></span> 
     </span>
    </p>
   </div>
   <div class='ocr_carea' id='block_1_30' title="bbox 2175 1421 3752 1495">
    <p class='ocr_par' dir='ltr' id='par_1_30' title="bbox 2175 1421 3752 1495">
     <span class='ocr_line' id='line_1_30' title="bbox 2175 1421 3752 1495; baseline 0.003 -17"><span class='ocrx_word' id='word_1_210' title='bbox 2175 1440 2295 1495; x_wconf 78' lang='lat' dir='ltr'><strong>qua:</strong></span> <span class='ocrx_word' id='word_1_211' title='bbox 2323 1424 2519 1494; x_wconf 89' lang='lat' dir='ltr'><strong>ubique.</strong></span> <span class='ocrx_word' id='word_1_212' title='bbox 2549 1422 2824 1493; x_wconf 81' lang='lat' dir='ltr'><strong>Virginem</strong></span> <span class='ocrx_word' id='word_1_213' title='bbox 2855 1433 3081 1480; x_wconf 87' lang='lat' dir='ltr'><strong>matrem</strong></span> <span class='ocrx_word' id='word_1_214' title='bbox 3111 1421 3346 1486; x_wconf 81' lang='lat' dir='ltr'><strong>Christi,</strong></span> <span class='ocrx_word' id='word_1_215' title='bbox 3380 1433 3488 1478; x_wconf 91' lang='lat' dir='ltr'><strong>non</strong></span> <span class='ocrx_word' id='word_1_216' title='bbox 3513 1423 3604 1479; x_wconf 91' lang='lat' dir='ltr'><strong>Dei</strong></span> <span class='ocrx_word' id='word_1_217' title='bbox 3639 1424 3752 1482; x_wconf 82' lang='lat' dir='ltr'><strong>Ver-</strong></span> 
     </span>
    </p>
   </div>
   <div class='ocr_carea' id='block_1_31' title="bbox 2175 1515 3756 1587">
    <p class='ocr_par' dir='ltr' id='par_1_31' title="bbox 2175 1515 3756 1587">
     <span class='ocr_line' id='line_1_31' title="bbox 2175 1515 3756 1587; baseline 0.002 -16"><span class='ocrx_word' id='word_1_218' title='bbox 2175 1517 2321 1582; x_wconf 86' lang='lat' dir='ltr'><strong>bi,et</strong></span> <span class='ocrx_word' id='word_1_219' title='bbox 2350 1532 2445 1585; x_wconf 89' lang='lat' dir='ltr'><strong>per</strong></span> <span class='ocrx_word' id='word_1_220' title='bbox 2471 1516 2694 1585; x_wconf 85' lang='lat' dir='ltr'><strong>angelos</strong></span> <span class='ocrx_word' id='word_1_221' title='bbox 2723 1526 2775 1570; x_wconf 90' lang='lat' dir='ltr'><strong>et</strong></span> <span class='ocrx_word' id='word_1_222' title='bbox 2801 1532 2898 1586; x_wconf 89' lang='lat' dir='ltr'><strong>per</strong></span> <span class='ocrx_word' id='word_1_223' title='bbox 2921 1516 3197 1587; x_wconf 84' lang='lat' dir='ltr'><strong>apostolos</strong></span> <span class='ocrx_word' id='word_1_224' title='bbox 3223 1515 3613 1584; x_wconf 60' lang='lat' dir='ltr'><strong>pradicarunt.</strong></span> <span class='ocrx_word' id='word_1_225' title='bbox 3643 1517 3756 1574; x_wconf 80' lang='lat' dir='ltr'><strong>Pro-</strong></span> 
     </span>
    </p>
   </div>
   <div class='ocr_carea' id='block_1_32' title="bbox 2175 1608 3754 1679">
    <p class='ocr_par' dir='ltr' id='par_1_32' title="bbox 2175 1608 3754 1679">
     <span class='ocr_line' id='line_1_32' title="bbox 2175 1608 3754 1679; baseline 0.004 -18"><span class='ocrx_word' id='word_1_226' title='bbox 2175 1619 2296 1678; x_wconf 88' lang='lat' dir='ltr'><strong>pter</strong></span> <span class='ocrx_word' id='word_1_227' title='bbox 2321 1624 2441 1679; x_wconf 84' lang='lat' dir='ltr'><strong>qua:</strong></span> <span class='ocrx_word' id='word_1_228' title='bbox 2467 1618 2664 1677; x_wconf 88' lang='lat' dir='ltr'><strong>quanta</strong></span> <span class='ocrx_word' id='word_1_229' title='bbox 2696 1609 2994 1663; x_wconf 83' lang='lat' dir='ltr'><strong>certamina</strong></span> <span class='ocrx_word' id='word_1_230' title='bbox 3019 1608 3414 1677; x_wconf 85' lang='lat' dir='ltr'><strong>sustinuimus,</strong></span> <span class='ocrx_word' id='word_1_231' title='bbox 3444 1609 3645 1664; x_wconf 74' lang='lat' dir='ltr'><strong>mstimo</strong></span> <span class='ocrx_word' id='word_1_232' title='bbox 3688 1609 3754 1667; x_wconf 81' lang='lat' dir='ltr'><strong>fa-</strong></span> 
     </span>
    </p>
   </div>
   <div class='ocr_carea' id='block_1_33' title="bbox 488 1699 3755 1776">
    <p class='ocr_par' dir='ltr' id='par_1_33' title="bbox 488 1699 3755 1776">
     <span class='ocr_line' id='line_1_33' title="bbox 488 1699 3755 1776; baseline -0.001 -16"><span class='ocrx_word' id='word_1_233' title='bbox 488 1714 755 1776; x_wconf 87' lang='lat' dir='ltr'><strong>tamqnam</strong></span> <span class='ocrx_word' id='word_1_234' title='bbox 801 1705 1027 1776; x_wconf 83' lang='lat' dir='ltr'><strong>originis</strong></span> <span class='ocrx_word' id='word_1_235' title='bbox 1073 1706 1282 1761; x_wconf 90' lang='lat' dir='ltr'><strong>initium</strong></span> <span class='ocrx_word' id='word_1_236' title='bbox 1340 1707 1408 1762; x_wconf 91' lang='lat' dir='ltr'><strong>de</strong></span> <span class='ocrx_word' id='word_1_237' title='bbox 1458 1706 1802 1762; x_wconf 90' lang='lat' dir='ltr'><strong>Christotoco</strong></span> <span class='ocrx_word' id='word_1_238' title='bbox 1853 1705 2077 1776; x_wconf 80' lang='lat' dir='ltr'><strong>Virgine</strong></span> <span class='ocrx_word' id='word_1_239' title='bbox 2111 1707 2151 1764; x_wconf 88' lang='grc' dir='ltr'>Β</span> <span class='ocrx_word' id='word_1_240' title='bbox 2181 1719 2321 1757; x_wconf 89' lang='lat' dir='ltr'><strong>tnam</strong></span> <span class='ocrx_word' id='word_1_241' title='bbox 2355 1702 2749 1770; x_wconf 78' lang='lat' dir='ltr'><strong>prtecedentem</strong></span> <span class='ocrx_word' id='word_1_242' title='bbox 2774 1701 3025 1756; x_wconf 87' lang='lat' dir='ltr'><strong>docuisse</strong></span> <span class='ocrx_word' id='word_1_243' title='bbox 3045 1699 3450 1757; x_wconf 85' lang='lat' dir='ltr'><strong>beatitudinem</strong></span> <span class='ocrx_word' id='word_1_244' title='bbox 3477 1702 3755 1766; x_wconf 88' lang='lat' dir='ltr'><strong>tuam;hoe</strong></span> 
     </span>
    </p>
   </div>
   <div class='ocr_carea' id='block_1_34' title="bbox 486 1796 2076 1868">
    <p class='ocr_par' dir='ltr' id='par_1_34' title="bbox 486 1796 2076 1868">
     <span class='ocr_line' id='line_1_34' title="bbox 486 1796 2076 1868; baseline -0.001 -16"><span class='ocrx_word' id='word_1_245' title='bbox 486 1799 829 1868; x_wconf 85' lang='lat' dir='ltr'><strong>sumpsisset,</strong></span> <span class='ocrx_word' id='word_1_246' title='bbox 861 1807 916 1853; x_wconf 91' lang='lat' dir='ltr'><strong>et</strong></span> <span class='ocrx_word' id='word_1_247' title='bbox 937 1796 964 1836; x_wconf 76' lang='grc' dir='ltr'><strong>ἀ</strong></span> <span class='ocrx_word' id='word_1_248' title='bbox 993 1813 1116 1854; x_wconf 92' lang='lat' dir='ltr'><strong>cum</strong></span> <span class='ocrx_word' id='word_1_249' title='bbox 1151 1799 1351 1868; x_wconf 90' lang='lat' dir='ltr'><strong>templo</strong></span> <span class='ocrx_word' id='word_1_250' title='bbox 1379 1814 1478 1854; x_wconf 93' lang='lat' dir='ltr'><strong>suo</strong></span> <span class='ocrx_word' id='word_1_251' title='bbox 1501 1799 1804 1854; x_wconf 67' lang='lat' dir='ltr'><strong>aedificatus</strong></span> <span class='ocrx_word' id='word_1_252' title='bbox 1829 1806 1995 1864; x_wconf 86' lang='lat' dir='ltr'><strong>esset,</strong></span> <span class='ocrx_word' id='word_1_253' title='bbox 2018 1803 2076 1853; x_wconf 89' lang='lat' dir='ltr'><strong>et</strong></span> 
     </span>
    </p>
   </div>
   <div class='ocr_carea' id='block_1_35' title="bbox 485 1889 2071 1960">
    <p class='ocr_par' dir='ltr' id='par_1_35' title="bbox 485 1889 2071 1960">
     <span class='ocr_line' id='line_1_35' title="bbox 485 1889 2071 1960; baseline -0.002 -16"><span class='ocrx_word' id='word_1_254' title='bbox 485 1890 636 1944; x_wconf 90' lang='lat' dir='ltr'><strong>carni</strong></span> <span class='ocrx_word' id='word_1_255' title='bbox 664 1890 1034 1960; x_wconf 87' lang='lat' dir='ltr'><strong>consepultus.</strong></span> <span class='ocrx_word' id='word_1_256' title='bbox 1085 1899 1110 1927; x_wconf 76' lang='grc' dir='ltr'><strong>ο</strong></span> <span class='ocrx_word' id='word_1_257' title='bbox 1162 1889 1389 1946; x_wconf 89' lang='lat' dir='ltr'><strong>Carnem</strong></span> <span class='ocrx_word' id='word_1_258' title='bbox 1439 1890 1632 1946; x_wconf 89' lang='lat' dir='ltr'><strong>dicunt</strong></span> <span class='ocrx_word' id='word_1_259' title='bbox 1663 1899 1783 1958; x_wconf 90' lang='lat' dir='ltr'><strong>post</strong></span> <span class='ocrx_word' id='word_1_260' title='bbox 1830 1903 2071 1944; x_wconf 80' lang='lat' dir='ltr'><strong>resurre-</strong></span> 
     </span>
    </p>
   </div>
   <div class='ocr_carea' id='block_1_36' title="bbox 485 1982 2074 2044">
    <p class='ocr_par' dir='ltr' id='par_1_36' title="bbox 485 1982 2074 2044">
     <span class='ocr_line' id='line_1_36' title="bbox 485 1982 2074 2044; baseline -0.001 -7"><span class='ocrx_word' id='word_1_261' title='bbox 485 1983 718 2038; x_wconf 89' lang='lat' dir='ltr'><strong>ctionem</strong></span> <span class='ocrx_word' id='word_1_262' title='bbox 747 1998 900 2037; x_wconf 90' lang='lat' dir='ltr'><strong>suam</strong></span> <span class='ocrx_word' id='word_1_263' title='bbox 931 1998 1039 2038; x_wconf 91' lang='lat' dir='ltr'><strong>non</strong></span> <span class='ocrx_word' id='word_1_264' title='bbox 1068 1982 1334 2038; x_wconf 87' lang='lat' dir='ltr'><strong>mansisse</strong></span> <span class='ocrx_word' id='word_1_265' title='bbox 1359 1998 1602 2044; x_wconf 85' lang='lat' dir='ltr'><strong>carnem.</strong></span> <span class='ocrx_word' id='word_1_266' title='bbox 1627 1984 1719 2039; x_wconf 90' lang='lat' dir='ltr'><strong>sed</strong></span> <span class='ocrx_word' id='word_1_267' title='bbox 1752 1983 1804 2036; x_wconf 94' lang='lat' dir='ltr'><strong>in</strong></span> <span class='ocrx_word' id='word_1_268' title='bbox 1829 1991 2074 2037; x_wconf 89' lang='lat' dir='ltr'><strong>naturam</strong></span> 
     </span>
    </p>
   </div>
   <div class='ocr_carea' id='block_1_37' title="bbox 486 2071 2075 2145">
    <p class='ocr_par' dir='ltr' id='par_1_37' title="bbox 486 2071 2075 2145">
     <span class='ocr_line' id='line_1_37' title="bbox 486 2071 2075 2145; baseline 0.001 -18"><span class='ocrx_word' id='word_1_269' title='bbox 486 2073 766 2130; x_wconf 85' lang='lat' dir='ltr'><strong>transiisse</strong></span> <span class='ocrx_word' id='word_1_270' title='bbox 809 2073 1056 2130; x_wconf 86' lang='lat' dir='ltr'><strong>Deitatis.</strong></span> <span class='ocrx_word' id='word_1_271' title='bbox 1115 2073 1185 2130; x_wconf 89' lang='lat' dir='ltr'><strong>Ut</strong></span> <span class='ocrx_word' id='word_1_272' title='bbox 1229 2075 1288 2130; x_wconf 92' lang='lat' dir='ltr'><strong>in</strong></span> <span class='ocrx_word' id='word_1_273' title='bbox 1337 2075 1660 2145; x_wconf 90' lang='lat' dir='ltr'><strong>compendio</strong></span> <span class='ocrx_word' id='word_1_274' title='bbox 1709 2074 1885 2129; x_wconf 91' lang='lat' dir='ltr'><strong>dicam</strong></span> <span class='ocrx_word' id='word_1_275' title='bbox 1911 2115 1927 2140; x_wconf 90' lang='lat'><strong>,</strong></span> <span class='ocrx_word' id='word_1_276' title='bbox 1966 2071 1986 2112; x_wconf 71' lang='grc' dir='ltr'><em>τ</em></span> <span class='ocrx_word' id='word_1_277' title='bbox 2019 2083 2075 2129; x_wconf 93' lang='lat' dir='ltr'><strong>et</strong></span> 
     </span>
    </p>
   </div>
   <div class='ocr_carea' id='block_1_38' title="bbox 557 2228 2077 2302">
    <p class='ocr_par' dir='ltr' id='par_1_38' title="bbox 557 2228 2077 2302">
     <span class='ocr_line' id='line_1_38' title="bbox 557 2228 2077 2302; baseline 0 -16"><span class='ocrx_word' id='word_1_278' title='bbox 557 2241 584 2270; x_wconf 75' lang='grc' dir='ltr'>ι</span> <span class='ocrx_word' id='word_1_279' title='bbox 607 2231 770 2300; x_wconf 84' lang='lat' dir='ltr'><strong>Magis</strong></span> <span class='ocrx_word' id='word_1_280' title='bbox 802 2231 1071 2286; x_wconf 84' lang='lat' dir='ltr'><strong>arrideret</strong></span> <span class='ocrx_word' id='word_1_281' title='bbox 1098 2233 1320 2300; x_wconf 81' lang='lat' dir='ltr'><strong>prolata,</strong></span> <span class='ocrx_word' id='word_1_282' title='bbox 1351 2232 1470 2288; x_wconf 90' lang='lat' dir='ltr'><strong>scil.</strong></span> <span class='ocrx_word' id='word_1_283' title='bbox 1514 2232 1837 2302; x_wconf 83' lang='lat' dir='ltr'><strong>indignatio.</strong></span> <span class='ocrx_word' id='word_1_284' title='bbox 1870 2230 1947 2285; x_wconf 92' lang='lat' dir='ltr'><strong>lta</strong></span> <span class='ocrx_word' id='word_1_285' title='bbox 1972 2228 2077 2286; x_wconf 85' lang='lat' dir='ltr'><strong>Ne-</strong></span> 
     </span>
    </p>
   </div>
   <div class='ocr_carea' id='block_1_39' title="bbox 488 2302 2079 2369">
    <p class='ocr_par' dir='ltr' id='par_1_39' title="bbox 488 2302 2079 2369">
     <span class='ocr_line' id='line_1_39' title="bbox 488 2302 2079 2369; baseline -0.001 -12"><span class='ocrx_word' id='word_1_286' title='bbox 488 2303 688 2357; x_wconf 81' lang='lat' dir='ltr'><strong>storius</strong></span> <span class='ocrx_word' id='word_1_287' title='bbox 718 2302 1066 2357; x_wconf 87' lang='lat' dir='ltr'><strong>subdubitare</strong></span> <span class='ocrx_word' id='word_1_288' title='bbox 1098 2318 1155 2358; x_wconf 88' lang='lat' dir='ltr'><strong>se</strong></span> <span class='ocrx_word' id='word_1_289' title='bbox 1184 2304 1377 2365; x_wconf 88' lang='lat' dir='ltr'><strong>innuit.</strong></span> <span class='ocrx_word' id='word_1_290' title='bbox 1414 2319 1537 2357; x_wconf 91' lang='lat' dir='ltr'><strong>num</strong></span> <span class='ocrx_word' id='word_1_291' title='bbox 1569 2303 1908 2369; x_wconf 81' lang='lat' dir='ltr'><strong>expulsionis</strong></span> <span class='ocrx_word' id='word_1_292' title='bbox 1941 2317 2079 2367; x_wconf 76' lang='lat' dir='ltr'><strong>pra:-</strong></span> 
     </span>
    </p>
   </div>
   <div class='ocr_carea' id='block_1_40' title="bbox 493 2373 2080 2444">
    <p class='ocr_par' dir='ltr' id='par_1_40' title="bbox 493 2373 2080 2444">
     <span class='ocr_line' id='line_1_40' title="bbox 493 2373 2080 2444; baseline 0.003 -21"><span class='ocrx_word' id='word_1_293' title='bbox 493 2375 757 2428; x_wconf 87' lang='lat' dir='ltr'><strong>dictornm</strong></span> <span class='ocrx_word' id='word_1_294' title='bbox 790 2373 990 2444; x_wconf 83' lang='lat' dir='ltr'><strong>Pelagii</strong></span> <span class='ocrx_word' id='word_1_295' title='bbox 1013 2375 1338 2429; x_wconf 87' lang='lat' dir='ltr'><strong>asseclarum</strong></span> <span class='ocrx_word' id='word_1_296' title='bbox 1367 2375 1472 2429; x_wconf 88' lang='lat' dir='ltr'><strong>alia</strong></span> <span class='ocrx_word' id='word_1_297' title='bbox 1505 2373 1778 2429; x_wconf 81' lang='lat' dir='ltr'><strong>exstiterit</strong></span> <span class='ocrx_word' id='word_1_298' title='bbox 1807 2387 1966 2444; x_wconf 89' lang='lat' dir='ltr'><strong>quam</strong></span> <span class='ocrx_word' id='word_1_299' title='bbox 1994 2387 2080 2428; x_wconf 85' lang='lat' dir='ltr'><strong>re-</strong></span> 
     </span>
    </p>
   </div>
   <div class='ocr_carea' id='block_1_41' title="bbox 495 2445 918 2515">
    <p class='ocr_par' dir='ltr' id='par_1_41' title="bbox 495 2445 918 2515">
     <span class='ocr_line' id='line_1_41' title="bbox 495 2445 918 2515; baseline -0.002 -16"><span class='ocrx_word' id='word_1_300' title='bbox 495 2445 708 2515; x_wconf 90' lang='lat' dir='ltr'><strong>ligionis</strong></span> <span class='ocrx_word' id='word_1_301' title='bbox 735 2458 918 2499; x_wconf 89' lang='lat' dir='ltr'><strong>causa.</strong></span> 
     </span>
    </p>
   </div>
   <div class='ocr_carea' id='block_1_42' title="bbox 559 2514 2077 2586">
    <p class='ocr_par' dir='ltr' id='par_1_42' title="bbox 559 2514 2077 2586">
     <span class='ocr_line' id='line_1_42' title="bbox 559 2514 2077 2586; baseline 0 -17"><span class='ocrx_word' id='word_1_302' title='bbox 559 2515 587 2554; x_wconf 72' lang='grc' dir='ltr'>δ</span> <span class='ocrx_word' id='word_1_303' title='bbox 617 2515 818 2569; x_wconf 82' lang='lat' dir='ltr'><strong>Baron.</strong></span> <span class='ocrx_word' id='word_1_304' title='bbox 852 2524 906 2570; x_wconf 91' lang='lat' dir='ltr'><strong>et</strong></span> <span class='ocrx_word' id='word_1_305' title='bbox 930 2514 1381 2586; x_wconf 13' lang='lat' dir='ltr'><strong>Lab.,imultum;</strong></span> <span class='ocrx_word' id='word_1_306' title='bbox 1425 2526 1477 2570; x_wconf 91' lang='lat' dir='ltr'><strong>et</strong></span> <span class='ocrx_word' id='word_1_307' title='bbox 1511 2515 1578 2570; x_wconf 89' lang='lat' dir='ltr'><strong>ad</strong></span> <span class='ocrx_word' id='word_1_308' title='bbox 1607 2515 2034 2586; x_wconf 12' lang='lat' dir='ltr'><strong>margqinullam</strong></span> <span class='ocrx_word' id='word_1_309' title='bbox 2057 2530 2077 2569; x_wconf 91' lang='lat'><strong><em>:</em></strong></span> 
     </span>
    </p>
   </div>
   <div class='ocr_carea' id='block_1_43' title="bbox 490 2585 2076 2654">
    <p class='ocr_par' dir='ltr' id='par_1_43' title="bbox 490 2585 2076 2654">
     <span class='ocr_line' id='line_1_43' title="bbox 490 2585 2076 2654; baseline 0.003 -18"><span class='ocrx_word' id='word_1_310' title='bbox 490 2601 649 2654; x_wconf 85' lang='lat' dir='ltr'><strong>quam</strong></span> <span class='ocrx_word' id='word_1_311' title='bbox 681 2586 1044 2654; x_wconf 85' lang='lat' dir='ltr'><strong>c0njecmram</strong></span> <span class='ocrx_word' id='word_1_312' title='bbox 1074 2585 1238 2641; x_wconf 87' lang='lat' dir='ltr'><strong>Garn.</strong></span> <span class='ocrx_word' id='word_1_313' title='bbox 1277 2588 1326 2640; x_wconf 93' lang='lat' dir='ltr'><strong>in</strong></span> <span class='ocrx_word' id='word_1_314' title='bbox 1356 2595 1564 2641; x_wconf 78' lang='lat' dir='ltr'><strong>textum</strong></span> <span class='ocrx_word' id='word_1_315' title='bbox 1597 2585 1893 2642; x_wconf 68' lang='lat' dir='ltr'><strong>transtulit.</strong></span> <span class='ocrx_word' id='word_1_316' title='bbox 1945 2585 2076 2640; x_wconf 87' lang='lat' dir='ltr'><strong>Eam</strong></span> 
     </span>
    </p>
   </div>
   <div class='ocr_carea' id='block_1_44' title="bbox 493 2657 2073 2712">
    <p class='ocr_par' dir='ltr' id='par_1_44' title="bbox 493 2657 2073 2712">
     <span class='ocr_line' id='line_1_44' title="bbox 493 2657 2073 2712; baseline -0.001 -1"><span class='ocrx_word' id='word_1_317' title='bbox 493 2669 668 2711; x_wconf 83' lang='lat' dir='ltr'><strong>tamen</strong></span> <span class='ocrx_word' id='word_1_318' title='bbox 703 2667 850 2712; x_wconf 88' lang='lat' dir='ltr'><strong>recte</strong></span> <span class='ocrx_word' id='word_1_319' title='bbox 882 2657 1130 2712; x_wconf 84' lang='lat' dir='ltr'><strong>Baluzius</strong></span> <span class='ocrx_word' id='word_1_320' title='bbox 1159 2657 1366 2712; x_wconf 86' lang='lat' dir='ltr'><strong>monuit</strong></span> <span class='ocrx_word' id='word_1_321' title='bbox 1406 2672 1433 2708; x_wconf 91' lang='lat' dir='ltr'><strong>a</strong></span> <span class='ocrx_word' id='word_1_322' title='bbox 1460 2657 1694 2712; x_wconf 85' lang='lat' dir='ltr'><strong>Nestorii</strong></span> <span class='ocrx_word' id='word_1_323' title='bbox 1742 2665 1921 2712; x_wconf 91' lang='lat' dir='ltr'><strong>mente</strong></span> <span class='ocrx_word' id='word_1_324' title='bbox 1950 2671 2073 2712; x_wconf 87' lang='lat' dir='ltr'><strong>esse</strong></span> 
     </span>
    </p>
   </div>
   <div class='ocr_carea' id='block_1_45' title="bbox 491 2726 2078 2799">
    <p class='ocr_par' dir='ltr' id='par_1_45' title="bbox 491 2726 2078 2799">
     <span class='ocr_line' id='line_1_45' title="bbox 491 2726 2078 2799; baseline 0 -18"><span class='ocrx_word' id='word_1_325' title='bbox 491 2729 745 2782; x_wconf 87' lang='lat' dir='ltr'><strong>alienam.</strong></span> <span class='ocrx_word' id='word_1_326' title='bbox 783 2728 889 2799; x_wconf 77' lang='lat' dir='ltr'><strong>ille</strong></span> <span class='ocrx_word' id='word_1_327' title='bbox 932 2729 1129 2799; x_wconf 84' lang='lat' dir='ltr'><strong>quippe</strong></span> <span class='ocrx_word' id='word_1_328' title='bbox 1160 2730 1262 2782; x_wconf 87' lang='lat' dir='ltr'><strong>hoc</strong></span> <span class='ocrx_word' id='word_1_329' title='bbox 1289 2735 1492 2782; x_wconf 89' lang='lat' dir='ltr'><strong>tantum</strong></span> <span class='ocrx_word' id='word_1_330' title='bbox 1524 2728 1623 2782; x_wconf 88' lang='lat' dir='ltr'><strong>sibi</strong></span> <span class='ocrx_word' id='word_1_331' title='bbox 1662 2731 1810 2788; x_wconf 85' lang='lat' dir='ltr'><strong>vult.</strong></span> <span class='ocrx_word' id='word_1_332' title='bbox 1857 2726 2078 2799; x_wconf 90' lang='lat' dir='ltr'><strong>quoties</strong></span> 
     </span>
    </p>
   </div>
   <div class='ocr_carea' id='block_1_46' title="bbox 491 2798 2078 2865">
    <p class='ocr_par' dir='ltr' id='par_1_46' title="bbox 491 2798 2078 2865">
     <span class='ocr_line' id='line_1_46' title="bbox 491 2798 2078 2865; baseline 0 -13"><span class='ocrx_word' id='word_1_333' title='bbox 491 2813 645 2853; x_wconf 73' lang='lat' dir='ltr'><strong>nova:</strong></span> <span class='ocrx_word' id='word_1_334' title='bbox 673 2798 978 2852; x_wconf 78' lang='lat' dir='ltr'><strong>excitantur</strong></span> <span class='ocrx_word' id='word_1_335' title='bbox 1002 2798 1186 2860; x_wconf 62' lang='lat' dir='ltr'><strong>sectae.</strong></span> <span class='ocrx_word' id='word_1_336' title='bbox 1237 2801 1458 2853; x_wconf 89' lang='lat' dir='ltr'><strong>multam</strong></span> <span class='ocrx_word' id='word_1_337' title='bbox 1482 2814 1510 2851; x_wconf 92' lang='lat' dir='ltr'><strong>a</strong></span> <span class='ocrx_word' id='word_1_338' title='bbox 1535 2801 1836 2865; x_wconf 79' lang='lat' dir='ltr'><strong>paStorihus</strong></span> <span class='ocrx_word' id='word_1_339' title='bbox 1867 2798 2078 2852; x_wconf 88' lang='lat' dir='ltr'><strong>deside-</strong></span> 
     </span>
    </p>
   </div>
   <div class='ocr_carea' id='block_1_47' title="bbox 494 2869 1802 2938">
    <p class='ocr_par' dir='ltr' id='par_1_47' title="bbox 494 2869 1802 2938">
     <span class='ocr_line' id='line_1_47' title="bbox 494 2869 1802 2938; baseline -0.001 -14"><span class='ocrx_word' id='word_1_340' title='bbox 494 2872 600 2924; x_wconf 89' lang='lat' dir='ltr'><strong>rari</strong></span> <span class='ocrx_word' id='word_1_341' title='bbox 632 2869 986 2936; x_wconf 86' lang='lat' dir='ltr'><strong>vigilantiam,</strong></span> <span class='ocrx_word' id='word_1_342' title='bbox 1019 2881 1076 2924; x_wconf 89' lang='lat' dir='ltr'><strong>ut</strong></span> <span class='ocrx_word' id='word_1_343' title='bbox 1107 2885 1134 2922; x_wconf 85' lang='lat' dir='ltr'><strong>a</strong></span> <span class='ocrx_word' id='word_1_344' title='bbox 1168 2871 1309 2938; x_wconf 87' lang='lat' dir='ltr'><strong>lupis</strong></span> <span class='ocrx_word' id='word_1_345' title='bbox 1334 2885 1463 2924; x_wconf 85' lang='lat' dir='ltr'><strong>oves</strong></span> <span class='ocrx_word' id='word_1_346' title='bbox 1493 2870 1802 2924; x_wconf 78' lang='lat' dir='ltr'><strong>defendant.</strong></span> 
     </span>
    </p>
   </div>
   <div class='ocr_carea' id='block_1_48' title="bbox 566 2940 2080 3010">
    <p class='ocr_par' dir='ltr' id='par_1_48' title="bbox 566 2940 2080 3010">
     <span class='ocr_line' id='line_1_48' title="bbox 566 2940 2080 3010; baseline 0.001 -13"><span class='ocrx_word' id='word_1_347' title='bbox 566 2953 589 2980; x_wconf 77' lang='grc' dir='ltr'><strong><em>ο</em></strong></span> <span class='ocrx_word' id='word_1_348' title='bbox 638 2940 696 2997; x_wconf 86' lang='lat' dir='ltr'><strong>Si</strong></span> <span class='ocrx_word' id='word_1_349' title='bbox 730 2955 789 2995; x_wconf 90' lang='lat' dir='ltr'><strong>re</strong></span> <span class='ocrx_word' id='word_1_350' title='bbox 817 2941 930 3010; x_wconf 91' lang='lat' dir='ltr'><strong>ipsa</strong></span> <span class='ocrx_word' id='word_1_351' title='bbox 961 2941 1209 2996; x_wconf 86' lang='lat' dir='ltr'><strong>catholici</strong></span> <span class='ocrx_word' id='word_1_352' title='bbox 1242 2943 1383 3010; x_wconf 92' lang='lat' dir='ltr'><strong>quod</strong></span> <span class='ocrx_word' id='word_1_353' title='bbox 1418 2942 1521 2993; x_wconf 90' lang='lat' dir='ltr'><strong>illis</strong></span> <span class='ocrx_word' id='word_1_354' title='bbox 1551 2941 1841 3009; x_wconf 80' lang='lat' dir='ltr'><strong>afﬁngebat</strong></span> <span class='ocrx_word' id='word_1_355' title='bbox 1888 2943 2080 2998; x_wconf 77' lang='lat' dir='ltr'><strong>Nesto-</strong></span> 
     </span>
    </p>
   </div>
   <div class='ocr_carea' id='block_1_49' title="bbox 494 3012 2080 3083">
    <p class='ocr_par' dir='ltr' id='par_1_49' title="bbox 494 3012 2080 3083">
     <span class='ocr_line' id='line_1_49' title="bbox 494 3012 2080 3083; baseline 0.001 -16"><span class='ocrx_word' id='word_1_356' title='bbox 494 3012 607 3067; x_wconf 88' lang='lat' dir='ltr'><strong>rius</strong></span> <span class='ocrx_word' id='word_1_357' title='bbox 634 3012 931 3083; x_wconf 73' lang='lat' dir='ltr'><strong>sensissent</strong></span> <span class='ocrx_word' id='word_1_358' title='bbox 956 3053 970 3074; x_wconf 88' lang='lat'><strong>,</strong></span> <span class='ocrx_word' id='word_1_359' title='bbox 1005 3013 1291 3066; x_wconf 83' lang='lat' dir='ltr'><strong>humanam</strong></span> <span class='ocrx_word' id='word_1_360' title='bbox 1324 3012 1578 3066; x_wconf 87' lang='lat' dir='ltr'><strong>videlicet</strong></span> <span class='ocrx_word' id='word_1_361' title='bbox 1608 3013 1955 3083; x_wconf 90' lang='lat' dir='ltr'><strong>divinamqne</strong></span> <span class='ocrx_word' id='word_1_362' title='bbox 1985 3030 2080 3068; x_wconf 82' lang='lat' dir='ltr'><strong>na-</strong></span> 
     </span>
    </p>
   </div>
   <div class='ocr_carea' id='block_1_50' title="bbox 494 3081 2079 3152">
    <p class='ocr_par' dir='ltr' id='par_1_50' title="bbox 494 3081 2079 3152">
     <span class='ocr_line' id='line_1_50' title="bbox 494 3081 2079 3152; baseline 0.003 -17"><span class='ocrx_word' id='word_1_363' title='bbox 494 3091 669 3137; x_wconf 90' lang='lat' dir='ltr'><strong>turam</strong></span> <span class='ocrx_word' id='word_1_364' title='bbox 698 3081 752 3137; x_wconf 90' lang='lat' dir='ltr'><strong>in</strong></span> <span class='ocrx_word' id='word_1_365' title='bbox 780 3081 999 3138; x_wconf 89' lang='lat' dir='ltr'><strong>Christo</strong></span> <span class='ocrx_word' id='word_1_366' title='bbox 1025 3083 1302 3138; x_wconf 86' lang='lat' dir='ltr'><strong>confusam</strong></span> <span class='ocrx_word' id='word_1_367' title='bbox 1335 3083 1517 3141; x_wconf 88' lang='lat' dir='ltr'><strong>fuisse.</strong></span> <span class='ocrx_word' id='word_1_368' title='bbox 1550 3081 1946 3152; x_wconf 74' lang='lat' dir='ltr'><strong>Apollinariset</strong></span> <span class='ocrx_word' id='word_1_369' title='bbox 1966 3086 2079 3140; x_wconf 86' lang='lat' dir='ltr'><strong>Arii</strong></span> 
     </span>
    </p>
   </div>
   <div class='ocr_carea' id='block_1_51' title="bbox 493 3154 2082 3213">
    <p class='ocr_par' dir='ltr' id='par_1_51' title="bbox 493 3154 2082 3213">
     <span class='ocr_line' id='line_1_51' title="bbox 493 3154 2082 3213; baseline 0.001 -4"><span class='ocrx_word' id='word_1_370' title='bbox 493 3155 662 3209; x_wconf 87' lang='lat' dir='ltr'><strong>errori</strong></span> <span class='ocrx_word' id='word_1_371' title='bbox 695 3154 852 3208; x_wconf 88' lang='lat' dir='ltr'><strong>valde</strong></span> <span class='ocrx_word' id='word_1_372' title='bbox 893 3155 1072 3209; x_wconf 78' lang='lat' dir='ltr'><strong>affinis</strong></span> <span class='ocrx_word' id='word_1_373' title='bbox 1128 3154 1320 3209; x_wconf 89' lang='lat' dir='ltr'><strong>fuisset</strong></span> <span class='ocrx_word' id='word_1_374' title='bbox 1367 3169 1553 3208; x_wconf 87' lang='lat' dir='ltr'><strong>eorum</strong></span> <span class='ocrx_word' id='word_1_375' title='bbox 1605 3156 1890 3213; x_wconf 87' lang='lat' dir='ltr'><strong>sententia.</strong></span> <span class='ocrx_word' id='word_1_376' title='bbox 1949 3156 2082 3210; x_wconf 86' lang='lat' dir='ltr'><strong>Nam</strong></span> 
     </span>
    </p>
   </div>
   <div class='ocr_carea' id='block_1_52' title="bbox 495 3225 2083 3295">
    <p class='ocr_par' dir='ltr' id='par_1_52' title="bbox 495 3225 2083 3295">
     <span class='ocr_line' id='line_1_52' title="bbox 495 3225 2083 3295; baseline 0.003 -18"><span class='ocrx_word' id='word_1_377' title='bbox 495 3227 634 3279; x_wconf 90' lang='lat' dir='ltr'><strong>sicut</strong></span> <span class='ocrx_word' id='word_1_378' title='bbox 660 3240 726 3279; x_wconf 83' lang='lat' dir='ltr'><strong>ex</strong></span> <span class='ocrx_word' id='word_1_379' title='bbox 752 3240 913 3292; x_wconf 86' lang='lat' dir='ltr'><strong>prava</strong></span> <span class='ocrx_word' id='word_1_380' title='bbox 944 3226 1054 3279; x_wconf 78' lang='lat' dir='ltr'><strong>Arii</strong></span> <span class='ocrx_word' id='word_1_381' title='bbox 1087 3237 1140 3280; x_wconf 91' lang='lat' dir='ltr'><strong>et</strong></span> <span class='ocrx_word' id='word_1_382' title='bbox 1165 3225 1487 3291; x_wconf 76' lang='lat' dir='ltr'><strong>Apollinaris</strong></span> <span class='ocrx_word' id='word_1_383' title='bbox 1516 3226 1789 3288; x_wconf 81' lang='lat' dir='ltr'><strong>opiniOue,</strong></span> <span class='ocrx_word' id='word_1_384' title='bbox 1821 3242 1923 3295; x_wconf 84' lang='lat' dir='ltr'><strong>qua</strong></span> <span class='ocrx_word' id='word_1_385' title='bbox 1950 3226 2083 3281; x_wconf 86' lang='lat' dir='ltr'><strong>Ver-</strong></span> 
     </span>
    </p>
   </div>
   <div class='ocr_carea' id='block_1_53' title="bbox 495 3295 2087 3365">
    <p class='ocr_par' dir='ltr' id='par_1_53' title="bbox 495 3295 2087 3365">
     <span class='ocr_line' id='line_1_53' title="bbox 495 3295 2087 3365; baseline 0.002 -16"><span class='ocrx_word' id='word_1_386' title='bbox 495 3295 623 3350; x_wconf 87' lang='lat' dir='ltr'><strong>bum</strong></span> <span class='ocrx_word' id='word_1_387' title='bbox 656 3296 771 3350; x_wconf 83' lang='lat' dir='ltr'><strong>vice</strong></span> <span class='ocrx_word' id='word_1_388' title='bbox 809 3297 1002 3350; x_wconf 67' lang='lat' dir='ltr'><strong>anima:</strong></span> <span class='ocrx_word' id='word_1_389' title='bbox 1035 3296 1273 3351; x_wconf 88' lang='lat' dir='ltr'><strong>functum</strong></span> <span class='ocrx_word' id='word_1_390' title='bbox 1306 3312 1427 3352; x_wconf 86' lang='lat' dir='ltr'><strong>esse</strong></span> <span class='ocrx_word' id='word_1_391' title='bbox 1471 3295 1654 3349; x_wconf 78' lang='lat' dir='ltr'><strong>Volunt</strong></span> <span class='ocrx_word' id='word_1_392' title='bbox 1684 3337 1697 3356; x_wconf 90' lang='lat'><strong>,</strong></span> <span class='ocrx_word' id='word_1_393' title='bbox 1747 3297 1991 3365; x_wconf 89' lang='lat' dir='ltr'><strong>sequitur</strong></span> <span class='ocrx_word' id='word_1_394' title='bbox 2029 3306 2087 3352; x_wconf 88' lang='lat' dir='ltr'><strong>ut</strong></span> 
     </span>
    </p>
   </div>
   <div class='ocr_carea' id='block_1_54' title="bbox 499 3365 2084 3436">
    <p class='ocr_par' dir='ltr' id='par_1_54' title="bbox 499 3365 2084 3436">
     <span class='ocr_line' id='line_1_54' title="bbox 499 3365 2084 3436; baseline 0.002 -16"><span class='ocrx_word' id='word_1_395' title='bbox 499 3367 740 3432; x_wconf 90' lang='lat' dir='ltr'><strong>tristitia,</strong></span> <span class='ocrx_word' id='word_1_396' title='bbox 773 3368 928 3420; x_wconf 85' lang='lat' dir='ltr'><strong>dolor</strong></span> <span class='ocrx_word' id='word_1_397' title='bbox 953 3367 1179 3435; x_wconf 72' lang='lat' dir='ltr'><strong>olimque</strong></span> <span class='ocrx_word' id='word_1_398' title='bbox 1201 3365 1532 3426; x_wconf 71' lang='lat' dir='ltr'><strong>allectiones.</strong></span> <span class='ocrx_word' id='word_1_399' title='bbox 1560 3383 1680 3436; x_wconf 81' lang='lat' dir='ltr'><strong>qua:</strong></span> <span class='ocrx_word' id='word_1_400' title='bbox 1702 3368 1871 3421; x_wconf 83' lang='lat' dir='ltr'><strong>solius</strong></span> <span class='ocrx_word' id='word_1_401' title='bbox 1891 3370 2084 3423; x_wconf 76' lang='lat' dir='ltr'><strong>animo:</strong></span> 
     </span>
    </p>
   </div>
   <div class='ocr_carea' id='block_1_55' title="bbox 498 3437 2083 3508">
    <p class='ocr_par' dir='ltr' id='par_1_55' title="bbox 498 3437 2083 3508">
     <span class='ocr_line' id='line_1_55' title="bbox 498 3437 2083 3508; baseline 0.003 -18"><span class='ocrx_word' id='word_1_402' title='bbox 498 3447 647 3503; x_wconf 82' lang='lat' dir='ltr'><strong>sunt,</strong></span> <span class='ocrx_word' id='word_1_403' title='bbox 682 3437 734 3490; x_wconf 92' lang='lat' dir='ltr'><strong>in</strong></span> <span class='ocrx_word' id='word_1_404' title='bbox 772 3438 927 3491; x_wconf 81' lang='lat' dir='ltr'><strong>Verbi</strong></span> <span class='ocrx_word' id='word_1_405' title='bbox 962 3450 1206 3492; x_wconf 84' lang='lat' dir='ltr'><strong>naturam</strong></span> <span class='ocrx_word' id='word_1_406' title='bbox 1236 3438 1530 3493; x_wconf 84' lang='lat' dir='ltr'><strong>ceciderint</strong></span> <span class='ocrx_word' id='word_1_407' title='bbox 1557 3478 1569 3494; x_wconf 90' lang='lat'><strong>.</strong></span> <span class='ocrx_word' id='word_1_408' title='bbox 1606 3439 1677 3492; x_wconf 91' lang='lat' dir='ltr'><strong>ita</strong></span> <span class='ocrx_word' id='word_1_409' title='bbox 1709 3449 1763 3493; x_wconf 90' lang='lat' dir='ltr'><strong>et</strong></span> <span class='ocrx_word' id='word_1_410' title='bbox 1792 3455 1857 3493; x_wconf 81' lang='lat' dir='ltr'><strong>ex</strong></span> <span class='ocrx_word' id='word_1_411' title='bbox 1887 3440 2083 3508; x_wconf 61' lang='lat' dir='ltr'><strong>praedi-</strong></span> 
     </span>
    </p>
   </div>
   <div class='ocr_carea' id='block_1_56' title="bbox 496 3509 2085 3578">
    <p class='ocr_par' dir='ltr' id='par_1_56' title="bbox 496 3509 2085 3578">
     <span class='ocr_line' id='line_1_56' title="bbox 496 3509 2085 3578; baseline 0 -15"><span class='ocrx_word' id='word_1_412' title='bbox 496 3522 580 3563; x_wconf 77' lang='lat' dir='ltr'><strong>cta</strong></span> <span class='ocrx_word' id='word_1_413' title='bbox 613 3519 922 3562; x_wconf 87' lang='lat' dir='ltr'><strong>naturarum</strong></span> <span class='ocrx_word' id='word_1_414' title='bbox 945 3509 1264 3563; x_wconf 69' lang='lat' dir='ltr'><strong>confusione</strong></span> <span class='ocrx_word' id='word_1_415' title='bbox 1284 3511 1632 3576; x_wconf 89' lang='lat' dir='ltr'><strong>consequitur</strong></span> <span class='ocrx_word' id='word_1_416' title='bbox 1651 3511 1836 3564; x_wconf 89' lang='lat' dir='ltr'><strong>eadem</strong></span> <span class='ocrx_word' id='word_1_417' title='bbox 1867 3525 2085 3578; x_wconf 85' lang='lat' dir='ltr'><strong>perver-</strong></span> 
     </span>
    </p>
   </div>
   <div class='ocr_carea' id='block_1_57' title="bbox 496 3577 2086 3650">
    <p class='ocr_par' dir='ltr' id='par_1_57' title="bbox 496 3577 2086 3650">
     <span class='ocr_line' id='line_1_57' title="bbox 496 3577 2086 3650; baseline 0.003 -19"><span class='ocrx_word' id='word_1_418' title='bbox 496 3579 651 3634; x_wconf 85' lang='lat' dir='ltr'><strong>sitas.</strong></span> <span class='ocrx_word' id='word_1_419' title='bbox 685 3577 789 3635; x_wconf 86' lang='lat' dir='ltr'><strong>Sed</strong></span> <span class='ocrx_word' id='word_1_420' title='bbox 814 3580 1064 3634; x_wconf 90' lang='lat' dir='ltr'><strong>catholici</strong></span> <span class='ocrx_word' id='word_1_421' title='bbox 1091 3595 1337 3648; x_wconf 68' lang='lat' dir='ltr'><strong>personae</strong></span> <span class='ocrx_word' id='word_1_422' title='bbox 1363 3579 1624 3634; x_wconf 89' lang='lat' dir='ltr'><strong>unitatem</strong></span> <span class='ocrx_word' id='word_1_423' title='bbox 1654 3580 1724 3633; x_wconf 89' lang='lat' dir='ltr'><strong>ita</strong></span> <span class='ocrx_word' id='word_1_424' title='bbox 1757 3577 2086 3650; x_wconf 82' lang='lat' dir='ltr'><strong>propugnan-</strong></span> 
     </span>
    </p>
   </div>
   <div class='ocr_carea' id='block_1_58' title="bbox 498 3650 2087 3721">
    <p class='ocr_par' dir='ltr' id='par_1_58' title="bbox 498 3650 2087 3721">
     <span class='ocr_line' id='line_1_58' title="bbox 498 3650 2087 3721; baseline 0.004 -18"><span class='ocrx_word' id='word_1_425' title='bbox 498 3658 602 3712; x_wconf 87' lang='lat' dir='ltr'><strong>tes,</strong></span> <span class='ocrx_word' id='word_1_426' title='bbox 634 3661 692 3704; x_wconf 89' lang='lat' dir='ltr'><strong>ut</strong></span> <span class='ocrx_word' id='word_1_427' title='bbox 719 3659 936 3704; x_wconf 89' lang='lat' dir='ltr'><strong>naturas</strong></span> <span class='ocrx_word' id='word_1_428' title='bbox 964 3651 1297 3721; x_wconf 86' lang='lat' dir='ltr'><strong>distinguere</strong></span> <span class='ocrx_word' id='word_1_429' title='bbox 1331 3666 1433 3704; x_wconf 95' lang='lat' dir='ltr'><strong>non</strong></span> <span class='ocrx_word' id='word_1_430' title='bbox 1465 3650 1711 3705; x_wconf 86' lang='lat' dir='ltr'><strong>desinant</strong></span> <span class='ocrx_word' id='word_1_431' title='bbox 1736 3692 1750 3711; x_wconf 85' lang='lat'><strong>,</strong></span> <span class='ocrx_word' id='word_1_432' title='bbox 1778 3652 1846 3705; x_wconf 90' lang='lat' dir='ltr'><strong>ab</strong></span> <span class='ocrx_word' id='word_1_433' title='bbox 1874 3654 1985 3706; x_wconf 75' lang='lat' dir='ltr'><strong>Arii</strong></span> <span class='ocrx_word' id='word_1_434' title='bbox 2031 3662 2087 3709; x_wconf 86' lang='lat' dir='ltr'><strong>et</strong></span> 
     </span>
    </p>
   </div>
   <div class='ocr_carea' id='block_1_59' title="bbox 496 3721 2082 3794">
    <p class='ocr_par' dir='ltr' id='par_1_59' title="bbox 496 3721 2082 3794">
     <span class='ocr_line' id='line_1_59' title="bbox 496 3721 2082 3794; baseline 0.003 -19"><span class='ocrx_word' id='word_1_435' title='bbox 496 3721 823 3794; x_wconf 72' lang='lat' dir='ltr'><strong>Apollinaris</strong></span> <span class='ocrx_word' id='word_1_436' title='bbox 850 3730 1172 3776; x_wconf 88' lang='lat' dir='ltr'><strong>commentis</strong></span> <span class='ocrx_word' id='word_1_437' title='bbox 1204 3722 1629 3794; x_wconf 81' lang='lat' dir='ltr'><strong>procul_ahsunt.</strong></span> <span class='ocrx_word' id='word_1_438' title='bbox 1665 3722 1798 3778; x_wconf 83' lang='lat' dir='ltr'><strong>Vide</strong></span> <span class='ocrx_word' id='word_1_439' title='bbox 1824 3722 2082 3794; x_wconf 82' lang='lat' dir='ltr'><strong>Cyrillum</strong></span> 
     </span>
    </p>
   </div>
   <div class='ocr_carea' id='block_1_60' title="bbox 495 3791 1484 3864">
    <p class='ocr_par' dir='ltr' id='par_1_60' title="bbox 495 3791 1484 3864">
     <span class='ocr_line' id='line_1_60' title="bbox 495 3791 1484 3864; baseline 0 -18"><span class='ocrx_word' id='word_1_440' title='bbox 495 3794 656 3864; x_wconf 78' lang='lat' dir='ltr'><strong>epist.</strong></span> <span class='ocrx_word' id='word_1_441' title='bbox 690 3793 715 3846; x_wconf 80' lang='grc'>1</span> <span class='ocrx_word' id='word_1_442' title='bbox 746 3791 812 3845; x_wconf 89' lang='lat' dir='ltr'><strong>ad</strong></span> <span class='ocrx_word' id='word_1_443' title='bbox 843 3793 1172 3848; x_wconf 86' lang='lat' dir='ltr'><strong>Succensum</strong></span> <span class='ocrx_word' id='word_1_444' title='bbox 1205 3809 1324 3864; x_wconf 65' lang='lat' dir='ltr'><strong>pag.</strong></span> <span class='ocrx_word' id='word_1_445' title='bbox 1361 3791 1484 3847; x_wconf 78' lang='grc'><strong>151.</strong></span> 
     </span>
    </p>
   </div>
   <div class='ocr_carea' id='block_1_61' title="bbox 569 3861 2084 3936">
    <p class='ocr_par' dir='ltr' id='par_1_61' title="bbox 569 3861 2084 3936">
     <span class='ocr_line' id='line_1_61' title="bbox 569 3861 2084 3936; baseline 0.002 -18"><span class='ocrx_word' id='word_1_446' title='bbox 569 3861 596 3900; x_wconf 68' lang='grc' dir='ltr'><strong><em>ἀ</em></strong></span> <span class='ocrx_word' id='word_1_447' title='bbox 623 3863 822 3935; x_wconf 86' lang='lat' dir='ltr'><strong>Supple</strong></span> <span class='ocrx_word' id='word_1_448' title='bbox 851 3874 1131 3933; x_wconf 84' lang='lat' dir='ltr'><strong>tamquam.</strong></span> <span class='ocrx_word' id='word_1_449' title='bbox 1160 3861 1421 3936; x_wconf 78' lang='lat' dir='ltr'><strong>Quocirca</strong></span> <span class='ocrx_word' id='word_1_450' title='bbox 1453 3878 1556 3917; x_wconf 92' lang='lat' dir='ltr'><strong>non</strong></span> <span class='ocrx_word' id='word_1_451' title='bbox 1581 3863 1760 3932; x_wconf 90' lang='lat' dir='ltr'><strong>placet</strong></span> <span class='ocrx_word' id='word_1_452' title='bbox 1779 3865 1919 3935; x_wconf 91' lang='lat' dir='ltr'><strong>quod</strong></span> <span class='ocrx_word' id='word_1_453' title='bbox 1943 3867 2084 3936; x_wconf 90' lang='lat' dir='ltr'><strong>apud</strong></span> 
     </span>
    </p>
   </div>
   <div class='ocr_carea' id='block_1_62' title="bbox 498 3933 2076 4006">
    <p class='ocr_par' dir='ltr' id='par_1_62' title="bbox 498 3933 2076 4006">
     <span class='ocr_line' id='line_1_62' title="bbox 498 3933 2076 4006; baseline 0.002 -17"><span class='ocrx_word' id='word_1_454' title='bbox 498 3933 666 3989; x_wconf 88' lang='lat' dir='ltr'><strong>Garu.</strong></span> <span class='ocrx_word' id='word_1_455' title='bbox 704 3933 717 3988; x_wconf 77' lang='grc' dir='ltr'>Ξ</span> <span class='ocrx_word' id='word_1_456' title='bbox 753 3935 880 3989; x_wconf 81' lang='lat' dir='ltr'><strong>Cum</strong></span> <span class='ocrx_word' id='word_1_457' title='bbox 902 3936 1091 4006; x_wconf 80' lang='lat' dir='ltr'><strong>tempto</strong></span> <span class='ocrx_word' id='word_1_458' title='bbox 1112 3951 1207 3991; x_wconf 90' lang='lat' dir='ltr'><strong>suo</strong></span> <span class='ocrx_word' id='word_1_459' title='bbox 1228 3935 1543 4006; x_wconf 63' lang='lat' dir='ltr'><strong>aediﬁcatum</strong></span> <span class='ocrx_word' id='word_1_460' title='bbox 1571 3951 1680 3990; x_wconf 82' lang='lat' dir='ltr'><strong>esse</strong></span> <span class='ocrx_word' id='word_1_461' title='bbox 1712 3946 1760 3989; x_wconf 90' lang='lat' dir='ltr'><strong>et</strong></span> <span class='ocrx_word' id='word_1_462' title='bbox 1789 3933 1935 3991; x_wconf 78' lang='lat' dir='ltr'><strong>carni</strong></span> <span class='ocrx_word' id='word_1_463' title='bbox 1959 3933 2076 3992; x_wconf 80' lang='lat' dir='ltr'><strong>con-</strong></span> 
     </span>
    </p>
   </div>
   <div class='ocr_carea' id='block_1_63' title="bbox 495 4006 778 4074">
    <p class='ocr_par' dir='ltr' id='par_1_63' title="bbox 495 4006 778 4074">
     <span class='ocr_line' id='line_1_63' title="bbox 495 4006 778 4074; baseline 0.004 -16"><span class='ocrx_word' id='word_1_464' title='bbox 495 4006 778 4074; x_wconf 85' lang='lat' dir='ltr'><strong>sepultum.</strong></span> 
     </span>
    </p>
   </div>
   <div class='ocr_carea' id='block_1_64' title="bbox 571 4077 2085 4145">
    <p class='ocr_par' dir='ltr' id='par_1_64' title="bbox 571 4077 2085 4145">
     <span class='ocr_line' id='line_1_64' title="bbox 571 4077 2085 4145; baseline 0.002 -14"><span class='ocrx_word' id='word_1_465' title='bbox 571 4088 595 4113; x_wconf 80' lang='lat'><strong><em>°</em></strong></span> <span class='ocrx_word' id='word_1_466' title='bbox 621 4077 819 4131; x_wconf 77' lang='lat' dir='ltr'><strong>Baron.</strong></span> <span class='ocrx_word' id='word_1_467' title='bbox 852 4085 906 4131; x_wconf 88' lang='lat' dir='ltr'><strong>et</strong></span> <span class='ocrx_word' id='word_1_468' title='bbox 931 4077 1066 4133; x_wconf 81' lang='lat' dir='ltr'><strong>Lab.</strong></span> <span class='ocrx_word' id='word_1_469' title='bbox 1099 4095 1112 4130; x_wconf 88' lang='lat'><strong>:</strong></span> <span class='ocrx_word' id='word_1_470' title='bbox 1142 4077 1387 4132; x_wconf 81' lang='lat' dir='ltr'><strong>Eamdem</strong></span> <span class='ocrx_word' id='word_1_471' title='bbox 1418 4078 1592 4131; x_wconf 88' lang='lat' dir='ltr'><strong>dicunt</strong></span> <span class='ocrx_word' id='word_1_472' title='bbox 1615 4087 1724 4145; x_wconf 85' lang='lat' dir='ltr'><strong>post</strong></span> <span class='ocrx_word' id='word_1_473' title='bbox 1752 4081 2085 4134; x_wconf 86' lang='lat' dir='ltr'><strong>resurrectio-</strong></span> 
     </span>
    </p>
   </div>
   <div class='ocr_carea' id='block_1_65' title="bbox 494 4148 2086 4212">
    <p class='ocr_par' dir='ltr' id='par_1_65' title="bbox 494 4148 2086 4212">
     <span class='ocr_line' id='line_1_65' title="bbox 494 4148 2086 4212; baseline 0.004 -14"><span class='ocrx_word' id='word_1_474' title='bbox 494 4164 610 4202; x_wconf 83' lang='lat' dir='ltr'><strong>nem</strong></span> <span class='ocrx_word' id='word_1_475' title='bbox 627 4165 773 4202; x_wconf 86' lang='lat' dir='ltr'><strong>suam</strong></span> <span class='ocrx_word' id='word_1_476' title='bbox 804 4149 1182 4204; x_wconf 86' lang='lat' dir='ltr'><strong>commiscuisse</strong></span> <span class='ocrx_word' id='word_1_477' title='bbox 1207 4165 1431 4212; x_wconf 88' lang='lat' dir='ltr'><strong>carnem,</strong></span> <span class='ocrx_word' id='word_1_478' title='bbox 1453 4150 1542 4203; x_wconf 88' lang='lat' dir='ltr'><strong>sed</strong></span> <span class='ocrx_word' id='word_1_479' title='bbox 1551 4190 1560 4200; x_wconf 92' lang='lat'><strong>.</strong></span> <span class='ocrx_word' id='word_1_480' title='bbox 1594 4149 1760 4203; x_wconf 82' lang='lat' dir='ltr'><strong>Garn.</strong></span> <span class='ocrx_word' id='word_1_481' title='bbox 1787 4167 1798 4201; x_wconf 91' lang='lat'>:</span> <span class='ocrx_word' id='word_1_482' title='bbox 1832 4148 2086 4205; x_wconf 77' lang='lat' dir='ltr'><strong>Eamdem</strong></span> 
     </span>
    </p>
   </div>
   <div class='ocr_carea' id='block_1_66' title="bbox 496 4219 2080 4290">
    <p class='ocr_par' dir='ltr' id='par_1_66' title="bbox 496 4219 2080 4290">
     <span class='ocr_line' id='line_1_66' title="bbox 496 4219 2080 4290; baseline 0.003 -18"><span class='ocrx_word' id='word_1_483' title='bbox 496 4234 705 4290; x_wconf 75' lang='lat' dir='ltr'><strong>carnem</strong></span> <span class='ocrx_word' id='word_1_484' title='bbox 735 4219 912 4290; x_wconf 80' lang='lat' dir='ltr'><strong>dicunt</strong></span> <span class='ocrx_word' id='word_1_485' title='bbox 944 4230 1059 4290; x_wconf 84' lang='lat' dir='ltr'><strong>post</strong></span> <span class='ocrx_word' id='word_1_486' title='bbox 1084 4221 1506 4275; x_wconf 80' lang='lat' dir='ltr'><strong>resurrectionem</strong></span> <span class='ocrx_word' id='word_1_487' title='bbox 1537 4237 1640 4273; x_wconf 87' lang='lat' dir='ltr'><strong>non</strong></span> <span class='ocrx_word' id='word_1_488' title='bbox 1670 4222 1937 4283; x_wconf 84' lang='lat' dir='ltr'><strong>mansisse,</strong></span> <span class='ocrx_word' id='word_1_489' title='bbox 1969 4223 2080 4277; x_wconf 80' lang='lat' dir='ltr'><strong>sed.</strong></span> 
     </span>
    </p>
   </div>
   <div class='ocr_carea' id='block_1_67' title="bbox 496 4289 2083 4361">
    <p class='ocr_par' dir='ltr' id='par_1_67' title="bbox 496 4289 2083 4361">
     <span class='ocr_line' id='line_1_67' title="bbox 496 4289 2083 4361; baseline 0.002 -17"><span class='ocrx_word' id='word_1_490' title='bbox 496 4289 677 4345; x_wconf 82' lang='lat' dir='ltr'><strong>Baluz.</strong></span> <span class='ocrx_word' id='word_1_491' title='bbox 714 4309 728 4345; x_wconf 93' lang='lat'>:</span> <span class='ocrx_word' id='word_1_492' title='bbox 760 4289 980 4346; x_wconf 79' lang='lat' dir='ltr'><strong>Carnem</strong></span> <span class='ocrx_word' id='word_1_493' title='bbox 1005 4292 1181 4346; x_wconf 87' lang='lat' dir='ltr'><strong>dicunt</strong></span> <span class='ocrx_word' id='word_1_494' title='bbox 1211 4302 1324 4361; x_wconf 86' lang='lat' dir='ltr'><strong>post</strong></span> <span class='ocrx_word' id='word_1_495' title='bbox 1349 4292 1769 4345; x_wconf 74' lang='lat' dir='ltr'><strong>resurrectionem</strong></span> <span class='ocrx_word' id='word_1_496' title='bbox 1799 4309 1943 4346; x_wconf 85' lang='lat' dir='ltr'><strong>suam</strong></span> <span class='ocrx_word' id='word_1_497' title='bbox 1982 4309 2083 4347; x_wconf 91' lang='lat' dir='ltr'><strong>non</strong></span> 
     </span>
    </p>
   </div>
   <div class='ocr_carea' id='block_1_68' title="bbox 498 4363 2078 4432">
    <p class='ocr_par' dir='ltr' id='par_1_68' title="bbox 498 4363 2078 4432">
     <span class='ocr_line' id='line_1_68' title="bbox 498 4363 2078 4432; baseline 0.004 -21"><span class='ocrx_word' id='word_1_498' title='bbox 498 4363 764 4416; x_wconf 76' lang='lat' dir='ltr'><strong>miscuisse</strong></span> <span class='ocrx_word' id='word_1_499' title='bbox 792 4379 997 4418; x_wconf 86' lang='lat' dir='ltr'><strong>carnem</strong></span> <span class='ocrx_word' id='word_1_500' title='bbox 1024 4405 1039 4429; x_wconf 93' lang='lat'><strong>,</strong></span> <span class='ocrx_word' id='word_1_501' title='bbox 1070 4364 1158 4416; x_wconf 86' lang='lat' dir='ltr'><strong>sed</strong></span> <span class='ocrx_word' id='word_1_502' title='bbox 1187 4379 1206 4418; x_wconf 92' lang='lat'><strong><em>:</em></strong></span> <span class='ocrx_word' id='word_1_503' title='bbox 1243 4379 1364 4432; x_wconf 63' lang='lat' dir='ltr'><strong>quae</strong></span> <span class='ocrx_word' id='word_1_504' title='bbox 1391 4363 1572 4427; x_wconf 90' lang='lat' dir='ltr'><strong>lectio,</strong></span> <span class='ocrx_word' id='word_1_505' title='bbox 1617 4363 1829 4417; x_wconf 89' lang='lat' dir='ltr'><strong>sublato</strong></span> <span class='ocrx_word' id='word_1_506' title='bbox 1861 4365 2078 4430; x_wconf 87' lang='lat' dir='ltr'><strong>tuendo,</strong></span> 
     </span>
    </p>
   </div>
   <div class='ocr_carea' id='block_1_69' title="bbox 495 4434 2082 4504">
    <p class='ocr_par' dir='ltr' id='par_1_69' title="bbox 495 4434 2082 4504">
     <span class='ocr_line' id='line_1_69' title="bbox 495 4434 2082 4504; baseline 0.002 -18"><span class='ocrx_word' id='word_1_507' title='bbox 495 4445 603 4500; x_wconf 87' lang='lat' dir='ltr'><strong>quo</strong></span> <span class='ocrx_word' id='word_1_508' title='bbox 652 4434 916 4504; x_wconf 79' lang='lat' dir='ltr'><strong>miscuisse</strong></span> <span class='ocrx_word' id='word_1_509' title='bbox 945 4449 1041 4501; x_wconf 88' lang='lat' dir='ltr'><strong>pro</strong></span> <span class='ocrx_word' id='word_1_510' title='bbox 1073 4437 1322 4488; x_wconf 86' lang='lat' dir='ltr'><strong>mansisse</strong></span> <span class='ocrx_word' id='word_1_511' title='bbox 1353 4436 1589 4504; x_wconf 73' lang='lat' dir='ltr'><strong>irrepsit,</strong></span> <span class='ocrx_word' id='word_1_512' title='bbox 1623 4436 1842 4488; x_wconf 89' lang='lat' dir='ltr'><strong>omnino</strong></span> <span class='ocrx_word' id='word_1_513' title='bbox 1874 4435 2082 4490; x_wconf 87' lang='lat' dir='ltr'><strong>sincera</strong></span> 
     </span>
    </p>
   </div>
   <div class='ocr_carea' id='block_1_70' title="bbox 495 4503 2084 4575">
    <p class='ocr_par' dir='ltr' id='par_1_70' title="bbox 495 4503 2084 4575">
     <span class='ocr_line' id='line_1_70' title="bbox 495 4503 2084 4575; baseline 0.003 -20"><span class='ocrx_word' id='word_1_514' title='bbox 495 4510 598 4575; x_wconf 77' lang='lat' dir='ltr'><strong>est.</strong></span> <span class='ocrx_word' id='word_1_515' title='bbox 645 4503 956 4575; x_wconf 78' lang='lat' dir='ltr'><strong>Singulares</strong></span> <span class='ocrx_word' id='word_1_516' title='bbox 1001 4513 1182 4560; x_wconf 87' lang='lat' dir='ltr'><strong>autem</strong></span> <span class='ocrx_word' id='word_1_517' title='bbox 1238 4505 1454 4559; x_wconf 82' lang='lat' dir='ltr'><strong>Patrum</strong></span> <span class='ocrx_word' id='word_1_518' title='bbox 1501 4505 1819 4569; x_wconf 88' lang='lat' dir='ltr'><strong>locutiones,</strong></span> <span class='ocrx_word' id='word_1_519' title='bbox 1844 4521 1965 4575; x_wconf 70' lang='lat' dir='ltr'><strong>quae</strong></span> <span class='ocrx_word' id='word_1_520' title='bbox 1994 4521 2084 4561; x_wconf 90' lang='lat' dir='ltr'><strong>ca-</strong></span> 
     </span>
    </p>
   </div>
   <div class='ocr_carea' id='block_1_71' title="bbox 497 4573 2080 4645">
    <p class='ocr_par' dir='ltr' id='par_1_71' title="bbox 497 4573 2080 4645">
     <span class='ocr_line' id='line_1_71' title="bbox 497 4573 2080 4645; baseline 0.001 -18"><span class='ocrx_word' id='word_1_521' title='bbox 497 4573 716 4628; x_wconf 75' lang='lat' dir='ltr'><strong>lumnia:</strong></span> <span class='ocrx_word' id='word_1_522' title='bbox 749 4574 873 4629; x_wconf 90' lang='lat' dir='ltr'><strong>huic</strong></span> <span class='ocrx_word' id='word_1_523' title='bbox 900 4590 1087 4628; x_wconf 87' lang='lat' dir='ltr'><strong>ansam</strong></span> <span class='ocrx_word' id='word_1_524' title='bbox 1122 4576 1464 4642; x_wconf 66' lang='lat' dir='ltr'><strong>praebuerunt</strong></span> <span class='ocrx_word' id='word_1_525' title='bbox 1489 4617 1503 4638; x_wconf 91' lang='lat'><strong>,</strong></span> <span class='ocrx_word' id='word_1_526' title='bbox 1537 4576 1589 4630; x_wconf 92' lang='lat' dir='ltr'><strong>in</strong></span> <span class='ocrx_word' id='word_1_527' title='bbox 1621 4573 1874 4644; x_wconf 69' lang='lat' dir='ltr'><strong>generali</strong></span> <span class='ocrx_word' id='word_1_528' title='bbox 1889 4581 2080 4645; x_wconf 74' lang='lat' dir='ltr'><strong>praefa-</strong></span> 
     </span>
    </p>
   </div>
   <div class='ocr_carea' id='block_1_72' title="bbox 499 4645 2083 4703">
    <p class='ocr_par' dir='ltr' id='par_1_72' title="bbox 499 4645 2083 4703">
     <span class='ocr_line' id='line_1_72' title="bbox 499 4645 2083 4703; baseline 0.003 -7"><span class='ocrx_word' id='word_1_529' title='bbox 499 4645 644 4700; x_wconf 93' lang='lat' dir='ltr'><strong>tione</strong></span> <span class='ocrx_word' id='word_1_530' title='bbox 675 4659 829 4700; x_wconf 61' lang='lat' dir='ltr'><strong>nova</strong></span> <span class='ocrx_word' id='word_1_531' title='bbox 859 4646 1114 4701; x_wconf 85' lang='lat' dir='ltr'><strong>editionis</strong></span> <span class='ocrx_word' id='word_1_532' title='bbox 1155 4645 1339 4701; x_wconf 84' lang='lat' dir='ltr'><strong>Hilarii</strong></span> <span class='ocrx_word' id='word_1_533' title='bbox 1390 4662 1421 4701; x_wconf 90' lang='lat' dir='ltr'><strong>a</strong></span> <span class='ocrx_word' id='word_1_534' title='bbox 1450 4661 1676 4701; x_wconf 87' lang='lat' dir='ltr'><strong>numero</strong></span> <span class='ocrx_word' id='word_1_535' title='bbox 1706 4645 1810 4701; x_wconf 75' lang='grc'><strong>182</strong></span> <span class='ocrx_word' id='word_1_536' title='bbox 1851 4657 1905 4701; x_wconf 91' lang='lat' dir='ltr'><strong>et</strong></span> <span class='ocrx_word' id='word_1_537' title='bbox 1929 4647 2083 4703; x_wconf 86' lang='lat' dir='ltr'><strong>dein-</strong></span> 
     </span>
    </p>
   </div>
   <div class='ocr_carea' id='block_1_73' title="bbox 495 4717 1062 4785">
    <p class='ocr_par' dir='ltr' id='par_1_73' title="bbox 495 4717 1062 4785">
     <span class='ocr_line' id='line_1_73' title="bbox 495 4717 1062 4785; baseline 0 -15"><span class='ocrx_word' id='word_1_538' title='bbox 495 4729 624 4780; x_wconf 87' lang='lat' dir='ltr'><strong>ceps</strong></span> <span class='ocrx_word' id='word_1_539' title='bbox 652 4717 1008 4785; x_wconf 77' lang='lat' dir='ltr'><strong>explicantur.</strong></span> <span class='ocrx_word' id='word_1_540' title='bbox 1052 4732 1062 4741; x_wconf 71' lang='grc'><strong>’</strong></span> 
     </span>
    </p>
   </div>
   <div class='ocr_carea' id='block_1_74' title="bbox 576 4785 2078 4858">
    <p class='ocr_par' dir='ltr' id='par_1_74' title="bbox 576 4785 2078 4858">
     <span class='ocr_line' id='line_1_74' title="bbox 576 4785 2078 4858; baseline -0.001 -14"><span class='ocrx_word' id='word_1_541' title='bbox 576 4785 596 4826; x_wconf 80' lang='grc'><em>¹</em></span> <span class='ocrx_word' id='word_1_542' title='bbox 628 4787 927 4856; x_wconf 89' lang='lat' dir='ltr'><strong>Suppressa</strong></span> <span class='ocrx_word' id='word_1_543' title='bbox 956 4785 1338 4856; x_wconf 90' lang='lat' dir='ltr'><strong>conjunctione</strong></span> <span class='ocrx_word' id='word_1_544' title='bbox 1365 4797 1432 4852; x_wconf 89' lang='lat' dir='ltr'><strong>et,</strong></span> <span class='ocrx_word' id='word_1_545' title='bbox 1459 4803 1580 4858; x_wconf 61' lang='lat' dir='ltr'><strong>quae</strong></span> <span class='ocrx_word' id='word_1_546' title='bbox 1603 4787 1687 4842; x_wconf 90' lang='lat' dir='ltr'><strong>hic</strong></span> <span class='ocrx_word' id='word_1_547' title='bbox 1713 4787 1973 4854; x_wconf 89' lang='lat' dir='ltr'><strong>abundat,</strong></span> <span class='ocrx_word' id='word_1_548' title='bbox 1995 4798 2078 4843; x_wconf 88' lang='lat' dir='ltr'><strong>to-</strong></span> 
     </span>
    </p>
   </div>
   <div class='ocr_carea' id='block_1_75' title="bbox 499 4859 2076 4927">
    <p class='ocr_par' dir='ltr' id='par_1_75' title="bbox 499 4859 2076 4927">
     <span class='ocr_line' id='line_1_75' title="bbox 499 4859 2076 4927; baseline 0.004 -20"><span class='ocrx_word' id='word_1_549' title='bbox 499 4866 548 4909; x_wconf 87' lang='lat' dir='ltr'><strong>ta</strong></span> <span class='ocrx_word' id='word_1_550' title='bbox 597 4868 883 4914; x_wconf 86' lang='lat' dir='ltr'><strong>evanescet</strong></span> <span class='ocrx_word' id='word_1_551' title='bbox 932 4859 1089 4927; x_wconf 87' lang='lat' dir='ltr'><strong>hujus</strong></span> <span class='ocrx_word' id='word_1_552' title='bbox 1130 4860 1231 4913; x_wconf 91' lang='lat' dir='ltr'><strong>loci</strong></span> <span class='ocrx_word' id='word_1_553' title='bbox 1277 4859 1596 4913; x_wconf 84' lang='lat' dir='ltr'><strong>obscuritas.</strong></span> <span class='ocrx_word' id='word_1_554' title='bbox 1644 4859 1778 4925; x_wconf 87' lang='lat' dir='ltr'><strong>Quia</strong></span> <span class='ocrx_word' id='word_1_555' title='bbox 1826 4860 2076 4914; x_wconf 91' lang='lat' dir='ltr'><strong>nimirum</strong></span> 
     </span>
    </p>
   </div>
   <div class='ocr_carea' id='block_1_76' title="bbox 495 4930 2081 4999">
    <p class='ocr_par' dir='ltr' id='par_1_76' title="bbox 495 4930 2081 4999">
     <span class='ocr_line' id='line_1_76' title="bbox 495 4930 2081 4999; baseline 0.004 -19"><span class='ocrx_word' id='word_1_556' title='bbox 495 4931 744 4985; x_wconf 89' lang='lat' dir='ltr'><strong>catholici</strong></span> <span class='ocrx_word' id='word_1_557' title='bbox 776 4930 1107 4997; x_wconf 88' lang='lat' dir='ltr'><strong>unigenitum</strong></span> <span class='ocrx_word' id='word_1_558' title='bbox 1156 4930 1322 4985; x_wconf 88' lang='lat' dir='ltr'><strong>Deum</strong></span> <span class='ocrx_word' id='word_1_559' title='bbox 1369 4939 1426 4985; x_wconf 90' lang='lat' dir='ltr'><strong>et</strong></span> <span class='ocrx_word' id='word_1_560' title='bbox 1455 4939 1635 4984; x_wconf 87' lang='lat' dir='ltr'><strong>natum</strong></span> <span class='ocrx_word' id='word_1_561' title='bbox 1670 4931 1988 4999; x_wconf 90' lang='lat' dir='ltr'><strong>protitentur</strong></span> <span class='ocrx_word' id='word_1_562' title='bbox 2026 4943 2081 4987; x_wconf 91' lang='lat' dir='ltr'><strong>et</strong></span> 
     </span>
    </p>
   </div>
   <div class='ocr_carea' id='block_1_77' title="bbox 498 5000 2077 5068">
    <p class='ocr_par' dir='ltr' id='par_1_77' title="bbox 498 5000 2077 5068">
     <span class='ocr_line' id='line_1_77' title="bbox 498 5000 2077 5068; baseline 0.007 -20"><span class='ocrx_word' id='word_1_563' title='bbox 498 5011 789 5068; x_wconf 89' lang='lat' dir='ltr'><strong>mortuum,</strong></span> <span class='ocrx_word' id='word_1_564' title='bbox 822 5001 1179 5054; x_wconf 88' lang='lat' dir='ltr'><strong>calumniatur</strong></span> <span class='ocrx_word' id='word_1_565' title='bbox 1201 5000 1505 5066; x_wconf 76' lang='lat' dir='ltr'><strong>Nestorius,</strong></span> <span class='ocrx_word' id='word_1_566' title='bbox 1548 5016 1641 5055; x_wconf 91' lang='lat' dir='ltr'><strong>eos</strong></span> <span class='ocrx_word' id='word_1_567' title='bbox 1665 5010 1722 5055; x_wconf 91' lang='lat' dir='ltr'><strong>et</strong></span> <span class='ocrx_word' id='word_1_568' title='bbox 1749 5002 2077 5058; x_wconf 84' lang='lat' dir='ltr'><strong>nativitatem</strong></span> 
     </span>
    </p>
   </div>
   <div class='ocr_carea' id='block_1_78' title="bbox 496 5071 2074 5144">
    <p class='ocr_par' dir='ltr' id='par_1_78' title="bbox 496 5071 2074 5144">
     <span class='ocr_line' id='line_1_78' title="bbox 496 5071 2074 5144; baseline 0.003 -20"><span class='ocrx_word' id='word_1_569' title='bbox 496 5087 558 5124; x_wconf 82' lang='lat' dir='ltr'><strong>ex</strong></span> <span class='ocrx_word' id='word_1_570' title='bbox 611 5072 830 5144; x_wconf 82' lang='lat' dir='ltr'><strong>Virgine</strong></span> <span class='ocrx_word' id='word_1_571' title='bbox 857 5079 1185 5144; x_wconf 8' lang='lat' dir='ltr'><strong>etgim‘ortem</strong></span> <span class='ocrx_word' id='word_1_572' title='bbox 1215 5072 1282 5126; x_wconf 89' lang='lat' dir='ltr'><strong>ad</strong></span> <span class='ocrx_word' id='word_1_573' title='bbox 1310 5071 1543 5144; x_wconf 86' lang='lat' dir='ltr'><strong>divinam</strong></span> <span class='ocrx_word' id='word_1_574' title='bbox 1574 5073 1777 5128; x_wconf 85' lang='lat' dir='ltr'><strong>referre</strong></span> <span class='ocrx_word' id='word_1_575' title='bbox 1809 5083 2074 5144; x_wconf 86' lang='lat' dir='ltr'><strong>naturam,</strong></span> 
     </span>
    </p>
   </div>
   <div class='ocr_carea' id='block_1_79' title="bbox 491 5141 2076 5211">
    <p class='ocr_par' dir='ltr' id='par_1_79' title="bbox 491 5141 2076 5211">
     <span class='ocr_line' id='line_1_79' title="bbox 491 5141 2076 5211; baseline 0.003 -16"><span class='ocrx_word' id='word_1_576' title='bbox 491 5143 716 5211; x_wconf 89' lang='lat' dir='ltr'><strong>perinde</strong></span> <span class='ocrx_word' id='word_1_577' title='bbox 741 5157 804 5196; x_wconf 93' lang='lat' dir='ltr'><strong>ac</strong></span> <span class='ocrx_word' id='word_1_578' title='bbox 834 5142 880 5196; x_wconf 91' lang='lat' dir='ltr'><strong>si</strong></span> <span class='ocrx_word' id='word_1_579' title='bbox 909 5141 1245 5198; x_wconf 83' lang='lat' dir='ltr'><strong>divinitatem</strong></span> <span class='ocrx_word' id='word_1_580' title='bbox 1271 5157 1395 5198; x_wconf 89' lang='lat' dir='ltr'><strong>cum</strong></span> <span class='ocrx_word' id='word_1_581' title='bbox 1420 5143 1703 5209; x_wconf 88' lang='lat' dir='ltr'><strong>conjuncta</strong></span> <span class='ocrx_word' id='word_1_582' title='bbox 1725 5159 1888 5198; x_wconf 88' lang='lat' dir='ltr'><strong>carne</strong></span> <span class='ocrx_word' id='word_1_583' title='bbox 1917 5143 2076 5200; x_wconf 91' lang='lat' dir='ltr'><strong>simul</strong></span> 
     </span>
    </p>
   </div>
   <div class='ocr_carea' id='block_1_80' title="bbox 493 5213 2078 5285">
    <p class='ocr_par' dir='ltr' id='par_1_80' title="bbox 493 5213 2078 5285">
     <span class='ocr_line' id='line_1_80' title="bbox 493 5213 2078 5285; baseline 0.007 -24"><span class='ocrx_word' id='word_1_584' title='bbox 493 5215 643 5285; x_wconf 69' lang='lat' dir='ltr'><strong>nasci</strong></span> <span class='ocrx_word' id='word_1_585' title='bbox 695 5223 749 5268; x_wconf 89' lang='lat' dir='ltr'><strong>et</strong></span> <span class='ocrx_word' id='word_1_586' title='bbox 793 5213 974 5285; x_wconf 82' lang='lat' dir='ltr'><strong>simul</strong></span> <span class='ocrx_word' id='word_1_587' title='bbox 1003 5214 1140 5285; x_wconf 84' lang='lat' dir='ltr'><strong>mori</strong></span> <span class='ocrx_word' id='word_1_588' title='bbox 1185 5213 1467 5269; x_wconf 84' lang='lat' dir='ltr'><strong>sentirent.</strong></span> <span class='ocrx_word' id='word_1_589' title='bbox 1515 5214 1652 5285; x_wconf 88' lang='lat' dir='ltr'><strong>Quid</strong></span> <span class='ocrx_word' id='word_1_590' title='bbox 1702 5230 1894 5285; x_wconf 90' lang='lat' dir='ltr'><strong>nempe</strong></span> <span class='ocrx_word' id='word_1_591' title='bbox 1937 5217 2078 5271; x_wconf 92' lang='lat' dir='ltr'><strong>inter</strong></span> 
     </span>
    </p>
   </div>
   <div class='ocr_carea' id='block_1_81' title="bbox 498 5283 2076 5352">
    <p class='ocr_par' dir='ltr' id='par_1_81' title="bbox 498 5283 2076 5352">
     <span class='ocr_line' id='line_1_81' title="bbox 498 5283 2076 5352; baseline 0.003 -16"><span class='ocrx_word' id='word_1_592' title='bbox 498 5283 662 5336; x_wconf 90' lang='lat' dir='ltr'><strong>Deum</strong></span> <span class='ocrx_word' id='word_1_593' title='bbox 697 5285 843 5338; x_wconf 89' lang='lat' dir='ltr'><strong>nasci</strong></span> <span class='ocrx_word' id='word_1_594' title='bbox 867 5293 922 5338; x_wconf 89' lang='lat' dir='ltr'><strong>et</strong></span> <span class='ocrx_word' id='word_1_595' title='bbox 945 5283 1280 5339; x_wconf 82' lang='lat' dir='ltr'><strong>divinitatem</strong></span> <span class='ocrx_word' id='word_1_596' title='bbox 1314 5285 1458 5339; x_wconf 85' lang='lat' dir='ltr'><strong>nasci</strong></span> <span class='ocrx_word' id='word_1_597' title='bbox 1487 5284 1715 5352; x_wconf 75' lang='lat' dir='ltr'><strong>dtll‘erat,</strong></span> <span class='ocrx_word' id='word_1_598' title='bbox 1736 5283 2076 5342; x_wconf 79' lang='lat' dir='ltr'><strong>dissimulare</strong></span> 
     </span>
    </p>
   </div>
   <div class='ocr_carea' id='block_1_82' title="bbox 493 5354 2070 5425">
    <p class='ocr_par' dir='ltr' id='par_1_82' title="bbox 493 5354 2070 5425">
     <span class='ocr_line' id='line_1_82' title="bbox 493 5354 2070 5425; baseline 0.004 -18"><span class='ocrx_word' id='word_1_599' title='bbox 493 5354 652 5418; x_wconf 83' lang='lat' dir='ltr'><strong>solet,</strong></span> <span class='ocrx_word' id='word_1_600' title='bbox 684 5355 928 5425; x_wconf 84' lang='lat' dir='ltr'><strong>quamvis</strong></span> <span class='ocrx_word' id='word_1_601' title='bbox 958 5356 1070 5425; x_wconf 69' lang='lat' dir='ltr'><strong>ipse</strong></span> <span class='ocrx_word' id='word_1_602' title='bbox 1093 5355 1232 5422; x_wconf 90' lang='lat' dir='ltr'><strong>apud</strong></span> <span class='ocrx_word' id='word_1_603' title='bbox 1265 5356 1534 5410; x_wconf 86' lang='lat' dir='ltr'><strong>Balnzium</strong></span> <span class='ocrx_word' id='word_1_604' title='bbox 1565 5373 1690 5413; x_wconf 87' lang='lat' dir='ltr'><strong>nov.</strong></span> <span class='ocrx_word' id='word_1_605' title='bbox 1717 5359 1846 5415; x_wconf 90' lang='lat' dir='ltr'><strong>coll.</strong></span> <span class='ocrx_word' id='word_1_606' title='bbox 1876 5359 2070 5412; x_wconf 89' lang='lat' dir='ltr'><strong>eoneil.</strong></span> 
     </span>
    </p>
   </div>
   <div class='ocr_carea' id='block_1_83' title="bbox 494 5424 2081 5497">
    <p class='ocr_par' dir='ltr' id='par_1_83' title="bbox 494 5424 2081 5497">
     <span class='ocr_line' id='line_1_83' title="bbox 494 5424 2081 5497; baseline 0.004 -21"><span class='ocrx_word' id='word_1_607' title='bbox 494 5439 613 5494; x_wconf 81' lang='lat' dir='ltr'><strong>pag.</strong></span> <span class='ocrx_word' id='word_1_608' title='bbox 647 5424 752 5480; x_wconf 78' lang='lat'><strong>695</strong></span> <span class='ocrx_word' id='word_1_609' title='bbox 779 5424 1068 5482; x_wconf 66' lang='lat' dir='ltr'><strong>discrimen</strong></span> <span class='ocrx_word' id='word_1_610' title='bbox 1116 5427 1327 5496; x_wconf 90' lang='lat' dir='ltr'><strong>aliquod</strong></span> <span class='ocrx_word' id='word_1_611' title='bbox 1379 5430 1516 5482; x_wconf 87' lang='lat' dir='ltr'><strong>inter</strong></span> <span class='ocrx_word' id='word_1_612' title='bbox 1549 5439 1824 5497; x_wconf 83' lang='lat' dir='ltr'><strong>lllt‘:tlllt]uc</strong></span> <span class='ocrx_word' id='word_1_613' title='bbox 1853 5428 2081 5483; x_wconf 83' lang='lat' dir='ltr'><strong>locutio-</strong></span> 
     </span>
    </p>
   </div>
   <div class='ocr_carea' id='block_1_84' title="bbox 495 5499 2076 5569">
    <p class='ocr_par' dir='ltr' id='par_1_84' title="bbox 495 5499 2076 5569">
     <span class='ocr_line' id='line_1_84' title="bbox 495 5499 2076 5569; baseline 0.003 -19"><span class='ocrx_word' id='word_1_614' title='bbox 495 5512 614 5550; x_wconf 81' lang='lat' dir='ltr'><strong>netn</strong></span> <span class='ocrx_word' id='word_1_615' title='bbox 648 5510 942 5566; x_wconf 76' lang='lat' dir='ltr'><strong>agnoscat,</strong></span> <span class='ocrx_word' id='word_1_616' title='bbox 978 5510 1342 5569; x_wconf 83' lang='lat' dir='ltr'><strong>queratttrquc</strong></span> <span class='ocrx_word' id='word_1_617' title='bbox 1389 5514 1512 5552; x_wconf 87' lang='lat' dir='ltr'><strong>cum</strong></span> <span class='ocrx_word' id='word_1_618' title='bbox 1554 5499 1811 5566; x_wconf 82' lang='lat' dir='ltr'><strong>dixisset,</strong></span> <span class='ocrx_word' id='word_1_619' title='bbox 1859 5501 2076 5555; x_wconf 64' lang='lat' dir='ltr'><strong>Mariam</strong></span> 
     </span>
    </p>
   </div>
   <div class='ocr_carea' id='block_1_85' title="bbox 495 5569 2075 5637">
    <p class='ocr_par' dir='ltr' id='par_1_85' title="bbox 495 5569 2075 5637">
     <span class='ocr_line' id='line_1_85' title="bbox 495 5569 2075 5637; baseline 0.005 -19"><span class='ocrx_word' id='word_1_620' title='bbox 495 5583 600 5620; x_wconf 86' lang='lat' dir='ltr'><strong>non</strong></span> <span class='ocrx_word' id='word_1_621' title='bbox 632 5569 905 5634; x_wconf 67' lang='lat' dir='ltr'><strong>peperisse</strong></span> <span class='ocrx_word' id='word_1_622' title='bbox 927 5571 1262 5635; x_wconf 83' lang='lat' dir='ltr'><strong>divinitatem,</strong></span> <span class='ocrx_word' id='word_1_623' title='bbox 1288 5571 1365 5624; x_wconf 90' lang='lat' dir='ltr'><strong>sic</strong></span> <span class='ocrx_word' id='word_1_624' title='bbox 1387 5570 1590 5626; x_wconf 83' lang='lat' dir='ltr'><strong>dictum</strong></span> <span class='ocrx_word' id='word_1_625' title='bbox 1615 5587 1768 5625; x_wconf 80' lang='lat' dir='ltr'><strong>suum</strong></span> <span class='ocrx_word' id='word_1_626' title='bbox 1793 5581 2075 5637; x_wconf 87' lang='lat' dir='ltr'><strong>mutatum,</strong></span> 
     </span>
    </p>
   </div>
   <div class='ocr_carea' id='block_1_86' title="bbox 494 5638 1722 5698">
    <p class='ocr_par' dir='ltr' id='par_1_86' title="bbox 494 5638 1722 5698">
     <span class='ocr_line' id='line_1_86' title="bbox 494 5638 1722 5698; baseline 0.006 -8"><span class='ocrx_word' id='word_1_627' title='bbox 494 5645 552 5690; x_wconf 91' lang='lat' dir='ltr'><strong>ut</strong></span> <span class='ocrx_word' id='word_1_628' title='bbox 581 5638 861 5692; x_wconf 79' lang='lat' dir='ltr'><strong>divinitatis</strong></span> <span class='ocrx_word' id='word_1_629' title='bbox 893 5641 1010 5696; x_wconf 90' lang='lat' dir='ltr'><strong>loco</strong></span> <span class='ocrx_word' id='word_1_630' title='bbox 1039 5641 1134 5696; x_wconf 83' lang='lat' dir='ltr'><strong>Dei</strong></span> <span class='ocrx_word' id='word_1_631' title='bbox 1156 5657 1263 5697; x_wconf 80' lang='lat' dir='ltr'><strong>vox</strong></span> <span class='ocrx_word' id='word_1_632' title='bbox 1289 5642 1722 5698; x_wconf 85' lang='lat' dir='ltr'><strong>substitueretur.</strong></span> 
     </span>
    </p>
   </div>
   <div class='ocr_carea' id='block_1_87' title="bbox 567 5708 2082 5783">
    <p class='ocr_par' dir='ltr' id='par_1_87' title="bbox 567 5708 2082 5783">
     <span class='ocr_line' id='line_1_87' title="bbox 567 5708 2082 5783; baseline 0.006 -21"><span class='ocrx_word' id='word_1_633' title='bbox 567 5715 594 5755; x_wconf 75' lang='grc' dir='ltr'>ι</span> <span class='ocrx_word' id='word_1_634' title='bbox 642 5708 868 5781; x_wconf 82' lang='lat' dir='ltr'><strong>Propter</strong></span> <span class='ocrx_word' id='word_1_635' title='bbox 917 5713 1062 5768; x_wconf 84' lang='lat' dir='ltr'><strong>vocis</strong></span> <span class='ocrx_word' id='word_1_636' title='bbox 1113 5713 1275 5783; x_wconf 85' lang='lat' dir='ltr'><strong>hujus</strong></span> <span class='ocrx_word' id='word_1_637' title='bbox 1306 5727 1459 5769; x_wconf 86' lang='lat' dir='ltr'><strong>usum</strong></span> <span class='ocrx_word' id='word_1_638' title='bbox 1491 5713 1774 5771; x_wconf 82' lang='lat' dir='ltr'><strong>Nestorius</strong></span> <span class='ocrx_word' id='word_1_639' title='bbox 1799 5713 2082 5771; x_wconf 83' lang='lat' dir='ltr'><strong>catholicis</strong></span> 
     </span>
    </p>
   </div>
   <div class='ocr_carea' id='block_1_88' title="bbox 2179 1792 3751 1864">
    <p class='ocr_par' dir='ltr' id='par_1_88' title="bbox 2179 1792 3751 1864">
     <span class='ocr_line' id='line_1_88' title="bbox 2179 1792 3751 1864; baseline 0.003 -17"><span class='ocrx_word' id='word_1_640' title='bbox 2179 1809 2391 1864; x_wconf 90' lang='lat' dir='ltr'><strong>quoque</strong></span> <span class='ocrx_word' id='word_1_641' title='bbox 2417 1794 2808 1862; x_wconf 90' lang='lat' dir='ltr'><strong>attendentem,</strong></span> <span class='ocrx_word' id='word_1_642' title='bbox 2842 1794 2984 1864; x_wconf 92' lang='lat' dir='ltr'><strong>quod</strong></span> <span class='ocrx_word' id='word_1_643' title='bbox 3007 1809 3112 1848; x_wconf 92' lang='lat' dir='ltr'><strong>non</strong></span> <span class='ocrx_word' id='word_1_644' title='bbox 3134 1792 3339 1848; x_wconf 89' lang='lat' dir='ltr'><strong>frustra</strong></span> <span class='ocrx_word' id='word_1_645' title='bbox 3363 1793 3751 1862; x_wconf 77' lang='lat' dir='ltr'><strong>certaverimus,</strong></span> 
     </span>
    </p>
   </div>
   <div class='ocr_carea' id='block_1_89' title="bbox 2183 1888 3754 1960">
    <p class='ocr_par' dir='ltr' id='par_1_89' title="bbox 2183 1888 3754 1960">
     <span class='ocr_line' id='line_1_89' title="bbox 2183 1888 3754 1960; baseline 0.002 -18"><span class='ocrx_word' id='word_1_646' title='bbox 2183 1888 2279 1944; x_wconf 85' lang='lat' dir='ltr'><strong>sed</strong></span> <span class='ocrx_word' id='word_1_647' title='bbox 2308 1888 2581 1942; x_wconf 91' lang='lat' dir='ltr'><strong>emendati</strong></span> <span class='ocrx_word' id='word_1_648' title='bbox 2611 1897 2738 1944; x_wconf 89' lang='lat' dir='ltr'><strong>sunt</strong></span> <span class='ocrx_word' id='word_1_649' title='bbox 2765 1889 2935 1958; x_wconf 83' lang='lat' dir='ltr'><strong>gratia</strong></span> <span class='ocrx_word' id='word_1_650' title='bbox 2966 1889 3175 1942; x_wconf 90' lang='lat' dir='ltr'><strong>Domini</strong></span> <span class='ocrx_word' id='word_1_651' title='bbox 3221 1888 3382 1942; x_wconf 90' lang='lat' dir='ltr'><strong>multi</strong></span> <span class='ocrx_word' id='word_1_652' title='bbox 3427 1903 3492 1943; x_wconf 77' lang='lat' dir='ltr'><strong>ex</strong></span> <span class='ocrx_word' id='word_1_653' title='bbox 3525 1889 3587 1942; x_wconf 90' lang='lat' dir='ltr'><strong>iis</strong></span> <span class='ocrx_word' id='word_1_654' title='bbox 3613 1930 3628 1955; x_wconf 92' lang='lat'><strong>,</strong></span> <span class='ocrx_word' id='word_1_655' title='bbox 3677 1891 3754 1960; x_wconf 88' lang='lat' dir='ltr'><strong>qui</strong></span> 
     </span>
    </p>
   </div>
   <div class='ocr_carea' id='block_1_90' title="bbox 2186 1980 3746 2052">
    <p class='ocr_par' dir='ltr' id='par_1_90' title="bbox 2186 1980 3746 2052">
     <span class='ocr_line' id='line_1_90' title="bbox 2186 1980 3746 2052; baseline 0.001 -18"><span class='ocrx_word' id='word_1_656' title='bbox 2186 1982 2425 2050; x_wconf 87' lang='lat' dir='ltr'><strong>perversi</strong></span> <span class='ocrx_word' id='word_1_657' title='bbox 2457 1991 2610 2037; x_wconf 85' lang='lat' dir='ltr'><strong>erant</strong></span> <span class='ocrx_word' id='word_1_658' title='bbox 2654 1982 2996 2038; x_wconf 72' lang='lat' dir='ltr'><strong>discedentes</strong></span> <span class='ocrx_word' id='word_1_659' title='bbox 3023 1997 3054 2037; x_wconf 90' lang='lat' dir='ltr'><strong>a</strong></span> <span class='ocrx_word' id='word_1_660' title='bbox 3098 1981 3281 2038; x_wconf 89' lang='lat' dir='ltr'><strong>nobis.</strong></span> <span class='ocrx_word' id='word_1_661' title='bbox 3329 1981 3469 2051; x_wconf 85' lang='lat' dir='ltr'><strong>Quia</strong></span> <span class='ocrx_word' id='word_1_662' title='bbox 3508 1980 3746 2052; x_wconf 88' lang='lat' dir='ltr'><strong>proprial</strong></span> 
     </span>
    </p>
   </div>
   <div class='ocr_carea' id='block_1_91' title="bbox 2183 2073 3753 2144">
    <p class='ocr_par' dir='ltr' id='par_1_91' title="bbox 2183 2073 3753 2144">
     <span class='ocr_line' id='line_1_91' title="bbox 2183 2073 3753 2144; baseline 0.001 -14"><span class='ocrx_word' id='word_1_663' title='bbox 2183 2083 2270 2130; x_wconf 90' lang='lat' dir='ltr'><strong>est</strong></span> <span class='ocrx_word' id='word_1_664' title='bbox 2295 2075 2520 2144; x_wconf 88' lang='lat' dir='ltr'><strong>parienti</strong></span> <span class='ocrx_word' id='word_1_665' title='bbox 2539 2073 2851 2130; x_wconf 91' lang='lat' dir='ltr'><strong>homousios</strong></span> <span class='ocrx_word' id='word_1_666' title='bbox 2878 2075 3152 2142; x_wconf 85' lang='lat' dir='ltr'><strong>nativitas,</strong></span> <span class='ocrx_word' id='word_1_667' title='bbox 3167 2075 3257 2132; x_wconf 91' lang='lat' dir='ltr'><strong>cui</strong></span> <span class='ocrx_word' id='word_1_668' title='bbox 3285 2074 3474 2129; x_wconf 81' lang='lat' dir='ltr'><strong>vivere</strong></span> <span class='ocrx_word' id='word_1_669' title='bbox 3493 2078 3753 2132; x_wconf 84' lang='lat' dir='ltr'><strong>commissa</strong></span> 
     </span>
    </p>
   </div>
   <div class='ocr_carea' id='block_1_92' title="bbox 2183 2214 3751 2304">
    <p class='ocr_par' dir='ltr' id='par_1_92' title="bbox 2183 2214 3751 2304">
     <span class='ocr_line' id='line_1_92' title="bbox 2183 2214 3751 2304; baseline 0.003 -20"><span class='ocrx_word' id='word_1_670' title='bbox 2183 2231 2436 2285; x_wconf 86' lang='lat' dir='ltr'><strong>invidiam</strong></span> <span class='ocrx_word' id='word_1_671' title='bbox 2465 2231 2642 2288; x_wconf 91' lang='lat' dir='ltr'><strong>facere</strong></span> <span class='ocrx_word' id='word_1_672' title='bbox 2670 2240 2894 2288; x_wconf 86' lang='lat' dir='ltr'><strong>conatus</strong></span> <span class='ocrx_word' id='word_1_673' title='bbox 2925 2243 3028 2295; x_wconf 86' lang='lat' dir='ltr'><strong>est,</strong></span> <span class='ocrx_word' id='word_1_674' title='bbox 3060 2232 3210 2304; x_wconf 90' lang='lat' dir='ltr'><strong>quasi</strong></span> <span class='ocrx_word' id='word_1_675' title='bbox 3244 2231 3536 2289; x_wconf 85' lang='lat' dir='ltr'><strong>humanam</strong></span> <span class='ocrx_word' id='word_1_676' title='bbox 3567 2214 3751 2289; x_wconf 78' lang='lat' dir='ltr'><strong>Christi</strong></span> 
     </span>
    </p>
   </div>
   <div class='ocr_carea' id='block_1_93' title="bbox 2183 2303 3753 2374">
    <p class='ocr_par' dir='ltr' id='par_1_93' title="bbox 2183 2303 3753 2374">
     <span class='ocr_line' id='line_1_93' title="bbox 2183 2303 3753 2374; baseline 0.003 -18"><span class='ocrx_word' id='word_1_677' title='bbox 2183 2312 2430 2356; x_wconf 91' lang='lat' dir='ltr'><strong>naturam</strong></span> <span class='ocrx_word' id='word_1_678' title='bbox 2463 2318 2782 2358; x_wconf 85' lang='lat' dir='ltr'><strong>conversam</strong></span> <span class='ocrx_word' id='word_1_679' title='bbox 2814 2304 2866 2357; x_wconf 92' lang='lat' dir='ltr'><strong>in</strong></span> <span class='ocrx_word' id='word_1_680' title='bbox 2895 2303 3129 2358; x_wconf 89' lang='lat' dir='ltr'><strong>divinam</strong></span> <span class='ocrx_word' id='word_1_681' title='bbox 3159 2303 3528 2373; x_wconf 73' lang='lat' dir='ltr'><strong>prtedicarent</strong></span> <span class='ocrx_word' id='word_1_682' title='bbox 3556 2322 3569 2357; x_wconf 89' lang='lat'><strong>:</strong></span> <span class='ocrx_word' id='word_1_683' title='bbox 3607 2318 3753 2374; x_wconf 75' lang='lat' dir='ltr'><strong>eaque</strong></span> 
     </span>
    </p>
   </div>
   <div class='ocr_carea' id='block_1_94' title="bbox 2184 2373 3749 2442">
    <p class='ocr_par' dir='ltr' id='par_1_94' title="bbox 2184 2373 3749 2442">
     <span class='ocr_line' id='line_1_94' title="bbox 2184 2373 3749 2442; baseline 0.001 -16"><span class='ocrx_word' id='word_1_684' title='bbox 2184 2374 2250 2426; x_wconf 92' lang='lat' dir='ltr'><strong>de</strong></span> <span class='ocrx_word' id='word_1_685' title='bbox 2275 2387 2439 2428; x_wconf 90' lang='lat' dir='ltr'><strong>causa</strong></span> <span class='ocrx_word' id='word_1_686' title='bbox 2471 2373 2708 2429; x_wconf 82' lang='lat' dir='ltr'><strong>libellum</strong></span> <span class='ocrx_word' id='word_1_687' title='bbox 2739 2375 3066 2442; x_wconf 86' lang='lat' dir='ltr'><strong>composuit,</strong></span> <span class='ocrx_word' id='word_1_688' title='bbox 3100 2377 3185 2430; x_wconf 90' lang='lat' dir='ltr'><strong>cui</strong></span> <span class='ocrx_word' id='word_1_689' title='bbox 3218 2375 3445 2429; x_wconf 89' lang='lat' dir='ltr'><strong>titulum</strong></span> <span class='ocrx_word' id='word_1_690' title='bbox 3492 2373 3749 2442; x_wconf 78' lang='lat' dir='ltr'><strong>indiderat,</strong></span> 
     </span>
    </p>
   </div>
   <div class='ocr_carea' id='block_1_95' title="bbox 2184 2444 3752 2517">
    <p class='ocr_par' dir='ltr' id='par_1_95' title="bbox 2184 2444 3752 2517">
     <span class='ocr_line' id='line_1_95' title="bbox 2184 2444 3752 2517; baseline 0.002 -20"><span class='ocrx_word' id='word_1_691' title='bbox 2184 2445 2444 2498; x_wconf 84' lang='lat' dir='ltr'><strong>Adversus</strong></span> <span class='ocrx_word' id='word_1_692' title='bbox 2466 2462 2549 2498; x_wconf 83' lang='lat' dir='ltr'><strong>eos</strong></span> <span class='ocrx_word' id='word_1_693' title='bbox 2578 2447 2667 2515; x_wconf 89' lang='lat' dir='ltr'><strong>qui</strong></span> <span class='ocrx_word' id='word_1_694' title='bbox 2693 2456 2901 2517; x_wconf 80' lang='lat' dir='ltr'><strong>propter</strong></span> <span class='ocrx_word' id='word_1_695' title='bbox 2931 2447 3170 2500; x_wconf 86' lang='lat' dir='ltr'><strong>unionem</strong></span> <span class='ocrx_word' id='word_1_696' title='bbox 3190 2454 3285 2499; x_wconf 90' lang='lat' dir='ltr'><strong>aut</strong></span> <span class='ocrx_word' id='word_1_697' title='bbox 3319 2444 3580 2517; x_wconf 87' lang='lat' dir='ltr'><strong>Unigeniti</strong></span> <span class='ocrx_word' id='word_1_698' title='bbox 3611 2446 3752 2517; x_wconf 83' lang='lat' dir='ltr'><strong>deita-</strong></span> 
     </span>
    </p>
   </div>
   <div class='ocr_carea' id='block_1_96' title="bbox 2186 2516 3749 2584">
    <p class='ocr_par' dir='ltr' id='par_1_96' title="bbox 2186 2516 3749 2584">
     <span class='ocr_line' id='line_1_96' title="bbox 2186 2516 3749 2584; baseline 0.004 -19"><span class='ocrx_word' id='word_1_699' title='bbox 2186 2523 2284 2568; x_wconf 87' lang='lat' dir='ltr'><strong>tem</strong></span> <span class='ocrx_word' id='word_1_700' title='bbox 2305 2517 2678 2578; x_wconf 83' lang='lat' dir='ltr'><strong>comminuuut,</strong></span> <span class='ocrx_word' id='word_1_701' title='bbox 2720 2516 2808 2570; x_wconf 84' lang='lat' dir='ltr'><strong>aut</strong></span> <span class='ocrx_word' id='word_1_702' title='bbox 2851 2517 3227 2572; x_wconf 83' lang='lat' dir='ltr'><strong>humanitatem</strong></span> <span class='ocrx_word' id='word_1_703' title='bbox 3257 2516 3561 2572; x_wconf 57' lang='lat' dir='ltr'><strong>partes“.</strong></span> <span class='ocrx_word' id='word_1_704' title='bbox 3604 2516 3749 2584; x_wconf 84' lang='lat' dir='ltr'><strong>Quem</strong></span> 
     </span>
    </p>
   </div>
   <div class='ocr_carea' id='block_1_97' title="bbox 2190 2585 3748 2657">
    <p class='ocr_par' dir='ltr' id='par_1_97' title="bbox 2190 2585 3748 2657">
     <span class='ocr_line' id='line_1_97' title="bbox 2190 2585 3748 2657; baseline 0.003 -18"><span class='ocrx_word' id='word_1_705' title='bbox 2190 2585 2430 2657; x_wconf 88' lang='lat' dir='ltr'><strong>libellum</strong></span> <span class='ocrx_word' id='word_1_706' title='bbox 2476 2587 2709 2656; x_wconf 81' lang='lat' dir='ltr'><strong>Cyrillus</strong></span> <span class='ocrx_word' id='word_1_707' title='bbox 2761 2590 2811 2642; x_wconf 94' lang='lat' dir='ltr'><strong>in</strong></span> <span class='ocrx_word' id='word_1_708' title='bbox 2857 2588 3092 2657; x_wconf 87' lang='lat' dir='ltr'><strong>epistola</strong></span> <span class='ocrx_word' id='word_1_709' title='bbox 3128 2589 3194 2640; x_wconf 90' lang='lat' dir='ltr'><strong>ad</strong></span> <span class='ocrx_word' id='word_1_710' title='bbox 3227 2588 3461 2642; x_wconf 87' lang='lat' dir='ltr'><strong>clericos</strong></span> <span class='ocrx_word' id='word_1_711' title='bbox 3489 2586 3589 2643; x_wconf 84' lang='lat' dir='ltr'><strong>CP.</strong></span> <span class='ocrx_word' id='word_1_712' title='bbox 3626 2587 3748 2656; x_wconf 88' lang='lat' dir='ltr'><strong>apud</strong></span> 
     </span>
    </p>
   </div>
   <div class='ocr_carea' id='block_1_98' title="bbox 2188 2656 3750 2727">
    <p class='ocr_par' dir='ltr' id='par_1_98' title="bbox 2188 2656 3750 2727">
     <span class='ocr_line' id='line_1_98' title="bbox 2188 2656 3750 2727; baseline 0.003 -17"><span class='ocrx_word' id='word_1_713' title='bbox 2188 2656 2459 2727; x_wconf 80' lang='lat' dir='ltr'><strong>Labbenm</strong></span> <span class='ocrx_word' id='word_1_714' title='bbox 2496 2668 2625 2712; x_wconf 88' lang='lat' dir='ltr'><strong>tum.</strong></span> <span class='ocrx_word' id='word_1_715' title='bbox 2658 2658 2724 2714; x_wconf 89' lang='lat' dir='ltr'><strong>Ill</strong></span> <span class='ocrx_word' id='word_1_716' title='bbox 2754 2656 2961 2713; x_wconf 70' lang='lat' dir='ltr'><strong>CtillCli.</strong></span> <span class='ocrx_word' id='word_1_717' title='bbox 2998 2676 3050 2727; x_wconf 85' lang='lat' dir='ltr'><strong>p.</strong></span> <span class='ocrx_word' id='word_1_718' title='bbox 3083 2656 3186 2713; x_wconf 74' lang='lat'><strong>535</strong></span> <span class='ocrx_word' id='word_1_719' title='bbox 3210 2674 3238 2709; x_wconf 90' lang='lat' dir='ltr'><strong>a</strong></span> <span class='ocrx_word' id='word_1_720' title='bbox 3273 2659 3490 2714; x_wconf 83' lang='lat' dir='ltr'><strong>refutat.</strong></span> <span class='ocrx_word' id='word_1_721' title='bbox 3519 2659 3657 2714; x_wconf 83' lang='lat' dir='ltr'><strong>Adeo</strong></span> <span class='ocrx_word' id='word_1_722' title='bbox 3682 2673 3750 2715; x_wconf 82' lang='lat' dir='ltr'><strong>ve-</strong></span> 
     </span>
    </p>
   </div>
   <div class='ocr_carea' id='block_1_99' title="bbox 2186 2726 3745 2794">
    <p class='ocr_par' dir='ltr' id='par_1_99' title="bbox 2186 2726 3745 2794">
     <span class='ocr_line' id='line_1_99' title="bbox 2186 2726 3745 2794; baseline 0.004 -14"><span class='ocrx_word' id='word_1_723' title='bbox 2186 2741 2247 2782; x_wconf 93' lang='lat' dir='ltr'><strong>ro</strong></span> <span class='ocrx_word' id='word_1_724' title='bbox 2295 2726 2648 2794; x_wconf 83' lang='lat' dir='ltr'><strong>Dei/icationis</strong></span> <span class='ocrx_word' id='word_1_725' title='bbox 2692 2729 2913 2784; x_wconf 89' lang='lat' dir='ltr'><strong>verbum</strong></span> <span class='ocrx_word' id='word_1_726' title='bbox 2964 2731 3142 2784; x_wconf 88' lang='lat' dir='ltr'><strong>carnis</strong></span> <span class='ocrx_word' id='word_1_727' title='bbox 3194 2728 3248 2784; x_wconf 88' lang='lat' dir='ltr'><strong>itt</strong></span> <span class='ocrx_word' id='word_1_728' title='bbox 3279 2729 3500 2784; x_wconf 87' lang='lat' dir='ltr'><strong>Christo</strong></span> <span class='ocrx_word' id='word_1_729' title='bbox 3527 2742 3745 2786; x_wconf 85' lang='lat' dir='ltr'><strong>naturam</strong></span> 
     </span>
    </p>
   </div>
   <div class='ocr_carea' id='block_1_100' title="bbox 2187 2799 3746 2867">
    <p class='ocr_par' dir='ltr' id='par_1_100' title="bbox 2187 2799 3746 2867">
     <span class='ocr_line' id='line_1_100' title="bbox 2187 2799 3746 2867; baseline 0.002 -15"><span class='ocrx_word' id='word_1_730' title='bbox 2187 2799 2410 2867; x_wconf 86' lang='lat' dir='ltr'><strong>periisse</strong></span> <span class='ocrx_word' id='word_1_731' title='bbox 2441 2816 2543 2853; x_wconf 83' lang='lat' dir='ltr'><strong>neu</strong></span> <span class='ocrx_word' id='word_1_732' title='bbox 2581 2808 2756 2858; x_wconf 82' lang='lat' dir='ltr'><strong>Sonat.</strong></span> <span class='ocrx_word' id='word_1_733' title='bbox 2793 2812 2850 2853; x_wconf 92' lang='lat' dir='ltr'><strong>ut</strong></span> <span class='ocrx_word' id='word_1_734' title='bbox 2878 2817 2996 2855; x_wconf 89' lang='lat' dir='ltr'><strong>eam</strong></span> <span class='ocrx_word' id='word_1_735' title='bbox 3025 2803 3183 2855; x_wconf 88' lang='lat' dir='ltr'><strong>etiam</strong></span> <span class='ocrx_word' id='word_1_736' title='bbox 3219 2802 3565 2856; x_wconf 87' lang='lat' dir='ltr'><strong>mutationem</strong></span> <span class='ocrx_word' id='word_1_737' title='bbox 3597 2815 3746 2866; x_wconf 64' lang='lat' dir='ltr'><strong>quam</strong></span> 
     </span>
    </p>
   </div>
   <div class='ocr_carea' id='block_1_101' title="bbox 2186 2869 3750 2942">
    <p class='ocr_par' dir='ltr' id='par_1_101' title="bbox 2186 2869 3750 2942">
     <span class='ocr_line' id='line_1_101' title="bbox 2186 2869 3750 2942; baseline 0.005 -25"><span class='ocrx_word' id='word_1_738' title='bbox 2186 2869 2397 2942; x_wconf 63' lang='lat' dir='ltr'><strong>caneris</strong></span> <span class='ocrx_word' id='word_1_739' title='bbox 2430 2869 2740 2925; x_wconf 88' lang='lat' dir='ltr'><strong>hominibus</strong></span> <span class='ocrx_word' id='word_1_740' title='bbox 2768 2881 2890 2942; x_wconf 91' lang='lat' dir='ltr'><strong>post</strong></span> <span class='ocrx_word' id='word_1_741' title='bbox 2917 2871 3374 2926; x_wconf 83' lang='lat' dir='ltr'><strong>resurrectionem</strong></span> <span class='ocrx_word' id='word_1_742' title='bbox 3406 2882 3750 2940; x_wconf 86' lang='lat' dir='ltr'><strong>speratur,eo-</strong></span> 
     </span>
    </p>
   </div>
   <div class='ocr_carea' id='block_1_102' title="bbox 2187 2940 3737 2997">
    <p class='ocr_par' dir='ltr' id='par_1_102' title="bbox 2187 2940 3737 2997">
     <span class='ocr_line' id='line_1_102' title="bbox 2187 2940 3737 2997; baseline 0.001 -6"><span class='ocrx_word' id='word_1_743' title='bbox 2187 2940 2308 2992; x_wconf 91' lang='lat' dir='ltr'><strong>dem</strong></span> <span class='ocrx_word' id='word_1_744' title='bbox 2341 2943 2603 2995; x_wconf 85' lang='lat' dir='ltr'><strong>vocabulo</strong></span> <span class='ocrx_word' id='word_1_745' title='bbox 2631 2940 2912 2997; x_wconf 87' lang='lat' dir='ltr'><strong>enuntiare</strong></span> <span class='ocrx_word' id='word_1_746' title='bbox 2941 2944 3111 2996; x_wconf 86' lang='lat' dir='ltr'><strong>sancti</strong></span> <span class='ocrx_word' id='word_1_747' title='bbox 3144 2941 3336 2996; x_wconf 83' lang='lat' dir='ltr'><strong>Patres</strong></span> <span class='ocrx_word' id='word_1_748' title='bbox 3363 2957 3468 2996; x_wconf 91' lang='lat' dir='ltr'><strong>non</strong></span> <span class='ocrx_word' id='word_1_749' title='bbox 3499 2942 3737 2996; x_wconf 82' lang='lat' dir='ltr'><strong>dubitent.</strong></span> 
     </span>
    </p>
   </div>
   <div class='ocr_carea' id='block_1_103' title="bbox 2188 3011 3748 3086">
    <p class='ocr_par' dir='ltr' id='par_1_103' title="bbox 2188 3011 3748 3086">
     <span class='ocr_line' id='line_1_103' title="bbox 2188 3011 3748 3086; baseline 0.001 -22"><span class='ocrx_word' id='word_1_750' title='bbox 2188 3011 2493 3086; x_wconf 65' lang='lat' dir='ltr'><strong>Bernartius</strong></span> <span class='ocrx_word' id='word_1_751' title='bbox 2520 3012 2613 3086; x_wconf 82' lang='lat' dir='ltr'><strong>lib.</strong></span> <span class='ocrx_word' id='word_1_752' title='bbox 2648 3014 2715 3086; x_wconf 87' lang='lat' dir='ltr'><strong>de</strong></span> <span class='ocrx_word' id='word_1_753' title='bbox 2747 3013 3024 3086; x_wconf 79' lang='lat' dir='ltr'><strong>Diligendo</strong></span> <span class='ocrx_word' id='word_1_754' title='bbox 3056 3015 3165 3068; x_wconf 89' lang='lat' dir='ltr'><strong>Deo</strong></span> <span class='ocrx_word' id='word_1_755' title='bbox 3193 3027 3323 3086; x_wconf 74' lang='lat' dir='ltr'><strong>cap.</strong></span> <span class='ocrx_word' id='word_1_756' title='bbox 3351 3014 3436 3077; x_wconf 85' lang='lat' dir='ltr'><strong>l0,</strong></span> <span class='ocrx_word' id='word_1_757' title='bbox 3460 3015 3526 3068; x_wconf 90' lang='lat' dir='ltr'><strong>de</strong></span> <span class='ocrx_word' id='word_1_758' title='bbox 3540 3013 3748 3080; x_wconf 86' lang='lat' dir='ltr'><strong>perfecta</strong></span> 
     </span>
    </p>
   </div>
   <div class='ocr_carea' id='block_1_104' title="bbox 2191 3083 3748 3153">
    <p class='ocr_par' dir='ltr' id='par_1_104' title="bbox 2191 3083 3748 3153">
     <span class='ocr_line' id='line_1_104' title="bbox 2191 3083 3748 3153; baseline 0.001 -20"><span class='ocrx_word' id='word_1_759' title='bbox 2191 3083 2511 3150; x_wconf 65' lang='lat' dir='ltr'><strong>praelocutus</strong></span> <span class='ocrx_word' id='word_1_760' title='bbox 2539 3083 2801 3138; x_wconf 88' lang='lat' dir='ltr'><strong>eharitate</strong></span> <span class='ocrx_word' id='word_1_761' title='bbox 2820 3125 2835 3149; x_wconf 95' lang='lat'><strong>,</strong></span> <span class='ocrx_word' id='word_1_762' title='bbox 2859 3083 3022 3153; x_wconf 75' lang='lat' dir='ltr'><strong>quam</strong></span> <span class='ocrx_word' id='word_1_763' title='bbox 3054 3089 3106 3138; x_wconf 88' lang='lat' dir='ltr'><strong>in</strong></span> <span class='ocrx_word' id='word_1_764' title='bbox 3136 3084 3270 3139; x_wconf 91' lang='lat' dir='ltr'><strong>solis</strong></span> <span class='ocrx_word' id='word_1_765' title='bbox 3309 3083 3483 3139; x_wconf 89' lang='lat' dir='ltr'><strong>beatis</strong></span> <span class='ocrx_word' id='word_1_766' title='bbox 3530 3098 3641 3137; x_wconf 87' lang='lat' dir='ltr'><strong>esse</strong></span> <span class='ocrx_word' id='word_1_767' title='bbox 3669 3097 3748 3149; x_wconf 87' lang='lat' dir='ltr'><strong>po-</strong></span> 
     </span>
    </p>
   </div>
   <div class='ocr_carea' id='block_1_105' title="bbox 2189 3153 3741 3225">
    <p class='ocr_par' dir='ltr' id='par_1_105' title="bbox 2189 3153 3741 3225">
     <span class='ocr_line' id='line_1_105' title="bbox 2189 3153 3741 3225; baseline 0.001 -20"><span class='ocrx_word' id='word_1_768' title='bbox 2189 3163 2306 3205; x_wconf 88' lang='lat' dir='ltr'><strong>stea</strong></span> <span class='ocrx_word' id='word_1_769' title='bbox 2331 3154 2592 3220; x_wconf 87' lang='lat' dir='ltr'><strong>declarat,</strong></span> <span class='ocrx_word' id='word_1_770' title='bbox 2627 3156 2879 3210; x_wconf 84' lang='lat' dir='ltr'><strong>virtutem</strong></span> <span class='ocrx_word' id='word_1_771' title='bbox 2915 3157 3058 3210; x_wconf 85' lang='lat' dir='ltr'><strong>illius</strong></span> <span class='ocrx_word' id='word_1_772' title='bbox 3087 3157 3155 3209; x_wconf 88' lang='lat' dir='ltr'><strong>ita</strong></span> <span class='ocrx_word' id='word_1_773' title='bbox 3180 3156 3409 3225; x_wconf 79' lang='lat' dir='ltr'><strong>exponit</strong></span> <span class='ocrx_word' id='word_1_774' title='bbox 3441 3172 3453 3207; x_wconf 91' lang='lat'>:</span> <span class='ocrx_word' id='word_1_775' title='bbox 3485 3154 3572 3209; x_wconf 80' lang='lat' dir='ltr'><strong>Sic</strong></span> <span class='ocrx_word' id='word_1_776' title='bbox 3604 3153 3741 3224; x_wconf 72' lang='lat' dir='ltr'><strong>afﬁci,</strong></span> 
     </span>
    </p>
   </div>
   <div class='ocr_carea' id='block_1_106' title="bbox 2189 3225 3747 3296">
    <p class='ocr_par' dir='ltr' id='par_1_106' title="bbox 2189 3225 3747 3296">
     <span class='ocr_line' id='line_1_106' title="bbox 2189 3225 3747 3296; baseline 0.001 -19"><span class='ocrx_word' id='word_1_777' title='bbox 2189 3238 2454 3280; x_wconf 71' lang='lat' dir='ltr'><strong>DEIFICAM</strong></span> <span class='ocrx_word' id='word_1_778' title='bbox 2485 3237 2580 3279; x_wconf 87' lang='lat' dir='ltr'><strong>est.</strong></span> <span class='ocrx_word' id='word_1_779' title='bbox 2609 3229 2932 3296; x_wconf 80' lang='lat' dir='ltr'><strong>Augustinus</strong></span> <span class='ocrx_word' id='word_1_780' title='bbox 2963 3227 3104 3281; x_wconf 91' lang='lat' dir='ltr'><strong>hunc</strong></span> <span class='ocrx_word' id='word_1_781' title='bbox 3143 3225 3533 3296; x_wconf 77' lang='lat' dir='ltr'><strong>Deilicatiouis</strong></span> <span class='ocrx_word' id='word_1_782' title='bbox 3557 3229 3747 3296; x_wconf 73' lang='lat' dir='ltr'><strong>modum</strong></span> 
     </span>
    </p>
   </div>
   <div class='ocr_carea' id='block_1_107' title="bbox 2189 3293 3745 3364">
    <p class='ocr_par' dir='ltr' id='par_1_107' title="bbox 2189 3293 3745 3364">
     <span class='ocr_line' id='line_1_107' title="bbox 2189 3293 3745 3364; baseline 0 -17"><span class='ocrx_word' id='word_1_783' title='bbox 2189 3297 2418 3363; x_wconf 78' lang='lat' dir='ltr'><strong>explicat</strong></span> <span class='ocrx_word' id='word_1_784' title='bbox 2449 3293 2734 3364; x_wconf 78' lang='lat' dir='ltr'><strong>postremis</strong></span> <span class='ocrx_word' id='word_1_785' title='bbox 2780 3299 2925 3352; x_wconf 87' lang='lat' dir='ltr'><strong>hisee</strong></span> <span class='ocrx_word' id='word_1_786' title='bbox 2957 3299 3136 3352; x_wconf 84' lang='lat' dir='ltr'><strong>verbis</strong></span> <span class='ocrx_word' id='word_1_787' title='bbox 3169 3297 3452 3354; x_wconf 87' lang='lat' dir='ltr'><strong>Sermonis</strong></span> <span class='ocrx_word' id='word_1_788' title='bbox 3479 3295 3575 3351; x_wconf 77' lang='grc'><strong>166</strong></span> <span class='ocrx_word' id='word_1_789' title='bbox 3603 3312 3615 3347; x_wconf 85' lang='lat'>:</span> <span class='ocrx_word' id='word_1_790' title='bbox 3658 3293 3745 3348; x_wconf 82' lang='lat' dir='ltr'><strong>De-</strong></span> 
     </span>
    </p>
   </div>
   <div class='ocr_carea' id='block_1_108' title="bbox 2191 3369 3745 3438">
    <p class='ocr_par' dir='ltr' id='par_1_108' title="bbox 2191 3369 3745 3438">
     <span class='ocr_line' id='line_1_108' title="bbox 2191 3369 3745 3438; baseline 0.001 -21"><span class='ocrx_word' id='word_1_791' title='bbox 2191 3378 2434 3432; x_wconf 85' lang='lat' dir='ltr'><strong>ponentes</strong></span> <span class='ocrx_word' id='word_1_792' title='bbox 2457 3383 2579 3438; x_wconf 86' lang='lat' dir='ltr'><strong>ergo</strong></span> <span class='ocrx_word' id='word_1_793' title='bbox 2610 3369 2949 3432; x_wconf 84' lang='lat' dir='ltr'><strong>mendacium,</strong></span> <span class='ocrx_word' id='word_1_794' title='bbox 2997 3369 3269 3438; x_wconf 85' lang='lat' dir='ltr'><strong>loquimini</strong></span> <span class='ocrx_word' id='word_1_795' title='bbox 3309 3369 3563 3421; x_wconf 76' lang='lat' dir='ltr'><strong>veritatem</strong></span> <span class='ocrx_word' id='word_1_796' title='bbox 3591 3382 3610 3420; x_wconf 89' lang='lat'><strong><em>:</em></strong></span> <span class='ocrx_word' id='word_1_797' title='bbox 3636 3377 3683 3419; x_wconf 77' lang='lat' dir='ltr'><strong>ut</strong></span> <span class='ocrx_word' id='word_1_798' title='bbox 3704 3373 3745 3420; x_wconf 85' lang='lat' dir='ltr'><strong>et</strong></span> 
     </span>
    </p>
   </div>
   <div class='ocr_carea' id='block_1_109' title="bbox 2189 3439 3742 3511">
    <p class='ocr_par' dir='ltr' id='par_1_109' title="bbox 2189 3439 3742 3511">
     <span class='ocr_line' id='line_1_109' title="bbox 2189 3439 3742 3511; baseline 0.001 -23"><span class='ocrx_word' id='word_1_799' title='bbox 2189 3452 2308 3511; x_wconf 79' lang='lat' dir='ltr'><strong>caro</strong></span> <span class='ocrx_word' id='word_1_800' title='bbox 2335 3439 2432 3491; x_wconf 86' lang='lat' dir='ltr'><strong>ista</strong></span> <span class='ocrx_word' id='word_1_801' title='bbox 2461 3440 2695 3492; x_wconf 86' lang='lat' dir='ltr'><strong>mortalis</strong></span> <span class='ocrx_word' id='word_1_802' title='bbox 2723 3456 2874 3511; x_wconf 83' lang='lat' dir='ltr'><strong>quam</strong></span> <span class='ocrx_word' id='word_1_803' title='bbox 2898 3441 3070 3493; x_wconf 79' lang='lat' dir='ltr'><strong>adhuc</strong></span> <span class='ocrx_word' id='word_1_804' title='bbox 3094 3439 3294 3494; x_wconf 81' lang='lat' dir='ltr'><strong>habetis</strong></span> <span class='ocrx_word' id='word_1_805' title='bbox 3320 3440 3384 3492; x_wconf 83' lang='lat' dir='ltr'><strong>de</strong></span> <span class='ocrx_word' id='word_1_806' title='bbox 3408 3439 3742 3511; x_wconf 77' lang='lat' dir='ltr'><strong>Adant,_prat-</strong></span> 
     </span>
    </p>
   </div>
   <div class='ocr_carea' id='block_1_110' title="bbox 2187 3508 3742 3582">
    <p class='ocr_par' dir='ltr' id='par_1_110' title="bbox 2187 3508 3742 3582">
     <span class='ocr_line' id='line_1_110' title="bbox 2187 3508 3742 3582; baseline 0 -22"><span class='ocrx_word' id='word_1_807' title='bbox 2187 3508 2397 3561; x_wconf 84' lang='lat' dir='ltr'><strong>cedente</strong></span> <span class='ocrx_word' id='word_1_808' title='bbox 2423 3513 2643 3563; x_wconf 82' lang='lat' dir='ltr'><strong>novitate</strong></span> <span class='ocrx_word' id='word_1_809' title='bbox 2671 3508 2904 3582; x_wconf 80' lang='lat' dir='ltr'><strong>spiritus.</strong></span> <span class='ocrx_word' id='word_1_810' title='bbox 2931 3520 3184 3564; x_wconf 86' lang='lat' dir='ltr'><strong>mereatur</strong></span> <span class='ocrx_word' id='word_1_811' title='bbox 3195 3522 3242 3563; x_wconf 91' lang='lat' dir='ltr'><strong>et</strong></span> <span class='ocrx_word' id='word_1_812' title='bbox 3265 3511 3379 3582; x_wconf 88' lang='lat' dir='ltr'><strong>ipsa</strong></span> <span class='ocrx_word' id='word_1_813' title='bbox 3399 3509 3742 3582; x_wconf 77' lang='lat' dir='ltr'><strong>innovationetn</strong></span> 
     </span>
    </p>
   </div>
   <div class='ocr_carea' id='block_1_111' title="bbox 2189 3579 3744 3647">
    <p class='ocr_par' dir='ltr' id='par_1_111' title="bbox 2189 3579 3744 3647">
     <span class='ocr_line' id='line_1_111' title="bbox 2189 3579 3744 3647; baseline 0 -15"><span class='ocrx_word' id='word_1_814' title='bbox 2189 3590 2236 3632; x_wconf 68' lang='lat' dir='ltr'><strong>et</strong></span> <span class='ocrx_word' id='word_1_815' title='bbox 2266 3579 2714 3634; x_wconf 82' lang='lat' dir='ltr'><strong>commutationem</strong></span> <span class='ocrx_word' id='word_1_816' title='bbox 2755 3591 2982 3647; x_wconf 83' lang='lat' dir='ltr'><strong>tempore</strong></span> <span class='ocrx_word' id='word_1_817' title='bbox 3016 3579 3407 3635; x_wconf 83' lang='lat' dir='ltr'><strong>resurrectionis</strong></span> <span class='ocrx_word' id='word_1_818' title='bbox 3447 3595 3578 3644; x_wconf 75' lang='lat' dir='ltr'><strong>sua;</strong></span> <span class='ocrx_word' id='word_1_819' title='bbox 3609 3594 3662 3631; x_wconf 86' lang='lat' dir='ltr'><strong>ac</strong></span> <span class='ocrx_word' id='word_1_820' title='bbox 3684 3579 3744 3632; x_wconf 79' lang='lat' dir='ltr'><strong>sic</strong></span> 
     </span>
    </p>
   </div>
   <div class='ocr_carea' id='block_1_112' title="bbox 2190 3651 3744 3724">
    <p class='ocr_par' dir='ltr' id='par_1_112' title="bbox 2190 3651 3744 3724">
     <span class='ocr_line' id='line_1_112' title="bbox 2190 3651 3744 3724; baseline 0.001 -24"><span class='ocrx_word' id='word_1_821' title='bbox 2190 3659 2326 3703; x_wconf 86' lang='lat' dir='ltr'><strong>totus</strong></span> <span class='ocrx_word' id='word_1_822' title='bbox 2343 3651 2502 3724; x_wconf 61' lang='lat' dir='ltr'><strong>[tanta</strong></span> <span class='ocrx_word' id='word_1_823' title='bbox 2524 3668 2838 3708; x_wconf 74' lang='lat' dir='ltr'><strong>natrtcaws</strong></span> <span class='ocrx_word' id='word_1_824' title='bbox 2864 3654 3108 3707; x_wconf 73' lang='lat' dir='ltr'><strong>inhwreat</strong></span> <span class='ocrx_word' id='word_1_825' title='bbox 3128 3663 3389 3724; x_wconf 71' lang='lat' dir='ltr'><strong>perpetua</strong></span> <span class='ocrx_word' id='word_1_826' title='bbox 3408 3661 3554 3724; x_wconf 79' lang='lat' dir='ltr'><strong>atque</strong></span> <span class='ocrx_word' id='word_1_827' title='bbox 3577 3652 3744 3724; x_wconf 48' lang='lat' dir='ltr'><strong>incum:</strong></span> 
     </span>
    </p>
   </div>
   <div class='ocr_carea' id='block_1_113' title="bbox 2189 3717 3741 3792">
    <p class='ocr_par' dir='ltr' id='par_1_113' title="bbox 2189 3717 3741 3792">
     <span class='ocr_line' id='line_1_113' title="bbox 2189 3717 3741 3792; baseline 0 -20"><span class='ocrx_word' id='word_1_828' title='bbox 2189 3721 2423 3775; x_wconf 80' lang='lat' dir='ltr'><strong>mutabili</strong></span> <span class='ocrx_word' id='word_1_829' title='bbox 2457 3722 2694 3778; x_wconf 87' lang='lat' dir='ltr'><strong>Veritati.</strong></span> <span class='ocrx_word' id='word_1_830' title='bbox 2719 3724 2998 3790; x_wconf 87' lang='lat' dir='ltr'><strong>Quomodo</strong></span> <span class='ocrx_word' id='word_1_831' title='bbox 3026 3717 3247 3792; x_wconf 72' lang='lat' dir='ltr'><strong>spiritus</strong></span> <span class='ocrx_word' id='word_1_832' title='bbox 3280 3717 3587 3776; x_wconf 76' lang='lat' dir='ltr'><strong>inluerendo</strong></span> <span class='ocrx_word' id='word_1_833' title='bbox 3616 3717 3741 3792; x_wconf 82' lang='lat' dir='ltr'><strong>carni</strong></span> 
     </span>
    </p>
   </div>
   <div class='ocr_carea' id='block_1_114' title="bbox 2150 3789 3740 3862">
    <p class='ocr_par' dir='ltr' id='par_1_114' title="bbox 2150 3789 3740 3862">
     <span class='ocr_line' id='line_1_114' title="bbox 2150 3789 3740 3862; baseline 0 -18"><span class='ocrx_word' id='word_1_834' title='bbox 2150 3848 2153 3852; x_wconf 30' lang='grc' dir='ltr'><strong><em>π</em></strong></span> <span class='ocrx_word' id='word_1_835' title='bbox 2188 3793 2440 3858; x_wconf 70' lang='lat' dir='ltr'><strong>carnalis,</strong></span> <span class='ocrx_word' id='word_1_836' title='bbox 2472 3803 2526 3848; x_wconf 89' lang='lat' dir='ltr'><strong>et</strong></span> <span class='ocrx_word' id='word_1_837' title='bbox 2552 3811 2678 3849; x_wconf 87' lang='lat' dir='ltr'><strong>caro</strong></span> <span class='ocrx_word' id='word_1_838' title='bbox 2705 3789 3131 3862; x_wconf 34' lang='lat' dir='ltr'><strong>obsequendo-in</strong></span> <span class='ocrx_word' id='word_1_839' title='bbox 3163 3795 3415 3848; x_wconf 90' lang='lat' dir='ltr'><strong>omnibus</strong></span> <span class='ocrx_word' id='word_1_840' title='bbox 3435 3789 3740 3861; x_wconf 83' lang='lat' dir='ltr'><strong>spirituispi-</strong></span> 
     </span>
    </p>
   </div>
   <div class='ocr_carea' id='block_1_115' title="bbox 2190 3861 3737 3932">
    <p class='ocr_par' dir='ltr' id='par_1_115' title="bbox 2190 3861 3737 3932">
     <span class='ocr_line' id='line_1_115' title="bbox 2190 3861 3737 3932; baseline -0.001 -16"><span class='ocrx_word' id='word_1_841' title='bbox 2190 3861 2359 3916; x_wconf 89' lang='lat' dir='ltr'><strong>ritalis</strong></span> <span class='ocrx_word' id='word_1_842' title='bbox 2390 3863 2523 3919; x_wconf 86' lang='lat' dir='ltr'><strong>facta</strong></span> <span class='ocrx_word' id='word_1_843' title='bbox 2553 3865 2789 3931; x_wconf 90' lang='lat' dir='ltr'><strong>dicitur;</strong></span> <span class='ocrx_word' id='word_1_844' title='bbox 2837 3861 2903 3919; x_wconf 86' lang='lat' dir='ltr'><strong>ita</strong></span> <span class='ocrx_word' id='word_1_845' title='bbox 2958 3867 3118 3920; x_wconf 90' lang='lat' dir='ltr'><strong>homo</strong></span> <span class='ocrx_word' id='word_1_846' title='bbox 3168 3875 3290 3932; x_wconf 88' lang='lat' dir='ltr'><strong>post</strong></span> <span class='ocrx_word' id='word_1_847' title='bbox 3319 3865 3737 3919; x_wconf 86' lang='lat' dir='ltr'><strong>resurrectionem</strong></span> 
     </span>
    </p>
   </div>
   <div class='ocr_carea' id='block_1_116' title="bbox 2193 3933 3738 4003">
    <p class='ocr_par' dir='ltr' id='par_1_116' title="bbox 2193 3933 3738 4003">
     <span class='ocr_line' id='line_1_116' title="bbox 2193 3933 3738 4003; baseline 0.001 -19"><span class='ocrx_word' id='word_1_848' title='bbox 2193 3933 2437 3988; x_wconf 69' lang='lat' dir='ltr'><strong>humana:</strong></span> <span class='ocrx_word' id='word_1_849' title='bbox 2466 3938 2792 3990; x_wconf 89' lang='lat' dir='ltr'><strong>inlirmitatis</strong></span> <span class='ocrx_word' id='word_1_850' title='bbox 2822 3937 2950 3990; x_wconf 90' lang='lat' dir='ltr'><strong>nihil</strong></span> <span class='ocrx_word' id='word_1_851' title='bbox 2977 3938 3202 4003; x_wconf 89' lang='lat' dir='ltr'><strong>habens,</strong></span> <span class='ocrx_word' id='word_1_852' title='bbox 3233 3951 3296 3990; x_wconf 89' lang='lat' dir='ltr'><strong>ac</strong></span> <span class='ocrx_word' id='word_1_853' title='bbox 3316 3935 3552 3990; x_wconf 80' lang='lat' dir='ltr'><strong>divinam</strong></span> <span class='ocrx_word' id='word_1_854' title='bbox 3577 3947 3738 3997; x_wconf 86' lang='lat' dir='ltr'><strong>quam-</strong></span> 
     </span>
    </p>
   </div>
   <div class='ocr_carea' id='block_1_117' title="bbox 2191 4004 3740 4074">
    <p class='ocr_par' dir='ltr' id='par_1_117' title="bbox 2191 4004 3740 4074">
     <span class='ocr_line' id='line_1_117' title="bbox 2191 4004 3740 4074; baseline -0.002 -17"><span class='ocrx_word' id='word_1_855' title='bbox 2191 4005 2310 4058; x_wconf 90' lang='lat' dir='ltr'><strong>dam</strong></span> <span class='ocrx_word' id='word_1_856' title='bbox 2342 4007 2556 4060; x_wconf 89' lang='lat' dir='ltr'><strong>indutus</strong></span> <span class='ocrx_word' id='word_1_857' title='bbox 2580 4011 2858 4072; x_wconf 85' lang='lat' dir='ltr'><strong>virtutem,</strong></span> <span class='ocrx_word' id='word_1_858' title='bbox 2887 4008 3178 4063; x_wconf 89' lang='lat' dir='ltr'><strong>Deilicatus</strong></span> <span class='ocrx_word' id='word_1_859' title='bbox 3211 4006 3550 4074; x_wconf 68' lang='lat' dir='ltr'><strong>praedicator.</strong></span> <span class='ocrx_word' id='word_1_860' title='bbox 3597 4004 3740 4058; x_wconf 83' lang='lat' dir='ltr'><strong>lmnto</strong></span> 
     </span>
    </p>
   </div>
   <div class='ocr_carea' id='block_1_118' title="bbox 2191 4073 3739 4148">
    <p class='ocr_par' dir='ltr' id='par_1_118' title="bbox 2191 4073 3739 4148">
     <span class='ocr_line' id='line_1_118' title="bbox 2191 4073 3739 4148; baseline -0.003 -19"><span class='ocrx_word' id='word_1_861' title='bbox 2191 4083 2244 4129; x_wconf 89' lang='lat' dir='ltr'><strong>et</strong></span> <span class='ocrx_word' id='word_1_862' title='bbox 2273 4085 2397 4130; x_wconf 87' lang='lat' dir='ltr'><strong>ante</strong></span> <span class='ocrx_word' id='word_1_863' title='bbox 2426 4082 2875 4134; x_wconf 90' lang='lat' dir='ltr'><strong>resurrectionem</strong></span> <span class='ocrx_word' id='word_1_864' title='bbox 2907 4094 3106 4148; x_wconf 92' lang='lat' dir='ltr'><strong>corpus</strong></span> <span class='ocrx_word' id='word_1_865' title='bbox 3135 4121 3149 4144; x_wconf 85' lang='lat'><strong>,</strong></span> <span class='ocrx_word' id='word_1_866' title='bbox 3195 4073 3338 4146; x_wconf 86' lang='lat' dir='ltr'><strong>quod</strong></span> <span class='ocrx_word' id='word_1_867' title='bbox 3365 4076 3506 4148; x_wconf 88' lang='lat' dir='ltr'><strong>Deus</strong></span> <span class='ocrx_word' id='word_1_868' title='bbox 3535 4073 3739 4128; x_wconf 88' lang='lat' dir='ltr'><strong>Verbum</strong></span> 
     </span>
    </p>
   </div>
   <div class='ocr_carea' id='block_1_119' title="bbox 2191 4147 3738 4224">
    <p class='ocr_par' dir='ltr' id='par_1_119' title="bbox 2191 4147 3738 4224">
     <span class='ocr_line' id='line_1_119' title="bbox 2191 4147 3738 4224; baseline -0.001 -25"><span class='ocrx_word' id='word_1_869' title='bbox 2191 4148 2466 4224; x_wconf 76' lang='lat' dir='ltr'><strong>suscepit,</strong></span> <span class='ocrx_word' id='word_1_870' title='bbox 2520 4161 2577 4224; x_wconf 75' lang='lat' dir='ltr'><strong>ut</strong></span> <span class='ocrx_word' id='word_1_871' title='bbox 2631 4151 2682 4204; x_wconf 91' lang='lat' dir='ltr'><strong>in</strong></span> <span class='ocrx_word' id='word_1_872' title='bbox 2723 4151 2953 4224; x_wconf 64' lang='lat' dir='ltr'><strong>epistola</strong></span> <span class='ocrx_word' id='word_1_873' title='bbox 3000 4147 3065 4204; x_wconf 83' lang='lat' dir='ltr'><strong>ad</strong></span> <span class='ocrx_word' id='word_1_874' title='bbox 3113 4150 3340 4224; x_wconf 82' lang='lat' dir='ltr'><strong>Paulum</strong></span> <span class='ocrx_word' id='word_1_875' title='bbox 3360 4147 3738 4224; x_wconf 68' lang='lat' dir='ltr'><strong>samosatettuttt</strong></span> 
     </span>
    </p>
   </div>
   <div class='ocr_carea' id='block_1_120' title="bbox 2192 4213 3739 4290">
    <p class='ocr_par' dir='ltr' id='par_1_120' title="bbox 2192 4213 3739 4290">
     <span class='ocr_line' id='line_1_120' title="bbox 2192 4213 3739 4290; baseline -0.002 -20"><span class='ocrx_word' id='word_1_876' title='bbox 2192 4217 2325 4290; x_wconf 77' lang='lat' dir='ltr'><strong>Lab.</strong></span> <span class='ocrx_word' id='word_1_877' title='bbox 2361 4229 2491 4273; x_wconf 90' lang='lat' dir='ltr'><strong>tom.</strong></span> <span class='ocrx_word' id='word_1_878' title='bbox 2520 4219 2538 4273; x_wconf 89' lang='grc' dir='ltr'><strong>Ι</strong></span> <span class='ocrx_word' id='word_1_879' title='bbox 2569 4237 2689 4289; x_wconf 88' lang='lat' dir='ltr'><strong>pag.</strong></span> <span class='ocrx_word' id='word_1_880' title='bbox 2715 4213 2820 4276; x_wconf 67' lang='grc'><strong>847</strong></span> <span class='ocrx_word' id='word_1_881' title='bbox 2851 4237 2881 4275; x_wconf 92' lang='lat' dir='ltr'><strong>e</strong></span> <span class='ocrx_word' id='word_1_882' title='bbox 2905 4222 3196 4290; x_wconf 90' lang='lat' dir='ltr'><strong>loquuntur</strong></span> <span class='ocrx_word' id='word_1_883' title='bbox 3219 4217 3533 4274; x_wconf 83' lang='lat' dir='ltr'><strong>Antiocheni</strong></span> <span class='ocrx_word' id='word_1_884' title='bbox 3554 4213 3739 4271; x_wconf 85' lang='lat' dir='ltr'><strong>concilii</strong></span> 
     </span>
    </p>
   </div>
   <div class='ocr_carea' id='block_1_121' title="bbox 2192 4289 3252 4361">
    <p class='ocr_par' dir='ltr' id='par_1_121' title="bbox 2192 4289 3252 4361">
     <span class='ocr_line' id='line_1_121' title="bbox 2192 4289 3252 4361; baseline 0.001 -19"><span class='ocrx_word' id='word_1_885' title='bbox 2192 4289 2279 4361; x_wconf 77' lang='lat' dir='ltr'><strong>Pal</strong></span> <span class='ocrx_word' id='word_1_886' title='bbox 2291 4304 2397 4353; x_wconf 88' lang='lat' dir='ltr'><strong>res,</strong></span> <span class='ocrx_word' id='word_1_887' title='bbox 2427 4292 2795 4356; x_wconf 81' lang='grc' dir='ltr'><strong>τεθεοποὶηται,</strong></span> <span class='ocrx_word' id='word_1_888' title='bbox 2825 4289 3132 4361; x_wconf 79' lang='lat' dir='ltr'><strong>Deiﬁcatum</strong></span> <span class='ocrx_word' id='word_1_889' title='bbox 3160 4300 3252 4346; x_wconf 84' lang='lat' dir='ltr'><strong>est.</strong></span> 
     </span>
    </p>
   </div>
   <div class='ocr_carea' id='block_1_122' title="bbox 2264 4353 3736 4434">
    <p class='ocr_par' dir='ltr' id='par_1_122' title="bbox 2264 4353 3736 4434">
     <span class='ocr_line' id='line_1_122' title="bbox 2264 4353 3736 4434; baseline -0.003 -20"><span class='ocrx_word' id='word_1_890' title='bbox 2264 4357 2288 4396; x_wconf 70' lang='grc' dir='ltr'>δ</span> <span class='ocrx_word' id='word_1_891' title='bbox 2340 4362 2502 4434; x_wconf 89' lang='lat' dir='ltr'><strong>llunc</strong></span> <span class='ocrx_word' id='word_1_892' title='bbox 2543 4363 2720 4417; x_wconf 87' lang='lat' dir='ltr'><strong>locum</strong></span> <span class='ocrx_word' id='word_1_893' title='bbox 2774 4353 2974 4418; x_wconf 75' lang='lat' dir='ltr'><strong>diserie</strong></span> <span class='ocrx_word' id='word_1_894' title='bbox 3027 4372 3174 4434; x_wconf 81' lang='lat' dir='ltr'><strong>notat</strong></span> <span class='ocrx_word' id='word_1_895' title='bbox 3221 4361 3450 4434; x_wconf 86' lang='lat' dir='ltr'><strong>Cyrillus</strong></span> <span class='ocrx_word' id='word_1_896' title='bbox 3493 4359 3640 4434; x_wconf 71' lang='lat' dir='ltr'><strong>epist.</strong></span> <span class='ocrx_word' id='word_1_897' title='bbox 3680 4353 3736 4434; x_wconf 66' lang='lat' dir='ltr'><strong>ad</strong></span> 
     </span>
    </p>
   </div>
   <div class='ocr_carea' id='block_1_123' title="bbox 2112 4425 3736 4502">
    <p class='ocr_par' dir='ltr' id='par_1_123' title="bbox 2112 4425 3736 4502">
     <span class='ocr_line' id='line_1_123' title="bbox 2112 4425 3736 4502; baseline -0.005 -15"><span class='ocrx_word' id='word_1_898' title='bbox 2112 4441 2166 4501; x_wconf 83' lang='lat' dir='ltr'><strong>D</strong></span> <span class='ocrx_word' id='word_1_899' title='bbox 2188 4430 2449 4486; x_wconf 84' lang='lat' dir='ltr'><strong>Joannem</strong></span> <span class='ocrx_word' id='word_1_900' title='bbox 2481 4433 2732 4487; x_wconf 80' lang='lat' dir='ltr'><strong>Antioch.</strong></span> <span class='ocrx_word' id='word_1_901' title='bbox 2767 4450 2780 4488; x_wconf 93' lang='lat' dir='ltr'><strong>I</strong></span> <span class='ocrx_word' id='word_1_902' title='bbox 2815 4443 2947 4502; x_wconf 88' lang='lat' dir='ltr'><strong>part.</strong></span> <span class='ocrx_word' id='word_1_903' title='bbox 2982 4432 3195 4489; x_wconf 90' lang='lat' dir='ltr'><strong>concilii</strong></span> <span class='ocrx_word' id='word_1_904' title='bbox 3231 4425 3428 4501; x_wconf 60' lang='lat' dir='ltr'><strong>ls&#39;phes.</strong></span> <span class='ocrx_word' id='word_1_905' title='bbox 3460 4445 3506 4484; x_wconf 93' lang='lat' dir='ltr'><strong>e.</strong></span> <span class='ocrx_word' id='word_1_906' title='bbox 3528 4425 3630 4502; x_wconf 12' lang='lat'><strong>21,,</strong></span> <span class='ocrx_word' id='word_1_907' title='bbox 3662 4425 3736 4480; x_wconf 90' lang='lat' dir='ltr'><strong>ubi</strong></span> 
     </span>
    </p>
   </div>
   <div class='ocr_carea' id='block_1_124' title="bbox 2191 4500 3735 4574">
    <p class='ocr_par' dir='ltr' id='par_1_124' title="bbox 2191 4500 3735 4574">
     <span class='ocr_line' id='line_1_124' title="bbox 2191 4500 3735 4574; baseline -0.005 -18"><span class='ocrx_word' id='word_1_908' title='bbox 2191 4503 2259 4556; x_wconf 91' lang='lat' dir='ltr'><strong>de</strong></span> <span class='ocrx_word' id='word_1_909' title='bbox 2290 4502 2534 4574; x_wconf 78' lang='lat' dir='ltr'><strong>Nestorio</strong></span> <span class='ocrx_word' id='word_1_910' title='bbox 2561 4505 2719 4558; x_wconf 88' lang='lat' dir='ltr'><strong>habet</strong></span> <span class='ocrx_word' id='word_1_911' title='bbox 2750 4523 2762 4558; x_wconf 92' lang='lat'>:</span> <span class='ocrx_word' id='word_1_912' title='bbox 2814 4500 2880 4558; x_wconf 80' lang='grc' dir='ltr'><em>1η</em></span> <span class='ocrx_word' id='word_1_913' title='bbox 2912 4506 3118 4574; x_wconf 71' lang='lat' dir='ltr'><strong>prolixa</strong></span> <span class='ocrx_word' id='word_1_914' title='bbox 3155 4500 3372 4571; x_wconf 85' lang='lat' dir='ltr'><strong>epistola</strong></span> <span class='ocrx_word' id='word_1_915' title='bbox 3399 4502 3466 4556; x_wconf 86' lang='lat' dir='ltr'><strong>ad</strong></span> <span class='ocrx_word' id='word_1_916' title='bbox 3503 4500 3735 4574; x_wconf 76' lang='lat' dir='ltr'><strong>dominum</strong></span> 
     </span>
    </p>
   </div>
   <div class='ocr_carea' id='block_1_125' title="bbox 2191 4570 3736 4648">
    <p class='ocr_par' dir='ltr' id='par_1_125' title="bbox 2191 4570 3736 4648">
     <span class='ocr_line' id='line_1_125' title="bbox 2191 4570 3736 4648; baseline -0.002 -23"><span class='ocrx_word' id='word_1_917' title='bbox 2191 4589 2359 4625; x_wconf 85' lang='lat' dir='ltr'><strong>meum</strong></span> <span class='ocrx_word' id='word_1_918' title='bbox 2387 4573 2717 4648; x_wconf 62' lang='lat' dir='ltr'><strong>Calatinum</strong></span> <span class='ocrx_word' id='word_1_919' title='bbox 2740 4570 3022 4642; x_wconf 83' lang='lat' dir='ltr'><strong>piissimum</strong></span> <span class='ocrx_word' id='word_1_920' title='bbox 3040 4575 3287 4629; x_wconf 73' lang='lat' dir='ltr'><strong>Ecclesia:</strong></span> <span class='ocrx_word' id='word_1_921' title='bbox 3317 4575 3554 4648; x_wconf 76' lang='lat' dir='ltr'><strong>Romana:</strong></span> <span class='ocrx_word' id='word_1_922' title='bbox 3571 4570 3736 4648; x_wconf 51' lang='lat' dir='ltr'><strong>episco-</strong></span> 
     </span>
    </p>
   </div>
   <div class='ocr_carea' id='block_1_126' title="bbox 2189 4637 3735 4718">
    <p class='ocr_par' dir='ltr' id='par_1_126' title="bbox 2189 4637 3735 4718">
     <span class='ocr_line' id='line_1_126' title="bbox 2189 4637 3735 4718; baseline 0.005 -23"><span class='ocrx_word' id='word_1_923' title='bbox 2189 4660 2311 4714; x_wconf 86' lang='lat' dir='ltr'><strong>pum</strong></span> <span class='ocrx_word' id='word_1_924' title='bbox 2337 4645 2514 4709; x_wconf 86' lang='lat' dir='ltr'><strong>missa,</strong></span> <span class='ocrx_word' id='word_1_925' title='bbox 2544 4647 2677 4701; x_wconf 85' lang='lat' dir='ltr'><strong>inter</strong></span> <span class='ocrx_word' id='word_1_926' title='bbox 2707 4637 2891 4702; x_wconf 64' lang='lat' dir='ltr'><strong>cratera</strong></span> <span class='ocrx_word' id='word_1_927' title='bbox 2914 4649 3160 4718; x_wconf 84' lang='lat' dir='ltr'><strong>adversus</strong></span> <span class='ocrx_word' id='word_1_928' title='bbox 3188 4662 3274 4718; x_wconf 75' lang='lat' dir='ltr'><strong>eos</strong></span> <span class='ocrx_word' id='word_1_929' title='bbox 3314 4647 3397 4713; x_wconf 88' lang='lat' dir='ltr'><strong>qui</strong></span> <span class='ocrx_word' id='word_1_930' title='bbox 3423 4645 3484 4718; x_wconf 64' lang='lat' dir='ltr'><strong>alt</strong></span> <span class='ocrx_word' id='word_1_931' title='bbox 3511 4637 3616 4718; x_wconf 56' lang='lat' dir='ltr'><strong>ipsi)</strong></span> <span class='ocrx_word' id='word_1_932' title='bbox 3642 4637 3735 4718; x_wconf 57' lang='lat' dir='ltr'><strong>dif</strong></span> 
     </span>
    </p>
   </div>
   <div class='ocr_carea' id='block_1_127' title="bbox 2186 4708 3732 4789">
    <p class='ocr_par' dir='ltr' id='par_1_127' title="bbox 2186 4708 3732 4789">
     <span class='ocr_line' id='line_1_127' title="bbox 2186 4708 3732 4789; baseline -0.002 -22"><span class='ocrx_word' id='word_1_933' title='bbox 2186 4708 2412 4769; x_wconf 76' lang='lat' dir='ltr'><strong>sentiunt</strong></span> <span class='ocrx_word' id='word_1_934' title='bbox 2442 4708 2635 4789; x_wconf 83' lang='lat' dir='ltr'><strong>adjecit</strong></span> <span class='ocrx_word' id='word_1_935' title='bbox 2661 4739 2672 4769; x_wconf 87' lang='lat'><strong>:</strong></span> <span class='ocrx_word' id='word_1_936' title='bbox 2707 4720 2923 4789; x_wconf 71' lang='lat' dir='ltr'><strong>sacrant</strong></span> <span class='ocrx_word' id='word_1_937' title='bbox 2954 4717 3200 4786; x_wconf 80' lang='lat' dir='ltr'><strong>virginem</strong></span> <span class='ocrx_word' id='word_1_938' title='bbox 3245 4708 3338 4770; x_wconf 82' lang='lat' dir='ltr'><strong>Dei</strong></span> <span class='ocrx_word' id='word_1_939' title='bbox 3363 4715 3639 4789; x_wconf 67' lang='lat' dir='ltr'><strong>genitricem</strong></span> 
     </span>
    </p>
   </div>
   <div class='ocr_carea' id='block_1_128' title="bbox 2187 4779 3735 4862">
    <p class='ocr_par' dir='ltr' id='par_1_128' title="bbox 2187 4779 3735 4862">
     <span class='ocr_line' id='line_1_128' title="bbox 2187 4779 3735 4862; baseline -0.002 -24"><span class='ocrx_word' id='word_1_940' title='bbox 2187 4802 2298 4840; x_wconf 88' lang='lat' dir='ltr'><strong>cere</strong></span> <span class='ocrx_word' id='word_1_941' title='bbox 2327 4803 2426 4862; x_wconf 82' lang='lat' dir='ltr'><strong>non</strong></span> <span class='ocrx_word' id='word_1_942' title='bbox 2471 4779 2697 4845; x_wconf 67' lang='lat' dir='ltr'><strong>horrent.</strong></span> <span class='ocrx_word' id='word_1_943' title='bbox 2741 4788 2818 4846; x_wconf 81' lang='grc' dir='ltr'><strong>ὅτι</strong></span> <span class='ocrx_word' id='word_1_944' title='bbox 2844 4797 2935 4850; x_wconf 75' lang='grc' dir='ltr'><strong>τήν</strong></span> <span class='ocrx_word' id='word_1_945' title='bbox 2965 4779 3114 4862; x_wconf 72' lang='grc' dir='ltr'><strong>ἀγῖαν</strong></span> <span class='ocrx_word' id='word_1_946' title='bbox 3153 4779 3397 4862; x_wconf 60' lang='grc' dir='ltr'><strong>παρθένοῖι</strong></span> <span class='ocrx_word' id='word_1_947' title='bbox 3425 4779 3735 4862; x_wconf 28' lang='grc' dir='ltr'><strong>ΘεοτόκονΑᾌὲ·</strong></span> 
     </span>
    </p>
   </div>
   <div class='ocr_carea' id='block_1_129' title="bbox 2186 4858 3732 4932">
    <p class='ocr_par' dir='ltr' id='par_1_129' title="bbox 2186 4858 3732 4932">
     <span class='ocr_line' id='line_1_129' title="bbox 2186 4858 3732 4932; baseline -0.006 -19"><span class='ocrx_word' id='word_1_948' title='bbox 2186 4879 2358 4928; x_wconf 63' lang='grc' dir='ltr'><strong>νοντας·</strong></span> <span class='ocrx_word' id='word_1_949' title='bbox 2379 4860 2435 4913; x_wconf 69' lang='grc' dir='ltr'><strong>οὐ</strong></span> <span class='ocrx_word' id='word_1_950' title='bbox 2454 4863 2750 4932; x_wconf 38' lang='grc' dir='ltr'><strong>φρίτουσιντ</strong></span> <span class='ocrx_word' id='word_1_951' title='bbox 2777 4858 3058 4932; x_wconf 67' lang='lat' dir='ltr'><strong>liumdeth,</strong></span> <span class='ocrx_word' id='word_1_952' title='bbox 3092 4870 3148 4916; x_wconf 78' lang='lat' dir='ltr'><strong>ut</strong></span> <span class='ocrx_word' id='word_1_953' title='bbox 3193 4858 3427 4932; x_wconf 83' lang='lat' dir='ltr'><strong>videtur,</strong></span> <span class='ocrx_word' id='word_1_954' title='bbox 3459 4858 3732 4932; x_wconf 58' lang='lat' dir='ltr'><strong>summatim</strong></span> 
     </span>
    </p>
   </div>
   <div class='ocr_carea' id='block_1_130' title="bbox 2189 4925 3728 4998">
    <p class='ocr_par' dir='ltr' id='par_1_130' title="bbox 2189 4925 3728 4998">
     <span class='ocr_line' id='line_1_130' title="bbox 2189 4925 3728 4998; baseline -0.002 -17"><span class='ocrx_word' id='word_1_955' title='bbox 2189 4925 2561 4998; x_wconf 69' lang='lat' dir='ltr'><strong>perstringens</strong></span> <span class='ocrx_word' id='word_1_956' title='bbox 2603 4931 2891 4986; x_wconf 57' lang='lat' dir='ltr'><strong>Cassianus</strong></span> <span class='ocrx_word' id='word_1_957' title='bbox 2935 4931 3028 4986; x_wconf 91' lang='lat' dir='ltr'><strong>lib.</strong></span> <span class='ocrx_word' id='word_1_958' title='bbox 3063 4947 3096 4985; x_wconf 94' lang='lat' dir='ltr'><strong>ll</strong></span> <span class='ocrx_word' id='word_1_959' title='bbox 3137 4933 3203 4986; x_wconf 87' lang='lat' dir='ltr'><strong>de</strong></span> <span class='ocrx_word' id='word_1_960' title='bbox 3251 4929 3454 4986; x_wconf 90' lang='lat' dir='ltr'><strong>lncarn.</strong></span> <span class='ocrx_word' id='word_1_961' title='bbox 3484 4925 3591 4998; x_wconf 58' lang='lat' dir='ltr'><strong>c.2</strong></span> <span class='ocrx_word' id='word_1_962' title='bbox 3632 4925 3728 4975; x_wconf 78' lang='lat' dir='ltr'><strong>ait:</strong></span> 
     </span>
    </p>
   </div>
   <div class='ocr_carea' id='block_1_131' title="bbox 2190 4996 3733 5072">
    <p class='ocr_par' dir='ltr' id='par_1_131' title="bbox 2190 4996 3733 5072">
     <span class='ocr_line' id='line_1_131' title="bbox 2190 4996 3733 5072; baseline -0.008 -18"><span class='ocrx_word' id='word_1_963' title='bbox 2190 4999 2330 5072; x_wconf 64' lang='lat' dir='ltr'><strong>Qicis</strong></span> <span class='ocrx_word' id='word_1_964' title='bbox 2358 4996 2528 5072; x_wconf 78' lang='lat' dir='ltr'><strong>itaque</strong></span> <span class='ocrx_word' id='word_1_965' title='bbox 2555 5044 2564 5060; x_wconf 82' lang='lat'><strong>.</strong></span> <span class='ocrx_word' id='word_1_966' title='bbox 2595 5004 2826 5071; x_wconf 78' lang='lat' dir='ltr'><strong>quisquis</strong></span> <span class='ocrx_word' id='word_1_967' title='bbox 2854 5021 2905 5057; x_wconf 85' lang='lat' dir='ltr'><strong>es</strong></span> <span class='ocrx_word' id='word_1_968' title='bbox 2936 5001 3024 5056; x_wconf 82' lang='lat' dir='ltr'><strong>ille</strong></span> <span class='ocrx_word' id='word_1_969' title='bbox 3045 5043 3057 5063; x_wconf 85' lang='lat'>.</span> <span class='ocrx_word' id='word_1_970' title='bbox 3092 5002 3328 5057; x_wconf 64' lang='lat' dir='ltr'><strong>haeretica</strong></span> <span class='ocrx_word' id='word_1_971' title='bbox 3350 4999 3478 5072; x_wconf 86' lang='lat' dir='ltr'><strong>,_qui</strong></span> <span class='ocrx_word' id='word_1_972' title='bbox 3507 4996 3656 5072; x_wconf 73' lang='lat' dir='ltr'><strong>Deum</strong></span> <span class='ocrx_word' id='word_1_973' title='bbox 3680 5004 3733 5072; x_wconf 66' lang='lat' dir='ltr'><strong>es;</strong></span> 
     </span>
    </p>
   </div>
   <div class='ocr_carea' id='block_1_132' title="bbox 2196 5068 3725 5142">
    <p class='ocr_par' dir='ltr' id='par_1_132' title="bbox 2196 5068 3725 5142">
     <span class='ocr_line' id='line_1_132' title="bbox 2196 5068 3725 5142; baseline -0.011 -13"><span class='ocrx_word' id='word_1_974' title='bbox 2196 5069 2404 5142; x_wconf 69' lang='lat' dir='ltr'><strong>Yt&#39;rgine</strong></span> <span class='ocrx_word' id='word_1_975' title='bbox 2434 5068 2616 5125; x_wconf 77' lang='lat' dir='ltr'><strong>natant</strong></span> <span class='ocrx_word' id='word_1_976' title='bbox 2641 5068 2816 5142; x_wconf 81' lang='lat' dir='ltr'><strong>negas,</strong></span> <span class='ocrx_word' id='word_1_977' title='bbox 2861 5075 3087 5129; x_wconf 77' lang='lat' dir='ltr'><strong>Mariam</strong></span> <span class='ocrx_word' id='word_1_978' title='bbox 3115 5081 3330 5128; x_wconf 82' lang='lat' dir='ltr'><strong>matrem</strong></span> <span class='ocrx_word' id='word_1_979' title='bbox 3353 5068 3570 5142; x_wconf 70' lang='lat' dir='ltr'><strong>Domini</strong></span> <span class='ocrx_word' id='word_1_980' title='bbox 3596 5071 3725 5142; x_wconf 58' lang='lat' dir='ltr'><strong>nostri</strong></span> 
     </span>
    </p>
   </div>
   <div class='ocr_carea' id='block_1_133' title="bbox 2183 5132 3724 5212">
    <p class='ocr_par' dir='ltr' id='par_1_133' title="bbox 2183 5132 3724 5212">
     <span class='ocr_line' id='line_1_133' title="bbox 2183 5132 3724 5212; baseline -0.006 -16"><span class='ocrx_word' id='word_1_981' title='bbox 2183 5132 2310 5196; x_wconf 76' lang='grc' dir='ltr'><strong>Ιεςᾶ</strong></span> <span class='ocrx_word' id='word_1_982' title='bbox 2357 5143 2546 5197; x_wconf 80' lang='lat' dir='ltr'><strong>Christi</strong></span> <span class='ocrx_word' id='word_1_983' title='bbox 2580 5132 2892 5212; x_wconf 69' lang='lat' dir='ltr'><strong>Tlteotocon,</strong></span> <span class='ocrx_word' id='word_1_984' title='bbox 2940 5145 2993 5199; x_wconf 86' lang='lat' dir='ltr'><strong>id</strong></span> <span class='ocrx_word' id='word_1_985' title='bbox 3033 5154 3105 5198; x_wconf 83' lang='lat' dir='ltr'><strong>est</strong></span> <span class='ocrx_word' id='word_1_986' title='bbox 3137 5154 3346 5198; x_wconf 88' lang='lat' dir='ltr'><strong>matrem</strong></span> <span class='ocrx_word' id='word_1_987' title='bbox 3384 5141 3477 5195; x_wconf 87' lang='lat' dir='ltr'><strong>Dei</strong></span> <span class='ocrx_word' id='word_1_988' title='bbox 3506 5132 3724 5207; x_wconf 77' lang='lat' dir='ltr'><strong>appellati</strong></span> 
     </span>
    </p>
   </div>
   <div class='ocr_carea' id='block_1_134' title="bbox 2191 5213 3726 5280">
    <p class='ocr_par' dir='ltr' id='par_1_134' title="bbox 2191 5213 3726 5280">
     <span class='ocr_line' id='line_1_134' title="bbox 2191 5213 3726 5280; baseline 0 -19"><span class='ocrx_word' id='word_1_989' title='bbox 2191 5229 2294 5266; x_wconf 84' lang='lat' dir='ltr'><strong>non</strong></span> <span class='ocrx_word' id='word_1_990' title='bbox 2337 5232 2514 5279; x_wconf 83' lang='lat' dir='ltr'><strong>posse,</strong></span> <span class='ocrx_word' id='word_1_991' title='bbox 2560 5217 2649 5269; x_wconf 88' lang='lat' dir='ltr'><strong>sed</strong></span> <span class='ocrx_word' id='word_1_992' title='bbox 2682 5213 3067 5280; x_wconf 81' lang='lat' dir='ltr'><strong>Christotocon,</strong></span> <span class='ocrx_word' id='word_1_993' title='bbox 3103 5216 3157 5269; x_wconf 87' lang='lat' dir='ltr'><strong>id</strong></span> <span class='ocrx_word' id='word_1_994' title='bbox 3199 5224 3272 5270; x_wconf 84' lang='lat' dir='ltr'><strong>est</strong></span> <span class='ocrx_word' id='word_1_995' title='bbox 3311 5213 3516 5270; x_wconf 64' lang='lat' dir='ltr'><strong>Catus“</strong></span> <span class='ocrx_word' id='word_1_996' title='bbox 3543 5213 3726 5262; x_wconf 75' lang='grc' dir='ltr'>ωτωι</span> 
     </span>
    </p>
   </div>
   <div class='ocr_carea' id='block_1_135' title="bbox 2187 5287 2709 5347">
    <p class='ocr_par' dir='ltr' id='par_1_135' title="bbox 2187 5287 2709 5347">
     <span class='ocr_line' id='line_1_135' title="bbox 2187 5287 2709 5347; baseline 0.004 -10"><span class='ocrx_word' id='word_1_997' title='bbox 2187 5299 2428 5347; x_wconf 71' lang='grc' dir='ltr'><strong>ιιΑτκεκ,</strong></span> <span class='ocrx_word' id='word_1_998' title='bbox 2460 5301 2561 5340; x_wconf 64' lang='lat' dir='ltr'><strong>nos</strong></span> <span class='ocrx_word' id='word_1_999' title='bbox 2592 5287 2709 5341; x_wconf 80' lang='lat' dir='ltr'><strong>DEI.</strong></span> 
     </span>
    </p>
   </div>
   <div class='ocr_carea' id='block_1_136' title="bbox 2261 5355 3725 5429">
    <p class='ocr_par' dir='ltr' id='par_1_136' title="bbox 2261 5355 3725 5429">
     <span class='ocr_line' id='line_1_136' title="bbox 2261 5355 3725 5429; baseline 0.005 -19"><span class='ocrx_word' id='word_1_1000' title='bbox 2261 5355 2278 5392; x_wconf 80' lang='grc' dir='ltr'>ί</span> <span class='ocrx_word' id='word_1_1001' title='bbox 2325 5358 2395 5411; x_wconf 92' lang='lat' dir='ltr'><strong>lta</strong></span> <span class='ocrx_word' id='word_1_1002' title='bbox 2427 5357 2607 5411; x_wconf 84' lang='lat' dir='ltr'><strong>Baluz.</strong></span> <span class='ocrx_word' id='word_1_1003' title='bbox 2655 5363 2721 5412; x_wconf 80' lang='lat' dir='ltr'><strong>At</strong></span> <span class='ocrx_word' id='word_1_1004' title='bbox 2752 5359 2911 5423; x_wconf 86' lang='lat' dir='ltr'><strong>Lab.,</strong></span> <span class='ocrx_word' id='word_1_1005' title='bbox 2955 5359 3094 5429; x_wconf 85' lang='lat' dir='ltr'><strong>quod</strong></span> <span class='ocrx_word' id='word_1_1006' title='bbox 3137 5359 3344 5424; x_wconf 86' lang='lat' dir='ltr'><strong>sancti;</strong></span> <span class='ocrx_word' id='word_1_1007' title='bbox 3387 5355 3725 5429; x_wconf 61' lang='lat' dir='ltr'><strong>Garn..9&quot;‘§&#39;</strong></span> 
     </span>
    </p>
   </div>
   <div class='ocr_carea' id='block_1_137' title="bbox 2184 5415 3725 5508">
    <p class='ocr_par' dir='ltr' id='par_1_137' title="bbox 2184 5415 3725 5508">
     <span class='ocr_line' id='line_1_137' title="bbox 2184 5415 3725 5508; baseline -0.01 -26"><span class='ocrx_word' id='word_1_1008' title='bbox 2184 5425 2250 5508; x_wconf 71' lang='lat' dir='ltr'><strong>do</strong></span> <span class='ocrx_word' id='word_1_1009' title='bbox 2270 5430 2466 5493; x_wconf 87' lang='lat' dir='ltr'><strong>sancti;</strong></span> <span class='ocrx_word' id='word_1_1010' title='bbox 2498 5439 2552 5482; x_wconf 90' lang='lat' dir='ltr'><strong>et</strong></span> <span class='ocrx_word' id='word_1_1011' title='bbox 2579 5429 2714 5483; x_wconf 88' lang='lat' dir='ltr'><strong>infra</strong></span> <span class='ocrx_word' id='word_1_1012' title='bbox 2749 5415 2992 5501; x_wconf 47' lang='lat' dir='ltr'><strong>uterq&#39;ue&#39;,</strong></span> <span class='ocrx_word' id='word_1_1013' title='bbox 3025 5430 3217 5484; x_wconf 77' lang='lat' dir='ltr'><strong>dixisse</strong></span> <span class='ocrx_word' id='word_1_1014' title='bbox 3247 5415 3518 5502; x_wconf 71' lang='lat' dir='ltr'><strong>leguntur;</strong></span> <span class='ocrx_word' id='word_1_1015' title='bbox 3546 5433 3630 5490; x_wconf 92' lang='lat' dir='ltr'><strong>pro</strong></span> <span class='ocrx_word' id='word_1_1016' title='bbox 3655 5415 3725 5467; x_wconf 83' lang='lat' dir='ltr'><strong>di-</strong></span> 
     </span>
    </p>
   </div>
   <div class='ocr_carea' id='block_1_138' title="bbox 2181 5509 2399 5552">
    <p class='ocr_par' dir='ltr' id='par_1_138' title="bbox 2181 5509 2399 5552">
     <span class='ocr_line' id='line_1_138' title="bbox 2181 5509 2399 5552; baseline 0 0"><span class='ocrx_word' id='word_1_1017' title='bbox 2181 5509 2399 5552; x_wconf 72' lang='lat' dir='ltr'><strong>xla‘scnl.</strong></span> 
     </span>
    </p>
   </div>
   <div class='ocr_carea' id='block_1_139' title="bbox 2260 5557 3719 5646">
    <p class='ocr_par' dir='ltr' id='par_1_139' title="bbox 2260 5557 3719 5646">
     <span class='ocr_line' id='line_1_139' title="bbox 2260 5557 3719 5646; baseline -0.016 -17"><span class='ocrx_word' id='word_1_1018' title='bbox 2260 5570 2272 5619; x_wconf 68' lang='grc' dir='ltr'><strong>ί</strong></span> <span class='ocrx_word' id='word_1_1019' title='bbox 2317 5571 2466 5646; x_wconf 83' lang='lat' dir='ltr'><strong>Apud</strong></span> <span class='ocrx_word' id='word_1_1020' title='bbox 2500 5571 2572 5646; x_wconf 81' lang='lat' dir='ltr'><strong>Ba</strong></span> <span class='ocrx_word' id='word_1_1021' title='bbox 2585 5588 2698 5646; x_wconf 85' lang='lat' dir='ltr'><strong>ron.</strong></span> <span class='ocrx_word' id='word_1_1022' title='bbox 2728 5582 2782 5625; x_wconf 83' lang='lat' dir='ltr'><strong>rt</strong></span> <span class='ocrx_word' id='word_1_1023' title='bbox 2809 5573 2962 5637; x_wconf 87' lang='lat' dir='ltr'><strong>Lah.,</strong></span> <span class='ocrx_word' id='word_1_1024' title='bbox 2993 5574 3114 5645; x_wconf 88' lang='lat' dir='ltr'><strong>quia</strong></span> <span class='ocrx_word' id='word_1_1025' title='bbox 3143 5573 3349 5646; x_wconf 83' lang='lat' dir='ltr'><strong>propria</strong></span> <span class='ocrx_word' id='word_1_1026' title='bbox 3372 5580 3415 5623; x_wconf 79' lang='lat' dir='ltr'><strong>et</strong></span> <span class='ocrx_word' id='word_1_1027' title='bbox 3436 5563 3623 5646; x_wconf 61' lang='lat' dir='ltr'><strong>pariunt</strong></span> 
     </span>
    </p>
   </div>
   <div class='ocr_carea' id='block_1_140' title="bbox 2185 5626 3718 5709">
    <p class='ocr_par' dir='ltr' id='par_1_140' title="bbox 2185 5626 3718 5709">
     <span class='ocr_line' id='line_1_140' title="bbox 2185 5626 3718 5709; baseline -0.008 -16"><span class='ocrx_word' id='word_1_1028' title='bbox 2185 5626 2406 5696; x_wconf 73' lang='lat' dir='ltr'><strong>ntousios</strong></span> <span class='ocrx_word' id='word_1_1029' title='bbox 2439 5645 2700 5709; x_wconf 81' lang='lat' dir='ltr'><strong>nativitas,</strong></span> <span class='ocrx_word' id='word_1_1030' title='bbox 2725 5646 2807 5698; x_wconf 89' lang='lat' dir='ltr'><strong>cui</strong></span> <span class='ocrx_word' id='word_1_1031' title='bbox 2834 5626 3290 5699; x_wconf 57' lang='lat' dir='ltr'><strong>vit‘ere&#39;comtitistia</strong></span> <span class='ocrx_word' id='word_1_1032' title='bbox 3323 5651 3393 5698; x_wconf 86' lang='lat' dir='ltr'><strong>est</strong></span> <span class='ocrx_word' id='word_1_1033' title='bbox 3419 5626 3447 5694; x_wconf 68' lang='grc' dir='ltr'><strong>ε’</strong></span> <span class='ocrx_word' id='word_1_1034' title='bbox 3464 5637 3549 5691; x_wconf 82' lang='lat' dir='ltr'><strong>illa</strong></span> <span class='ocrx_word' id='word_1_1035' title='bbox 3576 5632 3621 5683; x_wconf 84' lang='lat' dir='ltr'><strong>in</strong></span> <span class='ocrx_word' id='word_1_1036' title='bbox 3639 5626 3718 5709; x_wconf 52' lang='lat' dir='ltr'><strong>fit:</strong></span> 
     </span>
    </p>
   </div>
   <div class='ocr_carea' id='block_1_141' title="bbox 2185 5694 3719 5776">
    <p class='ocr_par' dir='ltr' id='par_1_141' title="bbox 2185 5694 3719 5776">
     <span class='ocr_line' id='line_1_141' title="bbox 2185 5694 3719 5776; baseline -0.005 -9"><span class='ocrx_word' id='word_1_1037' title='bbox 2185 5694 2339 5770; x_wconf 62' lang='lat' dir='ltr'><strong>ma;</strong></span> <span class='ocrx_word' id='word_1_1038' title='bbox 2360 5694 2482 5769; x_wconf 54' lang='lat' dir='ltr'><strong>una</strong></span> <span class='ocrx_word' id='word_1_1039' title='bbox 2510 5694 2876 5772; x_wconf 57' lang='grc' dir='ltr'><strong>είέάἰιιὲιῖὶέέ</strong></span> <span class='ocrx_word' id='word_1_1040' title='bbox 2890 5694 2902 5697; x_wconf 61' lang='grc'>⁷</span> <span class='ocrx_word' id='word_1_1041' title='bbox 2915 5694 3590 5776; x_wconf 47' lang='lat' dir='ltr'><strong>agnati—tata&quot;mtuum,</strong></span> <span class='ocrx_word' id='word_1_1042' title='bbox 3629 5694 3719 5752; x_wconf 74' lang='grc' dir='ltr'><strong>οοσ</strong></span> 
     </span>
    </p>
   </div>
  </div>
