3976 6336
210 276 282 332 ut
912 263 1125 321 EPIST.
1172 264 1285 322 VII.
1317 265 1639 324 NESTORII
1680 269 1725 325 ll
1762 270 1856 327 AD
1892 269 2359 331 C(ELESTINUM
2399 275 2651 332 ΡΑΡΑΜ.

204 401 284 456 εει,
311 385 386 441 illa
416 381 466 437 in
509 379 734 435 homine
780 380 909 435 unio
962 392 1216 437 creatura
1259 393 1344 437 est
1375 381 1805 449 humanitatisA

204 477 448 542 Dominicte
473 473 587 529 Deo
623 473 933 543 conjuncne
961 490 1027 530 ex
1062 476 1279 547 Virgine
1325 492 1420 547 per
1446 477 1725 549 Spiritum.

202 578 245 635 si
265 571 365 644 quis
388 576 561 622 autem
593 566 697 622 hoc
725 581 923 623 nomen
955 568 1265 624 Theotocon
1298 580 1523 642 propter
1553 584 1732 628 natam

202 665 536 725 humanitatem
583 660 926 730 coniunctam
961 663 1070 718 Deo
1108 662 1310 731 Verbo,
1365 680 1471 720 non
1515 676 1735 736 propter

199 765 469 831 sparentem
498 765 785 823 proponet,
806 754 1034 809 dicimus
1050 756 1269 826 quidem
1292 759 1394 811 hoc
1411 760 1731 813 vocabulum

199 855 445 918 ineaqute
486 846 727 915 peperit,
781 860 887 900 non
935 861 1058 901 esse
1101 849 1451 905 conveniens.
1511 852 1736 922 Oportet

196 945 308 1001 enim
334 953 501 994 veram
533 950 761 992 matrem
792 938 859 994 de
888 940 1077 994 eadem
1110 955 1232 998 esse
1257 944 1493 998 essentia
1521 942 1550 983 δ
1574 961 1636 1001 ac
1663 963 1733 1002 ex

195 1045 439 1092 senatum.
472 1028 624 1085 Ferri
667 1039 847 1084 tamen
897 1040 1074 1101 potest
1107 1033 1211 1087 hoc
1240 1036 1557 1090 vocabulum
1609 1054 1735 1110 pro-

194 1140 289 1200 pter
312 1127 465 1197 ipsam
494 1124 982 1180 considerationem
1024 1137 1044 1164 ε
1085 1135 1141 1181 et
1184 1128 1326 1197 quod
1352 1131 1527 1185 solum
1562 1132 1737 1187 nomi-

193 1232 319 1276 netur
351 1216 412 1271 de
452 1215 674 1285 Virgine
726 1215 829 1272 hoc
854 1217 1079 1273 verbum
1115 1229 1331 1291 propter
1375 1222 1737 1293 inseparabile

193 1309 407 1379 templum
455 1306 551 1361 Dei
610 1308 760 1361 verbi
793 1324 859 1363 ex
912 1309 1074 1377 ipsa;
1130 1326 1236 1366 non
1276 1312 1398 1383 quia
1453 1314 1568 1383 ipsa
1624 1332 1737 1370 tna-

192 1418 254 1461 ter
290 1404 351 1458 sit
392 1401 550 1456 Verbi
602 1402 737 1468 Dei,
789 1401 817 1440 ἀ
870 1418 1031 1460 nemo
1068 1404 1213 1460 enim
1264 1408 1623 1479 antiquiorem
1674 1424 1736 1465 se

191 1500 315 1571 parit.

243 1590 287 1644 ιι.
322 1589 436 1645 Hac
495 1587 716 1659 quidem
760 1589 1014 1646 existimo
1077 1593 1475 1663 praecedentem
1534 1596 1732 1652 famam

189 1683 482 1755 significasse
528 1701 542 1737 :
590 1685 911 1754 exponimus
955 1702 1091 1743 vero
1120 1690 1283 1743 etiam
1313 1704 1437 1759 qua:
1491 1691 1734 1761 contige-

3308 281 3420 344 ω

2380 391 2713 448 EPISTULA
2756 394 2845 450 Vll

1978 499 2221 541 NBSTOBII
2253 502 2707 558 AD_C(£LESTINUII
2736 506 2911 549 ΡΔΡΔΙ
2934 506 3189 551 εΡιετοιΑ
3214 509 3273 550 ll.

1836 590 2040 681 lterum
2082 607 2227 681 rogat
2251 610 2304 652 ut
2330 617 2431 671 quo
2468 613 2620 681 pacto
2642 620 2761 681 cum
2784 604 3246 681 Juliano‘aliisque
3284 611 3423 681 ejus-

1907 667 2021 721 dem
2044 667 2351 755 sectlwfese'
2368 667 2541 755 gerere
2568 674 2749 755 debeat
2770 693 2920 739 quam
2938 667 3171 755 primum:
3186 667 3423 755 nuntiet;

1906 755 1973 820 ac
1988 756 2107 793 suos
2140 739 2338 795 labores
2353 739 2564 820 jactitat
2592 746 2838 820 adversus
2864 739 2949 804 eoi
2975 767 3102 820 quos
3129 751 3256 805 duas
3271 739 3424 807 Chri;

1905 811 1973 863 sti
2011 822 2220 866 naturus
2242 813 2557 883 confundere
2586 817 2830 881 obtendit,

1909 948 1957 1001 1.
2005 958 2029 986 ο
2071 949 2227 1019 Saepe
2268 949 2461 1018 scripsi
2503 952 2825 1009 beatitudini
2865 965 2968 1011 tuae
3000 967 3223 1029 pr0ptcr
3248 959 3423 1016 Julia-

1840 1056 1969 1094 num
1989 1081 2005 1105 ,
2034 1040 2319 1096 Orontium
2338 1052 2392 1097 et
2420 1052 2652 1099 cmteros
2668 1086 2681 1110 ,
2698 1048 2788 1117 qui
2815 1047 2916 1102 sibi
2934 1053 3423 1121 usurpantepisco-

1840 1133 2012 1201 palem
2045 1133 2362 1204 dignitatem
2384 1178 2398 1202 ,
2426 1147 2482 1192 et
2520 1138 2903 1195 creberrimam
2944 1142 3238 1200 sditionem
3281 1143 3425 1216 apud

1840 1226 2140 1294 piissimum
2170 1241 2224 1282 et
2254 1230 2760 1298 prmdicatissimum
2792 1234 3169 1303 imperatorem
3199 1236 3423 1306 faciunt,

1839 1335 2045 1391 nosque
2075 1322 2362 1377 concidunt
2383 1324 2751 1393 lreqttentibus
2769 1325 3266 1397 lamentationibus,
3292 1338 3427 1386 tam-

1836 1430 1994 1485 quam
2042 1417 2375 1485 temporibus
2411 1418 2728 1474 orthodoxis
2756 1420 2824 1476 de
2853 1421 3146 1478 Occidente
3176 1424 3423 1494 projecti.

1837 1509 1906 1563 At
1939 1507 2041 1563 huc
2073 1525 2244 1579 usque
2289 1511 2487 1578 scripta
2517 1512 2586 1567 de
2627 1511 2711 1566 his
2738 1528 2766 1569 a
2805 1525 2891 1568 tua
2923 1516 3278 1572 veneratione
3317 1531 3425 1572 non

1838 1603 2200 1670 suscepimus:
2224 1619 2343 1673 quae
2366 1606 2409 1657 si
2432 1604 2709 1672 haberem,
2732 1621 2943 1675 possem
2965 1609 3047 1663 eis
3066 1609 3424 1680 respondere,

1839 1694 2136 1765 daremque
2182 1697 2626 1762 compendiosum
2660 1715 2980 1770 responsum
3016 1698 3035 1739 ί
3071 1701 3303 1757 luctibus
3330 1716 3428 1759 eo-

188 1788 302 1833 runt.
347 1775 529 1831 Rebus
553 1778 891 1833 ostendimus
916 1780 1038 1848 quia
1072 1779 1309 1837 fraterno
1336 1782 1518 1837 animo
1566 1799 1732 1855 nego-
1764 1776 1811 1836 Β
1838 1802 1977 1840 rum.
2009 1787 2161 1841 Nunc
2190 1788 2332 1841 enim
2365 1789 2432 1841 ab
2461 1788 2681 1844 incertis
2711 1791 2871 1846 dictis
2900 1806 3087 1847 eorum
3118 1808 3223 1848 non
3263 1793 3427 1851 habet

189 1870 290 1923 tium
318 1882 500 1924 eorum
549 1884 687 1938 quos
738 1871 1086 1940 praediximus
1128 1888 1287 1929 nosse
1314 1876 1592 1944 cupimus,
1628 1892 1734 1933 non

186 1962 412 2020 desiderio
435 1963 766 2019 curiositatis
790 1966 1113 2036 importuna:
1134 1983 1151 2034 ;
1174 1982 1296 2023 cum
1326 1977 1381 2024 et
1402 1979 1584 2025 nostra
1613 1986 1737 2026 nar-

190 2068 337 2108 ramus
362 2063 634 2121 tamquam
685 2054 879 2111 fratres
910 2057 1161 2115 fratribus
1185 2102 1198 2126 ,
1252 2062 1533 2119 veritatem
1563 2074 1736 2119 secta-

189 2162 279 2201 rum
302 2146 445 2201 nobis
478 2147 716 2204 invicem
746 2149 1104 2219 publicantes,
1152 2161 1211 2207 ut
1239 2154 1313 2209 sit
1341 2156 1472 2210 mihi
1522 2156 1731 2212 littera-

184 2255 275 2293 rum
321 2239 639 2309 principium
688 2244 1049 2299 verissimum.
1105 2245 1219 2301 Dixi
1270 2248 1443 2312 enim,
1485 2264 1607 2303 cum
1638 2249 1732 2305 has

181 2332 347 2387 litteras
372 2332 693 2401 inciperem,
723 2335 845 2406 quia
880 2337 1144 2392 fraternas
1175 2340 1330 2395 nobis
1360 2340 1617 2396 debemus
1645 2342 1731 2397 iu-

182 2424 320 2481 vicem
346 2426 755 2483 collocutiones.
787 2429 1013 2486 Omnem
1035 2447 1154 2501 qua:
1179 2441 1355 2487 tecum
1383 2442 1467 2489 est
1494 2434 1546 2488 in
1578 2434 1731 2489 Chri-

179 2525 245 2571 sto
282 2516 673 2575 fraternitatem
724 2534 827 2590 ego
878 2529 932 2577 et
978 2520 1069 2593 qui
1116 2539 1326 2579 mecum
1375 2534 1497 2579 sunt
1526 2527 1729 2581 saluta-

172 2868 416 2928 conjunctae
441 2879 518 2918 ea:
553 2863 764 2933 Virgine
791 2881 879 2926 per
924 2865 1197 2935 Spiritum.
1250 2865 1572 2930 Castigatior
1611 2867 1726 2923 visa

173 2947 237 2991 est
257 2938 399 2990 lectio
424 2936 493 2990 Bo
516 2936 663 2999 lttzti,
693 2935 794 2989 nisi
821 2936 963 3005 quod
994 2935 1081 2992 ubi
1111 2937 1293 3003 habet,
1320 2939 1447 2992 risio
1490 2950 1729 2993 creatura

171 3018 245 3072 est,
269 3006 656 3077 praeferendum
683 3008 953 3070 duximus,
984 3009 1106 3062 unio
1128 3020 1363 3062 creatura
1389 3018 1487 3063 est.
1518 3011 1724 3064 Carne-

171 3079 260 3134 rius
295 3095 415 3133 vero
449 3079 605 3132 hunc
655 3077 829 3149 locum
858 3119 873 3143 ,
922 3081 1180 3134 mutando
1216 3090 1377 3149 atque
1408 3082 1727 3136 invertendo

171 3150 323 3216 verba,
367 3153 434 3205 ita
464 3148 765 3223 emendare
785 3157 1011 3223 conatus
1041 3159 1147 3223 est,
1182 3160 1241 3223 ut
1277 3148 1436 3207 nemo
1465 3154 1723 3223 primige-

174 3222 290 3275 nium
318 3230 513 3276 textum
547 3220 621 3274 ab
648 3234 715 3274 eo
750 3220 992 3275 exhiberi
1023 3220 1240 3276 dixerit.
1272 3220 1504 3277 Nestorii
1541 3220 1721 3278 autem

1839 1881 1959 1950 quis
1987 1882 2052 1935 ad
2083 1882 2221 1950 quod
2248 1897 2307 1937 se
2334 1892 2641 1949 convertat,
2670 1885 2792 1940 aliis
2822 1886 3107 1943 haereticos
3139 1903 3233 1945 eos
3265 1898 3291 1938 σ
3323 1903 3425 1946 vo-

1838 1975 2119 2041 cantibus,
2150 1984 2205 2031 et
2233 1976 2357 2031 ideo
2386 1976 2453 2031 de
2482 1977 2918 2035 Occidentalibus
2964 1982 3206 2050 partibus
3245 1984 3427 2054 proje-

1839 2076 1958 2122 etos
1988 2082 2110 2123 esse
2149 2068 2496 2135 dicentibus;
2530 2071 2660 2141 ipsis
2701 2087 2833 2127 vero
2869 2072 3177 2142 iurantibus
3216 2077 3425 2133 calum-

1838 2160 1981 2212 niam
2030 2174 2091 2214 se
2143 2160 2491 2228 sustinuisse,
2533 2172 2585 2217 et
2638 2161 2934 2237 periculum
2982 2182 3079 2235 pro
3119 2168 3424 2228 orthodoxa

1842 2250 1945 2305 lide
1967 2266 2036 2306 ex
2059 2251 2408 2320 subreptione
2433 2268 2737 2324 perpessos.
2758 2255 2996 2322 Quorum
3023 2261 3284 2315 utrumvis
3305 2276 3425 2318 cer-

1841 2352 1952 2396 tum
1982 2345 2072 2408 sit,
2102 2342 2258 2398 nobis
2286 2345 2465 2413 gravis
2489 2353 2575 2400 est
2609 2346 2932 2416 ignorantia.
2964 2348 3097 2405 Nam
3134 2352 3425 2412 condolero

1837 2436 1937 2502 eis,
1959 2437 2004 2490 si
2030 2452 2159 2493 vere
2183 2438 2420 2493 haeretici
2443 2449 2590 2505 sunt,
2619 2442 2827 2498 crimen
2866 2453 2989 2509 est;
3014 2454 3069 2500 et
3091 2448 3286 2502 iterum
3314 2462 3424 2507 non

1836 2530 2154 2597 condolere,
2180 2531 2221 2585 si
2246 2531 2565 2588 calumniam
2595 2535 3096 2604 sustinent,durum
3121 2548 3175 2594 et
3200 2537 3422 2610 impium

1836 2632 1937 2678 est.
1972 2623 2229 2690 Dignetur
2258 2625 2419 2679 initur
2448 2628 2778 2684 ornatissima
2803 2628 2898 2685 Dei
2940 2630 3119 2687 anima
3147 2642 3236 2687 tua
3258 2630 3425 2689 intor-

1837 2879 2099 2942 susceptas
2120 2886 2150 2919 α
2172 2870 2454 2942 divinitatis
2483 2881 2670 2925 natura
2692 2881 2879 2927 nostra:
2907 2881 3111 2927 natura:
3142 2873 3422 2942 primitias.

1836 2936 1917 3012 Ita
1942 2940 2031 2994 ille
2062 2942 2275 2994 Mariam
2306 2941 2397 2995 Dei
2440 2943 2753 3012 genitricem
2799 2944 3065 2997 fatebatur
3086 2985 3100 3007 ,
3132 2936 3191 2999 ut
3237 2960 3423 3007 perso-

1838 3011 2013 3064 naletn
2049 3026 2243 3077 negare
2273 3011 2527 3067 unitatem
2568 3022 2623 3067 et
2648 3013 2918 3069 Christum
2954 3016 3005 3069 in
3045 3016 3202 3073 duos.
3236 3014 3290 3070 in
3321 3016 3423 3072 bo-

1836 3082 2033 3134 minem
2066 3084 2183 3137 scil.
2217 3094 2269 3137 et
2297 3084 2347 3135 in
2384 3084 2572 3145 Deum,
2603 3085 2840 3139 dividere
2871 3086 3161 3141 videretur.
3195 3086 3312 3141 Non
3340 3087 3425 3143 in-

1836 3152 2115 3224 ﬁciahatur
2136 3155 2352 3224 qttttlem
2399 3166 2640 3208 naturam
2669 3172 2697 3208 a
2732 3156 2908 3211 Verbo
2947 3170 3250 3224 susceptam
3298 3173 3424 3216 esse

1833 3222 2179 3293 inseparabile
2206 3225 2449 3293 templum
2483 3225 2596 3289 Dei,
2621 3227 2728 3290 vel,
2758 3236 2813 3281 ut
2837 3228 2902 3281 ad
2930 3222 3134 3283 calcem
3156 3230 3423 3285 sermonis

173 3294 567 3378 sententiantIsic
593 3291 1016 3378 explicareul‘icet
1045 3311 1057 3345 :
1095 3292 1229 3378 Quia
1254 3295 1518 3378 praprium
1539 3306 1612 3378 est
1633 3312 1729 3378 pa-
1756 3290 1801 3353 C
1833 3291 1867 3347 5
1892 3290 2410 3378 loquimr,_l)eitatis
2448 3297 2788 3378 impetrabile
2802 3300 3190 3378 vestimentum;
3234 3299 3329 3355 sed
3360 3308 3423 3356 ut

172 3364 317 3419 rientis
338 3364 584 3430 sobolem,
612 3363 695 3417 cui
726 3365 828 3417 vita
859 3364 1067 3431 (Graece
1094 3367 1154 3421 τὸ
1178 3370 1268 3430 ζῆν
1298 3363 1393 3431 pro
1415 3369 1445 3425 ἠ
1471 3365 1596 3436 ζωή)
1625 3363 1727 3419 im-

172 3438 323 3506 pertita
347 3446 418 3490 est
443 3480 457 3501 ,
491 3436 802 3506 Itomousion
831 3437 1078 3506 gignere:
1114 3436 1209 3489 illa
1252 3438 1304 3489 in
1346 3438 1551 3490 homine
1606 3440 1728 3493 unio

172 3505 463 3561 humanitatis
506 3505 798 3560 Dominica:
835 3505 947 3559 ’Deo
985 3509 1270 3577 conjuncta
1304 3524 1368 3561 ea:
1403 3508 1612 3576 Virgine
1638 3526 1730 3577 per

174 3576 390 3643 Spiritum
420 3588 669 3633 creatura
710 3589 806 3640 est,
838 3594 943 3631 non
979 3576 1137 3632 Deus.
1185 3579 1338 3646 Quod
1378 3581 1592 3644 quidem
1628 3576 1729 3635 lia:-

170 3650 335 3704 reticus
377 3651 466 3706 ille
507 3651 652 3717 apud
699 3650 923 3703 Marium
974 3649 1324 3705 Mercatorem
1352 3652 1481 3705 edit.
1531 3651 1715 3706 Bolus.

170 3734 264 3791 pag.
289 3721 354 3776 55
379 3730 434 3777 et
455 3736 617 3791 seqq.
648 3724 885 3789 apertius
913 3722 1111 3775 asserit
1134 3721 1184 3774 in
1216 3722 1329 3776 hrec
1360 3724 1521 3776 verba
1553 3740 1565 3775 :
1606 3722 1728 3777 Non

170 3788 313 3846 Neria
340 3788 553 3864 peperit
578 3788 783 3855 Deum;
809 3794 945 3860 quod
970 3793 1101 3845 enim
1144 3794 1207 3847 de
1251 3809 1402 3847 carne
1428 3803 1604 3846 natum
1629 3804 1725 3857 est,

166 3878 261 3935 caro
282 3874 371 3918 est.
401 3863 527 3919 Non
550 3864 751 3935 peperit
781 3874 1017 3917 creatura
1043 3864 1389 3935 increubilem,
1418 3864 1508 3919 sed
1531 3866 1726 3935 peperit

167 3934 387 3989 hominem
428 3934 640 3990 deitatis
688 3935 1099 3989 instrumentum.
1164 3934 1284 3988 Non
1328 3934 1537 3988 creauit
1569 3935 1726 3989 Deum

176 4002 360 4077 Verbum
398 4007 641 4077 Spiritus
672 4021 878 4060 sanatus
911 4008 1084 4076 (quod
1110 4007 1245 4077 enim
1290 4006 1591 4077 incarnatus
1627 4017 1722 4072 est,

164 4074 215 4128 de
232 4077 419 4147 Spiritu
444 4074 639 4133 sancto
666 4079 780 4147 est)
822 4079 909 4131 sed
922 4074 1048 4130 Deo
1086 4076 1252 4129 Verbo
1283 4076 1529 4148 templum
1559 4079 1724 4147 [abri-

164 4156 293 4219 catus
308 4150 440 4219 quod
462 4150 739 4216 habitaret,
764 4165 825 4203 ea:
849 4150 1065 4218 virgine.

219 4225 240 4288 ἒ
258 4218 433 4288 Forte,
470 4221 782 4287 parientem.

218 4287 240 4326 δ
268 4287 587 4348 Particulam
618 4308 677 4345 ac
701 4332 715 4354 ,
769 4305 889 4362 qua:
932 4288 1089 4345 facile
1122 4298 1339 4359 propter
1386 4289 1722 4359 superiorem

161 4374 319 4431 facem
349 4365 398 4418 in
441 4382 473 4417 a
497 4363 837 4419 desinentem
872 4362 1158 4427 exciderit,
1185 4364 1516 4428 supplemus.
1566 4364 1721 4431 Apud

159 4428 403 4502 Baluzium
445 4446 633 4490 autem
683 4443 804 4502 post
840 4433 1062 4488 verbum
1122 4434 1422 4487 conveniens
1471 4428 1717 4501 proxime

158 4501 434 4576 adjungitur
466 4524 480 4559 :
533 4501 697 4559 Ferri
740 4514 907 4558 tamen
958 4513 1121 4571 potest
1158 4509 1253 4559 hoc
1281 4506 1487 4558 verbum
1511 4515 1722 4576 propter

158 4573 467 4643 inseparabile
487 4578 743 4646 templum
769 4576 881 4641 Dei,
915 4576 1155 4642 pluribus
1186 4577 1423 4631 omissis.

217 4654 237 4682 ε
279 4647 379 4701 Pro
417 4658 467 4701 et
510 4648 653 4717 quod
684 4648 965 4701 mallemus
992 4662 1050 4699 eo
1078 4648 1237 4716 quod.
1283 4647 1403 4701 Mox
1432 4662 1502 4703 ex
1529 4647 1715 4703 Graeca

157 4713 309 4787 Dltrasi
338 4725 425 4774 τοῦ
454 4713 716 4787 ἰξάὐτῆς,
749 4733 854 4771 non
881 4713 1194 4786 simpliciter
1219 4734 1281 4771 ex
1303 4718 1437 4783 ipsa,
1465 4720 1558 4773 sed
1581 4719 1720 4787 quod

152 4785 322 4858 exipsa
343 4800 511 4843 ortum
536 4785 709 4854 ducit,
738 4785 1159 4841 convertendum
1196 4787 1389 4843 fuerat.
1426 4788 1536 4843 Hoc
1574 4785 1717 4844 enim

153 4858 233 4909 sibi
275 4860 422 4923 vult,
474 4859 698 4913 Mariam
727 4860 828 4913 diei
882 4860 971 4913 Dei
1003 4859 1316 4927 genitricem
1366 4860 1720 4915 tolerabiliter

154 4942 286 4989 posse
309 4931 377 4985 ob
406 4947 577 4985 unam
613 4931 754 4985 illam
785 4932 1067 4995 rationem,
1099 4935 1220 5000 quia
1244 4946 1440 4999 corpus
1465 4932 1606 4999 quod
1641 4934 1722 4985 iu-

152 5002 427 5069 separabile
473 5001 575 5056 Dei
612 5000 769 5055 Verbi
820 5000 1076 5069 templum
1132 5011 1257 5069 est,
1317 5004 1521 5071 genuit.
1569 5003 1718 5070 Quo-

151 5071 268 5125 circa
316 5072 366 5126 in
417 5088 679 5128 sermone
726 5073 757 5127 4
802 5087 959 5141 quem
996 5080 1115 5139 post
1160 5083 1411 5139 acceptas
1439 5071 1717 5129 C(elestini

152 5152 327 5215 .n_teras
353 5146 625 5215 protulit,
660 5145 797 5212 apud
830 5143 921 5215 ΜἈ
942 5144 1293 5199 Mercatorem
1324 5158 1442 5213 pag.
1472 5146 1560 5215 78,
1596 5160 1723 5211 per-

150 5211 285 5287 mittit
306 5211 368 5269 ut
388 5218 609 5270 dicatur
630 5211 853 5287 genitria:
890 5212 987 5269 Dei
1013 5223 1220 5283 prapter
1264 5211 1464 5287 unitum
1498 5214 1719 5269 Verbum

150 5286 325 5355 τςηιριο,
377 5288 615 5355 genitrix
658 5287 752 5339 Dei
795 5302 896 5338 non
928 5295 1134 5352 propter
1164 5286 1357 5339 nudam
1386 5286 1719 5355 humanitatis

147 5346 477 5427 divinitatem,
533 5358 628 5412 sed
675 5365 883 5427 propter
928 5346 1133 5409 unitum
1177 5357 1364 5427 templo
1395 5355 1562 5409 Deum
1596 5346 1723 5411 Ver—

151 5420 283 5498 bum,-
312 5420 590 5498 simulque
619 5420 731 5483 vult
772 5420 827 5482 ut
858 5432 912 5481 et
951 5428 1161 5481 dicatur
1208 5420 1431 5480 hominis
1472 5430 1718 5497 genitrix.

148 5491 189 5541 id
207 5506 271 5547 esl
292 5491 702 5573 Μρωπὸτόκος,
733 5512 940 5570 prapter
970 5500 1209 5567 templum
1230 5499 1367 5620 (vim!
1387 5491 1721 5555 substantiale

148 5562 255 5620 (Ινε.
282 5571 758 5620 consubstantialel
798 5580 868 5620 est
896 5570 1202 5620 naturaliter
1286 5570 1480 5620 iraini:
1524 5572 1604 5620 vel
1660 5581 1715 5620 ut

148 5562 255 5640 (leg.
282 5562 758 5640 con'substanliale')
798 5562 868 5623 est
896 5562 1202 5621 naturaliter
1242 5562 1480 5640 Virgini;
1524 5572 1604 5623 vel
1660 5581 1715 5625 ut

150 5634 289 5691 habet
313 5642 491 5713 Serm.
528 5643 567 5696 5
607 5657 722 5709 pag.
742 5634 843 5700 '89.
874 5642 1099 5713 genitria:
1127 5634 1347 5709 quidemv
1362 5639 1455 5693 Dei
1479 5652 1717 5707 propter-

149 5721 195 5757 τα
212 5712 336 5785 φιοᾴ
363 5714 629 5785 templum
642 5713 777 5785 quod
799 5714 851 5765 in
870 5712 929 5766 ea
966 5722 1186 5766 creatum
1209 5722 1280 5765 est
1305 5728 1338 5764 η
1360 5712 1564 5776 Spiritu
1589 5730 1714 5765 san-

150 5786 231 5846 cto,
254 5784 447 5836 unitum
466 5781 558 5837 est
596 5781 818 5849 D'eitati;
843 5785 1060 5838 hominis
1091 5800 1205 5837 vero
1236 5784 1479 5852 genitrix,
1503 5793 1714 5853 propter

1833 3375 2016 3439 monet
2045 3364 2277 3439 Cyrillus
2326 3369 2378 3420 in
2405 3364 2629 3431 epistola
2659 3367 2696 3422 2
2724 3369 2788 3422 ad
2830 3364 3199 3438 Succensum’,
3238 3386 3425 3426 secun-

1829 3435 1954 3489 dum
1982 3435 2195 3491 honoris
2222 3440 2592 3507 mqualilntcm.
2620 3441 2895 3493 secundum
2931 3435 3318 3505 auctoritatem,
3342 3458 3423 3497 se-

1829 3507 2057 3581 cundum
2079 3511 2307 3581 eamdem
2332 3512 2642 3581 voluntatem
2663 3510 2791 3581 (non
2826 3512 3125 3567 secundum
3172 3526 3421 3580 persona

1828 3577 2137 3653 unitatem),
2160 3579 2441 3653 indivisum
2470 3580 2622 3634 illum
2643 3577 2750 3636 esse
2780 3583 3037 3637 hominem
3078 3584 3131 3638 in
3152 3577 3255 3653 quo
3291 3582 3422 3639 Ver-

1830 3650 1950 3702 bum
1982 3650 2246 3714 habitavit,
2278 3652 2509 3707 volebat.

1902 3718 1929 3757 ἀ
1962 3722 2071 3775 lluc
2103 3730 2349 3790 spectare
2398 3724 2610 3777 videtur
2658 3723 2785 3777 illud
2834 3722 3076 3779 Cassiani
3126 3725 3222 3779 lib.
3249 3740 3324 3780 vn
3350 3724 3419 3781 de

1828 3791 2041 3845 lncarn.
2072 3808 2119 3847 e.
2154 3793 2187 3846 7
2218 3808 2232 3846 ε
2264 3794 2343 3846 Ait
2374 3811 2495 3863 ergo
2518 3794 2587 3847 ad
2610 3795 2969 3849 destruendam
2992 3812 3155 3851 sacrae
3178 3796 3421 3850 nativita.

1830 3864 1893 3915 tis
1919 3864 2075 3931 [idem
2114 3864 2326 3917 sibilans
2356 3865 2408 3918 in
2442 3864 2534 3918 Dei
2564 3864 2793 3920 Ecclesia
2826 3884 2982 3921 nouus
3010 3868 3216 3921 coluber
3244 3883 3261 3920 :
3308 3865 3418 3923 Νι·

1830 3948 1901 4006 μο
1931 3950 2273 4006 surzntongl
2294 3952 2355 3990 se
2384 3951 2558 3991 PABIT.
2590 3937 2923 4006 Quamquam
2947 3937 3225 3993 Nestorius
3253 3938 3415 3993 etiam

1827 4003 1879 4079 in
1912 4019 2162 4059 sermone
2202 4004 2238 4079 5
2273 4008 2410 4075 apud
2461 4007 2593 4079 Mar.
2619 4003 2980 4079 Mercator-em
3011 4024 3131 4079 pag.
3165 4009 3225 4062 7i
3260 4023 3413 4063 eam-

1827 4075 1948 4129 dem
1981 4078 2299 4131 sententiam
2325 4079 2518 4146 repetit
2549 4078 2627 4131 his
2654 4082 2829 4133 verbis
2860 4096 2872 4132 :
2912 4075 3234 4133 Nemo'enim
3253 4080 3339 4147 qui
3361 4094 3418 4133 ss

1826 4156 1903 4199 est
1929 4149 2193 4213 antiquior
2237 4160 2462 4219 generat.
2515 4150 2624 4202 Nec
2665 4160 2825 4219 certo
2858 4159 3082 4219 apparet
3121 4150 3187 4202 ad
3234 4159 3414 4205 utrum

1826 4220 2086 4285 seriptum
2133 4218 2429 4291 CasSianns
2472 4220 2750 4289 respiciat.
2799 4218 3036 4291 Cyrillus
3087 4234 3304 4289 quoque
3355 4220 3414 4276 in

1826 4292 2220 4344 contestatione
2242 4306 2344 4358 qua
2390 4290 2692 4345 Nestorium
2718 4290 2866 4345 Pauli
2894 4291 3291 4346 Samosatensis
3320 4306 3412 4347 se-

1826 4368 2089 4415 ctatorem
2118 4375 2238 4414 esse
2266 4361 2479 4428 astruit,
2512 4370 2616 4415 art.
2652 4360 2685 4414 5
2716 4369 2771 4416 et
2797 4361 2862 4426 6,
2894 4364 3178 4429 utriusque
3222 4364 3273 4425 in
3305 4362 3410 4418 hoc

1828 4432 2144 4485 nominatim
2188 4431 2332 4484 dicto
2371 4432 2783 4487 consensionem
2831 4432 2911 4488 sic
2952 4434 3139 4499 probat
3170 4450 3181 4486 :
3209 4430 3411 4488 Paulus

1824 4502 1980 4569 dixit,
2007 4502 2178 4555 Maria
2208 4502 2432 4557 Verbum
2454 4503 2696 4571 suscepit,
2730 4516 2776 4559 et
2801 4515 2993 4559 nonest
3010 4505 3181 4559 senior
3199 4502 3368 4558 Verbo
3391 4518 3414 4568 ;

1826 4571 2099 4647 [Vestorius
2121 4573 2275 4639 dixit,
2307 4575 2574 4641 Quomodo
2597 4590 2716 4643 ergo
2763 4575 2934 4629 Maria
2976 4593 3031 4631 se
3069 4576 3414 4647 antiquiorent

1748 4672 1801 4733 ι)
1826 4646 2057 4733 ruerit?

1900 4725 1923 4753 °
1958 4716 2261 4789 llludisarpe
2276 4717 2735 4789 quasdaminnuit
2764 4718 2998 4774 Nestorii
3029 4717 3410 4789 litteras_desi-

1825 4786 2022 4859 derari.
2074 4788 2143 4841 Et
2183 4786 2397 4853 quidem
2428 4787 2661 4857 Cyrillus
2694 4791 2745 4844 in
2773 4790 3000 4859 epistola
3030 4804 3189 4856 quam
3238 4787 3414 4859 Carle-

1826 4858 1950 4912 stini
1977 4862 2239 4928 rescripto
2266 4860 2507 4923 adiunxit
2534 4900 2549 4921 ,
2583 4858 2848 4914 memorat
2879 4860 3109 4915 Nestorii
3141 4860 3205 4913 ad
3234 4858 3413 4914 Caele-

1825 4930 2023 4983 stinum
2046 4931 2352 4995 epistolam,
2373 4929 2425 4983 in
2455 4946 2556 4995 qua
2588 4932 2679 4985 ille
2700 4947 2757 4985 se
2787 4931 2906 4985 ideo
2930 4932 3093 4985 laicus
3118 4945 3148 4984 a
3169 4945 3410 4984 commu-

1826 5000 1988 5054 nione
2015 5002 2371 5065 submovisse,
2402 5011 2457 5055 et
2485 5002 2711 5055 clericos
2741 5002 3079 5069 depositione
3119 5003 3409 5056 mulctasse

1826 5071 2113 5136 iudicabat,
2139 5074 2258 5142 quia
2290 5074 2389 5126 sibi
2422 5073 2905 5135 eontradixissent,
2949 5088 3071 5128 cum
3103 5084 3276 5127 tamen
3310 5087 3409 5126 nec

1823 5144 1875 5194 in
1911 5143 2011 5197 hac
2048 5159 2147 5198 nec
2169 5148 2220 5197 in
2252 5144 2531 5211 superiore
2557 5143 2783 5213 epistola
2810 5144 2877 5197 de
2905 5142 3210 5212 bujusmodi
3240 5144 3404 5215 depo-

1824 5216 1941 5267 sitis
1972 5226 2067 5269 aut
2097 5215 2577 5269 excotnmunicatis
2609 5216 2772 5267 ullum
2802 5216 2873 5269 sit
2912 5216 3155 5270 verbum.

1899 5284 1918 5323 ί
1950 5285 2117 5342 Garn.
2142 5286 2412 5340 substituit
2443 5287 2667 5339 vocibus.
2700 5284 2942 5357 Reliqua:
2971 5296 3145 5341 tamen
3165 5285 3397 5342 orationi

1827 5358 1996 5425 magis
2024 5357 2273 5425 congruit
2298 5359 2540 5410 luctibus.
3450 5412 3453 5413 ,

1898 5439 1921 5473 ε
1955 5428 2152 5482 Marius
2175 5428 2458 5492 Mercator,
2496 5428 2924 5482 Commonitorio
2950 5427 3400 5494 Constantinopo-

1824 5498 2002 5552 litanze
2057 5499 2314 5554 Ecclesia
2360 5499 2579 5563 oblato,
2632 5516 2726 5555 eos
2756 5515 2863 5553 non
2909 5498 3082 5551 solum
3118 5497 3402 5552 Ittereticos

1824 5570 2082 5633 vocabat,
2108 5569 2199 5623 sed
2232 5578 2287 5623 et
2314 5571 2382 5621 ah
2408 5571 2678 5625 luereseos
2702 5571 2823 5623 labe
2854 5572 3118 5623 immunes
3149 5583 3255 5623 non
3279 5582 3404 5623 esse

1823 5640 2244 5696 demonstrabat.
2294 5640 2403 5694 Hoc
2453 5640 2626 5701 ipsum
2670 5643 2949 5697 evincebat
2977 5639 3171 5694 Zosimi
3208 5649 3406 5695 tracto—

1824 5714 1930 5770 ria.
1981 5728 2103 5781 qua:
2153 5729 2254 5783 nun
2308 5713 2375 5765 ita
2412 5711 2655 5781 pridem,
2698 5714 2813 5778 ipso
2842 5714 2911 5767 Μ.
2948 5712 3239 5769 Mercatore
3277 5724 3401 5783 pag.

1832 5783 1926 5837 l38
1957 5795 2115 5848 teste,
2146 5782 2670 5853 ConstauttnOpolun
2698 5784 2860 5840 missa
2887 5784 3077 5839 fuerat.
