3976 6336
490 1112 517 1188 ξ

562 366 670 425 ειτ

1336 370 1394 426 S.
1436 366 1840 427 CEL‘ESTINI
1878 369 1897 424 Ι
1939 366 2144 424 ΡΑΡᾸΕ
2181 366 2543 425 EPISTULA-3
2584 365 2672 422 ET
2711 365 3053 426 DECRETA.
3115 444 3120 450 ἰ

3698 380 3784 445 ιιι

562 484 757 555 peperit
783 492 1018 538 creatura
1044 481 1353 555 Creatorem,
1377 482 1471 555 sed
1497 483 1689 555 peperit
1726 481 1984 555 hominem
2028 480 2150 555 Dei-
2178 485 2228 543 Α
2259 481 2361 555 rita
2381 477 2658 535 Caelestini
2683 479 3025 555 simplicitate
3048 482 3333 555 htereticus
3356 483 3446 542 ille
3462 487 3637 546 effudit
3655 493 3787 555 ﬁdem

563 551 684 609 tatis
727 555 1038 610 ministrum.
1083 554 1235 611 Unde
1260 553 1478 608 Mariam
1507 568 1534 605 a
1567 552 1813 608 Nestorio
1844 566 1948 606 non
1976 551 2150 606 solum

567 624 814 694 Deitatis,
844 626 940 681 sed
971 635 1026 680 et
1055 625 1148 680 Dei
1177 635 1338 692 atque
1363 623 1636 680 Creatoris
1676 623 1991 694 genitricem
2032 638 2157 692 pro-

567 695 774 752 miscue
800 692 1068 767 negatam
1111 711 1232 752 esse
1257 697 1444 766 liquet.
1477 695 1691 767 Sanesi
1721 694 1817 747 Dei
1845 709 1909 749 ac
1933 692 2156 767 Deitatis

566 767 825 823 vocabula
875 764 1209 822 contundere
1257 764 1370 832 ipse
1420 782 1526 823 non
1576 765 1910 828 atl‘ectasset,
1945 764 2074 818 nihil
2105 765 2156 819 ei

565 839 755 894 luisset
797 853 894 893 cur
939 839 1140 908 Cyrillo
1191 837 1304 893 Arii
1361 838 1792 908 Apollinarisque
1845 845 2154 908 commenta

567 919 672 962 tam
721 907 1066 979 pertinaciter
1111 907 1450 966 attribueret.
1504 909 1698 963 Verum
1732 909 1783 962 in
1814 921 1882 979 eo
1911 907 2051 975 quod
2081 907 2158 979 ait

566 979 669 1052 sibi
689 978 944 1052 a'Cyrillo
970 997 1062 1048 per
1085 981 1375 1052 epistolam
1390 981 1655 1052 declarari
1681 978 1932 1052 debuisse
1958 980 2000 1052 si
2026 978 2155 1048 quid

568 1051 711 1123 velut
742 1050 965 1123 impium
999 1053 1049 1106 in
1080 1051 1250 1123 ipsius
1279 1051 1494 1120 scriptis
1516 1053 1596 1106 vel
1628 1051 1788 1123 dictis
1814 1050 2152 1123 offendisset,

569 1121 728 1190 idque
759 1122 826 1188 ab
856 1122 948 1177 illo
978 1120 1397 1191 praetermissum
1431 1139 1552 1178 esse
1577 1121 1810 1177 atlirmat
1831 1162 1845 1184 ,
1889 1120 2156 1174 mendacii

507 1192 520 1233 τ
563 1203 750 1260 aperte
799 1190 1158 1248 convincitur.
1209 1192 1324 1248 Non
1373 1195 1515 1248 enim
1564 1209 1667 1247 una
1719 1190 2072 1256 tantutn,sed
2103 1200 2158 1246 et

565 1263 772 1334 duabus
802 1265 1066 1332 epistolis,
1101 1266 1200 1319 hac
1230 1264 1296 1318 de
1329 1279 1388 1319 re
1431 1266 1580 1320 illum
1630 1262 1863 1334 Cyrillus
1913 1262 2154 1326 monuit,

566 1333 700 1389 adeo
733 1345 790 1389 ut
815 1336 1141 1391 Cwlestinus
1169 1338 1300 1388 duas
1332 1336 1450 1390 illas
1475 1333 1733 1401 epistolas
1769 1333 1996 1388 duarum
2035 1347 2156 1386 mo-

566 1407 827 1460 uilionutn
859 1409 1242 1463 canonicarutn
1277 1408 1391 1460 vice
1417 1406 1602 1460 haberi
1633 1405 1883 1459 voluerit.
1913 1407 2160 1471 Quapro-

566 1485 686 1547 pler
703 1484 815 1532 'nec
843 1479 1031 1547 majori
1058 1480 1274 1541 dignum
1306 1487 1388 1531 est
1419 1477 1522 1532 tide
1549 1477 1690 1547 quod
1735 1475 1920 1544 adjicit
1962 1473 2156 1547 (Epist.

569 1545 718 1619 l57n‘.
749 1548 828 1617 5),
862 1545 1024 1606 multa
1057 1550 1169 1603 suis
1199 1549 1367 1616 ipsius
1394 1545 1609 1619 scriptis
1633 1547 1878 1617 nequiter
1900 1545 2160 1619 a_t.’yrillo

567 1618 650 1672 vel
672 1616 910 1674 detracta
939 1622 1022 1676 vel
1047 1620 1226 1674 addita
1249 1634 1391 1684 esse,
1415 1616 1608 1685 quibus
1627 1616 1748 1672 mox
1767 1629 1872 1671 tam
1896 1616 1994 1687 alii
2008 1633 2160 1687 quam

566 1691 719 1763 etiam
738 1689 1034 1763 Caelestinus
1053 1692 1290 1763 abreptus
1305 1700 1399 1744 est.
1420 1691 1576 1745 Certe
1598 1690 1947 1763 Caelestinum
1969 1686 2160 1750 Cyrilli

567 1760 854 1816 latrociniis
889 1773 936 1816 et
970 1760 1332 1817 additamentis
1363 1764 1640 1817 seductum
1675 1769 1836 1831 atque
1879 1760 2158 1831 abreptum

567 1845 689 1885 esse
721 1832 915 1887 l'ruSIra
946 1836 1191 1890 obtendit
1214 1831 1409 1902 (Epist.
1444 1831 1511 1888 15
1536 1849 1588 1886 u.
1622 1833 1703 1902 9.),
1727 1830 1848 1885 Cum
1888 1831 1952 1883 ad
1980 1830 2157 1896 ipsum

568 1851 689 1885 esse
721 1851 915 1887 truSIra
946 1851 1191 1890 outentttt
1214 1851 1321 1957 (ηρ

568 1903 810 1958 scribens
842 1904 889 1958 is
919 1919 1075 1973 papa.
1111 1905 1249 1960 illius
1309 1921 1322 1958 ι

517 2009 520 2012 .
570 1988 728 2042 quam
753 1990 818 2028 ex
841 1975 1120 2045 ipsiu~met
1142 1978 1332 2033 litteris
1353 1978 1419 2030 ab
1440 1991 1505 2030 eo
1526 1975 1590 2028 ad
1625 1990 1685 2030 se
1717 1974 1894 2028 missis
1926 1973 2025 2045 sibi
2058 1987 2156 2026 ex-

570 2045 830 2114 ploratam
853 2044 972 2102 esse
996 2056 1240 2103 testetur.
1266 2047 1453 2118 Neque
1473 2048 1648 2100 minus
1671 2047 1735 2100 iis
1756 2059 1875 2115 quae
1901 2046 1968 2100 de
1989 2044 2159 2113 impe-

2255 553 2752 634 ab'rogantuca-e‘tera
2803 551 3280 634 hujuspontiticis
3315 556 3527 634 scripta
3559 575 3645 634 seu
3666 551 3787 634 gest;

2260 621 2355 695 (ν,
2385 623 2570 676 concil.
2603 621 2794 694 Ephes.
2829 639 2843 677 ι
2873 621 3019 691 part.
3043 640 3090 678 c.
3115 624 3230 695 26).
3249 625 3328 680 Ad
3359 621 3470 680 lucc
3491 621 3789 692 Caelestinum

2257 693 2312 747 in
2327 693 2438 774 hac
2455 709 2618 774 causa
2641 693 2769 774 nihil
2785 696 2959 774 egisse
2981 693 3197 774 constat
3219 698 3333 774 sine
3354 699 3552 774 synodo
3574 703 3790 774 Romana,

2257 765 2341 819 cui
2375 765 2613 820 maxime
2643 766 2694 817 in
2727 765 3038 834 rebus-qua:
3067 766 3134 820 ad
3168 765 3327 821 tidem
3355 765 3574 825 attinent
3597 814 3610 835 ,
3647 765 3792 832 scieaL

2257 837 2382 889 tiam
2411 836 2646 891 defuisse
2667 850 2828 891 nemo
2852 837 2954 892 nisi
2977 835 3307 894 calumniose
3333 839 3544 896 dixerit.
3570 843 3657 901 Hic
3676 863 3795 904 reco-

2259 907 2474 960 lendum
2505 915 2587 962 est
2615 922 2775 977 quam
2805 923 2982 963 rarum
3015 909 3085 963 sit
3113 909 3482 966 ltmreticorum
3508 913 3661 970 duces
3688 935 3794 973 uan-

2257 979 2387 1032 cisci
2415 978 2612 1054 quibus
2633 991 2732 1054 aut
2770 980 3000 1054 amicum
3045 995 3286 1035 errorem
3337 983 3618 1054 mendaciis
3659 994 3796 1054 tueri,

2259 1059 2464 1126 auter
2489 1051 2576 1118 qui
2601 1051 2700 1126 sibi
2721 1051 3105 1106 contradicunt
3123 1053 3458 1126 calumniari,
3483 1055 3705 1126 religioni
3725 1051 3795 1116 sit;

2332 1121 2383 1195 7.
2414 1120 2728 1195 Longealia
2756 1126 2977 1195 ratione
2993 1133 3102 1176 tum
3132 1120 3318 1195 Cyrilli
3347 1126 3554 1180 animus
3572 1120 3682 1195 Erga
3701 1129 3798 1188 Cm.

2260 1191 2510 1264 lestinum
2543 1192 2765 1247 affectus
2792 1204 2927 1248 erat.
2963 1193 3030 1247 lis
3056 1191 3198 1246 enini
3233 1196 3449 1263 scriptis
3474 1212 3585 1264 qua:
3615 1191 3722 1254 tunc
3745 1207 3796 1256 ad

2259 1262 2406 1316 illum
2441 1266 2582 1318 misit
2617 1265 2717 1318 hoc
2747 1264 3007 1317 insertum
3040 1277 3161 1318 esse
3188 1262 3459 1320 credimus
3485 1262 3688 1323 summm
3721 1274 3798 1326 ob-

2260 1335 2546 1404 servantiae
2576 1335 2962 1394 testimonium.
2987 1337 3129 1404 quod
3154 1338 3423 1390 Arnobius
3447 1339 3536 1392 Iih.
3559 1354 3592 1393 tt
3612 1341 3673 1394 de
3687 1339 3800 1399 Con.

2260 1403 2407 1458 ﬂictu
2436 1420 2558 1459 cum
2589 1407 2882 1471 Serapione
2923 1403 3199 1459 memoriae
3231 1407 3467 1472 prodidit
3509 1409 3585 1463 his
3624 1412 3800 1469 verbis:

2263 1474 2488 1552 Sanctus
2516 1476 2741 1552 Cyritltts
2760 1477 3123 1552 Atvxaudrina:
3151 1475 3396 1532 Ecclesia:
3418 1479 3686 1552 episcopus,
3711 1500 3800 1539 cum

2261 1546 2577 1624 cognovisset
2610 1546 2978 1624 Nestoriauum
3007 1546 3193 1624 damna
3225 1551 3536 1603 contrarium
3569 1546 3682 1624 ﬁdei
3710 1557 3803 1624 pul-

2262 1616 2446 1690 Ittt'are,
2477 1619 2680 1688 scripsit
2705 1634 2794 1686 per
2825 1627 2991 1690 totam
3039 1617 3331 1690 Afyyptum
3353 1661 3368 1684 ,
3420 1629 3467 1673 et
3511 1616 3579 1673 ad
3616 1616 3804 1679 sanctum

2261 1685 2588 1742 Caelestinum
2634 1685 2930 1760 apOstolicw
2975 1685 3349 1745 recordationis
3395 1691 3659 1746 antistitem
3700 1697 3804 1751 misit

2264 1759 2438 1813 dicens
2460 1760 2527 1813 ad
2554 1759 2756 1814 laudem
2781 1777 2928 1833 suam
2955 1763 3208 1833 pertinere
3237 1763 3282 1815 si
3309 1762 3373 1816 ab
3398 1777 3455 1815 eo
3479 1764 3560 1830 qui
3583 1765 3806 1833 pontiﬁca-

2265 1838 2349 1903 tus
2375 1847 2543 1886 arcem
2576 1833 2770 1885 tenebat
2799 1832 2981 1902 fuisset
3006 1831 3204 1903 aliquid
3234 1834 3592 1901 emendatum;
3620 1831 3802 1903 hoc-est,

1329 1907 1537 1960 :eresitn
1582 1889 1701 1958 non
1728 1902 1945 1956 aliunde
1979 1889 2157 1974 magis
2193 1889 2235 1948 Β
2264 1901 2544 1974 leestiui
2577 1889 2820 1957 censura".
2850 1919 2912 1956 ac
2939 1889 3139 1969 judicio
3176 1917 3270 1957 sua
3320 1889 3803 1974 submisit'scriptav:

2266 1973 2407 2098 laudi
2451 1990 2513 2030 se
2552 1974 2857 2029 habiturum
2905 1981 3130 2029 testatus
3171 1974 3216 2028 si
3254 1975 3387 2045 quid
3413 1975 3480 2030 ab
3507 1990 3571 2032 eo
3595 1973 3807 2033 emenda-

2266 2060 2324 2098 re
2352 2061 2434 2098 αι’.

2264 2060 2324 2099 re
2330 2060 2382 2099 ιιι
2389 2061 2434 2100 l'.

1926 2187 1954 2216 ι
1995 2177 2333 2236 EPISTOLA
2374 2178 2504 2233 Vlll.

575 2291 741 2368 Quam
761 2294 1004 2368 pestilens
1038 2294 1268 2350 Nestorii
1296 2297 1364 2349 sit
1388 2295 1647 2358 doctrina,
1685 2295 1870 2368 quidve
1895 2293 2144 2368 hactenus
2169 2293 2352 2368 egerit,
2380 2308 2481 2368 quo
2505 2298 2721 2368 eum_ad
2747 2306 2939 2368 rectam
2960 2295 3116 2366 [idem
3138 2307 3422 2362 reuocaret,
3450 2295 3664 2368 Cyritius
3679 2314 3806 2368 espo-

643 2362 856 2437 ,φρει
893 2365 1041 2420 illius
1067 2369 1428 2420 communione
1469 2382 1522 2419 se
1566 2367 1794 2418 nondum
1816 2374 1998 2437 aperte
2024 2362 2344 2437 discessisse.
2373 2363 2533 2437 donec
2560 2383 2588 2415 a
2617 2362 2888 2420 Calatino
2913 2362 3037 2434 quid
3061 2368 3158 2421 sibi
3187 2368 3330 2436 {acto
3355 2362 3574 2436 opus-sit
3598 2362 3807 2424 didicerit.

649 2434 714 2490 Ut
735 2435 1036 2490 leestinus
1065 2439 1231 2491 missis
1259 2454 1412 2507 quam
1456 2437 1679 2503 primum
1705 2437 1774 2488 ad
1802 2432 2028 2507 orientis
2051 2451 2114 2507 ac
2135 2432 2458 2507 Macedonia:
2477 2437 2744 2506 episcopos
2766 2432 2969 2500 litteris,
2991 2455 3141 2491 suam
3173 2432 3234 2492 ea
3263 2439 3330 2492 de
3362 2432 3417 2494 re
3443 2441 3722 2495 sententiam
3739 2457 3810 2495 no-

644 2516 750 2559 tam
771 2509 952 2576 faciat.
985 2507 1241 2579 Subjectt's
1271 2505 1341 2561 ad
1367 2506 1562 2561 calcent
1589 2507 1835 2575 capitulis
1851 2505 2158 2578 quibusdam
2189 2514 2296 2560 tota
2337 2505 2391 2562 Ν
2396 2505 2570 2560 estorii
2599 2509 2834 2562 doctrina
2863 2509 3171 2578 explicatur.

575 2623 933 2680 Sanctissimo
981 2625 1182 2694 Deique
1230 2627 1602 2681 amantissimo
1657 2627 1793 2694 patri
1842 2625 2171 2684 (Σαειεετιιεο

924 2694 1185 2751 (ἷτιιιιιυε
1219 2697 1271 2750 in
1307 2697 1538 2752 Domino
1568 2699 1820 2756 salutem.

651 2813 702 2864 t.
761 2808 818 2866 Si
869 2810 1052 2877 silere,
1087 2819 1142 2865 et
1176 2826 1282 2866 non
1331 2811 1587 2881 pietatem
1621 2821 1765 2866 tuam
1808 2811 1876 2868 de
1918 2813 2172 2868 omnibus

577 2917 697 2971 quae
726 2911 1017 2956 moventur
1041 2902 1240 2957 litteris
1274 2905 1562 2958 certiorem
1597 2903 1774 2958 facere
1797 2903 1928 2958 citra
1958 2903 2169 2973 culpam

579 3009 639 3050 ac
666 2995 904 3051 sinistra:
949 2995 1278 3064 SUSpiCiOﬂtS
1330 3005 1534 3050 metum
1585 2997 1808 3063 liceret,
1869 2995 2169 3067 praesertim

577 3089 633 3145 in
662 3089 828 3146 rebus
871 3089 1006 3144 adeo
1039 3089 1386 3158 necessariis,
1421 3091 1510 3144 ubi
1543 3092 1706 3146 etiam
1759 3099 1903 3145 recta
1953 3089 2086 3144 tidcs
2140 3104 2170 3144 a

581 3184 855 3239 nonnullis
881 3184 1174 3255 depravata
1197 3185 1561 3254 periclitatur;
1584 3184 1636 3239 in
1661 3194 1863 3240 memet
1883 3186 2000 3255 ipso
2027 3183 2175 3240 dice-

583 3292 720 3344 rem,
767 3276 972 3331 Bonum
999 3286 1054 3331 et
1086 3275 1314 3347 periculi
1341 3291 1538 3346 expers
1571 3286 1654 3331 est
1693 3278 1994 3343 silentium,
2031 3291 2173 3347 prte-

581 3375 799 3439 statque
850 3367 1089 3438 quietam
1131 3369 1297 3424 vitam
1327 3383 1491 3438 agere
1521 3384 1680 3440 quam
1733 3370 2024 3424 turbatam.
2067 3369 2174 3425 Sed

2382 2635 2469 2704 Τῷ
2495 2627 2762 2710 ὄσιωτὰτῳ
2790 2634 2877 2710 καὶ
2899 2632 3283 2710 Θεοφιλεστὸιτῳ
3307 2636 3466 2710 πατρὶ
3491 2633 3733 2706 Κελεστίνῳ

2693 2702 2928 2778 κύριλλος
2953 2704 3001 2756 ἐν
3029 2705 3195 2778 Κυρίῳ
3221 2702 3451 2778 χαίρειν.

2347 2820 2402 2874 Εἰ
2436 2820 2528 2891 μεν
2563 2816 2622 2879 ἦν
2659 2829 2954 2885 σιωπῆσαι,
2994 2823 3074 2876 καὶ
3103 2827 3174 2892 μὴ
3203 2824 3376 2877 πάντα
3513 2831 3576 2897 σῇ
3599 2824 3814 2896 θεοσεϐείᾳ

2274 2912 2531 2986 ’γράφοντα
2556 2914 2621 2970 τὰ
2658 2915 2940 2986 κινούμενα,
2973 2918 3062 2969 καὶ
3085 2915 3331 2987 μέμψεως
3361 2914 3461 2981 ἔξω
3488 2919 3724 2987 γενέσθαι,
3750 2922 3815 2971 καί

2277 3003 2546 3078 διαφυγεῖν
2589 3005 2842 3064 δύνασθαι
2862 3011 2922 3064 τὸ
2952 3008 3130 3065 δοκοῦν
3158 3005 3386 3087 λυπηρὸν
3404 3051 3418 3074 ,
3450 3014 3534 3066 καὶ
3559 3010 3758 3082 μάλιστα
3779 3011 3815 3063 ἐν

2275 3097 2559 3171 ἀναγκαίοις
2587 3097 2722 3154 οὕτω
2751 3101 3064 3175 πράγμασιν,
3090 3099 3216 3156 ὅπου
3243 3105 3331 3155 καὶ
3352 3103 3382 3160 ἡ
3407 3109 3497 3162 τῆς
3523 3104 3726 3162 πίστεως
3750 3103 3816 3174 ὀρο

2276 3190 2425 3250 θότης
2459 3193 2877 3267 παρασαλεύεται
2905 3194 3049 3267 παρὰ
3091 3216 3260 3257 τινων⁹
3298 3192 3420 3265 ἔφην
3451 3190 3506 3248 ἂν
3542 3195 3586 3246 ἐν
3623 3194 3810 3264 ἐμαυτῷ·

2280 3284 2409 3342 Καλή
2439 3289 2526 3339 καί
2554 3284 2814 3348 ἀκίνδυνος
2842 3289 2872 3345 ἠ
2903 3294 3092 3348 σιωπή,
3123 3289 3290 3344 καὶτὸ
3321 3294 3521 3363 ἠρεμεῖν
3549 3295 3632 3343 τοῦ
3659 3287 3813 3364 ταράτ·

2279 3379 2452 3431 τεσθαι
2481 3387 2731 3454 κρεῖττον.
2765 3378 2963 3438 Ἐπειδή
2993 3379 3046 3436 δέ
3074 3383 3157 3434 καί
3185 3381 3314 3441 Θεὸς
3345 3382 3550 3436 ἀπαιτεῖ
3575 3379 3684 3452 παρ’
3709 3380 3817 3448 ἡμῶν

582 3461 839 3532 quoniam
876 3462 1015 3516 Deus
1061 3460 1208 3517 hisce
1250 3463 1303 3516 in
1350 3463 1513 3517 rebus
1563 3462 1896 3532 vigilantiam
1950 3478 1981 3518 a
2021 3463 2169 3519 nobis

2281 3471 2338 3526 τὸ
2375 3473 2605 3543 νηφάλιον
2650 3475 2698 3526 ἐν
2739 3475 2969 3532 τούτοις.
3003 3477 3086 3527 καὶ
3123 3476 3189 3529 τὰ
3233 3475 3407 3549 μακρὰ
3451 3482 3546 3530 τῶν
3572 3471 3818 3530 Ἐκκλησιῶν

583 3555 773 3625 exigit,
798 3562 854 3609 et
882 3552 909 3592 δ
942 3555 1102 3626 longa
1135 3554 1500 3611 Ecclesiarum
1519 3557 1858 3612 consuetudo
1886 3557 2096 3622 suadet,
2122 3567 2179 3611 ut

585 3647 897 3720 huiusmodi
928 3664 1018 3705 res
1045 3663 1166 3704 cum
1199 3650 1487 3705 sanctitate
1530 3659 1618 3705 ttta
1673 3652 2176 3717 communicentur;

585 3744 766 3800 scribo
814 3743 976 3814 plane
1006 3743 1333 3799 necessitate
1363 3743 1611 3810 adactus,
1637 3759 1699 3799 ac
1728 3745 1994 3815 signiﬁco,
2024 3744 2182 3800 Sata-

518 3833 533 3847 ⁶
586 3853 710 3894 nam
737 3837 790 3894 in
818 3837 1104 3909 praesentia
1127 3838 1307 3894 omnia
1335 3837 1588 3906 miscere,
1620 3846 1676 3894 et
1698 3848 1884 3892 contra
1911 3838 2180 3894 Ecclesias

590 3934 684 3991 Dei
717 3933 919 4000 furere,
951 3947 1052 3989 nec
1091 3949 1197 3988 non
1221 3933 1463 3987 omnium
1495 3931 1695 4002 ubique
1738 3931 2060 4003 populorum
2088 3931 2180 4002 qui

587 4029 639 4084 in
672 4038 814 4085 recta
873 4027 978 4083 lide
1020 4027 1298 4082 ambulant
1339 4024 1749 4081 subversionem
1806 4025 2002 4080 moliri.
2063 4023 2180 4080 Non

585 4122 732 4176 enim
765 4121 831 4176 ab
863 4118 1161 4190 impietatis
1202 4118 1382 4173 studio
1412 4132 1668 4188 umquam
1700 4118 1916 4172 desistit
1946 4118 2181 4186 pessima

587 4213 677 4270 illa
702 4222 756 4269 et
787 4211 1007 4268 eﬂ’renis
1027 4209 1218 4267 bestia.
1252 4209 1396 4266 Sane
1428 4210 1688 4266 hactenus
1721 4210 1889 4265 altum
1922 4212 2088 4274 tacui,
2117 4226 2183 4266 ac

587 4307 725 4364 nihil
757 4306 980 4362 omnino
1008 4304 1077 4362 de
1097 4319 1164 4360 eo
1193 4301 1488 4376 (Nestorio)
1517 4305 1607 4373 qui
1631 4302 2183 4374 Constantinopolita-

589 4417 713 4457 nam
769 4399 1073 4456 Ecclesium
1108 4413 1250 4453 nunc
1295 4397 1648 4453 administrat
1696 4397 1784 4451 vel
1811 4397 1877 4450 ad
1925 4397 2181 4468 pietatem

590 4504 738 4550 tuam
756 4493 840 4549 vel
860 4493 926 4548 ad
956 4492 1124 4547 ullum
1145 4490 1595 4546 consacerdotum
1624 4496 1935 4544 nostrorum
1963 4490 2182 4558 scripsi,

590 4601 904 4658 persuasum
952 4584 1160 4640 habens
1201 4583 1533 4654 praecipitem
1576 4583 1628 4636 in
1683 4582 1990 4650 huiusmodi
2021 4583 2184 4637 rebus

588 4678 923 4735 celeritatem
951 4692 982 4731 a
1011 4675 1143 4731 vitio
1191 4691 1298 4730 non
1331 4688 1454 4730 esse
1485 4675 1802 4728 immunem.
1837 4677 1908 4728 At
1948 4674 2076 4743 quia
2115 4673 2183 4728 ad

589 4779 896 4828 extremum
928 4767 1318 4840 propemodum
1349 4766 1611 4822 malorum
1639 4765 1980 4832 devenimus,
2003 4766 2182 4821 omnia

589 4879 717 4935 qua
745 4838 1078 4928 acciderunt,
1103 4869 1262 4930 rupto
1286 4859 1530 4925 silentio,
1555 4859 1864 4915 necessario
1879 4858 2180 4914 enarranda
2210 4838 2262 4897 Ῑ)

591 4971 713 5012 esse
737 4954 890 5010 duxi.

657 5049 712 5106 2.
743 5049 948 5117 Nempe
992 5056 1323 5104 memoratus
1349 5044 1508 5100 simul
1542 5054 1597 5099 ut
1621 5043 1896 5098 ordinatus
1923 5052 2025 5108 εει,
2057 5058 2178 5100 cum

589 5141 1062 5199 exhortationibus
1095 5139 1340 5209 populos,
1399 5146 1509 5192 tum
1572 5135 1840 5207 proprios,
1878 5148 1988 5190 tum
2017 5151 2177 5206 pere-

590 5236 799 5308 grinos,
832 5247 1058 5305 quorum
1114 5244 1305 5300 magna
1352 5227 1642 5284 multitudo
1669 5243 1738 5283 ex
1779 5226 1949 5295 omni,
2004 5234 2062 5280 ut
2102 5228 2175 5282 ita

590 5328 789 5391 dicam,
811 5326 1030 5382 civitate
1059 5339 1119 5380 ac
1153 5324 1374 5394 regione
1426 5322 1555 5376 illuc
1603 5319 1877 5375 conﬂuere
1925 5321 2081 5385 solet,
2113 5319 2181 5375 ad

591 5421 792 5478 bonum
845 5419 1093 5476 excitare
1121 5417 1426 5481 debuisset;
1460 5415 1757 5483 praedicare
1784 5413 2054 5469 all‘ectavit
2083 5415 2182 5469 ah-

589 5513 752 5569 surda
776 5512 1025 5582 quaedam
1054 5521 1109 5567 et
1137 5526 1166 5565 a
1190 5510 1400 5565 ratione
1427 5508 1623 5572 aliena,
1655 5521 1777 5576 quae
1808 5506 1964 5575 longe
1991 5507 2187 5562 absunt

590 5607 658 5661 ab
689 5605 984 5678 apostolica
1016 5614 1072 5661 et
1097 5602 1405 5674 evangelica
1431 5599 1557 5664 fide,
1588 5614 1751 5670 quam
1779 5608 1962 5669 patres
1989 5614 2182 5670 magna

665 5753 690 5780 ⁸
714 5743 868 5798 Circa
900 5743 1043 5799 med.
1078 5755 1278 5797 annum
1308 5738 1434 5794 450.

667 5811 693 5850 δ
723 5815 848 5868 Lab.
888 5813 1122 5882 prmtulit
1146 5823 1301 5868 vetus.
1354 5809 1577 5864 Praestat
1614 5807 1816 5882 Gra’cte
1840 5807 2061 5882 .hmrere
2089 5807 2178 5861 lit-

598 5893 748 5946 terae.
775 5876 1011 5950 qua-non
1035 5893 1240 5940 tantum
1260 5883 1500 5951 antiqua,
1521 5882 1615 5936 sed
1639 5889 1693 5937 et
1710 5876 1863 5950 longa
1883 5890 2180 5948 temporum

2282 3559 2369 3622 ἔθη
2398 3566 2656 3618 πείθουσιν
2686 3567 3071 3619 ἀνακοινοῦσθαι
3100 3574 3161 3638 τῇ
3194 3575 3259 3641 σῇ
3293 3565 3536 3633 ὁσιότητι,
3564 3567 3719 3639 γράφω
3742 3565 3819 3617 παν

2282 3655 2354 3710 λιν
2367 3657 2668 3727 ἀναγκαίως,
2686 3658 2844 3712 ἐκεῖνο
2858 3657 3035 3716 δηλῶν.
3053 3658 3129 3714 ὅτι
3149 3657 3370 3731 διακυκᾷ
3380 3663 3444 3716 τὰ
3463 3662 3620 3716 πάντα
3640 3656 3820 3713 nisini

2284 3755 2525 3809 Σατανᾶς,
2551 3754 2636 3803 καί
2653 3752 2785 3820 μετά
2807 3748 2897 3821 [Γ.
2915 3751 3014 3819 leg.
3040 3759 3168 3807 κατά
3183 3751 3189 3820 Ι
3206 3754 3606 3811 τῶνῈκκλησιῶν
3625 3757 3704 3806 τοῦ
3723 3755 3819 3806 Θεοῦ

2282 3844 2531 3912 μαίνεται.
2566 3847 2648 3897 καί
2677 3843 3077 3918 ὀρθοποδοῦντας
3099 3845 3148 3898 ἐν
3179 3849 3357 3901 πίστει
3385 3849 3505 3906 τοὺς
3534 3844 3821 3917 ἁπανταχόσε

2283 3935 2438 3995 λαοὺς
2465 3941 2706 4012 πειρᾶται
2741 3935 3076 4014 διαστρέφειν.
3109 3940 3180 3993 Οὐ
3215 3941 3318 4015 γὰρ
3348 3945 3529 4015 ἠρεμεῖ
3554 3940 3609 3994 τὸ
3646 3933 3820 4008 παμπό-

2283 4050 2427 4106 νηρον
2457 4029 2608 4083 ἐκεῖνο
2637 4031 2806 4104 θηρίον
2834 4034 2918 4084 καί
2943 4042 2962 4068 ο
2988 4032 3263 4106 εὐφόρητον
3293 4035 3364 4092 εἰς
3395 4032 3638 4087 ἀσέϐειαν.
3659 4029 3822 4098 Ἑσίγων

2284 4123 2374 4190 μὲν
2405 4115 2489 4174 οὖν
2519 4123 2865 4195 παρῳχηκότα
2898 4119 3097 4199 καιρόν
3133 4127 3219 4178 καί
3249 4123 3391 4180 οὐδέν
3430 4123 3552 4184 ὅλως
3587 4120 3692 4178 οὔτε
3723 4122 3823 4190 πρὸς

2285 4219 2374 4273 τήν
2406 4221 2500 4274 σήν
2530 4216 2818 4270 θεοσέϐειαν
2850 4219 3080 4292 γέγραφα
3107 4222 3226 4294 περὶ
3255 4224 3350 4273 τοῦ
3378 4225 3465 4272 νῦν
3493 4213 3629 4277 ὄντος
3653 4217 3697 4270 ἓν
3722 4229 3821 4268 κων·

2287 4309 2723 4370 σταντινουπόλει,
2760 4313 2846 4363 καὶ
2873 4316 2963 4369 τήν
2991 4310 3283 4368 Ἐκκλησίαν
3315 4310 3600 4373 διέποντος,
3628 4305 3729 4364 οὔτε
3748 4311 3822 4374 μήν

2286 4401 2412 4477 πρὸς
2441 4400 2612 4475 ἕτερον
2643 4408 2742 4455 τῶν
2786 4401 3205 4478 συλλειτουργῶν,
3231 4404 3291 4457 τὸ
3322 4406 3373 4456 ἐν
3404 4405 3592 4462 τούτοις
3614 4400 3822 4475 προπετές

2285 4495 2378 4547 οὐκ
2407 4491 2506 4558 ἔξω
2535 4497 2716 4565 μώμου
2755 4497 2946 4550 κεῖσθαι
2975 4496 3250 4550 πιστεύων.
3289 4493 3490 4553 Ἐπειδή
3525 4492 3577 4548 δέ
3609 4497 3674 4551 εἰς
3696 4491 3824 4558 ἀκμήν

2287 4587 2462 4660 ὥσπερ
2491 4587 2677 4657 ἥκομεν
2705 4592 2794 4640 τοῦ
2827 4593 2986 4641 κακοῦ
3006 4629 3018 4648 .
3052 4585 3153 4642 δεῖν
3179 4587 3341 4658 ᾠήθην
3373 4587 3649 4657 ἀναγκαίως
3674 4583 3822 4636 ἀνεῖναι

2286 4675 2460 4730 λοιπὸν
2488 4682 2576 4735 τήν
2602 4678 2832 4750 γλῶτταν
2853 4680 2937 4730 καὶ
2964 4679 3132 4732 πάντα
3163 4679 3326 4731 εἰπεῖν
3356 4679 3419 4731 τὰ
3441 4674 3729 4746 κεκινημίνα.

2359 5053 2413 5096 '0
2461 5043 2563 5115 γὰρ
2603 5042 2957 5112 μνημονευθείς
3005 5039 3113 5111 ἅμα
3152 5038 3595 5113 κεχειροτόνηται,
3633 5035 3708 5087 καὶ
3737 5028 3823 5084 δίαν

2286 5145 2399 5195 ταῖς
2436 5135 2801 5206 παραινέσεσι,
2835 5141 2947 5192 ταῖς
2987 5139 3058 5194 εἰς
3089 5134 3146 5186 τὸ
3176 5133 3379 5203 ἀγαθὸν,
3413 5130 3626 5204 ὠφελεῖν,
3656 5126 3756 5183 τούς
3779 5140 3821 5173 τε

2286 5229 2446 5282 ἐκεῖσε
2495 5227 2650 5288 λαοὺς
2688 5231 2769 5281 καὶ
2812 5229 2929 5285 τοὺς
2975 5224 3458 5300 παρεπιδημοῦντας
3493 5225 3668 5287 ξένους·
3712 5220 3823 5283 ποιμ-

2286 5320 2459 5376 πολλοι
2486 5317 2540 5374 δέ
2570 5316 2733 5377 οὗτοι.
2763 5321 2848 5372 καὶ
2877 5319 2980 5373 ἀπὸ
3003 5319 3196 5381 πάσης,
3231 5320 3297 5377 ὡς
3319 5314 3449 5375 ἔπος
3469 5317 3641 5374 εἰπεῖν.
3669 5308 3821 5365 adluit:

2285 5435 2341 5470 τε
2371 5416 2454 5468 καὶ
2485 5417 2688 5488 χώρας⁶
2719 5410 2948 5471 σπουδήν
2994 5409 3138 5466 ἔθετο
3178 5411 3341 5465 λαλεῖν
3388 5408 3573 5464 ἕκτοπά
3612 5426 3732 5466 τινα,
3758 5400 3823 5451 καὶ

2287 5506 2388 5572 ἔξω
2429 5507 2610 5579 λόγου,
2659 5509 2742 5561 καὶ
2786 5505 2884 5560 ὅσα
2932 5506 3134 5581 μακράν
3161 5505 3274 5561 ἐστι
3297 5513 3389 5564 τῆς
3416 5501 3728 5559 ἀποστολικῆς
3760 5493 3823 5546 III

2290 5601 2607 5673 εὐαηελικῆς
2645 5603 2902 5664 πίστεως,
2935 5600 2992 5658 ἢν
3035 5600 3200 5672 μέχρι
3245 5598 3432 5656 παντὸς
3467 5598 3764 5668 τετηρήκασιν
3786 5582 3822 5638 οἶ

2287 5737 2423 5792 serie
2453 5740 2648 5791 usitata
2676 5738 3009 5791 consuetudo
3040 5736 3464 5791 commendatur.

2365 5819 2386 5846 ο
2419 5808 2596 5869 Forte,
2629 5810 2900 5882 ἀφόρητον.
