3976 6336
143 410 238 479 “9
950 416 1167 478 EPIST.
1209 418 1344 477 VIII.
1378 418 1649 509 QYRILLI
1689 419 1780 476 AD
1818 417 2291 480 C(ELESTINUM
2332 422 2581 481 PAPAM.

3302 426 3409 487 ιω

144 547 344 601 semper
368 531 671 587 constantia
716 545 1089 603 servaverunt,
1119 544 1173 590 et
1201 534 1358 589 nobis
1398 536 1544 590 velut
1590 552 1701 605 pre-

1817 539 2060 611 πατέρες,
2094 538 2385 612 παρέδοσαν
2410 562 2463 597 τε
2505 544 2622 612 ἡμῖν
2652 545 2720 605 ὡς
2748 545 3026 617 πολύτιμον
3056 551 3395 625 μαργαρίτην.

143 631 317 679 tioszim
352 627 696 689 margaritam
732 625 1087 681 tradiderunt.
1138 627 1287 681 Illius
1328 638 1506 682 autem
1539 628 1711 682 homi-

142 720 248 782 lias,
278 726 304 753 ι
330 732 463 787 quas
504 719 557 771 in
602 718 829 773 ecclesia
862 706 914 772 et
944 718 1254 789 frequenter
1283 720 1488 790 habuit,
1522 731 1577 777 et
1615 723 1710 776 ha-

141 814 253 867 bere
298 827 403 865 non
434 821 635 878 cessat,
667 821 934 882 tamquam
986 813 1208 868 evidens
1251 814 1515 869 doctrina:
1564 814 1711 868 illius

139 912 526 972 argumentum,
557 903 625 956 ad
656 903 903 972 pietatem
950 914 1093 959 tuam
1127 905 1270 959 misi.
1314 905 1442 960 Mihi
1471 905 1708 976 quidem,

139 994 321 1057 fateor,
350 994 402 1048 in
436 995 614 1049 animo
638 996 826 1050 fuisset
854 998 1127 1068 synodicis
1153 999 1303 1053 illum
1346 1000 1537 1054 litteris
1561 1015 1711 1054 com-

141 1087 489 1153 monefacere,
505 1103 603 1143 nos
615 1104 736 1143 cum
760 1104 826 1145 eo
843 1089 933 1160 qui
952 1091 1074 1146 talia
1097 1092 1239 1147 dicat
1262 1108 1324 1147 ac
1351 1094 1542 1148 sentiat
1563 1108 1711 1148 com-

140 1181 404 1235 municare
436 1196 540 1236 non
566 1196 723 1250 posse
748 1200 761 1237 :
784 1182 879 1236 sed
913 1183 1015 1238 hoc
1042 1200 1147 1239 non
1191 1184 1311 1239 feci.
1340 1186 1506 1239 [latus
1528 1198 1707 1241 tamen

138 1274 290 1342 lapsis
322 1288 537 1328 manum
556 1275 959 1345 porrigendum,
985 1287 1393 1347 prostratosque
1425 1288 1480 1332 ut
1515 1278 1707 1334 fratres

138 1369 414 1439 crigendos
434 1386 581 1435 esse;
607 1372 757 1426 illum
782 1386 877 1441 per
895 1370 1104 1426 litteras
1126 1370 1153 1409 δ
1171 1372 1488 1429 exhortatus
1509 1388 1625 1426 smn
1650 1382 1709 1427 ut

138 1479 161 1516 a
178 1477 336 1533 prava
361 1462 667 1533 bujusmodi
693 1464 940 1520 doctrina
957 1465 1291 1520 abscederet.
1308 1467 1413 1521 Sed
1430 1465 1561 1521 nihil
1584 1481 1710 1534 pro-

138 1554 416 1608 movimus.
454 1553 621 1608 Immo
649 1556 737 1610 ubi
764 1556 950 1610 didicit
989 1567 1191 1611 tantum
1215 1558 1406 1612 abesse
1430 1570 1485 1611 ut
1514 1558 1704 1612 eadem

135 1650 511 1715 scntiamus,ut
533 1664 656 1704 eum
684 1650 845 1705 etiam
874 1650 1252 1720 obiurgemus,
1286 1660 1341 1706 et
1370 1666 1399 1705 a
1422 1652 1534 1705 suis
1558 1666 1707 1706 com-

134 1740 317 1796 mentis
346 1741 478 1813 (non
511 1742 655 1796 enim
685 1741 942 1812 dogmata
969 1742 1222 1813 dixerim)
1254 1743 1495 1798 discedat
1522 1743 1707 1797 admo-

134 1849 377 1899 neamus;
406 1836 606 1889 nullam
648 1837 1026 1890 struendarum
1053 1836 1365 1891 insidiarum
1413 1838 1553 1891 viam
1597 1852 1703 1892 non

1816 632 1906 681 Ιίαὶ
1933 632 2027 688 τάς
2060 632 2146 693 μέν
2173 629 2366 699 ὁμιλίας
2389 674 2401 695 ,
2432 633 2491 693 ἃς
2524 635 2601 689 ἐπ’
2625 637 2890 697 ἐκκλησίας
2920 637 3103 713 εἴρηκε.
3136 644 3218 695 καὶ
3246 647 3399 696 τοῦτο

1814 722 2131 785 πλειστάκις,
2157 728 2240 777 καὶ
2266 726 2421 796 λέγων
2446 729 2502 779 οὐ
2516 731 2762 792 παύεται,
2790 733 3032 806 πέπομφα
3058 742 3119 808 τῇ
3148 744 3211 808 σῇ
3229 736 3398 790 θεοσε·

1818 814 1949 887 Gaia},
1986 818 2053 875 ὡς
2080 813 2271 873 εἴδησιν
2302 820 2505 893 ἀκριϐῆ.
2554 826 2677 894 Ἑγὼ
2717 821 2768 877 δὲ
2800 824 3058 898 ὁμολογῶ,
3084 832 3244 882 καίτοι
3272 829 3397 899 βου.

1813 907 1978 968 ληθεὶς
2021 910 2269 984 συνοδικῷ
2312 915 2575 987 γράμματι
2614 920 2821 989 φανερὸν
2863 922 3001 993 αὐτῷ
3040 931 3394 991 καταστῆσαι,

1814 999 1892 1054 ὅτι
1919 1010 2088 1057 ταῦτα
2113 1004 2308 1077 λέγοντι
2346 1009 2432 1060 καὶ
2455 1013 2715 1081 φρονοῦντι
2755 1021 3004 1065 κοινωνεῖν
3035 1015 3091 1067 οὐ
3116 1013 3396 1086 δυνάμεθα’

1811 1099 1966 1147 τοῦτο
2004 1096 2092 1163 μέν
2139 1096 2195 1147 οὐ
2241 1100 2515 1154 πεποίηκα’
2555 1099 2883 1173 λογισάμενος
2912 1102 2997 1170 δὲ,
3031 1102 3109 1161 ὅτι
3146 1113 3256 1182 χρή
3294 1115 3400 1168 τοῖς

1814 1184 2114 1243 ὀλισθήσασι
2162 1197 2316 1263 χεῖρα
2364 1188 2692 1255 διδόναι,καί
2738 1197 2807 1256 ὡς
2852 1194 3095 1269 ἀδελφοὺς
3143 1199 3399 1263 πεσόντας

1812 1279 2031 1355 ἒγεῖραι,
2079 1287 2347 1358 παρῄνεσα
2399 1283 2484 1339 διά
2529 1291 2872 1363 γραμμάτων,
2926 1293 3263 1364 ἀποσχέσθαι
3312 1307 3398 1358 τῆς

1811 1374 2050 1434 τοιαύτης
2094 1374 2409 1440 κακοδοξίας.
2439 1378 2564 1430 Ἀλλ’
2596 1383 2865 1453 ὠνήσαμεν
2905 1381 3070 1437 οὐδέν.
3118 1384 3314 1446 Ἐπειδὴ
3346 1386 3399 1442 δέ

1812 1469 2109 1539 μεμάθηκεν,
2136 1465 2212 1523 ὅτι
2244 1478 2488 1525 τοσοῦτον
2521 1475 2746 1544 ἀφεστηκ
2760 1497 2876 1547 νμεν
2906 1483 2996 1531 τοῦ
3030 1480 3093 1532 τά
3122 1481 3257 1534 αὐτὰ
3284 1502 3397 1552 φρο-

1810 1567 1905 1613 νεῖν
1927 1601 1937 1621 ,
1972 1563 2039 1619 ὡς
2071 1564 2155 1614 καὶ
2184 1563 2508 1621 ἐπιπλήττειν
2546 1568 2701 1620 αὐτὸν
2740 1578 3051 1637 μεταστῆναι
3079 1578 3177 1625 τῶν
3209 1574 3399 1627 οἰκείων

1811 1651 2141 1726 εὑρημάτων,
2175 1656 2232 1708 οὐ
2262 1658 2359 1731 γὰρ
2392 1652 2451 1711 ἂν
2482 1656 2673 1729 εἴποιμι
2699 1658 2985 1733 δογμάτων,
3014 1665 3182 1720 πάντα
3212 1665 3397 1739 τρόπον

1810 1744 2080 1806 ἐπιϐουλῆς
2111 1750 2353 1813 κεκίνηκε,
2399 1752 2481 1803 καὶ
2526 1752 2598 1809 εἰς
2648 1750 2730 1806 ἔτι
2776 1754 3002 1807 σαλεύων
3047 1758 3106 1808 οὐ
3152 1758 3394 1813 παύεται.

1808 1830 1929 1889 Ὀτε
1960 1835 2010 1891 δέ
2040 1837 2428 1912 προσεδοκῶμεν
2459 1842 2605 1895 αὐτόν
2634 1843 3025 1916 θεραπεύεσθαι,
3055 1850 3139 1902 καί
3160 1849 3399 1921 ἀποσχέ-

135 1931 367 1993 tentavit,
391 1940 449 1984 et
466 1929 567 1985 huc
592 1945 761 2001 usque
784 1940 991 1986 tentare
1019 1947 1125 1985 non
1151 1940 1347 1986 cessat.
1365 1934 1497 1988 Dum
1526 1942 1701 1986 autem

1812 1934 1929 1987 σθαι
1956 1940 2056 1986 τῶν
2082 1935 2207 1988 κατά
2236 1942 2458 2010 Χριστοῦ
2491 1934 2755 2009 δογμὲτων
2777 1981 2789 2001 ,
2822 1936 3039 2014 ὔίνωμεν
3074 1939 3151 1997 ὅτι
3180 1940 3395 2019 διημαρ-

130 2022 564 2091 exspectabamus
592 2023 765 2078 donec
795 2023 1155 2093 resipisceret,
1184 2025 1321 2079 etab
1348 2025 1413 2079 iis
1435 2040 1553 2092 qua:
1580 2041 1705 2079 con-

132 2123 198 2168 tra
226 2113 507 2169 Christum
536 2114 795 2171 docuerat
816 2116 1136 2186 abstineret,
1170 2117 1270 2173 hac
1299 2134 1397 2175 nos
1418 2134 1514 2187 spe
1545 2120 1706 2175 falsos

130 2223 234 2262 esse
258 2211 655 2279 comperimus,
684 2227 805 2265 cum
837 2212 944 2267 tale
973 2213 1099 2283 quid
1128 2216 1465 2285 contigisset.

188 2299 235 2355 3.
273 2300 412 2355 Erat
440 2302 905 2375 Constantinopoli
954 2308 1243 2378 episcopus
1279 2319 1300 2345 ο
1340 2308 1557 2364 nomine
1606 2309 1707 2364 Do-

129 2396 361 2459 rothcus,
396 2399 585 2452 eadem
615 2415 735 2469 qua:
760 2400 848 2453 ille
879 2402 1141 2468 sentiens,
1176 2403 1257 2455 vir
1278 2410 1514 2471 qumstus
1546 2418 1704 2456 causa

130 2490 414 2543 adulationi
443 2491 675 2559 deditus,
712 2492 999 2562 linguaque
1034 2497 1098 2548 ad
1130 2495 1484 2549 temeritatem
1514 2510 1702 2564 usque,

129 2583 247 2637 sicut
271 2585 537 2653 scriptum
567 2596 673 2649 cst,
698 2596 997 2656 promptus.
1021 2586 1070 2641 ls
1094 2590 1143 2642 in
1176 2588 1389 2656 publico
1413 2599 1703 2656 conventu,

128 2678 571 2732 reveretnlissimo
597 2678 846 2734 Nestorio
877 2680 928 2733 in
962 2680 1217 2734 cathedra
1247 2680 1702 2751 Constantinopo-

129 2767 285 2822 litans:
322 2769 575 2825 ecclesia:
605 2770 846 2836 sedente,
882 2786 1110 2840 surgens
1150 2787 1338 2841 magna
1377 2788 1512 2828 voce
1542 2774 1706 2827 incla-

127 2878 257 2919 mare
290 2879 465 2919 ausus
515 2874 634 2919 est:
686 2866 741 2921 Si
770 2868 891 2936 quis
917 2866 1136 2920 Mariam
1171 2867 1451 2935 Deiparam
1481 2867 1704 2933 dixerit,

128 2959 402 3010 anathema
434 2958 525 3011 sit.
556 2957 690 3012 Tum
724 2958 913 3029 ingens
938 2960 1173 3013 universi
1202 2960 1387 3027 populi
1411 2960 1613 3013 clamor
1651 2967 1707 3013 et

130 3049 383 3105 discessio
426 3060 718 3105 consecuta
772 3062 877 3105 est.
950 3050 1219 3105 Nolcbant
1267 3051 1411 3105 enim
1464 3066 1583 3105 cum
1640 3050 1705 3104 iis

127 3144 351 3213 amplius
379 3145 812 3199 communionem
845 3143 1061 3209 habere,
1103 3145 1193 3214 qui
1225 3145 1347 3198 talia
1396 3145 1703 3209 sentirent;

122 3237 242 3292 adeo
262 3248 327 3293 ut.
350 3239 647 3293 etiamnum
687 3238 839 3306 plebs
866 3238 1485 3309 Constantinopolitana,
1520 3238 1703 3306 paucis

121 3329 411 3387 levioribus
439 3342 493 3386 et
520 3333 609 3400 qui
636 3332 712 3386 illi
743 3332 1027 3386 adulantur
1066 3308 1325 3400 exceptis,
1358 3332 1548 3402 synaxi
1579 3333 1700 3386 abs-
1730 3308 1776 3369 (ἶ

120 3422 303 3488 tinent,
364 3425 459 3478 sed
516 3439 690 3494 neque
734 3441 800 3480 eo
836 3425 1163 3480 conveniunt
1201 3427 1523 3481 monasteria
1566 3441 1702 3495 pene

120 3517 282 3570 omnia
304 3532 611 3587 eorumque
637 3517 1074 3573 arcltimandrittn
1100 3530 1153 3572 et
1184 3528 1493 3572 senatorum
1523 3518 1699 3582 multi,

121 3622 360 3665 verentes
390 3626 463 3665 ue
512 3610 725 3680 aliquod
757 3612 807 3664 in
841 3610 945 3665 [ide
974 3610 1360 3665 detrimentum
1412 3610 1698 3679 accipiant,

122 3716 230 3755 cum
258 3711 314 3756 et
342 3702 456 3765 ille,
490 3712 544 3757 et
569 3702 605 3755 ii
632 3717 822 3757 omnes
846 3698 873 3738 ά
896 3717 1030 3773 quos
1058 3716 1242 3757 secum
1267 3702 1557 3757 Antiochia
1587 3702 1700 3757 dis-

124 3793 307 3848 cedens
335 3793 591 3860 adduxit,
622 3810 874 3863 perversa
906 3795 1219 3863 praedicent.

182 3884 232 3938 4.
259 3886 401 3941 Cum
430 3894 609 3942 autem
636 3888 872 3943 bomiliis
901 3888 1021 3958 ejus
1047 3889 1099 3943 iu
1131 3888 1425 3961 Egyptum
1459 3892 1701 3961 perlatis,

126 3974 349 4034 leviores
362 3979 634 4050 quosdam
653 3980 705 4033 in
727 3996 967 4037 errorem
982 3980 1262 4047 abductos,
1282 3991 1704 4053 cunctantesque

120 4079 327 4127 rectene
380 4072 701 4141 loqueretur
745 4089 812 4126 an
870 4082 1079 4129 erraret
1132 4073 1358 4128 invicem
1414 4076 1705 4145 quaeritare

118 4164 455 4229 didicissem;
485 4164 689 4219 veritus
721 4180 787 4219 ne
815 4165 987 4219 morbi
1020 4168 1326 4235 contagium
1353 4167 1575 4222 altiores
1615 4182 1702 4222 ra-

116 4252 251 4310 dices
278 4255 334 4309 in
367 4253 764 4323 simpliciorum
813 4255 1084 4310 mentibus
1113 4264 1317 4325 ageret,
1370 4256 1436 4311 ad
1478 4255 1699 4328 Egypti

117 4348 441 4402 monasteria
468 4348 776 4418 generalem
807 4348 1089 4418 epistolam
1121 4359 1143 4386 ο
1172 4351 1383 4420 scripsi,
1420 4361 1475 4405 ut
1510 4367 1697 4406 eorum

116 4443 408 4496 monachos
441 4442 492 4495 in
526 4452 671 4496 recta
700 4440 803 4497 lide
836 4422 1237 4498 conﬁrmarem.
1278 4442 1445 4513 Cujus
1475 4445 1695 4515 quidem

115 4531 355 4599 cpistola:
386 4534 638 4603 exempla
664 4535 1188 4606 Constantinpolim
1235 4552 1263 4590 a
1298 4538 1572 4593 nonnullis
1603 4541 1695 4594 de-

1808 2029 2030 2096 τήκαμεν
2058 2035 2148 2087 τῆς
2171 2027 2388 2093 ἐλπίδος,
2418 2032 2651 2085 τοιούτου
2682 2033 2817 2093 τινὸς
2846 2034 3128 2107 γεγονότος.

1878 2315 1966 2370 Ἠν
1988 2319 2037 2370 ἐν
2056 2318 2574 2373 κωνσταντινουπολει
2596 2322 2873 2383 ἐπίσκοπος
2895 2322 3101 2395 ὀνόματι
3124 2328 3393 2403 Δωρόθεος,

1808 2410 1872 2463 τά
1900 2411 2025 2464 αὐτὰ
2064 2419 2254 2482 φρονῶν
2293 2413 2464 2481 αὐτῷ,
2499 2414 2624 2487 ἀνὴρ
2664 2416 2962 2488 χρειοκόλαξ
3008 2420 3095 2471 καί
3136 2428 3397 2495 προπετὴς

1810 2502 2030 2571 χείλεσι,
2060 2504 2225 2562 καθὼς
2241 2505 2547 2576 γέγραπται·
2574 2501 2627 2565 ὃς
2655 2508 2705 2560 ἐν
2737 2509 2941 2571 συνάξει
2964 2512 3288 2584 καθεζομένου
3312 2511 3398 2567 ἐπὶ

1807 2598 1900 2645 τοῦ
1929 2593 2102 2666 θρόνου
2136 2603 2227 2653 τῆς
2258 2593 2555 2655 Ἐκκλησίας
2584 2603 2672 2651 τοῦ
2714 2606 2805 2658 τῆς
2833 2603 3397 2664 Κωνσταντινουπόλεως

1808 2686 2181 2742 εὐλαϐεστάτου
2222 2691 2525 2764 Νεστορίου,
2558 2692 2784 2752 ἀναστὰς
2814 2692 3007 2765 μεγάλῃ
3142 2706 3275 2771 φωνῇ
3310 2718 3395 2752 τε.

1806 2779 2047 2849 τόλμηκεν
2079 2783 2258 2834 εἰπεῖν·
2294 2779 2344 2835 εἴ
2366 2804 2444 2842 τις
2473 2780 2714 2838 Θεοτόκον
2742 2780 2863 2839 εἶναι
2894 2786 3025 2859 λέγει
3048 2795 3137 2847 τήν
3168 2793 3394 2862 Μαρίαν.

1808 2868 1958 2931 οὗτος
1983 2874 2203 2945 ἀνάθεμα
2228 2872 2258 2928 ἑ¹
2260 2896 2387 2928 στω.
2420 2878 2509 2929 Καὶ
2527 2877 2697 2947 γέγονε
2722 2880 2812 2946 μὲν
2833 2884 3024 2952 κραυγὴ
3044 2882 3231 2953 μεγάλη
3253 2887 3397 2956 παρά

1807 2964 1995 3023 παντὸς
2022 2969 2115 3017 τοῦ
2140 2964 2289 3027 λαοῦ,
2320 2968 2400 3018 καί
2431 2964 2642 3042 ἐκδρομή
2696 2969 2767 3021 Οὐ
2796 2970 2894 3043 γάρ
2923 2968 3090 3027 ἤθελον
3117 2969 3193 3026 ἔτι
3221 2994 3393 3029 κοινω-

1805 3060 1908 3106 νεῖν
1938 3054 2115 3114 αὐτοῖς
2154 3062 2370 3111 τοιαῦτα
2400 3064 2688 3132 φρονοῦσιν.
2730 3056 2890 3115 Ὠστε
2927 3064 3011 3115 καὶ
3047 3068 3137 3118 νῦν
3170 3064 3386 3119 ἀποσυν-

1807 3147 1990 3206 άκτους
2022 3143 2147 3204 εἶναι
2185 3152 2303 3210 τούς
2329 3150 2482 3211 λαοὺς
2510 3160 2601 3212 τῆς
2631 3157 3229 3221 Κωνσταντινουπόλεως,
3270 3160 3395 3219 πλὴν

1811 3238 1987 3310 ὀλίγων
2018 3241 2376 3317 ἐλαφροτέρων,
2396 3247 2482 3298 καὶ
2510 3252 2610 3299 τῶν
2640 3246 3007 3302 κολακευόντων
3035 3251 3203 3304 αὐτόν.
3238 3253 3310 3305 Τά
3338 3250 3388 3307 δὲ

1806 3336 2122 3408 μοναστήρια
2146 3334 2338 3406 σχεδὸν
2362 3334 2561 3391 ἅπαντα
2581 3338 2726 3391 καίοὶ
2748 3340 2942 3393 τούτων
2970 3340 3393 3418 ἁρχιμανδρῖται.

1805 3431 1893 3481 καὶ
1919 3436 2013 3488 τῆς
2049 3429 2339 3501 συγκλήτου
2378 3430 2551 3483 πολλοὶ
2589 3432 2645 3483 οὐ
2685 3434 2993 3505 συνάγονται
3018 3476 3029 3492 ,
3064 3432 3284 3497 δεδιότες
3328 3444 3396 3506 μη

1806 3518 2109 3577 ἀδικηθῶσιν
2130 3523 2199 3581 είς
2229 3525 2425 3588 πίστιν,
2451 3523 2605 3575 αὐτοῦ
2634 3526 2717 3575 καί
2741 3531 2840 3577 τῶν
2871 3526 2967 3579 σὺν
2995 3528 3155 3599 αὐτῷ,
3183 3526 3269 3587 οὓς
3297 3530 3398 3583 ἀπὸ

1806 3623 1898 3674 τῆς
1931 3613 2244 3684 Ἀντιοχείας
2274 3614 2555 3669 ἀναϐαίνων
2588 3614 2763 3688 ἤγαγε,
2798 3618 3001 3673 πάντων
3029 3618 3307 3677 λαλοῦντων
3333 3624 3397 3678 τά

1809 3704 2207 3783 διεστραμμένα.

1878 3884 2076 3945 Ἐπειδὴ
2107 3885 2161 3941 δὲ
2187 3896 2286 3942 τῶν
2314 3886 2519 3961 ὁμιλιῶν
2559 3890 2712 3944 αὐτοῦ
2746 3888 3048 3960 ἔνεχθεισῶν
3086 3891 3157 3949 εἰς
3191 3895 3280 3949 τὴν
3311 3888 3392 3944 Δῖ-

1806 4000 2019 4054 γυπτον,
2054 3978 2242 4053 ἔμαθον
2282 3978 2360 4036 ὄτι
2401 3981 2724 4056 ἐλαφρότεροί
2759 4000 2889 4041 τινες
2932 3981 3393 4051 συνηρπάσθησαν,

1806 4076 1890 4129 καί
1930 4074 2103 4128 λοιπόν
2134 4070 2469 4136 ἐνδοιάζοντες
2520 4073 2647 4147 πρὸς
2698 4072 2937 4132 ἀλλήλους
2979 4070 3213 4144 ἔφασκον
3257 4069 3391 4147 τΑρα

1808 4167 1968 4240 ὀρθῶς
1992 4165 2153 4237 λέγει;
2186 4159 2290 4236 ἆρα
2328 4165 2602 4228 ἐπλανήθη;
2636 4163 2871 4224 δεδοικώς
2901 4169 2970 4236 μὴ
3008 4166 3189 4241 ριζωθῇ
3214 4167 3279 4221 τὰ
3305 4174 3394 4225 τῆς

1802 4259 1955 4313 νόσου
1994 4259 2043 4311 ἐν
2084 4265 2194 4317 ταῖς
2231 4266 2331 4312 τῶν
2367 4257 2728 4329 ἁπλουστέρων
2764 4256 2975 4327 ψυχαῖς
3002 4296 3015 4320 ,
3055 4255 3257 4329 ἔγραψα
3290 4265 3394 4319 τοῖς

1804 4352 1933 4406 κατά
1975 4356 2065 4408 τήν
2102 4348 2355 4421 Αἴγυπτον
2394 4350 2751 4423 μοναστηρίοις
2790 4348 3050 4407 καθολικὴν
3097 4348 3359 4407 ἐπιστολὴν
3380 4392 3393 4411 ,

1803 4444 2026 4515 βεϐαιῶν
2050 4444 2235 4502 αὐτοὺς
2262 4445 2333 4502 εἰς
2361 4444 2537 4496 πίστιν
2563 4443 2731 4511 ὀρθήν.
2764 4436 2887 4497 Εἶτὰ
2906 4462 3037 4503 τινες
3062 4444 3325 4517 ἀπήγαγον
3342 4444 3394 4496 ἐν

1802 4545 1865 4612 τῇ
1902 4534 2425 4591 Κωνσταντινουπόλει
2466 4537 2532 4589 τὰ
2572 4528 2684 4601 ἶσα,
2718 4535 2803 4589 καί
2834 4535 3106 4606 ὠφέληνται
3143 4536 3239 4607 μὶν
3272 4536 3392 4590 ἀνα·

178 4724 200 4752 ⁸
228 4714 523 4789 βαειοτίηε
550 4713 662 4784 ipse
682 4730 957 4789 exegeseon
975 4731 1185 4789 suorum
1207 4718 1571 4789 quaterniones
1595 4718 1704 4787 jam
1733 4722 1789 4782 D
1818 4715 2051 4789 Cyrillus
2078 4722 2271 4789 ipart:
2292 4710 2501 4789 Quocil.
2535 4711 2734 4789 Ephes.
2764 4726 2883 4782 cap.
2919 4714 2985 4769 10
3015 4714 3255 4789 expauit.
3285 4723 3396 4789 stne

114 4786 174 4839 ad
216 4784 579 4841 Caelestinum
635 4787 875 4849 miserat,
929 4796 985 4840 ut
1032 4784 1264 4855 Cyrillus
1314 4789 1377 4840 ad
1435 4784 1697 4843 Joannem

113 4856 510 4912 Antiochenuni
559 4857 752 4913 concil.
810 4856 1009 4925 Ephes.
1052 4866 1238 4927 tpart.
1292 4873 1344 4913 ρ.
1374 4857 1439 4914 21
1488 4862 1695 4914 scribit.

112 4932 272 4995 Quam
305 4929 382 4982 ob
404 4943 648 4993 causam,
680 4928 849 4997 inquit
882 4928 1077 4982 ibidem
1125 4928 1381 5000 Cyrillus,
1408 4932 1699 5001 compulsus

113 5016 215 5052 sum
242 5009 291 5053 el
317 5016 418 5071 ego
458 5015 657 5071 quoque
686 5016 743 5051 ea
770 5000 941 5071 omnia
968 5014 1080 5066 quae
1110 5002 1241 5052 inter
1273 5018 1349 5054 me
1368 5010 1416 5054 et
1443 5000 1593 5054 illum
1620 5004 1698 5055 in-

113 5067 449 5125 tercesserunt
471 5067 679 5139 '(eidem
705 5067 877 5138 papm)
904 5072 1131 5138 aperire.
1161 5071 1269 5124 llos
1301 5083 1480 5125 autem
1510 5072 1700 5127 Nesto-

114 5143 171 5192 rii
200 5142 596 5209 quaterniones
623 5140 722 5195 sibi
755 5155 852 5209 per
877 5140 1199 5195 Antiochum
1231 5142 1400 5195 virum
1432 5144 1695 5199 illustrem

114 5212 353 5267 redditos
378 5208 881 5266 IuisseCozlcstmus
896 5213 1030 5265 intra
1050 5212 1099 5264 iu
1118 5212 1344 5280 epistola
1364 5214 1423 5267 il
1449 5223 1692 5269 testatur.

176 5282 202 5320 δ
229 5282 565 5338 Litterarum
601 5285 811 5337 illarum
854 5282 1099 5351 exempla
1145 5300 1245 5336 una
1287 5299 1406 5338 cum
1448 5287 1546 5339 hac
1586 5287 1701 5352 epi-

113 5355 243 5407 stola
294 5357 365 5408 ad
415 5352 766 5425 Ctelestinum
809 5353 1019 5407 misisse
1072 5367 1130 5406 se
1175 5355 1406 5425 Cyrillus
1437 5357 1488 5409 in
1541 5357 1699 5410 modo

114 5425 327 5479 laudata
374 5425 601 5494 epistola
634 5426 699 5478 ad
730 5424 990 5478 Joannem
1026 5424 1435 5479 commemorat.
1475 5428 1702 5481 Exstant

114 5506 285 5563 tpart.
318 5495 530 5550 Concil.
564 5495 765 5562 Ephes.
792 5510 907 5564 cap.
936 5495 989 5557 6,
1021 5506 1073 5549 ct
1100 5496 1239 5563 apud
1269 5498 1537 5550 Ilaluzium
1572 5513 1695 5551 nov.

112 5569 229 5619 coll.
266 5567 469 5620 concil.
517 5581 569 5635 p.
595 5568 721 5623 Ιιυυ.
755 5583 816 5619 ex
851 5568 1066 5634 antiqua
1103 5568 1567 5636 interpretatione,
1602 5568 1697 5623 sed

112 5636 209 5690 alia
239 5638 315 5691 ab
339 5652 409 5690 ea
444 5652 605 5705 quam
638 5636 921 5691 Liberatus
953 5639 1094 5692 diae.
1124 5652 1243 5702 cap.
1292 5641 1325 5692 4
1370 5639 1558 5708 primis
1608 5654 1693 5692 ca-

113 5721 223 5759 rum
258 5709 445 5762 verbis
478 5710 681 5771 relatis,
706 5723 763 5760 se
788 5708 983 5760 vidisse
1015 5709 1230 5761 iudicat.

183 5788 207 5817 ⁸
237 5778 481 5843 Βείιὶουι.
516 5780 930 5845 Marcianopolis
956 5780 1005 5831 itt
1036 5779 1247 5842 Mmsia,
1269 5779 1423 5845 quiet
1446 5779 1496 5831 iu
1517 5778 1692 5847 Ephe-

116 5852 226 5903 sino
259 5850 550 5904 latrocinio
582 5850 763 5918 Cyrilli
796 5866 857 5904 ac
893 5850 1189 5904 Memnonis
1217 5850 1542 5918 depositioni
1566 5852 1693 5904 sub-

115 5921 349 5980 acrittsit.
388 5918 591 5976 Rursus
620 5920 864 5976 eamdem
912 5922 1148 5992 episCOpi
1179 5920 1334 5993 hujus
1366 5922 1691 5992 impietatem

1814 4783 2015 4856 tiutquc
2044 4785 2223 4840 subdit
2247 4803 2259 4837 :
2290 4783 2426 4849 Quid
2448 4783 2712 4856 vetabatet
2752 4800 2844 4837 nos
2878 4801 3077 4853 quoque
3101 4787 3303 4840 vocibus
3328 4786 3395 4839 il-

1808 4861 1907 4913 lius
1931 4854 2212 4911 contrariis
2251 4856 2501 4919 scribere,
2534 4870 2593 4907 ac
2624 4854 2789 4908 dicere
2826 4856 3164 4925 :rAnatltema
3205 4857 3274 4910 sit
3308 4873 3354 4925 qi
3382 4860 3397 4908 i

1808 4929 2035 4983 Mariam
2074 4926 2356 4997 Deiparam
2381 4942 2488 4979 esse
2530 4926 2768 4996 negavit?
2827 4924 3019 4980 Verum
3050 4927 3105 4979 id
3152 4924 3396 4981 hactenus

1808 5013 2018 5073 prapter
2044 4998 2092 5051 Ν
2100 5001 2338 5073 εδιονὶιιιιι
2364 5001 2532 5073 facere
2558 4998 2724 5062 nolui,
2747 5013 2813 5073 ne
2832 4998 2931 5051 sint
2958 4999 3058 5073 qui
3082 4997 3363 5073 Alexandri
3383 5029 3394 5038 -

1806 5067 1927 5124 nunt
1950 5073 2247 5138 episcopum
2265 5068 2628 5139 gyptimnue
2648 5067 2898 5137 synodum
2912 5067 3254 5122 anatltematis
3281 5087 3365 5121 sm
3378 5099 3395 5110 ο

1804 5146 2018 5197 tentiam
2046 5143 2099 5195 in
2132 5138 2433 5195 Nestorium
2483 5138 2661 5192 tulisse
2708 5140 2903 5192 dicant.
2949 5139 3014 5193 Et
3044 5141 3143 5192 hac
3174 5141 3386 5208 quidem

1805 5230 1934 5267 usus
1973 5222 2056 5267 est
2085 5211 2477 5276 moderatione,
2515 5218 2624 5263 tum
2656 5218 2711 5263 ut
2738 5220 2959 5264 caveret
2989 5208 3247 5275 schisma,
3280 5222 3389 5265 tum

1804 5287 1965 5338 etiam
1993 5299 2058 5337 ne
2088 5280 2371 5347 Theophili
2397 5281 2646 5334 avunculi
2674 5284 2892 5349 suierga
2925 5280 3188 5335 Joannem
3218 5279 3392 5352 Chry-

1806 5367 2102 5408 Sttstutuum
2147 5352 2475 5420 iniquitatem
2500 5353 2697 5405 imitari
2733 5361 3029 5417 putaretur.

1874 5424 1899 5461 ἀ
1932 5427 2073 5479 Inter
2105 5438 2386 5491 perversos
2424 5422 2547 5475 illos
2589 5438 2890 5490 praecones.
2925 5437 3063 5491 quos
3109 5422 3389 5479 Nestorius

1805 5496 2083 5550 Antiochia
2121 5510 2305 5549 secutn
2353 5495 2671 5564 adduxerat,
2725 5509 2754 5547 a
2795 5494 3046 5548 Libet-ato
3077 5510 3124 5548 c.
3156 5493 3211 5561 4,
3272 5506 3391 5564 post

1804 5567 2080 5621 Socratem
2117 5567 2207 5619 hli.
2240 5580 2385 5639 S‘llpc.
2412 5562 2511 5639 _52,
2543 5573 2754 5618 notatur
2798 5565 3113 5639 Anastasius
3164 5562 3388 5639 presby-

1804 5646 1906 5703 ter,
1933 5640 2023 5707 qui
2058 5640 2106 5691 iu
2138 5637 2363 5691 ecclesia
2394 5634 2613 5707 docens.
2666 5646 2801 5689 teSIe
2844 5637 3093 5707 Sperate,
3128 5639 3303 5703 erupit
3328 5634 3387 5693 in

1806 5707 1921 5763 ha‘c
1946 5704 2104 5763 verba
2141 5727 2153 5763 :
2197 5708 2355 5760 Nemo
2410 5705 2637 5759 Mariam
2686 5716 2826 5758 vocet
2864 5704 3161 5768 Deiparam.
3216 5707 3389 5765 Maria

1804 5780 1936 5829 enim
1986 5780 2135 5831 homo
2175 5781 2293 5846 fuit,
2342 5794 2402 5831 ea:
2450 5777 2652 5829 homine
2703 5788 2870 5829 autent
2930 5776 3067 5830 Deus
3113 5780 3255 5833 nasci
3284 5797 3389 5836 non

1804 5860 1986 5919 potest.

1886 5929 1909 5957 ο
1935 5920 2065 5989 Qum
2094 5919 2147 5973 in
2179 5918 2430 5989 Ephesini
2460 5918 2671 5975 concilii
2706 5935 2719 5974 ι
2752 5929 2898 5990 parte
2920 5936 2970 5975 c.
2998 5920 3033 5975 2
3063 5919 3311 5985 habetur.
