3976 6336
559 378 665 448 135

1331 385 1392 444 S.
1433 383 1838 445 C(ELESTINI
1874 384 1896 441 Ῑ
1933 383 2139 442 ΡΑΡᾸΕ
2187 380 2547 442 EPIS'I'OLE
2590 385 2676 442 ET
2716 382 3062 444 DECRETA.
3696 396 3777 447 ibit

560 507 879 574 unitioncm,
914 503 1009 562 sed
1039 513 1066 544 ι
1091 503 1529 574 conjunctioncm
1560 512 1736 568 vocat,
1768 501 1942 572 qualis
1973 510 2054 554 est
2082 514 2139 554 ea

2251 498 2453 566 ἔξωθεν,
2475 505 2560 555 καὶ
2582 506 2650 562 ὡς
2681 497 2741 558 ἂν
2769 503 2886 577 λέγῃ
2914 504 3046 578 πρὸς
3059 499 3278 564 Ἰησοῦν,
3301 498 3378 557 ὅτι
3404 501 3503 558 καθ’
3517 505 3579 566 ὡς
3604 502 3656 565 ἧν
3681 517 3779 579 μετὰ

559 617 662 670 qua
690 601 1028 655 connectitur
1054 598 1146 668 qui
1178 597 1516 652 extrinsecus
1545 605 1649 662 est,
1677 603 1733 650 et
1767 595 1836 650 de
1863 610 1965 664 qua
2006 594 2147 648 Deus

558 693 687 746 dicit
716 691 779 745 ad
808 689 972 746 Josue
997 707 1010 742 :
1062 689 1210 744 Sicut
1237 689 1316 759 fui
1361 704 1476 741 cum
1530 686 1733 757 Moyse,
1766 687 1840 739 ita
1869 701 1957 740 ero
1983 694 2149 738 tecum

557 783 752 854 (Josue
781 798 820 846 ι,
851 781 947 852 5).
996 779 1064 836 Ut
1103 789 1284 834 autem
1319 788 1460 849 legat
1511 778 1877 847 impietatem,
1911 775 2148 832 Verbum

556 889 678 928 cum
713 874 830 942 ipso
867 889 929 927 es
953 881 1109 926 utero
1135 869 1166 909 ι’
1196 869 1330 926 dicit
1357 870 1540 925 fuisse.

624 967 680 1022 2.
724 966 924 1020 Idcirco
951 980 1123 1034 neque
1155 965 1329 1034 ipsum
1361 978 1484 1019 esse
1521 961 1654 1018 dicit
1699 978 1887 1024 verum
1943 963 2143 1030 Deum,

555 1057 650 1113 sed
680 1057 826 1112 velut
853 1072 919 1112 ex
942 1054 1303 1111 beneficentia
1329 1055 1425 1110 Dei
1462 1065 1482 1093 ε
1512 1070 1578 1108 eo
1620 1053 1838 1110 nomine
1865 1053 2141 1110 donatum.

556 1148 896 1220 thuamvis
922 1147 1183 1202 Dominus
1215 1148 1285 1202 sit
1329 1145 1649 1216 appellatus,
1709 1144 1901 1200 eadem
1958 1160 2146 1200 rursus

555 1242 762 1297 ratione
807 1239 924 1294 vult
972 1253 1095 1294 esse
1136 1238 1448 1302 Dominum,
1480 1238 1606 1307 quia
1639 1236 1742 1292 hoc
1763 1237 1811 1291 ei
1837 1237 1982 1292 Deus
2014 1236 2144 1292 Ver-

554 1336 677 1392 bum
708 1335 921 1390 dederit
951 1343 1007 1388 ut
1039 1335 1121 1389 sic
1152 1334 1540 1405 appellaretur.

628 1428 683 1482 5.
721 1425 831 1481 Nec
860 1427 933 1480 ait
957 1426 1098 1496 quod
1120 1425 1370 1491 dicimus,
1405 1424 1599 1478 Filium
1647 1423 1745 1478 Dei
1775 1421 1800 1460 ἀ
1845 1438 1948 1494 pro
1986 1422 2144 1479 nobis

554 1533 827 1575 mortuum
854 1534 998 1585 esse,
1027 1527 1081 1574 et
1105 1519 1475 1573 resurrexisse
1526 1535 1540 1570 :
1587 1517 1679 1572 sed
1733 1517 1893 1572 homo
1919 1517 2141 1587 (inquit)

555 1621 800 1666 mortuus
830 1622 931 1675 eSt,
962 1620 1016 1665 et
1047 1611 1209 1664 homo
1234 1610 1557 1675 resurrexit,
1601 1608 1845 1680 nihilque
1871 1609 2142 1680 ejusmodi

553 1702 621 1758 ad
657 1701 890 1758 Verbum
924 1701 1017 1757 Dei
1049 1700 1302 1770 pertinet.

621 1795 679 1849 ε.
719 1791 830 1849 Nos
862 1792 1077 1862 quidem
1119 1791 1354 1848 Verbum
1383 1791 1553 1847 Deum
1581 1791 1942 1847 immortalem
1974 1805 2038 1846 ac
2064 1789 2143 1844 vi-

2251 601 2444 669 Μωῦσῇ
2461 638 2474 660 ,
2507 592 2672 655 οὕτως
2711 592 2901 668 ἔσομαι
2927 596 3058 669 μετά
3087 616 3204 649 σου.
3245 596 3482 670 ερύπτων
3507 595 3557 652 δέ
3581 605 3661 658 τήν
3685 605 3778 657 ἀσέ-

2253 685 2388 742 ϐειαν
2415 687 2547 759 λέγει
2564 729 2577 753 ,
2608 686 2688 743 ὅτι
2716 689 2770 742 ἐκ
2797 692 2997 762 μήτρας
3025 696 3182 748 συνῆν
3210 689 3368 760 αὐτῷ.

2320 949 2409 1004 Διά
2436 956 2591 1005 τοῦτο
2616 946 2731 1005 οὔτε
2759 950 2880 1005 Θεὸν
2902 949 3126 1008 ἀληθινὸν
3151 948 3304 1004 αὐτὸν
3328 943 3453 1004 εἶναι
3474 948 3616 1023 λὲγει,
3634 953 3781 1015 ἀλλ’ὡς

2249 1040 2449 1116 εύδοκὶᾳ
2476 1049 2568 1098 τοῦ
2599 1047 2730 1098 Θεοῦ
2762 1042 3050 1114 κεκλημένον
3079 1039 3262 1102 οὕτως’
3297 1034 3388 1113 κᾷν
3424 1042 3594 1117 κύριος
3625 1045 3782 1111 ὡνομάν

2248 1140 2342 1196 σθη
2361 1178 2374 1201 ,
2403 1136 2564 1201 οὕτως
2596 1137 2744 1192 πάλιν
2781 1138 2936 1192 αὐτὸν
2969 1135 3206 1211 βούλεται
3243 1136 3441 1208 Κύριον,
3472 1137 3539 1196 ὡς
3571 1143 3654 1192 τοῦ
3683 1147 3782 1200 Θεοῦ

2245 1229 2392 1305 λόγου
2421 1232 2782 1308 χαρισαμένου
2812 1231 2954 1301 αὐτῷ
2984 1231 3044 1286 τὸ
3081 1229 3347 1284 καλεῖσθαι
3368 1229 3452 1283 καὶ
3477 1227 3621 1284 οὕτω.

2316 1413 2394 1469 Μή
2424 1431 2571 1482 φησιν
2607 1407 2686 1464 ὅτι
2718 1406 2842 1484 ὅπερ
2869 1407 3075 1482 λέγομεν
3093 1445 3106 1469 ,
3133 1407 3402 1460 ἀποθανεῖν
3428 1406 3555 1482 ύπὲρ
3580 1408 3700 1480 aut?”
3720 1412 3786 1465 τὸν

2244 1501 2355 1556 υἱὸν
2385 1507 2478 1558 τοῦ
2504 1508 2656 1569 Θεοῦ,
2685 1502 2772 1555 καὶ
2799 1500 3099 1562 ἀναστῆναι,
3131 1496 3156 1552 ὁ
3186 1493 3449 1572 ἄνθρωπος
3475 1497 3697 1563 ἀπέθανε,
3720 1504 3786 1555 καί

2246 1590 2567 1669 ὁᾶνθρωπος
2617 1593 2823 1650 ἀνέστη·
2874 1593 2954 1646 καὶ
2989 1587 3132 1644 οὐδὲν
3174 1601 3196 1628 ⁸
3235 1594 3390 1644 τοῦτο
3433 1590 3560 1665 πρὸς
3601 1590 3679 1644 τὸν
3714 1597 3785 1645 τοῦ

2198 1749 2201 1754 η
2244 1690 2372 1740 Θεοῦ
2399 1685 2566 1758 λόγον.

2314 1780 2408 1832 Καὶ
2431 1779 2580 1848 ἡμεῖς
2605 1779 2695 1848 μέν
2714 1779 2815 1852 γὰρ
2843 1774 3182 1846 ὁμολογοῦμεν
3213 1769 3292 1827 ὅτι
3317 1773 3404 1826 καὶ
3424 1770 3657 1834 ἀθάνατός
3677 1773 3788 1829 ἐστιν

557 1893 663 1938 tam
679 1899 800 1939 esse
819 1884 1172 1949 confitemur;
1200 1883 1294 1938 sed
1314 1893 1368 1938 et
1395 1883 1666 1938 credimus
1679 1898 1897 1938 carnem
1917 1884 2136 1950 factum,

2246 1868 2392 1926 ὃτοῦ
2436 1874 2564 1924 Θεοῦ
2609 1868 2753 1941 λόγος
2790 1869 2874 1920 καὶ
2918 1869 3021 1930 ζωή
3068 1865 3223 1920 ἔστιν·
3255 1863 3381 1918 ἀλλά
3423 1864 3701 1936 πιστεύομεν
3728 1865 3787 1922 ὅτι

555 1975 659 2030 hoc
687 1984 925 2041 est,cum
957 1974 1224 2030 univisset
1243 1974 1342 2029 sibi
1374 1988 1594 2029 carnem
1627 1989 1748 2028 cum
1772 1975 1951 2028 anima
1979 1973 2143 2028 ratio—

554 2068 691 2134 nali,
724 2084 939 2138 passum
969 2083 1088 2123 esse
1114 2068 1170 2122 in
1200 2083 1362 2122 carne
1389 2069 1687 2123 secundum
1711 2067 2056 2137 Scripturas;
2088 2075 2144 2123 et

553 2159 809 2229 quoniam
840 2174 1038 2228 corpus
1064 2159 1184 2228 ejus
1214 2160 1520 2229 passionem
1543 2160 1822 2225 sustinuit,
1851 2166 2144 2226 ipsummet

553 2251 662 2307 dici
689 2267 903 2320 passum
934 2267 1075 2318 esse,
1100 2252 1348 2322 quamvis
1377 2261 1567 2306 natura
1601 2251 1674 2304 sit
1711 2266 1909 2320 expers
1938 2250 2144 2320 patien-

551 2344 636 2409 di;
669 2359 986 2412 rursumque
1016 2343 1269 2413 quoniam
1315 2342 1615 2398 resurrexit
1643 2357 1842 2412 corpus
1866 2342 2006 2411 ejus,
2032 2358 2141 2398 non

552 2432 694 2486 enim
739 2432 875 2486 vidit
922 2433 1322 2502 corruptionem
1381 2447 1510 2486 caro
1554 2432 1672 2500 ejus
1723 2430 1843 2504 (Ps.
1887 2447 1976 2498 xv,
2010 2430 2140 2503 10),

553 2526 728 2595 ipsum
752 2524 859 2579 dici
890 2514 1195 2580 Surrexisse
1219 2540 1318 2594 pro
1346 2525 1593 2579 mortuis.
1616 2525 1711 2580 llle
1732 2537 1910 2580 autem
1933 2541 2040 2580 non
2069 2526 2142 2580 ita

551 2617 738 2683 sentit,
769 2616 864 2672 sed
909 2617 1211 2686 passionem
1259 2618 1493 2671 hominis
1523 2632 1666 2683 esse,
1698 2628 1752 2672 et
1783 2617 2143 2673 resurrectio-

553 2725 677 2763 nem
703 2708 935 2764 hominis
951 2722 1102 2775 esse;
1134 2717 1188 2763 et
1213 2709 1354 2779 quod
1383 2710 1433 2764 in
1455 2709 1730 2780 mysteriis
1757 2707 1776 2746 τ
1804 2710 2138 2779 proponitur,

551 2801 792 2858 hominis
819 2816 1016 2872 corpus
1039 2817 1160 2858 esse
1189 2803 1465 2872 praedicat.
1517 2801 1628 2857 Nos
1656 2812 1834 2857 autem
1867 2803 2142 2858 credimus

554 2895 714 2952 Verbi
763 2910 980 2951 carnem
1032 2894 1234 2951 idcirco
1268 2905 1294 2943 ε
1327 2895 1631 2950 vivificandi
1687 2897 1942 2950 virtutem
1994 2897 2140 2952 obti-

551 3002 701 3052 nere,
735 2987 856 3058 quia
885 2986 1050 3044 Verbi
1071 2988 1248 3043 omnia
1281 2987 1602 3042 viviticantis
1639 2987 1776 3040 facta
1809 2988 1876 3042 sit
1911 3002 2040 3043 caro
2085 2997 2141 3044 et

553 3079 796 3149 sanguis.

623 3171 677 3227 5.
721 3172 848 3227 Haec
875 3172 966 3228 ille
991 3172 1173 3227 dicere
1213 3186 1335 3226 cum
1380 3185 1489 3226 non
1514 3172 1828 3236 sustineret,
1861 3171 2042 3228 effecit
2081 3181 2140 3227 ut

2242 1963 2412 2035 γέγονε
2443 1961 2609 2036 σὰρξ,
2639 1961 2904 2015 τουτέστιν
2939 1956 3137 2016 ἔνὼσας
3173 1954 3344 2028 ἑαυτῷ
3385 1959 3474 2013 τήν
3501 1955 3655 2029 σάρκα
3684 1958 3788 2029 μετᾶ

2242 2053 2315 2125 ψυ
2321 2075 2365 2125 χ
2370 2061 2427 2114 ἧς
2445 2053 2667 2124 λογικῆς,
2695 2050 2854 2106 ἔπαθε
2876 2050 3035 2125 σαρκί
3057 2050 3187 2102 κατά
3201 2049 3295 2107 τὰς
3315 2045 3533 2122 γραφάς
3553 2050 3631 2101 καὶ
3647 2045 3787 2107 ὶπειδή

2240 2148 2300 2202 τὸ
2345 2154 2496 2220 σῶμα
2528 2147 2688 2200 αὐτοῦ
2717 2143 2964 2200 πέπονθεν
2984 2184 2997 2207 ,
3033 2141 3182 2200 αὐτὸς
3209 2141 3412 2213 λέγεται
3439 2140 3626 2202 παθεῖν,
3656 2142 3790 2194 καίτοι

2240 2245 2333 2300 τὴν
2360 2242 2511 2313 φύσιν
2536 2239 2735 2298 ἀπαθὴς
2763 2235 2851 2292 ὧν·
2880 2238 2964 2290 καὶ
2991 2232 3165 2292 ἐπειδὴ
3193 2233 3250 2287 τὸ
3276 2241 3431 2303 σῶμα
3450 2233 3597 2287 αὐτοῦ
3617 2233 3788 2296 ἀνέστη,

2241 2335 2300 2389 οὐ
2329 2335 2428 2410 ’γὰρ
2469 2328 2567 2388 εἶδε
2598 2330 2871 2405 διαφθορὰν
2900 2331 2932 2387 ἡ
2956 2329 3084 2404 σὰρξ
3115 2327 3270 2382 αὐτοῦ
3290 2369 3303 2387 ,
3332 2327 3533 2400 λέγεται
3565 2323 3641 2380 ὅτι
3669 2327 3791 2386 αὐτὸς

2242 2429 2425 2487 ἀνέστη
2462 2429 2594 2504 ὑπὲρ
2633 2434 2838 2501 νεκρῶν.
2871 2427 3066 2496 Ὲκείνῳ
3104 2421 3159 2478 δὲ
3199 2423 3256 2477 ού
3291 2429 3462 2478 ταῦτα
3504 2419 3661 2486 δοκεῖ,
3696 2421 3791 2478 ἀ).ὶὰ

2242 2541 2388 2593 φησιν
2423 2516 2501 2573 ὅτι
2534 2519 2803 2594 ἀνθρώπου
2843 2518 3013 2590 γέγονε
3052 2519 3112 2573 τὸ
3150 2518 3340 2578 πάθος,
3382 2517 3467 2569 καί
3501 2515 3740 2589 ἀνθρώπου
3769 2517 3792 2572 ti

2243 2612 2549 2674 ἀνάστασις,
2578 2613 2662 2664 καὶ
2686 2607 2736 2665 έν
2760 2617 2866 2669 τοῖς
2891 2611 3190 2687 μυστηρίοις
3215 2609 3369 2678 σῶμά
3403 2609 3540 2663 ἐστιν
3564 2607 3792 2681 ἀνθρώπου

2241 2703 2301 2757 τὸ
2327 2705 2675 2778 προκείμενον
2708 2704 2856 2775 ἡμεῖς
2885 2699 2938 2756 δὲ
2972 2698 3282 2773 πιστεύομιν
3312 2698 3392 2756 ὅτι
3418 2705 3508 2754 τοῦ
3540 2699 3678 2772 λόγου
3704 2700 3795 2754 ἐστὶ

2242 2796 2371 2859 σὰρξ
2411 2799 2674 2859 ζωοποιεῖν
2703 2795 2970 2865 ἰσχύουσα
3007 2791 3094 2848 διὰ
3131 2797 3311 2852 τοῦτο.
3343 2789 3422 2848 ὅτι
3454 2797 3544 2846 τοῦ
3570 2791 3633 2846 τὰ
3653 2788 3795 2846 πάντα

2242 2893 2609 2955 ζωοποιοῦντος
2635 2888 2787 2960 λόγου
2815 2891 2986 2961 γέγονε
3016 2888 3146 2964 σὰρξ
3174 2889 3258 2941 καὶ
3287 2881 3435 2958 αἷμα.

2311 3182 2490 3231 Ταῦτα
2509 3177 2599 3230 οὐκ
2619 3176 2821 3249 ἀνέχων
2846 3176 3000 3250 λέγειν
3019 3178 3222 3243 ἐκεῖνος,
3241 3177 3498 3234 κελέστιον
3511 3174 3796 3251 παρεσκεύακε

551 3263 839 3320 ϐωιοειίιιε
870 3264 1083 3320 libellos
1109 3264 1348 3320 traderet
1362 3265 1619 3320 adversus
1639 3261 1669 3300 ιι
1692 3263 1994 3334 Philippum
2021 3279 2139 3336 pre-

2245 3290 2332 3324 σεν
2361 3267 2620 3325 ἐπιδοῦναι
2641 3270 2897 3331 asinam
2919 3271 3048 3327 κατά
3066 3270 3314 3327 Φιλίππου
3337 3277 3429 3328 τοῦ
3453 3270 3796 3346 πρεσϐυτέρου,

555 3405 772 3458 ctionem
785 3403 853 3455 ad
881 3401 1042 3456 Deum
1061 3401 1308 3472 Verbum,
1324 3401 1376 3454 itt
1395 3400 1641 3472 symbolo
1662 3399 1985 3456 Nestoriano
2003 3403 2144 3471 apud

558 3475 694 3530 Mar.
729 3474 1078 3530 Mercatorem
1109 3473 1241 3528 edit.
1275 3471 1460 3525 Βοιαὶ.
1506 3487 1624 3541 pag.
1666 3471 1764 3527 191
1802 3474 2141 3541 praedicatur.

630 3554 656 3582 ι
695 3543 868 3598 Immo
899 3544 1023 3597 ltuit:
1046 3542 1308 3597 vocabulo
1329 3543 1587 3612 quasdam
1626 3543 1949 3612 adjungehat
1981 3545 2147 3612 parti-

556 3615 728 3683 culas,
753 3617 944 3685 quibus
970 3614 1038 3668 ab
1059 3614 1376 3685 arctissima:
1403 3614 1798 3672 coniunctionis
1819 3616 2145 3685 cogitatione

561 3702 715 3740 mens
745 3684 1091 3739 avocabatur.
1119 3685 1278 3755 Certe
1308 3683 1441 3755 Mar.
1479 3686 1744 3755 Mercator
1771 3683 1907 3755 pag.‘
1937 3686 2042 3742 206
2075 3703 2139 3742 ex

561 3756 676 3825 ejus
705 3757 1056 3824 qnaternione
1097 3754 1164 3810 15
1211 3754 1336 3808 illud
1380 3756 1619 3823 profert:
1651 3754 1896 3811 Calamus
1924 3772 2143 3821 ρυΑυΑεε

558 3827 735 3881 divina
756 3827 1263 3898 cunjunctionecum
1314 3825 1418 3880 Deo
1461 3827 1806 3898 omnipotente
1853 3831 2144 3883 coadoran-

555 3897 681 3971 dum
717 3896 1022 3971 Itomi'nent._
1053 3896 1148 3952 Cui
1196 3907 1481 3971 cognatum
1513 3896 1610 3951 est
1636 3907 1691 3951 et
1729 3898 1867 3953 istud
1915 3901 2143 3971 symboli

555 3967 857 4039 Nestoriaui
884 3968 1026 4039 apud
1054 3967 1298 4024 eumdem
1327 3967 1396 4021 bl.
1430 3968 1785 4039 Mgreatorem
1829 3967 1959 4039 pag.
2003 3971 2139 4027 191;

557 4037 868 4094 Inducentes
919 4029 1074 4110 etiam
1121 4049 1438 4107 assumptum
1470 4029 1669 4092 Filium
1724 4039 1788 4094 de
1830 4029 2139 4110 Namrcth,

553 4127 705 4180 quem
731 4112 875 4164 unxit
908 4109 1041 4164 Deus
1067 4109 1253 4180 spiritu
1299 4119 1344 4163 et
1374 4110 1558 4163 virtute
1585 4124 1736 4173 QUAS!
1784 4114 2146 4179 coniunctione

553 4181 622 4256 ad_
661 4181 825 4256 Deum
875 4181 1120 4235 Verbum.
1169 4181 1506 4256 Quaprouter
1554 4191 1608 4234 et
1649 4182 1882 4256 Cyrilltts
1925 4187 2144 4256 conjun-

552 4253 738 4326 ctionis
768 4268 862 4307 seu
894 4256 1168 4326 συναφείας
1199 4252 1515 4326 vocabulum
1565 4267 1672 4321 quo
1714 4252 2144 4326 Nestorius'ute-

551 4323 729 4388 batur,
789 4321 1337 4402 repttdla_liat,_pa't_).)tov
1366 4321 1421 4402 ᾄέ
1457 4323 1515 4378 τὸ
1560 4332 1652 4384 τῆς
1682 4327 1968 4402 συναφείας
1984 4324 2142 4402 ὄνομα

550 4396 961 4468 παραιτούμεθα,
983 4397 1058 4468 ᾡς
1088 4392 1340 4468 ούᾷιῖχων
1367 4395 1546 4468 inauris;
1582 4404 1804 4468 σημῆναι
1820 4392 1917 4456 ’τήν
1942 4392 2138 4464 ἕνωσίν,

553 4465 731 4538 inquit
757 4465 868 4533 ipse
894 4467 958 4517 ad
982 4465 1284 4538 Nestorium
1318 4475 1447 4519 tom.
1476 4466 1512 4538 V
1545 4465 1682 4533 part.
1711 4481 1748 4520 tt
1774 4483 1893 4538 pag.
1924 4469 2014 4534 7|,
2042 4470 2142 4524 hoc

553 4543 672 4588 est:
709 4533 873 4587 Immo
904 4535 1278 4598 coniunctionis
1316 4537 1601 4602 respnimus
1648 4533 1867 4604 nomen;
1885 4549 1942 4592 ut
1972 4533 2141 4593 minus

549 4604 792 4677 idoneum
816 4622 916 4675 quo
939 4605 1603 4677 unitiosigniﬁcetur;seu,
1635 4615 1690 4660 ttt
1718 4607 1850 4677 Mar.
1876 4609 2140 4664 Mercator

552 4675 684 4729 edit.
708 4675 890 4748 Baluz.
917 4691 1039 4748 pag.
1064 4675 1384 4730 362‘Latiue
1413 4677 1685 4732 convertit
1709 4695 1722 4730 :
1771 4676 1939 4734 Immo
1969 4685 2138 4748 potius

551 4747 928 4818 cunjunctionis
965 4747 1209 4818 evitamus
1251 4762 1465 4810 nomen,
1505 4758 1763 4818 tamquam
1791 4765 1891 4803 non
1920 4747 2139 4805 existens

549 4816 794 4887 idoneum
821 4820 959 4887 quod
986 4817 1237 4887 signiﬁcet
1265 4819 1480 4872 unitatis
1510 4816 1779 4872 arcanum.

625 4885 653 4925 δ
693 4888 769 4942 Ne
799 4885 936 4942 istud
980 4885 1191 4956 quidem
1243 4889 1543 4959 symbolum
1587 4889 1961 4946 Nestorianum
1993 4892 2135 4959 apud

549 4956 682 5029 Mar.
709 4959 925 5029 Mercat.
953 4974 1075 5028 pag.
1097 4959 1200 5014 190
1221 4956 1354 5014 citra
1377 4961 1777 5029 ambiguitatem
1799 4963 1974 5016 effert.
2001 4956 2134 5018 Nam

549 5027 603 5082 in
633 5029 737 5104 Itis,
767 5027 1024 5104 nominem
1058 5043 1260 5104 nostris
1295 5040 1494 5104 natura;
1530 5027 1853 5104 consimilem
1875 5033 2136 5104 “Spiritus

548 5101 715 5176 sancti
741 5100 924 5176 virtute
945 5101 995 5153 in
1021 5102 1168 5176 uulua
1197 5101 1426 5172 Virginis
1457 5102 1632 5169 [ictum
1658 5106 1684 5176 ν(
1702 5103 1842 5158 Detts
1873 5100 2134 5176 Verbum)

547 5170 972 5246 inaestimabilitcr
994 5173 1087 5246 sibi
1104 5170 1408 5246 coniunxit,
1432 5181 1618 5246 utrum
1648 5170 1704 5229 in
1733 5176 1878 5228 vulva
1912 5170 2134 5246 Virginis

549 5242 613 5315 ad
651 5241 849 5311 ﬁctum,
884 5259 949 5296 an
979 5242 1044 5296 ad
1072 5242 1168 5295 sibi
1195 5243 1485 5315 conjunxit,
1511 5242 1793 5311 referatur,
1828 5263 1932 5301 noti
1957 5241 2132 5302 m'ani-

548 5314 680 5366 fuste
698 5323 935 5380 apparet.

625 5394 646 5422 ε
677 5383 1064 5457 Appellatiunis
1086 5383 1245 5453 hujus
1271 5385 1537 5457 rationem
1571 5387 1848 5441 Nestorius
1877 5398 2128 5457 qualern.

551 5452 615 5510 16
637 5452 773 5522 apud
801 5456 1020 5509 Mereat.
1055 5473 1105 5521 ιι.
1133 5452 1239 5510 207
1269 5456 1405 5509 hanc
1431 5457 1608 5512 reddit
1641 5475 1653 5511 :
1689 5457 1826 5524 Quia
1847 5452 1907 5511 in'
1931 5477 2130 5514 assum-

549 5539 634 5591 pto
661 5527 760 5578 lion
780 5527 863 5580 ine
883 5528 1018 5599 licus
1044 5537 1135 5592 est,
1153 5544 1215 5581 ex
1240 5543 1298 5580 eo
1317 5529 1402 5599 qui
1432 5531 1728 5599 assumpsit,
1749 5530 1790 5582 is
1811 5530 1897 5598 qui
1927 5547 2129 5586 assum-

551 5611 664 5672 ptus
685 5607 779 5664 est,
809 5611 956 5672 quast
985 5597 1448 5672 Deaconjunctus,
1481 5598 1619 5672 Deus
1642 5615 1750 5653 esse
1778 5597 2122 5672 cognoscitur.

549 5665 677 5739 liciti
713 5672 762 5719 itt
795 5671 1040 5737 syttthttltt
1074 5665 1394 5722 NesUtt'intn
1429 5687 1478 5736 ιι.
1515 5669 1608 5724 191
1660 5665 1987 5739 Ιίιειιιοθνεδις
2020 5671 2128 5728 Do-

550 5738 716 5807 minus
747 5755 835 5807 per
857 5742 1191 5793 salutantium
1217 5753 1286 5793 est
1330 5739 1466 5794 Deus
1505 5738 1741 5806 Vebnm,
1777 5743 1858 5794 cui
1890 5744 1983 5796 iste
2007 5759 2128 5797 cou-

549 5805 756 5865 iunctus
785 5811 966 5861 honori
987 5813 1344 5863 communicat.
1370 5815 1702 5877 Querebatur
1730 5825 1907 5867 tamen
1936 5813 2128 5868 Nesto-

547 5878 681 5944 rius,
717 5889 772 5932 ut
803 5880 985 5934 videre
1008 5891 1090 5935 est
1134 5883 1271 5950 apud
1315 5882 1679 5938 Christianum
1715 5883 1918 5955 Lupum
1950 5885 2125 5940 t0tn.l

2251 3420 2300 3480 c.
2336 3405 2398 3480 6,
2418 3421 2477 3461 se
2499 3423 2527 3459 a
2557 3407 2761 3478 Cyrillo
2790 3408 3141 3480 calumniose,
3161 3408 3315 3479 quasi
3344 3408 3616 3466 Christum
3637 3423 3798 3480 purum

2254 3479 2529 3547 hominem
2563 3479 2903 3547 prmdicaret,
2935 3479 3272 3534 infamatum.

2321 3545 2348 3622 (ξ
2389 3547 2451 3604 Si
2481 3545 2665 3614 totum,
2695 3551 2866 3618 inquit
2913 3550 3051 3617 apud
3083 3550 3302 3606 Mercat.
3334 3560 3588 3619 quatern.
3621 3550 3681 3606 16
3698 3566 3796 3622 pag.

2247 3617 2372 3682 910,
2411 3636 2594 3672 norum
2621 3617 2878 3674 scrutatus
2894 3623 3077 3746 ὖιιενὶε
3118 3617 3529 3689 Testamentum,
3580 3617 3800 3686 nusquam

2247 3689 2300 3743 in
2326 3705 2383 3742 eo
2413 3692 2641 3744 invenias
2661 3702 2870 3745 mortem
2945 3709 3002 3746 eo
3026 3698 3366 3746 assianatam.
3383 3695 3476 3746 sed
3501 3701 3591 3746 aut
3605 3691 3798 3746 Christo.

2246 3689 2300 3743 in
2326 3692 2641 3762 eo__invenias
2661 3702 2870 3745 mortem
2894 3689 3002 3746 Deo
3026 3698 3366 3762 assignatam,
3383 3695 3476 3749 sed
3501 3691 3798 3755 estC/triste.

2247 3769 2336 3813 aut
2368 3757 2532 3828 Filio,
2558 3773 2646 3816 aut
2683 3762 2922 3818 Domino.
2952 3765 3056 3819 Sed
3083 3757 3414 3819 si'Christns
3457 3779 3562 3819 non
3601 3764 3695 3818 alia
3731 3780 3801 3819 ra-

2249 3832 2398 3887 tione
2431 3830 2681 3906 Dominus
2708 3845 2756 3887 et
2803 3831 2975 3889 Filius
3003 3851 3163 3904 quam
3195 3851 3299 3902 qua
3331 3834 3480 3890 Deus
3507 3836 3802 3906 appellatur,

2249 3911 2308 3956 ttt
2329 3904 2488 3977 modo
2518 3903 2773 3971 vidimus,
2802 3919 2864 3960 ac
2891 3903 3192 3977 symbolum
3218 3903 3603 3977 Nestorianmn
3643 3922 3690 3976 p.
3717 3905 3795 3960 191

2248 3975 2509 4045 explicat;
2528 3990 2592 4029 ex
2612 3991 2718 4045 quo
2750 3975 2977 4031 mortem
3007 3977 3108 4045 ipsi
3137 3977 3362 4032 Domino
3384 3993 3449 4032 ac
3476 3975 3614 4031 Filio
3633 3975 3800 4032 novum

2247 4044 2943 4119 'l‘estameutmukattribuit,
2960 4044 3077 4102 eam
3105 4051 3267 4103 etiam
3293 4048 3404 4102 Deo
3425 4049 3677 4119 assignari
3701 4063 3802 4117 per-

2245 4117 2429 4188 mittit.
2471 4119 2605 4183 Quia
2656 4117 2793 4172 Deus
2821 4126 2904 4188 est
2930 4118 3018 4188 qui
3047 4127 3132 4173 est
3173 4129 3443 4186 mortuus,
3472 4117 3577 4175 etsi
3607 4134 3702 4173 non
3729 4132 3799 4172 se-

2245 4187 2478 4311 gundum
2513 4199 2757 4243 naturam
2783 4187 3040 4255 divinam,
3063 4205 3194 4246 Vere
3225 4198 3409 4246 tamen
3435 4192 3576 4246 Deus
3591 4199 3802 4246 mortuus

2288 4269 2460 4311 lClllll‘.

2288 4259 2460 4314 icitur.

2321 4339 2344 4366 ο
2385 4329 2568 4396 Forte,
2591 4338 2814 4388 τοιοῦτο.

2323 4397 2438 4482 {.ld
2498 4402 2641 4482 quod
2696 4401 2976 4482 Nestorius
3005 4402 3324 4482 simpliciter
3369 4407 3725 4482 προκείμενον..
3756 4411 3801 4455 et

2245 4469 2445 4543 Marius
2499 4469 2763 4527 Mercator
2815 4469 3162 4543 procimenum
3207 4469 3622 4540 Latiue'voeat,
3679 4473 3798 4543 idem

2245 4541 2523 4615 Nc~toritts
2545 4545 2682 4611 apud
2706 4541 2952 4615 ettmdem
2976 4544 3323 4600 Mercatorem
3349 4561 3406 4615 p.
3437 4546 3568 4611 209,
3606 4554 3657 4600 et
3681 4541 3797 4613 apud

2246 4611 2504 4685 Cyrillum
2540 4625 2666 4668 tom.
2703 4614 2770 4668 Vl
2803 4633 2854 4682 p.
2888 4615 2991 4671 108
3024 4631 3054 4670 c
3083 4615 3139 4677 d.
3163 4611 3505 4685 nequaquam
3541 4611 3796 4678 Deitatem,

2247 4684 2339 4735 sed
2366 4684 2754 4739 hmuanitatem
2782 4685 3038 4741 exhibere
3061 4684 3314 4741 affirmat.
3346 4687 3459 4742 Nec
3481 4689 3620 4743 vidit
3648 4689 3799 4742 Incre-

2245 4754 2381 4808 ticus
2414 4755 2466 4808 in
2500 4755 2582 4810 bis
2611 4754 2830 4821 Christi,
2863 4756 3011 4812 Sicut
3041 4759 3174 4811 misit
3195 4773 3274 4812 me
3305 4760 3478 4813 vivens
3526 4758 3695 4823 Pater,
3736 4763 3797 4821 et,

2246 4823 2348 4902 Qui
2378 4828 2654 4881 manducat
2683 4843 2853 4902 meam;
2865 4844 3072 4882 carnem
3090 4839 3138 4902 et
3156 4829 3278 4882 bibit
3305 4845 3480 4884 meum
3498 4829 3793 4902 sanguinem,

2241 4898 2291 4947 in
2321 4912 2400 4972 me
2430 4908 2615 4961 manet,
2648 4909 2694 4972 et
2717 4914 2810 4968 ego
2837 4900 2892 4951 in
2922 4915 3003 4964 eo,
3032 4901 3211 4972 verbis
3238 4916 3318 4953 nte
3343 4909 3401 4955 et.
3428 4918 3526 4972 ego
3573 4898 3673 4956 non
3714 4899 3797 4972 btt-

2242 4966 2575 5043 manitatem,
2603 4971 2696 5043 sed
2728 4966 3010 5043 personam
3035 4971 3362 5043 quardivina
3390 4966 3477 5028 esi
3504 4969 3793 5043 significari.

2240 5033 2463 5112 P_ravam
2497 5039 2641 5112 il|.us
2652 5033 3064 5112 intelligentiam
3096 5041 3290 5097 refellit
3308 5033 3678 5112 Cyrillusvtum
3697 5042 3798 5095 loco

2239 5107 2402 5162 citato
2448 5119 2577 5165 tum.
2625 5110 2710 5172 Vl.
2752 5107 2861 5166 tum
2887 5107 3471 5169 anathematismo'il.
3505 5114 3611 5170 Sed
3636 5115 3686 5168 in
3714 5112 3798 5165 hac

2238 5181 2623 5244 controversia,
2658 5183 2725 5236 de
2754 5183 2854 5252 hoc
2882 5182 3148 5252 Cyrillum
3201 5183 3341 5238 inter
3400 5193 3459 5239 et
3513 5183 3796 5240 Nestorium

2236 5253 2507 5316 convenit,
2527 5268 2710 5306 verum
2738 5251 2938 5324 Christi
2965 5269 3161 5324 corpus
3183 5254 3235 5308 in
3265 5254 3612 5312 eucharistize
3639 5269 3797 5309 sacra.

2235 5333 2419 5375 mento
2449 5339 2476 5376 a
2505 5324 2658 5377 nobis
2684 5323 3017 5379 manducari.

2307 5400 2333 5437 ε
2375 5395 2526 5465 Apud
2556 5393 2764 5460 Baluz.,
2788 5396 2981 5449 idcirco
3005 5395 3317 5465 civi/iratam
3342 5412 3474 5464 esse,
3509 5395 3792 5458 oscitantis,

2236 5469 2293 5514 ut
2317 5473 2464 5532 puto,
2494 5464 2715 5536 librarii,
2750 5466 2837 5532 qui
2868 5464 3176 5536 viviﬁcatam
3203 5469 3320 5521 loco
3367 5470 3528 5524 verbi
3558 5467 3792 5536 viviﬁcan-

2231 5541 2330 5607 tem
2361 5550 2441 5607 :tttt
2470 5535 2748 5601 viui/icam,
2782 5535 3082 5607 supposuit.

2304 5601 2332 5640 ιι
2374 5605 2419 5677 ις
2445 5607 2745 5677 Philippus,
2777 5601 2927 5661 ut'e'x
2955 5608 3175 5664 Socrate
3203 5609 3298 5664 lib.
3330 5624 3404 5665 vtt
3429 5625 3483 5664 c.
3513 5609 3607 5676 26,
3638 5607 3707 5663 27
3750 5615 3794 5659 et

2230 5675 2324 5738 29,
2356 5674 2641 5740 discimus,
2664 5695 2786 5732 cum
2815 5680 2989 5733 adhuc
3018 5681 3276 5735 diaconus
3315 5689 3487 5745 esset,
3538 5674 3641 5735 una
3687 5689 3792 5732 cuin

2231 5746 2387 5819 Joan.
2418 5749 2807 5819 Chrysostomo
2835 5751 3035 5803 versari
3080 5763 3136 5806 ut
3165 5751 3454 5818 plurimum
3483 5762 3569 5807 est
3597 5750 3790 5806 solitus.

2234 5817 2438 5892 D_e_indc
2468 5817 2870 5892 iu'suburbano
2902 5817 3459 5892 Constantinopoleos
3501 5824 3587 5876 cui
3617 5833 3788 5888 nomen

2233 5887 2410 5954 Elea,
2435 5890 2755 5958 presbyterii
2782 5891 3008 5958 gradum
3037 5887 3282 5959 sortitus,
3322 5903 3451 5960 post
3474 5893 3636 5950 Attici
3663 5892 3788 5964 ejus-
