3976 6336
233 261 313 321 p.57
465 234 1118 307 EPIST.X.—FRAGM.
1163 248 1509 306 SERMONIS
1548 248 1614 302 1N
1654 248 1849 304 CONC.
1896 250 2057 304 ΡιΟΜ.
2102 250 2260 304 ADV.
2305 250 2486 305 llA'Jll.
2527 250 2846 306 NESTORII
2890 251 3134 306 llABlTl.

3304 288 3307 291 ‹
3355 239 3463 311 438

230 377 477 447 ibyterum,
529 367 619 436 qui
646 381 769 421 eum
811 368 1089 436 arguebat,
1120 376 1177 421 et
1221 381 1345 421 cum
1398 367 1516 435 ipso
1544 373 1767 435 propter

1891 376 1899 401 ι
1943 368 2217 438 ἐλέγχοντα
2270 368 2423 422 αὐτὸν
2462 368 2548 421 καὶ
2601 368 2775 438 μηκέτι
2824 367 3107 425 θελήσαντα
3156 369 3465 438 συναφθῆναι

226 465 439 525 haeresim
469 458 678 515 nolebat
703 460 937 530 amplius
985 460 1300 515 convenire.
1343 458 1399 514 ln
1453 458 1537 513 his
1586 469 1765 512 autem

226 558 385 617 libellis
410 553 671 609 accusatio
696 553 943 624 quaedam
976 562 1113 619 erat,
1144 552 1289 624 quod
1322 551 1654 607 Manichtnus
1681 565 1766 606 es-

224 663 305 711 set.
326 649 514 705 Deinde
536 646 810 702 hominem
830 647 1101 703 citavitad
1126 646 1442 702 concilium.
1467 645 1626 701 Venit
1655 647 1764 714 ille,

224 744 469 804 secundum
498 755 735 796 canones
760 756 881 797 sese
908 756 1126 813 gerens,
1160 756 1267 812 quo
1293 756 1510 796 causam
1539 742 1764 797 diceret.

222 834 463 895 C(elestius
482 842 685 897 autem,
704 848 826 887 cum
861 834 1089 902 probare
1114 832 1246 888 nihil
1272 832 1499 899 valeret,
1516 832 1769 887 clanculo

220 946 263 987 se
287 923 541 993 subduxit,
578 939 678 981 nec
703 925 770 980 ad
799 926 1089 981 concilium
1121 926 1373 981 accessit.

275 1020 321 1076 6.
358 1018 458 1073 Hac
484 1017 774 1074 occasione
804 1033 927 1073 cum
958 1018 1271 1084 decidisset,
1305 1019 1467 1074 aliam
1495 1022 1771 1090 excogita-

220 1114 296 1170 vit.
326 1110 531 1167 Dicebat
558 1110 703 1167 enim
751 1129 762 1165 :
806 1110 916 1167 Cur
938 1114 1175 1182 privatos
1200 1121 1497 1169 conventus
1526 1112 1555 1151 δ
1589 1113 1769 1182 egisti,

219 1206 322 1263 etin
355 1204 504 1260 domo
524 1204 853 1261 oblationem
877 1204 1199 1261 celebrasti?
1230 1207 1406 1275 Atque
1426 1206 1574 1261 omni
1600 1220 1770 1276 prope

217 1300 340 1354 clero
356 1296 665 1352 dicente:ld
689 1296 813 1352 facit
836 1298 1206 1369 unusquisque
1230 1309 1475 1354 nostrum
1498 1314 1621 1354 cum
1646 1309 1774 1354 tem-

217 1409 297 1465 pus
338 1400 388 1447 et
430 1392 725 1448 necessitas
770 1392 999 1463 ﬂagitat,
1040 1393 1397 1464 depositionis
1445 1396 1770 1451 sententiam

215 1485 437 1541 adversus
464 1483 744 1540 hominem
773 1484 913 1540 tulit.

273 1578 339 1633 En
384 1577 546 1633 habes
600 1589 624 1617 ε
655 1587 830 1636 tomos
876 1580 1074 1652 quibus
1096 1580 1275 1651 capita
1306 1580 1770 1651 blasphemiarum

216 1670 410 1728 Nestorii
429 1672 802 1729 continentur.

1870 459 2150 530 μετάὺτοῦ
2178 458 2260 514 διὰ
2288 466 2376 518 τὴν
2408 460 2622 535 αἵρεσιν·
2657 461 2707 513 ἐν
2734 457 2788 513 δὲ
2817 466 2925 518 τοῖς
2952 458 3194 519 λιϐέλλοις
3220 462 3359 515 αἰτία
3386 482 3467 521 τις

1870 550 1929 611 ἧν
1956 551 2033 608 ὅτι
2059 554 2352 624 Μανιχαῐὸς
2378 556 2539 609 ἐστιν.
2580 548 2704 608 Εἶτα
2740 554 2941 613 κέκληκε
2975 554 3063 609 τὸν
3102 551 3363 627 ἄνθρωπον
3396 557 3469 615 εἰς

1874 643 2155 720 συνέδριον·
2206 648 2437 720 κᾴκεῖνος
2492 642 2667 711 ἦλθεν,
2706 650 2926 720 πρᾶγμα
2977 653 3135 700 ποιῶν
3176 647 3465 715 κανονικὸν,

1873 740 2086 812 ἑτοίμως
2138 737 2280 809 ἔχων
2330 739 2769 810 ἀπολογήσασθαι.
2819 736 3018 798 Ἐπειδὴ
3065 736 3119 794 δὲ
3164 738 3304 795 οὐδὲν
3354 736 3468 810 εἶχε

1874 830 2036 896 δεῖξαι
2069 831 2094 885 ὁ
2128 830 2418 893 κελέστιος,
2460 832 2623 902 ἀφανῆ
2682 830 2863 886 ἑαυτὸν
2903 833 3224 897 κατέστησε,
3264 835 3347 889 καὶ
3388 834 3471 887 οὐκ

1876 925 2094 984 ἀπῆλθεν
2122 926 2193 985 εἰς
2223 924 2279 979 τὸ
2311 921 2593 999 συνέδριον.

1946 1020 2063 1088 Οὐχ
2091 1018 2250 1092 εὑρὼν
2274 1018 2430 1074 αὐτὴν
2474 1022 2563 1075 τὴν
2609 1017 2853 1090 ἀφορμὴν,
2888 1016 3137 1093 ἐφ’έτέραν
3180 1019 3470 1095 ἕχώρησεν.

1876 1108 2001 1184 ’Ἐφη
2028 1113 2148 1185 γὰρ,
2178 1108 2255 1165 ὅτι
2284 1112 2418 1170 τίνος
2448 1110 2608 1163 ἕνεκεν
2638 1110 2990 1183 παρασύναξιν
3021 1111 3285 1172 ἒποίησας.
3312 1115 3400 1166 καὶ
3425 1114 3473 1165 ἐν

1876 1213 1939 1279 τῇ
1969 1206 2102 1279 οἰκίᾳ
2125 1204 2421 1280 προσφορὰν
2444 1203 2707 1266 ἐτέλεσαςς
2735 1202 2927 1263 παντὸς
2950 1201 3144 1273 σχεδὸν
3165 1210 3257 1258 τοῦ
3286 1204 3473 1280 κληροῦ

1876 1301 2125 1373 λέγοντος,
2164 1298 2242 1353 ὅτι
2278 1302 2361 1354 καὶ
2403 1306 2541 1372 ἡμῶν
2577 1299 2791 1359 ἕκαστος
2837 1300 2887 1353 ἐν
2926 1306 3089 1376 καιρῷ
3138 1303 3223 1355 καὶ
3265 1303 3474 1376 χρείαις

1874 1399 2030 1449 τοῦτο
2066 1402 2225 1459 ποιεῖ,
2256 1394 2503 1465 ἐξένεγκιν
2538 1394 2799 1468 ἀπόφασιν
2837 1394 3178 1471 καθαιρέσεως
3224 1396 3358 1449 κατά
3383 1400 3475 1448 τοῦ

1876 1488 2146 1562 ἀνθρώπου
2157 1526 2168 1540 .

1945 1579 2069 1635 Ἰδοὺ
2100 1580 2252 1651 ἔχεις
2281 1581 2472 1653 τόμους
2500 1578 2725 1653 ἔχοντας
2745 1582 2988 1656 κεφάλαια
3013 1588 3115 1639 τῶν
3144 1582 3475 1657 βλασφημιῶν

1876 1677 2183 1749 Νεστορίου.

1551 1790 1577 1828 ά
1601 1788 2076 1847 FRAGMENTUM

620 1884 889 1940 Sermonis
912 1900 1060 1953 quem
1082 1883 1388 1941 Cwlestinus
1422 1886 1479 1940 in
1508 1886 1731 1941 concilio
1758 1885 1995 1940 Romano
2037 1883 2216 1938 habuit
2246 1884 2495 1939 adversus
2535 1884 2771 1940 haeresim
2805 1884 3059 1941 Nectarii.

270 1979 312 2033 l.
349 1975 625 2031 Hecordor
660 1976 837 2032 beata:
882 1978 1161 2033 memoriae
1190 1978 1537 2034 Ambrosium
1588 1979 1640 2033 in
1689 1976 1779 2033 die
1812 1980 1857 2040 Β
1883 1984 2071 2031 natura
2105 1986 2210 2030 nan
2258 1976 2356 2044 ﬁlii
2394 1975 2512 2043 Dei,
2545 1992 2637 2047 per
2666 1977 2834 2046 ipsum
2879 1978 3164 2047 elﬁciuntur
3196 1979 3293 2049 ﬁlii
3343 1979 3477 2047 Dei;

216 2068 386 2125 Natalis
415 2067 631 2124 Domini
670 2071 842 2125 nostri
870 2069 997 2125 Jesu
1027 2069 1229 2126 Christi
1275 2086 1491 2127 omnem
1521 2070 1778 2141 populum

215 2164 373 2219 iecisse
394 2179 496 2217 una
524 2178 661 2219 voce
690 2164 804 2221 Deo
833 2179 1030 2221 canere
1064 2183 1076 2219 :
1115 2164 1272 2232 Veni,
1303 2165 1619 2237 Redemptor
1658 2182 1782 2236 gen-

210 2262 330 2327 tium,
374 2260 585 2313 ostende
632 2268 837 2329 partum
896 2258 1126 2330 Virginis
1160 2261 1416 2314 :miretur
1439 2276 1588 2313 omne
1616 2273 1783 2313 stecu-

209 2356 312 2420 tum,
355 2353 467 2405 talis
509 2352 661 2408 decet
690 2362 868 2424 partus
898 2352 1084 2408 Deum.
1118 2352 1391 2424 Numquid
1423 2353 1599 2408 dixit:
1636 2351 1780 2407 Talis

208 2455 355 2514 partus
382 2446 525 2499 decet
554 2446 862 2500 hominem?
883 2446 1023 2516 Ergo
1045 2461 1238 2502 sensus
1271 2445 1456 2502 fratris
1478 2446 1650 2501 nostri
1675 2445 1781 2517 Cy-

207 2537 311 2604 rilli,
336 2538 384 2591 in
409 2536 508 2592 hoc
531 2537 679 2609 quod
706 2537 840 2594 dicit
865 2539 1107 2595 Θεοτόκον
1159 2538 1402 2607 Mariam,
1454 2537 1611 2594 valde
1641 2552 1779 2594 con-

204 2630 381 2696 cordat,
431 2629 586 2686 Talis
644 2632 785 2688 decet
833 2641 1016 2705 partus
1046 2631 1238 2687 Deum.
1291 2632 1462 2689 Deum
1492 2644 1650 2703 partu
1682 2648 1782 2691 suo

206 2720 343 2793 Virgo
373 2721 586 2791 effudit,
620 2723 737 2795 ipso
788 2733 1011 2796 potente
1043 2724 1137 2796 qui
1168 2726 1559 2796 omnipotentia
1590 2727 1780 2799 plenus

206 2824 295 2868 est.

260 2909 309 2963 2.
352 2909 595 2965 Hilarius
642 2925 859 2982 quoque
888 2911 970 2967 vir
1011 2914 1150 2969 acris
1182 2914 1404 2984 ingenii,
1438 2913 1683 2969 scribens
1711 2913 1780 2969 ad

204 2998 556 3057 Constantium
607 3002 1015 3073 imperatorem,
1048 3003 1116 3060 de
1157 3004 1534 3062 incarnatione
1563 3005 1782 3077 meini

201 3092 266 3147 sic
288 3093 354 3148 ait
384 3112 396 3147 :
432 3102 455 3131 ο
482 3092 684 3162 Filius,
712 3095 908 3165 inquit,
933 3093 1031 3149 Dei
1052 3098 1221 3167 factus
1249 3098 1401 3152 homo
1425 3096 1564 3152 Deus
1584 3106 1679 3153 est.
1712 3098 1782 3153 Et

199 3194 579 3255 przeposterans
612 3188 811 3257 repetit
865 3206 877 3241 :
925 3187 1062 3243 Deus
1092 3189 1233 3257 ﬁlius
1256 3189 1481 3243 hominis
1511 3193 1681 3262 {actus
1706 3199 1780 3246 est

198 3278 357 3347 (homo
377 3282 511 3335 enim
536 3282 713 3350 factus
726 3292 800 3335 est
821 3280 985 3348 Deus,
1007 3299 1107 3336 non
1125 3280 1266 3337 Deus
1287 3284 1458 3354 factus
1484 3295 1555 3338 est
1580 3285 1777 3355 homo),

199 3370 378 3440 etﬁlius
404 3374 638 3427 hominis
665 3377 835 3443 factus
866 3384 939 3429 est
961 3370 1134 3429 Filius
1158 3374 1273 3431 Dei.
1323 3375 1608 3445 Superavit
1637 3377 1774 3432 enim
1803 3364 1849 3428 C

196 3466 472 3534 magnitudo
503 3466 724 3522 Domini
764 3469 1063 3537 parvitatem
1112 3467 1309 3524 servilis
1352 3470 1557 3541 format,
1602 3470 1677 3525 ita
1718 3479 1777 3525 ut

196 3554 292 3624 ipsa
316 3560 509 3613 servilis
542 3560 720 3632 forma
738 3576 896 3630 quam
934 3563 1211 3634 assumpsit
1234 3573 1456 3617 cessaret
1488 3580 1596 3620 esse
1621 3566 1779 3620 servi-

194 3649 244 3703 lis
268 3670 351 3721 per
378 3670 497 3709 eum
529 3653 820 3709 Dominum
847 3656 933 3726 qui
965 3670 1075 3710 eam
1101 3657 1398 3729 assumpsit.
1429 3656 1489 3714 Si
1520 3659 1658 3713 enim
1687 3660 1777 3732 qui

1882 2076 2081 2140 quanto
2102 2068 2265 2139 magis
2294 2069 2405 2137 ipse
2430 2069 2520 2139 qui
2542 2077 2727 2123 natura
2750 2066 2919 2123 Filius
2942 2070 3041 2123 Dei
3069 2079 3163 2139 est,
3199 2070 3335 2126 hunc
3365 2089 3479 2127 cum

1883 2177 1983 2233 quo
2008 2161 2272 2215 voluntate
2293 2178 2389 2216 sua
2414 2162 2529 2216 alvo
2565 2162 2805 2233 virginali
2828 2172 3101 2235 conceptus
3126 2172 3172 2218 et
3201 2174 3350 2219 natus
3377 2175 3477 2235 est,

1883 2253 1957 2307 ita
1984 2254 2273 2308 sublimauit
2304 2255 2358 2307 in
2406 2253 2593 2320 Deum,
2622 2264 2678 2307 ut
2719 2256 2771 2308 in
2804 2258 2914 2327 ejus
2942 2256 3147 2311 nomine
3178 2273 3327 2312 omne
3348 2274 3481 2329 genu

1882 2347 2139 2416 ﬂectatur,
2191 2346 2470 2401 caelestium
2521 2356 2567 2400 et
2610 2348 2923 2401 terrestrium
2953 2357 2999 2403 et
3054 2349 3401 2420 infernarum,
3433 2360 3481 2405 et

1885 2439 2051 2493 omnis
2073 2437 2251 2509 lingua
2275 2437 2599 2507 conﬁteatur,
2625 2438 2749 2506 quia
2778 2437 3031 2493 Dominus
3060 2438 3215 2495 Iesus
3239 2440 3294 2495 in
3314 2441 3481 2514 gloria

1883 2543 1958 2589 est
1987 2532 2086 2587 Dei
2114 2531 2294 2587 Patris
2322 2531 2585 2605 (Philipp.
2609 2547 2670 2597 ιι,
2702 2531 2817 2604 10).

1954 2628 2008 2682 '5.
2044 2626 2176 2683 [tem
2195 2640 2497 2697 praecessor
2524 2638 2677 2681 meus
2706 2624 2977 2682 Damasus
3000 2627 3243 2683 scribens
3260 2626 3327 2682 ad
3344 2627 3482 2683 Pau‘

1881 2722 2051 2778 linum
2090 2720 2447 2777 Antiochense
2473 2720 2737 2776 Ecclesiae
2759 2720 3097 2791 episcopum,
3146 2721 3165 2759 ί
3202 2723 3343 2779 inter
3374 2738 3481 2779 cae-

1883 2825 1999 2873 tera
2029 2817 2103 2871 ait
2134 2835 2145 2870 :
2180 2815 2687 2871 Anathematizamus
2713 2831 2800 2870 eos
2822 2816 2909 2886 qui
2930 2815 3059 2870 duos
3090 2814 3231 2885 ﬁlios
3264 2815 3363 2871 Dei
3392 2833 3482 2872 as-

1880 2922 2079 2979 serunt,
2109 2910 2331 2965 alterum
2353 2911 2444 2981 qui
2471 2926 2535 2964 ea:
2564 2908 2720 2964 Patre
2742 2918 2864 2964 ante
2885 2910 3077 2965 swcula
3095 2919 3169 2965 est
3190 2912 3410 2981 genitus,
3434 2920 3482 2967 et

1882 3006 2104 3061 alterum
2123 3004 2215 3074 qui
2240 3019 2303 3058 ex
2331 3003 2682 3067 assumptione
2700 3004 2871 3058 carnis
2894 3012 3049 3058 natus
3068 3013 3140 3058 est
3164 3021 3228 3059 ea:
3254 3003 3479 3075 Virgine.

1882 3099 2017 3155 Item
2048 3099 2163 3169 ipse
2191 3097 2508 3168 apostolicae
2522 3097 2801 3153 memoriae
2826 3098 2910 3153 vir
2934 3097 3198 3154 Damasus
3224 3097 3279 3153 in
3309 3098 3481 3153 altera

1882 3192 2109 3263 epistola
2142 3200 2166 3239 Β
2197 3191 2263 3246 ad
2294 3191 2576 3245 Paulinum
2626 3208 2640 3243 :
2687 3188 3205 3245 Anathematizamus
3252 3207 3338 3245 eos
3394 3191 3483 3261 qui

1882 3286 2013 3341 duos
2042 3289 2096 3339 in
2124 3283 2397 3340 Saluatore
2425 3284 2563 3353 ﬁlios
2588 3283 2925 3353 conﬁtentur,
2953 3284 3114 3337 alium
3159 3293 3277 3338 ante
3311 3284 3484 3337 incar-

1882 3381 2166 3446 nationem,
2206 3386 2252 3433 et
2274 3376 2436 3431 alium
2461 3385 2574 3446 post
2595 3377 2999 3447 assumptionem
3026 3372 3198 3430 carnis
3224 3391 3287 3430 ea:
3312 3373 3484 3448 Virgi-

1884 3488 1968 3541 ne,
1999 3482 2045 3527 et
2068 3488 2172 3525 non
2204 3470 2435 3525 eumdem
2456 3467 2554 3523 Dei
2583 3465 2787 3522 Filium
2816 3478 2862 3523 et
2889 3478 3007 3522 ante
3032 3476 3078 3522 et
3106 3476 3289 3540 postea
3310 3468 3482 3539 ipsum

1883 3582 1992 3623 esse
2016 3565 2281 3621 Christum
2308 3563 2591 3619 Dominum
2624 3561 2720 3618 Dei
2752 3561 2951 3616 Filium
2993 3561 3083 3633 qui
3110 3570 3281 3631 .natus
3323 3570 3398 3617 est
3419 3576 3484 3615 ea:

1892 3660 2127 3732 Virgine,
2158 3660 2492 3729 conﬁtentur.

897 3772 1209 3829 MONITUM
1264 3772 1330 3828 ΙΝ
1380 3772 1716 3842 QUATUOR
1767 3772 2315 3844 SUBSEQUENTES
2356 3771 2758 3829 EPISTOLAS.

250 3861 294 3915 l.
336 3865 409 3919 De
445 3866 675 3920 illarum
699 3866 929 3938 veritate
960 3866 1140 3921 nullus
1163 3876 1247 3921 est
1273 3867 1580 3938 ambigendi
1604 3867 1777 3934 locus,

191 3943 356 4007 utpote
382 3953 507 4007 quae
540 3952 654 3991 non
684 3937 847 3993 modo
875 3948 1116 3993 veterum
1139 3938 1387 3993 codicum
1426 3937 1775 4005 auctoritate,

188 4006 268 4081 sed
314 4018 366 4062 et
397 4007 708 4081 ,Νῆροιοὶίί
768 4024 941 4079 papae,
1002 4009 1242 4064 Liberati
1299 4010 1535 4077 diaconi,
1591 4011 1779 4081 Cyrilli

189 4077 523 4160 Alexandrini
550 4090 610 4135 et
637 4077 862 4136 Joannis
892 4081 1218 4137 Antiocheni
1245 4081 1593 4154 aliorumque
1627 4077 1781 4138 testi-

188 4162 364 4205 DlOlIllS
403 4160 759 4207 asseruntur.

188 4326 278 4380 que
305 4314 658 4370 successoris
682 4312 907 4371 Sisinnii
937 4322 1191 4381 mortem,
1238 4327 1266 4367 a
1294 4313 1478 4369 multis
1506 4313 1558 4368 in
1585 4327 1775 4368 eorum

185 4382 348 4439 locum
376 4396 701 4456 cooptatus,
733 4387 973 4441 Sisinnio
996 4398 1172 4440 tamen
1204 4399 1266 4439 ac
1297 4386 1652 4456 postmodum,
1672 4385 1780 4439 Ne-

186 4459 341 4510 storio
372 4455 723 4527 postpositus
755 4456 875 4511 fuit.
896 4456 1392 4527 C(elestiusautem
1425 4455 1659 4527 Philippi
1688 4471 1777 4511 ac-

187 4536 393 4596 cusator
422 4530 469 4583 is
498 4525 725 4596 putatur
751 4527 949 4596 Pelagii
979 4525 1298 4596 discipulus,
1325 4529 1417 4595 qui
1445 4525 1625 4583 Attico
1650 4542 1780 4595 pon-

185 4595 339 4663 tiﬁce,
355 4608 415 4653 ut
446 4595 594 4655 Mar.
614 4600 877 4653 Mercator
899 4595 957 4668 p.
985 4600 1090 4653 115
1112 4595 1295 4662 tradit,
1311 4598 1778 4665 Constantinopoli

219 4670 361 4741 uisus
393 4670 605 4726 fuerat.
634 4672 712 4726 Ad
744 4670 891 4725 hunc
917 4669 1236 4726 Ctelestium
1266 4678 1445 4725 exstat
1473 4670 1615 4741 apud
1643 4670 1777 4725 Mar.

1951 3865 2007 3920 2.
2050 3866 2095 3922 Ε
2124 3866 2366 3921 Romano
2396 3865 2649 3931 concilio,
2683 3866 2770 3919 cui
2798 3862 3127 3935 leestinus
3156 3864 3397 3935 praefuit,
3427 3875 3483 3919 et

1883 3939 1938 3994 in
1969 3952 2078 4009 quo
2114 3946 2485 4009 convenerant
2530 3937 2786 4009 quintum
2828 3936 2889 4009 in
2925 3934 3088 4009 _Urhe
3120 3934 3318 4003 reperti
3356 3945 3483 4009 sunt

1881 4006 2142 4081 episcopi,
2160 4008 2368 4081 multis
2397 4006 2747 4081 consessibus
2772 4007 2966 4081 habitis
2988 4008 3218 4081 scriptas
3241 4021 3363 4081 esse
3393 4006 3483 4081 Li;

1884 4076 2109 4138 heratu‘s
2139 4080 2398 4135 diaconus
2442 4094 2563 4149 cap.
2596 4079 2630 4133 5
2671 4087 2725 4133 et
2769 4076 3005 4149 Cyrillus
3044 4077 3097 4131 in
3136 4077 3381 4145 epistolis
3410 4078 3480 4132 ad

1883 4153 2152 4209 Joannem
2176 4148 2578 4208 Antiochenam
2608 4158 2662 4205 et
2688 4149 2755 4204 ad
2777 4148 3092 4205 Juvenalem
3124 4149 3361 4205 tradunt.
3399 4149 3483 4204 ld-

1885 4312 2093 4366 laudem
2117 4326 2232 4365 vero
2250 4307 2435 4380 Cyrilli
2464 4318 2510 4363 et
2536 4309 2590 4361 in
2607 4314 2880 4377 conspectu
2904 4302 3009 4380 Dei
3029 4313 3077 4358 et
3097 4306 3325 4359 omnium
3345 4322 3482 4378 prce-

1887 4382 2124 4448 dicasset,
2140 4375 2373 4436 asserens
2402 4395 2605 4435 sensum
2619 4375 2738 4450 ejus
2757 4375 3127 4450 praeclarorum
3152 4375 3483 4450 nostraa'pro-

1886 4455 2069 4508 vincia:
2088 4447 2446 4524 episcoporum
2472 4447 2835 4524 praedicatione
2879 4447 3134 4515 roborari,
3162 4457 3212 4524 et
3241 4448 3479 4524 Damasi,

1888 4519 2166 4588 Ambrosii,
2215 4523 2432 4586 Hilarii,
2463 4519 2598 4577 hunc
2616 4523 2785 4591 fuisse,
2805 4535 3109 4573 sermonem.
3144 4519 3227 4572 Ait
3250 4522 3385 4574 enim
3422 4522 3480 4575 in

1887 4598 2001 4667 ipso
2028 4596 2268 4663 concilio,
2296 4595 2713 4667 Recordenetc.
2743 4590 2931 4667 Neque
2955 4592 3243 4667 obscurum
3269 4603 3352 4646 est
3378 4594 3482 4649 hoc

1889 4662 1945 4723 in
1968 4683 2032 4722 eo
2058 4667 2258 4721 dictum
2286 4680 2408 4721 eSse
2434 4663 2666 4720 concilio
2691 4665 2741 4717 in
2767 4678 2872 4730 quo
2892 4662 3219 4717 leestinus
3240 4671 3363 4733 post
3390 4679 3477 4720 ac«

232 4754 397 4796 ercat.
433 4758 489 4811 p.
520 4744 624 4798 151
645 4742 875 4796 Nestorii
901 4741 1155 4810 epistola,
1183 4757 1286 4812 qua
1314 4757 1435 4795 eum
1462 4734 1610 4797 velut
1637 4741 1777 4796 indi-
1806 4742 1860 4802 Ι)
1885 4737 2337 4812 ceptas_Nesto_rii
2383 4737 2675 4808 Cyrillique
2735 4734 2966 4812 litteras,
3029 4736 3351 4812 sententiam
3415 4737 3479 4812 in

183 4826 273 4880 gna
302 4815 615 4883 patientem
648 4826 703 4869 et
728 4814 926 4881 injuste
956 4814 1266 4867 damnatum
1290 4814 1518 4882 solatur,
1542 4829 1605 4869 ac
1631 4812 1777 4868 bono

186 4883 357 4939 animo
389 4900 521 4941 esse
539 4885 715 4955 jubet.
749 4883 804 4939 ld
850 4899 980 4939 vero
1012 4884 1310 4954 Pelagianis
1349 4883 1593 4940 solemne
1620 4895 1776 4952 erat,

184 4957 479 5080 catbqlicos
522 4957 682 5027 quasi
713 4955 871 5012 liberi
910 4955 1120 5012 arbitrii
1141 4970 1425 5012 eversores
1449 4955 1780 5012 Manichaaos

185 5041 311 5080 anne
358 5043 485 5080 are.

185 5041 485 5096 appeuare.

171 5124 175 5165 ι
246 5107 274 5171 ξι
312 5097 463 5168 Lege
497 5099 829 5171 ἐλέγχοντος,
860 5098 1082 5171 etillfra
1109 5100 1438 5171 θελήσαντος.

246 5166 273 5206 δ
316 5166 431 5224 llos
454 5166 762 5240 conventus
791 5169 931 5240 haud
958 5170 1122 5225 dubie
1166 5170 1444 5239 Philippus
1477 5184 1639 5240 agere
1668 5180 1779 5225 tum

185 5242 363 5311 erepit,
384 5256 521 5294 cum
546 5238 1130 5311 Constantinopolitani
1185 5238 1365 5296 audita
1416 5238 1574 5311 impia
1605 5241 1778 5296 Doro-

187 5308 287 5364 Iliei
320 5312 623 5375 concione,
653 5308 944 5369 convenire
973 5327 1096 5368 cum
1118 5312 1366 5368 Nestorio
1396 5308 1697 5380 desierunt,
1725 5321 1783 5368 ut

184 5380 229 5433 in
260 5382 502 5451 epistola
539 5383 806 5450 superiori
838 5400 891 5437 n.
922 5383 957 5437 4
984 5394 1249 5440 narratur.

136 5443 150 5525 ί
250 5462 273 5489 ε
295 5443 433 5508 Ἠοε
462 5462 581 5519 est,
610 5443 906 5510 sententias
930 5456 1237 5511 summatim
1269 5470 1335 5512 ex
1366 5454 1602 5512 Nestorii
1625 5454 1780 5511 libris

182 5534 492 5579 excerptas.

167 5543 598 5669 ἰΰῗὲθιξιίῒιῗῦἱλιιε
618 5596 713 5651 lib.
734 5612 787 5669 ,ιι
811 5598 879 5654 de
898 5597 1165 5655 Conﬂictu
1191 5614 1311 5654 cum
1337 5599 1634 5669 Serapione
1660 5612 1776 5652 mo-

186 5662 490 5741 uinulentum
524 5665 631 5722 hoc
660 5668 816 5741 nobis
849 5670 1165 5739 transmisit,
1206 5671 1275 5725 de
1299 5686 1406 5741 quo
1431 5662 1502 5726 ibi
1532 5672 1610 5725 sic
1636 5685 1774 5739 pra»

167 5734 318 5825 1fatur
338 5757 352 5821 ε
370 5736 948 5825 Sanctus‘pmlestin‘us
968 5742 1038 5795 ita
1055 5734 1387 5825 e'ncomiasles
1401 5743 1515 5813 ejus
1538 5734 1777 5822 (Cyrilli)

168 5808 398 5891 institit,
430 5818 490 5863 ut
523 5808 583 5860 in
609 5808 837 5863 Nestorii
858 5814 1185 5873 damnatione
1199 5808 1438 5873 dictasset
1456 5808 1780 5887 sententiam,

473 5902 771 5977 Pullos.
808 5902 919 5984 ιιι

1887 4805 2036 4866 illum
2090 4810 2403 4864 hacreticum
2428 4805 2514 4862 'ac
2555 4805 2847 4877 sequentes
2875 4805 3096 4877 litteras
3126 4806 3475 4877 conscripsit,

1885 4882 2131 4952 adeoque
2161 4895 2349 4936 mense
2369 4879 2615 4950 Augusto
2635 4876 2761 4933 anni
2788 4876 2918 4933 450.

1963 4986 1986 5013 θ
2016 4977 2068 5031 In
2092 4991 2228 5030 nova
2255 4973 2441 5030 Hilarii
2464 4973 2704 5029 editione
2735 4988 2786 5036 p.
2821 4970 2984 5037 1215,
3011 4971 3354 5028 observatum
3394 4982 3481 5027 est

1886 5048 2055 5103 verba
2087 5048 2177 5103 hic
2209 5046 2416 5101 laudata
2448 5045 2516 5101 ad
2542 5060 2664 5101 eam
2693 5043 2859 5100 libelli
2909 5058 2926 5097 ι
2982 5042 3049 5096 ad
3099 5041 3475 5097 Constantium

1890 5120 2163 5187 pertinere
2192 5128 2399 5187 partem
2431 5132 2550 5187 qua:
2581 5114 2865 5170 manifeste
2893 5114 3081 5187 mutila
3106 5122 3209 5187 est.
3234 5113 3358 5187 Quo
3373 5129 3478 5187 au-

1892 5184 1999 5245 iam
2028 5184 2305 5245 intellectu
2328 5204 2389 5244 ea
2420 5184 2707 5257 protulerit
2738 5185 2998 5251 Hilarius,
3024 5185 3159 5257 ibid.
3184 5199 3305 5257 pag.
3339 5184 3475 5239 1567

1890 5271 2004 5317 ιιοι.
2034 5261 2090 5329 b,
2123 5271 2178 5315 et
2207 5261 2261 5315 in
2290 5254 2603 5329 praefatione
2626 5260 2867 5328 generali
2900 5271 3050 5329 num.
3105 5254 3227 5319 190,
3262 5254 3479 5329 exposi-

1890 5341 2001 5387 tum
2033 5326 2134 5388 est.
2154 5333 2218 5387 Et
2239 5326 2303 5386 ea
2331 5330 2545 5401 quidem
2570 5326 2647 5385 ad'
2665 5328 3040 5384 illustrandum
3065 5336 3121 5381 et
3149 5326 3478 5401 conﬁrman-

1888 5404 2014 5458 dum
2039 5404 2178 5473 quod
2210 5403 2278 5458 de
2308 5398 2517 5457 naturae
2562 5402 2809 5455 humana:
2845 5409 2977 5473 post_
3016 5398 3471 5473 resurrectionem

1886 5468 2090 5531 Christi
2126 5475 2474 5535 Deiticatione
2501 5473 2732 5543 Cyrillus
2777 5468 3074 5537 asserebat,
3106 5468 3299 5524 idonea
3350 5482 3475 5526 esse

1886 5561 1954 5603 ex
1980 5545 2231 5616 praedicta
2252 5542 2615 5616 explicatione
2644 5544 2859 5615 planum
2889 5542 3005 5597 lict.

1961 5633 1982 5674 ί
2028 5635 2204 5703 Epist.
2238 5634 2270 5686 5
2300 5650 2450 5689 num.
2477 5633 2529 5687 5.

1959 5728 1983 5765 tt
2019 5717 2130 5771 lloc
2157 5727 2260 5775 cst.
2288 5718 2340 5769 in
2372 5715 2711 5780 expositione
2733 5710 3016 5782 catholica:
3048 5709 3172 5765 lidei
3195 5724 3316 5782 qua:
3347 5712 3472 5769 cubo

1887 5802 2031 5853 nexa
2056 5800 2139 5847 est
2169 5788 2416 5860 epistola:
2443 5786 2475 5842 5
2501 5785 2747 5858 proxime
2772 5781 3001 5840 laudatae
3028 5798 3088 5840 n.
3119 5782 3173 5839 1.

2812 5898 2897 5963 15
