3976 6336
244 275 357 336 465

706 271 918 328 EPIST.
962 269 1080 329 XII.
1111 299 1184 313 —
1207 266 1607 327 COELESTINI
1644 265 1851 321 PAP/E
1892 267 1983 323 AD
2023 264 2396 327 EPISCOPOS
2435 269 2717 329 ECCLES.
2758 269 3034 329 ORIENT.

3422 275 3534 335 ιω

1636 383 1977 441 EPISTOLA
2014 383 2130 440 ΧΠ.

243 481 412 549 Quam
433 483 729 538 exitiosasit
749 481 978 536 Nestorii
1016 482 1273 543 doctrina,
1309 480 1609 553 leestintts
1627 479 1853 553 exponit.
1887 476 1957 533 Se
1979 494 2134 553 asua
2165 479 2520 553 communione
2560 481 2709 534 illum
2746 482 2961 552 ejusque
2991 482 3212 553 fautores
3241 483 3534 553 secreuisse,

312 564 358 608 et
383 567 565 609 contra
586 559 640 608 in
666 555 1071 607 communionem
1101 556 1349 623 recepisse
1377 567 1503 621 quos
1528 550 1619 603 ille
1642 550 1916 623 nouissime
1936 549 2213 623 objecerat.
2243 549 2311 605 Ut
2331 554 2471 620 infra
2489 553 2665 623 scripti
2689 549 2932 623 priesules
2954 549 3155 623 fortiter
3180 569 3272 623 pro
3297 551 3535 609 Ecclesia

310 637 506 680 certent
532 628 789 690 hortatur,
819 634 1082 690 monetque
1104 623 1154 678 Ν
1162 618 1403 678 estoriuni
1420 639 1453 676 a
1474 622 1830 676 communione
1849 618 2097 675 Ecclesia:
2122 618 2506 689 removendum,
2527 618 2622 677 nisi
2646 618 2937 678 admonitus
2954 618 3099 678 intra
3127 618 3376 678 decimum
3398 624 3535 681 diem

311 698 519 751 damnet
546 696 682 766 quod
710 696 1041 765 prtedicarat.

236 818 593 894 Εαιιεετῖὗυε
618 832 901 902 episcopus
937 840 965 870 ι
994 830 1214 897 JOANNI,
1246 830 1535 902 Juvenum,
1567 828 1739 898 Raro,
1773 835 1829 884 et
1854 838 1910 899 Α

384 901 664 962 Futvutno
686 901 958 974 episcopis
989 918 1084 973 per
1100 902 1400 966 Orientem,
1428 901 1454 939 δ
1484 917 1514 956 a
1544 902 1682 972 pari.

312 1023 363 1075 l.
394 1020 717 1089 Optaremus
746 1016 996 1087 quidem,
1027 1016 1185 1072 sicuti
1220 1031 1328 1071 una
1355 1024 1439 1072 est
1470 1027 1493 1055 ο
1524 1016 1619 1071 Dei
1638 1030 1830 1071 essen-

236 1115 308 1169 tia
329 1158 345 1182 ,
389 1112 463 1167 ita
492 1113 632 1166 inter
662 1125 851 1166 omnes
880 1110 973 1181 qui
1001 1110 1200 1180 ubique
1228 1119 1356 1166 sunt
1382 1110 1632 1167 homines
1663 1124 1827 1166 unam

233 1216 406 1263 recta:
435 1205 561 1260 ﬁdei
609 1205 897 1260 veritatem
926 1205 1120 1260 teneri.
1155 1205 1332 1261 Minor
1370 1213 1551 1261 tamen
1595 1203 1827 1275 gemitus

233 1311 340 1368 est,
378 1299 427 1354 si
464 1299 555 1369 qui
583 1313 642 1354 se
663 1307 816 1353 extra
840 1312 1062 1367 gregem
1086 1297 1427 1354 Dominicum
1453 1305 1823 1368 segregantes,

228 1401 287 1448 et
309 1406 407 1458 per
434 1389 660 1461 angulos
688 1388 1033 1460 latebrasque
1052 1389 1332 1445 latitantes
1360 1386 1412 1457 ἀ,
1435 1390 1572 1445 alios
1601 1390 1706 1445 sibi
1736 1389 1824 1445 vel

226 1497 434 1555 paucos
460 1482 552 1552 qui
581 1496 763 1537 secum
811 1481 1076 1546 sentiunt,
1125 1482 1339 1537 occulto
1364 1496 1553 1537 errore
1598 1495 1826 1551 persua-

226 1576 415 1633 deant.
449 1573 585 1630 Cum
642 1589 771 1630 vero
798 1574 993 1643 aliquis
1022 1584 1384 1630 sacrosancta:
1424 1574 1687 1630 Ecclesia:
1720 1573 1819 1628 Dei

226 1657 330 1727 'sub
379 1668 597 1724 nomine
631 1677 654 1705 ο
698 1668 1025 1738 ρι’κροείιυε
1054 1667 1377 1735 sacerdotis,
1410 1669 1589 1738 ipsum
1619 1666 1822 1723 Christi

225 1762 492 1833 populum
539 1776 571 1815 a
602 1760 817 1816 tramite
846 1760 1091 1816 veritatis
1132 1761 1186 1815 in
1222 1776 1462 1830 praaceps
1493 1761 1666 1817 deviae
1694 1775 1820 1831 per-

223 1855 501 1912 suasionis
543 1855 777 1922 avertit,
810 1864 865 1909 et
910 1854 1017 1909 hoc
1070 1855 1125 1909 in
1179 1854 1511 1925 amplissima
1545 1854 1712 1919 urbe,
1750 1854 1818 1909 ad

222 1962 392 2018 quam
435 1954 655 2017 propter
693 1945 1051 2003 inhabitantis
1090 1946 1307 2017 imperii
1346 1946 1708 2002 reverentiam
1749 1946 1818 2002 de

227 2042 494 2096 universo
522 2042 655 2095 orbe
682 2039 907 2095 conﬂuit
938 2040 1261 2105 multitudo;
1285 2048 1413 2095 tunc
1443 2040 1603 2109 plane
1624 2047 1708 2095 est
1730 2055 1818 2111 ge-

222 2132 486 2187 minanda
516 2133 864 2198 lamentatio,
921 2142 976 2189 et
1002 2134 1176 2203 major
1216 2132 1557 2199 sollicitudo,
1590 2148 1657 2187 ne
1686 2133 1815 2201 quid

2145 837 2228 902 Τῷ
2256 832 2503 902 ἀγαπητῷ
2540 829 2736 905 ἀδελφῷ
2761 814 2963 906 ἰξάννῃ
2999 833 3307 896 Κελεστῖνος.

2001 1014 2274 1085 Εὺχόμεθα
2314 1014 2406 1083 μὲν
2443 1014 2620 1089 ὥσπερ
2668 1017 2762 1084 μία
2813 1014 2928 1070 ἐστὶ
2964 1022 3056 1076 τῆς
3089 1015 3324 1080 θεότητος
3353 1016 3529 1083 οὐσία,

1929 1113 2066 1169 οὕτω
2096 1115 2183 1169 καὶ
2222 1112 2369 1186 παρὰ
2404 1115 2541 1165 πᾶσι
2577 1117 2683 1170 τοῖς
2717 1108 3038 1169 ὁπουδήποτε
3080 1107 3227 1168 οὖσιν
3253 1114 3532 1189 ἀνθρώποις

1928 1210 2049 1278 μίαν
2064 1212 2157 1266 τῆς
2183 1206 2330 1281 ὀρθῆς
2350 1207 2580 1263 πίστεως
2608 1203 2842 1261 ἀλήθειαν
2867 1201 3031 1275 ἔχειν.
3049 1205 3291 1261 Ἐλάττων
3311 1204 3365 1261 δέ
3392 1203 3531 1278 ὅμως

1928 1298 2266 1373 ὁστεναγμός
2294 1300 2465 1362 ἐστιν,
2507 1296 2590 1349 ἐὰν
2628 1316 2763 1355 τινες
2791 1302 2982 1356 αυτοῦς
3018 1297 3164 1357 ἐκτὸς
3206 1305 3298 1357 τῆς
3346 1299 3527 1371 ἀγέλης

1926 1402 2019 1454 τῆς
2044 1392 2345 1452 δεσποτικῆς
2375 1392 2827 1463 ἀποχωρὶζοντες,
2861 1391 2951 1443 καὶ
2985 1387 3070 1443 διὰ
3098 1396 3289 1462 γωνιῶν
3323 1393 3407 1445 καὶ
3433 1412 3532 1445 συ·

1926 1488 2083 1541 σκίων
2121 1486 2291 1541 τόπων
2335 1484 2677 1546 λανθάνοντες,
2727 1481 2931 1543 ἑαυτοῖς
2978 1481 3008 1542 ἦ
3054 1484 3141 1537 καὶ
3189 1482 3372 1553 ὀλίγοις
3424 1486 3530 1538 τισὶ

1925 1580 2367 1651 συμϐουλεύωσιν,
2421 1577 2719 1649 ὁμονοοῦσιν
2768 1577 2973 1637 ἑαυτοῖς
3020 1576 3069 1629 ἐν
3120 1584 3183 1649 τῇ
3219 1576 3529 1650 λανθανούσῃ

1923 1673 2108 1747 πλάνῃ.
2138 1670 2257 1728 Ὀτε
2281 1671 2335 1728 δὲ
2366 1673 2415 1725 ἐν
2449 1681 2511 1747 τῇ
2542 1678 2634 1728 τοῦ
2668 1677 2798 1727 Θεοῦ
2838 1671 2953 1745 ἱερᾷ
2977 1671 3241 1747 Ἐκκλησία
3275 1671 3302 1726 ὁ
3340 1671 3530 1747 προϐε-

1927 1768 2169 1838 ϐλημένος
2198 1767 2301 1821 ὑπὸ
2333 1773 2407 1840 τῷ
2435 1766 2638 1836 ὀνόμοτι
2666 1772 2757 1821 τοῦ
2785 1764 2957 1841 ἱερέως
2977 1767 3132 1821 αὐτοῦ
3163 1766 3250 1821 τὸν
3284 1772 3382 1822 τοῦ
3407 1774 3530 1842 Χρι-

1923 1867 2052 1916 στοῦ
2082 1859 2240 1931 δῆμον
2269 1861 2370 1915 ἀπὸ
2411 1864 2503 1921 τὴς
2550 1857 2672 1914 ὁδοῦ
2723 1868 2816 1920 τῆς
2867 1859 3101 1920 ἀληθείας
3140 1858 3273 1916 κοιτά
3299 1866 3527 1934 κρημνῶν

1921 1954 2228 2027 ἀποστρέφει
2255 1960 2317 2024 τῇ
2344 1953 2435 2006 οὐκ
2461 1952 2581 2028 ὀρθῇ
2612 1951 2915 2027 συμϐουλῇ,
2948 1954 3033 2006 καὶ
3068 1958 3221 2007 τοῦτο
3254 1952 3303 2007 ἐν
3337 1960 3401 2029 τῇ
3434 1973 3526 2026 με·

1918 2048 2073 2117 γὶστῃ
2102 2045 2265 2109 πόλει,
2297 2047 2370 2104 εἰς
2391 2044 2448 2103 ἣν
2475 2041 2558 2099 διὰ
2580 2049 2671 2102 τὴν
2696 2048 2845 2113 τιμὴν
2870 2050 2959 2098 τοῦ
2985 2041 3293 2104 ἐνοικοῦντος
3323 2042 3344 2081 ί
3374 2045 3527 2115 βασιο

1918 2137 2053 2191 λείου
2084 2137 2187 2191 ἀπὸ
2209 2138 2401 2197 παντὸς
2426 2143 2519 2191 τοῦ
2542 2138 2741 2208 κόσμου
2772 2138 3052 2212 συντρέχει
3081 2138 3140 2190 τὸ
3172 2137 3378 2199 πλῆθος,
3408 2136 3523 2191 τότε

218 2228 333 2296 lupi
365 2237 393 2274 8
432 2227 701 2296 rapacitas
732 2226 1062 2297 praevaleat,
1094 2226 1420 2283 adhibenda.
1464 2226 1635 2281 Minor
1660 2226 1805 2282 enim

1918 2227 2105 2288 δηλαδὴ
2130 2228 2531 2290 διπλασιαστὲος
2557 2231 2698 2284 ἐστὶν
2726 2228 2752 2283 ὁ
2781 2232 2977 2304 θρῆνος,
3005 2231 3088 2283 καὶ
3114 2233 3297 2299 μείζων
3318 2230 3348 2286 ἠ
3371 2248 3523 2302 φρον-

216 2316 245 2355 ιι
276 2335 413 2374 cura
445 2329 527 2375 est
550 2318 851 2376 obsidentis
884 2319 1089 2375 inimici
1115 2334 1276 2389 quam
1306 2319 1444 2373 intra
1485 2319 1679 2374 moenia
1725 2318 1813 2374 de-

290 2464 317 2491 ι
345 2454 608 2523 Quaedam
640 2454 695 2507 in
726 2453 916 2509 Graeca
948 2460 1003 2510 et
1028 2452 1219 2507 Latina
1250 2451 1497 2521 epistolae
1524 2451 1685 2521 hujus
1727 2451 1816 2506 in-

214 2527 517 2593 scriptione
554 2532 777 2595 apparet
826 2524 1185 2595 dissensionis
1224 2525 1456 2595 species,
1486 2523 1694 2595 ειιιηηίη
1715 2523 1817 2595 illa

213 2598 307 2650 uni
335 2596 557 2665 Joanni,
589 2594 642 2650 in
673 2596 773 2650 hac
805 2596 1050 2664 pluribus
1080 2594 1201 2648 aliis
1229 2594 1575 2650 inscribatur.
1606 2594 1816 2649 Latina:

218 2667 550 2737 suffragatur
580 2679 691 2721 tum
718 2667 1001 2722 Liberatus
1026 2666 1285 2737 diaconus
1313 2680 1431 2734 cap.
1460 2667 1514 2730 5,
1550 2665 1641 2737 ubi
1674 2664 1816 2722 hanc

213 2735 501 2793 (Σαειεείἰηὶ
528 2738 811 2809 epistolam
836 2737 1163 2809 sic_indicat,
1188 2735 1387 2809 Eadem
1415 2737 1478 2789 de
1500 2753 1562 2809 re
1590 2736 1814 2809 (de_qua

210 2810 447 2879 Cyrillo)
475 2805 665 2881 pariter
687 2810 890 2881 scripsit
908 2806 1100 2881 Joanni
1124 2806 1470 2881 Antiocheng,
1491 2806 1635 2881 Rufo
1657 2805 1814 2881 Thes-

210 2875 549 2944 salonicen'si,
572 2878 606 2933 J
612 2875 813 2933 uvenali
834 2879 887 2933 Η
894 2880 1310 2949 ierosolytnitano
1334 2886 1379 2932 et
1398 2875 1655 2932 Flaviano
1682 2877 1814 2933 Phi-

209 2952 435 3022 lippensi
467 2951 900 3022 archiepiscopis;
946 2962 1053 3004 tum
1082 2950 1407 3007 Coelestinus
1437 2949 1490 3003 in
1523 2950 1810 3021 superiore

208 3025 442 3091 epistola
475 3023 538 3077 H
575 3038 627 3076 n.
661 3025 714 3090 5,
747 3023 835 3076 ubi
867 3023 1059 3088 habet,
1092 3023 1404 3091 Scripsimus
1430 3033 1485 3091 et
1512 3024 1582 3075 ad
1610 3032 1811 3078 sanctos

209 3090 406 3162 fratres
434 3104 483 3147 et
506 3094 837 3165 goepiscopos
868 3103 1071 3148 nostros
1099 3090 1382 3165 Joannem,
1394 3090 1630 3165 Rufum,
1653 3093 1812 3148 Juve-

207 3168 385 3218 nalem
415 3176 461 3218 et
499 3162 823 3219 Flavianum.
858 3165 950 3219 His
992 3166 1200 3219 accedit
1240 3172 1296 3218 et
1340 3162 1593 3219 Nicolaus
1622 3167 1640 3217 Ι
1674 3180 1810 3234 papa

206 3238 379 3305 epiSI.
414 3235 449 3288 8
475 3235 540 3289 ad
573 3236 904 3301 Michaelem,
931 3237 1213 3304 epistolam
1244 3236 1405 3289 istam
1438 3246 1496 3289 ut
1530 3235 1811 3289 Orientali-

206 3308 303 3360 bus
333 3307 588 3377 episcopis
609 3308 862 3375 scriptam
891 3322 1349 3361 commemorans.
1382 3305 1587 3361 Graeca:
1612 3306 1809 3362 nihilo-

206 3380 393 3433 minus
418 3380 563 3432 lavet
582 3378 743 3432 totius
764 3377 1011 3447 epistolae
1033 3389 1348 3444 contextus;
1372 3392 1637 3446 nusquam
1661 3380 1806 3433 enim

206 3450 276 3503 ad
312 3450 531 3518 plures,
565 3449 657 3503 sed
685 3448 750 3501 ad
791 3464 952 3502 unum
983 3448 1308 3505 leestinus
1338 3463 1654 3520 sermonem
1677 3464 1809 3503 con-

206 3523 396 3584 vertit,
429 3536 528 3573 nec
560 3521 738 3573 verbis
763 3522 947 3590 fratres
966 3520 1273 3577 charissimi.
1308 3522 1400 3573 sed
1424 3519 1583 3589 frater
1609 3519 1807 3573 charis-

207 3594 358 3658 sime,
392 3594 579 3652 utitur,
612 3600 663 3644 et
703 3590 1025 3646 sanctitatem
1056 3603 1216 3657 tuam,
1250 3606 1353 3644 non
1384 3600 1625 3651 vestram,
1658 3606 1807 3645 com-

205 3664 398 3731 pellat.
426 3663 525 3716 Est
555 3662 733 3716 etalta
762 3665 1005 3732 quasdam
1032 3663 1293 3733 Cyrillum
1339 3664 1478 3716 inter
1510 3670 1564 3715 et
1606 3663 1806 3715 utrius-

206 3748 309 3823 que
342 3742 524 3787 textus
576 3733 982 3802 inscriptionem
1001 3732 1217 3823 pugna:
1245 3734 1394 3823 Han‘c
1421 3732 1564 3823 eili'im
1599 3733 1803 3823 epistp-
1830 3758 1876 3823 Ο

206 3803 335 3867 lam,
367 3819 528 3875 quam
557 3818 780 3873 uterque
804 3814 977 3859 textus
1000 3804 1565 3873 leestino.Cyrillus
1593 3804 1803 3875 synodo

204 3875 410 3928 tribuit.
448 3873 685 3929 Primam
716 3875 1068 3930 dissensionis
1090 3878 1324 3944 speciem
1357 3873 1802 3944 conciliat'atque

206 3948 487 4013 componit
526 3944 759 4016 Cyrillus
810 3949 965 4012 epist.
1007 3947 1070 3999 ad
1103 3947 1365 4000 Joannem
1404 3946 1799 4000 Antiochenam

206 4030 365 4086 quem
388 4022 472 4072 sic
493 4019 809 4085 alloquitur:
838 4017 1059 4088 Scripsit
1085 4016 1349 4088 (Romana
1373 4016 1641 4088 synodus)
1667 4028 1710 4070 et
1733 4018 1800 4070 ad

205 4098 344 4140 tuom
383 4090 647 4153 pietatem.
683 4088 903 4155 Scripsit
940 4086 986 4142 et
1031 4105 1062 4143 tt
1096 4086 1224 4141 rant
1251 4089 1337 4156 (τά
1372 4086 1481 4159 ἶσα)
1509 4087 1576 4141 ad
1610 4086 1800 4159 [tu/unt

204 4160 498 4230 piissimum
524 4159 1029 4232 Thessalonicensem
1060 4160 1355 4232 episcopum
1383 4174 1427 4214 et
1470 4160 1539 4212 ad
1570 4161 1792 4213 nonnul-

211 4235 285 4287 los
335 4234 474 4286 alios
500 4232 914 4302 religiosissimos
943 4231 1267 4287 Macedonia?
1304 4233 1569 4302 episcopos
1588 4272 1602 4296 ,
1635 4233 1725 4299 qui
1753 4233 1801 4285 ei

206 4320 405 4371 semper
431 4304 715 4373 suffragari
754 4305 936 4358 solent.
973 4302 1193 4375 Scripsit
1239 4302 1575 4356 nihilominus
1604 4304 1671 4354 ad
1697 4302 1801 4355 Ju-

206 4376 435 4429 venalem
471 4375 953 4443 Hierosolymorum
999 4378 1316 4443 episcopum.
1361 4375 1556 4427 Earum
1599 4376 1799 4443 quippe

206 4446 580 4513 epistularum,
604 4461 724 4515 qum
750 4445 989 4513 pluribus
1010 4463 1041 4498 a
1065 4450 1176 4515 pari
1204 4445 1656 4508 inscribebantttr,
1683 4446 1799 4499 uni-

205 4519 399 4586 cuique
423 4532 610 4570 eorum
632 4532 858 4581 quorum
888 4521 1105 4570 nomina
1130 4533 1239 4585 pra:
1258 4531 1314 4569 se
1333 4516 1597 4575 ferebant,
1620 4517 1799 4571 simile

207 4588 521 4656 exemplum
568 4587 858 4655 separatim
906 4589 1248 4651 mittebatur,
1290 4591 1506 4657 proprio
1536 4586 1797 4657 cujusque

206 4662 427 4712 nomine
456 4660 796 4726 inscriptum.
830 4657 1166 4727 Quapropter
1210 4659 1287 4711 sic
1314 4660 1365 4711 in
1399 4658 1478 4712 eis
1503 4658 1798 4728 loquuntur

207 4742 377 4800 papae,
414 4732 566 4799 quasi
596 4730 662 4783 ad
703 4745 865 4782 unum
899 4730 1201 4783 scriberent
1228 4744 1242 4793 ;
1274 4737 1330 4783 et
1359 4744 1478 4783 cum
1510 4745 1671 4782 unum
1696 4729 1794 4783 bu-

205 4800 442 4870 jusmodi
479 4800 788 4869 exemplum
829 4801 1097 4869 singulare
1144 4809 1443 4866 reperitur,
1478 4800 1595 4868 ejus
1638 4803 1795 4855 unius

208 4875 293 4927 cui
321 4873 647 4926 destinatmn
681 4880 799 4924 erat
825 4886 1018 4924 nomen
1052 4886 1160 4938 prte
1190 4886 1249 4923 se
1282 4874 1421 4924 l‘erre
1449 4870 1628 4925 debet.
1661 4871 1795 4926 Hinc

207 4946 347 5012 quod
400 4946 489 4995 uni
544 4942 739 4997 Joanni
790 4943 1113 4995 inscrihatur
1165 4941 1385 4995 Graecus
1415 4943 1658 5009 epistolae
1698 4942 1797 4995 hu-

207 5014 292 5081 jus
320 5021 527 5077 textus,
572 5013 676 5066 hoc
722 5013 920 5066 indicio
955 5024 1037 5067 est
1085 5012 1255 5066 solum
1291 5012 1449 5081 hujus
1486 5014 1793 5081 exemplum

207 5085 347 5152 quod
394 5083 587 5138 Joanni
623 5085 846 5136 missum
881 5082 1074 5147 fuerat,
1108 5093 1379 5151 repertum
1411 5099 1475 5139 ac
1515 5083 1792 5152 vulgatum

1918 2325 2019 2385 τὶς,
2044 2322 2129 2376 ἶνα
2158 2325 2227 2391 μή
2264 2344 2314 2376 τι
2343 2323 2373 2379 ἡ
2415 2320 2625 2395 ἁρπαγή
2652 2327 2745 2376 τοῦ
2771 2321 2925 2375 λύκου
2955 2322 3364 2396 παραγενομένου
3406 2343 3523 2375 κατα

1922 2452 2419 2523 lestipiepistolam
2450 2456 2646 2510 merito
2678 2456 2948 2511 referatur
2995 2455 3127 2512 illud
3157 2456 3423 2514 Gennadii
3454 2459 3521 2515 de

1921 2524 2125 2594 Scri’ﬁ!
2154 2526 2327 2600 Eccl;
2359 2525 2661 2583 Cwlestinus
2682 2529 2825 2583 urbis
2846 2528 3025 2584 Romae
3051 2531 3319 2600 episcOpus
3341 2531 3521 2585 decre-

1921 2605 2029 2671 tum
2054 2598 2241 2671 synodi
2270 2596 2576 2671 (Romana!)
2611 2600 2677 2653 ad
2703 2599 2928 2655 Orientis
2951 2611 2996 2655 et
3027 2596 3317 2655 occidentis
3338 2599 3520 2655 Eccle-

1916 2667 2034 2740 aias
2065 2668 2238 2733 dedit,
2280 2667 2827 2740 conﬁrmansAduabus
2870 2672 2925 2725 in
2964 2671 3168 2727 Christo
3198 2672 3518 2727 manentibus

1916 2739 2141 2814 perfecte
2169 2738 2389 2806 naturis,
2410 2758 2567 2795 unam
2592 2738 2724 2796 Filii
2745 2744 3053 2797 credendam
3081 2759 3186 2814 esse
3216 2760 3508 2814 personant.

1917 2809 2035 2883 Hoc
2063 2814 2206 2867 enim
2237 2814 2598 2883 coitlirmavit,
2626 2828 2733 2869 non
2758 2816 3036 2883 conceptis
3060 2809 3276 2883 quidem
3310 2814 3513 2879 verbis,

1918 2882 2015 2937 sed
2048 2893 2312 2952 quatenus
2339 2882 2668 2953 Nestorium,
2701 2885 2886 2954 qui,ut
2913 2882 3094 2939 statim
3117 2885 3335 2952 exponit
3363 2884 3481 2939 Gen
3500 2916 3513 2925 -

1916 2954 2140 3018 nudius,
2185 2955 2307 3007 huic
2355 2956 2617 3009 sententia:
2660 2966 2892 3010 ostensus
2928 2963 3003 3009 est
3038 2971 3144 3008 esse
3190 2956 3510 3021 contrarius,

1916 3025 2313 3097 condemnavit.
2361 3026 2440 3079 Ad
2492 3025 2743 3080 Latinum
2798 3027 3053 3097 epistolas
3092 3024 3510 3097 hujus_texmm

1914 3096 2058 3164 quod
2081 3100 2301 3161 attinet,
2334 3111 2455 3150 eum
2488 3095 3004 3166 exhibemus,‘quem
3035 3095 3222 3164 Steph.
3259 3095 3510 3151 Baluzius

1913 3166 1981 3219 ad
2012 3178 2243 3236 quatuor
2273 3181 2544 3229 mss..nos
2586 3167 2651 3221 ad
2688 3168 3020 3223 Navarreum
3068 3169 3502 3236 recognovimus,

1912 3251 2181 3305 quemque
2205 3237 2454 3291 Nicolaus
2481 3238 2501 3291 Ι
2532 3249 2847 3294 constanter
2867 3240 3128 3307 sequitur.

1986 3307 2013 3346 δ
2048 3308 2374 3362 Vocabulum
2400 3325 2431 3359 a
2456 3310 2570 3376 pari
2598 3311 2647 3362 in
2680 3325 2782 3363 ωε.
2816 3309 3011 3363 Navar.
3038 3308 3317 3363 omissum.
3348 3307 3508 3362 Balu-

1911 3379 2027 3434 zius
2055 3394 2085 3434 e
2117 3379 2229 3432 suis
2261 3381 2570 3449 expressit;
2614 3382 2704 3449 qui
2752 3388 2806 3434 et
2839 3390 2991 3433 notat
3036 3394 3097 3433 ea
3154 3379 3423 3433 locutione
3454 3380 3506 3435 id

1910 3450 2202 3520 signiﬁcari
2234 3452 2377 3518 quod
2400 3449 2539 3518 apud
2568 3449 2876 3505 Liberatum
2900 3464 3020 3518 cap.
3053 3450 3085 3504 5
3114 3450 3327 3519 pariter,
3361 3451 3505 3520 quod

1911 3519 2098 3591 Graece
2121 3521 2261 3590 apud
2288 3520 2549 3591 Cyrillum
2583 3523 2741 3588 epist.
2776 3523 2841 3575 ad
2864 3521 3129 3575 Joannem
3160 3519 3413 3575 Antioch.
3439 3524 3506 3578 τά

1908 3588 2003 3647 ἴσα
2036 3588 2255 3663 (addere
2279 3588 2506 3658 poterat,
2540 3600 2595 3646 et
2626 3592 2769 3661 quod
2798 3592 2938 3661 apud
2968 3592 3100 3644 Mar.
3125 3592 3501 3663 mercatorem,

1910 3658 2253 3733 Commonit.
2271 3677 2319 3715 c.
2345 3664 2398 3728 5,
2426 3663 2617 3715 similia
2643 3658 2922 3733 eademque
2948 3658 3241 3733 exempla);
3274 3661 3503 3727 ideoque

1909 3735 2049 3803 quod
2073 3732 2412 3788 Theodosius
2438 3742 2617 3803 [ρει-ι.
2642 3735 2848 3787 Concil.
2878 3733 3079 3801 Ephes.
3108 3748 3158 3787 c.
3194 3732 3261 3785 52
3290 3733 3500 3799 scribit,

1904 3800 2196 3881 ’ίὲσγραπται
2218 3808 2318 3879 γὰρ
2348 3808 2414 3860 τὰ
2438 3800 2535 3881 ἶσα
2560 3808 2704 3881 παρά
2732 3814 2825 3865 τῆς
2854 3800 3100 3881 ἡμετέρας
3129 3805 3361 3881 γαλήνης,
3395 3820 3499 3881 non

1904 3874 2044 3945 inaie
2088 3877 2155 3929 ab
2196 3874 2417 3945 antiquo
2460 3874 2759 3943 interprete
2801 3874 3017 3929 concilii
3054 3874 3310 3941 Epltesini
3358 3877 3497 3944 apud

1904 3944 2079 4016 ipsum
2112 3944 2392 3999 Baluzinm
2422 3947 2687 3999 nov.coll.
2722 3948 2915 4000 concil.
2942 3960 2994 4015 p.
3021 3946 3127 4000 454
3160 3945 3346 3999 Latine
3370 3960 3501 3999 con-

1904 4032 2117 4071 versum
2142 4032 2286 4082 esse,
2318 4017 2583 4085 Scriptum
2612 4033 2828 4085 namque
2847 4027 2920 4070 est
2942 4034 2973 4069 a
2996 4017 3113 4085 pari
3141 4033 3172 4069 a
3190 4026 3369 4085 nostra
3388 4032 3500 4069 ma-

1893 4090 2103 4161 jestate.
2128 4088 2260 4145 Hinc
2280 4096 2335 4144 et
2353 4084 2511 4145 ruere
2529 4084 2785 4144 observat
2809 4084 3171 4159 conjecturam
3186 4086 3322 4161 Lupi
3342 4084 3498 4139 Chri-

1902 4158 2087 4227 Stiani,
2114 4163 2207 4231 qui
2234 4161 2705 4215 Thessalonicensi
2736 4158 2990 4230 episcopo
3010 4164 3060 4213 in
3088 4158 3490 4231 Philippensem

1903 4235 2106 4287 nullam
2134 4230 2263 4285 itum
2306 4235 2684 4286 auctoritatem
2730 4232 2897 4285 fuisse
2927 4230 3167 4299 colligit,
3210 4230 3495 4296 quasi‘liac

1902 4304 2178 4357 locutione
2205 4320 2236 4354 a
2266 4305 2403 4373 pari,
2437 4305 2480 4353 is
2512 4303 2585 4355 illi
2621 4318 2714 4369 par
2746 4314 2799 4355 et
2827 4303 3049 4371 aequalis
3080 4302 3311 4354 dicatur.
3351 4300 3494 4373 Praef

1902 4382 2052 4428 terea
2084 4374 2209 4427 inde
2237 4372 2500 4426 refutatur
2521 4375 2707 4426 eadem
2738 4373 2871 4440 Lupi
2905 4373 3250 4441 conjectura,
3278 4373 3417 4440 quwl
3448 4372 3492 4425 si

1902 4459 1965 4500 ea
1996 4445 2218 4509 valeret,
2252 4444 2612 4510 Philippensis
2644 4449 2932 4512 episc0pus
2959 4458 3065 4497 non
3093 4441 3270 4496 minus
3302 4444 3491 4495 Antio-

1900 4514 2080 4640 fcpherio
2097 4531 2257 4585 quam
2280 4514 2751 4569 Thessaloaicensi
2776 4530 2872 4584 par
2902 4524 2957 4569 et
2983 4514 3207 4582 aequalis
3231 4513 3492 4568 dicendus

1925 4602 2018 4640 ore
2051 4628 2065 4640 .

1925 4597 2065 4641 oret.

1977 4668 1999 4696 ο
2033 4658 2146 4711 Duo
2172 4671 2331 4724 mss.,
2365 4656 2734 4710 consentiente
2767 4655 2975 4723 Grmco,
3006 4654 3247 4709 Deitatis.

1971 4726 1997 4765 ἀ
2025 4728 2159 4783 lllud
2186 4729 2318 4781 alios
2342 4744 2445 4780 non
2480 4728 2629 4781 novit
2648 4727 2866 4782 Graacns
2894 4736 3088 4781 textus.
3114 4726 3327 4780 Clarior
3344 4736 3491 4780 esset

1899 4800 2146 4864 Latinus,
2170 4802 2213 4853 si
2238 4800 2308 4853 ita
2325 4799 2633 4861 efferretur,
2658 4799 2734 4851 vel
2761 4799 2877 4865 sibi,
2901 4797 2978 4850 re!
2999 4798 3179 4869 paucis
3208 4799 3293 4867 qui
3318 4812 3488 4849 secum

1897 4873 2144 4937 sentiunt,
2190 4870 2446 4924 occultum
2477 4886 2699 4922 errorem
2728 4868 3090 4939 persuadeant.
3131 4868 3319 4923 Graece
3347 4869 3485 4935 apud

1898 4942 2030 4997 Lab.
2060 4946 2236 5009 lugere
2263 4953 2367 5013 est,
2389 4942 2711 5013 λανθάνοντες
2738 4942 2953 5013 ἑαυτοὺς
2969 4942 3173 5013 εἰκαίοις
3200 4940 3362 5013 λόγοις
3383 4943 3488 4994 τισὶ

1898 5015 2322 5086 συμϐουλεύωσιν
2344 5012 2571 5085 ὁμονοεῖν
2592 5012 2815 5086 ἑαυτοῖς.
2842 5011 3033 5065 NOSU‘a
3054 5012 3213 5064 lectio
3239 5011 3322 5086 t'VSl
3355 5024 3483 5062 mss.

1900 5080 2061 5153 Μέθη
2082 5087 2181 5138 nisi
2204 5087 2344 5155 quod
2372 5080 2428 5138 in
2458 5100 2564 5137 uno
2590 5099 2687 5153 pro
2716 5084 3009 5155 ὁμονοοῦσιν
3038 5091 3212 5135 exstat
3240 5080 3480 5152 ὁμονοεῖν,

208 5169 352 5209 esse.
382 5154 651 5223 Epistolas
679 5162 857 5208 autem
887 5170 1019 5223 quas
1043 5154 1268 5209 Romani
1305 5155 1589 5224 pontiﬁces
1612 5156 1789 5210 habita
1818 5154 1873 5215 D
1897 5169 1959 5210 ac
1987 5160 2153 5211 veteri
2188 5154 2378 5210 Latino
2404 5156 2573 5208 textui
2600 5154 2765 5221 magis
2788 5166 2869 5209 est
2895 5162 3279 5224 consentanea.

209 5227 358 5295 prius
377 5225 582 5307 synodo
605 5224 1055 5307 scribebantpipsi
1080 5225 1286 5307 synodo
1310 5226 1544 5307 tribuere
1568 5226 1782 5307 licebat,

209 5296 453 5365 quamvis
495 5310 589 5349 eas
631 5296 761 5364 ipsis
789 5296 1127 5363 pontiticibus
1156 5296 1312 5365 vulgo
1336 5296 1637 5351 ascribendi
1670 5311 1788 5350 mos

210 5377 267 5439 et
296 5382 414 5421 usus
433 5367 749 5439 obtinuerit.
774 5368 1181 5439 Quocircarhzec
1201 5368 1426 5439 epistola
1453 5376 1507 5421 et
1527 5383 1557 5421 a
1583 5368 1788 5439 Cyrillo

215 5437 465 5493 Romanae
503 5438 739 5508 synodo,
785 5447 838 5492 et
888 5439 956 5491 ab
985 5438 1105 5492 aliis
1134 5437 1429 5493 Ctelestino
1477 5437 1784 5493 ascribitur.

210 5508 389 5577 Neque
410 5507 701 5565 obscurum
739 5517 823 5563 est
852 5507 1019 5577 ipsius
1047 5508 1236 5580 Cyrilli
1275 5508 1413 5563 votis
1442 5524 1586 5580 nunc
1612 5507 1789 5565 lec-

213 5582 408 5633 stinum
428 5581 676 5649 obsequi,
706 5594 866 5647 quem
892 5580 982 5634 ille
1011 5578 1239 5649 praesul,
1268 5580 1426 5649 epist.
1458 5578 1491 5633 8
1521 5596 1574 5634 n.
1610 5580 1662 5646 7,
1692 5581 1788 5636 ob-

212 5660 443 5703 secrarat
472 5659 532 5705 ut
558 5666 719 5719 super
746 5650 976 5705 Nestorii
1009 5651 1255 5705 doctrina
1287 5651 1609 5707 sententiam
1633 5665 1786 5705 suam

214 5730 325 5771 tum
366 5719 674 5775 Macedoniae
710 5722 996 5791 episc0pis,
1048 5732 1156 5776 tum
1201 5722 1425 5775 Orientis
1476 5722 1787 5777 antistitibus

215 5794 469 5853 perspicue
480 5809 575 5858 per
598 5793 791 5847 litteras
813 5803 1107 5861 exponeret.
1123 5793 1392 5850 Praeterea
1415 5792 1482 5849 ad
1507 5796 1643 5849 hanc
1669 5792 1788 5849 Cas-

1972 5236 1995 5264 ε
2044 5226 2274 5281 Nitidior
2300 5236 2445 5281 esset
2492 5226 2607 5279 haec
2631 5226 2995 5291 constructio,
3038 5222 3369 5295 prtepositus_
3392 5223 3483 5276 sub

1897 5299 2098 5351 nomine
2120 5298 2420 5350 sacerdotis.
2450 5296 2567 5350 Mox
2598 5295 2716 5350 loco
2747 5297 2903 5349 device
2931 5292 3296 5367 persuasionis,
3329 5292 3480 5348 Gree-

1894 5382 1990 5423 cus
2023 5371 2288 5438 interpres
2313 5367 2441 5436 legit
2470 5368 2619 5421 devia
2646 5367 2995 5435 persuasione.

1971 5437 1991 5477 ί
2020 5440 2109 5495 Sic
2135 5437 2265 5493 mss.
2291 5453 2354 5493 ac
2385 5438 2542 5503 Lab.,
2576 5438 2845 5509 βασιλέως.

1968 5520 1993 5557 8
2026 5509 2178 5564 Adde
2215 5510 2549 5564 advenientis.

1968 5578 1993 5616 h
2051 5581 2161 5636 Seu
2190 5580 2482 5636 sollicitudo
2510 5588 2586 5632 est
2609 5620 2625 5644 ,
2668 5595 2785 5633 cum
2831 5579 2990 5634 hostis
3020 5592 3221 5632 murum
3245 5575 3480 5644 obsidet,

1893 5668 2048 5723 quam
2095 5667 2211 5705 cum
2258 5653 2398 5705 intra
2446 5650 2830 5718 debacchatur;
2870 5650 3126 5721 leviusque
3163 5648 3406 5704 sollicitat
3435 5658 3483 5703 ct

1896 5722 2039 5795 angit
2060 5725 2291 5777 animum
2317 5722 2491 5792 lupus.
