3976 6336
457 258 566 316 467

1243 253 1302 314 S.
1341 249 1746 314 C(ELESTINI
1782 248 1812 309 Ῐ
1843 247 2052 308 PAPIE
2091 245 2454 308 EPISTOLE
2489 251 2586 310 ET
2619 247 2970 312 DECRETA.‘

3644 249 3760 315 868

458 372 813 442 bacchantis;
859 371 1144 444 leviusque
1178 369 1440 427 sollicitat
1485 370 1644 439 lupus
1689 373 1846 423 extra
1884 364 2047 421 ovilia

2159 369 2388 444 ισχῦση.
2433 370 2685 428 Ἐλάττων
2731 373 2833 452 γάρ
2871 372 3011 430 ἐστιν
3059 371 3093 435 ἥ
3126 372 3328 451 φροντίς
3358 372 3758 454 πολιορκοῦντος

460 483 774 542 pererrans,
805 482 968 539 quam
995 466 1140 522 inter
1164 477 1383 534 gregem
1415 461 1595 518 locum
1635 460 1869 532 pastoris
1899 461 2050 516 inva-

457 565 596 622 dens
625 582 642 619 :
685 565 812 636 quia
859 564 1055 619 bellum
1089 561 1208 632 plus
1236 575 1396 631 quam
1425 559 1585 615 civile
1616 569 1721 626 est,
1751 574 1871 626 cum
1907 558 2047 611 intra

459 656 795 726 Ecclesium,
835 656 888 710 id
918 663 1002 711 est
1031 655 1170 708 intra
1221 661 1247 690 ει
1290 654 1466 723 ipsum
1506 651 1708 707 Christi
1754 650 2050 704 thalamum

458 753 566 808 tela
611 759 774 807 sectas
823 748 1005 819 impice
1026 749 1323 818 jaciuntur.
1352 747 1504 802 Unde
1542 748 1894 801 vehementer
1921 759 2052 798 con-

459 846 674 902 tristata
706 850 835 899 sunt
862 853 1048 897 nostra
1078 842 1317 905 viscera,
1353 839 1494 910 quod
1534 839 1579 893 is
1619 837 1707 908 qui
1737 836 2048 892 Constanti-

457 939 826 1009 nopolitanam
858 937 1107 992 obtinere
1144 934 1358 989 videtur
1405 932 1734 998 Ecclesiam,
1764 929 2052 986 devotissi-

457 1033 563 1088 mis
593 1031 813 1088 Christo
856 1031 1068 1103 populis
1097 1045 1350 1100 perversa
1392 1027 1639 1099 qumdam
1670 1019 1859 1082 contra
1891 1039 2047 1080 reve-

455 1126 690 1182 rentiam
724 1123 953 1195 virginei
981 1134 1166 1192 partus
1190 1133 1244 1178 et
1274 1133 1461 1178 contra
1494 1136 1646 1190 spem
1674 1131 1875 1174 nostrzn
1901 1117 2042 1172 salu-

459 1216 533 1272 tis
562 1214 816 1272 infundit.
869 1217 994 1271 llaec
1041 1215 1108 1269 ad
1138 1228 1239 1269 nos
1269 1213 1550 1284 ingerente
1591 1212 1778 1266 dolore
1810 1210 2050 1264 ﬁdelium

455 1319 849 1383 pervenerunt,
883 1310 1003 1366 ltznc
1034 1309 1188 1364 libris
1217 1324 1354 1379 quos
1384 1309 1502 1378 ipse
1528 1307 1753 1362 miserat
1777 1305 2051 1375 publicata

453 1412 583 1459 sunt
611 1419 628 1471 ;
675 1409 760 1468 et,
791 1401 932 1473 quod
963 1401 1183 1469 majoris
1213 1399 1550 1470 probationis
1580 1409 1686 1466 est,
1719 1399 1834 1453 hate
1863 1396 1928 1451 ad
1955 1411 2053 1453 nos

454 1497 637 1552 missis
693 1491 994 1567 epiStolish
1042 1495 1156 1564 ipsa
1205 1491 1446 1564 auctoris
1499 1491 1894 1560 subscriptione
1934 1504 2056 1544 mn-

455 1588 585 1645 nitis
633 1588 710 1647 ita
765 1588 1038 1644 insinuata
1090 1591 1221 1662 sunt
1333 1593 1395 1640 ut
1442 1582 1683 1640 dubitari
1746 1581 1890 1638 ultra
1941 1595 2052 1637 non

455 1679 637 1756 liceat.

521 2055 580 2113 2.
610 2054 765 2113 Unde
802 2052 1055 2125 quoniam
1106 2051 1161 2107 in
1208 2048 1410 2107 talibus
1463 2047 1644 2103 causis
1685 2061 1792 2102 non
1822 2052 1907 2102 est
1937 2055 2051 2102 tuta

461 2149 677 2220 longior
702 2147 1078 2214 conniventia,
1118 2146 1245 2218 quia
1275 2143 1609 2199 tantumdem
1644 2157 1780 2212 pene
1805 2142 2051 2198 criminis

459 2255 547 2304 est
574 2244 865 2302 connivere
886 2259 914 2297 a
940 2242 1142 2298 talibus
1173 2239 1360 2310 quanti
1383 2239 1609 2294 sceleris
1631 2245 1717 2292 est
1745 2245 1853 2292 tam
1885 2237 2053 2291 sacri-

456 2341 578 2410 lega
619 2338 950 2410 prmdicare,
982 2344 1039 2390 et
1067 2335 1381 2405 episcopum
1421 2331 1731 2387 Nestorium
1761 2337 1817 2386 et
1847 2330 1892 2384 si
1930 2328 2051 2400 quis

455 2430 596 2486 alius
625 2445 748 2485 eum
781 2439 1004 2484 secutus
1033 2425 1151 2480 [nec
1203 2425 1486 2494 praedicat,
1519 2438 1546 2474 a
1579 2433 1762 2476 nostra
1803 2435 2050 2477 commn-

457 2525 622 2580 nionc
649 2521 1004 2583 secravimus,
1046 2516 1075 2557 ά
1102 2517 1358 2588 quamdiu
1387 2515 1655 2586 scriptura
1698 2514 2053 2586 professionis

458 2617 659 2674 emissa
687 2613 1093 2682 perversitatem
1126 2627 1284 2682 quam
1309 2618 1550 2681 cmpcrat
1581 2609 1776 2665 docere
1798 2607 2056 2663 condem-

458 2719 572 2773 net,
606 2719 658 2765 et
687 2708 827 2773 hanc
852 2706 920 2762 de
947 2704 1194 2776 virgineo
1223 2713 1404 2774 partu,
1435 2703 1486 2758 id
1509 2710 1594 2759 est
1620 2703 1686 2757 de
1714 2700 1933 2756 humani
1962 2716 2056 2773 ge-

458 2803 606 2859 neris
629 2802 823 2868 salute,
843 2800 1002 2854 fidem
1027 2805 1240 2853 asserat
1260 2813 1320 2854 se
1345 2809 1551 2861 tenere,
1567 2813 1725 2866 quam
1753 2795 2054 2851 secundum

457 2896 810 2968 apostolicam
854 2893 1158 2949 doctrinam
1201 2891 1447 2946 Romana
1495 2898 1551 2947 et
1596 2889 1962 2947 Alexandrina
1999 2897 2055 2963 et

459 2989 725 3046 catholica
772 2986 1096 3044 universalis
1141 2985 1384 3044 Ecclesia
1412 2993 1561 3042 tenet
1599 2991 1653 3039 et
1681 2993 1973 3040 veneratur
1999 2991 2058 3040 et

459 3084 738 3155 praedicat.
770 3083 825 3138 Si
856 3081 980 3154 quis
1004 3097 1136 3137 vero
1183 3088 1278 3135 ant
1312 3081 1380 3135 ab
1423 3089 1448 3119 °
1494 3079 1753 3148 episeopo
1779 3077 2048 3146 Nestorio,

2153 467 2248 517 τοῦ
2278 463 2492 540 ἐχθροῦ,
2523 464 2555 526 ἦ
2585 466 2726 528 ἐντὸς
2762 476 2957 541 τειχῶν
2997 469 3421 542 ἔκϐακχεῦοντος·
3461 473 3548 527 καί
3575 472 3758 547 κοῦφόν

2151 579 2297 638 τερον
2325 561 2695 637 παρενοχλεῖὸ
2724 562 2877 632 λύκος
2915 564 3062 625 ἐκτὸς
3105 572 3204 620 τῶν
3242 567 3488 638 ποιμνίων
3519 567 3755 622 ἀποπλα-

2151 653 2390 726 νώμενος,
2420 653 2553 730 ’ὅπερ
2579 657 2630 710 ἐν
2658 657 2785 729 αὐτῇ
2807 663 2871 732 τῇ
2897 656 3049 730 ἀγέλῃ
3078 657 3231 714 τόπον
3262 659 3494 727 ποιμένος
3519 660 3758 715 ἐπιλαϐό-

2151 763 2319 816 μενος·
2354 745 2624 824 ἐπειδήπερ
2649 748 2800 803 πλέον
2817 755 2911 805 τοῦ
2937 751 3177 824 ἐμφυλίου
3202 751 3426 823 πολέμου
3450 752 3604 815 ἐστὶν,
3632 752 3758 808 ὅταν

2153 838 2294 900 ἐντὸς
2319 848 2412 900 τῆς
2433 839 2725 907 ἐκκλησίας,
2751 842 3017 900 τουτέστιν
3038 843 3174 904 ἐντὸς
3198 845 3357 900 αὑτοῦ
3380 853 3472 902 τοῦ
3495 844 3629 900 οἴκου
3661 855 3754 901 τοῦ

2153 939 2303 997 Θεοῦ,
2343 931 2536 1009 δόρατα
2576 936 2898 1001 άκοντίζηται
2927 943 3021 997 τῆς
3061 937 3286 998 ἀσεϐοῦς
3321 940 3607 1011 θρησκείας.
3647 939 3754 994 ὅθεν

2152 1024 2282 1079 πάνυ
2307 1028 2710 1107 συντετάρακται
2733 1031 2873 1101 ἡμῶν
2895 1031 2960 1084 τά
2980 1031 3279 1114 σπλάγχνα,
3307 1029 3385 1086 ὅτι
3409 1027 3582 1094 οὗτος,
3610 1033 3751 1096 ὅστις

2153 1112 2293 1172 δοκεῖ
2315 1119 2554 1191 κατέχειν
2583 1125 2674 1180 τήν
2709 1122 2976 1179 ἐκκλησίαν
3014 1126 3606 1187 κωνσταντινουπόλεως.
3648 1135 3758 1189 τοῖς

2152 1210 2557 1282 καθώσιωμένοις
2585 1219 2676 1268 τοῦ
2717 1218 2945 1290 Χριστοῦ
2985 1212 3166 1284 δήμοις
3213 1214 3591 1294 διεστραμμένα
3639 1223 3759 1276 τινὰ

2155 1301 2346 1375 ἐκχέει,
2377 1305 2657 1361 ὑπεναντία
2683 1315 2776 1369 τῆς
2808 1315 2960 1375 τιμῆς
2983 1311 3069 1361 καί
3098 1307 3276 1369 αἰδοῦς
3307 1317 3398 1365 τοῦ
3426 1319 3636 1366 τοκετοῦ
3665 1321 3760 1375 τῆς

2153 1392 2303 1468 ἁγίας
2329 1396 2602 1474 παρθένου,
2627 1400 2711 1453 καί
2737 1398 3009 1454 ὑπεναντία
3037 1407 3130 1462 τῆς
3158 1399 3359 1461 ἐλπίδος·
3384 1411 3474 1463 τῆς
3503 1405 3759 1476 ἡμετέρας

2156 1492 2439 1564 σωτηρίας.
2471 1494 2652 1545 Ταῦτα
2681 1490 2906 1548 εἰσῆλθεν
2931 1489 3326 1552 ὑποϐαλλούσης
3363 1500 3452 1553 τῆς
3482 1483 3761 1574 amasso;

2152 1590 2257 1640 τῶν
2280 1589 2507 1646 πιστῶν,
2537 1581 2572 1639 ἃ
2609 1583 2884 1657 ἐγνωρίσθη
2917 1581 3003 1640 διά
3039 1591 3139 1639 τῶν
3171 1584 3396 1652 βιϐλίων.
3432 1584 3566 1663 ἅπερ
3601 1588 3760 1647 αὐτὸς

2155 1671 2382 1748 ἔπεμψε
2421 1677 2506 1730 καὶ
2541 1673 2668 1751 ὅπερ
2709 1678 2935 1748 μείζονος
2971 1675 3278 1743 ἀποδείξεως
3312 1675 3391 1742 ἧν,
3432 1681 3758 1752 πεμφθεισῶν

2076 1765 2126 1828 Β
2151 1763 2429 1823 ἐπιστολῶν
2468 1768 2602 1845 πρὸς
2638 1770 2797 1840 ἡμᾶς,
2845 1769 3119 1846 ὑπογραφῇ
3162 1772 3325 1827 αὑτοῦ
3377 1777 3466 1826 τοῦ
3513 1774 3760 1826 αὐθέντω

2152 1859 2537 1938 ὧχυρωμένων,
2581 1864 2652 1924 ὦς
2689 1863 3062 1938 ἆμφιϐληθῆναι
3104 1875 3127 1904 ε
3168 1863 3292 1945 παρ’
3323 1865 3508 1943 ἐτέρων
3543 1873 3613 1940 μὴ
3650 1871 3761 1934 ἐξὸν

2153 1949 2303 2012 εἶναι.

2221 2043 2371 2103 Ὀθεν
2396 2045 2571 2109 ἐπειδὴ
2598 2047 2732 2124 ῦπέρ
2759 2049 3003 2107 τοιοῦτων
3028 2050 3202 2106 αἰτιῶν
3229 2052 3319 2106 οῦκ
3354 2049 3387 2108 ἕ
3387 2074 3499 2109 στιν
3528 2053 3762 2128 ἀσφαλὴς

2152 2141 2187 2200 ἠ
2215 2143 2507 2218 μακροτέρα
2545 2143 2959 2218 παρενθῦμησις’
2994 2149 3228 2200 τοιοῦτον
3265 2146 3366 2222 γάρ
3407 2147 3518 2203 ἐστι
3560 2145 3759 2220 σχεδὸν

2154 2230 2385 2307 ἴγκλημα
2410 2235 2841 2312 παρενθνμεῖσθαε
2869 2237 2937 2292 τὰ
2965 2241 3208 2298 τοιαῦτα,
3233 2236 3404 2293 ὁποῖόν
3441 2240 3554 2295 ἐστι
3587 2247 3761 2312 μῦσος

2154 2336 2373 2385 τοιαῦτα
2415 2328 2654 2406 ίερόσυλα
2689 2330 2872 2402 λέγειν’
2909 2333 2996 2386 καί
3034 2331 3120 2388 τὸν
3158 2329 3429 2388 ἐπίσκοπον
3459 2337 3755 2412 Νεστὸριον,

2154 2422 2238 2476 καὶ
2261 2417 2314 2476 εἴ
2337 2442 2416 2482 τις
2452 2419 2602 2484 ἄλλος
2644 2423 2787 2496 αὐτῷ
2819 2424 3166 2488 ἀκολουθήσας
3205 2432 3421 2482 τοιαῦτα
3459 2427 3611 2501 λέγει.
3653 2431 3757 2484 ἀπὸ

2153 2521 2249 2574 τῆς
2277 2514 2528 2593 ἡμετέρας
2552 2520 2810 2578 κοινωνίας
2841 2519 3265 2594 ἀποχωρίζομεν,
3289 2521 3384 2583 ἕως
3405 2518 3463 2575 οὗ
3484 2520 3548 2578 δι’
3570 2526 3760 2596 ἐγγρά-

2156 2629 2250 2684 φου
2288 2606 2554 2682 ὁμολογίας
2598 2613 2909 2686 πεμφθείσης
2930 2655 2940 2671 .
2977 2617 3068 2673 τήν
3103 2611 3442 2690 διαστροφὴν,
3474 2616 3533 2676 ἣν
3565 2615 3760 2696 ἤρξατο

2156 2699 2428 2766 διδάσκειν,
2460 2708 2771 2781 κατακρίνῃ.
2804 2710 2890 2762 καί
2918 2709 3112 2769 ταύτην
3139 2709 3323 2766 ἐαυτὸν
3351 2713 3472 2787 περὶ
3497 2719 3587 2767 τοῦ
3616 2734 3760 2790 παρ·

2157 2795 2350 2853 θενικοῦ
2379 2795 2549 2861 τόκου,
2584 2799 2824 2854 τουτέστι
2844 2803 2964 2877 περί
2993 2809 3087 2861 τῆς
3125 2805 3386 2880 σωτηρίας
3422 2810 3515 2859 τοῦ
3543 2813 3644 2859 τῶν
3679 2805 3763 2860 διν-

2155 2888 2370 2964 θρῶπων
2393 2889 2590 2962 γένους,
2619 2894 2710 2950 την
2739 2893 2916 2948 πίστιν
2945 2891 3231 2967 ὁμολογήσῃ
3258 2896 3522 2968 κατέχειν,
3555 2899 3614 2956 ἦν
3641 2920 3763 2966 τινα

2156 2984 2294 3039 κατὰ
2343 2987 2434 3042 τήν
2478 2983 2824 3044 ἀποστολικην
2869 2973 3194 3042 διδασκαλίαν
3230 2981 3268 3046 ’ἠ
3313 2986 3566 3059 Ῥωμαίων
3601 2994 3693 3045 καὶ
3729 2993 3761 3051 :3

2156 3072 2539 3150 ’Δλεκανδρὲων,
2563 3078 2650 3130 καί
2668 3078 2699 3135 ἡ
2715 3076 2943 3136 καθολική
2963 3083 3241 3149 πανταχοῦ
3263 3078 3499 3138 ἐκκλησία
3521 3082 3758 3152 κατέχει,

459 3183 556 3232 aut
583 3176 650 3230 ab
674 3175 740 3230 iis
771 3174 860 3245 qui
888 3189 1013 3230 eum
1045 3181 1348 3246 sequuntur
1367 3213 1381 3237 ,
1408 3187 1474 3228 ex
1497 3187 1606 3242 quo
1630 3169 1757 3226 talia
1789 3170 2051 3240 praedica-

2162 3160 2182 3202 ί
2213 3170 2549 3244 προσκυνησῃ
2575 3189 2630 3224 τε
2660 3171 2748 3222 καί
2776 3168 3083 3244 ὁμολογήσῃ.
3117 3167 3292 3245 Εἶήτις
3317 3168 3371 3226 δέ
3399 3170 3430 3232 ἢ
3455 3173 3555 3228 ἀπὸ
3573 3185 3762 3230 Νεστο-

461 3283 524 3326 re
549 3275 854 3338 coeperunt,
874 3268 959 3324 vel
988 3267 1511 3333 excommunicatus,
1532 3265 1617 3320 vel
1641 3270 1834 3320 exutus
1851 3275 1931 3320 est
1959 3279 2056 3319 seu

465 3364 743 3432 antistitis,
775 3378 872 3420 seu
892 3362 1080 3418 clerici
1109 3362 1397 3434 dignitate,
1430 3361 1577 3416 hunc
1603 3362 1657 3418 in
1691 3369 1878 3416 nostra
1909 3376 2058 3416 com-

463 3460 724 3512 munione
763 3465 818 3511 et
853 3455 1112 3521 durasse,
1162 3449 1220 3510 et
1254 3465 1280 3503 ε
1313 3454 1510 3510 durare
1539 3453 1886 3508 manifestum
1935 3465 2054 3534 est;

464 3563 568 3604 nec
591 3548 898 3619 jndicamus
935 3556 1202 3605 remotum
1238 3565 1252 3600 :
1283 3546 1408 3616 quia
1462 3562 1568 3603 non
1610 3557 1826 3618 poterat
1869 3563 2058 3616 quem-

465 3654 627 3712 quam
653 3643 771 3710 ejus
795 3655 1076 3696 removere
1100 3639 1394 3708 sententia,
1417 3640 1510 3711 qui
1539 3653 1602 3696 se
1619 3639 1734 3712 jam
1752 3639 2059 3711 praebuerat

465 3733 586 3804 ipse
614 3733 1033 3806 removendum.

529 3911 585 3970 ὅ.
628 3911 786 3979 llaec,
821 3910 992 3969 frater
1021 3912 1373 3981 charissima,
1410 3909 1480 3968 ad
1509 3911 1861 3968 sanctitatem
1904 3919 2054 3969 tuam

466 4004 752 4062 scribenda
791 4004 1083 4074 duximus,
1122 4015 1180 4061 ut
1213 4007 1266 4061 in
1291 4004 1523 4061 Domino
1560 4005 1870 4070 roboratus,
1896 4016 1950 4062 ct
1977 4003 2058 4060 ia-

461 4096 727 4154 miliarem
757 4100 961 4170 pectori
984 4108 1079 4155 tuo
1108 4098 1331 4155 loricam
1359 4097 1562 4154 Christi
1583 4113 1705 4154 cum
1734 4093 1766 4136 ιι
1795 4110 1951 4154 scuto
1972 4113 2056 4154 ca-

462 4192 678 4250 tholica:
700 4194 1100 4266 praedicationis
1129 4194 1379 4261 indutus,
1413 4208 1610 4265 greges
1641 4194 1854 4250 Domini
1883 4194 2054 4250 nostri

459 4287 586 4344 Jesn
619 4287 850 4355 Christi,
881 4287 973 4359 qui
1002 4303 1102 4359 pro
1137 4287 1297 4343 nobis
1322 4295 1480 4342 natus
1502 4298 1556 4342 et
1576 4300 1770 4358 passus
1795 4294 1908 4355 est,
1961 4286 2054 4357 qui

461 4381 721 4438 reseratis
742 4380 934 4437 inferis
961 4390 1016 4437 et
1040 4389 1214 4436 morte
1238 4379 1453 4436 devicta
1475 4394 1571 4450 pro
1596 4378 1748 4436 nobis
1775 4378 1863 4434 die
1894 4377 2054 4434 tertio

459 4477 806 4544 resurrexit,
854 4491 888 4532 a
937 4477 1304 4548 persuasionis
1354 4477 1608 4548 pessima:
1650 4476 1915 4549 pravitate
1957 4476 2056 4533 de-

463 4568 672 4624 fendas.

533 4659 589 4715 4.
605 4658 758 4717 Sicut
781 4669 957 4717 autem
984 4659 1052 4717 ad
1077 4669 1322 4718 sanctum
1351 4659 1574 4719 fratrem
1591 4668 1647 4718 et
1666 4660 2048 4732 coepiscopum

462 4757 707 4808 nostrum
747 4750 1044 4824 Cyrillum,
1074 4753 1274 4808 bonum
1309 4750 1329 4794 ι
1381 4754 1507 4810 ﬁdei
1536 4754 1818 4810 catholica:
1863 4753 2050 4810 defen-

459 4857 672 4910 sorem,
720 4845 1076 4916 scripsimus,
1111 4846 1248 4902 hanc
1287 4848 1356 4904 de
1404 4847 1593 4903 eodem
1632 4847 1884 4903 Nestorio
1913 4847 2050 4904 sciat

459 4936 716 4990 sanctitas
747 4945 836 4993 tua
869 4951 901 4991 ο
935 4937 1122 5004 nobis,
1163 4938 1330 4994 immo
1357 4954 1386 4995 a
1425 4937 1640 4996 Christo
1684 4939 1833 5008 Deo,
1883 4938 2044 4994 latam

455 5043 578 5088 esse
608 5031 932 5087 sententiam
958 5073 975 5101 ,
1007 5039 1070 5088 ut
1092 5040 1186 5089 aut
1223 5033 1363 5090 intra
1392 5031 1582 5089 decem
1603 5033 1719 5089 dies
1752 5035 1769 5086 ι
1807 5047 1878 5088 ex
1909 5046 2046 5088 con-

527 5221 554 5286 f‘
579 5215 803 5286 Graecus
832 5215 1101 5286 interpres
1125 5214 1286 5286 legit,
1321 5214 1462 5270 intra
1489 5214 1658 5286 ipsam
1685 5211 1895 5269 domum
1923 5210 2044 5270 Dei.

521 5282 552 5323 δ
583 5285 755 5352 Supra
781 5282 1036 5354 epistt.:6
1063 5294 1118 5342 et
1143 5282 1199 5343 7.

528 5365 552 5434 ξ
581 5355 711 5434 [λος.
732 5357 1042 5434 περαιτέρω.

520 5423 549 5463 ἀ
579 5423 689 5482 Ceu
714 5423 908 5497 quoad.

527 5506 551 5535 ο
583 5498 788 5572 Nomen
813 5499 1040 5572 episcopi
1057 5498 1280 5557 Graecus
1303 5501 1574 5567 interpres
1591 5499 1816 5566 reticet;
1842 5509 1896 5557 et
1918 5515 2043 5556 mox

450 5580 553 5637 pro
579 5570 870 5644 pradicqre
890 5570 1172 5644 eruperunt,
1206 5573 1334 5644 legit
1375 5573 1660 5644 prrredicare
1680 5573 1870 5644 _cmpit.
1924 5573 2040 5644 Ipsa

453 5641 634 5696 tamen
687 5641 936 5699 lectionis
977 5641 1183 5700 Latina
1212 5641 1383 5699 verba
1402 5643 1655 5699 Nicolaus
1680 5641 1702 5697 ι
1724 5645 1882 5714 epist.
1909 5644 1944 5702 8
1972 5643 2038 5700 ad

454 5707 613 5765 Mich.
647 5713 864 5765 retinet.

509 5713 613 5765 ich.
647 5713 864 5769 retinet.

579 5783 710 5854 Leg.
739 5793 1024 5855 προσκυνεῖ
1042 5807 1101 5845 τε
1127 5789 1214 5844 καί
1236 5785 1489 5860 ὁμολογεῖ.

2157 3258 2293 3333 ρίου,
2322 3255 2354 3318 ἦ
2385 3258 2485 3314 ἀπὸ
2521 3267 2621 3314 τῶν
2658 3255 2817 3315 ἄλλων
2853 3261 2988 3333 αὐτῷ
3028 3260 3544 3332 ἑξακολουθησάντων,
3580 3266 3668 3338 ἀφ’
3699 3262 3762 3322 οὗ

2155 3351 2224 3408 τὰ
2266 3357 2479 3407 τοιαῦτα
2513 3351 2700 3427 ἤρξατο
2741 3353 2940 3418 λαλεῖν,
2988 3353 3019 3413 ἦ
3051 3355 3382 3416 ἀκοινώνητος
3431 3358 3621 3429 ἐγένετο
3650 3398 3665 3419 ,
3731 3358 3768 3420 ἦ

2157 3446 2421 3521 ἐγυμνώθη
2449 3454 2541 3508 τῆς
2566 3453 2658 3502 τοῦ
2681 3447 2856 3524 ἱερέως
2878 3450 3043 3514 ἀξίας,
3066 3447 3096 3508 ἦ
3118 3457 3209 3509 τῆς
3234 3456 3322 3504 τοῦ
3350 3450 3601 3526 κληρικοῦ,
3625 3461 3770 3508 τοῦς

2156 3558 2243 3605 τον
2281 3539 2330 3592 ἐν
2363 3546 2426 3611 τῇ
2451 3538 2674 3613 ἡμετέρα
2706 3540 2934 3614 κοινωνίᾳ
2970 3543 3058 3596 καί
3085 3542 3432 3612 μεμενηκέναι,
3465 3545 3549 3596 καί
3587 3546 3771 3616 μένειν

2156 3631 2228 3690 είς
2251 3630 2312 3686 τὸ
2337 3629 2449 3695 ἑξῆς
2479 3631 2820 3705 ὡμολόγηται“
2863 3636 2944 3688 καί
2966 3632 3080 3689 οὐδὲ
3108 3633 3316 3706 λέγομεν
3339 3635 3490 3689 αὐτὸν
3517 3637 3770 3693 ostensa:-

2155 3723 2357 3781 νῆσθαι⁶
2388 3722 2662 3797 ἐπειδήπερ
2692 3723 2806 3779 οῦδέ
2835 3723 3051 3785 ἠδύνατό
3076 3747 3188 3780 τινα
3225 3727 3256 3784 ἦ
3279 3727 3464 3781 τούτου
3493 3727 3770 3801 ἀπόφασις

2157 3817 2426 3886 άποκινεῦν,
2453 3811 2598 3878 ὅστις
2623 3817 2799 3872 ἑαυτὸν
2822 3819 3092 3894 παρέσχεν
3118 3816 3214 3878 ἤδη
3243 3820 3584 3880 ὰποκινητέον.

2229 3914 2429 3973 Ταῦτα,
2465 3908 2643 3984 ἀδελ.φέ
2683 3913 2991 3983 τιμιώτατε,
3028 3912 3161 3987 πρὸς
3197 3917 3288 3971 τήν
3328 3917 3426 3972 σήν
3462 3912 3773 3987 ἁγιωσύνην

2155 3999 2462 4079 ἐγράψαμεν,
2510 4001 2595 4057 ἵνα
2640 3999 3000 4073 ἐνδυναμωθείς
3037 4004 3087 4056 ἐν
3131 4009 3205 4077 τῷ
3249 4001 3491 4078 δεσπότῃ.
3537 4011 3626 4062 καί
3667 4011 3772 4064 τὸν

2156 4093 2337 4147 οἰκεῖον
2363 4098 2436 4165 τῷ
2467 4095 2637 4152 στήθει
2673 4093 2878 4170 θώρακα
2905 4097 2986 4148 καί
3021 4099 3112 4155 τήν
3143 4095 3324 4152 ἐλπίδα
3358 4106 3450 4158 τῆς
3487 4098 3772 4161 καθολικῆς

2157 4184 2424 4261 ὁμολογίας
2451 4185 2808 4260 ἐνδυσάμενος,
2841 4193 2932 4248 τήν
2961 4188 3138 4262 ἀγέλην
3165 4197 3254 4246 τοῦ
3286 4192 3529 4265 ἡμετέρου
3560 4189 3770 4250 δεσπό-

2155 4299 2245 4335 του
2266 4278 2432 4338 Ἰησοῦ
2462 4285 2708 4355 Χριστοῦ,
2741 4276 2887 4335 ὄστεν
2924 4280 3057 4358 ὺπέρ
3085 4282 3229 4353 ἡμῶν
3266 4284 3497 4357 ἐγεννήθη
3525 4286 3608 4338 καί
3628 4282 3773 4340 ἕποιο

2154 4371 2255 4438 θεν,
2289 4370 2432 4434 ὅστις
2467 4375 2554 4428 καί
2583 4374 2878 4447 ἀνοιγέντων
2907 4381 3009 4429 τῶν
3045 4377 3399 4446 καταχθονίων
3436 4379 3629 4430 καὶτοῦ
3661 4379 3772 4433 92-

2153 4466 2308 4524 νάτου
2329 4467 2646 4530 ἡττηθέντος,
2669 4467 2802 4543 ὑπὲρ
2839 4469 2978 4538 ἡμῶν
3025 4474 3090 4544 τῇ
3125 4469 3272 4543 τρίτῃ
3324 4469 3490 4546 ἡμέρᾳ
3537 4470 3764 4542 ἀνέστη,

2078 4550 2135 4612 D
2157 4560 2260 4618 ἀπό
2285 4570 2379 4622 τῆς·
2423 4567 2652 4636 πονηρᾶς
2687 4562 2768 4616 καὶ
2804 4563 3092 4633 αἰσχίστης
3131 4559 3464 4623 διδασκαλίας
3503 4563 3764 4638 audcior.

2224 4648 2429 4730 Ὠσπερ
2457 4651 2511 4707 δέ
2534 4654 2618 4708 καί
2644 4654 2776 4730 πρὸς
2803 4653 2892 4708 τὸν
2925 4650 3208 4728 ἁγιώτατον
3247 4651 3452 4727 ἀδελφὸν
3485 4657 3570 4708 καί
3594 4676 3766 4731 συνε-

2153 4750 2406 4805 πίσκοπον
2427 4749 2566 4822 ἡμῶν
2586 4749 2841 4825 κύριλλον,
2866 4748 2952 4804 τὸν
2973 4749 3154 4828 ἀκριϐῆ
3175 4758 3266 4812 τῆς
3286 4751 3550 4810 καθολικῆς
3572 4749 3735 4814 iulg
3759 4787 3768 4796 -

2155 4845 2276 4904 σίας
2307 4847 2396 4898 καί
2427 4845 2656 4904 πίστεως
2691 4840 2902 4906 ἔιδίκον,
2938 4843 3260 4922 ἐγράψαμεν,
3301 4848 3422 4922 περὶ
3461 4849 3546 4900 τοῦ
3584 4844 3762 4899 αὐτοῦ

2151 4940 2423 5017 Νεστορίου
2451 4937 2744 5012 γινωσκέτω
2771 4938 2803 4996 ἦ
2830 4940 2898 4996 σὴ
2927 4937 3184 5010 ἀγιωσῦνη
3217 4937 3342 5012 παρ’
3371 4939 3530 5009 ἡμῶν,
3559 4935 3764 5008 μᾶλλον

2151 5028 2206 5088 δέ
2227 5031 2314 5087 ὑπ’
2334 5033 2488 5088 αὐτοῦ
2518 5037 2611 5088 τοῦ
2634 5029 2890 5090 δεσπότου
2918 5037 3144 5109 Χριστοῦ
3167 5032 3252 5087 καί
3280 5037 3410 5090 Θεοῦ
3429 5031 3763 5102 ἐξενηνεγμέο

2226 5222 2254 5263 ι
2284 5213 2437 5270 Adde
2468 5213 2723 5279 deinceps.

2220 5282 2250 5355 ll
2285 5287 2388 5338 Pro
2419 5295 2560 5338 scuto
2586 5287 2724 5337 male
2752 5284 3021 5352 interpres
3045 5283 3269 5339 Grtrcus
3299 5283 3427 5355 legit
3453 5299 3559 5355 spe.

2229 5354 2246 5394 ί
2284 5356 2342 5410 1η
2374 5357 2586 5423 Cra-co,
2620 5355 2871 5410 Ecclesiae
2888 5365 2937 5410 et
2969 5355 3106 5421 ﬁdei.

2226 5427 2242 5479 i
2279 5428 2432 5488 Ms.
2462 5443 2526 5482 ea:
2562 5429 2893 5481 conventione
2940 5426 3101 5495 hujus
3125 5427 3250 5482 diei.
3287 5425 3367 5480 Ex
3395 5425 3624 5493 epistola
3647 5439 3754 5482 sn-

2149 5499 2351 5569 periori
2384 5498 2669 5566 legendum
2715 5513 2837 5552 esse
2881 5497 3072 5566 liquet,
3121 5514 3186 5552 ex
3213 5496 3555 5569 conventionis
3584 5497 3752 5568 hujus

2149 5568 2262 5636 die,
2297 5572 2382 5624 vel
2415 5570 2738 5638 simpliciter
2763 5586 2828 5624 ex
2851 5570 3200 5623 conventionis
3223 5571 3307 5622 die
3331 5610 3346 5632 ,
3378 5568 3481 5622 boc
3523 5579 3646 5634 est,
3688 5579 3754 5624 ut

2148 5642 2418 5711 interpres
2445 5641 2670 5699 Graecus
2697 5651 2849 5698 recte
2875 5641 3162 5708 intellexit,
3187 5657 3252 5697 ea:
3277 5641 3361 5696 die
3391 5655 3492 5712 quo
3517 5654 3742 5696 converto
3813 5668 3816 5670 τ

2148 5722 2229 5768 tus
2256 5713 2433 5788 fuerit.
