3976 6336
340 231 443 289 ιω

1115 227 1334 287 EPIST.
1373 227 1513 287 XIII.
1543 257 1619 273 —
1644 226 2043 287 C(ELESTINI
2084 230 2287 291 PAPE
2329 231 2423 290 AD
2456 230 2875 293 NESTORIUM.

3531 246 3638 301 ιιο

340 348 615 409 ventionis
681 346 849 422 huius
902 348 991 405 die
1045 348 1411 405 numerandos
1439 394 1455 420 ,
1515 348 1810 420 sacrilegas
1867 347 1915 403 dt

2036 371 2122 409 νην
2150 344 2274 408 εἶναι
2301 356 2397 413 σὴν
2424 352 2700 429 ἀπόφασιν.
2718 353 2803 411 ἵνα
2823 351 2856 418 ἦ
2876 353 3015 420 ἐντός
3035 352 3159 415 δίκα
3181 358 3383 438 ἡμερῶν
3403 363 3635 440 ἀριθμου·

338 445 544 502 Christi
591 444 870 499 nativitatc
900 442 1312 514 praedicationes
1343 456 1471 499 suas
1499 443 1699 513 scripta
1725 443 1933 513 profes-

338 541 494 595 sione
523 538 871 605 condemnet,
900 546 954 592 et
985 537 1125 593 hanc
1156 552 1213 592 se
1245 537 1562 607 proﬁteatur
1591 536 1751 591 ﬁdem
1778 536 1930 607 sequi

345 647 507 703 quam
556 630 797 686 Romana
826 638 883 686 et
925 628 1287 685 Alexandrina
1316 636 1372 685 et
1392 630 1709 684 universalis
1751 637 1932 684 servat

336 724 622 789 Ecclesia;
664 733 753 777 aut
782 723 1160 792 episcoporum
1194 730 1337 779 centu
1368 729 1634 785 remotus,
1666 721 1931 793 intelligat

337 826 366 856 ι
395 817 497 871 sibi
549 831 701 869 suam
744 814 984 872 obfuisse
1015 817 1329 886 perniciem.
1363 815 1471 873 Sed
1512 825 1569 870 ut
1602 818 1715 871 haec
1744 832 1866 887 qua:
1898 831 1927 870 a

333 911 496 968 uobis
531 910 749 967 decreta
785 918 915 965 sunt
942 908 972 949 ι»
1009 910 1360 967 exercitatius
1398 921 1706 981 agerentur,
1741 925 1837 980 per
1865 908 1927 964 ﬁ-

322 1006 463 1063 lium
528 1012 775 1060 nostrum
828 1003 1173 1061 Posidonium
1228 1006 1609 1061 Alexandrina:
1665 1004 1926 1060 Ecclesia:

328 1094 619 1153 diaconum
645 1110 859 1155 nostras
884 1099 952 1154 ad
973 1100 1317 1155 dilectionem
1344 1108 1486 1153 tuam
1511 1099 1780 1153 voluimus
1802 1097 1927 1153 ﬁdo-

329 1191 434 1248 lius
456 1195 714 1265 epistolas
738 1205 759 1236 α
786 1209 1111 1251 commeare.
1144 1196 1274 1251 Data
1308 1196 1428 1251 idus
1452 1195 1679 1268 Augusti
1696 1192 1724 1233 τι
1743 1195 1925 1251 Theo-

330 1282 489 1342 dosio
520 1301 618 1343 xm
641 1298 695 1345 et
715 1286 1095 1345 Valentiniano
1122 1303 1183 1345 ιιι
1210 1288 1547 1347 consulibus.

2034 442 2196 512 μένων
2221 444 2301 515 ἀφ’
2329 442 2388 506 ἧς
2413 448 2610 523 ἡμέρας
2636 447 2981 523 ὑπομνησθεὶς
3023 452 3119 513 τὰς
3148 452 3442 531 ἱεροσύλους
3473 461 3633 515 αὐτοῦ

2033 535 2369 630 διδασκαλίας·
2405 544 2526 616 περὶ
2560 549 2655 603 τῆς
2686 548 2778 599 τοῦ
2810 551 3037 623 Χριστοῦ
3075 551 3358 621 γεννήσεως
3400 554 3635 630 ἐγγράφῳ

2032 628 2272 705 ὁμολογίᾳ
2306 630 2659 710 καταδικάσῃ,
2700 638 2786 691 καί
2814 638 2981 712 ταύτῃ
3028 637 3207 696 ἑαυτὸν
3243 628 3533 721 ὁμολογήσῃ

2030 725 2205 779 πίστει
2233 723 2545 788 ἀκολουθεῖν,
2581 728 2638 785 ἦν
2665 749 2777 783 τινα
2800 732 2881 784 καί
2908 732 2939 789 ri
2973 728 3251 805 Ῥωμαίων.
3286 740 3371 790 καὶ
3412 740 3442 794 ἡ
3470 710 3633 804 Ἀλεξζ

2030 814 2266 890 ανδρέων,
2293 820 2381 872 καί
2400 819 2431 877 ἡ
2460 820 2688 881 καθολική
2716 822 2980 897 φυλάττειν
3009 823 3294 886 Ἐκκλησία·
3332 829 3362 889 ἢ
3401 832 3503 885 ἀπὸ
3541 850 3632 894 τίς

2030 908 2251 963 συνόδου
2290 916 2391 965 τῶν
2427 910 2722 968 ἐπισκόπων
2756 917 3094 984 άποκινηθείς,
3135 924 3428 992 γινωσκέτω
3465 930 3632 992 οἰκείῳ

2027 1000 2207 1058 ἔαυτόν
2252 1002 2530 1080 βεϐλάφθαι
2564 1007 2765 1083 ὀλέθρῳ.
2801 1005 2914 1064 ἰνα
2952 1007 3192 1069 δὲταῦτα
3227 1016 3293 1069 τά
3337 1017 3463 1091 παρ’
3492 1021 3629 1089 ἡμῶν

2026 1097 2377 1170 ἀποφανθέντά
2401 1099 2798 1182 σπουδαιότερον
2826 1104 3131 1168 ἐξανυσϐείη.
3162 1106 3243 1161 διά
3264 1116 3353 1163 τοῦ
3382 1114 3628 1184 ἡμετέρου

2026 1193 2140 1248 υίοῦ
2172 1193 2508 1251 Ποσειδωνίου
2550 1203 2643 1253 τοῦ
2674 1196 2909 1253 διακόνου
2948 1208 3040 1261 τῆς
3060 1200 3418 1277 Ἀλέξανδρέων
3455 1208 3627 1268 ivx/Jug-

2029 1291 2145 1352 σίας
2168 1292 2263 1353 τάς
2289 1292 2539 1370 ἡμετέρας
2560 1293 2835 1354 ἐπιστολὰς
2854 1295 2983 1370 πρὸς
3004 1300 3093 1355 τήν
3118 1302 3209 1354 σήν
3232 1296 3451 1353 διάθεσιν
3478 1302 3626 1359 ἠϐουη

2027 1380 2279 1450 λήσθημεν
2307 1384 2615 1461 πιστότερον
2657 1383 3059 1457 διακομισθῆναι.
3092 1398 3147 1442 ‘0
3176 1389 3299 1450 Θεὸς
3338 1390 3627 1461 ὐγιαίνοντά

2031 1499 2091 1533 σε
2119 1476 2467 1553 διαφυλάττοι,
2504 1477 2682 1552 ἀδελφέ
2708 1482 3003 1553 τιμιώτατε.

1683 1575 1708 1607 ο
1751 1566 2087 1624 EPISTOLA
2128 1572 2267 1625 Xlll.

1489 1673 1788 1718 εαειεετιαι
1818 1676 1967 1715 ΡΑΡΕ
2006 1676 2022 1715 Ῑ
2062 1678 2130 1717 ΑΙ)
2169 1677 2489 1719 Νεετοιιιῐιιι.

322 1755 514 1837 Ipsum
549 1755 724 1837 impia:
751 1755 991 1810 novitatis
1026 1771 1170 1837 reum
1201 1754 1431 1837 convinci
1452 1763 1662 1837 ,_atque
1698 1753 2025 1837 anathemate
2073 1756 2283 1837 dignum
2324 1774 2449 1812 esse.
2479 1756 2794 1837 .Denuntiat‘
2817 1762 2893 1825 ei,
2941 1761 3045 1837 nisi
3083 1778 3211 1837 quos
3244 1780 3273 1819 ε
3320 1765 3461 1837 regia
3505 1766 3627 1822 urbs

390 1830 589 1899 injuste
612 1826 829 1898 ejecerat
848 1829 1118 1895 revocarit,
1140 1838 1189 1883 et
1210 1828 1348 1899 quod
1370 1828 1526 1895 impie
1549 1834 1774 1880 senserat
1796 1835 1972 1898 aperte
1989 1826 2248 1883 damnarit
2271 1870 2287 1897 ,
2315 1839 2429 1901 post
2454 1830 2709 1885 decimum
2738 1831 2875 1886 diem
2899 1832 2963 1887 ab
2991 1826 3241 1890 Ecclesia
3274 1826 3624 1893 cominunionu

394 1900 772 1973 segregandam
814 1916 945 1955 esse.

488 2019 850 2074 Dilectissimo
881 2017 1036 2073 fratri
1066 2016 1345 2073 Nssronto
1377 2012 1756 2071 Cmnesrmus.

394 2138 452 2193 1.
494 2136 799 2204 Aliquantis
826 2135 1019 2191 diebus
1058 2136 1181 2190 vitae
1213 2143 1444 2201 nostrae,
1479 2143 1598 2202 post
1631 2130 1923 2186 nefandum

315 2239 374 2287 et
420 2245 566 2301 sa'pe
609 2229 925 2285 damnatum
972 2229 1169 2299 dogma
1221 2227 1422 2299 Pelagii
1468 2236 1628 2296 atque
1656 2224 1923 2291 leestii,

318 2324 342 2368 ί
363 2326 693 2383 catholicam
718 2323 877 2379 ﬁdem
902 2325 1054 2395 quies
1078 2323 1291 2389 habuit,
1316 2321 1530 2390 quando
1554 2336 1649 2375 eos
1670 2337 1790 2376 cum
1815 2335 1924 2375 suae

314 2420 707 2490 diSputationis
728 2419 1049 2490 sequacibus
1070 2428 1093 2467 ε
1112 2419 1219 2473 telo
1241 2417 1411 2473 unitae
1433 2416 1716 2472 sententim
1732 2415 1924 2470 Oriens

314 2512 698 2583 Occidensque
724 2514 1011 2582 percussit.
1038 2512 1277 2581 Denique
1300 2521 1503 2566 saneta:
1528 2508 1926 2566 recordationis

312 2605 556 2673 Atticus,
611 2607 891 2664 catholica:
943 2606 1201 2677 magister
1255 2604 1421 2669 fidei,
1478 2613 1534 2659 ct
1578 2618 1706 2657 Vere
1766 2603 1925 2657 beato

313 2698 519 2755 Joanui
546 2700 706 2754 etiam
738 2699 805 2755 ad
847 2698 948 2754 ista
979 2711 1269 2753 successor
1296 2738 1312 2763 ,
1360 2711 1456 2751 eos
1498 2696 1567 2749 ita
1607 2705 1926 2763 persecutus

314 2798 408 2846 est
437 2806 534 2859 pro
562 2787 589 2828 ιι
623 2806 748 2861 rege
779 2790 1077 2855 communi,
1102 2799 1159 2844 ut
1180 2790 1245 2843 iis
1274 2804 1341 2844 nc
1371 2788 1544 2842 standi
1576 2788 1792 2854 quidem
1818 2786 1927 2842 illic

313 2885 477 2954 copia
506 2893 874 2955 praestaretur.
906 2884 1101 2940 Mansit
1130 2898 1228 2937 nos
1260 2890 1380 2951 post
1406 2883 1524 2951 ejus
1550 2884 1751 2938 exitum
1778 2881 1930 2937 solli-

312 2977 506 3033 citudo
530 2978 612 3033 vel
635 2979 891 3043 maxima,
917 2993 1039 3033 cum
1065 2992 1349 3032 successor
1369 2977 1537 3046 ipsius
1559 2985 1737 3029 utrum
1763 2976 1926 3030 etiam

312 3068 375 3126 in
408 3069 528 3140 ejus
554 3071 662 3127 ﬁde
690 3071 1012 3127 succederet
1030 3085 1420 3145 quareremus,
1448 3072 1574 3141 quia
1601 3068 1821 3123 difﬁcile
1844 3076 1928 3122 est

310 3165 627 3221 Continuari
656 3182 780 3237 qua:
825 3165 967 3222 bona
1013 3174 1179 3233 sunt,
1229 3181 1351 3219 nam
1396 3164 1500 3219 sibi
1530 3179 1675 3237 saepe
1703 3162 1926 3217 alternis

311 3258 531 3315 vicibus
574 3260 802 3314 adversa
845 3259 1164 3315 succedunt.
1230 3257 1531 3313 Habuimus
1579 3268 1754 3310 tamen
1804 3262 1927 3325 post

311 3350 468 3409 hunc
507 3367 538 3406 a
581 3368 688 3424 quo
716 3368 933 3410 eramus
962 3352 1222 3408 continuo
1254 3349 1269 3403 l
1310 3349 1601 3407 deserendi
1626 3391 1640 3415 ,
1678 3358 1922 3403 sanctum

1846 1969 2000 2081 ι

2208 2024 2291 2092 Τῷ
2320 2024 2571 2093 ἀγαπητῷ
2600 2018 2797 2094 ἀδελφῷ
2833 2023 3093 2097 Νεστορίῳ
3128 2022 3433 2086 Κελεστῢνος.

2096 2130 2402 2211 Ἐφ’ήμέρας
2430 2133 2575 2194 τινάς
2602 2140 2694 2195 τῆς
2724 2136 2857 2197 ζωῆς
2896 2135 3035 2208 ἡμῶν
3065 2136 3193 2210 μετὰ
3222 2136 3278 2192 τό
3310 2138 3512 2193 ἀνόσιον
3539 2140 3646 2198 aut“

2026 2223 2263 2285 πολλάκις
2291 2225 2587 2301 κατακριοέν
2615 2223 2783 2299 δόγμα
2812 2226 3053 2299 Πελαγῖου
3078 2230 3157 2281 καί
3188 2228 3449 2284 Κελεστίου
3479 2230 3507 2291 ἦ
3539 2254 3621 2290 και

2026 2318 2189 2379 θολική
2217 2322 2393 2380 πίστις
2424 2322 2733 2397 εἰρήνευσεν,
2767 2318 2920 2376 ὁπότε
2956 2322 3174 2383 ἐκείνους
3214 2326 3343 2391 μετὰ
3371 2332 3469 2379 τῶν
3500 2326 3623 2381 ἔπο-

2028 2410 2187 2482 μένων
2223 2419 2285 2487 τῇ
2329 2410 2449 2486 δόξῃ
2488 2411 2657 2467 αὐτῶν
2684 2412 2773 2470 ἥτε
2802 2412 3021 2470 ἀνατολὴ
3054 2415 3138 2467 καὶ
3166 2416 3195 2472 ἡ
3225 2412 3374 2476 δύσις
3414 2418 3623 2490 ἀκοντίῳ

2031 2502 2409 2578 συμφωνούσης
2457 2504 2763 2582 ἀποφάσεως
2807 2500 3041 2568 ἕπληξεν.
3084 2506 3270 2561 Αὐτίκα
3300 2506 3324 2560 ὁ
3352 2516 3445 2569 τῆς
3481 2508 3624 2583 ἁγίας

2025 2603 2227 2673 μνήμης
2264 2599 2513 2663 ’Δττικὸς,
2550 2598 2575 2653 ό
2606 2597 2906 2659 διδάσκαλος
2938 2606 3033 2659 τῆς
3072 2600 3338 2661 καθολικῆς
3368 2604 3624 2670 πίστεως,

2026 2695 2111 2747 καί
2143 2693 2336 2754 ἀληθῶς
2362 2700 2450 2750 τοῦ
2481 2698 2741 2768 μακαρίου
2766 2695 2997 2749 Ἰωάννου
3035 2697 3122 2751 καὶ
3150 2698 3224 2757 είς
3259 2702 3425 2752 ταῦτα
3454 2696 3625 2753 didam

2030 2806 2149 2857 χος,
2182 2783 2345 2848 οὕτως
2378 2786 2589 2848 ἐκείνους
2630 2785 2827 2851 ἐδίωξεν
2856 2786 2990 2863 ὑπὲρ
3019 2794 3110 2843 τοῦ
3140 2789 3309 2843 κοίνου
3350 2789 3623 2860 βασιλέως,

2029 2878 2163 2933 ὥστε
2192 2878 2371 2938 αὐτοῖς
2398 2882 2470 2954 μή
2498 2884 2592 2933 τοῦ
2625 2878 2731 2933 ἐκεῖ
2757 2879 2966 2935 ίστάναι
2992 2876 3165 2935 ἄνεσιν
3200 2884 3587 2957 συγχωρηθῆναι
3606 2902 3624 2937 ι

2024 2965 2223 3043 Ἐσχεν
2253 2974 2389 3045 ἡμᾶς
2428 2972 2559 3043 μετά
2596 2976 2688 3032 τήν
2727 2972 2909 3035 ἐκείνου
2956 2970 3135 3039 ἔξοδον
3174 2975 3277 3046 οὐχ
3308 2976 3338 3032 ri
3373 2980 3623 3044 τυχοῦσα

2026 3068 2231 3143 φροντίς
2264 3062 2278 3101 ί
2318 3064 2715 3139 ἐκδεχομένους.
2748 3064 2961 3139 πότερον
2991 3066 3016 3121 ὁ
3048 3067 3231 3122 ἐκεῖνον
3272 3066 3624 3138 διαδεξάμενος

2026 3156 2103 3219 εἴη
2130 3160 2285 3213 αὑτοῦ
2316 3161 2402 3213 καὶ
2430 3161 2502 3221 εἰς
2529 3162 2620 3223 τήν
2647 3160 2825 3223 πίστιν
2852 3156 3117 3231 διάδοχος.
3140 3159 3338 3219 Ἐπειδή
3360 3158 3624 3236 δυσχερές

2028 3250 2166 3305 ἔστιν
2210 3251 2515 3305 ἔκτείνεσοαι
2561 3250 2627 3305 τά
2670 3250 2814 3304 καλά’
2846 3250 3084 3311 πολλάκις
3134 3252 3232 3326 γάρ
3264 3252 3449 3312 ἑαυτάς
3478 3254 3623 3324 ἀμοι-

2030 3339 2183 3395 ϐαδὸν
2206 3341 2259 3395 αί
2290 3340 2631 3401 ἐναντιότητες
2664 3338 3015 3413 διαδέχονται.
3044 3340 3171 3398 Ἀλλ’
3185 3344 3482 3417 ἐσχήκαμεν
3511 3343 3622 3418 μετ’

395 3502 426 3531 ⁸·
452 3492 671 3548 Planius
692 3493 757 3547 ad
790 3493 1023 3548 litteram
1055 3491 1321 3555 Grtncam,
1348 3490 1546 3562 proprii
1569 3484 1915 3562 exitiisesibi
1942 3482 1988 3546 C
2021 3486 2119 3533 tem
2166 3476 2386 3559 habuit,
2428 3479 2521 3562 sed
2561 3478 2957 3562 refragantibus
2997 3479 3315 3562 tutan-hujus
3356 3483 3618 3562 epistolas,

307 3567 486 3693 ﬁnisse
512 3576 811 3629 auctorem;
843 3580 948 3635 quo
992 3573 1145 3629 pacto
1176 3563 1430 3620 inferius.
1464 3564 1623 3628 epist.
1672 3561 1737 3614 15
1770 3561 1911 3612 idem

364 3638 601 3691 estoritts
632 3641 796 3693 seinso
827 3638 1087 3693 periturus
1116 3647 1325 3688 auctore
1349 3634 1561 3693 dicitur,
1598 3635 1640 3685 si
1675 3634 1911 3683 oblatum

364 3638 601 3691 estoritts
632 3641 796 3708 seipso
827 3634 1087 3704 periturus
1116 3634 1561 3708 auctoredieitur,
1598 3635 1640 3708 si
1675 3634 1913 3683 oblatum

306 3720 568 3763 corrui-to
596 3704 890 3762 remedium
924 3716 1163 3773 respuat.
1194 3706 1369 3774 Pergit
1396 3704 1722 3759 Cwlestious
1746 3712 1912 3757 totam

302 3780 895 3837 excommunicationis
928 3778 1185 3833 invidiam
1222 3780 1274 3830 in
1307 3792 1454 3829 remn
1484 3776 1803 3828 transferre.

387 3851 421 3891 δ
454 3854 559 3908 Seu
586 3853 894 3905 accuratius.
930 3851 1201 3919 luterpres
1227 3848 1449 3903 Graecus
1477 3849 1672 3918 legisse
1694 3846 1915 3902 videtur

300 3924 605 3979 studiosius
630 3925 1018 3995 perficerentur.

397 4007 421 4033 ο
452 3997 586 4049 Editi
611 3991 729 4047 cum
765 3994 936 4047 tribus
954 4008 1111 4057 mss.,
1142 3992 1540 4048 commendare:
1565 3991 1914 4057 corriguntur

303 4083 341 4122 e
372 4068 566 4121 codice
592 4067 863 4120 Bellovac.
890 4064 1093 4119 Deinde
1117 4081 1180 4119 ex
1210 4063 1400 4119 Graeco
1424 4062 1678 4130 supplere
1705 4063 1912 4125 liceret,

308 4137 466 4191 Deus
498 4148 545 4190 te
572 4138 878 4190 incolumem
906 4137 1185 4189 custodiat.
1210 4136 1333 4191 Mox
1366 4136 1421 4189 in
1450 4150 1582 4190 mss.
1613 4149 1665 4188 ιν
1690 4135 1829 4198 idus,
1857 4141 1913 4188 cl

301 4221 509 4265 contra
542 4211 672 4265 edit.
708 4208 1070 4262 Valentiniano
1095 4224 1171 4264 tv.

388 4276 419 4317 δ
446 4280 667 4349 Augusti
702 4277 759 4332 11
794 4296 936 4332 anno
966 4279 1091 4334 450.

393 4360 422 4389 ⁸
464 4354 517 4405 In
546 4352 785 4405 editione
807 4349 963 4404 Rom.
992 4350 1211 4406 Latinus
1236 4351 1351 4417 ejus
1377 4359 1668 4407 contextus
1697 4356 1913 4403 notatur

298 4432 376 4479 ut
411 4440 438 4478 e
462 4422 731 4477 Crescouio
762 4424 1087 4491 descriptus.
1125 4423 1387 4476 Eomdem
1424 4422 1682 4475 exhibent
1712 4421 1914 4474 Navar-

298 4496 662 4560 rcus;iliique
695 4502 806 4547 tres
838 4508 966 4545 mss.
1006 4508 1032 4543 a
1068 4493 1286 4548 Baluzio
1316 4494 1619 4547 memorati.
1654 4492 1781 4559 Ejus
1810 4494 1913 4545 ini-

300 4566 453 4619 tium
504 4565 784 4618 Liberatus
815 4580 935 4632 cap.
970 4563 1004 4617 5
1034 4565 1103 4615 ita
1148 4565 1351 4618 indicat
1393 4582 1407 4617 ε
1454 4564 1755 4618 leestinus
1794 4580 1913 4617 vero

298 4654 457 4707 papa
477 4636 744 4693 Romanus
765 4636 970 4707 seripsit
997 4635 1239 4691 Nestorio
1258 4636 1624 4701 increpationis
1646 4636 1914 4705 epistolam

297 4724 436 4779 cum
469 4708 821 4769 exhortatione
848 4720 894 4760 et
920 4708 1311 4779 vituperatione,
1343 4708 1464 4775 quia
1491 4722 1795 4779 crrarepon
1826 4707 1913 4761 de-

299 4778 483 4851 buerit
525 4781 590 4833 ad
638 4784 786 4851 cujus
828 4776 1204 4833 ordinationem
1257 4781 1458 4849 gavisus
1500 4787 1597 4832 est.
1666 4776 1760 4851 Est
1799 4781 1912 4847 ejus

299 4850 629 4939 principium
666 4849 1231 4939 :;Aliquatlttisndiebus
1277 4852 1393 4939 pilio:
1447 4861 1654 4939 nostra.
1705 4849 1906 4939 Eadem
1936 4879 1989 4939 Ι)

296 4920 542 4989 cpistola
592 4923 839 4977 laudatur
885 4923 954 4977 ab
1000 4922 1233 4990 Evagrio
1280 4922 1374 4977 lib.
1401 4936 1418 4976 ι
1450 4937 1501 4979 c.
1533 4920 1594 4982 4,
1629 4932 1679 4977 et
1712 4922 1903 4975 Pltotio

296 4993 442 5051 cod.
478 4994 568 5054 15;
615 5008 642 5047 a
676 4993 954 5060 Nestorio,
986 5003 1041 5046 ut
1072 4993 1208 5048 infra
1234 4993 1399 5048 visuri
1429 5007 1637 5052 sumus.
1670 4992 1905 5057 Novem-

298 5066 434 5119 bris
456 5064 524 5119 50
543 5066 626 5119 die
654 5076 870 5131 accepta
894 5076 997 5119 est.
1022 5066 1077 5121 In
1106 5065 1341 5120 concilio
1373 5064 1644 5131 Ephesino
1670 5065 1902 5126 perlecta

301 5149 403 5190 εει
435 5147 566 5191 tota.
599 5136 802 5204 Nempe
828 5146 933 5190 act.
970 5138 1021 5197 1.
1053 5137 1242 5192 Juven.
1278 5138 1490 5191 Hieros.
1526 5137 1825 5204 posmlante
1848 5145 1905 5190 ut

301 5209 551 5275 legantur
588 5218 635 5261 et
674 5209 855 5262 littera:
892 5210 1201 5261 sanctissimi
1239 5217 1283 5261 et
1323 5208 1716 5262 reuerentissimi
1744 5205 1909 5259 archi-

295 5280 539 5349 episcopi
569 5279 917 5334 Itomanorum
944 5277 1217 5342 Caelestini,
1250 5297 1378 5347 quas
1400 5280 1667 5334 destinavit
1696 5282 1758 5331 de
1781 5278 1906 5344 ﬁde,

301 5352 657 5418 primicerius
698 5354 1027 5406 ttotariOrum
1062 5353 1215 5420 legit,
1244 5366 1301 5405 ut
1333 5352 1557 5405 habetur
1584 5350 1721 5419 apud
1751 5349 1907 5403 Balu-

300 5425 457 5494 ziutn
491 5437 537 5489 p.
569 5422 677 5476 462
714 5438 731 5478 :
768 5421 1008 5494 Epistola
1037 5422 1215 5476 domui
1247 5420 1913 5494 leestiuigcpiswpilio-

301 5493 459 5546 mani
482 5494 547 5546 ad
572 5492 891 5549 Nestorium.
921 5495 1267 5549 Dilectissimo
1304 5495 1453 5565 fratri
1483 5492 1729 5548 Nestorio
1752 5492 1915 5548 Carle-

298 5568 506 5623 stinus.
544 5568 836 5636 Aliquantis
873 5566 1055 5621 diebus
1092 5568 1212 5620 vitae
1255 5575 1449 5621 nostra:
1477 5576 1591 5639 post
1630 5567 1911 5639 nefandum

296 5650 361 5696 et
417 5656 551 5707 saepe
600 5642 903 5696 damnatum
953 5639 1142 5709 dogma
1195 5638 1436 5710 Pelagii,
1480 5638 1602 5694 etc.
1662 5638 1908 5693 Grmcum

296 5721 522 5783 textum
548 5711 615 5767 ad
646 5728 777 5768 mss.
800 5714 1079 5783 regiorum
1103 5714 1263 5767 tidem
1293 5711 1593 5780 exegimus.

390 5781 413 5821 ί
444 5784 620 5848 Editi,
648 5781 1024 5843 consentiente
1052 5782 1276 5849 Graeco.
1320 5785 1581 5839 catholica
1614 5784 1738 5839 ﬁdes
1766 5782 1911 5847 auis-

2021 3562 2131 3606 tutn
2164 3554 2401 3619 antiquae
2451 3551 2913 3619 interpretationis
2950 3551 3163 3605 concilii
3196 3553 3450 3619 Ephesini
3485 3572 3617 3611 mss.

2090 3632 2116 3671 ε
2159 3622 2297 3675 Editi
2325 3662 2340 3685 ,
2387 3620 2538 3687 telis,
2572 3638 2632 3673 ac
2673 3622 2867 3676 deinde
2900 3622 3097 3677 Baron.
3143 3625 3438 3687 secundum
3485 3629 3619 3683 edit.

2017 3694 2173 3748 Rom.
2208 3694 2421 3745 unitatis
2452 3709 2469 3746 :
2498 3696 2841 3761 Corrignutur
2868 3709 2933 3747 ex
2974 3709 3106 3748 mss.
3136 3695 3289 3759 Quod
3324 3713 3469 3750 nunc
3506 3714 3622 3752 tne-

2016 3766 2569 3839 moratueraxime
2599 3766 2793 3839 accidit
2816 3810 2828 3831 ,
2870 3780 2991 3839 cum
3026 3768 3257 3839 rpiswpi
3285 3766 3479 3821 Zosimi
3509 3771 3621 3839 cpi-

2016 3839 2175 3899 stola,
2200 3846 2257 3890 ut
2281 3837 2431 3889 Marii
2462 3838 2773 3890 Mercatoris
2802 3852 2921 3904 pag.
2947 3836 3050 3891 158
3082 3839 3264 3890 verbis
3288 3848 3410 3892 utar
3440 3858 3451 3891 :
3489 3836 3620 3905 om

2017 3908 2262 3961 tractoria
2282 3908 2487 3979 dicitur
2514 3950 2527 3971 ,
2569 3925 2675 3977 qua
2708 3908 2970 3962 Caelestius
3010 3908 3355 3979 Pelagiusque
3386 3910 3620 3965 damnati

2015 3990 2155 4044 sunt,
2187 3989 2235 4033 et
2265 3977 2771 4045 Ctmstantinopolim
2800 3988 2847 4032 et
2890 3996 2981 4045 per
3011 3988 3171 4032 totum
3221 3977 3394 4033 orbem
3434 3982 3615 4047 missa,

2015 4050 2478 4116 subscriptionibus
2508 4060 2806 4104 sanctorum
2836 4049 3054 4103 Patrum
3076 4060 3149 4103 est
3171 4051 3433 4106 roborata.

2089 4119 2116 4158 ιι
2160 4124 2299 4174 Ιεζιιίι.
2335 4122 2491 4175 ῐιιιιη.
2522 4132 2574 4176 et
2602 4123 2797 4175 Bacon.
2826 4138 2919 4192 pro
2940 4137 2995 4175 re
3017 4124 3295 4185 communi,
3330 4124 3616 4192 refragan-

2016 4193 2161 4248 tibus
2190 4193 2311 4247 aliis
2345 4192 2496 4246 libris
2526 4202 2581 4247 et
2603 4193 2812 4247 Graeco.
2848 4193 3048 4252 Regem
3075 4208 3419 4248 communem
3454 4196 3615 4251 intel.

2016 4264 2185 4331 [igere
2201 4273 2283 4317 est
2304 4266 2674 4318 universorum
2696 4280 2873 4331 regem
2891 4261 3187 4329 Christum,
3211 4264 3364 4334 cujus
3386 4268 3613 4333 gratiam

2014 4335 2314 4404 Pelagiani,
2347 4343 2405 4388 ut
2434 4334 2673 4403 Apostoli
2709 4336 2872 4387 verbo
2900 4344 3038 4398 utar,
3073 4350 3336 4388 evacuare
3366 4338 3612 4392 niteban-

2015 4415 2123 4459 tur.
2164 4408 2264 4472 ριιί
2288 4415 2466 4459 autem
2494 4406 2707 4459 Atticus
2734 4408 2812 4459 eis
2842 4406 3129 4472 restiterit,
3159 4408 3225 4459 M.
3262 4407 3526 4461 Mercator
3557 4412 3611 4465 in

2013 4475 2342 4531 Commonit.
2377 4478 2460 4531 sic
2488 4486 2669 4530 narrat
2702 4494 2715 4529 :
2750 4475 2859 4529 Sub
2900 4489 3090 4530 sancta:
3140 4480 3398 4532 memoria:
3439 4479 3612 4535 Attico

2014 4550 2252 4620 episwpo
2303 4548 2476 4601 urbem
2520 4547 3145 4620 Gottstantittopolitanam
3187 4548 3334 4614 petiit
3388 4550 3611 4618 (Caele-

2013 4618 2172 4690 stius)
2193 4661 2207 4684 ,
2252 4620 2338 4673 ubi
2366 4621 2420 4673 in
2448 4618 2703 4673 similibus
2733 4620 2995 4690 detectus,
3028 4636 3214 4689 magno
3244 4620 3417 4675 studio
3440 4624 3613 4677 sancti

2010 4692 2160 4746 illius
2184 4692 2279 4746 viri
2310 4708 2373 4746 ea:
2401 4690 2649 4759 prwdicta
2676 4691 2817 4743 alma
2851 4689 2976 4743 urbe
3017 4691 3255 4745 detrusus
3290 4701 3389 4759 est,
3423 4693 3611 4750 litteris

2014 4780 2170 4836 super
2192 4766 2303 4836 ejus
2326 4763 2534 4816 nomine
2553 4772 2600 4813 et
2622 4762 2674 4815 in
2704 4762 2877 4836 Asiani
2898 4772 2943 4815 et
2958 4760 3381 4836 ATItessalonicam
3410 4774 3456 4817 et
3480 4763 3610 4817 Car-

2016 4832 2279 4913 thaginem
2307 4836 2377 4913 ad
2402 4836 2673 4913 episcopos
2703 4834 2892 4913 missis.
2946 4832 3115 4913 Quam
3138 4834 3215 4913 _ob
3238 4848 3465 4913 causam
3493 4843 3549 4889 et
3574 4850 3608 4891 a

2014 4904 2283 4976 Prospero
2327 4907 2384 4962 in
2426 4904 2668 4962 carmine
2723 4904 2792 4961 de
2841 4904 3063 4975 ingratis
3106 4904 3187 4960 sic
3236 4904 3445 4961 laudari
3494 4921 3635 4977 mer

2011 4978 2119 5034 ruit
2149 4996 2163 5031 :

2107 5090 2231 5150 Quid
2255 5090 2426 5151 loquar
2446 5097 2498 5140 et
2529 5102 2695 5140 curam
2713 5099 2889 5147 magna
2909 5101 3055 5149 quam
3078 5089 3236 5150 gessit
3252 5088 3303 5139 in
3322 5089 3451 5139 urbe

2106 5153 2522 5214 Constantinopoli
2539 5153 2683 5201 docto
2709 5152 2868 5202 bonus
2888 5164 2977 5200 ore
2999 5154 3231 5201 sacerdos

2106 5214 2317 5277 Atticus,
2342 5219 2540 5277 antiqua
2564 5214 2753 5277 legatos
2774 5214 3119 5265 haereticorum

2106 5275 2408 5328 Confutando
2430 5276 2545 5337 ﬁde,
2571 5275 2667 5329 etc.

2088 5420 2108 5495 ξ
2153 5423 2193 5477 Α
2234 5438 2363 5479 mss.
2395 5424 2527 5493 Reg.
2559 5422 2711 5478 abest
2740 5421 3131 5495 ἐκδεχομένους.

2087 5492 2105 5547 i
2150 5495 2283 5550 Cum
2316 5489 2526 5551 scilicet
2554 5495 2826 5550 biennium
2854 5489 3095 5547 nondum
3145 5489 3513 5560 explevisset,
3546 5499 3604 5549 ut

2012 5565 2111 5621 lib.
2144 5583 2215 5621 vn
2237 5584 2283 5621 c.
2310 5568 2383 5623 28
2414 5568 2575 5621 tradit
2603 5566 2876 5635 Socrates,
2907 5566 2995 5633 qui
3026 5573 3080 5617 et
3110 5578 3229 5629 cap.
3260 5560 3328 5615 26
3356 5572 3603 5627 testatur,

2013 5654 2134 5695 eum
2161 5642 2356 5709 ubique
2376 5639 2793 5694 celeberrimum
2816 5636 2985 5709 fuisse
3010 5636 3346 5709 tumpietatis
3377 5637 3601 5709 nomine,

2014 5719 2123 5784 tum
2145 5707 2282 5783 quod
2309 5709 2620 5784 pauperibus
2642 5707 2878 5784 fovendis
2896 5709 3055 5763 etiam
3078 5707 3225 5763 ultra
3251 5708 3383 5763 vires
3404 5708 3607 5763 ineunt-
3666 5764 3669 5765 ν

2014 5781 2172 5841 heret;
