3976 6336
514 244 614 302 471

1285 235 1346 293 S.
1385 226 1790 292 CCELESTINI
1828 225 1850 281 Ι
1887 221 2098 281 ΡΑΡΕ

2222 219 2503 279 ts'rom
2545 217 2632 277 ET
2673 215 3019 278 nscas“.
3456 188 3459 191 ’
3495 189 3499 193 ’
3640 235 3725 290 ιιι

515 355 828 426 Sisinnium,
858 355 1192 413 celebratum
1222 347 1566 420 simplicitate
1589 355 1645 400 et
1673 341 1960 398 sanctitate
1990 337 2104 393 col-

2222 338 2398 390 Ξκεῐνον
2425 337 2510 392 τόν
2537 336 2780 406 μέλλοντα
2807 337 2941 408 ἡμᾶς
2966 331 3175 404 ταχέως
3201 333 3500 407 καταλιπεῖν,
3520 339 3595 398 τόν
3619 345 3726 420 ἁγία,

515 451 687 520 legam
717 491 731 514 ,
778 463 896 503 eam
952 447 1110 501 fidem
1154 457 1312 514 quam
1362 440 1642 494 invenerat
1691 432 2093 505 praedicantem.

516 545 741 616 Legerat
777 541 1018 612 profecto
1045 536 1274 606 simplex
1316 531 1576 588 sanctitas
1599 539 1654 585 et
1681 536 1863 583 sancta
1893 522 2100 594 simpli-

513 639 647 692 citas
674 677 688 700 ,
732 632 1025 689 timendum
1064 627 1232 698 magis
1263 640 1422 696 quam
1463 623 1574 677 alte
1601 619 1706 675 sibi
1731 633 1852 674 esse
1883 616 2098 686 sapien-

516 729 640 784 dum
682 727 860 792 (Rom.
888 739 965 790 ιι,
991 720 1119 792 20);
1168 725 1224 775 et
1267 717 1394 772 alibi
1418 757 1434 782 ,
1481 715 1671 769 altiora
1704 710 1961 768 sectanda
1993 723 2099 764 non

515 835 633 875 esse
660 816 848 891 (Eccli.
873 830 954 880 ut,
987 813 1117 881 22);
1149 820 1206 867 et
1236 814 1430 866 iterum
1460 826 1474 862 :
1509 807 1570 864 Si
1594 807 1708 878 quis
1732 804 1879 859 aliud
1907 802 2101 874 praedio

515 899 704 966 caverit
728 925 882 980 quam
910 906 1049 977 quod
1072 903 1479 975 pradicavimus,
1503 898 1780 954 anathema
1809 898 1875 952 sit
1901 895 2100 968 (Galat.

515 1017 554 1067 I,
587 1003 642 1066 8,
664 997 743 1072 9).
762 999 872 1054 Hoc
905 1009 1084 1052 tamen
1112 1005 1346 1052 exeunte
1373 993 1443 1050 de
1467 992 1684 1058 sarculo,
1705 1005 1828 1046 cum
1856 1003 1916 1043 se
1945 987 2099 1043 solli-

517 1093 699 1148 citudo
746 1100 930 1146 nostra
963 1092 1018 1146 in
1049 1098 1299 1154 tantum,
1348 1086 1402 1142 in
1447 1095 1704 1156 quantum
1750 1083 1799 1139 ei
1843 1080 2104 1136 Dominus

517 1186 796 1256 permisit,
835 1185 1191 1249 extenderet,
1243 1181 1531 1237 lzetificavit
1571 1179 1809 1234 animum
1854 1184 2103 1231 nostrum

518 1281 855 1336 venientium
884 1279 1123 1334 narratio
1150 1277 1458 1332 nuntiorum
1481 1316 1495 1340 ,
1525 1288 1686 1344 quam
1715 1287 1839 1326 mox
1873 1266 2105 1324 firmavit

519 1388 704 1428 eorum
729 1371 820 1442 qui
848 1369 1208 1426 interfuerunt
1235 1367 1559 1422 ordinationi
1588 1372 1694 1418 tuae
1723 1363 1914 1418 relatio
1941 1361 2106 1417 colle-

519 1480 704 1535 garum
724 1506 738 1530 ,
771 1465 860 1535 qui
889 1463 984 1518 tibi
1015 1461 1306 1518 testimonii
1340 1468 1543 1514 tantum
1572 1457 1900 1522 detulerunt,
1933 1469 2106 1526 quan-

520 1565 631 1611 tum
657 1555 786 1612 ferri
815 1555 940 1611 huic
959 1554 1140 1611 debuit
1163 1554 1254 1624 qui
1284 1552 1500 1608 aliunde
1523 1561 1548 1588 ι
1574 1550 1854 1606 videbatur
1875 1549 2100 1605 electus.

521 1649 689 1705 'lanta
718 1656 844 1705 aute
878 1649 1134 1720 opinione
1159 1648 1372 1712 vixisti,
1405 1655 1465 1701 ut
1494 1647 1597 1701 tuis
1632 1654 1685 1701 te
1709 1645 1884 1700 aliena
1913 1643 2103 1699 civitas

2205 431 2434 494 Σισίνιον,
2467 425 2871 499 εὐδοκιμήσαντα
2918 428 3002 481 ἐπί
3035 447 3090 480 τε
3129 433 3190 502 τῇ
3234 426 3466 487 ἁπλότητι
3507 443 3726 508 κοινωνὸν,

2205 522 2360 580 αὐτὴν
2398 523 2489 580 την
2525 521 2730 586 πίστιν,
2760 519 2821 578 ἣν
2851 515 2968 595 εὗρε
2987 558 3000 580 .
3043 519 3370 592 κηρύττοντα⁶
3402 522 3634 595 ἀνεγνώκει
3663 530 3729 591 δη.

2199 613 2326 674 λαδή
2360 616 2526 674 ἐκείνη
2555 616 2588 673 ἡ
2614 613 2749 673 ἁπλῆ
2777 612 3012 668 εὐλάϐεια
3052 614 3140 666 καί
3180 611 3386 672 εὐλαϐὴς
3414 613 3630 684 ἁπλότης,
3653 621 3729 680 δεῖν

2202 707 2390 780 μᾶλλον
2432 707 2724 779 φοϐεῖσθαι,
2757 704 2789 765 ἦ
2819 703 2954 765 ἰδίας
2991 704 3240 764 συνέσεως
3281 704 3429 776 βάθος
3472 709 3639 771 ζητεῖν·
3667 720 3731 771 καί

2200 798 2457 868 ἀλλαχοῦ,
2484 802 2554 872 μὴ
2579 795 2681 852 δεῖν
2707 798 2974 872 ἀνερευνᾷν
3001 797 3066 851 τά
3089 796 3362 872 βαθύτερα·
3401 800 3480 851 καί
3511 801 3658 869 πάλιν,
3685 805 3734 861 Εἴ

2199 913 2278 952 τις
2307 888 2424 946 ἄλλο
2469 893 2696 966 κηρύξειε
2725 894 2812 946 καί
2856 891 3204 964 νομοθετῆσαι
3248 885 3406 964 παρ’ό
3430 890 3730 968 ἐκηρύξαμεν,

2204 985 2435 1055 ἀνάθεμα
2459 981 2490 1039 ἴ
2491 1006 2621 1039 στω.
2641 984 2786 1039 Ἀλλά
2816 985 2902 1038 καί
2921 984 3108 1038 τούτου
3143 983 3196 1036 ἐκ
3223 986 3313 1037 τοῦ
3339 981 3520 1056 κόσμου
3545 987 3739 1057 μεθιστα·

2207 1079 2357 1150 μένου
2381 1119 2394 1139 ,
2429 1079 2497 1140 ὡς
2527 1081 2558 1137 ἡ
2588 1079 2812 1153 ἡμετέρα
2840 1081 3042 1152 φροντὶς
3089 1078 3173 1130 ἐπὶ
3198 1080 3442 1130 τοσοῦτον
3479 1075 3639 1136 ἑαυτήν
3662 1082 3742 1146 ἐξί-

2204 1193 2382 1234 τεινεν,
2420 1172 2490 1245 ἐφ’
2506 1170 2627 1227 ὅσον
2655 1171 2681 1227 ό
2710 1172 2890 1249 Κύριος
2919 1169 3213 1243 ἐπέτρεψεν,
3257 1169 3608 1246 ἐχαροποίησεν
3635 1175 3742 1245 ἡμῶν

2204 1269 2293 1324 τὴν
2330 1263 2514 1336 ψυχήν
2543 1266 2575 1323 ἠ
2605 1263 2837 1337 διήγησις
2877 1271 2977 1318 τῶν
3017 1262 3309 1338 ἐρχομένων
3337 1263 3572 1336 ἀγγέλων,
3599 1264 3649 1325 ἢν
3681 1269 3744 1321 εὐ-

2206 1361 2332 1421 θέως
2360 1359 2663 1414 ἐϐεϐαίωσεν
2686 1361 2716 1418 ἠ
2744 1365 2844 1414 τῶν
2883 1359 3136 1432 ἡμετέρων
3172 1363 3412 1411 κοινωνῶν
3453 1358 3650 1434 ἀναφορά
3670 1368 3745 1414 τῶν

2205 1452 2624 1527 παραγενομένων
2665 1457 2726 1526 τῇ
2757 1457 2823 1524 σῇ
2863 1451 3180 1528 χειροτονίᾳ’
3212 1448 3258 1502 οἷ
3289 1467 3417 1509 τινες
3443 1450 3660 1504 τοσοῦτόν
3687 1475 3749 1510 σοι

2205 1544 2606 1619 ἐμαρτύρησαν,
2649 1539 2766 1597 ὅσον
2811 1541 2974 1616 ἐχρήν
3024 1548 3098 1612 τῷ
3141 1537 3422 1612 ἀλλαχόθεν
3466 1539 3748 1613 ἐπιλεχθέντι.

2204 1636 2341 1691 Μετά
2367 1633 2638 1695 τοσαύτης
2674 1635 2928 1711 πρότερον
2968 1632 3272 1704 ὑπολήψεως
3307 1630 3517 1697 ἕζησας,
3546 1635 3659 1689 ὥστε
3691 1641 3752 1692 καί

520 1743 820 1810 invideret;
852 1752 1005 1801 tanto
1024 1742 1052 1783 δ
1079 1759 1222 1799 nunc
1245 1744 1468 1798 horrore
1489 1741 1693 1808 vitaris,
1719 1750 1777 1797 ut
1805 1740 1880 1794 tui
1903 1739 1956 1794 in
1984 1736 2103 1792 aliis

2222 1727 2436 1802 ἑφθόνησε
2469 1718 2595 1787 τοῖς
2615 1734 2726 1787 σοῖς
2757 1727 2990 1804 ἀλλοτρία
3013 1725 3178 1785 πόλις⁶
3204 1725 3336 1797 μετά
3363 1727 3601 1786 τοσαύτης
3625 1724 3669 1782 δέ
3686 1735 3754 1782 νῦν

525 1837 744 1893 videant
770 1837 998 1907 qualiter
1028 1836 1228 1892 fuerint
1256 1833 1490 1890 liberati.
1525 1844 1527 1846 ·

592 2017 646 2071 2.
689 2015 904 2071 Dudum
933 2014 1261 2085 sumpsimus
1301 2012 1558 2083 epistolas
1599 2019 1742 2077 tuas,
1774 2007 1972 2079 quibus
2004 2017 2025 2046 ο
2058 2003 2112 2060 in

521 2117 748 2179 angusto
787 2108 919 2164 nihil
951 2107 1220 2177 potuimus
1244 2105 1376 2161 dare
1406 2104 1685 2174 responsi;
1732 2109 1850 2157 erat
1878 2100 2022 2156 enim
2058 2098 2114 2154 in

522 2199 771 2258 Latinum
818 2215 996 2256 sermo
1046 2197 1361 2254 vertendus.
1432 2195 1591 2264 Quod
1639 2209 1761 2250 cum
1817 2192 1944 2248 licet
1994 2205 2116 2245 sero

523 2287 550 2328 δ
579 2291 805 2348 facimus
832 2332 846 2357 ,
879 2291 1048 2346 sancti
1101 2288 1285 2345 fratris
1327 2296 1384 2345 et
1423 2286 1732 2359 coepiscopi
1774 2284 1879 2339 mei
1927 2281 2117 2354 Cyrilli

535 2383 901 2454 probatissimi
927 2381 1223 2438 sacerdotis
1249 2396 1346 2451 per
1372 2379 1538 2434 lilium
1567 2392 1744 2433 meum
1768 2373 2115 2430 Posidonium

525 2475 810 2532 diaconum
853 2475 975 2530 talia
1016 2475 1085 2530 de
1127 2483 1180 2528 te
1209 2471 1408 2543 scripta
1445 2471 1819 2541 suscepimus,
1867 2479 1890 2507 ο
1922 2468 2118 2540 quibus

524 2566 613 2622 his
641 2569 729 2636 qui
761 2566 831 2622 de
860 2578 948 2620 tua
993 2565 1332 2620 ordinatione
1375 2563 1677 2620 retulerant
1705 2563 1916 2632 perisse
1958 2575 2117 2615 suum

526 2661 899 2716 testimonium
946 2659 1276 2716 doleremus.
1325 2658 1491 2714 Bonis
1530 2658 1674 2714 enim
1709 2655 1986 2727 principiis
2015 2653 2119 2708 tuis

528 2753 723 2819 malus,
755 2761 1010 2822 quantum
1041 2750 1312 2818 videmus,
1339 2749 1605 2806 successit
1627 2757 1855 2803 eventus
1887 2765 1901 2801 :
1935 2745 2116 2811 bonis,

529 2844 770 2915 inquam,
807 2844 1084 2915 principiis
1110 2859 1232 2909 alia:
1266 2843 1406 2914 apud
1446 2856 1548 2898 nos
1582 2845 1652 2896 ita
1692 2841 1961 2898 celebrata
2003 2839 2119 2895 fue-

524 2946 690 3004 rant,
735 2947 792 2991 ut
828 2951 1150 3006 reSponsum
1192 2935 1383 2991 dantes
1413 2933 1480 2989 ad
1511 2933 1831 2989 relationem
1863 2930 2113 2996 fratrum,

528 3043 630 3084 nos
665 3026 683 3066 ί
717 3027 1018 3084 faceremus
1061 3028 1350 3097 participes
1391 3026 1731 3096 gaudiorum.
1778 3022 1886 3080 Sed
1931 3020 2116 3078 consi-

2215 1820 2433 1878 ἀτοπίας
2461 1820 2692 1892 φευκτέον
2719 1817 2934 1873 σεαυτόν
2968 1813 3396 1892 παρασκεύασας,
3429 1819 3494 1877 ὡς
3522 1821 3630 1879 τοὺς
3657 1823 3755 1883 σούς

2216 1914 2264 1967 ἐν
2291 1913 2570 1990 ἀλλοτρίοις
2597 1911 2737 1986 όρᾷν.
2769 1908 2909 1973 ὅπως
2937 1910 3323 1983 ἀπηλλάγησαν.

2287 2008 2459 2083 Πρὼην
2484 2003 2757 2077 ἐδεξάμεθα
2781 2004 2874 2064 τάς
2899 2003 2995 2064 σάς
3026 2003 3316 2069 ἐπιστολάς,
3347 1997 3426 2062 αἷς
3459 2003 3504 2057 ἐν
3530 2011 3670 2076 στενῷ
3693 2007 3759 2058 οὐκ

2216 2097 2527 2171 ἠδυνήθημεν
2573 2099 2966 2174 ἀποκρίνασθαι·
3009 2094 3115 2151 ἔδει
3150 2097 3256 2172 γάρ
3297 2095 3379 2149 τόν
3413 2094 3551 2166 λόγον
3586 2098 3648 2156 εἰς
3671 2095 3761 2150 Ῥω·

2220 2193 2402 2263 μαῖκόν
2421 2191 2812 2262 μεταϐληθῆναι.
2841 2187 3007 2264 Ὀπερ
3031 2191 3098 2251 ὡς
3121 2187 3352 2266 βραδέως
3381 2186 3461 2243 διά
3479 2194 3560 2248 τὴν
3587 2190 3764 2264 όνάγκηι.

2218 2285 2517 2354 ἐποιοῦμεν,
2552 2281 2826 2356 ἐδεξάμεθα
2867 2289 3083 2338 τοιαῦτα
3127 2284 3247 2358 περέ
3289 2285 3386 2336 σοῦ
3423 2282 3676 2357 γράμματα
3698 2290 3764 2338 τοῦ

2219 2376 2366 2450 ἀγίου
2397 2375 2612 2449 ἀδελφοῦ
2641 2378 2728 2430 καὶ
2756 2373 3143 2430 συνεπισκόπου
3173 2393 3276 2446 μου
3309 2373 3572 2448 Κυρίλλου,
3603 2380 3681 2427 τοῦ
3704 2373 3766 2428 δο-

2220 2473 2513 2543 κιμωτάτου
2556 2471 2731 2546 ἱερέως
2756 2511 2769 2534 ,
2806 2466 2892 2524 διά
2933 2473 3025 2522 τοῦ
3058 2468 3176 2522 υίοῦ
3212 2488 3315 2538 μου
3356 2464 3660 2522 Ποσειδωνίου
3699 2474 3768 2521 τοῦ

2219 2563 2448 2620 διακόνου
2477 2605 2491 2629 ,
2542 2559 2713 2637 ἀφ’ὦν
2759 2559 2957 2634 σφόδρα
3005 2561 3324 2632 ἐλυπήθημεν
3369 2559 3655 2614 ἀπολωλέναι
3693 2567 3770 2613 τῶν

2223 2661 2343 2734 περί
2379 2662 2472 2712 σοῦ
2512 2655 2866 2729 ἀνενεγκόντων
2911 2658 3000 2713 τὴν
3036 2655 3358 2730 μαρτυρίαν’
3392 2651 3540 2712 καλάς
3578 2657 3666 2728 γάρ
3698 2673 3770 2707 σου

2220 2754 2315 2811 τὰς
2345 2751 2519 2824 ἀρχάς
2544 2753 2689 2813 κακή,
2720 2749 2788 2808 ὡς
2818 2747 3034 2824 ὁρῶμεν,
3070 2745 3336 2805 ἀπόϐασις
3366 2743 3620 2809 διεδέξατο*
3648 2745 3771 2803 καλὰς

2222 2867 2348 2918 φημι
2375 2845 2575 2920 ἀρχάς,
2601 2844 2696 2902 τὰς
2723 2841 2847 2918 παρ’
2868 2843 2989 2912 ἡμῖν
3018 2838 3152 2894 οὕτω
3177 2839 3532 2912 φημισθείσας,
3562 2839 3622 2897 ὡς
3644 2834 3772 2901 δεῖξαι

2221 2941 2356 3010 ἡμᾶς
2388 2938 2436 2990 ἐν
2461 2945 2524 3010 τῇ
2555 2937 2830 3011 ἀποκρίσει
2857 2941 2918 3010 τῇ
2947 2935 3078 3010 πρὸς
3111 2939 3203 2993 τήν
3236 2933 3493 3006 ἀναφοράν
3529 2938 3620 2985 τῶν
3658 2929 3774 2984 ἀδελ⁸

2221 3036 2342 3102 φῶν.
2368 3026 2507 3090 ὅπως
2530 3025 2654 3100 ἦμεν
2681 3029 2906 3082 κοινωνοὶ
2932 3034 3024 3086 τῆς
3037 3025 3387 3100 χαρᾶς.’Δλλά
3410 3031 3494 3078 νῦν
3523 3024 3774 3088 ἐννοοῦντες,

527 3121 784 3176 derantes
812 3136 956 3176 nunc
983 3130 1037 3176 et
1064 3120 1338 3191 querelam
1369 3119 1439 3174 de
1467 3128 1518 3173 te
1559 3117 1801 3188 pratdicti
1831 3114 2039 3180 fratris,
2068 3122 2117 3169 et

2227 3123 2312 3174 καί
2340 3125 2428 3178 τήν
2459 3122 2580 3194 περὶ
2609 3125 2706 3174 σοῦ
2743 3117 2932 3192 μέμψιν
2961 3124 3053 3173 τοῦ
3080 3118 3454 3193 προειρημένου
3485 3114 3696 3189 ἀδελφοῦ,
3715 3119 3777 3170 καὶ

525 3213 910 3282 interpretatas
933 3213 1147 3268 tandem
1169 3213 1428 3283 epistolas
1454 3219 1575 3266 tuas
1595 3218 1836 3280 apertam
1869 3205 2118 3278 blasphe-

527 3305 692 3360 miam
719 3307 1089 3371 continentes,
1123 3304 1254 3360 illud
1283 3303 1441 3359 nobis
1466 3303 1836 3372 Apostolicum
1873 3301 2118 3355 videmus

528 3411 652 3451 esse
686 3397 974 3452 dicendum
1010 3415 1023 3452 :
1076 3397 1271 3452 Vellem
1308 3405 1508 3449 mutare
1545 3411 1718 3449 vocem
1760 3409 1925 3448 meam
1951 3435 1964 3459 ,
1998 3394 2120 3462 quia

530 3489 818 3559 confundor
845 3491 898 3543 in
925 3489 1064 3542 vobis
1101 3487 1304 3558 (Galat.
1339 3503 1414 3552 tv,
1441 3484 1559 3557 20).
1610 3487 1749 3554 Quin
1791 3487 1956 3540 immo
1996 3501 2118 3540 mu-

532 3580 666 3646 tavi,
690 3581 794 3635 nisi
821 3580 889 3634 de
917 3580 1183 3651 praecipiti
1214 3595 1274 3634 se
1301 3590 1518 3635 revocet
1555 3577 1752 3649 impius
1782 3578 2116 3648 diSputator;

529 3686 760 3727 necesse
789 3681 874 3728 est
902 3673 1046 3728 enim
1094 3681 1154 3727 ut
1201 3673 1400 3727 malum
1451 3687 1520 3728 ex
1564 3671 1718 3728 nobis
1771 3671 1936 3741 ipsis,
1984 3670 2124 3725 sicut

534 3765 879 3834 praecipitur,
922 3764 1250 3820 auferamus.
1299 3764 1551 3835 Legimus
1595 3779 1726 3834 ergo
1771 3763 2122 3833 epistularum

533 3863 810 3922 tenorem,
844 3865 900 3911 et
941 3873 1036 3912 eos
1076 3857 1242 3912 libros
1287 3872 1421 3928 quos
1473 3856 1667 3911 illustri
1714 3857 1829 3911 viro
1859 3856 1968 3911 filio
1997 3871 2120 3911 meo

535 3947 804 4003 Antiocho
831 3949 1091 4005 reddente
1120 3948 1479 4020 suscepimus.
1533 3949 1588 4004 In
1613 3949 1698 4005 his
1723 3949 1940 4020 quidem
1972 3959 1996 3997 8
2029 3965 2126 4006 no-

533 4040 619 4096 bis
647 4042 970 4112 vestigatus,
1004 4043 1372 4112 deprehensus
1399 4050 1456 4098 et
1483 4051 1684 4108 tentus,
1717 4043 1950 4113 quodam
1981 4044 2122 4098 mul-

536 4131 762 4202 tiloquio
824 4133 1133 4197 labebaris.
1182 4133 1310 4188 dum
1377 4149 1505 4190 vera
1556 4134 1789 4191 involvis
1854 4137 2122 4201 obscuris,

537 4221 566 4262 ιι
597 4240 783 4280 rursus
826 4235 1053 4294 utraque
1083 4225 1455 4294 confundens,
1487 4227 1572 4283 vel
1601 4229 1876 4284 confiteris
1908 4240 2121 4301 negata,

536 4318 624 4372 vel
675 4319 864 4373 niteris
910 4335 1108 4389 negare
1161 4321 1431 4376 confessa.
1477 4321 1582 4378 Sed
1638 4322 1690 4378 in
1728 4324 1971 4393 epistolis
2022 4325 2125 4381 tuis

537 4421 776 4482 apertam
806 4429 912 4468 non
942 4425 1049 4470 tam
1080 4415 1149 4470 de
1187 4415 1291 4470 fide
1321 4424 1503 4471 nostra
1531 4456 1547 4480 ,
1588 4431 1748 4486 quam
1779 4418 1846 4472 de
1877 4427 1927 4473 te
1956 4417 2125 4474 tulisti

613 4666 638 4693 ει
682 4656 792 4713 lloc
818 4667 923 4724 est,
943 4673 1014 4716 ex
1041 4656 1217 4713 aliena
1247 4657 1511 4724 Ecclesia,
1541 4671 1735 4727 nempe
1769 4657 2123 4712 Antiochena.
2156 4659 2206 4720 ι)

539 4728 904 4784 Recolendum
934 4729 1059 4799 quid
1089 4730 1189 4784 hac
1219 4728 1288 4784 de
1317 4744 1377 4784 re
1401 4727 1724 4784 leestinus
1759 4728 1874 4797 ipse
1901 4729 2064 4799 epist.
2091 4729 2126 4784 4

539 4815 597 4853 n.
630 4800 660 4851 7
691 4801 989 4867 praecipiat.

615 4869 642 4907 δ
687 4870 823 4923 Edit.
859 4872 1014 4924 Rom.
1052 4885 1242 4938 errore,
1275 4870 1473 4925 Baron.
1515 4879 1724 4924 terrore.
1766 4867 1961 4923 Crateri
2002 4868 2126 4924 libri

542 4941 715 4995 Latini
744 4940 975 5011 horrore.
994 4943 1058 4994 Et
1082 4941 1238 5010 hujus
1261 4942 1474 5011 quidem
1494 4940 1736 4994 horroris
1757 4941 1906 4994 testis
1929 4947 2013 4994 est
2035 4957 2123 4993 su-

547 5008 924 5082 neriorCyrilli
941 5008 1166 5077 epistola
1187 5015 1217 5068 8
1235 5008 1289 5066 n.
1305 5015 1355 5069 3.
1382 5012 1585 5066 Deinde
1609 5012 1841 5082 Graecus;
1858 5011 2122 5080 interpres

543 5097 640 5152 pro
669 5080 866 5150 vitaris,
896 5083 1090 5150 legisse
1117 5084 1328 5138 videtur
1359 5083 1624 5137 vitandum
1653 5093 1699 5136 te
1718 5080 2002 5150 pra’but'sti.

618 5163 639 5222 ς
684 5153 793 5207 lloc
823 5164 938 5221 est,
981 5155 1139 5210 citius
1165 5170 1227 5210 ac
1255 5154 1463 5210 modica
1492 5154 1813 5222 interposita
1844 5167 2017 5206 mora.

612 5221 640 5260 ά
680 5222 904 5279 Graecus
930 5235 1106 5279 textus
1140 5227 1374 5294 postulat
1403 5243 1416 5277 :
1451 5224 1601 5292 Quod
1631 5221 1750 5296 eum
1777 5240 1892 5296 sero
1921 5232 2130 5296 propter

542 5298 893 5350 necessitatem
931 5296 1263 5368 (interprete
1293 5297 1412 5352 scil.
1455 5297 1602 5363 prius
1628 5294 1948 5362 deﬁciente)
1985 5294 2128 5366 face-

544 5383 732 5420 remus.

619 5447 642 5473 ο
686 5439 1006 5510 Accuratins
1035 5439 1161 5510 quid
1199 5447 1354 5493 sonat
1380 5438 1602 5493 Graecus
1635 5447 1815 5510 textus
1833 5477 1848 5500 ,
1879 5436 2131 5510 videlicet

543 5525 606 5562 ex
622 5509 802 5578 quibus
821 5526 996 5563 eorum
1020 5507 1106 5578 qui
1135 5510 1199 5565 de
1219 5510 1546 5564 ordinatione
1569 5519 1658 5562 tua
1683 5507 1961 5562 retulerant
1985 5509 2128 5562 testi-

544 5583 770 5652 monium
793 5582 1000 5648 periisse
1011 5583 1198 5652 (atque
1221 5580 1505 5652 evanuisse)
1529 5580 1676 5634 valde
1698 5580 1975 5652 doluimus.
2009 5578 2126 5634 Non

544 5651 686 5704 enim
709 5652 787 5707 eis
807 5652 896 5722 qui
920 5648 1206 5718 dederunt,
1229 5651 1324 5709 sed
1347 5648 1593 5708 Nestorio
1615 5652 1700 5706 cui
1723 5651 1906 5706 datum
1925 5648 2124 5717 fuerat,

541 5723 704 5777 norint
733 5722 838 5778 hoc
867 5723 1254 5778 testimonium.

2220 3215 2313 3274 τάς
2361 3216 2457 3274 σάς
2502 3212 2774 3272 ἐπιστολάς
2834 3211 3271 3288 ἐρμηνευθείσας,
3326 3210 3380 3263 αἶ
3429 3228 3553 3268 τινες
3596 3209 3779 3280 φανερὰς

2221 3305 2415 3379 ἔχουσι
2464 3307 2816 3377 βλασφημίας,
2863 3302 3055 3381 ὁρῶμεν
3102 3301 3180 3357 ὅτι
3221 3302 3420 3356 λεκτέον
3461 3300 3780 3376 παρ’ἦμῶντό

2221 3402 2555 3458 ἀποστολικὸν
2597 3403 2771 3455 ἐκεῖνο·
2804 3397 3008 3454 Ἠθελον
3053 3399 3332 3463 ἀναλλάξαι
3366 3419 3464 3470 μου
3515 3400 3598 3454 τὴν
3638 3398 3776 3468 φωνην

2223 3493 2302 3551 ὅτι
2338 3493 2758 3567 καταισχύνομαι
2808 3495 2860 3549 ἐν
2903 3495 3042 3564 ὑμῖν.
3088 3493 3280 3548 Μᾶλλον
3320 3491 3375 3547 δέ
3413 3491 3626 3556 ἧλλαξα,
3658 3490 3695 3543 εἰ
3726 3491 3781 3557 μή

2223 3585 2403 3641 ἐαυτὸν
2431 3586 2533 3641 ἀπὸ
2569 3592 2660 3641 τοῦ
2703 3592 2928 3661 κρημνοῦ
2964 3585 3318 3640 ἀνακαλέσειεν
3346 3583 3371 3638 ό
3402 3583 3589 3642 ἀσεϐὴς
3613 3599 3781 3656 προσο·

2224 3680 2455 3750 μιλητής’
2487 3680 2679 3752 ἀνάγκη
2722 3679 2816 3752 γάρ
2859 3681 2999 3733 ἐστιν
3025 3722 3037 3742 ,
3068 3678 3152 3731 ἵνα
3182 3677 3263 3751 ἀφ’
3285 3678 3427 3748 ἡμῶν
3454 3676 3609 3729 αὐτῶν
3629 3673 3681 3727 τό
3706 3693 3782 3724 κα-

2225 3774 2308 3826 κόν
2335 3813 2347 3834 ,
2395 3773 2570 3847 ὥσπερ
2636 3771 3028 3841 έκελεύσθημεν.
3079 3772 3478 3839 ἀποστήσωμεν.
3529 3767 3786 3836 ’Δνέγνωμεν

2225 3867 2390 3920 τοίνυν
2418 3873 2515 3920 τῶν
2545 3864 2825 3919 ἐπιστολῶν
2853 3866 2910 3918 τό
2937 3862 3078 3936 ὕφος,
3106 3864 3189 3916 καί
3224 3863 3321 3922 τάς·
3353 3860 3561 3933 βίϐλους
3595 3863 3677 3912 τοῦ
3716 3875 3786 3926 με-

2231 3957 2724 4032 γαλοπρεπεστάτου
2754 3954 2937 4032 ἀνδρὸς
2973 3960 3062 4010 τοῦ
3089 3953 3204 4006 υἱοῦ
3235 3955 3379 4024 ἡμῶν
3403 3950 3652 4021 Ἀντιόχου
3682 3947 3788 4001 ἀπο·

2227 4052 2453 4112 διδόντος
2500 4049 2870 4120 ἀπεδεξάμεθα.
2921 4051 3034 4102 Ἐπὶ
3087 4049 3302 4106 ταύταις
3364 4044 3671 4116 ἀνιχνευθεὶς
3715 4041 3788 4109 μέν

2227 4148 2348 4216 ἡμῖν
2379 4147 2463 4199 καί
2505 4145 2720 4219 εὑρεθείς
2756 4144 2840 4196 καὶ
2879 4141 3223 4210 κατασχεθεὶς
3253 4137 3531 4211 πολυλαλίᾳ
3557 4137 3651 4189 τινί
3687 4132 3788 4195 ἐξω-

2225 4236 2468 4297 λίσθανες,
2493 4235 2538 4290 τ’
2551 4235 2704 4293 ἀληθῆ
2745 4242 2852 4294 τοῖς
2882 4240 3164 4292 σκοτεινοῖς
3195 4231 3540 4304 έγκάλύπτων,
3571 4228 3652 4281 καί
3672 4223 3792 4280 πάλιν

2229 4330 2473 4398 συγχέων
2504 4328 2734 4403 ἑκάτερα,
2770 4335 2841 4400 τῷ
2881 4325 3140 4398 ὁμολογεῖν
3176 4326 3266 4395 μὲν
3294 4324 3360 4377 τά
3387 4321 3677 4400 ἀρνηθέντα,
3701 4318 3792 4371 ἐπι·

2231 4427 2434 4492 χειρεῖν
2475 4419 2528 4475 δέ
2565 4421 2823 4496 ἀρνεῖσθαι
2852 4421 2916 4474 τά
2954 4417 3327 4490 ὡμολογημένα.
3355 4424 3434 4469 Ἐν
3471 4412 3524 4469 δέ
3564 4419 3670 4471 ταῖς
3695 4422 3794 4468 σαῖς

2307 4656 2325 4695 ί
2369 4656 2509 4721 Seu,
2539 4667 2598 4714 ut
2627 4657 2847 4714 Grrecus
2876 4673 3052 4714 sermo
3085 4659 3249 4716 habet
3276 4675 3292 4716 :
3322 4677 3414 4716 nos
3444 4658 3796 4714 ostenderemus

2235 4731 2530 4801 participes.
2560 4731 2674 4801 Hoc
2698 4730 2974 4784 leestini
3002 4746 3344 4801 responsum.
3372 4733 3512 4786 sicut
3539 4739 3592 4786 et
3615 4727 3798 4801 episco-

2231 4797 2433 4925 Βοηιηῖ
2453 4800 2520 4854 de
2541 4800 2885 4856 ordinatione
2906 4797 3139 4857 Nesmr'ii
3164 4802 3444 4875 synodalis
3471 4797 3660 4857 relatio
3675 4797 3798 4854 desi-

2268 4885 2396 4925 eran
2425 4887 2506 4925 ur.

2268 4881 2506 4926 erantur.

2303 4951 2328 4989 ε
2370 4941 2442 4996 Ita
2480 4956 2610 4996 mss.
2644 4943 2714 4998 At
2742 4941 2873 4997 edit.
2907 4942 3066 4997 Rom.
3094 4951 3149 4998 et
3175 4943 3375 4998 Baron.
3412 4961 3426 4998 :
3459 4960 3491 4996 a
3518 4942 3657 4997 nobis
3677 4943 3798 4995 inve-

2229 5013 2464 5086 stigatus,
2483 5012 2828 5086 deprehensus
2847 5024 2891 5067 et
2914 5025 3079 5086 tentus
3099 5032 3171 5080 es,
3189 5015 3328 5083 quod
3343 5015 3664 5086 multiloquio
3682 5011 3798 5086 labe:

2230 5082 2461 5156 faétaris.
2512 5084 2608 5138 His
2653 5085 2901 5156 concinit
2925 5096 2982 5138 et
3033 5082 3326 5152 Lab.,’nisi
3370 5085 3515 5156 quod
3562 5082 3796 5154 postremi

2235 5155 2380 5209 verbi
2420 5156 2538 5209 loco
2568 5155 2804 5209 restituit
2831 5155 3104 5209 labebaris.

2303 5223 2331 5261 h
2368 5224 2448 5299 Ad
2489 5225 2987 5299 litteramGrrecam
3023 5243 3035 5278 :
3068 5236 3116 5299 et
3155 5243 3336 5281 rursus
3365 5235 3582 5299 utraque
3606 5225 3798 5299 con/un-

2235 5296 2338 5371 dis,
2371 5296 2447 5371 vel
2478 5297 2766 5371 conﬁtendo
2788 5307 2995 5371 negata,
3025 5298 3103 5371 vel
3124 5299 3332 5371 nitendo
3353 5296 3797 5371 negajeeonfessa.

2235 5367 2516 5421 Nestorius
2545 5367 2596 5419 in
2643 5364 2979 5422 litteris'suis
3014 5369 3200 5438 primo
3229 5364 3444 5423 Mariam
3479 5368 3572 5424 Dei
3601 5364 3801 5438 genitri-

2235 5452 2353 5492 cem
2381 5452 2506 5493 esse
2533 5446 2718 5508 negat;
2751 5435 3274 5509 tumquod’negarat
3298 5440 3512 5494 videtur
3536 5435 3762 5494 conﬁteri
3787 5450 3798 5509 ξ

2236 5518 2292 5563 et
2319 5504 2974 5577 utrumque'postmodtim
3001 5504 3303 5576 confundit,
3332 5510 3485 5576 dum,
3508 5526 3572 5566 ex
3595 5523 3658 5564 eo
3677 5504 3800 5578 quod

2236 5594 2324 5650 res
2351 5589 2526 5635 creata
2573 5581 2794 5648 gignere
2825 5596 2931 5635 non
2970 5579 3148 5650 potuit
3189 5581 3484 5638 increatam
3537 5580 3797 5650 Deitatem.

2233 5649 2451 5704 Mariam
2477 5647 2886 5720 negatVerbum
2911 5647 3078 5708 Deum
3101 5666 3315 5708 carnem
3337 5653 3534 5708 factum
3554 5647 3798 5721 gignendo

2233 5722 2486 5792 genuisse
2515 5721 2705 5778 Deum.
