3976 6336
206 290 299 346 Ατῦ
1063 284 1279 343 EPIST.
1322 285 1461 342 XIII.
1491 314 1562 327 --
1587 284 1776 342 αοειι

1876 287 1980 344 'lNl
2019 289 2224 349 ΡΑΡΛΕ
2263 292 2354 349 AD
2428 293 2846 354 NESTORIUM.
3341 296 3446 355 474

204 398 530 464 sententiam,
573 398 757 454 volens
790 397 859 454 de
903 398 998 455 Dei
1030 398 1210 457 Verbo
1249 400 1408 459 aliter
1429 415 1590 473 quam
1619 400 1751 460 ﬁdes

1877 408 2149 469 ’πιστολαῖς
2180 410 2396 485 φανερὰν
2421 410 2675 485 ἀπόφασιν
2706 413 2809 482 οὐχ
2836 410 2970 467 οὕτω
3010 414 3130 488 περὶ
3156 420 3248 474 τῆς
3277 414 3447 480 ἡμετέ-

202 493 345 550 habet
369 491 605 545 omnium
644 489 945 561 disputare.

1875 521 1955 562 οας
1996 504 2242 567 πίστεως,
2278 506 2345 563 ὡς
2391 508 2512 577 περὶ
2555 512 2779 561 σεαυτοῦ
2808 507 3103 579 ὶξήνεγκας,
3132 505 3285 559 Θέλων
3324 508 3445 581 περὶ

1859 598 1949 647 τοῦ
1992 599 2119 648 Θεοῦ
2163 594 2315 667 λόγου
2353 591 2515 657 ἄλλως
2557 598 2788 671 κηρύξαι,
2818 596 2951 669 ἤπερ
2981 598 3010 655 ἡ
3037 596 3240 652 πάντων
3268 600 3446 659 πίστις

1861 682 2006 755 ἔχει.

255 772 305 828 5.
346 769 487 826 Ecce
514 786 661 826 nunc
683 770 739 826 in
769 786 927 842 quam
960 772 1027 829 de
1055 782 1105 830 te
1125 788 1380 831 vocamur
1406 779 1755 849 sententiam,

1928 778 2051 835 Ἰδού
2078 785 2166 835 νῦν
2194 782 2264 841 είς
2290 780 2399 837 οἷαν
2433 782 2719 856 καλούμεθα
2748 783 3000 858 ἀπόφασιν
3029 787 3149 861 περὶ
3179 793 3296 841 σοῦ’
3332 783 3441 841 ἰδού

194 881 301 922 ecce
343 879 461 934 quae
494 874 705 921 tuarum
751 874 878 921 sunt
933 866 1195 925 beneﬁcia
1233 870 1555 927 novitatum.
1604 872 1759 928 Post-

1871 866 1951 925 ιῖαἰ
1997 874 2122 926 εἰσιν
2168 872 2222 927 αί
2264 874 2550 949 εὐεργεσίαι
2599 881 2699 930 τῶν
2749 883 2852 930 σῶν
2906 881 3227 936 καινοτήτων⁶
3263 876 3347 951 ἀφ’
3381 872 3441 931 ού

193 975 329 1031 quam
355 959 633 1030 ignoratus
656 960 862 1017 electus
885 977 964 1029 es,
985 970 1039 1019 et
1062 964 1308 1034 cognitus
1330 967 1624 1035 accusaris,
1641 967 1754 1037 jam

1875 962 2195 1038 ἱγνοούμενος
2240 967 2328 1037 μέν
2359 974 2383 1001 ⁸
2421 967 2717 1039 ἀπελέχθης
2742 1008 2758 1034 ,
2787 969 3029 1040 γνωσθείς
3066 967 3120 1023 δὲ
3158 973 3445 1041 κατηγορή-

192 1066 314 1106 nunc
343 1067 466 1106 cum
500 1052 595 1107 illo
619 1056 861 1123 gentium
888 1055 1117 1112 Doctore
1148 1056 1429 1113 dicendum
1459 1067 1542 1114 est
1572 1077 1584 1113 :
1618 1059 1755 1115 Nam

1872 1062 1959 1118 lng'
1991 1058 2293 1129 λοιπόνμετά
2329 1064 2422 1114 τοῦ
2464 1066 2563 1114 τῶν
2597 1061 2743 1113 ἐθνῶν
2774 1058 3086 1116 διδασκάλου
3132 1062 3344 1115 λεκτέον·
3379 1065 3442 1116 Τί

189 1144 295 1214 quid
321 1160 524 1198 oremus
552 1146 836 1200 secundum
864 1149 1001 1218 quod
1026 1158 1246 1220 oportet,
1280 1151 1535 1207 nescimus
1575 1154 1751 1223 (Rom.

1873 1149 1949 1225 γὰρ
1990 1150 2241 1219 εύξώμεθα
2286 1152 2354 1212 ὡς
2404 1156 2542 1226 χρὴ,
2574 1152 2665 1204 οὐκ
2707 1149 2877 1219 ἴσμεν.
2916 1150 3049 1228 τΑρα
3092 1154 3152 1206 ού
3189 1159 3352 1208 ταῦτα
3381 1153 3443 1207 τὰ

187 1250 283 1299 \‘lll,
309 1231 429 1306 26).
460 1234 649 1291 Nonne
682 1236 795 1292 haec
823 1238 1081 1294 Ecclesia:
1107 1240 1185 1294 illi
1214 1241 1377 1297 verba
1403 1244 1749 1312 conveniunt,

1873 1242 2059 1313 ἷήματα
2093 1244 2249 1316 ἐκείνῃ
2297 1251 2359 1317 τῇ
2401 1244 2664 1319 Ἐκκλησία
2689 1245 2901 1321 πρέπει,
2934 1246 3045 1305 ἥτις
3073 1243 3443 1317 δεδοκιμασμέ-

187 1342 285 1398 qua:
314 1327 570 1395 probatos
596 1326 623 1365 δ
664 1329 766 1383 sibi
801 1330 946 1385 viros
971 1371 987 1397 ,
1038 1347 1143 1387 non
1189 1334 1440 1389 notitiam
1483 1346 1626 1390 tuam
1655 1336 1750 1391 sed

1871 1356 1946 1389 νων
1972 1336 2022 1389 έν
2043 1337 2166 1411 αὐτῇ
2198 1337 2472 1411 ἀνθρώπων
2501 1338 2893 1412 κατεφρόνησεν,
2926 1337 3263 1393 ἀκολουθοῦσα
3282 1347 3343 1411 τῇ
3375 1346 3441 1414 σῇ

186 1421 355 1474 tamam
392 1428 597 1485 secuta,
630 1423 994 1492 contempsit?
1041 1422 1358 1493 Impositum
1388 1438 1471 1481 est
1512 1427 1752 1497 opinioni

1872 1434 2009 1504 νήριη,
2042 1432 2100 1484 ού
2126 1438 2187 1505 τῇ
2216 1434 2435 1503 γνώσεις
2467 1435 2698 1491 ἠπατήθη
2726 1435 2756 1490 ἡ
2783 1432 2991 1487 ὑπόνοια
3017 1439 3117 1487 τῶν
3142 1434 3300 1487 καλῶν
3322 1436 3442 1507 περὶ

184 1512 297 1567 bene
320 1510 394 1566 de
420 1520 469 1566 te
499 1511 855 1568 credentium.
888 1514 1020 1583 Quis
1050 1517 1193 1571 enim
1219 1526 1241 1555 ε
1267 1516 1409 1571 intra
1433 1518 1575 1574 ovile
1604 1520 1752 1574 velut

1872 1529 1944 1577 τοῦ
1974 1522 2386 1579 πιστευσάντων.
2419 1526 2506 1585 Τίς
2530 1528 2629 1601 γὰρ
2659 1526 2792 1586 ἐντὸς
2826 1526 3087 1604 προϐάτου
3128 1525 3316 1594 μαλλοῦ
3349 1524 3442 1599 ἆρ-

183 1618 414 1673 rapacem
448 1604 634 1675 lupum
666 1616 885 1677 putaret
913 1608 1212 1665 abscondi?
1250 1611 1367 1667 Vox
1392 1622 1476 1668 est
1506 1613 1746 1683 ejusdem

1867 1636 1994 1689 ταγα
2036 1616 2307 1691 κεκρύφθαι
2331 1617 2478 1671 λύκον
2513 1616 2771 1689 νομίσειε;
2803 1620 2937 1689 φωνή
2968 1618 3105 1673 ἐστιν
3150 1618 3307 1671 αὐτοῦ
3347 1622 3437 1671 τοῦ

182 1696 405 1766 Apostoli
436 1714 450 1751 :
488 1697 700 1767 Oportet
724 1700 878 1753 etiam
912 1699 1129 1756 hareses
1160 1719 1286 1771 esse,
1322 1714 1379 1758 ut
1403 1704 1606 1775 probati
1641 1723 1749 1761 nta-

1871 1708 2163 1772 ἱποστόλου,
2189 1707 2288 1763 δεῖν
2314 1711 2400 1763 καί
2420 1710 2642 1788 αἱρέσεις
2675 1704 2820 1775 εἶναι,
2849 1710 2933 1765 ⁴ἱνα
2959 1710 3005 1763 oi
3033 1706 3441 1781 δεδοκιμασμένοι

182 1792 332 1862 nifesti
362 1791 494 1861 ﬁant
531 1792 575 1861 (ι
598 1791 716 1847 Cor.
744 1809 818 1857 xi,
844 1793 958 1864 19).
990 1794 1155 1866 Aperi
1182 1812 1341 1854 aures
1364 1806 1503 1865 tuas,
1528 1807 1583 1854 et
1603 1798 1746 1868 ejus-

1870 1806 2052 1880 ›ανεροί
2083 1799 2225 1857 ὦσιν.
2270 1800 2463 1875 ’Δνοιγέ
2511 1825 2607 1858 σου
2648 1803 2739 1864 τάς
2777 1804 2924 1863 ἀκοὰς
2948 1843 2962 1869 ,
2992 1805 3076 1857 καί
3102 1803 3288 1857 τούτου
3318 1804 3440 1863 τούς

180 1887 277 1940 dem
305 1885 373 1939 ad
410 1885 754 1942 Timouieum
803 1886 847 1959 (Ι
870 1886 1004 1942 Tim.
1034 1904 1108 1953 vr,
1135 1888 1227 1960 20)
1261 1890 1346 1946 vel
1382 1890 1563 1946 Titum
1612 1891 1742 1964 (Tit.

1867 1899 1982 1973 τρός
2010 1898 2245 1969 Τιμόθεον
2274 1901 2358 1952 καί
2382 1901 2527 1953 Τίτον
2556 1894 2710 1952 ἆκουε
2742 1897 2946 1969 λόγους.
2973 1899 3035 1951 Τί
3063 1893 3179 1951 ἄλλο
3209 1896 3397 1950 κελεύει
3422 1936 3437 1959 ,

179 1992 239 2044 ιιι,
267 1975 331 2048 9)
363 1976 540 2032 dictos
566 1978 749 2033 audito
775 1992 1079 2036 sermones.
1127 1980 1268 2050 Quid
1311 1982 1392 2038 his
1420 1982 1567 2038 aliud
1607 1999 1746 2053 pras-

1869 1989 1879 2049 5
1903 1991 1986 2045 ἶνα
2013 1991 2104 2051 τὰς
2135 1990 2386 2063 βεϐήλους
2414 1990 2712 2049 καινότητας
2750 1996 2850 2044 τῶν
2882 1994 3050 2060 φωνῶν
3078 1988 3439 2061 ἀποστρέφων-

178 2070 283 2139 cipit
309 2085 472 2140 quam
522 2080 579 2123 ut
624 2072 889 2126 novitates
920 2072 1091 2127 vitent
1119 2088 1314 2130 vocum
1341 2074 1631 2144 profanas?
1676 2075 1741 2131 ad

1868 2097 1962 2146 rat;
1990 2088 2152 2137 ταῦτα
2172 2084 2268 2158 γὰρ
2298 2082 2367 2141 εἰς
2392 2080 2627 2135 ἀσέϐειαν
2649 2086 2935 2157 προχωρεῖ,
2965 2078 3093 2152 ἅπερ
3123 2077 3202 2131 ἀεί
3230 2073 3256 2112 d
3285 2077 3438 2131 ἀκάν-

176 2163 488 2231 impietatem
512 2162 706 2233 quippe
728 2161 830 2217 ista
855 2164 1162 2233 proﬁciunt,
1182 2181 1301 2237 qua:
1323 2181 1539 2237 semper
1560 2168 1743 2237 spinas

1866 2178 1937 2233 ius“
1966 2176 2049 2227 καί
2072 2174 2336 2252 τριϐόλους
2355 2179 2515 2229 ποιεῖ.
2538 2174 2633 2227 Τόν
2658 2170 2711 2227 δὲ
2739 2171 2972 2241 Τιμόθεον
3001 2172 3085 2224 καί
3114 2168 3436 2242 παρακεκλη-

175 2267 217 2310 et
232 2255 456 2309 tribulos
475 2255 790 2311 intulerunt.
812 2256 1153 2314 Timotheum
1172 2267 1320 2317 certe
1335 2261 1498 2317 etiam
1522 2277 1743 2333 rogasse

1865 2268 1984 2321 ιέναι
2002 2266 2175 2322 ἔαυτόν
2191 2265 2459 2339 φησιν,ἶνα
2478 2272 2541 2341 τῇ
2554 2264 2745 2336 Ἐφέσῳ
2767 2263 3096 2337 παραμένων,
3118 2258 3435 2335 παραγγείλῇ

177 2366 219 2405 se
241 2350 367 2405 dicit
396 2350 437 2421 (1
466 2349 600 2404 Tim.
636 2366 672 2414 t,
706 2351 761 2421 5)
807 2361 863 2406 ιιι
901 2351 1102 2423 Ephesi
1146 2369 1434 2410 remanens
1459 2355 1745 2410 denuntia-

1866 2362 1968 2420 ἰσὶ,
2000 2362 2070 2431 μή
2097 2380 2174 2418 τις
2216 2356 2335 2412 ἄλλο
2376 2358 2589 2432 κηρύξῃ.
2642 2356 2743 2430 Πρὸ
2790 2353 3046 2427 ὀφθαλμῶν
3091 2354 3178 2425 μοί
3221 2353 3331 2404 ἐστι
3369 2351 3436 2405 τὰ

175 2450 240 2497 ret
263 2442 578 2513 quibusdam
608 2458 675 2499 ne
702 2443 822 2514 quis
852 2445 1009 2500 aliter
1046 2446 1384 2517 praedicaret.
1435 2448 1578 2504 Ante
1615 2464 1744 2505 ocu-

1864 2451 2051 2522 ἰήματα
2074 2453 2313 2526 Ἱερεμίου
2356 2456 2449 2504 τοῦ
2500 2453 2757 2524 προφήτου
2784 2446 3018 2521 ’Φοϐερά,
3047 2446 3214 2517 φησὶν,
3244 2442 3434 2514 ἐγένετο

175 2535 239 2588 los
264 2534 394 2589 mihi
428 2534 679 2591 Jeremia:
708 2536 987 2606 prophetae
1022 2539 1187 2595 verba
1217 2549 1342 2595 sunt
1381 2557 1397 2599 :
1430 2540 1739 2608 Horribilia,

1860 2545 2013 2599 ἓπάνω
2062 2552 2154 2603 τῆς
2223 2552 2334 2616 γῆς’
2387 2541 2434 2596 οε
2484 2549 2738 2617 προφῆται
2793 2536 2989 2594 ἀδικίαν
3032 2536 3430 2612 προφητεύουσι.

174 2625 345 2695 inquit,
380 2628 517 2697 [acta
539 2636 658 2679 sunt
687 2643 839 2697 super
859 2638 1046 2682 terram
1085 2644 1105 2683 :
1136 2632 1398 2700 praphette
1424 2632 1743 2703 iniquitatem

1866 2644 2050 2701 Γαῦτα,
2083 2632 2193 2693 εἶπέ
2236 2657 2352 2707 μοι,
2389 2637 2458 2696 ὡς
2488 2631 2727 2709 ἄγνωστὰ
2764 2654 2847 2688 σοι
2886 2633 3249 2706 παρέρχεται,
3293 2626 3324 2687 ἣ
3368 2630 3436 2687 ὡς

176 2717 459 2787 praphetant
508 2718 721 2789 (Jerent.
756 2735 809 2784 ν,
837 2718 949 2792 50).
1003 2721 1128 2776 Hac
1154 2764 1168 2788 ,
1203 2720 1349 2778 dicas
1382 2724 1508 2778 volo
1534 2765 1549 2789 ,
1591 2725 1745 2794 quasi

1864 2732 2166 2803 γνωσμένων
2237 2737 2563 2806 καταφρονεῖς
2608 2744 2624 2792 ;
2683 2730 2727 2783 εἰ
2782 2731 2874 2800 μὲν
2914 2724 3000 2787 ’ὡς
3055 2722 3297 2799 ἄγνωστά
3352 2742 3434 2777 σοι

175 2811 332 2881 ignota
366 2822 419 2868 te
450 2820 769 2882 transeunt,
801 2820 896 2867 aut
935 2814 1091 2884 quasi
1124 2823 1246 2870 nota
1293 2816 1639 2872 contemnis?
1684 2817 1742 2875 Si

1863 2826 2212 2899 παρέρχεται,
2271 2827 2340 2894 μὴ
2386 2820 2628 2896 αἰδεσθῇς
2666 2822 2841 2891 μαθεῖν
2884 2820 2944 2873 τὸ
2995 2818 3167 2891 ὀρθὸν,
3212 2816 3281 2873 ὡς
3340 2814 3433 2867 οὐκ

174 2908 302 2976 quasi
350 2906 532 2977 ignota
583 2917 635 2961 te
685 2917 987 2974 transeunt,
1034 2925 1140 2964 non
1182 2910 1256 2964 sit
1298 2911 1490 2980 pudori
1537 2911 1743 2967 discere

1859 2916 2084 2989 ἱφοϐήθης
2100 2925 2122 2952 θ
2138 2918 2196 2971 τὸ
2209 2913 2610 2989 διεστραμμένον
2648 2910 2866 2977 διδάξαι.
2881 2912 2937 2965 Εἰ
2950 2909 3003 2964 δὲ
3027 2912 3096 2969 ὡς
3109 2907 3429 2980 έγνώσμένων

175 3007 357 3053 rectum
384 3041 400 3065 ,
433 2999 647 3069 quando
694 2998 875 3055 timori
905 3016 1010 3055 non
1045 3000 1144 3056 fuit
1173 3001 1372 3058 docere
1400 3017 1738 3073 perversum.

1863 3016 2201 3085 ιαταφρονεῖς,
2228 3009 2327 3063 νόει
2349 3006 2427 3063 ότι
2450 3004 2802 3079 ἀναπολόγητά
2832 3025 2914 3057 σοι
2960 3000 3137 3061 ἔσται,
3170 2998 3291 3055 ὅταν
3332 2998 3433 3052 ἀπὸ

174 3092 217 3147 Si
241 3094 387 3164 quasi
416 3104 541 3147 n0Ia
570 3094 897 3158 contemnis,
930 3093 1172 3164 intellige
1217 3104 1269 3149 te
1313 3094 1738 3151 inexcusabilem

1864 3108 1939 3157 τοῦ
1986 3108 2075 3157 τοῦ
2136 3102 2505 3176 έπιτραπέντος
2536 3121 2621 3155 σοι
2657 3098 2902 3153 ταλάντου
2930 3096 3015 3150 τὸν
3058 3094 3199 3167 λόγον
3250 3095 3434 3152 ἐκεῖνος

176 3186 271 3239 lore
295 3226 309 3252 ,
355 3201 475 3265 cum
509 3202 541 3241 a
572 3195 625 3242 te
652 3186 927 3241 commissi
971 3186 1069 3242 tibi
1106 3187 1295 3243 talenti
1342 3190 1618 3259 quaesierit
1648 3191 1736 3246 ille

1852 3199 2153 3269 ἕπιξητὴσῃ,
2184 3192 2239 3255 ὃς
2284 3192 2500 3265 δι’ήμῶν
2548 3194 2651 3247 ἀπὸ
2693 3193 2877 3247 τούτου
2912 3194 3000 3245 τοῦ
3048 3188 3191 3260 ἁγίου
3222 3184 3422 3240 δανείσ-

176 3260 427 3332 rationem
448 3276 667 3350 (Matth.
701 3293 831 3343 xxv,
862 3276 983 3349 ‘26),
1018 3278 1106 3348 qui
1138 3272 1233 3348 per
1262 3292 1359 3333 nos
1384 3279 1453 3334 de
1481 3280 1582 3335 hoc
1612 3296 1737 3335 san-

1865 3310 2003 3349 ιατος
2074 3288 2243 3361 ἑαυτῷ
2308 3285 2481 3361 κέρδος
2550 3288 2629 3340 ἀεὶ
2690 3283 2978 3355 ἐκδέχεται.
3039 3278 3175 3356 Ὀρα
3228 3280 3309 3334 οἷα
3358 3301 3435 3333 τι·

178 3380 247 3423 rtn
273 3371 451 3426 fenore
482 3386 638 3425 suum
677 3370 889 3426 lucrum
938 3386 1152 3443 semper
1199 3382 1499 3443 exspectat.
1544 3374 1741 3445 Aspice

1860 3382 2008 3457 ιωρία
2036 3386 2208 3435 ἐκεῖνον
2238 3381 2375 3452 μένει
2410 3380 2491 3432 τόν
2530 3374 2795 3455 κρύψαντα
2824 3372 2850 3429 ὃ
2881 3375 3064 3447 εἰλήφει
3084 3415 3098 3439 ,
3133 3370 3210 3427 ἔτι
3245 3391 3300 3442 γε
3333 3374 3430 3440 μὴν

176 3480 277 3529 ηυςὲ
326 3478 479 3533 pmna
527 3462 677 3518 illum
720 3471 972 3530 maneat,
1005 3465 1093 3535 qui
1127 3464 1414 3521 abscondit
1438 3476 1739 3536 acceptum,

1867 3474 1927 3526 ’ὸν
1968 3477 2036 3543 μή
2082 3470 2342 3547 ὁλόκληρον
2383 3470 2885 3526 ἀποκαταστήσαντα
2927 3463 3055 3538 ὅπερ
3097 3463 3295 3535 εἰλήφει·
3330 3459 3437 3514 ὅθεν

180 3555 194 3593 ί
224 3559 309 3627 qui
338 3559 602 3630 integrum
642 3567 791 3615 certe
832 3558 1071 3613 restituit
1121 3559 1260 3629 quod
1312 3560 1523 3629 accepit
1555 3580 1566 3614 :
1602 3561 1743 3616 unde

1866 3571 2065 3643 ›ανερῶς
2108 3564 2363 3640 πρόσεχε,
2397 3559 2518 3621 ὅσος
2553 3564 2637 3614 καί
2666 3555 2767 3621 οἶος
2797 3558 2821 3613 ὁ
2850 3555 3082 3616 κίνδυνος
3105 3598 3119 3621 ,
3154 3553 3280 3624 μηδὲ
3309 3550 3436 3625 ὅπερ

179 3649 437 3706 evidenter
453 3652 677 3708 adverte
695 3651 835 3723 quod
850 3652 921 3705 sit
937 3659 993 3705 et
1014 3651 1103 3707 vel
1125 3652 1281 3722 quale
1305 3652 1624 3722 periculum,
1645 3668 1745 3708 nec

1870 3659 2029 3719 ’λαϐες
2052 3655 2362 3713 ἀποδιδόναι.
2386 3651 2520 3730 Ἰ’Δρα
2548 3657 2612 3708 σύ
2642 3660 2714 3726 τῷ
2739 3650 2964 3720 δεσπότῃ
2992 3651 3132 3721 ἡμῶν
3161 3648 3313 3719 ἐρεῖςο
3338 3644 3440 3707 Οὓς

180 3742 301 3810 quod
346 3742 624 3813 acceperis
671 3742 995 3797 reddidisse.
1044 3749 1124 3797 An
1175 3753 1229 3797 tu
1275 3744 1505 3800 Domino
1556 3755 1745 3800 nostro

1869 3752 2069 3814 ῖέδωκάς
2091 3772 2194 3822 μοι,
2217 3749 2447 3822 ἐφύλαξα·
2476 3748 2625 3802 ὁπότε
2656 3746 2821 3807 οὕτως
2849 3744 3093 3815 ἀκούομεν
3109 3750 3133 3788 8
3157 3742 3439 3813 σχίζεσθαι

181 3833 399 3888 dicturus
424 3848 484 3890 es
515 3852 527 3887 :
567 3834 708 3902 Quos
730 3835 919 3889 dedisti
941 3833 1089 3901 mihi,
1120 3836 1371 3890 custodivi
1399 3836 1576 3909 (Joan.
1608 3854 1743 3904 xvu,

1874 3848 1920 3906 ἱς
1964 3846 2092 3920 μέρη
2142 3846 2231 3902 τήν
2270 3842 2560 3899 Ἐκκλησίαν
2610 3841 2796 3895 αύτοῦζ
2829 3836 2934 3908 μεθ’
2952 3837 3063 3895 οἵας
3104 3832 3440 3893 συνειδήσεως

182 3925 294 3991 12),
324 3942 439 3981 cum
472 3926 549 3982 sic
580 3927 751 3982 scindi
792 3927 843 3982 in
885 3937 1064 3998 partes
1107 3928 1391 3983 audiamus
1418 3930 1535 3995 ejus
1563 3931 1748 3986 Eccle-

1866 3945 1961 4013 ζῇς,
1993 3934 2188 4006 σχεδόν
2210 3935 2313 3989 ἀπὸ
2333 3934 2540 3989 πάντων
2569 3938 2617 3986 ἓν
2637 3933 2802 4002 ταύτῃ
2823 3937 2887 4005 τῇ
2906 3927 3047 3983 πόλει
3067 3925 3436 3997 καταλειφθείςς

183 4020 340 4073 siam?
369 4020 479 4088 Qua
502 4022 834 4078 conscientia
859 4022 1017 4090 vivis,
1048 4038 1180 4092 pene
1204 4023 1270 4079 ab
1290 4024 1543 4079 omnibus
1564 4024 1618 4079 in
1646 4025 1749 4080 hac

1870 4030 2085 4103 νύχόμην
2106 4030 2295 4090 αύτούς
2318 4026 2432 4083 τότε
2460 4025 2649 4097 μᾶλλον
2676 4023 2976 4097 γεγενῆσθαι
3004 4018 3274 4091 ἀσφαλεῖς,
3296 4015 3326 4075 ἧ
3350 4022 3440 4070 νῦν

184 4112 380 4167 civitate
422 4113 703 4169 desertus?
752 4114 1077 4182 Optaveram
1119 4130 1213 4170 eos
1256 4124 1384 4171 tunc
1434 4115 1597 4171 fuisse
1637 4125 1747 4171 tam

1872 4125 1999 4187 iam,
2029 4119 2059 4158 ¹³
2088 4119 2169 4176 ὅτε
2199 4120 2405 4178 έαυτοῖς
2448 4119 2750 4182 ἐπιζητοῦσι
2797 4115 3044 4185 βοήθειαν.
3086 4111 3232 4165 Πόθεν
3262 4130 3345 4164 σοι
3372 4109 3442 4167 εἰς

185 4213 355 4259 cautos
381 4222 537 4274 quam
562 4223 707 4263 nunc
737 4216 863 4262 sunt
888 4249 902 4274 ,
930 4222 1051 4263 cum
1082 4209 1182 4263 sibi
1210 4208 1525 4266 desiderant
1554 4210 1745 4265 subve-

1872 4220 2069 4271 τοιαῦτα
2097 4217 2365 4285 ζητήματα
2395 4211 2572 4264 ἰθύνειν
2597 4209 2771 4280 λόγους
2790 4250 2804 4274 ,
2845 4205 2973 4280 ἅπερ
3013 4206 3190 4258 ἐννοεῖν
3218 4202 3442 4273 βλάσφη-

186 4295 300 4350 niri.
343 4297 491 4353 Unde
532 4298 628 4353 tibi
670 4300 721 4353 in
766 4298 862 4353 has
914 4301 1244 4369 quaestiones
1282 4302 1447 4358 verba
1491 4303 1747 4374 dirigere,

1873 4330 1947 4363 ιον
1969 4324 1983 4371 ;
2015 4305 2162 4361 πόθεν
2190 4302 2453 4373 ἐπισκόπῳ
2477 4302 2549 4362 εἰς
2580 4298 2770 4371 δήμους
2790 4302 2960 4353 ταῦτα
2986 4296 3275 4370 κηρύττειν,
3301 4290 3364 4347 δι’
3379 4288 3443 4345 ὧν

194 4390 207 4427 ί
239 4406 361 4460 quas
385 4393 451 4447 sit
478 4393 850 4462 blaspltemum
878 4395 1180 4464 cogitasse?
1234 4394 1383 4452 Unde
1430 4396 1484 4450 in
1525 4383 1751 4467 p0pulos

1874 4403 1913 4456 τό
1940 4400 2100 4460 σέϐας
2141 4404 2236 4453 τοῦ
2274 4399 2572 4472 παρθενικοῦ
2599 4393 2753 4447 τόκου
2796 4392 3165 4465 τιτρώσκεταις
3199 4387 3285 4441 όύκ
3314 4386 3444 4459 ὀφεί-

189 4482 294 4537 haec
318 4485 562 4553 episcopo
600 4484 928 4553 praedicare,
960 4485 1158 4555 quibus
1192 4485 1422 4557 virginei
1451 4498 1638 4558 partus
1665 4503 1749 4543 re—

1874 4517 2003 4550 touat
2043 4500 2134 4553 τῆς
2176 4494 2406 4567 ἀρχαίας
2432 4490 2659 4547 πίστεως
2689 4490 2779 4544 τήν
2809 4482 3131 4557 καθαρότητα
3158 4481 3444 4553 βλάσφημοι

190 4578 407 4631 verentia
443 4577 753 4633 saucietur?
798 4577 911 4633 Non
939 4578 1140 4634 debent
1171 4582 1369 4636 veteris
1396 4582 1519 4639 ﬁdei
1552 4583 1754 4653 purita-

1183 4582 1369 4636 veteris
1396 4582 1519 4639 ﬁdei
1552 4583 1754 4653 purita-
1779 4567 1830 4626 D
1863 4587 1875 4636 i
1914 4590 1984 4647 εἰς
2013 4587 2097 4640 τὸν
2124 4585 2247 4638 Θεὸν
2274 4582 2415 4653 λόγοι
2439 4578 2753 4654 διαταράξαι.

192 4676 285 4723 tem
310 4669 613 4740 blaspliema
650 4672 704 4725 in
730 4669 900 4724 Deum
931 4670 1093 4725 verba
1123 4671 1362 4728 turbare.

255 4814 278 4882 ξ
311 4805 460 4882 _[_Jnus
486 4820 591 4882 ms.
623 4821 736 4878 reg.
769 4807 1076 4882 ἐπιλέχθηςῖ
1109 4810 1267 4882 διιεῖ,
1298 4810 1610 4882 ὑπελίχθηςε

1934 4822 1959 4851 θ
1990 4812 2128 4869 Editi
2158 4811 2247 4867 hic
2276 4810 2480 4867 addunt
2504 4810 2699 4881 μαθεῖν,
2730 4814 2785 4863 et
2813 4820 2935 4861 mox
2964 4806 3045 4860 καὶ
3071 4809 3196 4857 ante
3224 4800 3444 4867 διδάξαι,

255 4830 278 4841 -
323 4830 460 4861 unus
486 4830 591 4862 ms.
623 4830 736 4878 reg.
769 4830 909 4864 επιλε
959 4830 1076 4873 Unci
1109 4830 1267 4877 διιεῖ,
1298 4830 1610 4882 υπελεχυηςὲ
1934 4830 1959 4851 υ
1990 4830 2128 4869 nam
2158 4830 2247 4867 mc
2276 4830 2480 4867 acuunt
2504 4830 2699 4881 μαυειν,
2730 4830 2785 4863 et
2813 4830 2935 4861 ιιιυι
2964 4830 3045 4860 και
3071 4830 3167 4856 am

252 4874 283 4955 ιζ
311 4878 469 4955 Magis
498 4880 737 4955 placeret
763 4893 883 4955 cum
913 4830 1127 4955 amco,
1159 4881 1213 4933 in
1234 4881 1443 4955 se,‘hoc
1466 4894 1549 4955 est
1576 4888 1626 4955 in
1658 4899 1757 4940 suo
1862 4884 2415 4955 refragantibusimss.
2760 4949 2772 4955 Α
3118 4953 3124 4955 Δ
3155 4945 3167 4955 _

196 4946 345 5016 ipsius
390 4942 510 5027 sinu
531 4958 614 5027 _et
648 4942 1254 5027 qbsequiojnslitutos,
1294 4942 1364 5007 de
1392 4954 1584 5027 quibus
1614 4954 1756 5011 idem
1937 4956 1955 4993 τ
1987 4942 2193 5011 Clarius
2222 4954 2492 5027 diceretur
2514 4968 2575 5004 ac
2594 4958 2728 5027 certe
2754 4949 3009 5027 integrum
3029 4953 3133 5027 ;_et
3155 4942 3445 5026 inﬁrmo,

198 5020 489 5100 papa_epist_.
518 5021 552 5074 4
577 5036 631 5100 ῃ..
656 5020 877 5100 7_dicit_:
910 5020 1145 5100 {rimam
1170 5020 1255 5075 illi
1282 5018 1596 5100 reprobandi
1614 5038 1759 5100 sunt,

1876 5031 2029 5100 καίτοι
2047 5047 2103 5100 γε
2133 5028 2215 5081 τὸν
2243 5027 2332 5097 μὲν
2358 5023 2639 5100 ὁλόκληρον.
2664 5023 2820 5076 Certe
2844 5018 3105 5100 orationis
3124 5018 3293 5071 series

202 5091 418 5173 utqliqui
447 5091 514 5173 de
541 5091 975 5173 alienisecclesiis
1005 5093 1187 5173 merito
1212 5095 1587 5173 praeferantur;
1617 5106 1671 5173 et
1692 5091 1761 5153 de
1868 5091 2079 5173 ticulam
2110 5103 2178 5173 μή
2212 5091 2441 5173 respuit.
2485 5091 2614 5173 Haec
2657 5100 2835 5173 autem
2879 5091 3138 5146 sententia
3158 5127 3192 5173 ,ε
3214 5092 3451 5173 propter

200 5155 364 5230 quibus
393 5162 817 5241 st_at_im_su_bjic_it
842 5180 870 5241 _:
907 5161 1110 5241 Habeat
1140 5155 1486 5235 unusquisque
1511 5155 1617 5241 sui:
1644 5169 1759 5241 fru-
1866 5171 2089 5224 verbum
2110 5155 2639 5241 stuprarepetitum,
2674 5165 2725 5241 in
2745 5162 2890 5241 .Reg.
2918 5175 3049 5241 mss.
3076 5155 3297 5241 εξοίάίῐο

204 5227 318 5309 Etum
345 5234 541 5309 militia:
568 5234 621 5286 in
649 5227 887 5309 Ecclesia
930 5233 983 5286 in
1000 5227 1298 5309 _q_ua_suam'
1318 5227 1421 5309 pen
1450 5239 1622 5292 omnia
1644 5227 1762 5309 ’σηε-

1941 5252 1964 5288 s
1996 5240 2070 5294 lta
2102 5227 2242 5292 mss.‘
2264 5238 2331 5293 At
2357 5227 2487 5293 editi
2532 5227 2634 5290 hic'
2659 5227 2866 5290 addunt
2904 5230 3185 5304 σφὰζισθαι
3233 5227 3351 5290 καί,
3399 5229 3449 5277 et

202 5303 265 5355 ria
283 5305 525 5388 trpnsegit
546 5312 769 5388 petatem.
802 5304 1197 5388 Qecretiliujus
1218 5303 1593 5388 necessitatem
1616 5303 1765 5365 coin-
1866 5312 2116 5388 omittunt
2143 5312 2213 5388 sic
2237 5311 2383 5388 μέρη.

202 5375 431 5453 mentiare
472 5374 757 5453 videbatur
785 5375 1061 5453 _Nes_torii_
1083 5374 1390 5453 exemplum
1422 5394 1437 5444 ;
1488 5379 1584 5435 sed
1642 5395 1761 5453 eam
1938 5381 1965 5453 ιφ
1998 5381 2118 5453 Mss.
2158 5374 2263 5453 ὅτε,
2292 5374 2493 5453 omissp
2515 5393 2674 5449 supra
2703 5378 2840 5434 τότε.
2869 5447 2881 5453 _
2941 5445 2984 5453 __
3093 5442 3107 5453 ι
3206 5441 3218 5453 ,
3360 5451 3369 5453 Α
3420 5436 3432 5448 ,

204 5444 463 5519 haereticus
482 5446 577 5519 ille
606 5446 987 5519 prteseferebat
1011 5446 1225 5517 pietatis
1244 5442 1479 5519 speciem
1501 5465 1622 5506 cum
1645 5452 1760 5507 elo-
1945 5451 1958 5490 ί
1995 5450 2137 5507 Edit.
2171 5442 2326 5506 Rom.
2361 5460 2417 5506 et
2446 5442 2666 5517 Baroh.,
2698 5464 2813 5516 qua:
2836 5447 2903 5502 sit
2934 5442 3288 5519 blasphemia;
3318 5442 3451 5493 ι’θῐιῖι

203 5519 410 5589 quentiae
437 5512 968 5589 laude’conjunctam
992 5512 1027 5583 ,⁷
1041 5526 1104 5572 ιιι
1150 5512 1316 5588 ipsam
1366 5521 1757 5578 Antiochenam
1868 5525 2104 5580 tentibus
2123 5537 2254 5577 mss.
2277 5532 2330 5577 et
2351 5522 2560 5578 Grmco.
2596 5512 2766 5575 Antea
2790 5534 2888 5589 pro
2908 5516 3120 5589 verbis:
3147 5512 3451 5589 Optaverunt

204 5580 475 5664 Ecclesiam
504 5588 560 5643 in
590 5601 695 5657 qua
726 5580 1024 5645 'meruera’t
1066 5580 1186 5645 non'
1215 5588 1391 5645 minus
1430 5590 1619 5648 fallere
1669 5608 1763 5664 po-
1867 5611 1978 5659 eos,
2022 5594 2300 5649 mallemus
2326 5635 2340 5659 ,
2386 5592 2595 5648 Utinam
2620 5600 2740 5646 tunc
2772 5580 2914 5658 (cum
2944 5598 2995 5645 te
3019 5580 3324 5655 elegerunt)
3355 5589 3455 5637 ‘0'"

205 5661 389 5735 tuisset.
579 5730 591 5735 Α
748 5730 765 5735 _
813 5732 823 5735 _
1050 5732 1081 5735 η
1671 5661 1684 5664 ’
1871 5668 2088 5734 fuissent
2117 5666 2252 5718 cauti
2276 5680 2431 5735 quam
2455 5679 2589 5717 nunc
2616 5672 2754 5735 sunt,
2783 5671 2889 5717 etc.

272 5741 290 5802 ς
322 5729 504 5802 Graece
528 5749 542 5783 :
573 5730 711 5785 intra
741 5730 947 5787 (ubinam
977 5732 1191 5801 pellent,
1220 5749 1475 5802 rapacem.

1186 5776 1191 5796 ,
1220 5749 1475 5802 rapacem.
1872 5729 1880 5734 ’
1945 5736 1959 5785 i
2000 5740 2045 5792 Α
2076 5749 2208 5795 mss.
2235 5729 2387 5790 abest
2411 5738 2481 5797 εἰς
2510 5737 2592 5791 τὸν
2618 5732 2756 5790 Θεὸν.

267 5799 291 5837 δ
326 5802 449 5865 Mss.
480 5796 557 5868 ἂν,
586 5816 682 5871 pro
709 5805 823 5868 ἀει;
864 5812 919 5859 et
948 5796 1073 5860 mox
1101 5796 1243 5877 ποιῇ,
1276 5796 1380 5861 non
1408 5816 1562 5863 ποιεῖ.
