3976 6336
214 337 314 426 ἰτί

952 331 1177 427 ωεστ.
1214 363 1442 423 xut.—
1466 354 1866 420 comesum
1901 355 2105 414 eam
2141 357 2235 414 AD
2272 356 2690 418 uesronmu.

3365 356 3478 416 478

215 497 239 527 ι
262 485 326 541 ab
353 481 697 539 universitate
727 480 939 554 collegii
969 492 1021 537 ct
1050 491 1319 537 conventu
1353 478 1771 535 ChriStianoruu

1889 472 2060 528 λοιπόν
2087 476 2261 550 τρίτην
2287 518 2300 542 ,
2331 477 2594 537 παντελῶς
2632 476 2736 531 άπὸ
2765 481 2858 536 τῆς
2885 478 2977 532 τοῦ
3007 469 3275 550 συνεδρίου
3313 474 3478 546 ἡμῶν,

213 590 260 637 te
286 592 498 649 prorsus
527 591 647 634 esse
672 576 996 646 sejuncmm,
1029 575 1131 629 nisi
1168 589 1291 628 mox
1317 587 1438 644 quin
1467 569 1606 624 male
1641 567 1783 621 dicta

208 683 318 729 sunt
362 672 728 740 corrigantur,
774 668 873 721 nisi
919 669 973 721 in
1005 683 1120 721 eam
1151 665 1286 720 vium
1318 667 1508 719 redeas
1537 677 1694 732 quam
1726 673 1785 714 se

206 764 442 822 Cbri~tus
467 778 587 818 esse
617 773 838 814 testatur
875 758 1054 830 (Joan.
1088 775 1208 824 xw,
1241 758 1318 829 6).
1355 757 1494 812 Male
1537 756 1589 808 in
1643 753 1786 809 hunc

205 877 334 915 arma
363 858 741 928 desperatione
779 854 991 909 l“()Vi.~li
1021 897 1035 918 ,
1083 855 1171 922 qui
1222 864 1274 908 te
1319 867 1482 921 super
1527 847 1781 904 familiam

202 969 334 1010 suam
363 953 505 1005 velut
534 949 742 1004 fidelem
769 950 1192 1016 prudentemque
1220 961 1433 1000 servum
1465 942 1783 1018 permiserat

199 1058 310 1102 ante
359 1041 615 1099 constitui
659 1040 878 1109 (Matth.
924 1057 1070 1100 χειν.
1103 1039 1216 1110 45).
1252 1039 1417 1094 Periit
1446 1037 1538 1091 tibi
1566 1036 1723 1104 hujus
1752 1032 1778 1072 δ

197 1139 336 1195 ol'licii
377 1136 650 1192 beatitudo
679 1136 962 1206 promissa.
993 1135 1108 1189 Non
1141 1135 1312 1188 solum
1345 1148 1452 1187 non
1477 1131 1574 1186 das
1597 1129 1775 1185 cibum

197 1235 239 1288 in
270 1245 532 1301 tempore,
558 1247 744 1286 verum
776 1230 938 1284 etiam
974 1242 1180 1282 veneno
1209 1225 1487 1289 interﬁcis,
1520 1237 1657 1298 quos
1688 1219 1776 1276 ille

194 1340 278 1382 suo
324 1325 588 1393 sanguine
633 1335 687 1377 et
730 1336 823 1380 sua
875 1334 1047 1376 morte
1085 1319 1331 1391 quaesivit
1361 1317 1498 1390 (Act.
1530 1332 1622 1382 xx,
1653 1314 1772 1385 9.9).

196 1417 460 1478 Venenum
491 1425 514 1454 ο
545 1429 775 1482 namque
806 1424 886 1482 est
915 1412 1014 1466 sub
1043 1413 1146 1483 tuis
1177 1410 1364 1478 labiis,
1396 1423 1516 1478 qua:
1547 1405 1774 1466 maledi-

193 1509 368 1565 ctionis
397 1519 450 1563 et
479 1505 852 1561 amaritudinis
881 1505 1040 1576 plena
1079 1503 1322 1557 videmus
1347 1543 1362 1567 ,
1414 1515 1536 1555 cum
1585 1505 1771 1560 contra

191 1617 296 1658 eum
345 1603 437 1671 qui
487 1601 666 1656 suavis
711 1607 829 1663 est,
863 1598 1056 1654 niteris
1086 1597 1380 1665 disputare.
1413 1592 1510 1652 Ubi
1540 1601 1623 1648 est
1652 1590 1775 1648 dili-

189 1694 349 1767 gentia
384 1693 700 1763 pastoralis?
748 1693 938 1748 Pastor
979 1693 1153 1749 bonus
1180 1691 1413 1746 animam
1438 1703 1591 1745 suam
1623 1685 1772 1757 ponit

190 1802 272 1856 pro
293 1786 489 1842 ovibus
515 1787 662 1847 suis;
695 1787 1064 1843 mercenarius
1089 1799 1219 1840 vero
1249 1780 1276 1820 ἀ
1305 1799 1396 1838 eas
1422 1782 1563 1852 lupis
1589 1781 1771 1836 dimit-

1884 570 1971 621 καί
2007 576 2101 630 τῆς
2143 577 2243 625 τῶν
2277 578 2593 646 Χριστιανῶν
2629 568 2840 624 συνόδου
2881 570 3242 630 άπεκλείσθης,
3288 569 3372 625 ἐάν
3406 573 3479 642 μή

1883 661 2065 722 εὐθέως
2091 663 2159 718 τά
2191 672 2355 724 κακῶς
2385 664 2623 738 εἰρημένα
2649 660 2942 737 διορθωθῂς,
2978 663 3062 716 ἐάν
3094 666 3164 732 μή
3186 663 3255 722 εἰς
3286 661 3478 720 ταύτην

1881 761 1975 816 τήν
2004 755 2117 812 ὁδὸν
2141 758 2430 826 iamne“,
2463 759 2520 817 ἣν
2551 758 2729 812 ἑαυτὸν
2760 757 2785 813 ὁ
2811 757 3028 833 Χριστὸς
3059 751 3187 812 εἶναι
3214 759 3475 833 μαρτύρει

1881 873 1985 907 ται.
2019 858 2188 914 κακῶς
2218 853 2349 907 κατά
2374 852 2558 908 τούτου
2587 848 2719 907 ὅπλα
2747 851 2853 906 κατ’
2868 851 3187 906 άνελπιστίαν
3217 851 3475 920 ἐκίνησας,

1882 941 1938 1008 ὁς
1963 947 2131 1002 ἐπάνω
2163 966 2222 1002 σε
2253 953 2353 1002 τῶν
2384 949 2587 1002 οἰκετῶν
2613 947 2768 1002 αὐτοῦ
2793 985 2807 1014 ,
2843 949 2910 1006 ὡς
2938 946 3121 1000 πιστὸν
3151 946 3238 1000 καί
3270 943 3477 999 συνετὸν

1880 1039 2058 1096 δοῦλον
2093 1040 2341 1118 ἐπέτρεψε
2382 1041 2631 1118 πρότερον
2668 1050 3004 1101 καταστῆναι.
3046 1040 3302 1095 ’Λπὼλετό
3331 1061 3415 1095 σοι
3444 1041 3475 1099 ἡ

1884 1133 2020 1210 ύπέρ
2045 1141 2137 1196 τῆς
2159 1136 2405 1196 τοιαύτης
2427 1135 2717 1210 ὑπηρεσίας
2746 1136 3109 1206 ἐπαγγελθεῖσα
3133 1133 3474 1206 μακαριότης.

1877 1230 1948 1283 Οὐ
1990 1229 2086 1304 γάρ
2125 1228 2272 1304 μόνον
2317 1234 2498 1302 τροφὴν
2535 1230 2592 1282 οὐ
2629 1229 2887 1304 παρέχεις
2926 1229 2975 1283 ἐν
3016 1235 3206 1302 καιρῷ,
3239 1229 3364 1282 ἀλλά
3395 1229 3477 1298 καὶ

1876 1319 2159 1393 δηλητηρίῳ
2197 1323 2450 1397 ἀναιρεῖς,
2489 1319 2576 1382 οὓς
2617 1321 2798 1382 ἐκεῖνος
2833 1326 2907 1392 τῷ
2947 1318 3058 1392 ἰδίῳ
3085 1320 3264 1390 αἵματι
3292 1322 3476 1391 καὶτῷ

1875 1412 1984 1486 ἰδίῳ
2027 1414 2230 1485 θανάτῳ
2275 1411 2528 1488 ἐκέρδανε.
2580 1413 2885 1486 Δηλητήριον
2929 1412 3031 1489 γάρ
3079 1412 3179 1466 ύπὸ
3215 1419 3322 1472 τοῖς
3366 1418 3475 1474 σοῖς

1876 1507 2101 1576 χείλεσίν
2137 1507 2247 1564 ἐστι
2278 1513 2463 1568 ταῦτα,
2499 1504 2634 1582 άπερ
2663 1508 2894 1578 κατάρας
2920 1507 3007 1561 καί
3039 1503 3346 1580 πικρότητος
3376 1525 3472 1576 με·

1873 1601 1976 1655 στά
2007 1602 2321 1674 καθορῶμεν,
2355 1597 2509 1655 ὁπότε
2545 1600 2674 1655 κατά
2706 1606 2796 1656 τοῦ
2829 1595 2972 1662 ὄντος
3009 1596 3151 1659 ἡδέος
3187 1599 3474 1670 ἐπιχειρεῖς

1873 1689 2223 1766 διαλέγεσθαι.
2261 1699 2361 1748 Ποῦ
2407 1694 2547 1749 ἔστιν
2584 1695 2612 1752 ri
2652 1697 2922 1765 ποιμενική
2962 1693 3249 1763 ἕπιμὲλειοις
3283 1696 3473 1764 ποιμήν

1873 1785 2056 1858 άγαθὸς
2093 1789 2184 1843 τήν
2217 1784 2401 1857 ψυχήν
2433 1785 2600 1840 αὐτοῦ
2629 1787 2826 1844 τίθησιν
2852 1785 2985 1861 ύπίρ
3027 1791 3128 1840 τῶν
3165 1782 3304 1838 ἰδίων
3342 1804 3472 1858 προ·-

189 1880 242 1933 tit
265 1887 316 1933 et
346 1878 509 1932 tradit
540 1875 718 1949 (Ιοιιη.
749 1894 800 1940 x,
839 1876 950 1947 11).
981 1877 1116 1946 Quid
1148 1874 1235 1932 hic
1265 1886 1317 1929 tu
1348 1883 1532 1945 pastor
1555 1879 1771 1928 acturus

1879 1877 2066 1934 ϐάτων⁶
2099 1877 2352 1950 μισθωτὸς
2383 1875 2436 1933 δέ
2475 1877 2644 1945 ἐστιν,
2678 1872 2734 1939 ὃς
2764 1883 2931 1933 ταῦτα
2966 1884 3080 1938 τοῖς
3115 1876 3285 1937 λύκοις
3314 1898 3473 1932 κατα-

189 1987 254 2032 es,
283 1971 374 2040 qui
406 1971 734 2026 ιΙυιιιίιιιοιιιιι
767 1985 985 2039 gregem
1014 1984 1109 2039 pro
1137 1968 1279 2037 lupis
1312 1969 1427 2036 ipse
1465 1961 1771 2035 discerpis?

189 2062 255 2119 Ad
279 2078 524 2130 qumnam
555 2077 687 2132 grex
718 2061 1020 2116 dominicus
1051 2071 1203 2132 septa
1233 2057 1525 2129 conl'ugiet,
1559 2057 1601 2110 si
1629 2055 1772 2112 intra

187 2158 323 2212 ovilia
359 2155 614 2212 Ecclesia:
656 2155 972 2212 saucietnr?
1015 2169 1120 2224 qua
1166 2153 1377 2210 futurus
1423 2158 1506 2206 ρει
1547 2149 1772 2206 tuitione

187 2249 421 2305 delensus
447 2291 463 2317 ,
509 2250 598 2320 qui
649 2259 699 2304 te
745 2248 947 2320 patitur
981 2263 1077 2318 pro
1103 2245 1326 2303 custode
1360 2243 1674 2316 raptorem?
1704 2241 1772 2296 Et

185 2344 321 2407 alias,
355 2343 532 2412 inquit
557 2342 833 2411 Dominus,
864 2357 977 2398 oves
1005 2341 1165 2396 habeo
1190 2355 1303 2411 quae
1327 2355 1427 2393 non
1450 2348 1567 2394 sunt
1594 2353 1656 2392 ea:
1677 2340 1773 2392 hoc

186 2435 287 2488 sviti
311 2476 327 2498 ,
375 2445 424 2489 et
469 2435 591 2490 illas
631 2444 828 2505 Oportet
875 2450 956 2492 me
996 2433 1252 2490 adducere
1309 2430 1474 2504 (Ibid.
1519 2429 1631 2501 16).
1675 2429 1772 2486 Ille

185 2527 300 2582 Ilias
328 2542 390 2582 se
420 2527 682 2596 promittit
710 2527 1014 2593 adducere;
1053 2526 1148 2583 tibi
1187 2525 1204 2564 ί
1240 2535 1468 2597 pereunt
1507 2539 1642 2598 quas
1676 2524 1773 2584 ba-

188 2617 353 2674 bebas.
384 2619 621 2675 Tametsi
655 2619 870 2690 quidem
903 2631 1108 2675 certum
1142 2619 1232 2688 sit,
1267 2620 1480 2690 qu0tics
1506 2620 1608 2671 ista
1640 2633 1772 2671 con-

187 2712 404 2782 tingunt,
431 2728 536 2768 non
562 2728 690 2766 oves
716 2713 1042 2782 pastoribus,
1068 2711 1163 2767 sed
1187 2711 1357 2783 magis
1379 2711 1571 2765 ovibus
1595 2711 1770 2781 perire

188 2816 435 2873 pastores.
475 2805 540 2862 Et
570 2824 739 2863 vocem
780 2824 984 2872 meam,
1037 2807 1246 2878 inquit,
1300 2806 1510 2860 audient
1552 2805 1699 2876 (Ibid
1727 2808 1767 2876 ).

188 2895 386 2962 Quare?
418 2898 486 2954 Ut
510 2900 599 2970 ﬁat
625 2901 929 2974 unus'grcx.
973 2899 1053 2954 Ad
1102 2899 1247 2955 illius
1293 2913 1476 2954 vocent
1528 2913 1668 2964 unus
1712 2898 1771 2953 lit

189 3003 339 3060 gres;
367 2991 434 3047 ad
464 3002 604 3048 tuam
635 3007 762 3050 vero
788 3002 883 3074 aut
905 2993 1163 3062 inﬁcitur,
1194 3003 1288 3047 aut
1315 2991 1545 3062 iugatur.

256 3351 307 3408 6.
333 3350 534 3427 Dorum
565 3359 678 3420 est,
706 3359 764 3407 ut
805 3351 862 3406 in
913 3359 965 3406 te
1003 3350 1074 3407 de
1119 3351 1342 3408 Actibus
1387 3354 1770 3422 Apostolorum

193 3442 322 3500 beati
351 3443 504 3500 Pauli
535 3443 696 3500 verba
723 3446 1050 3510 conveniant
1071 3462 1089 3498 :
1128 3444 1260 3518 Ego,
1293 3445 1485 3518 inquit,
1512 3449 1620 3502 scio
1649 3450 1775 3519 quia

193 3538 438 3592 intrabunt
468 3547 581 3608 post
607 3537 889 3594 discessum
919 3554 1084 3593 meum
1115 3541 1224 3606 lupi
1252 3556 1430 3610 grat'cs
1456 3541 1508 3594 in
1533 3558 1640 3608 vos,
1671 3559 1771 3608 non

194 3641 439 3699 parcentes
475 3631 639 3703 gregi.
673 3627 741 3683 Et
769 3647 832 3684 ea:
859 3630 1003 3684 vobis
1049 3632 1173 3703 ipsis
1219 3644 1493 3707 exsurgent
1543 3635 1773 3697 homines

194 3726 433 3797 loquentes
463 3743 718 3794 perversa,
749 3734 802 3779 ut
829 3725 1085 3781 abducant
1113 3727 1394 3800 discipulos
1422 3739 1532 3797 post
1555 3747 1609 3784 se
1632 3730 1768 3802 (Act.

193 3830 274 3883 xx,
302 3820 386 3884 E29,
413 3820 527 3886 30).
564 3820 691 3874 Ilaec
715 3834 744 3873 a
777 3829 829 3874 te
858 3822 978 3874 aliis
1009 3837 1166 3891 quam
1197 3823 1289 3875 tibi
1313 3822 1454 3878 dieta
1484 3824 1770 3881 vellemus.

195 3909 423 3968 Docenda
457 3914 596 3968 enim
632 3913 727 3967 tibi
759 3913 994 3978 fuerant,
1038 3929 1141 3968 non
1183 3915 1439 3972 discenda
1480 3933 1599 3988 qua:
1641 3920 1774 3977 dici-

197 4021 324 4061 mus.
352 4006 475 4060 Nam
504 4007 626 4077 quis
657 4008 790 4062 lerat
817 4007 1000 4062 doceri
1051 4009 1363 4077 episcopum
1405 4013 1638 4082 qualiter
1678 4013 1771 4068 de-

195 4097 309 4155 beat
348 4115 464 4155 esse
507 4099 890 4155 CbriSIiauus?
934 4101 1232 4171 Diligenter
1279 4104 1461 4174 aspice
1512 4107 1562 4159 in
1609 4121 1770 4178 quam

196 4192 537 4249 conditionem
567 4195 797 4249 voceris.
828 4193 1137 4259 Incesscris,
1170 4199 1434 4266 argueris.
1465 4200 1768 4268 accusaris;

195 4285 308 4356 quid
339 4286 518 4341 horum
551 4286 803 4341 convenit
831 4287 1142 4342 sacerdoti?
1175 4288 1335 4343 Duris
1373 4289 1503 4344 dura
1545 4306 1771 4360 respou-

195 4377 289 4446 sio,
317 4380 356 4434 si
388 4379 534 4452 (qua)
560 4390 738 4434 tamen
777 4379 1090 4434 vicissitudo
1135 4391 1248 4444 est,
1293 4383 1472 4438 verbis
1513 4384 1765 4454 blasphe-

197 4473 340 4526 miam
380 4474 671 4529 vindicare.
711 4475 791 4528 An
823 4474 916 4528 tibi
944 4489 970 4527 a
1002 4475 1158 4532 nobis
1186 4475 1464 4532 existimas
1491 4492 1610 4534 esse
1639 4493 1766 4547 par-

199 4566 427 4630 cendum,
453 4583 574 4622 cum
603 4571 796 4622 anima:
829 4578 932 4623 tua?
959 4569 1028 4622 ita
1059 4569 1176 4639 ipse
1202 4585 1306 4623 non
1335 4586 1542 4639 parcas,
1572 4579 1632 4624 ut
1652 4587 1769 4625 om-

1873 1970 2141 2044 λιμπάνειὶ
2169 1971 2256 2028 καί
2283 1967 2632 2045 παραδίδωσι.
2661 1971 2723 2026 Τί
2754 1968 2809 2026 δί
2838 1971 2927 2036 σὺ,
2960 1964 2999 2025 ὦ
3021 1974 3228 2042 ποιμήν,
3260 1971 3474 2026 ἐνταῦθα

1873 2065 2114 2141 πράξεις,
2146 2061 2228 2121 ὅτι
2262 2070 2353 2126 τὴν
2389 2063 2699 2126 δεσποτικήν
2736 2065 2918 2138 ἀγέλην
2958 2065 3070 2122 άντί
3115 2065 3280 2119 λύκων
3321 2066 3472 2126 αὐτὸς

1873 2155 2303 2235 διασπαράττεις;
2334 2161 2408 2220 εἰς
2443 2161 2622 2222 ποίους
2645 2160 2816 2216 λοιπὸν
2841 2165 3097 2234 φραγμοὺς
3136 2160 3166 2217 ἡ
3193 2156 3472 2219 δεσποτική

1873 2251 2026 2328 άγέλη
2051 2259 2358 2327 καταφυγεῖν
2377 2250 2614 2326 δύναται,
2641 2256 2688 2308 εἰ
2711 2262 2732 2289 °
2752 2252 2889 2312 ἐντὸς
2917 2259 3017 2308 τῶν
3049 2251 3469 2310 ἓκκλησιαστικῶν

1873 2345 2158 2419 περιϐόλων
2202 2346 2570 2423 τιτρώσκεταις
2601 2342 2634 2404 ἢ
2676 2345 2800 2419 ποίᾳ
2848 2342 3192 2418 παραφυλακῇ
3241 2341 3471 2415 ἀσφαλής

1875 2432 2050 2503 ἔσται,
2071 2435 2223 2492 ὁπότε
2246 2457 2304 2492 σε
2331 2438 2540 2509 πάσχει
2559 2437 2675 2492 άντί
2699 2436 2914 2510 φύλακος
2942 2433 3154 2513 ἅρπαγα
3174 2450 3188 2499 ;
3211 2436 3297 2488 καί
3320 2431 3468 2497 ἄλλα,

1873 2532 2020 2605 φησίν
2059 2528 2085 2584 ὁ
2124 2530 2344 2606 Κύριος,
2386 2527 2508 2602 ἔχω
2555 2529 2820 2608 πρόϐατα,
2869 2527 3004 2605 άπερ
3049 2529 3142 2583 οὐκ
3182 2523 3326 2582 ἔστιν
3368 2525 3472 2582 ἀπὸ

1871 2625 2064 2699 τούτου
2100 2630 2193 2678 τοῦ
2233 2623 2626 2699 προϐατεῶνος,
2669 2624 2878 2698 κᾴκεῖνα
2921 2620 3003 2677 δεῖ
3038 2642 3101 2694 με
3143 2627 3470 2694 καταγαγεῖν.

1871 2697 2078 2778 Ἐκεῖνος
2110 2713 2237 2772 ἄλλα
2273 2697 2635 2790 ἰπαγγέλλεται
2680 2697 2926 2789 ἀγαγεῖν,
2960 2717 3044 2771 σοί
3069 2713 3123 2770 δὲ
3155 2712 3289 2790 ἅπερ
3329 2708 3474 2784 εἶχες

1874 2810 2174 2866 ἀπόλλυται.
2213 2811 2274 2862 Εἰ
2317 2811 2405 2864 καί
2440 2809 2507 2865 τά
2547 2809 2776 2880 μάλιστα
2822 2807 3030 2884 φανερόν
3073 2807 3242 2872 ἐστιν,
3287 2804 3474 2872 ¹ὁσάκις

1871 2908 2042 2958 ταῦτα
2084 2901 2387 2974 συμϐαίνει,
2421 2903 2478 2958 οὐ
2519 2903 2587 2958 τά
2624 2901 2865 2978 πρόϐατα
2901 2907 3017 2960 τοῖς
3042 2901 3284 2972 ποιμέσιν
3306 2939 3318 2957 ,
3347 2899 3475 2955 άλλά

1872 2994 2060 3064 μᾶλλον
2098 3001 2214 3055 τοῖς
2242 2993 2524 3068 προϐάτοις
2561 2994 2685 3054 τοὺς
2722 2991 2962 3064 ποιμένας
3005 2990 3341 3047 ἀπόλλυσθαι.
3373 2992 3474 3045 Καὶ

1873 3091 1965 3147 τὴν
1994 3090 2156 3158 φωνήν
2179 3107 2279 3160 μου
2297 3127 2312 3150 ,
2344 3089 2515 3160 φησὶν,
2547 3086 2870 3148 ἀκούσονται.
2921 3086 3014 3142 Διά
3051 3085 3130 3149 τί;
3161 3085 3247 3141 ἶνα
3269 3085 3475 3158 γένηται

1873 3182 1967 3250 μία
1991 3181 2198 3252 ποίμνη.
2236 3181 2367 3257 Πρὸς
2401 3185 2492 3240 τήν
2529 3180 2717 3236 ἐκείνου
2745 3183 2907 3254 φωνήν
2935 3180 3028 3252 μία
3055 3179 3209 3252 άγίλη
3246 3181 3468 3253 γίνεται⁶

1797 3257 1842 3326 .C
1876 3274 2004 3349 πρὸς
2034 3272 2088 3329 δί
2116 3277 2207 3332 τήν
2233 3277 2330 3334 σήν
2359 3273 2668 3347 βλάπτεται,
2699 3271 2731 3332 ἧ
2756 3269 3116 3345 φυγαδεύεται.

1945 3367 2160 3442 Σκληρόν
2200 3367 2470 3434 tanniam
2507 3367 2595 3422 ἆπί
2644 3367 2730 3422 σοί
2771 3363 2980 3442 ἁρμόσῃ
3017 3365 3084 3422 τά
3127 3363 3474 3438 ῥύματατοῧ

1875 3464 2136 3539 μακαρίου
2177 3461 2372 3518 Παύλου
2410 3462 2513 3518 άπὸ
2558 3467 2662 3517 τῶν
2699 3461 2934 3536 ripa-Eleos
2983 3466 3085 3516 τῶν
3135 3458 3471 3515 ἀποστόλων

1873 3555 2023 3628 Ἐγὼ,
2041 3555 2208 3627 φησίν,
2231 3549 2344 3610 οἶδα
2355 3551 2435 3609 ὅτι
2459 3551 2830 3610 εἰσελεύσονται
2854 3554 2987 3624 μετά
3015 3557 3109 3612 τήν
3129 3553 3251 3622 ἐμήν
3264 3553 3476 3622 ἀναχόν

1873 3667 2025 3721 ρησιν
2051 3647 2194 3701 λύκοι
2239 3646 2424 3722 βαρεῖς
2461 3646 2768 3716 καθ’ύμῶν,
2800 3650 2872 3715 μὴ
2907 3643 3187 3717 φειδόμενοι
3224 3650 3314 3698 τοῦ
3352 3664 3472 3700 ποι-

1876 3741 2044 3811 μνίου.
2107 3738 2208 3812 Ἀφ’
2235 3739 2379 3811 ύμῶν
2439 3739 2821 3796 ἀναστήσονται
2884 3733 3141 3813 ἄνθρωποι
3206 3736 3474 3798 λαλοῦντες

1875 3828 2269 3906 διεστραμμένα.
2293 3831 2382 3886 ἶνα
2423 3830 2658 3903 ἀγάγωσι
2684 3831 2806 3890 τοὺς
2835 3830 3066 3902 μαθητάς
3097 3829 3265 3884 ὀπίσω
3289 3829 3469 3882 αὐτῶν.

1874 3929 2056 3978 Ταῦτα
2091 3923 2406 3993 ἠϐουλόμεθα
2451 3924 2595 3998 παρά
2634 3927 2732 3978 σοῦ
2774 3918 2974 3985 ἄλλοις,
3009 3922 3043 3981 ἦ
3084 3943 3170 3976 σοι
3216 3920 3470 3993 εἰρῆσθαι·

1873 4013 2118 4072 διδακτέα
2147 4018 2248 4090 γάρ
2274 4012 2332 4075 ἦν
2357 4016 2502 4090 παρά
2529 4021 2647 4079 σοῦ,
2681 4015 2739 4068 οὐ
2765 4015 2992 4085 μαθητέα
3023 4034 3126 4075 σοι,
3164 4009 3296 4086 άπερ
3326 4012 3471 4082 λέγο-

1873 4133 1985 4182 μεν.
2015 4113 2102 4172 Τίς
2128 4113 2226 4186 γάρ
2252 4111 2410 4186 φέρει,
2445 4107 2776 4165 διδάσκεσθαι
2805 4109 3080 4163 ἐπίσκοπον
3123 4103 3260 4166 ὅπως
3291 4105 3473 4177 ὀφείλει

1873 4198 2001 4260 εἶναι
2045 4203 2380 4278 χριστιανὸς;
2428 4202 2678 4271 ἐπιμελῶς
2715 4200 2952 4277 πρόσεχε
2998 4201 3069 4260 εἰς
3117 4199 3226 4252 οἶαν
3274 4197 3472 4272 αἵρεσιν

1873 4297 2126 4354 κέκλησαι.
2167 4295 2421 4370 Προκαλῇ,
2452 4292 2714 4366 διαϐάλλῃ.
2745 4300 3021 4368 κατηγορῇ·
3051 4293 3104 4346 τί
3128 4292 3323 4346 τούτων
3351 4290 3475 4363 ἱερεῖ

1873 4389 2088 4463 πρέπεις
2127 4389 2363 4463 σκληροῖς
2404 4386 2602 4460 σκληρά
2644 4383 2933 4458 ἀπόκρισις.
2985 4379 3145 4444 εἴτις
3184 4378 3288 4457 ἄρα
3333 4382 3472 4437 ἐστίν

1871 4476 2066 4553 ἄμυνα,
2094 4479 2262 4553 λόγοις
2291 4479 2622 4556 τιμωρεῖσθαι
2649 4478 2715 4533 τά
2750 4477 3048 4548 βλάσφημα.
3078 4471 3140 4528 ’11
3167 4473 3474 4544 ὑπολαμϐά-

1870 4593 1971 4633 νεις
1995 4568 2074 4628 ὅτι
2107 4573 2252 4642 ἡμεῖς
2280 4592 2376 4626 σου
2407 4570 2701 4644 φεισόμεθα,
2732 4568 2882 4624 ὁπότε
2929 4575 3021 4626 τῆς
3063 4566 3246 4621 ἑαυτοῦ
3283 4564 3470 4635 ψυχῆς

203 4656 343 4713 uibus
370 4659 497 4715 velis
523 4669 578 4714 et
613 4660 920 4730 praeteritis,
953 4669 1009 4715 et
1042 4661 1397 4730 praesentibus
1423 4703 1438 4727 ,
1480 4671 1536 4718 et
1575 4663 1771 4720 futuris

1879 4665 2028 4726 αὐτὸς
2056 4665 2114 4719 ού
2143 4661 2314 4738 φείδῃ,
2346 4658 2401 4724 ὃς
2437 4665 2633 4723 πάντας
2667 4661 2821 4722 θέλεις
2859 4661 2986 4720 τούς
3012 4660 3303 4733 φθάσαντας
3333 4666 3356 4704 8
3386 4657 3471 4712 καί

205 4837 428 4905 loquitur,
465 4839 638 4892 nullas
663 4838 909 4911 inducias
938 4839 1302 4911 permittebat.
1335 4839 1506 4894 Immo
1535 4841 1600 4894 ad
1635 4857 1772 4911 pra:-

207 4911 434 4977 scriptum
470 4911 682 4966 Domini
711 4909 898 4966 Matth.
936 4923 1087 4976 "tu,
1122 4909 1210 4982 15,
1243 4912 1566 4968 (Σωιοςιίηιιε
1594 4909 1691 4969 bac
1719 4913 1772 4969 in

205 4994 254 5035 re
274 4997 325 5036 se
351 4985 529 5052 gessit.

265 5062 286 5088 ⁸
311 5051 466 5117 Magis
497 5055 728 5120 placeret
759 5051 899 5121 quod
932 5052 1095 5107 habet
1132 5053 1352 5110 Graecus
1382 5070 1584 5120 sermo,
1614 5073 1646 5110 a
1673 5074 1768 5111 no-

205 5124 277 5176 stri
315 5127 544 5179 societate
587 5125 812 5194 collegii,
849 5126 931 5179 vel
966 5126 1282 5194 simpliciter
1313 5139 1367 5180 ut
1399 5126 1558 5193 infra,
1588 5144 1642 5181 n.
1679 5129 1768 5194 10,

203 5208 228 5245 ε
251 5208 405 5250 nostro
434 5195 672 5265 collegio.
704 5197 901 5250 Eadem
931 5197 1140 5249 ratione
1167 5198 1234 5249 de
1277 5199 1532 5253 lia-retice
1577 5199 1768 5253 eodem

204 5270 430 5334 Scriptum
471 5271 700 5337 legimus
742 5271 901 5336 epist.
947 5267 1006 5324 11
1050 5283 1103 5322 n.
1141 5267 1176 5320 4
1201 5286 1214 5321 :
1244 5269 1289 5322 A
1316 5281 1486 5323 nostra
1513 5287 1627 5323 eum
1655 5287 1770 5323 cor-

205 5350 305 5415 pore
346 5342 470 5393 sciat
519 5355 626 5392 esse
671 5338 1064 5403 removendum;
1103 5348 1157 5394 et
1187 5342 1346 5410 epist.
1385 5339 1450 5394 12
1476 5357 1529 5396 n.
1557 5342 1632 5396 4:
1665 5345 1769 5395 Aut

205 5419 524 5480 episcoporum
556 5419 687 5464 eam
713 5422 956 5469 remotus,
988 5423 1093 5464 etc.

259 5475 282 5515 δ
308 5478 324 5533 I
348 5475 374 5534 ξι
398 5482 436 5534 Β
455 5483 577 5535 iliz.
604 5498 721 5534 Clllll
749 5481 975 5555 m-s._At
998 5481 1126 5536 editi
1153 5482 1264 5550 alii,
1291 5483 1445 5550 huius
1466 5485 1573 5555 uice
1593 5485 1764 5555 ofﬁcii.

205 5545 360 5603 (ira-ca
393 5555 566 5605 littera
605 5555 684 5606 sic
730 5553 1047 5618 simpliciter
1096 5545 1408 5609 reddenda:
1462 5545 1649 5609 Periit"
1677 5558 1766 5612 tibi

205 5632 280 5701 pro
317 5623 402 5701 tali
445 5625 726 5701 ministerio
755 5625 1007 5701 promissa
1040 5624 1468 5701 beatitudo._1\lox
1498 5643 1597 5697 pro
1625 5645 1766 5698 qum-

203 5692 316 5774 εξυξι,
337 5692 511 5774 Grmca
541 5692 913 5774 interpretatio
936 5696 1122 5774 suadet
1145 5699 1427 5774 tegendum
1452 5692 1764 5774 esseacqui-

205 5767 334 5827 sirit,
373 5767 599 5822 maxime
648 5782 768 5821 cum
816 5768 879 5821 ad
910 5768 1069 5820 verba
1104 5769 1250 5824 Pauli
1282 5773 1398 5824 Act.
1429 5786 1521 5833 xx,
1553 5769 1643 5833 28,
1665 5767 1767 5827 ’bic

205 5834 376 5904 respici
409 5838 747 5913 manifestum
774 5839 862 5892 sit.
901 5838 1037 5913 Hinc
1063 5847 1119 5894 et
1144 5840 1303 5906 infra,
1337 5856 1394 5896 n.
1427 5842 1482 5913 7.
1521 5844 1768 5913 quaesitus

207 5913 292 5971 pro
312 5909 577 5977 aequisitus
603 5910 840 5981 positum
869 5911 1208 5980 suspicamur
1228 5952 1246 5974 .
1293 5909 1767 5983 suspicionemque

1880 4852 2116 4896 no<tram
2142 4840 2423 4895 conﬁrmat
2449 4839 2588 4904 quod
2616 4855 2736 4892 mox
2764 4837 3024 4903 sequitur,
3054 4837 3327 4909 praemium
3356 4851 3474 4888 con-

1878 4915 2112 4982 fessionis
2133 4914 2415 4984 a:qnirere.
2448 4914 2604 4984 (If-rte
2630 4911 2680 4963 iu
2709 4911 2878 4965 tribus
2902 4909 3005 4962 illis
3028 4911 3156 4963 locis
3177 4925 3285 4963 uno
3309 4910 3473 4963 vetbo

1875 4985 2149 5064 κερδαίνειν
2177 4983 2444 5064 ἰιιιρηιτςρ
2472 4983 2691 5037 Cra-eus
2722 4997 2847 5033 ιιριις
2877 4993 2980 5034 est.

1951 5069 1974 5096 ε
2009 5058 2089 5110 ΑιΙ
2126 5049 2357 5110 litteram
2387 5054 2652 5117 Graecam,
2681 5069 2901 5123 namque
2925 5049 3019 5105 sub
3049 5050 3200 5105 labiis
3227 5049 3327 5104 tuis
3354 5056 3472 5102 sunt

1873 5143 1972 5236 ωδ
1989 5143 2240 5252 ﬁdem“.
2271 5197 2337 5251 At
2368 5195 2521 5258 editi,
2550 5194 2894 5248 mercenarius
2923 5202 2993 5246 est
3022 5192 3108 5258 qui
3138 5207 3257 5253 ens;
3288 5196 3344 5245 et
3383 5190 3470 5242 in-

1873 5269 1954 5323 fra
1984 5269 2256 5341 dispergis,
2285 5283 2384 5336 pro
2410 5267 2677 5341 discerpis.
2710 5272 2878 5320 Antea
2907 5281 3045 5318 more
3078 5266 3313 5332 lupatum
3337 5260 3470 5315 mal-

1874 5335 2076 5398 lemus:
2104 5335 2261 5409 quam
2292 5335 2386 5407 pro
2417 5335 2576 5400 lupis.

1949 5423 1973 5488 ς
2003 5407 2171 5488 _Editi._
2205 5413 2390 5488 Esset;
2419 5409 2727 5488 ﬂtplcé).01;,
2760 5407 3098 5488 corriguntur
3123 5421 3185 5488 οξ
3217 5418 3348 5488 mss.

1949 5481 1968 5521 ί
2003 5484 2059 5537 ir.
2088 5483 2314 5543 vulgatis
2340 5472 2542 5554 oblinijt
2569 5481 2754 5554 Cra-cc
2783 5481 2850 5534 σύ
2962 5477 3111 5554 ἅίπερΔ
3133 5472 3275 5554 εἶχεν
3304 5473 3471 5554 ’άπολ-

1869 5556 2026 5621 λύεις,
2059 5564 2114 5609 tu
2143 5564 2314 5608 autent
2340 5570 2466 5623 quas
2497 5551 2710 5605 habebat
2757 5553 2942 5617 peritis.
2990 5547 3076 5603 Δι’
3102 5549 3314 5623 Ιοιίἱιιιιί
3362 5547 3466 5623 La:

1875 5616 2384 5682 tinzn'consentane'a
2415 5635 2494 5677 est
2523 5625 2708 5680 Graeca
2738 5625 2787 5674 in
2819 5636 2948 5674 mss.
2983 5623 3166 5680 regiis.
3199 5622 3298 5671 nisi
3325 5616 3466 5687 quod

1874 5699 1928 5753 in
1975 5702 2060 5752 bis
2104 5697 2359 5752 mendose
2409 5706 2592 5750 exatet
2628 5697 2693 5749 σύ
2732 5691 2816 5757 δέ,
2869 5707 2964 5761 pro
3002 5693 3086 5746 σοί
3111 5689 3187 5748 δί.
3221 5689 3470 5746 Nostram

1874 5771 2264 5827 correctionem
2297 5768 2532 5821 subnexa
2565 5765 2901 5822 ronlirmant.

1951 5851 1976 5888 8
2018 5843 2072 5897 In
2101 5856 2228 5896 mss.
2259 5855 2370 5894 non
2395 5847 2570 5893 exstat
2600 5838 2832 5897 καὶτοὺς
2856 5832 3146 5910 παρόντας.
