3976 6336
529 269 634 337 ἶ79

1312 278 1372 336 S.
1411 275 1810 336 C(ELESTINI
1846 275 1870 333 Ῑ
1905 272 2110 332 ΡᾹΡᾸΕ
2147 271 2505 333 ΕΡῘΞΤΟῐηΕ
2546 275 2635 332 ΕΤ
2675 276 3020 338 DECRETA.

3647 296 3736 379 ‘80

517 371 846 448 beneficium
895 392 1081 449 salutis
1125 391 1372 446 auferre?
1424 393 1720 461 Persequar
1767 390 1924 459 plane
1975 390 2078 444 bon

2201 391 2324 448 τοὺς
2347 391 2604 466 παρόντας
2626 395 2710 447 καὶ
2749 395 2867 454 τοὺς
2895 395 3163 466 μέλλοντας
3190 398 3498 476 ἀφαιρεῖσθαι
3521 414 3600 471 τὴν
3621 419 3733 494 sup.

527 482 736 537 Domini
768 485 870 537 mei
903 484 1074 539 ndelis
1119 498 1307 536 servus
1351 482 1627 547 inimicos;
1677 498 1798 537 cum
1849 481 2112 550 Pr0pheta

521 583 746 642 asserat,
772 589 864 628 eos
887 575 1010 628 odio
1029 589 1086 628 se
1107 574 1281 628 odisse
1305 573 1543 643 perfecto
1565 572 1682 644 (Ps.
1707 587 1961 639 cxxxvm,
1993 572 2110 640 22).

523 673 547 702 ι
578 665 796 720 Moneor
827 681 1030 728 rursus,
1063 667 1234 721 altero
1263 667 1515 736 loquente
1545 681 1612 721 ne
1645 681 1856 735 parcam
1885 665 1903 735 (
1922 665 1942 719 Ι
1980 665 2108 736 Reg.

522 770 605 824 xv,
639 757 716 824 5).
746 758 914 823 Quem
949 759 1034 811 hic
1061 773 1160 828 ego
1188 758 1510 827 respiciam?
1536 757 1623 812 cui
1661 756 1881 810 honoris
1908 754 2108 826 aliquid

521 833 746 914 servem,
772 850 986 918 quando
1008 851 1177 920 agitur
1199 859 1256 904 ut
1281 849 1414 903 mihi
1443 849 1604 904 totius
1633 849 1747 918 spei
1780 863 1913 903 mea;
1945 863 2108 903 causa

519 940 766 995 tollatur?
795 942 962 1012 ipsius
994 945 1045 997 in
1076 941 1365 1012 Evangelio
1390 942 1551 996 verba
1573 951 1699 995 sunt
1729 940 1962 1020 Domini,
1989 941 2110 1009 qui-

518 1027 614 1086 bus
635 1033 729 1097 ait,
754 1049 856 1088 non
881 1034 982 1088 sibi
1013 1042 1239 1103 patrem,
1268 1049 1374 1088 non
1397 1033 1499 1088 sibi
1528 1042 1776 1102 matrem,
1807 1047 1910 1087 non
1942 1032 2102 1102 ﬁlios,

517 1139 619 1180 non
646 1127 880 1197 aliquam
907 1128 1361 1182 necessitudinem
1387 1127 1588 1182 debere
1618 1127 1855 1196 praeponi
1880 1124 2100 1198 (Matth.

516 1229 566 1285 x,
609 1219 721 1288 57).
766 1219 862 1274 Est
907 1220 1050 1274 enim
1093 1235 1246 1274 nus
1290 1233 1641 1283 [BEQUENTBR
1669 1233 1872 1284 PIETAS,
1907 1235 1974 1274 ex
2000 1234 2103 1290 qua

515 1319 764 1364 nascatur
792 1309 1059 1380 impietas,
1090 1325 1234 1376 cum,
1260 1312 1508 1366 vincente
1530 1312 1706 1365 carnis
1735 1311 1951 1377 aﬂ'ectu,
1975 1311 2105 1366 cha-

514 1401 654 1455 ritati
688 1402 762 1455 illi
793 1418 912 1472 quae
940 1403 1081 1458 Deus
1111 1413 1214 1468 est,
1246 1403 1484 1460 Charitas
1529 1404 1860 1473 praeponitur
1905 1417 2101 1471 corpo-

513 1493 660 1558 ralis,
683 1493 835 1562 cujus
855 1494 1047 1548 intuitu
1071 1494 1339 1564 aliquibus
1361 1508 1504 1564 szepe
1525 1492 1872 1549 deferimus.b
1891 1495 1959 1547 At
1979 1508 2101 1548 cum

513 1586 564 1640 in
598 1587 739 1641 hunc
770 1587 1006 1643 tenditur
1033 1589 1125 1657 qui
1150 1596 1233 1642 est
1273 1587 1387 1657 ipsa
1438 1587 1658 1643 dilectio
1684 1631 1699 1656 ,
1752 1602 1975 1642 necesse
2017 1596 2102 1642 est

512 1693 610 1733 nec
638 1678 728 1733 illa
759 1689 1040 1734 serventur
1064 1693 1292 1750 quorum
1323 1688 1514 1734 auctor
1542 1687 1760 1735 vocatur
1781 1678 1833 1734 in
1856 1693 2097 1734 causam.

580 1875 634 1930 7.
677 1873 1074 1945 Expergiscere
1100 1875 1314 1932 tandem
1337 1918 1350 1942 ,
1383 1877 1507 1947 quia
1543 1891 1649 1932 non
1690 1885 1817 1931 sunt
1865 1876 1985 1932 ista:
2014 1876 2100 1932 di-

510 1965 694 2021 cendae
726 1967 944 2036 vigiliae,
980 1983 1113 2038 quas
1154 1983 1262 2024 non
1291 1969 1520 2024 exhibes
1553 1969 1854 2037 custodiae,
1883 1969 1978 2026 sed
2009 1985 2098 2025 ra-

508 2060 596 2128 pin
614 2073 672 2113 η.
711 2060 960 2114 Dormire
991 2070 1044 2116 te
1069 2061 1334 2116 vellemus
1359 2062 1412 2116 in
1434 2061 1538 2116 hoc
1554 2061 1698 2132 quod
1725 2061 2014 2133 praedicas,
2044 2073 2100 2120 et

508 2150 742 2220 vigilare
767 2151 818 2204 in
848 2151 960 2206 hoc
981 2152 1123 2222 quod
1147 2153 1448 2223 impugnas.
1475 2150 1503 2190 ἀ
1529 2151 1729 2208 Levius
1757 2163 1905 2209 certe
1929 2154 2100 2210 ferre-

507 2257 649 2306 mus,
683 2242 728 2296 si
762 2240 815 2296 in
851 2253 1082 2314 utroque
1126 2243 1418 2301 dormires.
1456 2253 1480 2281 °
1507 2245 1678 2300 Nemo
1711 2246 1811 2301 tibi
1853 2246 2099 2315 perditus

505 2341 674 2398 esset,
711 2348 872 2388 nemo
905 2331 926 2372 ί
953 2337 1251 2404 quaesitus;
1286 2335 1437 2391 nullo
1469 2336 1779 2391 animarum
1815 2336 2098 2408 dispendio

504 2435 763 2479 maereret
786 2424 1058 2495 Ecclesia,
1076 2425 1233 2481 nullo
1256 2426 1584 2496 compendio
1606 2427 1908 2492 laetaretur;
1930 2430 2098 2485 satius

503 2515 553 2570 ei
578 2525 722 2570 esset
743 2517 785 2570 si
820 2517 958 2573 hanc
982 2532 1192 2587 sponso
1215 2531 1349 2587 suo,
1383 2519 1457 2573 ita
1478 2526 1538 2573 ut
1566 2534 1886 2590 susceperas
1909 2562 1924 2588 ,
1959 2520 2098 2577 resi-

503 2622 719 2677 gnares.
751 2608 859 2663 Sed
895 2608 1024 2678 quid
1066 2609 1253 2664 multis
1293 2610 1586 2676 immorer,
1623 2611 1879 2680 loquente
1917 2612 2096 2668 archi-

504 2709 648 2754 tecto
675 2701 870 2767 Paulo,
897 2700 1126 2755 Frustra
1149 2716 1246 2770 per
1286 2709 1340 2756 te
1369 2701 1858 2771 superadilicatum
1894 2703 2095 2773 aliquid

501 2809 720 2864 quaero,
759 2795 812 2848 in
862 2809 968 2863 quo
1016 2807 1124 2848 non
1171 2792 1392 2848 invenio
1439 2793 1847 2849 fundamentum
1887 2794 1939 2864 (Ι
1971 2794 2092 2849 Cor.

501 2901 580 2949 ιιι,
617 2885 747 2957 ll)?
776 2884 950 2941 Audio
979 2895 1004 2934 ε
1023 2885 1130 2940 vim
1159 2887 1451 2941 maximam
1480 2888 1753 2944 catholice
1771 2890 2088 2956 sentientes,

500 2979 694 3050 quibus
744 2993 844 3032 nos
886 2978 1348 3034 communicamus
1371 3023 1386 3044 ,
1419 2978 1654 3034 clericos
1685 2981 1957 3036 sustinere
1978 3022 1992 3046 ,
2019 2979 2092 3034 ita

499 3083 557 3125 ut
585 3071 669 3124 liis
696 3074 859 3126 etiam
889 3071 1081 3126 civitas
1115 3071 1404 3127 interdicta
1432 3071 1665 3127 dicatur.
1701 3073 1970 3127 Laetamur
1997 3089 2092 3129 eos

2217 484 2389 552 γεσίαν
2417 491 2507 542 τῆς
2533 488 2822 559 σωτηρίας
2863 485 3024 542 διώκω
3054 488 3274 549 δηλονότι
3309 500 3422 558 τούς
3452 500 3639 579 ἐχθροὺς
3664 484 3734 569 τλῆ

2215 573 2366 628 καλοῦ
2397 573 2650 631 δεσπότου
2696 599 2824 644 μου,
2861 582 2930 641 ὡς
2960 579 3137 642 δούλος
3178 586 3374 647 πιστός·
3410 573 3547 648 όπότέ
3573 603 3733 670 φησὶ-,οδ

2213 671 2494 742 προφήτης,
2526 669 2700 741 τελείῳ
2724 673 2864 741 μίσει
2898 674 3116 734 τούτους
3141 683 3324 746 μισεῖν.
3353 677 3734 755 ’Υπομνιμνήσχφ

2212 779 2306 829 μαι
2339 759 2489 816 πάλιν
2518 756 2669 814 ἄλλου
2713 761 2993 829 λαλοῦντος,
3020 765 3104 818 ἵνα
3147 771 3218 836 μή
3258 770 3516 840 φείσωμαι.
3542 779 3632 832 Τίνι
3660 781 3734 853 ἐγὼ

2212 851 2425 906 ἐνταῦθα
2461 860 2721 926 προσχῶ;
2767 856 2862 910 τίνι
2901 853 2956 910 δέ
2997 861 3146 926 τιμήν
3188 859 3409 932 φυλάξω,
3441 862 3578 920 ὁπότε
3615 851 3736 928 τοῦτο

2211 939 2312 1017 ὁρῶ
2338 944 2708 1016 πραττόμενον,
2735 946 2815 1000 ἵνα
2856 968 2945 1016 μοι
2980 947 3105 1022 ἀρθῇ
3137 951 3168 1008 ἡ
3207 949 3407 1014 ἀπάσης
3433 956 3612 1019 ἐλπίδος
3632 962 3736 1018 ὑπὸ.

2207 1035 2374 1099 θεσις;
2408 1038 2566 1092 αὐτοῦ
2594 1045 2688 1092 τοῦ
2715 1042 2894 1116 Κυρίου
2925 1041 2973 1094 ἐν
3010 1049 3083 1110 τῷ
3109 1043 3378 1117 εὐαγγελίῳ
3398 1047 3586 1124 ῥήματᾶ
3609 1055 3735 1122 ἐστιν,

2208 1121 2281 1186 οἷς
2306 1148 2446 1197 φησι,
2475 1133 2546 1198 μή
2572 1132 2789 1201 πατέρα,
2812 1136 2883 1202 μή
2911 1133 3125 1205 μητέρα,
3152 1138 3223 1205 μή
3242 1135 3403 1203 τέκνα,
3433 1143 3498 1210 μή
3525 1163 3622 1196 τινα
3643 1167 3737 1220 συγ-

2205 1217 2393 1288 γένειαν
2438 1219 2645 1292 ὀφείλειν
2674 1223 2833 1276 αὐτοῦ
2860 1226 3223 1298 προτιμᾶσθαι.
3255 1221 3405 1282 Ἐστι
3430 1231 3521 1306 γὰρ
3545 1217 3738 1301 πολλάκις

2203 1311 2419 1368 τοιαύτη
2457 1312 2690 1368 εὐσέϐεια
2708 1353 2724 1379 ,
2757 1314 2840 1387 ἀφ’
2863 1313 2923 1376 ἧς
2950 1316 3159 1371 ἀσέϐεια
3183 1318 3429 1384 τίκτεται,
3463 1317 3538 1376 ὅτε
3564 1327 3738 1390 νικώσης

2203 1411 2296 1463 τῆς
2335 1406 2469 1460 κατά
2507 1407 2675 1478 σάρκα
2714 1405 3019 1474 διαθέσεως,
3049 1411 3238 1471 ἐκείνης
3285 1419 3374 1472 τῆς
3420 1412 3623 1485 ἀγάπης,
3650 1421 3738 1481 ήτις

2203 1497 2343 1550 ἐστίν
2371 1496 2397 1552 ὁ
2427 1501 2572 1564 Θεὸς,
2608 1507 2638 1559 ἡ
2669 1506 2934 1572 σωματικὴ
3157 1506 3488 1579 προκρίνεται,
3508 1506 3628 1568 δι’ἢν
3649 1513 3740 1566 πολ-

2201 1588 2342 1651 λάκις
2370 1592 2461 1662 μέν
2499 1593 2725 1664 τιμῶμέν
2753 1615 2916 1654 τινας.
2950 1591 3169 1650 ’Δλλ’ὄτε
3195 1596 3305 1652 κατ’
3323 1598 3501 1653 ἐκείνου
3537 1600 3672 1669 ἐστίν,
3698 1603 3739 1667 ὅς

2202 1680 2339 1736 ἐστιν
2380 1684 2508 1742 αὐτή
2533 1685 2564 1742 ή
2592 1685 2766 1756 ἀγάπη
2787 1727 2800 1750 ,
2834 1686 3024 1758 ἀνάγκη
3051 1686 3226 1742 λοιπὸν
3271 1691 3500 1763 κάκείνας
3524 1693 3610 1754 τάς
3638 1703 3657 1731 °
3682 1693 3741 1749 ἐν·

2130 1774 2180 1836 Β
2203 1775 2337 1833 νοίας
2367 1774 2720 1839 ἐκϐάλλεσθαι,
2751 1773 2818 1830 ὧν
2843 1775 2869 1830 ό
2899 1779 3138 1854 ἀρχηγός
3167 1781 3238 1839 είς
3269 1776 3405 1838 δίκην
3431 1782 3655 1837 καλεῖται.

2271 1868 2624 1931 Ἐξυπνίσθητι
2650 1869 2742 1940 ὀψέ
2764 1887 2907 1924 ποτε·
2934 1872 2992 1925 οὐ
3018 1874 3118 1946 γάρ
3143 1871 3338 1927 λεκτέον
3359 1871 3545 1935 ταύτας
3564 1877 3739 1951 ἐγρηγο-

2202 1966 2401 2032 ρήσεις,
2432 1961 2493 2022 ἀς
2523 1965 2790 2032 ἀπονέμεις
2826 1965 2882 2018 οὐ
2926 1974 2988 2036 τῇ
3026 1965 3236 2040 φυλακῇ,
3287 1965 3408 2020 ἀλλά
3448 1974 3507 2041 τῇ
3550 1967 3738 2044 ἁρπαγῇ.

2200 2053 2527 2125 Ἠϐουλόμεθά
2553 2076 2610 2109 σε
2652 2056 2700 2108 ἐν
2738 2054 2929 2128 τούτῳ,
2960 2053 3000 2130 ᾧ
3047 2058 3337 2130 κηρύττεις,
3381 2062 3650 2131 κοιμᾶσθαι,
3675 2065 3742 2116 καί

2201 2147 2520 2222 ἐγρηγορέναι
2554 2148 2658 2201 καθ’
2683 2145 2739 2201 οὐ
2781 2149 3039 2220 πολεμεῖς.
3073 2153 3134 2204 Τί
3161 2147 3214 2204 δέ
3252 2149 3416 2221 λέγω;
3456 2152 3742 2226 φορητότερον

2200 2236 2256 2299 ἦν
2272 2242 2409 2310 ἡμῖν,
2437 2241 2481 2294 εί
2505 2242 2688 2312 ἐκοιμῶ
2715 2245 2787 2301 είς
2808 2241 3067 2317 ἑκάτερον.
3089 2239 3287 2297 Οὐδένα
3310 2242 3578 2308 ἀπώλλυες,
3602 2241 3742 2300 οὐδένα

2199 2331 2500 2409 ἐκέρδαινες,
2533 2334 2582 2386 ἐν
2608 2331 2821 2408 οὐδεμία
2847 2337 3002 2408 ζημίᾳ
3027 2332 3219 2406 ψυχῶν
3247 2335 3280 2392 si
3319 2331 3566 2393 Ἐκκλησία
3592 2336 3743 2408 ἐστύγ·

2198 2428 2365 2489 ναζεν,
2398 2427 2450 2479 έν
2480 2422 2641 2479 οὐδενί
2675 2422 2839 2498 κέρδει
2868 2422 3100 2500 ἔχαιρεν·
3142 2424 3290 2499 ἤρκει
3316 2426 3444 2500 αὐτῇ
3480 2428 3524 2478 εἰ
3556 2433 3620 2494 τῷ
3654 2424 3742 2495 ἰδίῳ

2197 2519 2390 2590 νυμφίῳ
2422 2519 2594 2580 αὐτήν,
2627 2518 2804 2592 ὥσπερ
2831 2515 3176 2594 παρειλήφεις,
3205 2518 3294 2571 καί
3317 2513 3606 2588 παρεδίδως.
3629 2517 3743 2572 Ἀ)λά

2193 2612 2250 2678 ,τί
2268 2609 2472 2669 πολλοῖς
2501 2607 2834 2682 ἐμϐραδύνω;
2868 2609 3099 2681 λέγοντος
3128 2616 3216 2664 τοῦ
3255 2610 3610 2684 ἀρχιτέκτονος
3635 2607 3743 2664 Παύ-

2197 2702 2306 2767 λου,
2339 2704 2500 2774 μάτην
2534 2700 2616 2756 διά
2655 2709 2748 2757 σοῦ
2783 2703 3077 2771 ,ἐπικτισθέν
3107 2724 3158 2757 τι
3203 2706 3360 2766 ζητῶ,
3410 2703 3455 2755 έν
3546 2705 3636 2772 οὐχ
3663 2701 3743 2776 ὀρῷ

2196 2797 2438 2869 θεμέλιον.
2454 2798 2635 2850 Ἀκούω
2649 2797 2768 2868 βίαν
2792 2797 3061 2868 ὑπομένειν
3083 2798 3205 2856 τούς
3228 2796 3492 2872 κληρικούς
3515 2799 3740 2866 μεγίστην,

2195 2891 2317 2948 τούς
2367 2890 2640 2949 καθολικῶς
2670 2894 2995 2967 φρονοῦντας,
3041 2885 3114 2948 οἷς
3164 2889 3317 2959 ἡμεῖς
3345 2894 3665 2957 κοινωνοῦμεν,
3693 2889 3744 2946 ὡς

2195 2979 2429 3054 λέγεσθαι
2451 2983 2638 3041 αὐτούς
2664 2985 2750 3035 καί
2777 2989 2867 3042 τῆς
2893 2979 3087 3041 πόλεως
3107 2980 3510 3034 ἀποκεκλεῖσθαι.
3535 2980 3744 3056 Χαίρομεν

2197 3073 2275 3132 ὅτι
2300 3077 2358 3131 τὸ
2385 3074 2595 3130 ἔπαθλον
2615 3083 2703 3135 τῆς
2725 3073 2992 3147 ὁμολογίας
3010 3073 3298 3150 ἐκέρδαναν·
3324 3073 3446 3127 ἀλλά
3467 3072 3741 3142 λυπούμεθα,

499 3165 778 3233 praemium
810 3164 1171 3220 confessionis
1200 3166 1507 3235 acquirere,
1539 3167 1634 3222 sed
1666 3166 1916 3222 dolemus
1946 3167 2085 3236 quod

2193 3165 2270 3223 ὅτι
2300 3169 2573 3229 ἐπίσκοπος
2600 3167 2625 3222 ό
2652 3166 2864 3222 διώκων.
2896 3179 2950 3220 '0
2994 3169 3237 3243 μακάριος
3281 3166 3556 3225 ἀπόστολος
3579 3163 3742 3222 Παῦλος

497 3256 758 3325 episcopo
826 3267 1211 3328 persequente.
1275 3257 1475 3312 Beatus
1543 3258 1823 3328 apostolus
1888 3258 2086 3314 Paulus

498 3344 523 3384 ¹³
581 3358 986 3418 persecutorem
1049 3349 1406 3420 praedicatore
1458 3351 1684 3404 mutavit
1735 3369 1748 3403 :
1802 3349 1956 3405 nefas
2003 3359 2085 3406 est

497 3443 798 3496 maximum
837 3441 1246 3510 praedicatorem
1290 3452 1644 3512 persecutore
1672 3451 1961 3498 mutatum.
1993 3443 2085 3499 Di-

497 3548 628 3603 gere
665 3533 720 3587 in
752 3547 1039 3588 numerum
1069 3541 1220 3589 retro
1256 3532 1272 3571 ί
1300 3533 1616 3602 haereticos,
1649 3537 1738 3608 qui
1773 3536 2081 3606 hujusmudi

496 3626 827 3696 quaestiones
878 3625 1138 3682 Ecclesia:
1178 3628 1500 3684 intulerunt.
1541 3630 1672 3698 Quis
1712 3646 1966 3700 umquam
2014 3631 2083 3688 de

498 3717 601 3772 hoc
627 3718 927 3774 certamine
961 3719 1134 3774 victor
1171 3719 1435 3775 revertit?
1477 3721 1657 3777 Habes
1684 3732 1834 3777 certe
1866 3731 1970 3778 tuae
1999 3722 2081 3778 ci-

495 3810 677 3866 vitatis
714 3812 1044 3880 exemplum.
1079 3811 1282 3868 Paulus
1311 3814 1447 3868 civis
1483 3815 1497 3866 ἱ
1543 3816 1962 3883 Samosatenus,
1991 3833 2084 3873 oc-

493 3913 685 3970 cupata
709 3904 1046 3959 Antiochena
1078 3904 1347 3972 Ecclesia,
1375 3921 1497 3961 cum
1523 3907 1700 3977 aliqua
1733 3909 2075 3978 praedicaret,

493 3995 716 4064 collegit
742 4008 963 4050 suorum
1000 3995 1266 4051 seminum
1291 4012 1555 4055 messem.
1593 3998 1855 4068 Reliquos
1890 4003 2081 4058 inven-

492 4098 638 4144 tores
667 4090 932 4144 malorum
953 4090 1210 4147 Ecclesiis
1235 4092 1517 4162 occupatis
1544 4094 1829 4149 sententia:
1849 4110 2078 4151 censura

491 4196 708 4251 semper
739 4196 846 4236 non
871 4181 1055 4248 dispar
1076 4183 1258 4252 ejecit.

560 4273 614 4327 8.
659 4273 766 4328 llos
805 4289 1026 4344 quoque
1068 4273 1390 4342 haereticos,
1425 4274 1492 4331 de
1523 4276 1718 4346 quibus
1756 4291 1888 4343 nos,
1929 4276 2080 4333 velut

488 4381 676 4422 eorum
701 4382 820 4437 qua;
853 4377 1003 4437 gesta
1049 4377 1176 4423 sunt
1207 4369 1428 4423 nescius
1448 4411 1463 4435 ,
1494 4369 1784 4424 consulere
1814 4369 2073 4436 voluisti,

488 4458 709 4513 sedibus
739 4459 850 4514 suis
891 4459 1091 4528 injusta
1132 4461 1380 4516 dicentes
1411 4463 1623 4532 expulit
1665 4462 1806 4533 justa
1848 4463 2078 4518 damna-

2187 3260 2288 3314 ἀπὸ
2322 3258 2538 3316 διώκτου
2589 3263 2662 3320 εἰς
2702 3265 2900 3335 κήρυκα
2960 3259 3270 3332 μετηλλάγη⁶
3310 3265 3396 3312 νῦν
3447 3255 3499 3312 δέ
3542 3257 3745 3329 μέγιστον

2185 3351 2443 3424 ἀσέϐημα,
2475 3354 2545 3413 είς
2573 3351 2784 3412 διώκτην
2815 3353 2916 3407 ἀπό
2942 3357 3156 3428 κήρυκος
3185 3349 3745 3424 μετηλλάχθαι.“Δρίθμιι

2183 3449 2304 3505 τούς
2332 3447 2491 3501 πάλαι
2531 3447 2841 3522 αἱρετικούς,
2890 3447 2936 3501 οἶ
2986 3467 3117 3507 τινες
3156 3448 3404 3507 τοιαύτας
3447 3449 3664 3508 ζητήσεις
3695 3449 3745 3514 τῇ

2182 3541 2452 3618 Ἐκκλησία
2493 3545 2785 3616 ἐπήνεγκαν·
2824 3548 2902 3604 τίς
2948 3547 3158 3600 πώποτε
3201 3545 3308 3600 ἀπὸ
3351 3547 3579 3604 τοιαύτης
3606 3540 3744 3618 ἴριδος

2183 3639 2389 3696 νικήσας
2415 3637 2772 3711 ἀνεχώρησε-νς
2808 3635 2960 3707 ἔχεις
3003 3635 3294 3711 ὑπόδειγμα
3335 3646 3429 3699 τῆς
3469 3636 3650 3696 πόλεως
3671 3641 3745 3694 τῆς

2184 3732 2298 3786 σῆς.
2330 3726 2518 3787 Παῦλος
2563 3725 2588 3781 ό
2639 3731 2968 3799 Σαμοσατεύς
3018 3729 3200 3789 ἐπιϐὰς
3237 3738 3332 3790 τῆς
3373 3729 3646 3798 Αντιοχέων
3677 3727 3742 3778 ἐκ·

2181 3818 2416 3887 κλησίας,
2441 3821 2510 3880 ὥς
2532 3841 2646 3875 τινα
2676 3822 2935 3892 ἐκήρυττε,
2967 3830 3150 3896 συνῆρε
3177 3828 3279 3877 τῶν
3307 3820 3444 3877 ίδίων
3471 3819 3746 3895 σπερμάτων

2181 3912 2240 3965 τό
2264 3913 2423 3980 θέρος.
2452 3915 2581 3973 Τούς
2610 3913 2809 3974 λοιπούς
2834 3921 2932 3968 τῶν
2962 3921 3131 3969 κακῶν
3161 3915 3376 3988 εὐρετάς
3408 3909 3743 3982 κατασχόντας

2179 4008 2279 4057 τῶν
2318 4003 2618 4068 ἐκκλησιῶν,
2665 4005 2746 4059 ἀεὶ
2791 4006 2822 4063 ri
2863 4006 2994 4064 αὐτή
3029 4005 3316 4078 στεῤῥότηε
3349 4015 3442 4066 τῆς
3472 4006 3744 4076 ἀποφάσεως

2179 4115 2300 4150 κατε
2307 4096 2532 4153 ϐάλλετο.

2249 4273 2386 4327 Ἀλλά
2411 4276 2500 4328 καί
2525 4276 2738 4336 τούτους
2774 4278 2897 4338 τούς
2939 4275 3242 4351 αίρετικούς,
3272 4278 3395 4348 περὶ
3418 4270 3484 4326 ὧν
3521 4274 3663 4342 ἡμᾶς,
3685 4270 3741 4326 ὥς

2177 4365 2242 4420 τά
2264 4364 2366 4420 κατ’
2391 4370 2576 4430 αὐτούς
2598 4369 2807 4441 ἀγνοῶν,
2839 4369 3094 4444 ἐρωτῆσαι
3118 4368 3390 4431 ἠθέλησας,
3433 4368 3487 4420 ἐκ
3511 4372 3604 4419 τῶν
3625 4360 3741 4416 ἰδίων

2177 4464 2384 4539 θρόνων,
2413 4466 2483 4525 ὡς
2513 4459 2663 4518 ἄδικα
2691 4461 2988 4527 λαλοῦντας,
3031 4458 3269 4518 καταδίκη
3315 4457 3492 4514 δικαία
3535 4457 3738 4520 ἐξέωσεν.

559 4640 585 4669 ι
611 4631 768 4694 ,Editi
790 4676 805 4702 ,
839 4631 1037 4688 Memor
1091 4651 1312 4691 rursus:
1363 4638 1706 4708 corriguntur
1747 4655 1812 4696 ex
1846 4655 1977 4697 mss.
2011 4650 2066 4698 et
2095 4663 2147 4725 Β
2171 4658 2279 4725 rem
2303 4641 2438 4725 i‘bid.
2471 4650 2650 4695 vocat.

487 4703 698 4760 Graeco.

558 4773 585 4812 ι)
626 4773 856 4839 Baron.,
886 4783 1009 4843 post
1035 4776 1164 4832 edit.
1199 4777 1356 4832 Rom.
1386 4779 1450 4832 Αι
1478 4779 1561 4833 ubi
1588 4781 1656 4833 ad
1675 4797 1812 4836 eum.
1844 4782 2066 4840 Rectius

486 4859 618 4900 mss.
645 4845 714 4919 At
741 4861 854 4919 cum
904 4846 955 4898 in
1004 4846 1173 4912 hunc,
1208 4849 1310 4902 hoc
1343 4860 1424 4903 est
1472 4850 1740 4905 adversum
1782 4869 1898 4907 eum
1923 4895 1935 4919 ,
1971 4871 2065 4910 seu

487 4916 741 4990 cumqui:
761 4915 1066 4990 adversatur
1095 4919 1138 4972 ei
1165 4920 1339 4989 quiest
1378 4925 1488 4990 ipsa
1519 4921 1744 4987 dilectio,
1781 4932 1892 4977 tum
1912 4915 1932 4990 ,’
1979 4942 2064 4981 se-

484 4986 714 5042 cundum
751 4985 947 5052 Graia,
983 4985 1186 5042 necesse
1209 5001 1281 5042 est
1313 5002 1358 5045 et
1384 4985 1461 5044 illi
1482 4985 2061 5064 abjiciantura/fectus,

483 5074 720 5128 quarunt,
750 5068 858 5111 etc.

557 5140 578 5166 ε
621 5129 749 5197 ch.
782 5130 996 5189 εὐνοίας.

553 5197 578 5236 ἀ
618 5201 696 5272 lix
729 5198 923 5272 Graeco
950 5199 1034 5254 hic
1060 5201 1436 5271 supplendum,
1473 5203 1579 5260 Sed
1609 5207 1733 5272 quid
1764 5207 1923 5262 (lico?

554 5271 716 5347 {Seu
774 5269 842 5323 ad
892 5269 1137 5347 litteram
1166 5269 1454 5347 ’Grzecam,
1501 5269 1756 5332 neminem
1799 5281 2058 5347 perderes,

481 5342 729 5419 neminem
757 5341 1042 5419 acquireres
1085 5342 1217 5414 (aut
1241 5345 1594 5419 _lucrifaceres
1618 5348 1675 5419 );
1728 5341 1964 5405 Ecclesia
1998 5341 2062 5406 de

480 5412 624 5493 nullo
646 5412 1186 5493 niteret'et.animarum
1217 5412 1429 5478 danmo,
1459 5419 1522 5472 de
1562 5412 1704 5472 nullo
1735 5421 1879 5476 lucro
1907 5438 2053 5493 gau-

478 5482 616 5557 deret
641 5499 658 5543 ,'
684 5483 807 5557 satis
837 5482 881 5557 ei
915 5494 1042 5557 esset
1069 5487 1126 5557 si
1155 5486 1318 5552 ipsam
1365 5505 1553 5557 sponso
1596 5507 1711 5555 suo,
1763 5503 1869 5546 etc.
1907 5482 2052 5549 "Hice

479 5551 1268 5629 idcircoscribitﬁmlestinus,
1293 5551 1414 5628 quia
1449 5568 1505 5612 ut
1525 5561 1669 5613 infra
1693 5551 1852 5629 epist.
1887 5564 1954 5617 25
1993 5581 2046 5618 η.

478 5623 541 5700 8_,
573 5624 841 5690 fatebitur,
871 5625 1179 5700 Eestorium
1215 5629 1266 5700 in
1294 5623 1476 5684 ofﬁcio
1510 5623 1763 5700 pastorali
1784 5649 1885 5686 non
1917 5633 2052 5688 desi-

478 5693 609 5760 dem,
645 5710 745 5748 non
763 5697 1118 5768 negligentem,
1154 5699 1248 5753 sed
1292 5693 1547 5755 hominem
1573 5704 1822 5756 sermonis
1849 5706 2051 5759 assidui

479 5775 598 5818 esse
617 5778 726 5820 non
764 5766 1064 5833 ignorabat.
1103 5768 1399 5854 Quocirca“
1415 5786 1538 5829 eum
1586 5773 1791 5843 uigilem
1826 5776 2051 5845 perdito-

2248 4713 2268 4752 ί
2303 4713 2487 4787 forte.
2522 4711 2822 4787 acquisitus.
2909 4782 2919 4787 _
3004 4781 3017 4787 _
3264 4780 3275 4787 ,
3588 4775 3620 4787 ..

2245 4795 2270 4832 s
2303 4783 2532 4837 Nitidior
2591 4775 2742 4837 iicret
2787 4782 2959 4836 oratio
3004 4781 3108 4836 hoc
3163 4780 3455 4835 verborum
3512 4775 3730 4832 ordine:

2171 4855 2343 4910 Audio
2386 4855 2629 4917 clericos,
2673 4854 2758 4923 qui
2798 4852 3047 4906 catholica
3090 4854 3312 4906 sentiunt
3361 4859 3411 4904 et
3457 4850 3738 4923 quibuscum

2168 4927 2632 4990 communicanms,
2657 4919 2755 4976 vim
2783 4925 3064 4977 maximam
3087 4923 3342 4976 sustinere
3361 4936 3426 4975 ac
3452 4919 3579 4990 pati.

2241 4995 2270 5034 δ
2300 4997 2484 5051 Graeca
2510 4996 2715 5050 littera:
2768 4993 2852 5048 Ea:
2898 5004 3220 5065 persecutore
3264 4994 3318 5046 in
3371 4992 3738 5063 pradicatorem

2171 5077 2401 5123 mutatus
2433 5077 2538 5132 est;
2567 5081 2702 5119 nunc
2730 5081 2845 5119 vero
2874 5066 3152 5119 maximum
3198 5073 3273 5118 est
3318 5068 3465 5129 nefas
3485 5104 3499 5126 ,
3533 5078 3592 5115 ea:
3619 5073 3735 5131 pra:-

2169 5138 2546 5209 dicatore?(seu
2579 5153 2700 5191 eum
2729 5139 2820 5206 qui
2849 5136 3175 5206 prtedicator
3201 5136 3354 5207 erat)
3385 5135 3440 5187 in
3472 5138 3736 5203 persecuta

2169 5227 2274 5266 rem
2308 5212 2464 5280 fuisse
2488 5220 2760 5280 mutatum.

2247 5280 2259 5317 ί
2298 5271 2479 5335 Codex
2506 5279 2772 5334 Bellovac.
2791 5319 2807 5345 ,
2839 5279 3219 5333 haereticorum.
3248 5276 3612 5331 Retinendum
3639 5271 3735 5324 lue-

2165 5352 2388 5417 reticos;
2418 5350 2510 5403 sed
2547 5359 2699 5404 antea
2753 5365 2961 5404 recense
3012 5360 3105 5404 aut
3149 5364 3398 5404 enumera
3443 5346 3732 5417 mallemus,

2164 5439 2322 5492 quam
2369 5413 2544 5490 digere
2581 5421 2635 5474 in
2682 5436 2973 5476 numerum.
3007 5417 3460 5492 MoxiEcclesiis,
3493 5418 3609 5472 loco
3641 5413 3730 5466 Ec-

2163 5491 2336 5566 clesia:
2357 5533 2372 5557 ,
2404 5492 2590 5547 Baluz.
2611 5507 2752 5566 _eum
2785 5505 2917 5548 mss.
2950 5491 3204 5566 praetulit.
3273 5559 3303 5566 Α
3387 5560 3401 5566 μ
3472 5558 3516 5566 __
3663 5553 3674 5566 ,

2233 5564 2247 5614 i
2294 5563 2350 5618 In
2381 5578 2546 5624 mss.,
2600 5558 2968 5619 Samosateusf
3008 5563 3067 5617 In
3121 5562 3223 5616 hoc
3272 5559 3443 5615 Paulo
3472 5558 3732 5614 Nestorius

2157 5634 2359 5689 habere
2384 5634 2580 5688 dicitur
2605 5635 2838 5689 civitatis
2863 5649 2975 5687 sum
2994 5634 3322 5702 exemplum,
3354 5631 3482 5699 quia
3509 5632 3552 5683 is
3572 5638 3730 5682 ortum

2158 5705 2426 5761 habuerat
2453 5705 2788 5771 Antiochiae,
2830 5704 2987 5772 cujus
3023 5705 3219 5760 Paulus
3250 5702 3549 5758 Ecelesiam
3581 5711 3730 5754 occu-

2161 5778 2325 5847 pavit.
