3976 6336
284 291 375 348 181
1027 279 1239 338 EPIST.
1282 276 1423 333 XIII.
1452 303 1524 319 -—-
1549 266 1951 329 C(ELESTINI
1992 265 2195 321 PAPIE
2235 264 2327 321 AD
2358 259 2774 322 NES’I‘ORIUH.

3459 264 3567 318 682

279 407 369 473 tio,
397 418 535 472 quos
556 402 669 459 illic
709 400 985 458 invenisse
1020 397 1264 468 requiem
1306 408 1415 449 non
1454 399 1708 464 putamus
1736 400 1859 441 esse

1969 379 2054 442 οὓς
2085 382 2186 435 ἐκεῖ
2213 382 2472 458 εὑρηκέναι
2515 380 2806 437 ἀνάπαυσιν
2835 382 2892 434 οὐ
2937 381 3279 451 θαυμάζομεν·
3317 380 3566 455 εὑρήκασι

276 497 608 563 mirandum;
666 496 994 551 invenerunt
1056 491 1206 547 enim
1253 488 1473 559 impiam
1521 481 1867 557 praedicatio-

273 608 418 657 nem,
451 591 608 661 cujus
637 589 1047 659 comparatione
1082 602 1143 642 se
1173 584 1489 642 existiment
1520 582 1863 636 innocentes.

274 685 383 741 Hoc
416 686 564 751 loco,
597 683 722 753 quia
748 681 1132 753 opportunitas
1162 678 1437 735 sermonis
1476 676 1743 745 exposcit,
1789 684 1869 728 ta-

269 792 398 833 cere
421 792 528 832 non
565 790 857 847 possumus
881 774 1025 845 quod
1060 782 1362 843 stupemus.
1408 768 1664 838 Legimus
1702 781 1866 837 quam

267 870 412 927 bene
439 878 620 925 teneas
647 867 916 937 originale
949 876 1256 937 peccatum,
1291 863 1529 935 qualiter
1558 860 1729 929 ipsam
1770 874 1868 913 na-

269 972 446 1018 turam
480 962 680 1018 asseris
708 960 1032 1016 debitricem
1055 1001 1068 1025 ,
1095 966 1151 1013 et
1176 974 1299 1012 eum
1335 966 1360 993 η
1388 954 1632 1011 debitum
1671 952 1865 1007 merito

266 1056 500 1112 reddere
541 1055 633 1127 qui
662 1054 1006 1112 descenderit
1046 1050 1115 1107 de
1155 1066 1360 1122 genere
1386 1048 1681 1115 debitoris;
1736 1045 1865 1117 quid

267 1158 450 1205 tecum
490 1147 723 1213 faciunt,
772 1148 862 1218 qui
906 1145 936 1185 ιι
964 1157 1093 1201 sunt
1142 1146 1257 1200 hinc
1296 1143 1547 1215 negando
1587 1140 1864 1197 damnati?

264 1242 569 1315 Numquam
597 1244 716 1297 sine
741 1240 1052 1311 suspicione
1089 1253 1155 1295 ea
1185 1253 1309 1308 quas
1338 1238 1441 1293 sibi
1474 1244 1603 1291 sunt
1634 1235 1862 1290 adversa

262 1338 620 1391 conveniunt.
653 1335 1001 1406 Ejicerentur
1028 1332 1293 1402 denique,
1331 1332 1376 1387 si
1416 1329 1515 1384 tibi
1542 1343 1758 1399 quoque
1791 1326 1866 1382 si-

263 1428 473 1483 militer
502 1426 879 1499 displicerent.
923 1422 1031 1479 Cur
1058 1435 1240 1479 tamen
1270 1437 1333 1478 ea
1374 1438 1493 1493 qua:
1527 1421 1583 1476 in
1606 1421 1705 1476 bos
1736 1428 1862 1476 tunc

262 1530 396 1576 sunt
425 1528 541 1576 acta
570 1528 911 1591 quaeruntur,
939 1533 1061 1573 cum
1090 1526 1301 1573 certum
1326 1517 1397 1573 sit
1429 1516 1581 1571 illinc
1604 1515 1670 1570 ad
1703 1530 1802 1570 nos
1830 1530 1860 1570 a

262 1613 539 1669 catholico
580 1622 707 1668 tunc
734 1612 991 1683 lantistite
1034 1612 1216 1665 Attico
1246 1619 1420 1681 gesta,
1449 1620 1473 1647 °
1500 1608 1744 1665 directa?
1764 1624 1861 1665 cur

262 1722 373 1762 non
416 1714 622 1761 sanctae
656 1706 938 1761 memoriae
974 1704 1206 1760 Sisinius
1247 1706 1348 1758 ista
1384 1703 1672 1774 quaesivit?
1723 1703 1857 1770 Quia

1968 476 2069 549 γὰρ
2096 474 2278 534 ἀσεϐὲς
2306 480 2560 550 κήρυγμα,
2600 469 2682 529 ὅτε
2712 476 2761 527 ἐν
2787 476 3059 547 συγκρίσει
3092 472 3302 533 ἑαυτοὺς
3332 472 3567 541 ἐνόμισαν

1969 565 2287 625 ἀνευθύνους.
2320 563 2558 620 Ἐνταῦθα
2589 563 2763 624 ἐπειδή
2792 567 2822 623 ή
2853 566 3083 639 εὐκαιρία
3117 571 3209 619 τοῦ
3253 563 3400 638 λόγου
3431 564 3565 638 ἀπῇ·

1969 677 2143 721 τησεν,
2176 660 2231 709 οὐ
2259 655 2509 728 δυνάμεθα
2536 663 2735 729 σιωπᾷν
2752 654 2877 731 ὅπερ
2896 658 3235 729 θαυμάζομεν.
3267 656 3565 727 ’Λνέγνωμεν

1968 747 2107 810 ὅπως
2138 750 2301 810 καλῶς
2339 751 2599 810 πιστεύεις
2627 753 2745 826 περὶ
2771 758 2862 811 τῆς
2899 752 3029 805 κατὰ
3058 752 3251 822 γένεσιν
3284 748 3561 823 ἁμαρτίας,

1968 844 2052 896 καί
2071 840 2208 903 ὅπως
2232 843 2390 900 αὐτήν
2414 846 2505 900 τήν
2534 840 2681 914 φύσιν
2718 842 2959 903 δεικνύεις
2990 839 3115 898 εἶναι
3144 843 3446 916 καταχρέω,
3482 845 3563 895 καὶ

1968 944 2148 993 τοῦτον
2178 935 2387 998 δικαίως
2416 936 2691 992 ἀποδοῦναι
2726 941 2785 994 τό
2817 940 2999 1013 χρέος,
3032 935 3085 999 ὃς
3122 940 3225 994 ἀπὸ
3263 945 3353 994 τοῦ
3386 940 3563 1012 ’γένους

1966 1037 2061 1087 τοῦ
2104 1034 2381 1107 χρεὼστου
2410 1034 2710 1103 κατάγεται.
2753 1036 2812 1085 Τί
2840 1036 2970 1103 μετὰ
3004 1040 3099 1087 σοῦ
3136 1040 3367 1089 ποιοῦσιν
3396 1034 3442 1087 oi
3469 1055 3563 1089 κα-

1966 1125 2295 1199 τακριθέντες,
2331 1122 2409 1179 ὅτι
2436 1130 2600 1179 ταῦτα
2635 1127 2955 1197 ἠρνήσαντο,
3008 1123 3247 1180 οὐδέποτε
3277 1136 3296 1162 ε
3328 1125 3564 1179 ἀνυπόπ-

1966 1237 2069 1277 τως
2093 1218 2160 1272 τά
2186 1218 2384 1271 ἐναντία
2408 1216 2616 1276 ἑαυτοῖς
2638 1224 2913 1289 συμφωνεῖ.
2936 1217 3078 1271 Ἀλλὰ
3103 1223 3197 1288 μήν
3220 1218 3293 1281 ἐξε
3303 1218 3555 1285 ϐάλλοντο,

1966 1312 2011 1364 εἰ
2034 1312 2118 1365 καί
2146 1332 2229 1367 σοι
2258 1310 2441 1382 ὁμοίως
2471 1312 2778 1385 ἀπήρεσκον.
2809 1308 2983 1383 Ὀμως
3028 1310 3112 1366 διὰ
3154 1316 3204 1367 τὶ
3248 1318 3335 1365 νῦν
3364 1314 3427 1367 τὰ
3457 1322 3563 1368 κατ’

1966 1403 2162 1457 ἐκείνων
2210 1400 2583 1480 πεπραγμένα(1
2613 1408 2846 1468 ζητεῖτε,
2906 1402 3057 1459 ὁπότε
3116 1402 3260 1463 δῆλόν
3309 1408 3445 1461 ἐστιν
3486 1403 3562 1463 ὅτε

1967 1495 2152 1549 ἐκεῖθεν
2183 1497 2311 1570 πρὸς
2336 1498 2471 1563 ήμὰς
2500 1498 2646 1570 παρά
2673 1501 2765 1551 τοῦ
2804 1496 2917 1551 τότε
2957 1498 3236 1553 ἐπισκόπου
3278 1504 3371 1552 τοῦ
3411 1501 3561 1553 καθο-

1965 1588 2108 1643 λικοῦ
2153 1596 2375 1645 ’Δττικοῡ
2413 1593 2480 1644 τὰ
2512 1591 2861 1661 ὑπομνήματα
2893 1593 3192 1656 ἀπεστάλη;
3226 1591 3312 1647 διά
3355 1596 3407 1647 τί
3434 1600 3503 1665 μή
3534 1593 3559 1649 ό

1962 1688 2053 1739 τῆς
2086 1679 2235 1751 ἁγίας
2263 1686 2461 1753 μνήμης
2486 1684 2693 1742 Σισίνιος
2729 1684 2940 1747 ἐζήτησε
2968 1700 2981 1748 ;
3036 1682 3224 1742 δηλαδή
3272 1681 3347 1739 ὅτι
3398 1683 3561 1739 ἐδοκί-

264 1802 454 1871 utique
484 1799 587 1855 sub
614 1798 902 1856 decessore
928 1812 1029 1853 suo
1050 1797 1369 1869 probaverat
1412 1811 1506 1852 eos
1541 1796 1663 1868 jure
1701 1795 1855 1851 dam-

1969 1793 2121 1827 αασεν
2148 1774 2333 1835 αὐτοὺς
2360 1776 2503 1850 παρά
2539 1780 2630 1829 τοῦ
2656 1778 3083 1850 προηγησαμένου
3125 1774 3325 1837 δικαίως
3348 1786 3373 1822 8
3399 1800 3559 1833 κατα-

262 1905 442 1951 natos.
490 1894 732 1951 Deﬂeant
765 1893 1045 1961 infelices,
1076 1891 1096 1931 τ
1124 1908 1223 1963 spe
1271 1907 1333 1948 se
1371 1891 1655 1947 hominum
1687 1890 1858 1947 fuisse

264 1990 559 2059 deceptos,
590 1987 787 2059 quibus
814 1985 840 2024 ιι
869 1988 982 2058 jam
1030 1987 1204 2058 potuit
1251 1995 1474 2057 propter
1521 1986 1858 2041 communio-

268 2099 396 2139 nem
430 2084 543 2139 sola
574 2083 893 2154 paenitentia
931 2081 1240 2138 subvenire.
1285 2081 1424 2137 Ecce
1466 2080 1608 2137 scire
1656 2080 1723 2137 de
1770 2079 1855 2135 his

262 2176 457 2246 incipis
475 2217 491 2242 ,
522 2176 565 2231 si
594 2192 696 2247 qua
724 2185 849 2231 ante
876 2175 1117 2232 nescisti.

335 2271 387 2326 9.
412 2268 648 2325 Causam
685 2267 701 2307 ί
739 2278 885 2324 tuam
918 2270 1088 2339 magis
1120 2267 1281 2323 modo
1312 2282 1474 2339 quam
1505 2267 1734 2322 aliorum
1763 2280 1855 2322 ca-

264 2361 462 2417 tholica
493 2372 550 2416 et
577 2361 778 2417 festina
803 2360 1201 2416 deliberatione
1242 2368 1464 2426 curato,
1498 2358 1625 2429 quia
1654 2373 1855 2413 conve-

263 2456 477 2511 nienter
502 2454 766 2521 dicimus,
814 2452 1048 2520 Medice,
1099 2468 1225 2506 cura
1277 2461 1325 2506 te
1370 2454 1543 2519 ipsum
1578 2449 1741 2522 (Luc.
1770 2465 1853 2519 tv,

263 2545 389 2619 25),
422 2549 516 2619 qui
548 2548 669 2604 aliis
696 2548 975 2603 desideras
999 2547 1315 2603 subvenire.
1356 2546 1720 2617 Egritudinis
1752 2554 1856 2601 tua:

264 2641 499 2709 qualitas
526 2657 634 2697 non
665 2641 859 2711 recipit
888 2652 980 2696 aut
1022 2641 1266 2711 praestari
1296 2639 1559 2711 permittit
1586 2639 1853 2696 inducias.

266 2736 653 2792 Alexandrina:
683 2735 946 2791 Ecclesiae
991 2734 1292 2790 sacerdotis
1326 2734 1487 2790 fidem
1528 2743 1581 2789 et
1607 2733 1858 2804 probavi-

267 2841 382 2886 mus
404 2839 459 2884 et
490 2830 819 2901 probamus;
851 2837 909 2883 et
937 2836 993 2883 tu
1020 2827 1328 2883 admonitus
1357 2843 1451 2897 per
1484 2843 1631 2892 eum,
1663 2842 1857 2882 rursus

270 2923 285 2973 ἰ
324 2924 463 2979 senti
494 2924 776 2979 nobiscum
798 2964 813 2990 ,
868 2924 915 2978 si
949 2922 1033 2977 vis
1073 2936 1195 2978 esse
1238 2923 1541 2977 nobiscum.
1568 2919 1666 2976 Cui
1700 2920 1856 2976 fratri

270 3012 316 3072 si
341 3030 371 3069 a
404 3023 455 3069 te
485 3014 758 3087 praebetur
798 3028 1084 3082 assensus,
1137 3012 1406 3068 damnatis
1450 3014 1698 3068 omnibus
1734 3030 1854 3083 qua:

274 3106 376 3163 huc
404 3123 579 3179 usque
626 3106 875 3175 sensisti,
919 3107 1101 3162 statim
1142 3104 1260 3161 haec
1306 3106 1559 3161 volumus
1591 3106 1858 3175 praedices

1962 1866 2245 1941 κεκρίσθαι.
2292 1867 2624 1923 Κλαιέτωσαν
2663 1868 2710 1921 oi
2737 1864 2895 1923 ἄθλιοι
2930 1869 3307 1931 ἐκπεπτωκότες
3328 1878 3421 1930 τῆς
3446 1871 3560 1926 κατ’

1961 1956 2252 2031 ἀνθρώπους
2273 1955 2495 2019 ἐλπίδος,
2528 1959 2574 2011 οἶ
2602 1978 2733 2017 τινες
2764 1960 2834 2018 εἰς
2872 1957 3023 2030 μόνην
3063 1961 3154 2017 τήν
3198 1962 3454 2013 κοινωνίαν
3480 1958 3563 2015 διά

1960 2051 2230 2120 μετανοίας
2256 2050 2550 2121 βοηθεῖσθαι
2595 2049 2862 2109 ἠδύναντο.
2912 2050 3035 2107 Ἰδοὺ
3068 2052 3203 2128 ἤρξω
3232 2055 3412 2125 μαθεῖν
3442 2056 3562 2129 περὶ

1961 2145 2130 2197 αὐτῶν
2162 2141 2283 2198 εἴτι
2311 2152 2510 2217 πρῶτον
2552 2146 2821 2218 ἠγνόησας.
2868 2208 2873 2214 ,

2034 2236 2173 2292 ’Δλλά
2198 2238 2253 2292 τὸ
2275 2239 2361 2291 σὸν
2383 2240 2589 2313 τραύμα
2607 2239 2815 2311 μᾶλλον,
2843 2239 2875 2299 ή
2911 2240 2969 2295 τό
3014 2236 3187 2306 ἄλλων,
3228 2241 3455 2317 καθολικῇ
3481 2245 3561 2298 καὶ

1964 2328 2378 2403 ἐπιταχυνομένῃ
2409 2329 2588 2400 σκέψει
2627 2331 2896 2403 θεράπευε,
2941 2329 3019 2386 ὅτι
3065 2333 3394 2407 ἡρμοσμένως
3421 2334 3561 2408 λέγο-

1966 2438 2076 2491 μεν·
2110 2419 2288 2495 Ἰατρέ,
2315 2420 2563 2495 θεράπευε
2591 2424 2827 2489 σεαυτόν,
2861 2422 2887 2477 ό
2916 2423 3114 2496 βοηθεῖν
3145 2421 3315 2486 ἅλλοις
3343 2428 3560 2483 σκεπτό-

1966 2532 2133 2585 μενος’
2164 2519 2195 2573 ή
2222 2516 2434 2576 ποιότης
2461 2524 2553 2577 τῆς
2588 2518 2745 2571 νόσου
2789 2527 2883 2579 τῆς
2932 2528 3028 2579 σῆς
3073 2517 3188 2574 οὔτε
3239 2519 3559 2591 ἐπιδέχεται,

1968 2604 2086 2663 οὔτε
2118 2609 2383 2680 ἐπιτρέπει
2412 2607 2616 2668 δθοῆναι
2646 2612 2940 2681 ἀνακωχήν.
2974 2619 3073 2666 Τοῦ
3103 2615 3274 2687 ἱερέως
3302 2622 3393 2673 τῆς
3420 2613 3556 2668 Ἀλε-

1962 2701 2207 2777 ξανδρέων
2233 2702 2497 2764 ἐκκλησίας
2517 2708 2607 2761 τήν
2627 2707 2801 2758 πίστιν
2825 2710 2911 2760 καί
2930 2708 3245 2780 ἐσχήκαμεν,
3270 2712 3350 2762 καί
3371 2706 3560 2778 ἔχομεν

1961 2791 2419 2864 δεδοκιμασμένην.
2449 2798 2540 2849 Καὶ
2565 2798 2631 2849 σὺ
2663 2794 2724 2850 δι’
2750 2798 2907 2852 αὐτοῦ
2952 2799 3294 2869 ὑπομνησθεὶς
3334 2801 3401 2854 τά
3430 2802 3562 2857 αὐτὰ

1961 2890 2079 2960 ἡμῖν
2109 2888 2255 2943 πάλιν
2280 2890 2545 2961 φρόνησον,
2571 2892 2615 2942 εἰ
2643 2890 2753 2959 μεθ’
2782 2892 2922 2961 ήμῶν
2945 2886 3071 2945 εἶναι
3094 2893 3270 2957 θέλεις,
3299 2888 3337 2944 ὦ
3359 2890 3558 2965 ἀδελφέ.

1960 2983 2017 3035 Εἰ
2060 2978 2263 3036 δέδοται
2296 2983 2320 3016 κ
2352 2976 2455 3054 ἄρα
2502 3002 2583 3035 σοι
2624 2984 2851 3049 σύνεσις,
2899 2985 3101 3038 πάντων
3144 2988 3448 3058 καταγνοὺς,
3494 2982 3559 3039 ὧν

1961 3073 2097 3151 ἄχρι
2124 3081 2217 3131 τοῦ
2240 3074 2493 3152 παρόντος
2520 3075 2821 3148 ἐφρόνησας,
2848 3078 2995 3138 εὐθὺς
3024 3085 3211 3147 ταῦτα,
3244 3086 3312 3143 ὡς
3336 3086 3558 3156 θέλομεν,

347 3347 373 3375 ἰ
400 3334 545 3391 Edit.
581 3334 737 3389 Rom.
762 3348 826 3389 ac
852 3333 1052 3388 Baron.
1072 3376 1087 3402 ,
1114 3332 1394 3387 delictum:
1418 3330 1776 3387 emendantur
1798 3347 1863 3387 ex
1892 3332 1937 3394 C
1971 3331 2214 3405 oblatum
2260 3330 2747 3387 Commonitorium
2800 3334 2944 3403 regia
2987 3335 3120 3391 urbe
3166 3339 3349 3405 pulsos
3392 3338 3557 3398 dicat.

279 3426 405 3467 mss.
439 3418 495 3463 et
516 3406 725 3462 Grzeco.

350 3480 375 3519 δ
414 3478 623 3534 ϐῆναι
660 3476 762 3543 Qui
786 3478 911 3547 quia
942 3476 1049 3529 haec
1074 3475 1352 3543 negabant.
1379 3484 1499 3530 sunt
1523 3473 1778 3529 damnati.

350 3564 370 3590 ε
412 3550 472 3605 In
504 3564 633 3605 mss.
668 3546 805 3618 Reg.
832 3546 1170 3603 desideratur
1198 3548 1531 3609 ἀνυπόπτως.

346 3620 373 3659 ἀ
412 3622 541 3689 Leg.
574 3624 824 3684 ζητεῖται.

350 3705 374 3732 ε
414 3687 546 3747 Mar.
582 3693 847 3745 Mercator
878 3691 929 3743 in
980 3690 1412 3746 Commonitorio
1450 3688 1712 3753 Atticum,
1739 3687 1863 3746 Cas-

279 3766 434 3823 lestio
455 3780 520 3819 ex
552 3763 683 3816 urbe
706 3763 849 3831 regia
875 3762 1082 3832 ejecto,
1117 3763 1297 3815 statim
1330 3761 1539 3832 litteras
1568 3777 1719 3832 super
1754 3765 1863 3831 ejus

278 3839 481 3894 nomine
506 3836 557 3887 in
580 3834 757 3886 Asiam
790 3844 839 3887 et
878 3830 1305 3887 Thessalonicam
1348 3830 1416 3883 ad
1458 3830 1723 3903 episcopos
1762 3834 1863 3887 mi-

278 3912 416 3965 sisse
450 3908 655 3971 dicens,
685 3919 744 3957 ea
775 3920 894 3973 qua:
922 3915 1047 3958 tunc
1080 3906 1338 3973 temporis
1369 3912 1515 3972 gesta
1543 3912 1668 3973 sunt
1696 3904 1861 3958 etiam

278 3980 503 4035 Romam
556 3977 872 4030 transmissa
935 3992 1057 4031 esse
1114 3972 1369 4039 siluerat;
1421 3974 1515 4029 sed
1565 3972 1669 4029 hoc
1716 3990 1862 4029 nunc

279 4051 601 4107 leestinus
628 4046 861 4116 supplet.

354 4122 373 4161 ί
418 4122 497 4176 Ad
529 4135 679 4187 spem
701 4115 908 4171 alludit
932 4160 946 4183 ,
988 4132 1146 4187 quam
1183 4118 1287 4172 illis
1317 4115 1599 4171 Nestorius
1630 4116 1857 4173 fecerat.

282 4193 411 4249 Nam
446 4195 569 4247 licet
598 4189 882 4243 lnrreticus
914 4189 1032 4255 ille,
1080 4200 1137 4242 ut
1172 4189 1301 4244 Mar.
1343 4188 1610 4241 Mercator
1649 4187 1857 4255 przefat.

282 4265 335 4319 in
368 4271 623 4319 tractatus
652 4261 883 4314 Nestorii
923 4261 1054 4315 edit.
1098 4261 1257 4315 Baluz
1289 4272 1407 4329 pag.
1457 4258 1559 4313 H9
1604 4259 1855 4329 exponit,

283 4354 309 4389 a
342 4334 748 4404 Pelagianorum
780 4333 986 4404 placitis
1016 4328 1347 4395 dissentiret,
1370 4328 1562 4383 tamen
1589 4328 1859 4404 lulianum

285 4408 401 4460 olim
430 4401 715 4475 apostolica
754 4403 1001 4455 sententia
1031 4412 1423 4475 exauctoratum
1464 4412 1617 4475 atque
1648 4401 1855 4475 deposi-

287 4490 387 4531 tum
410 4473 765 4532 iniunticitiam
788 4475 991 4527 interim
1014 4490 1137 4527 cum
1163 4474 1324 4527 sociis
1350 4474 1540 4525 censuit
1578 4473 1856 4543 suscipien-

288 4553 426 4603 dum.
458 4552 602 4602 Sent
630 4551 765 4600 enim
790 4545 1123 4598 absolutionis
1160 4546 1457 4614 promittens
1478 4585 1492 4608 ,
1537 4542 1861 4614 ipsumquo-

287 4638 376 4689 que
402 4621 693 4674 Caelestium
717 4617 899 4669 litteris
928 4618 1036 4669 suis
1067 4619 1360 4689 consolatus
1389 4623 1483 4668 est.
1519 4613 1635 4689 Quo
1678 4625 1859 4689 autem

288 4686 463 4745 animo
493 4706 587 4745 eos
607 4706 695 4756 spe
716 4702 857 4741 eunte
886 4688 1237 4755 promissionis
1256 4688 1497 4757 fovendos
1517 4696 1563 4737 et
1592 4686 1860 4740 lactandos

290 4765 497 4828 putarit,
528 4761 667 4815 idem
695 4768 882 4813 auctor
911 4758 1040 4812 ibid.
1064 4758 1164 4812 sibi
1198 4760 1465 4813 IItCo'l‘lltlIt
1499 4758 1715 4828 fatetur.
1751 4758 1860 4813 Hac

288 4827 514 4888 Nestorii
570 4829 999 4885 dissimulatione
1032 4844 1150 4883 cum
1185 4830 1476 4895 periculum
1519 4827 1641 4879 fidei
1681 4829 1860 4882 immi-

289 4922 415 4961 nere
447 4906 714 4959 Mercator
752 4903 1001 4954 laudatus
1041 4914 1317 4965 cerneret,
1352 4914 1495 4952 anno
1534 4900 1638 4953 429
1680 4900 1858 4952 'l'beo-

287 4977 436 5030 dosio
476 4986 709 5043 augusto
750 4972 1233 5026 Commonitorium
1283 4970 1507 5043 obtulit.
1551 4984 1646 5037 per
1678 4970 1855 5038 quod,

288 5050 490 5119 cognito
513 5042 858 5119 funestissima
884 5058 1059 5119 errore
1080 5085 1094 5109 ,
1130 5042 1384 5119 imperiali
1428 5051 1679 5119 prterepto
1698 5054 1860 5119 .__tam

288 5060 490 5119 cognito
513 5060 858 5117 funestissima
884 5060 1057 5096 errore
1080 5085 1094 5109 ,
1130 5060 1195 5093 rm
1237 5060 1383 5095 man
1428 5060 1712 5110 prterepto.
1757 5060 1860 5094 tam

286 5119 532 5172 Julianus
560 5132 751 5186 sequax
778 5116 889 5184 ejus
920 5060 1382 5186 (leestitfcunr
1408 5113 1603 5186 creteris
1632 5114 1783 5186 sociis
1814 5123 1861 5166 et

288 5181 634 5259 participibus
652 5188 779 5259 suis,
801 5181 961 5259 quam
984 5196 1157 5259 postea
1183 5186 1317 5237 idem
1343 5181 1609 5237 Cales-tius
1637 5184 1862 5259 de_l.‘on-

287 5254 614 5331 stantinopoli
658 5258 783 5310 urbe
832 5254 1061 5319 detrusi,
1106 5258 1401 5331 in‘rynodo
1438 5271 1650 5331 quoque
1680 5254 1859 5323 Ephe-

286 5334 439 5386 siensi
464 5325 570 5386 275
591 5331 939 5398 episcOporum
967 5327 1220 5381 sententia
1255 5325 1588 5396 postmodum
1634 5326 1686 5377 in
1727 5343 1858 5394 prte-

287 5406 413 5457 senti
443 5402 672 5455 damnati
692 5408 830 5453 sunt.
848 5399 1057 5466 Quibus
1078 5414 1143 5453 ex
1170 5404 1347 5451 verbis
1371 5400 1526 5465 plane
1550 5398 1855 5466 conticimr,

287 5488 406 5529 ante
432 5489 526 5529 eos
552 5489 707 5543 quam
745 5470 949 5543 Ephesi
970 5470 1209 5543 synodus
1235 5469 1523 5543 haberetur
1550 5467 1859 5543 Constanti-

289 5547 463 5615 nopoli
492 5539 655 5598 fuisse
682 5542 882 5615 pulsos.
913 5539 1305 5615 Iisdemqfultus
1334 5540 1594 5615 llenricns
1617 5540 1857 5595 Norisius

288 5610 428 5671 Hist.
482 5610 797 5684 Pelagrlib.
837 5628 904 5679 11,
950 5626 1069 5681 cap.
1113 5611 1466 5684 7__pag.‘20t,
1500 5610 1678 5677 pulsos
1709 5620 1859 5678 putat

289 5700 577 5757 antequam.
613 5681 694 5739 lite
738 5683 1013 5739 Calestini
1052 5684 1127 5736 ad’
1153 5681 1459 5757 Neswrium
1491 5684 1681 5757 littera:
1713 5684 1857 5757 Con:

289 5754 692 5827 stantiriopolint
723 5756 1111 5824 pervenissent.
1144 5754 1213 5807 At
1240 5769 1345 5807 tton
1373 5756 1678 5827 necessario
1710 5754 1850 5807 istud

290 5843 356 5890 ex
381 5826 691 5889 Mercatoris
726 5827 884 5885 dictis
916 5830 1186 5899 sequitur,
1216 5840 1339 5883 cum
1368 5841 1475 5881 non
1514 5826 1692 5880 statim
1726 5832 1851 5896 post

1886 4726 1938 4787 D

1971 3403 2374 3482 Immoncertum
2404 3412 2488 3458 est
2517 3419 2611 3458 eos
2646 3405 2769 3482 inde
2800 3406 3032 3482 necdum
3063 3403 3381 3482 exturbatos
3412 3426 3555 3482 esse,

1968 3489 2089 3551 cum
2140 3474 2426 3551 Nestorius
2457 3475 2751 3551 secundam
2776 3478 3057 3551 epistolam
3095 3494 3215 3548 quae
3248 3479 3407 3551 longe
3440 3474 3559 3551 posi

1966 3548 2199 3625 primam
2251 3548 2451 3625 scripta
2496 3555 2618 3625 est,
2660 3548 2725 3600 ad
2766 3546 3124 3625 Caalesunum
3164 3546 3560 3625 misithéque

1966 3620 2258 3691 obscurum
2283 3626 2367 3691 est
2391 3616 2746 3691 Caelestinum
2770 3621 2990 3675 eosdem
3023 3621 3227 3689 ejectos
3256 3616 3556 3691 ignorasse,

1965 3704 2087 3743 cum
2123 3689 2262 3745 hanc
2292 3690 2355 3743 ad
2390 3688 2695 3744 Nestorium
2730 3692 3012 3745 scriberet.
3056 3688 3214 3757 Quod
3247 3688 3389 3749 enim
3418 3688 3559 3755 nunc

1965 3762 2064 3827 ait,
2098 3760 2339 3838 _l}_rﬂea_nt
2363 3762 2601 3838 infelices
2630 3779 2719 3838 spe
2746 3778 2807 3838 se
2829 3761 3093 3838 hominum
3118 3765 3277 3834 fuisse
3296 3768 3556 3838 deceptos,

1965 3847 2077 3911 non
2105 3832 2228 3911 ideo
2266 3832 2428 3911 dicit,
2460 3837 2599 3911 quia.
2628 3832 2963 3911 Pelagianos
2984 3832 3558 3911 imperialiprrccepto

1966 3903 2111 3980 regia
2146 3904 2278 3980 urbe
2310 3903 2714 3980 pulsos__s_cire_t,
2748 3907 2848 3980 sed
2874 3906 2998 3980 quia
3038 3903 3397 3980 absolutionis
3434 3903 3557 3980 gra-

1966 3974 2101 4047 tiam_
2128 3975 2281 4044 cujus
2313 3990 2462 4043 Spem
2497 3974 2921 4047 illtsNestorius
2954 3977 3178 4031 dederat
3211 3974 3557 4047 prorsus'ne-

1963 4045 2193 4123 gandam
2244 4055 2510 4123 censeret.
2570 4045 2765 4123 _Utrum
2818 4045 3370 4123 igituru'l‘lieod‘osius
3416 4052 3549 4123 imp.

1964 4115 2471 4191 Bclagianoshregia
2502 4118 2635 4171 urbe
2660 4127 2787 4171 ante
2813 4115 3022 4173 detrudi
3042 4120 3264 4187 jusserit
3288 4138 3444 4191 quam
3472 4115 3554 4181 lite

1964 4184 2245 4259 Ciueléstini
2290 4184 2485 4242 litterae
2518 4190 2573 4242 in
2601 4191 2874 4244 Orientem
2910 4184 3283 4259 pervenirent,
3306 4184 3463 4250 certo
3482 4212 3549 4252 ex

1964 4257 2278 4331 Mercatoris
2311 4263 2485 4312 verbis
2512 4262 2769 4315 Cunslilui
2799 4259 3004 4331 nequit.

2038 4340 2062 4407 εξ
2104 4329 2264 4407 MSS”
2305 4332 2579 4407 κεκρίσθαι.

2036 4396 2064 4436 ¹ι
2104 4400 2291 4454 Graeca
2341 4396 2547 4456 lu'tera:
2604 4399 2802 4467 Quibus
2839 4402 2908 4455 ad
2954 4406 3355 4462 communionem
3387 4410 3553 4465 solam

1963 4486 2054 4541 per
2078 4473 2426 4539 penitentiam
2457 4475 2618 4543 potuit
2645 4472 2945 4543 subveniri;
2969 4492 3072 4530 non
3098 4479 3256 4542 male,
3280 4481 3324 4533 si
3358 4479 3459 4535 hoc
3483 4483 3553 4538 ita

1965 4543 2328 4617 intelligatur,
2362 4553 2419 4617 ut
2440 4559 2561 4597 cum
2586 4547 2969 4617 communione
3008 4549 3169 4602 simul
3202 4562 3251 4604 et
3290 4551 3552 4617 dignitate

1964 4615 2297 4683 exciderint,
2324 4616 2439 4670 sola
2467 4616 2546 4668 eis
2579 4615 2966 4682 pmnitentibus
2985 4623 3301 4675 communio
3333 4615 3552 4678 restitui

1972 4687 2225 4752 patuerit,
2260 4701 2363 4740 non
2394 4685 2646 4753 dignitas.
2680 4686 3010 4755 Quamquam
3043 4706 3141 4744 nec
3177 4692 3317 4745 alius
3349 4705 3430 4746 est
3469 4694 3551 4747 in-

1967 4756 2215 4832 tellectus
2257 4757 2457 4832 Latinae
2476 4760 2897 4832 ΔΙςθεῑιίιῃιίγεηεηί
2937 4758 3085 4814 favet
3124 4762 3249 4814 illud
3298 4763 3549 4832 Presperi

1964 4840 2149 4882 contra
2175 4828 2369 4882 Collat.
2395 4843 2445 4882 c.
2471 4828 2534 4882 21
2571 4846 2626 4884 n.
2661 4829 2759 4884 58:
2786 4827 3085 4885 Caelestinus
3108 4833 3272 4887 sciens
3292 4827 3550 4890 damnatis

1963 4914 2067 4951 non
2090 4916 2301 4953 examen
2315 4900 2509 4972 judicii
2537 4941 2551 4964 ,
2583 4902 2671 4954 sed
2712 4901 2877 4953 solum
2924 4904 3230 4971 pwnitentite
3268 4910 3550 4960 remedium

1965 4986 2074 5023 esse
2108 4972 2490 5038 praestandum,
2525 4982 2631 5028 etc.
2672 4972 2803 5025 Nam
2849 4975 2964 5041 lege
2995 4974 3252 5029 Ecclesim
3282 4981 3549 5031 constitu-

1966 5049 2076 5093 tum
2102 5052 2217 5096 erat
2241 5054 2293 5096 ut
2316 5058 2382 5097 ex
2412 5043 2801 5112 pmuilenlibtts
2836 5045 3013 5097 nullus
3042 5045 3106 5099 ad
3130 5048 3335 5101 clerum
3363 5048 3550 5101 admit-

1966 5121 2193 5188 teretnr.
2230 5114 2410 5188 Idem,
2447 5116 2754 5188 Augustino
2790 5124 2926 5169 teste
2962 5115 3054 5169 III).
3093 5118 3159 5171 de
3200 5118 3357 5172 Pvcc.
3398 5121 3541 5188 Orig.

1966 5197 2015 5236 c.
2042 5181 2115 5255 22
2136 5194 2189 5237 et
2216 5184 2373 5255 epist.
2408 5186 2509 5240 190
2541 5181 2698 5248 ἠ.22,
2722 5186 2829 5253 jam
2864 5199 3217 5254 prmce~serat
3248 5181 3549 5247 Innocentii

1967 5268 2031 5308 ac
2048 5254 2263 5327 _Zusimi
2295 5257 2362 5310 de
2392 5256 2605 5325 Pelagio
2632 5267 2685 5310 et
2715 5257 2971 5312 Ctelestit-
2992 5258 3273 5327 judicium.

2045 5323 2060 5361 ί
2103 5326 2160 5379 In
2206 5327 2427 5394 Grmco,
2476 5323 2658 5381 vulnus
2714 5338 2887 5397 tuum,
2928 5323 3071 5398 quod
3121 5343 3245 5384 cum
3291 5330 3549 5389 subnexis

1965 5398 2145 5465 aptius
2174 5404 2428 5452 conteret.

1996 5540 1999 5543 γ
2057 5541 2064 5543 _
2106 5468 2183 5522 Ita
2218 5470 2395 5543 Balnz.
2445 5484 2564 5525 cum
2616 5484 2746 5524 mss.
2800 5473 2864 5523 At
2918 5470 3045 5524 edit.
3091 5470 3286 5543 Rom.:
3350 5474 3548 5530 Rursus

1965 5541 2144 5595 eadem
2172 5542 2361 5594 sentire
2385 5551 2430 5595 te
2457 5551 2652 5605 oportet
2674 5556 2788 5607 qua:
2829 5557 2952 5606 nos;
2994 5556 3058 5595 ac
3097 5542 3331 5598 deinde:
3370 5546 3430 5599 Si
3459 5564 3547 5600 no-

1966 5613 2179 5688 biscum,
2203 5614 2391 5682 frater,
2426 5631 2533 5667 esse
2560 5615 2653 5665 vis.
2684 5612 2745 5688 Si
2764 5611 2853 5664 tibi
2873 5628 3049 5688 sensus
3072 5614 3248 5686 datur,
3264 5617 3544 5688 damnatis,

1962 5685 2105 5754 quod
2138 5680 2466 5750 postremum
2500 5683 2769 5738 consentit
2790 5698 2912 5738 cum
2941 5680 3151 5741 Gt'tnco.

2034 5757 2057 5791 ⁸
2100 5756 2254 5825 Mss.,
2293 5759 2436 5832 παρὰ
2461 5764 2582 5811 σοῦ.
