3976 6336
184 351 265 412 lSS

453 335 666 394 EPIST.
708 333 845 392 XIV.
888 329 1287 394 COELESTINI
1327 328 1535 390 PAPE
1575 330 1669 390 AD
1706 327 1990 390 CLERUM
2028 332 2118 390 ET
2162 331 2490 393 POPULUM
2527 332 3073 392 CONSTANTINOP.

3296 338 3403 397 486

181 459 436 527 Theodosio
470 471 561 514 sui
611 466 666 514 et
713 456 1089 513 Valentiniano
1118 470 1178 512 ιιι
1219 455 1464 527 augustis
1509 468 1708 511 consu-

1821 454 1965 510 λουσι
1985 454 2042 510 τό
2067 455 2436 528 πραττόμενον,
2469 451 2645 517 ὶσὰκις
2678 463 2702 491 ⁸
2727 451 2758 532 ᾖ
2783 457 2902 533 περὶ
2922 461 3088 512 κοινοῦ
3105 455 3405 536 πράγματος

181 562 306 622 libus.

1816 549 1848 606 ἡ
1881 546 2079 620 σκέψις.

1465 657 1494 700 ιι
1533 656 1868 715 EPISTOLA
1905 656 2025 713 xw
2405 723 2412 736 ε

748 767 1047 809 εωιεετιιιι
1096 767 1244 808 ΡΑΡΕ
1285 767 1303 808 Ι
1342 767 1410 807 AD
1447 765 1663 806 CLERUII
1705 763 1773 803 ΕΤ
1811 762 2051 803 Ρονυιωι
2076 761 2760 807 CONSTANTINOPOLITANUI.

181 853 440 914 Cohortatur
465 853 569 898 tum
597 845 867 916 populum,
893 855 949 899 ut
979 846 1030 898 in
1061 845 1300 898 doctrina
1329 845 1425 898 sibi
1448 862 1478 896 a
1505 841 2002 917 majoribus_tradita
2030 852 2330 917 constanter
2361 855 2660 911 perseveret,
2694 863 2754 900 nc
2783 863 2939 904 novas
2981 850 3198 917 repellat
3220 851 3410 909 Nesto-

232 930 281 978 ri,
301 921 578 990 mmet-"les,
599 914 604 916 '
624 914 729 970 mm
755 920 967 982 derum,
1019 927 1072 970 αι
1094 933 1188 988 pro
1227 918 1329 985 ﬁde
1379 918 1621 990 arlvei'sus
1653 914 1883 967 eumdem
1903 914 2115 990 fortiter
2145 925 2316 990 certet,
2340 931 2596 990 (erumnas
2635 920 2883 987 patienter
2928 914 3091 990 ferat,
3121 941 3210 978 nec
3239 927 3410 979 timeat

232 985 400 1050 exsilia.
440 987 647 1063 Irritam
677 989 903 1041 declarat
921 985 1358 1063 senteittiantyua
1387 987 1660 1063 Nestorius
1711 985 1989 1063 nonnullos
2030 987 2112 1063 uel
2161 987 2408 1063 loco__suo
2446 986 2523 1063 rel
2562 985 3217 1063 communionedeiecerat.
3266 997 3411 1054 Vites

234 1079 334 1120 suos
358 1058 539 1132 Cyrillo
570 1061 879 1115 commisisse
903 1076 956 1113 se
984 1062 1207 1113 nuntiat.
1228 1059 1295 1114 Et
1328 1060 1394 1112 ad
1420 1061 1628 1124 calcem,
1663 1057 1923 1112 sententia:
1971 1056 2214 1112 adversus
2257 1056 2554 1112 Nestorium
2580 1062 2696 1114 latw
2724 1066 2940 1132 formam
2964 1056 3193 1135 subjicit.

182 1188 486 1244 Ccitssrisus
526 1177 814 1246 episcopus
846 1175 1201 1246 presbyteris,
1233 1173 1571 1238 diacnuibus,
1601 1165 1715 1228 cle-

237 1259 359 1317 ricis,
389 1251 474 1304 Dei
520 1249 719 1314 servis,
751 1257 806 1303 et
835 1248 1103 1302 catholico
1153 1249 1370 1316 populo,
1397 1247 1718 1316 degentibus

233 1319 675 1390 Constantinopoli
720 1320 1089 1376 dilectissimis
1117 1319 1379 1374 fratribus
1405 1317 1458 1373 in
1493 1317 1719 1373 Domino

233 1401 449 1453 salutem.

235 1536 277 1592 l.
311 1531 381 1589 Ad
411 1543 502 1586 eos
529 1529 621 1600 qui
671 1528 875 1584 faciunt
921 1528 1224 1584 Ecclesium
1257 1535 1277 1566 ο
1309 1527 1439 1583 mihi
1471 1528 1720 1583 locuturo

180 1629 247 1686 det
268 1625 574 1697 apostolicus
605 1638 789 1678 sermo
817 1623 1163 1693 principium,
1191 1632 1246 1676 ut
1272 1621 1444 1677 sancti
1472 1619 1722 1691 discipuli

181 1721 301 1792 prius
346 1718 560 1773 audiant
609 1717 750 1771 illius
780 1717 869 1786 qui
919 1717 1235 1786 prmdicavit
1280 1716 1527 1786 gentibus
1556 1715 1718 1770 verba

179 1813 400 1870 doctoris:
426 1793 626 1864 Prcetcr
648 1809 741 1864 illa
771 1823 885 1881 qua:
911 1819 1055 1874 sunt,
1083 1811 1256 1878 inquit
1284 1810 1613 1871 extrinsecus,
1639 1809 1721 1863 in-

176 1908 327 1963 stantia
371 1919 473 1958 mea
499 1904 831 1974 quotidiana,
861 1904 1158 1957 sollicitudo
1199 1903 1428 1956 omnium
1455 1901 1718 1957 Ecclesia-

1824 1172 2109 1259 Edsa’rivoc
2142 1173 2431 1259 ‘Enianorroc
2451 1171 2862 1259 πρεσϐυτέροις,
2906 1177 3175 1248 διακόνοις,
3214 1183 3406 1259 κλήρῳ,

1891 1249 2019 1300 Θεοῦ
2051 1244 2252 1324 δούλοις
2275 1248 2356 1299 καὶ
2381 1244 2621 1324 καθολικῷ
2778 1247 3039 1324 διάγουσιν
3067 1254 3114 1306 ἐν
3153 1244 3412 1324 animi“;

1889 1317 2195 1383 τινουπόλει,
2229 1319 2522 1391 ἀγαπητοῖς
2551 1317 2780 1393 ἀδελφοῖς
2801 1323 2851 1376 ἐν
2871 1317 3036 1398 ’κυρίῳ
3061 1329 3286 1404 χαίρειν.
3392 1321 3413 1331 ⁴

1895 1519 2028 1596 Πρός
2055 1522 2273 1584 τούτους
2298 1543 2384 1594 μοι
2410 1521 2876 1598 διαλεχθησομένῳ,
2902 1528 2947 1582 οῖ
2968 1549 3098 1591 τινες
3125 1516 3416 1591 ’Ἐκκλησίαν

1821 1617 1948 1667 Θεοῦ
1978 1619 2210 1683 ποιοῦσι,
2239 1618 2515 1691 παράσχοι
2541 1616 2565 1672 ό
2592 1619 2926 1681 ἀποστολικός
2954 1621 3100 1695 λόγος
3125 1627 3412 1702 προοίμιον,

1818 1703 1901 1758 ἵνα
1929 1705 1974 1759 ol
2017 1706 2242 1769 εὐλαϐεῖς
2289 1712 2510 1780 μαθηταί
2545 1721 2751 1788 πρῶτον
2789 1715 3072 1771 ἀκούσωσιν
3105 1717 3288 1774 ἐκείνου
3324 1725 3416 1778 τοῦ

1822 1794 2129 1854 διδασκάλου
2158 1802 2223 1856 τὰ
2253 1803 2478 1880 ῥήματα,
2519 1800 2572 1864 ὃς
2601 1809 2707 1865 τοῖς
2736 1803 2930 1862 ἔθνεσιν
2963 1805 3214 1887 ἐκήρυξεν
3247 1815 3418 1876 Ἐκτός

1822 1890 2034 1953 ἑκείνων,
2067 1896 2241 1964 φησὶν,
2273 1892 2406 1971 ἅπερ
2433 1897 2571 1951 ἐστίν
2599 1895 2801 1963 ἔξωθεν,
2833 1902 2863 1958 ἡ
2893 1901 3101 1973 ἐπιμονή
3124 1926 3224 1976 μου
3255 1909 3419 1977 χαθη-

177 2018 265 2055 rum
292 1999 348 2072 (ll
372 1999 483 2053 Cor.
514 2013 594 2061 XI,
625 1997 740 2068 28).
795 1997 862 2052 Et
904 2012 1091 2053 rursus
1112 2042 1126 2065 ,
1166 1997 1298 2063 Quis
1326 1997 1645 2068 infirmatur,
1675 2011 1710 2052 et

1826 1990 2021 2060 μερινή,
2054 1988 2085 2046 ἡ
2114 1991 2318 2062 φροντὶς
2347 1998 2528 2044 πασῶν
2562 1998 2663 2046 τῶν
2706 1991 2994 2052 ἐκκλησιῶν.
3020 1998 3110 2048 Καὶ
3133 1998 3300 2051 πάλιν·
3333 1999 3420 2061 Τίς

175 2111 245 2165 ego
269 2109 356 2147 non
383 2092 658 2159 inﬁrmor?
681 2093 805 2158 Quis
837 2091 1246 2156 scandalizatur,
1277 2102 1325 2146 et
1347 2108 1438 2165 ego
1471 2105 1570 2145 non
1599 2108 1720 2146 uror

176 2183 326 2256 (Ibid.,
357 2183 480 2254 29)?
510 2183 591 2239 Ita
624 2194 677 2240 et
707 2199 827 2250 nos,
876 2184 1001 2239 licet
1046 2185 1206 2255 longe
1249 2185 1430 2254 positi,
1467 2184 1557 2238 tibi
1597 2199 1720 2254 per-

176 2280 388 2334 versitate
417 2278 686 2334 doctrinm
715 2278 1066 2349 cognovimus
1097 2288 1278 2335 nostra
1308 2281 1546 2335 membra
1578 2280 1720 2336 lace-

171 2373 266 2441 rari,
281 2383 481 2440 paterna
504 2373 885 2428 sollicitudine
907 2389 1007 2428 nos
1030 2385 1218 2429 urente
1238 2391 1331 2442 pro
1350 2374 1523 2440 vobis,
1543 2374 1720 2430 alieno

178 2464 470 2534 ﬂagravimus
499 2465 786 2532 incendio;
822 2465 952 2521 licet
981 2465 1123 2521 inter
1154 2467 1424 2524 Ecclesias
1453 2468 1566 2530 Dei.
1601 2483 1720 2536 qua:

169 2556 208 2611 in
230 2572 368 2610 unum
393 2557 600 2612 Christi
643 2558 938 2614 thalamum
979 2559 1178 2629 ubique
1208 2558 1548 2627 referuntur,
1585 2559 1720 2615 nihil

172 2648 296 2719 longe
321 2650 402 2715 sit,
435 2648 574 2705 nihil
603 2660 890 2706 censeatur
916 2651 1173 2707 alienum.
1206 2653 1340 2707 Cum
1373 2667 1505 2722 ergo
1534 2663 1718 2709 nostra

169 2742 334 2797 viscera
363 2742 494 2810 sitis,
546 2743 670 2813 jure
702 2745 1111 2814 trepidavimus,
1145 2761 1213 2801 ne
1249 2746 1408 2801 fidem
1437 2756 1668 2801 vestram
1697 2789 1714 2815 ,

170 2849 261 2904 qua:
281 2835 460 2906 ubique
489 2837 840 2906 prmdicatur,
870 2853 898 2892 a
922 2839 1134 2893 tramite
1157 2838 1398 2893 veritatis
1427 2840 1718 2895 insinuatio

165 2929 272 2983 male
296 2928 529 2984 docentis
563 2941 790 2986 avertat.
840 2931 975 2984 Nam
1001 2929 1287 2986 Nestorius
1329 2931 1617 3002 episcopus
1648 2931 1717 2988 de

165 3022 362 3092 virgineo
388 3033 543 3092 partu
577 3033 630 3078 et
657 3025 724 3080 de
749 3021 1030 3078 divinitate
1060 3022 1264 3080 CbriSIi
1293 3024 1386 3078 Dei
1415 3024 1716 3081 Salvatoris

163 3116 320 3178 nostri,
346 3115 490 3169 velut
522 3115 647 3186 ejus
675 3116 996 3170 reverentia:
1027 3125 1081 3170 ct
1122 3117 1427 3170 communis
1474 3117 1714 3171 omnium

162 3206 314 3262 salutis
339 3206 558 3274 oblitus,
596 3209 822 3263 nefanda
853 3209 1130 3279 pra‘dicat,
1152 3209 1370 3264 vitanda
1398 3209 1710 3280 persuadet,

161 3299 271 3353 sicut
296 3311 342 3354 et
377 3301 490 3370 ejus
543 3301 747 3372 scripta
795 3303 864 3357 ad
921 3317 1022 3356 nos
1065 3299 1134 3356 ab
1161 3303 1277 3371 ipso
1315 3317 1440 3357 cum
1494 3303 1711 3372 protiria

1823 2079 2042 2145 ἀσθενεῖ,
2077 2083 2160 2133 καὶ
2208 2081 2296 2134 ούκ
2346 2082 2569 2146 ἀσθενῶς
2616 2085 2695 2144 τίς
2744 2083 3147 2153 σκανδαλίζεται,
3199 2091 3291 2145 ούκ
3324 2091 3420 2164 ἐγὼ

1822 2175 2060 2244 καίομαι;
2093 2171 2228 2228 οὕτω
2259 2177 2341 2228 καί
2369 2175 2538 2246 ἡμεῖς,
2573 2177 2617 2230 εί
2651 2181 2736 2230 καί
2763 2174 2942 2253 πόρρω
2978 2175 3137 2240 ὅντες.
3171 2183 3238 2242 ὦς
3265 2183 3419 2255 ἐγνώ-

1822 2285 1977 2335 καμεν
2005 2267 2221 2320 ἐνταῦθα
2265 2265 2544 2343 διαστροφῇ
2576 2266 2906 2331 διδασκαλίας
2935 2275 3001 2327 τὰ
3038 2275 3260 2351 ἡμέτερα
3297 2278 3419 2349 μέλη

1821 2355 2323 2434 διασπαράττεσθαι,
2364 2370 2614 2439 πατρικῆς
2641 2363 2897 2436 φροντίδος
2935 2367 3071 2437 ἡμᾶς
3117 2369 3250 2444 ύπέρ
3277 2370 3419 2440 ὑμῶν

1822 2454 2089 2519 καιούσης,
2122 2454 2365 2530 ἀλλοτρίῳ
2412 2458 2539 2530 πυρί
2583 2457 2978 2529 ἐνεπρήσθημεν·
3010 2462 3070 2514 εε.
3100 2463 3186 2515 καί
3223 2465 3291 2517 τά
3316 2465 3419 2534 μά-

1820 2546 1972 2602 λιστα
2019 2547 2162 2624 παρά
2204 2555 2322 2609 ταῖς
2349 2547 2632 2610 ἐκκλησίαις
2670 2557 2762 2606 τοῦ
2805 2559 2956 2616 Θεοῦ,
2998 2554 3053 2608 αἶ
3077 2578 3210 2619 τινες
3237 2561 3309 2617 εἰς
3335 2558 3421 2615 ἕνα

1819 2643 2040 2715 θάλαμον
2055 2650 2279 2722 Χριστοῦ
2297 2653 2576 2718 πανταχοῦ
2597 2648 2948 2725 ἀναφέρονται,
2973 2652 3022 2707 τί
3044 2647 3102 2706 ἀν
3123 2649 3195 2710 εἴη
3217 2653 3418 2728 πόρρω,

1819 2739 1870 2792 τί
1894 2736 1946 2791 δὲ
1974 2739 2232 2809 νομισθείη
2259 2740 2546 2817 ἀλλότριον;
2579 2739 2733 2798 ὄντων
2765 2739 2850 2798 οὖν
2877 2745 3019 2816 ὑμῶν
3043 2749 3300 2824 ἡμετέρων
3331 2771 3421 2821 με·

1818 2830 1931 2894 λῶν,
1965 2830 2170 2893 δικαίως
2203 2836 2572 2906 ἠγωνιάσαμεν.
2603 2841 2671 2907 μή
2701 2847 2792 2896 τήν
2819 2840 3074 2914 ὑμετέραν
3102 2844 3296 2902 πίστιν.
3328 2849 3419 2904 τήν

1817 2931 2097 2994 πανταχοῦ
2128 2929 2530 3001 κηρυττομένην,
2567 2929 2667 2983 ἀπὸ
2710 2937 2800 2990 τῆς
2832 2929 2949 2985 ὁδοῦ
2989 2941 3080 2993 τῆς
3125 2933 3358 2997 ἀληθείας
3387 2939 3419 2997 ἠ

1817 3015 2106 3088 ἐνδελέχεια
2132 3023 2219 3074 τοῦ
2248 3028 2416 3081 κακῶς
2442 3020 2764 3084 διδάσκοντος
2795 3025 3120 3102 ἀποστρέφῃ.
3149 3028 3420 3108 Νεστόριος

1817 3113 1916 3189 γὰρ
1941 3109 1966 3165 ό
1994 3112 2274 3172 ἐπισκοπος
2297 3116 2528 3189 περὶτοῦ
2559 3111 2866 3190 παρθενικοῦ
2893 3117 3042 3172 τόκου
3073 3120 3156 3172 καί
3182 3122 3301 3197 περὶ
3328 3131 3419 3184 τῆς

1816 3207 2047 3266 θεότητος
2070 3211 2158 3261 τοῦ
2182 3214 2405 3282 Χριστοῦ
2429 3214 2519 3263 τοῦ
2543 3215 2669 3264 Θεοῦ
2691 3213 2776 3263 καὶ
2796 3219 3029 3283 σωτῆρος
3049 3213 3206 3284 ἡμῶν.
3236 3216 3414 3288 ὥσπερ

1816 3305 1905 3355 τοῦ
1948 3301 2277 3371 σεϐάσματος
2298 3303 2476 3365 αὐτοῦ,
2509 3305 2590 3356 καὶ
2616 3311 2707 3362 τῆς
2737 3312 2897 3365 κοινῆς
2924 3306 3126 3361 πάντων
3153 3313 3415 3384 σωτηρίας

163 3390 511 3462 subscriptione
549 3395 896 3460 transmissa,
942 3394 1081 3448 sicut
1121 3396 1285 3450 etiam
1318 3395 1508 3448 relatio
1537 3397 1710 3450 sancti

1821 3392 2220 3456 ἐπιλελησμένος,
2253 3394 2469 3464 ἀθέμιτα
2497 3395 2759 3467 κηρύττει,
2809 3399 3020 3471 φευκτέα
3049 3399 3414 3471 συμϐουλεύει,

158 3480 304 3538 nstris
321 3495 368 3539 et
389 3485 701 3556 coepiscotii
728 3485 836 3540 mei
860 3483 1045 3558 Cyrilli
1077 3502 1170 3556 per
1193 3487 1358 3541 tilium
1390 3503 1567 3541 meum
1596 3487 1714 3542 dia-

157 3589 313 3630 conum
355 3575 710 3633 Posidonium
739 3578 806 3633 ad
832 3593 920 3633 me
974 3582 1136 3633 missa
1186 3578 1456 3648 patefecit.
1505 3579 1710 3647 Quibus

155 3668 363 3724 omnibus
386 3670 701 3741 recensitis,
731 3686 980 3741 magnam
1011 3671 1391 3743 vitandumque
1437 3673 1711 3741 perversi-

156 3768 284 3816 tatem
324 3762 498 3833 impia:
559 3763 962 3834 praedicationis
1017 3765 1340 3820 invenimus.
1403 3765 1705 3822 Humanam

152 3855 266 3909 enim
308 3856 356 3910 in
386 3857 611 3912 Christo
639 3870 828 3914 nostro
848 3855 873 3895 ἀ
899 3859 1121 3914 discutit
1162 3859 1511 3928 divinumque
1549 3871 1708 3915 natu-

155 3960 263 4012 ram,
285 3965 417 4005 nunc
445 3951 630 4007 solum
658 3951 952 4018 hominem,
987 3966 1132 4007 nunc
1158 3951 1207 4007 ci
1234 3953 1552 4008 societatem
1582 3952 1702 4022 Dei,

151 4041 322 4110 quaties
351 4053 526 4101 tamen
548 4045 822 4116 dignatur,
846 4047 1152 4116 assignans.
1177 4044 1283 4101 Sed
1312 4061 1434 4110 nos.
1459 4043 1598 4100 sicut
1623 4044 1706 4101 Je-

149 4223 320 4298 [uisset,
344 4230 616 4298 postquam
642 4229 838 4283 litteras
869 4226 1128 4282 leestini
1144 4265 1158 4280 .
1178 4263 1192 4278 .
1210 4265 1224 4279 .
1249 4229 1446 4290 accepit
1465 4225 1708 4282 vmidus.

150 4294 287 4352 Porro
313 4294 374 4353 es
401 4294 528 4355 mox
571 4300 713 4354 dicta
745 4313 869 4354 nota
912 4299 1169 4352 diSt‘itlltlS
1205 4299 1300 4350 has
1329 4298 1609 4351 (Icelestini
1641 4299 1707 4351 ad

149 4364 412 4440 Nestorium
448 4375 663 4425 litteras
689 4373 833 4439 prius
857 4373 920 4423 ad
945 4371 1206 4440 Cyrillum
1233 4385 1390 4440 quam
1426 4369 1489 4420 ad
1521 4368 1711 4423 Nesto—

147 4439 256 4492 rium
285 4441 443 4497 lnis~e
490 4446 715 4506 missas,
747 4458 943 4511 easque
970 4439 1000 4493 a
1033 4439 1498 4511 NestoriorCyrillt
1542 4457 1706 4507 opera

147 4523 243 4584 cum
257 4513 366 4565 aliis
388 4513 564 4582 ἱρείης
587 4514 778 4584 Cyrilli
801 4510 1437 4584 ttltittttrNovembrisdie
1459 4514 1583 4563 anui
1602 4512 1709 4584 450

148 4577 286 4653 luisse
309 4577 578 4652 acceptas.
608 4577 853 4639 Norisius
887 4583 1105 4653 quidem
1154 4584 1272 4636 loco
1303 4584 1540 4643 laudato,
1579 4583 1704 4636 dum

1815 3485 1884 3544 ὡς
1905 3486 1988 3538 καί
2009 3485 2075 3539 τά
2101 3487 2380 3558 γράμματα
2401 3487 2552 3540 αὑτοῦ
2581 3496 2689 3558 μετ’
2713 3485 2841 3548 ἰδίας
2861 3489 3159 3566 ὑπογραφῆς
3184 3493 3393 3550 ἀποστα

1811 3574 1959 3630 λέντα
1987 3577 2126 3647 ἡμῖν,
2159 3577 2226 3636 ὡς
2271 3579 2354 3630 καὶ
2403 3577 2434 3635 ἡ
2474 3579 2702 3654 ἀναφορὰ
2743 3585 2831 3633 τοῦ
2871 3579 3021 3653 ἁγίου
3069 3580 3283 3655 ἀδελφοῦ
3334 3589 3418 3641 καί

1814 3667 2192 3724 συνεπισκόπω
2221 3689 2322 3740 μου
2347 3669 2585 3745 Κυρίλλου
2619 3667 2702 3724 διὰ
2727 3677 2821 3726 τοῦ
2863 3673 2979 3726 υἶοῦ
3016 3679 3119 3744 μοῦ
3161 3673 3418 3732 Ποσειδω-

1810 3767 1918 3820 νίου
1947 3771 2037 3820 τοῦ
2079 3763 2312 3820 διακόνου
2355 3767 2487 3836 πρὸς
2532 3765 2616 3836 ἐμὲ
2662 3766 3019 3822 ἀποσταλεῖσα
3055 3767 3299 3835 ἐδίδαξεν.
3322 3768 3417 3826 Ὧν

1812 3863 2016 3918 πάντων
2044 3862 2484 3934 ἀναγνωσθέντων,
2520 3862 2769 3936 μεγίστην
2792 3865 3137 3938 καίφευκτέαν
3166 3862 3416 3941 διαστρο-

1811 3959 1903 4028 primo
1925 3953 2148 4013 ἀσεϐοῦς
2176 3958 2500 4029 κηρύγματος
2521 3954 2826 4031 εὑρήκαμεν.
2857 3959 2958 4015 Τήν
2978 3957 3078 4034 γὰρ
3102 3957 3414 4033 ἀνθρωπίνην

1810 4048 2009 4106 χαίτην
2039 4045 2173 4100 θείαν
2211 4045 2363 4118 φύσιν
2400 4045 2450 4099 ἐν
2489 4051 2562 4119 τῷ
2605 4053 2812 4120 Χριστῷ
2862 4047 3135 4124 ἀνακρίνει,
3158 4054 3248 4103 νῦν
3267 4047 3413 4121 μόνον

1821 4223 1992 4279 Textu
2023 4224 2214 4278 eodem
2245 4237 2376 4295 usus
2406 4233 2512 4295 est
2533 4222 2790 4279 Nicotaus
2820 4222 2841 4279 l
2871 4223 3029 4295 epist.
3060 4226 3112 4288 8,
3138 4217 3207 4282 40
3233 4237 3285 4282 et
3315 4227 3406 4286 45.

1819 4297 2066 4350 (ira-eum
2099 4311 2127 4347 e
2159 4293 2384 4348 Cuncilii
2422 4293 2673 4362 Epltesini
2701 4307 2838 4364 part.
2872 4293 3048 4364 t‘cap.
3085 4298 3153 4352 t9
3201 4302 3410 4354 exscri-

1819 4377 1967 4436 ptttm
1997 4369 2059 4420 ad
2089 4367 2316 4420 duorum
2345 4382 2474 4438 ttt_.~s.
2500 4367 2764 4434 regiorum
2787 4369 2942 4421 tidem
2968 4372 3405 4438 rectigumitttus.

1819 4441 2006 4492 Totam
2045 4438 2329 4506 epistolam
2379 4436 2660 4492 Liberatus
2682 4440 2822 4493 diue.
2853 4453 2903 4492 c.
2940 4440 2973 4494 5
2994 4440 3072 4493 sic
3098 4436 3407 4498 summatim

1817 4512 2161 4579 perstringit:
2190 4509 2408 4578 Scripsit
2437 4517 2482 4583 et
2508 4511 2576 4560 ad
2599 4511 2789 4583 clerum
2815 4509 3204 4583 Constantinop.
3229 4516 3410 4567 admo-

1815 4599 1943 4635 nens
1965 4597 2048 4634 eos
2076 4588 2255 4656 eontra
2281 4582 2569 4656 doctrinam
2595 4580 2825 4656 Nestorii
2854 4585 3052 4648 fortiter
3081 4580 3410 4656 staretqus-

145 4648 278 4719 istud,
311 4671 400 4708 \‘III
431 4648 555 4710 idus
584 4648 1056 4722 Decembris-Juno
1091 4655 1335 4720 proximo
1369 4657 1535 4706 verbo
1561 4670 1709 4707 ncce-
1737 4661 1788 4720 Ι)
1811 4669 1910 4723 que
1934 4653 2316 4723 persecutiones
2339 4655 2594 4724 patienter
2637 4654 2791 4722 ferre,
2823 4670 2939 4724 qua:
2961 4658 3160 4724 fructus
3185 4648 3407 4722 aferunt

147 4725 219 4786 pit,
251 4742 344 4778 non
373 4743 496 4780 cum
537 4728 910 4794 superioribus
935 4742 1105 4778 sermo
1135 4729 1188 4777 in
1224 4725 1439 4778 ecclesia
1465 4726 1666 4778 habitus
1688 4766 1705 4794 ,

146 4797 343 4861 capulat.
373 4797 582 4852 litteras
608 4797 729 4853 illas
769 4810 925 4852 sexto
958 4797 1268 4850 Decembris
1295 4796 1508 4850 censuit
1556 4813 1710 4851 acce-

144 4873 258 4931 ptas.
287 4868 386 4921 Sed
420 4870 526 4924 hoc
571 4870 662 4923 die
689 4880 894 4922 tantum
935 4867 1169 4922 Nestorii
1209 4882 1518 4920 sermonem
1555 4867 1708 4922 babi-

146 4943 234 4988 tum
261 4939 324 4992 ibi
351 4940 579 4994 indicari
605 4942 796 4994 suadet
822 4949 932 4994 tum
980 4943 1192 4992 nativus
1234 4939 1495 4992 orationis
1526 4941 1663 4994 ordo
1686 4981 1702 5005 ,

144 5014 231 5082 tum
254 5013 481 5065 maxime
511 5027 632 5080 qua:
660 5012 818 5064 simul
849 5021 1069 5078 accepta
1102 5020 1184 5064 est
1208 5011 1392 5082 Cyrilli
1421 5011 1487 5063 ad
1518 5012 1705 5082 [Vesto-

143 5079 253 5154 rium
281 5083 506 5154 epistola
534 5079 832 5154 ’syuodiea,
872 5091 1057 5150 utpote
1080 5099 1197 5150 qua:
1225 5079 1346 5134 data
1375 5083 1562 5134 mensis
1591 5081 1707 5135 Νο-

144 5152 324 5204 rentbris
353 5154 436 5206 die
464 5155 536 5208 50
559 5152 741 5207 indict.
776 5153 841 5206 14
865 5157 916 5207 in
942 5157 1192 5206 omnibus
1225 5169 1354 5207 mss.
1386 5162 1620 5219 tiotatttr,
1649 5162 1705 5208 ut

141 5219 300 5289 Steph.
328 5224 580 5278 Baluzitts
612 5241 736 5278 nov.
771 5225 898 5279 coll.
931 5226 1125 5279 concil.
1164 5241 1282 5292 pag.
1315 5223 1422 5276 422
1447 5224 1704 5278 observa-

139 5295 212 5343 vit.
237 5293 304 5346 lbi
331 5298 473 5350 enim
508 5297 731 5350 verbum
763 5298 905 5357 datu,
942 5309 996 5349 ut
1030 5299 1166 5349 idem
1199 5313 1280 5349 vir
1311 5297 1554 5349 eruditus
1589 5313 1704 5348 mo-

139 5365 249 5438 tum,
281 5381 379 5438 non
427 5375 642 5430 tempus
673 5385 783 5436 quo
815 5367 1013 5435 scripta
1040 5381 1121 5421 est
1165 5368 1416 5434 cpistola.
1469 5367 1563 5420 sed
1597 5382 1703 5436 quo

137 5429 352 5489 Nestorio
375 5429 577 5490 tradita
601 5429 702 5499 est,
725 5450 779 5493 et
802 5455 866 5492 ex
887 5429 995 5508 quo
1015 5429 1560 5494 decentiuduciarum
1587 5429 1704 5493 dies

136 5509 424 5580 autin-randi
456 5521 636 5570 erant.
665 5511 934 5580 designat.

191 5583 213 5612 ³
236 5574 287 5630 In
311 5594 443 5634 mss.
478 5581 632 5635 deest
655 5579 707 5642 ἦ.

189 5644 212 5683 δ
242 5648 293 5703 in
322 5651 567 5706 editione
593 5643 748 5708 illius.
784 5663 1002 5709 notatur
1028 5671 1055 5709 e
1088 5651 1364 5708 Cresconio
1394 5652 1582 5708 Latine
1609 5654 1704 5708 de-

135 5719 327 5796 scripta.
356 5724 580 5776 Latinus
603 5727 685 5778 ille
719 5738 920 5791 textus,
943 5726 1032 5796 qui
1060 5743 1200 5780 nuttc
1221 5742 1248 5778 a
1273 5741 1429 5796 quam
1459 5725 1705 5793 plurimis

134 5792 318 5846 mendis
342 5800 676 5867 emaculatus
709 5799 908 5865 prodit,
958 5792 987 5852 Ξ]
1028 5800 1220 5867 Steph.
1256 5792 1475 5850 minus
1503 5797 1567 5848 ad
1595 5811 1704 5850 tres

135 5870 246 5916 ms.
269 5877 334 5920 ac
358 5865 656 5924 novissime
673 5885 703 5923 a
727 5869 884 5924 nobis
906 5871 974 5924 ad
996 5865 1326 5925 Navarreum
1350 5880 1576 5924 exactus
1596 5876 1704 5926 est.

1819 4739 2157 4802 coronarunt;
2183 4727 2395 4802 scientes
2420 4723 2481 4776 ab
2511 4739 2570 4776 eo
2593 4723 3056 4802 excommunicatos
3078 4725 3158 4783 vel
3183 4730 3406 4802 dejectos

1813 4794 1867 4848 in
1898 4796 2198 4863 apostoficte
2225 4795 2359 4848 scdis
2388 4811 2688 4865 permanere
2709 4798 3087 4852 communione.

1889 4877 1913 4905 ο
1946 4869 2100 4921 Adde
2123 4865 2240 4919 Dei.

1887 4937 1913 4975 ά
1940 4942 2070 5018 (lum
2103 4938 2326 4991 verbum
2356 4936 2602 5018 Graecum
2632 4939 2879 5018 ἀνακρξνιι
2909 4941 3125 5018 proprie
3161 4944 3403 5018 quiestio-

1813 5024 1929 5062 nem
1951 5010 2137 5064 habere
2158 5019 2338 5075 siinet,
2369 5025 2474 5062 non
2501 5011 2640 5064 male
2663 5010 2764 5065 iste
2791 5015 2936 5066 locus
2967 5013 3154 5067 Latine
3176 5010 3264 5067 'sic
3288 5014 3406 5069 red-

1814 5081 2063 5136 deretur:
2092 5082 2165 5134 De
2182 5081 2414 5158 [tuinana
2444 5083 2580 5134 enim
2610 5083 2663 5158 in
2685 5081 2890 5158 Christo
2919 5085 3192 5158 divinaque
3215 5096 3402 5140 natura

1810 5164 2142 5222 quwsttonem
2172 5151 2514 5226 habentium
2541 5154 2708 5226 solum
2743 5153 2998 5208 hominem
3030 5151 3243 5226 (supple
3271 5174 3404 5211 asse-

1806 5229 1982 5294 rens),
2006 5241 2142 5278 nunc
2167 5224 2214 5277 ei
2261 5225 2556 5277 societatem
2587 5225 2704 5289 Dei,
2755 5228 2955 5296 quoties
2981 5224 3246 5296 dignatur,
3281 5245 3402 5282 cono

1802 5297 2044 5367 iungens.
2077 5298 2173 5348 L‘ui
2208 5296 2634 5366 interpretationi
2667 5298 2806 5352 favet
2836 5299 2961 5352 illud
2992 5315 3139 5351 llllm.
3171 5298 3204 5352 2
3237 5317 3248 5351 :
3279 5298 3395 5352 lm-

1811 5369 1949 5435 piam
1999 5369 2406 5437 disputationem
2437 5368 2581 5420 debet
2620 5369 2749 5434 ﬁdes
2799 5380 2963 5422 vestra
2994 5376 3274 5438 respuere;
3305 5385 3404 5426 nec

1808 5455 1917 5513 non
1951 5440 2090 5493 istud
2122 5455 2267 5493 ittth
2301 5440 2335 5492 5
2361 5455 2376 5494 ;
2424 5440 2524 5505 Qui
2553 5440 2617 5491 de
2641 5439 2745 5494 Deo
2774 5452 2950 5513 nostro
2971 5443 3124 5495 aliter
3151 5443 3398 5513 disputat.

1809 5509 2009 5581 Eadem
2043 5519 2219 5564 tamen
2251 5515 2457 5565 ratione
2489 5526 2592 5581 qua
2627 5525 2788 5574 nunc,
2817 5512 2978 5578 infra,
3005 5527 3153 5566 num.
3191 5509 3245 5578 ὁ,
3279 5529 3401 5567 ver-

1804 5579 1930 5634 bum
1963 5583 2217 5658 ἀνακρίνει
2245 5579 2553 5658 usurpatur.
2588 5581 2696 5658 Nec
2725 5586 3025 5658 negandum
3040 5594 3122 5658 est
3153 5584 3397 5658 Cretes-ti-

1805 5667 1897 5718 tto,
1928 5654 2014 5708 ubi
2043 5653 2111 5708 de
2141 5656 2416 5724 impietate
2460 5653 2692 5708 Neswrti
2721 5655 2922 5723 agitur,
2971 5657 3193 5710 verbum
3223 5657 3398 5711 discu-

1806 5731 1926 5796 tere_
1941 5726 2093 5780 valde
2123 5741 2248 5782 esse
2286 5726 2581 5791 familiare;
2623 5727 2939 5781 nominatim
2970 5742 3100 5782 vero
3131 5731 3295 5796 epist.
3329 5729 3404 5786 18

1807 5811 1862 5850 n.
1895 5793 1950 5862 5,
1977 5812 2102 5871 cum
2121 5799 2234 5866 ipso
2259 5796 2561 5867 expostulat
2582 5800 2725 5864 quod
2747 5797 2866 5871 ejus
2892 5793 3200 5858 temeritate
3224 5799 3403 5857 discu-

1808 5871 1931 5923 titur
1959 5869 2047 5940 qui
2069 5869 2400 5925 discussurus
2421 5877 2496 5924 est
2523 5881 2726 5926 omnes.
