3976 6336
548 344 658 407 887
932 337 934 340 ’
1329 349 1388 408 S.
1429 347 1836 408 C(ELESTIN!
1872 347 1892 403 Ι
1930 341 2118 403 ΡΑΡᾶ

2202 344 2532 403 EPISTOLE
2569 347 2661 403 ET
2700 339 3050 403 DECRETA.
3689 355 3772 411 εδδ

549 467 752 526 remias
776 467 873 538 ait,
897 468 1080 524 talium
1103 467 1490 539 prophetarum
1515 481 1688 523 vanos
1710 482 1814 522 non
1840 479 2119 536 possumus

2200 462 2520 538 ,5v9pwrrov,
2547 472 2634 520 νῦν
2675 467 2815 537 αύτῷ
2861 467 3118 521 κοινωνίαν
3162 471 3310 530 Θεοῦ,
3359 463 3526 526 όσάκις
3563 469 3770 535 καταξιοῐ,

548 562 737 620 audire
773 577 1052 619 sermones
1082 560 1300 636 (lenm.
1345 577 1498 631 χχιιι,
1534 560 1650 634 16).
1696 560 1895 618 Audiat
1921 569 1975 616 et
2001 559 2110 615 Eze

2240 559 2576 634 προσάπτων.
2599 559 2723 614 Ἀλλ’
2751 561 2918 630 ἡμεῖς,
2946 561 3015 620 ὡς
3039 557 3277 633 ἰερεμίας
3302 561 3444 632 φησί.
3463 567 3557 614 τῶν
3575 566 3775 620 τοιούτων

549 654 812 721 cbielem;
841 663 897 710 et
927 653 1059 725 quid
1088 654 1193 709 sibi
1225 653 1504 710 immineat
1531 661 1914 723 recognoscat:
1943 650 2119 707 Exten-

2239 657 2514 725 προφητῶν
2537 651 2658 711 τούς
2684 652 2934 722 ματαίους
2974 652 3194 706 ἀκοῦσαι
3239 652 3293 704 οὗ
3336 649 3574 724 δυνάμεθα
3608 653 3772 726 λόγους.

549 749 690 815 dam,
723 745 920 817 inquit,
947 761 1160 800 manum
1187 761 1355 801 meam
1381 761 1538 814 super
1559 745 1834 818 prophetas
1857 743 1945 814 qui
1969 742 2116 797 viden

2238 745 2450 815 ’Δκούσῃ
2470 744 2812 808 τοῧἸεζεκιήλ,
2829 746 2916 798 καὶ
2930 745 3117 817 ἐπιγνῷ
3136 745 3188 798 τί
3208 743 3349 816 αύτῷ
3366 743 3568 798 amna-
3585 751 3773 814 Ἐκτενῶ,

546 838 846 905 mendacia,
877 845 928 891 et
970 837 1256 910 loquuntur
1282 852 1456 904 uana;
1483 835 1514 875 δ
1542 837 1599 892 in
1627 833 1809 907 populi
1833 836 1936 892 mei
1982 835 2116 890 disci

2240 838 2378 908 φησί.
2410 841 2502 895 τὴν
2539 845 2564 873 ⁸·
2608 837 2883 914 μάχαιράν
2928 859 3028 908 μου
3071 836 3236 891 ἐπάνω
3280 842 3379 891 τῶν
3419 843 3665 910 προφητῶν
3701 846 3778 895 τῶν

545 931 696 998 plina
725 946 828 986 non
853 937 1028 1000 erum,
1059 944 1219 1002 neque
1242 932 1296 983 in
1325 930 1586 1001 scriptura
1617 929 1798 984 domus
1820 925 1988 982 Israel
2012 927 2115 983 acri

2241 927 2468 1007 ὁρώντων
2491 929 2677 1002 ψευδῆ.
2704 934 2789 986 καί
2812 931 3090 988 λαλούντων
3128 932 3267 988 κενά·
3299 931 3352 985 ἐν
3372 937 3435 1004 τῇ
3459 931 3691 1006 ἐπιστήμῃ
3707 941 3776 988 τοῦ

549 1027 753 1093 bentur,
785 1035 833 1080 et
856 1025 909 1080 in
933 1033 1123 1079 terram
1155 1020 1332 1078 Israel
1358 1040 1465 1078 non
1486 1023 1778 1089 intrabunt,
1805 1022 1932 1093 quia
1970 1037 2119 1092 papu‘

2241 1022 2366 1078 λαοῦ
2397 1044 2496 1096 μου
2527 1024 2619 1077 ούκ
2637 1021 2860 1086 ἔσονται,
2885 1021 2999 1078 ούδέ
3025 1025 3074 1077 ἐν
3098 1031 3161 1099 τῇ
3180 1029 3344 1096 γραφῇ
3363 1027 3452 1076 τοῦ
3477 1017 3602 1075 οἴκου
3624 1025 3778 1098 Ἰσραὴλ

547 1118 657 1173 lum
709 1134 878 1173 meum
923 1116 1246 1172 seduxerunt
1277 1114 1493 1187 (Ezech.
1527 1131 1646 1183 xut,
1689 1114 1746 1182 9,
1781 1113 1894 1185 10).
1928 1113 2028 1171 Ubi
2058 1127 2117 1168 es

2241 1122 2612 1192 γραφήσονται.
2645 1121 2732 1171 καί
2759 1119 2830 1177 εἱς
2849 1122 2939 1176 τήν
2965 1124 3057 1189 γῆν
3077 1120 3166 1171 τοῦ
3196 1113 3393 1189 Ἰσραὴλ
3417 1114 3504 1167 οὐκ
3529 1115 3779 1172 εἰσελεύσον-

547 1210 728 1268 debita
759 1227 887 1284 erga
932 1222 1179 1268 sanctum
1207 1226 1424 1282 gregem
1452 1225 1582 1266 cura
1613 1207 1889 1278 pastoris?
1931 1206 2033 1264 Ubi
2059 1224 2116 1263 es

2241 1231 2350 1273 ται,
2374 1207 2452 1264 ὅτι
2477 1211 2564 1265 τὸν
2591 1209 2708 1264 λαόν
2728 1230 2829 1281 μου
2850 1209 3144 1268 ἠπάτησαν.
3188 1211 3284 1261 Ποῦ
3309 1207 3447 1261 ἐστιν
3467 1207 3496 1262 ἠ
3526 1226 3779 1278 χρεωστου-

546 1303 938 1362 dominicorum
963 1303 1276 1360 sollicitudo
1299 1302 1616 1374 septorum?
1639 1300 1776 1370 Quid
1801 1300 1918 1368 spei
1947 1298 2116 1354 habea

2242 1305 2368 1375 μένη
2387 1305 2509 1379 περί
2534 1309 2624 1362 τὴν
2647 1303 2788 1378 ἱεράν
2814 1302 2992 1375 ἀγέλην
3015 1304 3211 1377 φροντίς
3238 1305 3329 1355 τοῦ
3358 1300 3586 1370 ποιμένος
3609 1315 3622 1362 ;
3648 1307 3729 1354 πού
3759 1305 3779 1361 ἡ

545 1411 701 1468 grex,
731 1397 947 1467 quando
991 1396 1174 1467 lupum
1218 1395 1423 1466 seipse
1451 1404 1635 1465 pastor
1671 1391 1927 1457 ostendit,
1961 1400 2019 1448 et
2063 1389 2115 1446 si

2244 1398 2467 1474 πρόνοια
2507 1405 2607 1453 τῶν
2649 1395 2957 1453 δεσποτικῶν
3000 1395 3316 1471 περιϐόλωνς
3369 1395 3516 1448 ποίαν
3556 1391 3605 1447 δέ
3644 1393 3782 1451 ἑλπίδα

545 1504 677 1545 oves
708 1490 935 1553 invadit,
970 1499 1027 1544 ut
1055 1498 1334 1560 grassetur
1363 1489 1421 1544 in
1461 1488 1754 1559 singulas?
1784 1484 1865 1543 Eo
1907 1500 2115 1556 namqw

2243 1490 2343 1553 ἕξει
2384 1491 2414 1547 ἡ
2451 1489 2623 1560 ἀγέλη,
2667 1486 2749 1543 ὅτε
2789 1488 2937 1542 λύκον
2981 1486 3155 1542 ἑαυτὸν
3196 1485 3438 1556 όποιμήν
3469 1482 3685 1545 δείκνυσι,
3721 1491 3783 1540 καί

545 1597 641 1639 ore
692 1582 992 1650 laniantur,
1046 1596 1153 1652 quo
1193 1582 1357 1652 impia
1404 1581 1774 1652 proferuntur.
1821 1578 2112 1634 Praebentu

2245 1580 2379 1635 οὕτω
2405 1589 2512 1641 τοῖς
2532 1579 2812 1654 προϐάτοις
2835 1580 3136 1654 ἐπέρχεται,
3162 1579 3230 1638 ὡς
3257 1579 3358 1631 καθ’
3378 1575 3585 1630 ἑκάστου
3604 1575 3782 1649 λυσσᾷι;

546 1674 742 1746 pabula
774 1686 793 1712 ε
830 1690 934 1730 non
986 1677 1276 1741 reiectura,
1325 1673 1422 1730 sed
1477 1673 1665 1729 noxia.
1715 1671 1915 1729 Beatus
1962 1680 2116 1728 tamen

2244 1674 2412 1744 ἐκείνῳ
2459 1675 2556 1747 γάρ
2607 1680 2681 1743 τῷ
2733 1673 2956 1743 στόματι
3001 1669 3495 1746 διασπαράττονται,
3543 1671 3616 1740 ἀφ’
3654 1666 3702 1724 οὗ
3739 1674 3785 1726 τὰ

544 1784 677 1842 grex
699 1769 788 1830 cui
812 1769 962 1826 dedit
985 1769 1249 1825 Dominus
1273 1768 1343 1826 de
1361 1767 1582 1840 pascuis
1608 1766 1870 1839 judicare.

2246 1768 2410 1826 ἀσεϐῆ
2435 1768 2764 1843 προφέρεται.
2805 1766 2997 1840 Τροφαί
3031 1763 3448 1841 παραϐάλλονται
3487 1763 3586 1832 οὐχ
3611 1763 3656 1816 αἱ
3676 1767 3786 1819 πιαί-

2171 1860 2221 1922 Β
2246 1881 2444 1924 νουσαι,
2475 1859 2575 1914 ἀλλ’
2601 1859 2656 1914 αἱ
2695 1859 3062 1914 λεπτύνουσαι.
3101 1857 3335 1928 Μακαρία
3376 1851 3430 1908 δέ
3458 1849 3585 1924 ὅμως
3604 1855 3631 1912 ἡ
3651 1854 3786 1926 ἀγέλη,

2246 1951 2278 2030 ᾖ
2306 1954 2579 2028 παρέσχεν
2609 1951 2634 2007 ό
2661 1956 2835 2028 κύριος
2855 1953 3039 2026 κρίνειν
3068 1951 3188 2026 περὶ
3216 1955 3311 2009 τῆς
3334 1946 3465 2007 ἰδίας
3487 1955 3650 2019 νομῆς·

613 2054 670 2109 2.
710 2051 870 2110 Unde
897 2053 1038 2109 sicut
1063 2067 1161 2108 vos
1187 2051 1368 2109 facere
1399 2067 1510 2108 non
1535 2049 1892 2121 ambigimus,
1919 2048 2140 2120 impiam

2314 2043 2479 2109 Ὀθεν,
2516 2041 2542 2100 ό
2568 2046 2660 2098 ούκ
2682 2043 3056 2118 ἀμφιϐάλλομεν
3078 2041 3156 2097 ὄτι
3181 2049 3397 2107 ποιεῖτε,
3427 2046 3515 2099 τήν
3541 2041 3684 2098 ἀσεϐῆ
3708 2039 3789 2096 διά-

546 2143 971 2216 disputationem
1000 2145 1166 2201 debet
1196 2143 1331 2201 lides
1359 2153 1540 2201 vestra
1583 2157 1867 2215 respuere,
1913 2151 1972 2198 ut
2000 2156 2116 2212 aput

2245 2139 2373 2204 λεξιν
2415 2138 2728 2192 ἀπωθεῖσθαι
2757 2136 2938 2211 ὀφείλει
2966 2138 2996 2194 ἡ
3039 2138 3218 2195 πίστις
3259 2135 3424 2205 ὑμῶν·
3471 2134 3548 2187 ἶνα
3577 2131 3791 2209 παρ’ύμῐν

546 2249 664 2303 vos,
694 2233 722 2274 δ
746 2237 1032 2308 vigilantes
1059 2237 1113 2292 in
1137 2234 1378 2304 Christo,
1410 2237 1552 2293 inter
1579 2236 1763 2294 cibum
1793 2246 1849 2293 et
1875 2249 2116 2291 venenun

2247 2232 2298 2286 ἐν
2327 2238 2530 2306 Χριστῷ
2572 2229 2879 2306 ἐγρηγορόσι
2907 2231 3098 2304 φανερά
3187 2226 3404 2302 διαφορά
3437 2235 3613 2301 τροφῆς
3640 2229 3711 2280 καί
3732 2225 3792 2286 δη-

546 2329 617 2383 sit
652 2339 801 2384 certa
844 2329 1129 2393 discretio,
1173 2337 1230 2384 et
1259 2328 1622 2400 permaneatis
1663 2329 1716 2384 in
1763 2328 1850 2384 his
1879 2343 2000 2400 qua:
2031 2342 2116 2383 ser

2247 2325 2506 2400 λητηρίου,
2539 2329 2624 2378 καί
2664 2325 2947 2397 ἐπιμείνητε
2985 2323 3217 2386 τούτοις,
3253 2319 3391 2395 ἅπερ
3435 2327 3522 2376 τοῦ
3559 2320 3690 2392 λόγου
3719 2329 3793 2374 τῶν

547 2433 709 2476 mone
730 2420 1074 2490 superiorum
1099 2428 1379 2489 pastorum
1403 2419 1636 2476 docente
1657 2418 1946 2486 didicistis,
1968 2417 2117 2474 scien

2249 2421 2510 2496 προτέρων
2536 2421 2784 2492 ποιμένων
2814 2416 3143 2478 διδάσκοντος
3173 2417 3515 2487 μεμαθήκατε’
3551 2413 3714 2474 εἰδότες
3737 2413 3792 2468 ὄτ-

548 2520 633 2567 tes
676 2511 846 2567 fuisse
886 2513 1042 2568 vobis
1088 2512 1348 2567 hactenus
1394 2512 1706 2568 sacerdotes
1751 2510 2063 2582 magisterio
2092 2525 2118 2566 e

2251 2507 2386 2587 όίχρι
2413 2518 2506 2565 τοῦ
2529 2511 2785 2587 παρόντος
2811 2512 3076 2580 ἐσχήκατε
3109 2509 3275 2583 ἱερέας
3309 2505 3358 2560 ἕν
3386 2527 3439 2560 τε
3462 2514 3521 2580 τῇ
3550 2504 3795 2579 διδασκαλίᾳ

548 2607 836 2661 sanctitate
864 2607 1156 2676 pollentes,
1185 2608 1276 2676 qui
1309 2621 1603 2678 numquam
1638 2622 1666 2660 a
1698 2606 1941 2677 paternis
1983 2605 2118 2660 tradi

2250 2609 2332 2660 καί
2360 2605 2590 2678 ἁγιότητι
2616 2607 2972 2680 προύχοντας,
3007 2604 3052 2656 οἷ
3080 2623 3210 2662 τινες
3232 2599 3475 2655 οὐδέποτε
3509 2600 3795 2674 χωριζόμενα

549 2697 789 2753 tionibus
812 2697 1119 2766 deviantes,
1146 2698 1450 2754 Ecclesiam
1483 2699 1700 2754 Domini
1733 2714 1946 2754 summa
1969 2699 2117 2770 quiet

2251 2707 2353 2755 τῶν
2380 2707 2644 2774 πατρικῶν
2672 2693 3032 2769 παραδόσεων,
3063 2701 3155 2755 τήν
3183 2694 3482 2752 Ἐκκλησίαν
3521 2698 3604 2747 τοῦ
3640 2695 3793 2760 Κυρίου

550 2798 835 2846 rexerunt.
869 2789 1000 2844 Nam
1043 2799 1105 2845 ut
1147 2805 1179 2845 a
1216 2791 1614 2848 recentioribus
1645 2791 1989 2857 inchoemus,
2021 2793 2120 2863 quit

2253 2792 2383 2863 μετὰ
2407 2793 2653 2864 μεγίστης
2697 2789 3041 2863 ἐκυϐέρνησαν
3069 2789 3325 2858 ἡσυχίας.
3356 2783 3462 2839 ἰνα
3486 2786 3580 2859 γάρ
3612 2784 3698 2838 ἀπὸ
3721 2790 3795 2836 τῶν

550 2897 659 2938 non
681 2882 877 2938 animis
895 2885 1090 2939 vestris
1113 2883 1348 2940 eruditio
1365 2895 1570 2942 sanctae
1599 2886 1881 2941 memoriae
1902 2886 2120 2955 episcop

2253 2890 2444 2958 νεαρῶν
2480 2883 2778 2952 ἀρξώμεθα,
2810 2883 2862 2935 τί
2893 2882 2978 2935 ούκ
3019 2879 3213 2934 ἐνέϐαλε
3254 2886 3378 2934 ταῖς
3417 2877 3611 2948 ψυχαῖς
3637 2877 3796 2947 opm

551 2974 779 3033 Joannis
817 2975 1048 3043 inludit,
1091 2977 1246 3047 cujus
1290 2993 1473 3034 sermo
1536 2985 1785 3033 astruens
1825 2977 2121 3032 catholicam

2255 2977 2526 3038 παίδευσις
2551 2984 2642 3032 τοῦ
2669 2985 2762 3036 τῆς
2789 2975 2939 3049 ἁγίας
2969 2978 3168 3047 μνήμης
3197 2972 3480 3028 ἐπισκόπου
3510 2971 3737 3033 Ἰωάννου,
3753 2966 3795 3022 οὗ

553 3067 718 3124 ﬁdem
765 3077 883 3123 toto
926 3068 1068 3138 orbef
1098 3068 1325 3125 dimisus
1354 3070 1477 3126 est?
1504 3071 1596 3142 qui
1632 3085 1901 3142 nusquam
1935 3087 2030 3142 per
2056 3071 2123 3125 do

2257 3070 2454 3145 όλόγος
2493 3073 2563 3131 είς
2609 3072 2774 3125 πάντα
2821 3068 2905 3122 τόν
2950 3066 3136 3136 κόσμον
3167 3066 3415 3136 ἐξεχύθη,
3447 3059 3696 3132 οἰκοδομῶν
3732 3063 3799 3116 τὴν

555 3164 786 3220 ctrinam
823 3179 975 3219 suam
1025 3163 1217 3234 deruit,
1263 3166 1386 3235 quia
1446 3166 1777 3237 ubicumque
1826 3166 1998 3221 lectus
2046 3177 2125 3221 εει

2256 3164 2514 3221 καθολικὴν
2543 3164 2748 3223 πίστινς
2779 3157 2834 3221 ὃς
2880 3157 3103 3230 οὐδαμοῦ
3149 3157 3282 3211 κατὰ
3329 3153 3640 3210 διδασκαλίαν
3679 3153 3796 3208 ἀπῆν·

555 3254 894 3326 praedicavit.
937 3254 1092 3313 Illius
1139 3267 1162 3294 ⁸
1205 3256 1448 3328 diligenti
1502 3258 1807 3328 prudentiae
1849 3258 2125 3313 constanti:

2257 3253 2385 3310 ὅπου
2423 3257 2525 3331 γάρ
2569 3253 2755 3313 δήποτε
2797 3252 3110 3324 ἀνεγνώσθη,
3147 3249 3382 3325 ἐκήρυξε.
3429 3251 3524 3305 Την
3566 3243 3613 3300 δέ
3653 3245 3799 3297 ἐκείνου

558 3347 830 3403 celebrata
885 3349 1170 3404 successit.
1227 3349 1387 3404 Rexit
1432 3350 1576 3405 enim
1619 3361 1820 3406 sanctae
1873 3349 2128 3406 memoria

2260 3350 2467 3420 ἐπιμελῆ
2494 3351 2697 3402 σύνεσιν
2723 3345 3005 3420 στερρότης
3025 3343 3395 3415 διαϐεϐοημένη
3420 3339 3671 3404 διεδέξατο.
3695 3343 3802 3390 Ἐκυ-

557 3439 846 3510 episcopus
889 3441 1099 3496 Atticus
1139 3441 1510 3497 Christianum
1546 3444 1802 3514 populum
1848 3442 2122 3499 decessori

2264 3445 2403 3520 ϐἐρνε
2444 3447 2529 3497 καί
2557 3441 2697 3504 ὁτῆς
2741 3441 2894 3515 ἁγίας
2938 3442 3134 3512 μνήμης
3183 3440 3466 3497 ἐπίσκοπος
3502 3434 3704 3494 Ἀττικὸς
3742 3432 3804 3485 τὸν

560 3529 829 3600 exemplo,
865 3539 921 3586 et
958 3533 1257 3604 sacrilegos
1298 3543 1619 3604 persecutus
1649 3543 1734 3590 est
1774 3537 2130 3590 lnereticorun

2263 3536 2564 3612 χριστιανόν
2605 3535 2721 3589 λαὸν
2757 3540 2829 3605 τῷ
2876 3539 2967 3588 τοῦ
3017 3531 3448 3608 προηγησαμένου
3495 3526 3802 3599 ὑποδείγματι.

561 3621 794 3679 furores.
829 3623 1152 3692 Habuimus,
1183 3626 1284 3682 hoc
1325 3626 1646 3695 decedente,
1689 3628 1953 3699 collegam
1983 3629 2131 3684 beata

2261 3631 2347 3682 καί
2377 3625 2544 3692 ἐδίωξε
2573 3627 2666 3686 τάς
2697 3627 2989 3702 ἱεροσύλους
3013 3633 3113 3680 τῶν
3140 3625 3408 3698 αἱρετικῶυ
3436 3623 3627 3693 μανίας.
3649 3621 3806 3689 Ἐσχή-

565 3716 842 3772 memoriae
869 3716 1150 3784 Sisinium,
1178 3719 1444 3776 scientem
1464 3719 1484 3758 ί
1512 3720 1642 3792 quid
1671 3723 1840 3791 possit
1862 3721 2049 3792 gloriae
2075 3737 2135 3777 re

2263 3740 2423 3791 καμεν
2447 3717 2530 3782 δέ,
2563 3721 2752 3775 τούτου
2783 3719 3151 3790 ἀπογενομένου
3168 3760 3182 3783 ,
3212 3717 3449 3771 κοινωνόν
3477 3715 3556 3769 τὸν
3581 3722 3664 3772 τῆς
3690 3711 3804 3784 ἁγίας

565 3823 807 3876 manere,
841 3811 888 3865 si
929 3810 1139 3882 integra
1179 3821 1235 3868 et
1271 3813 1614 3881 intemerata,
1649 3829 1776 3885 quae
1803 3814 1868 3870 ad
1900 3829 1960 3870 se
1991 3829 2135 3885 usqu.

2263 3817 2459 3885 μνήμης
2487 3812 2730 3877 Σισίνιον,
2759 3809 2927 3867 εἰδότα
2964 3808 3060 3868 ὅση
3097 3807 3217 3874 δόξα
3248 3810 3412 3862 αὐτοῦ
3445 3804 3649 3878 ἔμεινεν,
3679 3807 3715 3857 εί
3737 3823 3805 3875 φυ-

566 3912 962 3969 pervenerant,
1011 3903 1297 3958 catholicae
1346 3904 1471 3959 ﬁdei
1523 3915 1839 3962 ornamenta
1896 3915 2136 3962 servaret

2264 3905 2479 3968 λάξειεν,
2513 3903 2756 3979 ὁλόκληρα
2785 3907 2867 3957 καί
2891 3902 3094 3962 ἀϐλαϐῆ
3121 3902 3186 3955 τά
3211 3898 3383 3977 ἄχρις
3414 3896 3716 3973 διαμείναντα
3740 3903 3807 3953 τῆς

567 3989 944 4050 Intelleximus
993 3996 1043 4051 ei
1097 4011 1197 4052 nec
1249 3997 1514 4053 columbae
1567 3998 2004 4068 simplicitatem,
2061 4013 2137 4054 net

2265 3995 2526 4056 καθολικῆς
2556 3999 2778 4055 πίστεως
2809 3995 3014 4066 κόσμια.
3049 3993 3361 4065 Ἐνοήσαμεν
3389 3992 3526 4055 ὅπως
3555 3993 3708 4062 ἐκείνῳ
3741 3989 3807 4042 ούιι

570 4093 596 4136 ε
627 4087 967 4157 prudentiam
1015 4087 1255 4144 defuisse
1291 4091 1582 4160 serpentis.
1627 4090 1922 4159 Flevimus,
1969 4091 2140 4148 fratre:

2265 4085 2433 4160 ἕλειψε
2472 4093 2556 4143 καί
2595 4090 2819 4150 ἁπλότης
2861 4093 3173 4166 περιστερᾶς
3196 4131 3210 4154 ,
3244 4092 3334 4143 καί
3372 4090 3576 4148 σύνεσις
3613 4087 3807 4161 ἑρπετοῦ.

571 4179 900 4249 charissimi,
942 4181 1092 4238 velut
1132 4182 1345 4253 praescii
1388 4183 1714 4252 futurorum,
1763 4185 1872 4241 cito
1917 4199 2017 4241 nos
2049 4184 2141 4256 eju;

2265 4181 2612 4252 Ἐκλαύσαμεν
2631 4222 2643 4244 ,
2672 4183 2931 4256 ἀγαπητοί
2972 4181 3187 4256 ἀδελφοὶ,
3224 4184 3410 4258 ὥσπερ
3442 4187 3739 4258 προορῶντες
3761 4176 3810 4230 τὰ

571 4273 821 4344 praesidio
849 4273 1165 4333 destitutos.

2268 4275 2532 4345 μέλλοντα,
2561 4274 2620 4328 τὸ
2649 4275 2860 4344 ταχέως
2887 4277 3022 4346 ἡμᾶς
3047 4282 3140 4335 τῆς
3167 4276 3358 4330 ἐκείνου
3390 4275 3611 4346 βοηθείας
3635 4273 3812 4326 ἀπεστε-

2267 4367 2477 4440 ρῆσθαι.

641 4457 698 4511 ‘5.
739 4455 797 4510 In
819 4456 925 4512 hoc
946 4459 1113 4526 enim,
1143 4458 1236 4529 qui
1257 4457 1326 4514 de
1357 4458 1470 4514 Deo
1493 4465 1684 4514 nostro
1713 4458 1875 4515 aliter
1901 4459 2164 4530 disputat,

2341 4459 2418 4512 Ἐν
2448 4455 2615 4530 τούτῳ
2639 4463 2736 4535 γὰρ
2768 4461 2932 4532 ἀγνοῶ
2954 4468 3106 4515 ποῖαν
3129 4458 3309 4516 ἐλπίδα
3340 4461 3640 4535 εὑρήσομεν,
3659 4454 3704 4516 ὃς
3724 4455 3813 4527 περὶ

575 4565 733 4620 quam
763 4550 881 4620 ipse
910 4551 978 4607 de
1007 4567 1087 4617 se,
1118 4565 1276 4622 quam
1305 4551 1374 4606 de
1401 4554 1518 4622 ipso
1547 4553 1778 4621 apostoli
1801 4551 2143 4608 tradiderunt

2271 4556 2364 4608 τοῦ
2391 4557 2520 4606 Θεοῦ
2551 4554 2690 4623 ἡμῶν
2712 4549 2871 4612 ἄλλως
2902 4551 3249 4624 διαλαμϐάνει,
3276 4551 3308 4612 ἦ
3339 4554 3492 4613 αύτὸς
3513 4554 3628 4627 περί
3645 4549 3813 4608 ἑαυτοῦ,

575 4643 700 4714 quid
730 4645 844 4714 spei
873 4646 1212 4701 inveniamus
1237 4647 1459 4717 ignoro;
1485 4648 1575 4718 qui
1604 4663 1711 4703 non
1744 4649 1919 4703 solum
1951 4649 2145 4702 attrito:

2245 4643 2301 4704 ‘5
2331 4646 2377 4698 οἱ
2402 4645 2676 4700 ἀπόστολοι
2713 4649 2832 4721 περὶ
2860 4648 3015 4701 αὐτοῦ
3059 4645 3505 4722 παραδεδώκασιν”
3542 4643 3594 4705 ὃς
3630 4645 3678 4697 ού
3703 4641 3815 4713 μόνον

575 4751 686 4790 non
711 4737 918 4804 alligat,
950 4737 1045 4794 sed
1073 4745 1130 4794 et
1155 4739 1339 4796 atterit
1361 4739 1640 4810 alligatos;
1670 4755 1775 4796 non
1805 4740 1984 4795 solum
2007 4739 2140 4796 eliso

2277 4741 2398 4800 τούς
2425 4741 2879 4814 συντετριμμένους
2921 4741 2976 4793 ού
3003 4738 3300 4812 συνδεσμεῖ,
3333 4740 3459 4796 ἀλλά
3488 4742 3567 4793 καί
3602 4733 3815 4811 συντρίϐει

577 4844 683 4883 non
715 4829 913 4898 elevat,
945 4831 1042 4886 sed
1074 4832 1238 4886 etiam
1270 4842 1478 4888 stantes
1507 4844 1737 4888 conatur
1766 4833 2024 4898 allidere;
2059 4847 2147 4888 non

2278 4833 2398 4894 τούς
2428 4832 2835 4905 συνδεδεμένους
2869 4836 2924 4887 ού
2953 4834 3104 4904 μόνον
3132 4837 3256 4895 τούς
3282 4833 3734 4901 καταϐεϐλημένους
3755 4827 3817 4879 οὐκ

576 4920 750 4976 solum
776 4922 1017 4991 dispersa
1045 4939 1154 4978 non
1181 4925 1409 4992 colligit,
1434 4925 1531 4981 sed
1557 4935 1610 4981 et
1629 4926 1860 4981 collecta
1883 4925 2146 5008 dispergit

2278 4929 2488 5003 ἐγείρει,
2523 4927 2648 4981 ἀλλά
2675 4931 2758 4981 καί
2791 4930 2912 4987 τούς
2951 4927 3254 4999 ἱσταμένους
3291 4926 3622 4982 καταϐάλλειν
3657 4923 3818 4991 ἐπιχει-

575 5011 828 5081 Quamvis
854 5027 952 5068 nec
973 5015 1181 5069 conteri
1209 5016 1504 5084 possitDeo
1528 5031 1682 5073 mens
1705 5016 1905 5082 dicata,
1923 5032 2022 5072 nec
2042 5017 2145 5072 elid

2275 5027 2382 5094 ρεῐ⁶
2416 5021 2472 5072 ού
2499 5020 2649 5092 μόνον
2671 5023 2739 5075 τά
2767 5019 3114 5096 διεσπαρμένα
3154 5021 3210 5074 ού
3240 5021 3472 5093 συνάγει.
3506 5018 3625 5072 ἀλλὰ
3667 5016 3740 5067 καί
3771 5011 3817 5062 τὰ

575 5106 668 5176 qui
696 5117 805 5162 stat
845 5105 1048 5163 virtute
1091 5107 1333 5174 ctelesti,
1377 5109 1472 5166 sed
1505 5125 1607 5166 nec
1634 5120 1821 5166 sancta
1865 5112 2022 5166 turba
2062 5111 2144 5166 dis

2277 5114 2564 5185 συνηγμένα
2600 5111 2900 5189 διαμερίζει.
2941 5117 2998 5168 Εἰ
3037 5116 3122 5168 καί
3159 5113 3224 5169 τά
3251 5113 3477 5184 μάλιστα
3514 5108 3624 5164 οὔτε
3654 5121 3815 5172 συντριδ

577 5201 748 5270 pergi.
795 5201 999 5270 Aperte
1036 5215 1167 5271 ergo
1195 5201 1476 5257 dilectioni
1507 5212 1726 5269 vestrae,
1757 5203 1898 5274 quod
1937 5204 2056 5259 sine
2094 5204 2142 5258 la

2279 5207 2428 5266 ϐῆναι
2456 5205 2671 5263 δύναται
2709 5206 2900 5262 διάνοια
2945 5207 3260 5285 ἀφιερωμένη
3289 5213 3432 5279 Θεῷ,
3466 5201 3580 5259 οὗτε
3623 5197 3805 5254 καταελη

577 5291 775 5360 crymis
803 5305 915 5346 non
944 5305 1234 5373 possumus
1258 5292 1461 5363 dicere,
1492 5295 1826 5352 nuntiamus.
1864 5295 2034 5352 Movit
2057 5295 2142 5352 dis

2276 5300 2418 5357 θῆναι
2457 5299 2724 5372 ἱστάμενος
2765 5301 2977 5377 οὐρανίᾳ
3014 5298 3254 5372 δυνάμει,
3294 5295 3413 5353 οὕτε
3440 5299 3499 5353 τό
3528 5295 3649 5370 ἱερὸν
3675 5289 3819 5346 πλῆθος

650 5506 678 5576 ξι
705 5495 856 5576 Unus
883 5511 916 5552 θ
943 5511 1076 5554 mss.
1107 5497 1268 5576 Reg._,
1299 5501 1564 5576 μάχαιρα.
1596 5498 1728 5569 Leg.
1760 5507 1959 5576 χεῖραᾷ
2134 5571 2145 5576 _

2285 5501 2474 5576 nacius
2526 5500 2845 5576 ltmrentem.
2902 5497 3322 5576 ambiguitatem
3368 5488 3819 5576 etnobscj‘tritatem

651 5565 681 5606 δ
715 5569 792 5622 Ita
828 5585 985 5634 mss"
1020 5559 1632 5627 consentie'nté'Giznco.
1661 5559 1730 5624 Kt
1759 5559 1891 5625 ἒῖιιῖ.
1925 5571 2181 5636 Rom.,in
2285 5573 2533 5636 vitasset,
2566 5571 2712 5626 hunc
2738 5572 2807 5626 ita
2838 5559 3093 5634 reddens:
3123 5572 3245 5622 dum
3273 5564 3503 5636 oigilatis
3529 5565 3581 5617 in
3606 5559 3793 5636 Chrile-

582 5639 802 5714 concilio
833 5629 1110 5714 (Vulgata,
1139 5642 1195 5695 in
1225 5640 1466 5713 consilio)
1493 5643 1670 5714 pepuli
1697 5643 1796 5695 mei
1825 5658 1925 5695 non
1949 5629 2115 5697 erant.
2360 5653 2384 5680 °
2426 5643 2482 5697 ld
2511 5629 2615 5708 est,
2651 5644 2792 5697 hunc
2835 5629 3117 5714 diligentia
3149 5648 3205 5693 et
3229 5629 3408 5714 studio
3439 5629 3822 5690 commendatum

659 5721 681 5748 ε
727 5709 900 5767 Graec.
929 5729 942 5766 :
972 5709 1104 5768 Non
1142 5729 1255 5784 qua
1294 5709 1529 5785 saginent
1561 5709 1608 5768 et
1650 5714 2061 5786 pinguefaciant,
2089 5716 2180 5769 sed
2219 5744 2226 5750 ο
2283 5728 2567 5786 successor
2589 5715 2808 5786 excepit
2837 5709 3142 5769 constantia
3160 5709 3428 5786 celebris.

587 5796 702 5857 9‘“?
731 5793 1021 5857 ςᾶίθνηκητο
1046 5855 1053 5857 ξ
1155 5782 1164 5784 -
1356 5782 1371 5785 ⁷
1551 5856 1578 5857 κν
1743 5782 1758 5786 ⁷
1845 5782 1850 5784 γ
2049 5782 2053 5783 ν
2359 5784 2380 5826 ί
2422 5785 2599 5841 Grmc.
2619 5804 2646 5857 7:
2676 5785 2882 5852 Quanta
2913 5786 3086 5853 ipsum
3113 5782 3279 5857 gloria
3307 5785 3557 5836 manem.

660 5848 688 5890 ει
728 5851 826 5912 llic
856 5857 1006 5914 locus
1042 5855 1402 5929 interpretem
1425 5856 1616 5930 prodit
1642 5856 1848 5916 Graeca:
1873 5857 2069 5917 littera:
2095 5865 2183 5917 te-
2357 5866 2386 5911 ε
2423 5857 2574 5918 Edit.
2603 5848 2792 5924 nos...
2819 5848 3091 5914 astutiam.
