3976 6336
233 300 336 362 ιον

566 299 786 360 EPIST.
829 298 967 358 XIV.
1012 295 1652 360 C(ELESTINI.PAPE
1701 295 1792 354 AD
1830 292 2117 356 CLERUM
2158 298 2247 356 ET
2289 297 2614 360 POPULUM
2653 299 3189 362 CONSTANTINOP.

3405 309 3516 373 ινδ

229 424 442 490 putator
475 423 654 474 vester
679 417 922 486 praelium
956 416 1198 482 veritati,
1230 417 1462 486 antiqua:
1494 415 1616 471 ﬁdei
1647 415 1816 470 intulit

1929 416 2326 493 διαμερίζεσθαι.
2359 431 2586 498 Φανερῶς
2618 417 2701 478 οὖν
2723 431 2782 497 τῇ
2806 425 2978 498 ἀγάπῃ
3004 427 3168 498 ὑμῶν,
3193 425 3319 505 ὅπερ
3342 433 3516 508 χωρὶς

227 527 454 578 manus;
523 510 802 582 impugnat
864 510 1171 580 apostolos,
1236 508 1527 580 prophetas
1591 508 1820 577 respuit,

226 605 398 674 ipsius
425 601 638 659 Domini
670 612 841 658 nostri
869 603 937 658 de
968 617 1028 658 se
1058 602 1285 657 dicentis
1315 600 1482 656 verba
1513 616 1620 656 non
1645 599 1823 671 sequi-

227 708 329 752 tur.
364 695 534 766 Cujus
563 694 866 766 religionis,
891 695 975 749 vel
1009 703 1032 731 δ
1067 694 1261 764 quibus
1287 692 1496 764 legibus
1526 707 1584 748 se
1612 692 1823 762 episco-

222 804 348 860 pum
382 787 536 854 dicit,
577 788 781 842 abusus
810 801 951 842 novo
993 794 1047 842 et
1085 784 1254 842 veteri
1280 784 1652 840 Testamento.
1685 783 1818 838 Nam

223 892 276 936 ct
311 882 652 937 intellectum
685 881 870 952 ﬁgurae
900 881 1129 951 respuit,
1162 891 1218 936 et
1248 880 1392 934 inter
1422 894 1522 935 nos
1551 889 1820 934 versatam

223 988 330 1029 non
363 973 554 1043 recipit
600 973 910 1036 veritatem;
955 973 1115 1028 aliter
1157 971 1184 1009 δ
1227 971 1464 1042 denique
1492 969 1694 1026 Christi
1725 970 1819 1024 Dei

224 1069 401 1122 nostri
445 1075 650 1123 tractat
695 1081 974 1130 arcanum,
1018 1080 1177 1135 quam
1225 1064 1348 1120 ﬁdei
1387 1076 1589 1120 nostra:
1616 1062 1822 1133 patitur

222 1167 651 1226 sacramentum,
697 1155 840 1227 quod
893 1163 1206 1212 reverenter
1254 1164 1473 1210 secutus
1517 1160 1601 1209 est
1641 1153 1821 1208 omnis

221 1253 525 1308 catholicus
553 1251 876 1321 disputator.
905 1249 1076 1305 Nemo
1104 1248 1247 1304 enim
1279 1247 1417 1304 bene
1444 1247 1695 1318 religioni
1721 1248 1819 1302 de-

221 1341 367 1398 ditus
397 1341 544 1397 aliud
575 1341 643 1397 de
674 1340 891 1396 Christo
933 1342 1101 1395 sentit
1126 1355 1288 1410 quam
1322 1339 1388 1394 de
1417 1355 1476 1395 se
1510 1339 1674 1394 voluit
1704 1339 1820 1408 ipse

221 1435 433 1490 sentiri.
477 1433 641 1489 Movit
684 1431 972 1503 aliquando
1023 1429 1048 1468 δ
1103 1431 1420 1501 sacrilegam
1467 1430 1820 1501 quaestionem

219 1527 607 1584 Samosatenus
631 1527 852 1592 Paulus,
881 1541 1004 1582 cum
1045 1534 1250 1580 sanctae
1289 1523 1435 1595 apud
1475 1523 1820 1578 Antiochiam

219 1628 484 1692 praeesset
513 1619 804 1685 Ecclesiae;
836 1617 932 1674 sed
963 1633 1086 1672 eum
1117 1616 1186 1672 de
1217 1616 1417 1672 throno
1454 1615 1541 1671 cui
1578 1614 1819 1670 feralitcr

220 1712 572 1784 prasidebat,
596 1711 936 1767 sacerdotum
958 1709 1354 1766 catholicorum
1378 1709 1647 1765 sententia
1669 1707 1817 1763 uuita

1926 509 2161 584 δακρύων
2191 515 2246 566 οὐ
2273 512 2522 585 δυνάμεθα
2553 518 2722 581 εἰπεῦ),
2767 518 3163 590 ἀπαγγέλλομεν.
3207 518 3457 581 Ἐκίνησεν
3484 523 3516 582 ὅ

1926 600 2226 666 διαλεκτικός
2271 608 2412 680 ὑμῶν
2439 609 2619 683 μάχην
2648 609 2778 684 πρὸς
2815 615 2904 669 τήν
2934 611 3185 678 ἀληθειαν,
3216 623 3277 688 τῇ
3308 617 3516 690 ἀρχαίης

1925 697 2096 753 πίστει
2121 706 2313 774 χεῖρας
2341 702 2598 774 ἐπήνεγκε,
2631 703 2844 774 πολεμεῖ
2867 707 2996 780 πρὸς
3025 709 3146 766 τοὺς
3172 709 3514 778 ἀποστόλους,

1922 791 2044 850 τοὺς
2071 794 2334 864 προφήτας
2379 792 2624 861 ἐκϐάλλει,
2654 795 2808 849 αὐτοῦ
2853 802 2942 851 τοῦ
2989 801 3167 872 κυρίου
3213 803 3352 871 ἡμῶν
3393 803 3516 877 περῖ

1923 883 2109 939 ἑαυτοῦ
2138 885 2361 958 λέγοντος
2389 893 2494 944 τοῖς
2520 887 2741 962 ῥήμασιν
2777 890 2864 942 οὐκ
2899 890 3178 944 ἀκολουθεῖ.
3212 895 3360 956 Ποίας
3391 896 3513 971 θρη-

1923 977 2121 1039 σκείας,
2145 975 2174 1034 ἧ
2196 978 2360 1036 ποίοις
2387 976 2554 1047 νόμοις
2584 977 2764 1032 ἑαυτὸν
2788 981 3061 1035 ἐπίσκοπον
3089 982 3238 1052 λέγει,
3266 987 3514 1061 ἀποχρη-

1923 1067 2138 1137 σάμενος
2160 1075 2221 1143 τῇ
2252 1076 2390 1144 καινῇ
2418 1072 2503 1122 καὶ
2530 1077 2592 1142 τῇ
2622 1069 2814 1141 παλαιᾷ
2841 1069 3069 1147 διαθήκη.
3103 1079 3192 1128 Καὶ
3219 1078 3320 1152 γὰρ
3343 1083 3426 1132 καί
3452 1079 3516 1134 τὸ

1923 1161 2097 1218 νοητὸν
2127 1167 2216 1215 τοῦ
2254 1165 2529 1234 σχήματος
2572 1164 2815 1230 ἐκϐάλλει,
2850 1169 2934 1219 καὶ
2963 1169 3018 1219 οὐ
3048 1165 3261 1238 δέχεται
3301 1176 3390 1230 τήν
3418 1193 3513 1242 με·

1921 1250 2046 1314 ταξῦ
2083 1253 2221 1322 ἡμῶν
2256 1254 2657 1327 ἀναστρεφείσαν
2694 1255 2943 1313 ἀλήθειαν
2988 1262 3074 1312 καὶ
3116 1261 3308 1328 άπλῶς,
3351 1259 3515 1325 ἄλλως

1921 1347 2160 1419 περὶτοῦ
2205 1349 2492 1420 μυστηρίου
2529 1354 2615 1401 τοῦ
2654 1355 2881 1423 Χριστοῦ
2911 1357 3000 1405 τοῦ
3043 1358 3169 1404 Θεοῦ
3215 1355 3352 1425 ἡμῶν
3392 1353 3512 1409 δια-

1919 1433 2202 1506 λαμϐάνει.
2255 1436 2283 1494 ἢ
2330 1438 2574 1507 ἀνέχεται
2617 1441 2673 1492 τὸ
2721 1449 2812 1500 τῆς
2858 1443 3083 1502 πίστεως
3130 1451 3222 1502 τῆς
3268 1446 3516 1520 ἡμετέρας

1921 1524 2173 1599 ἀγίασμα,
2201 1524 2239 1599 ᾧ
2269 1533 2398 1598 μετά
2428 1531 2757 1602 σεϐάσματος
2778 1534 3088 1593 ἠκολούθησε
3112 1541 3215 1594 πᾶς
3245 1537 3516 1598 καθολικῶς

1922 1615 2286 1691 διαλεγόμενος.
2319 1621 2496 1683 Οὐδείς
2519 1626 2619 1700 γάρ
2646 1625 2807 1686 καλῶς
2835 1633 2896 1700 τῇ
2927 1627 3170 1701 θρησκείᾳ
3204 1639 3222 1662 ο
3250 1625 3515 1700 ἐκδεδομέ-

1921 1733 2024 1777 νος,
2055 1710 2216 1773 ἄλλως
2256 1717 2373 1790 περὶ
2419 1722 2512 1770 τοῦ
2557 1725 2781 1790 Χριστοῦ
2825 1718 3123 1793 ἐφρόνησεν,
3157 1718 3186 1777 ἦ
3213 1721 3368 1779 αὐτὸς
3396 1723 3519 1792 περί

220 1806 436 1876 dejecit.
493 1806 722 1874 Semper
759 1805 904 1860 enim
935 1803 1250 1859 abscidendi
1307 1811 1431 1858 sunt
1486 1799 1816 1872 huiusmodi,

1925 1804 2111 1860 ἑαυτοῦ
2157 1812 2445 1882 φρονεῐσθαι
2490 1811 2745 1868 ἠθέλησεν.
2798 1809 3018 1868 Ἐκίνησέ
3077 1833 3198 1867 ποτε
3254 1812 3522 1884 ἱερόσυλον

221 1900 310 1970 qui
357 1897 744 1954 conturbantes
789 1898 1028 1952 animum
1057 1896 1239 1967 populi
1275 1895 1592 1962 Christiani,
1632 1902 1686 1950 et
1715 1909 1812 1964 pro

222 1992 446 2048 arbitrio
475 2007 573 2048 suo
597 1991 876 2061 evangelia
914 2000 938 2027 ο
969 1998 1298 2058 evertentes,
1344 1988 1457 2045 Deo
1487 1987 1813 2045 fructiﬁcare

221 2102 326 2141 non
360 2094 591 2157 possunt
623 2102 637 2140 :
669 2096 722 2140 et
751 2085 978 2141 colenda
1006 2094 1091 2141 est
1118 2085 1296 2153 vinea,
1328 2099 1448 2156 quae
1472 2083 1562 2155 jus
1592 2098 1810 2154 posses-

220 2178 356 2233 soris
387 2183 666 2248 agnoscat.

1925 1900 2130 1960 ζήτησιν
2157 1897 2181 1952 ὁ
2208 1903 2530 1972 Σαμοσατεὺς
2561 1904 2781 1966 Παῦλος,
2822 1900 2901 1956 ὅτε
2949 1913 3038 1963 τῆς
3085 1903 3232 1975 ἁγίας
3265 1906 3390 1960 κατὰ
3423 1909 3520 1963 τήν

1924 1989 2243 2062 Ἀντιόχειαν
2287 1995 2556 2056 ἐκκλησίας
2588 1995 2890 2066 προΐστατο·
2927 1997 3050 2051 ἀλλὰ
3075 2000 3256 2051 τοῦτόν
3292 1999 3392 2052 ἀπὸ
3422 2000 3520 2052 τοῦ

1922 2081 2122 2154 θρόνου,
2157 2085 2203 2137 ἐν
2299 2094 2495 2161 μιαρῶς·
2530 2089 2924 2162 προὺκαθέζετο,
2961 2090 3233 2162 καθῄρηκεν
3274 2090 3518 2152 ἐνωθεῖσα

1924 2184 2022 2229 τῶν
2054 2178 2326 2232 καθολικῶν
2369 2181 2538 2256 ἱερέων
2567 2180 2838 2252 ἀπόφασις.
2884 2182 2982 2235 ’Λεί
3013 2184 3112 2255 γὰρ
3157 2183 3434 2255 ὀφείλουσιν
3470 2185 3519 2240 οἱ

1924 2275 2144 2324 τοιοῦτοι
2189 2273 2394 2344 καιρίως
2436 2271 2764 2326 ἐκκόπτεσθαι
2786 2314 2800 2339 ,
2849 2275 2897 2326 οἵ
2938 2294 3066 2332 τινες
3094 2279 3183 2333 την
3213 2274 3394 2346 ψυχὴν
3424 2284 3517 2332 τοῦ

226 2371 536 2436 χριστιανοῦ
575 2360 594 2399 ί
628 2363 755 2417 λαοῦ
801 2359 1226 2436 διαταράττοντες
1250 2401 1264 2424 ,
1304 2363 1387 2414 καί
1422 2363 1550 2436 πρὸς
1591 2367 1681 2421 την
1723 2362 1922 2432 γνώμην
1975 2367 2064 2420 τήν
2119 2361 2248 2416 ἰδίαν
2292 2365 2356 2418 τά
2409 2365 2668 2438 εὐαγγέλια
2722 2363 3130 2440 διαστρέφοντες,
3160 2374 3232 2437 τῷ
3259 2376 3366 2439 Θεῷ
3396 2393 3517 2446 καρ-

222 2465 464 2533 ποφορεῖν
493 2458 550 2510 οὐ
581 2455 810 2512 δύνανται
829 2471 843 2483 ·
877 2457 960 2509 καί
989 2454 1286 2529 γεωργητέα
1315 2453 1452 2507 ἐστίν
1477 2455 1506 2511 ἡ
1535 2450 1759 2526 ἄμπελος
1777 2493 1790 2517 ,
1818 2456 1849 2512 ἡ
1877 2455 1934 2509 τὸ
1965 2451 2147 2509 δίκαιον
2175 2463 2264 2510 τοῦ
2296 2461 2536 2532 κτήτορος
2572 2458 2997 2530 ἐπιγινώσκουσα.

285 2552 342 2604 4.
386 2548 606 2604 Certum
638 2557 724 2604 est
753 2559 932 2602 autem
974 2545 1097 2617 quia
1140 2545 1277 2599 tales
1306 2559 1618 2600 sermonum
1661 2546 1814 2600 novi-

222 2654 358 2700 tates
385 2643 454 2699 de
484 2657 636 2697 vanae
674 2642 859 2712 gloria:
889 2653 1075 2694 amore
1119 2637 1473 2694 descendunt.
1525 2638 1664 2692 Dum
1710 2637 1813 2693 sibi

221 2735 469 2791 nonnulli
486 2735 677 2790 volunt
694 2733 857 2797 acuti,
883 2731 1223 2802 perspicaces
1242 2738 1295 2786 et
1319 2731 1591 2801 sapientes
1613 2729 1808 2796 videri,

219 2838 477 2901 quasrunt
523 2828 650 2899 quid
702 2827 828 2882 novi
876 2824 1175 2896 proferant,
1222 2824 1366 2880 unde
1414 2824 1558 2895 apud
1601 2825 1813 2880 animos

219 2923 502 2992 imperitos
531 2920 880 2991 temporalem
911 2917 1172 2974 acuminis
1203 2917 1430 2988 gloriam
1469 2932 1814 2988 consequan-

221 3026 323 3072 tur.
355 3016 468 3071 Sed
499 3016 618 3085 quis
646 3029 899 3084 umquam
942 3027 1125 3068 veram
1154 3013 1405 3083 gloriam,
1445 3011 1570 3067 dum
1603 3011 1709 3067 sibi
1729 3026 1816 3066 sn-

221 3111 375 3182 piens
418 3109 655 3177 videtur,
699 3109 965 3163 obtinuit?
998 3108 1141 3163 Deus
1181 3107 1325 3163 enim
1373 3113 1560 3162 noster
1600 3105 1816 3160 infirma

1993 2548 2147 2606 Δῆλον
2179 2547 2231 2603 δέ
2261 2551 2420 2616 ἐστιν,
2452 2548 2529 2606 ὅτι
2558 2551 2613 2605 αἱ
2643 2559 2875 2608 τοιαῦται
2916 2561 3015 2608 τῶν
3045 2555 3199 2627 λόγων
3227 2558 3518 2622 καινότητες·

1923 2641 2026 2694 ἀπὸ
2055 2644 2278 2712 ματαίου
2310 2640 2499 2718 ἔρωτος
2538 2641 2680 2709 δόξης
2712 2647 2973 2718 γένωνται.
3003 2644 3097 2708 Ὠς
3127 2669 3258 2709 τινες
3279 2652 3519 2721 ⁸ἐθέλουσι

1923 2732 2047 2810 παρ’
2068 2734 2268 2796 ἑαυτοῖς
2297 2734 2449 2790 δοκεῖν
2477 2737 2623 2804 ὀξεῖς,
2661 2738 2862 2794 όπτικοὶ
2904 2744 2987 2795 καὶ
3016 2742 3263 2818 φρόνιμοι,
3303 2749 3518 2808 ζητοῦσι

1922 2827 1974 2880 τί
1999 2829 2378 2900 προσενέγκωσι
2406 2830 2558 2894 ξένον,
2591 2827 2698 2884 ὅθεν
2729 2835 2869 2908 παρά
2905 2841 3014 2893 ταῖς
3060 2834 3382 2898 ἀπαιδεύτοις
3413 2836 3518 2907 35o—

1925 2925 2052 2986 χαῖς
2100 2918 2412 2995 πρόσκαιρον
2459 2918 2602 2985 δόξαν
2649 2920 2888 2986 ὀξύτητος
2935 2926 3328 2999 ἀπενέγκωνται.
3371 2927 3520 2982 ’Λλλά

1924 3011 2003 3069 τίς
2027 3012 2223 3064 τούτων
2269 3014 2393 3066 ποτέ
2438 3013 2593 3072 ἀληθῆ
2633 3013 2778 3078 δόξαν
2814 3015 3108 3093 ἐκέρδανεν,
3151 3020 3314 3092 ἐαυτῷ
3364 3020 3520 3076 δοκῶν

1927 3103 2192 3180 φρόνιμος;
2242 3104 2267 3159 ό
2301 3107 2398 3181 γάρ
2425 3107 2546 3166 Θεὸς
2574 3109 2710 3179 ἡμῶν
2738 3111 2802 3162 τά
2829 3111 3010 3170 ἀσθενῆ
3052 3118 3142 3166 τοῦ
3175 3109 3368 3184 κόσμου
3404 3115 3517 3171 ἐπι·

220 3206 404 3262 mundi
432 3205 598 3276 elegit
630 3214 654 3252 ε
687 3213 876 3259 contra
910 3204 1088 3269 fortia,
1118 3212 1174 3259 et
1200 3203 1472 3272 sapientes
1505 3218 1598 3274 per
1629 3201 1815 3256 mundi

1925 3195 2138 3269 λέγεται,
2186 3201 2268 3252 καί
2313 3200 2363 3252 ἐκ
2401 3207 2500 3254 τῶν
2541 3202 2774 3255 ἐναντίων
2811 3205 3030 3275 συγχέει
3066 3206 3132 3258 τά
3172 3207 3398 3281 ἰσχυρὰ,
3433 3212 3522 3262 καί

220 3299 382 3354 stulta
428 3299 708 3354 confundit
759 3297 1165 3370 (lCor.i,27).
1207 3299 1338 3366 Quis
1388 3300 1441 3353 in
1493 3298 1679 3353 mundi
1731 3313 1817 3353 sa-

224 3393 426 3462 pientia
439 3392 722 3463 glorietur,
744 3392 847 3446 nisi
866 3391 956 3461 qui
975 3407 1034 3446 se
1049 3392 1335 3446 confitetur
1356 3406 1477 3446 esse
1500 3391 1569 3446 de
1593 3390 1812 3458 mundo,

221 3483 322 3540 nisi
363 3484 456 3555 qui
495 3483 642 3539 illius
686 3498 746 3539 se
787 3491 946 3554 negat
989 3497 1110 3539 esse
1140 3482 1485 3552 discipulum,
1515 3482 1607 3553 qui
1637 3481 1714 3536 ait
1758 3497 1818 3537 se

221 3590 324 3633 non
354 3592 478 3632 esse
507 3577 576 3632 de
606 3576 806 3631 mundo
835 3573 1016 3647 (Joan.
1044 3591 1148 3629 xvu
1171 3618 1184 3641 ,
1227 3574 1353 3644 16)?
1374 3573 1491 3630 Una
1519 3583 1601 3629 est
1620 3574 1812 3645 gloria,

222 3677 295 3734 ut,
325 3667 471 3723 sicut
499 3665 790 3739 Apostolus
818 3667 914 3735 ait,
946 3667 1033 3738 qui
1060 3667 1337 3738 gloriatur,
1370 3667 1421 3720 in
1453 3666 1677 3722 Domino
1704 3669 1819 3738 glo-

221 3761 376 3816 rietur
420 3762 480 3832 (l
505 3761 625 3818 Cor.
659 3780 714 3828 ι,
753 3759 880 3830 51).
934 3760 1121 3816 Nonne
1164 3760 1292 3814 huic
1342 3775 1522 3815 vesxro
1563 3771 1818 3832 episcopo

222 3851 356 3922 (sed
386 3867 532 3907 nunc
559 3867 729 3922 usque
755 3860 962 3918 vestro,
991 3851 1094 3905 nisi
1124 3851 1264 3921 quod
1296 3852 1568 3907 credimus
1593 3854 1816 3925 credat)

225 3944 465 3999 videmus
507 3943 646 3997 hanc
673 3943 1002 3998 sententiam
1041 3944 1371 3997 convenire:
1405 3944 1612 3999 Stultus
1644 3945 1817 3999 factus

226 4045 320 4102 est,
352 4051 481 4091 cum
521 4050 582 4091 se
619 4035 750 4090 dicit
787 4035 1088 4105 sapientem
1132 4034 1320 4104 (Rom.
1345 4051 1383 4102 ι,
1409 4035 1538 4107 22);
1572 4037 1818 4106 professa

228 4129 422 4200 quippe
461 4129 692 4184 stultitia
729 4137 810 4183 est
839 4127 994 4182 illum
1036 4141 1194 4196 quem
1223 4127 1318 4181 Dei
1351 4127 1552 4182 scimus
1579 4143 1703 4184 esse
1732 4145 1820 4182 sa-

228 4221 480 4291 pientiam
521 4221 888 4289 virtutemque
918 4218 971 4289 (ι
990 4216 1112 4272 Cor.
1137 4234 1175 4287 ι,
1199 4216 1305 4289 24)
1335 4221 1566 4275 nescire.
1598 4219 1818 4276 Nescire

229 4313 365 4367 enim
407 4326 468 4368 se
507 4326 570 4367 ea
610 4325 731 4383 quae
772 4315 791 4356 ι
827 4310 1046 4365 discutit
1081 4309 1389 4364 confitetur.
1419 4309 1529 4365 Nec
1569 4311 1709 4366 hunc
1739 4311 1822 4366 di-

230 4405 384 4462 lectio
413 4415 595 4461 vestra
624 4405 854 4461 miretur
882 4419 913 4460 a
953 4405 1038 4459 via
1078 4405 1326 4460 veritatis
1375 4420 1609 4472 errasse,
1658 4421 1819 4476 quem

232 4498 501 4556 Christum
530 4501 620 4571 qui
665 4506 750 4556 est
781 4500 866 4554 via
909 4508 1094 4554 nostra
1126 4497 1306 4560 (Joan.
1334 4515 1450 4564 xrv,
1477 4500 1602 4568 16),
1635 4499 1819 4556 videat

1921 3293 2040 3352 τοὺς
2068 3293 2342 3365 φρονίμους
2381 3291 2466 3348 διὰ
2510 3302 2611 3348 τῶν
2651 3301 2741 3349 τοῦ
2772 3296 2968 3368 κόσμου
3015 3305 3217 3372 μωρῶν.
3250 3301 3336 3358 Τίς
3374 3301 3420 3352 ἐν
3454 3308 3517 3375 τῇ

1887 3447 1890 3449 _
1923 3390 2013 3438 τοῦ
2047 3385 2240 3455 κόσμου
2274 3391 2426 3461 σοφία
2457 3395 2723 3459 καυχᾶται
2743 3432 2756 3455 ,
2791 3393 2834 3443 εἰ
2873 3396 2941 3460 μη
2973 3389 3227 3463 ὁμολογῶν
3259 3391 3436 3447 ἑαυτὸν
3466 3395 3520 3446 ἔκ

1922 3485 2012 3533 τοῦ
2040 3479 2231 3550 κόσμου
2263 3475 2416 3544 siam;
2447 3484 2489 3535 εἰ
2517 3481 2633 3552 μηό
2665 3485 2965 3555 ἀρνούμενος
2997 3484 3176 3539 ἑαυτὸν
3195 3487 3376 3539 ἐκείνου
3395 3479 3521 3540 εἶναι

1921 3571 2180 3641 μαθητήν,
2210 3579 2298 3627 τοῦ
2327 3575 2548 3634 εἰπόντος
2573 3580 2640 3644 μη
2672 3569 2798 3629 εἶναι
2829 3576 3008 3630 ἑαυτὸν
3039 3578 3141 3631 ἀπὸ
3167 3585 3258 3632 τοῦ
3290 3577 3517 3648 κόσμους

1921 3663 2011 3734 μία
2036 3663 2146 3718 ἐστί
2173 3661 2294 3729 δόξα
2314 3705 2327 3729 ,
2352 3665 2458 3728 ἵνα,
2489 3669 2556 3725 ὥς
2592 3689 2738 3737 φησιν
2768 3666 2792 3720 ό
2816 3667 3143 3734 Ἀπόστολος,
3180 3668 3204 3722 ό
3236 3671 3520 3740 καυχώμε-

1921 3776 2006 3814 νος
2029 3795 2042 3820 ,
2077 3756 2125 3808 ἐν
2152 3760 2314 3830 Κυρίῳ
2345 3757 2650 3827 καυχάσθω.
2691 3755 2824 3832 Ἰ’Δρα
2855 3755 2877 3792 ¹³
2906 3761 2961 3812 οῦ
2990 3761 3156 3829 τούτῳ
3186 3768 3258 3830 τῷ
3289 3760 3524 3834 ὑμετέρῳ

1923 3848 2184 3921 έπισκόπῳ
2231 3850 2390 3918 (ἀλλά
2432 3848 2567 3926 ἄχρι
2610 3859 2698 3905 νῦν
2742 3852 3001 3928 ὑμετέρῳ,
3034 3854 3116 3905 ἐάν
3145 3858 3214 3926 μή
3257 3853 3520 3926 πιστεύσῃ

1925 3943 2422 4019 ὅπερπιστεύομεν),
2444 3945 2638 4020 ὁρῶμεν
2656 3948 2846 4004 ταύτην
2868 3953 2956 4005 τήν
2979 3949 3173 4020 γνώμην
3194 3947 3519 4022 πρέπουσαν⁸

1922 4039 2092 4114 μωρὸς
2121 4040 2333 4110 ἐγένετο,
2363 4035 2416 4097 ὃς
2445 4039 2578 4109 λέγει
2607 4039 2790 4093 ἑαυτὸν
2816 4039 2999 4110 σοφόνζ
3033 4040 3384 4112 ὡμολογημένη
3415 4042 3525 4114 γάρ

1923 4131 2035 4183 ἐστι
2072 4134 2243 4204 μωρία
2278 4131 2334 4184 τὸ
2378 4130 2559 4184 ἐκεῖνον
2602 4131 2796 4202 ἀγνοεῖν
2823 4173 2835 4195 ,
2871 4127 2920 4184 όν
2971 4129 3116 4202 ἴσμεν
3165 4139 3292 4185 Θεοῦ
3339 4138 3519 4203 σοφίαν

1924 4217 2050 4276 εἶναι
2079 4224 2159 4276 καί
2202 4221 2430 4294 δύναμιν.
2464 4221 2733 4294 Ὁμολογεῖ
2757 4225 2856 4295 γάρ
2886 4222 3063 4276 ἑαυτὸν
3093 4230 3259 4276 ταῦτα
3289 4226 3517 4295 ἀγνοεῖν,

1925 4314 2059 4390 ἅπερ
2107 4316 2381 4389 ἀνακρίνει.
2415 4317 2505 4368 Καί
2530 4319 2598 4386 μὴ
2633 4314 2645 4362 i
2691 4315 2926 4387 θαυμάσῃ
2955 4318 2982 4371 ἡ
3020 4315 3191 4382 ἀγάπη
3230 4316 3369 4388 ὑμῶν
3418 4317 3522 4369 ἀπὸ

1923 4415 2014 4466 τῆς
2060 4404 2175 4461 ὁδοῦ
2215 4415 2307 4466 τῆς
2337 4407 2563 4466 ἀληθείας
2593 4407 2984 4462 ἀποπλανᾶσθαι
3011 4413 3206 4471 τοῦτον,
3241 4407 3416 4480 όρῶσα
3442 4407 3521 4463 ὅτι

1922 4502 2010 4556 τὸν
2045 4501 2292 4578 Χριστόν,
2326 4499 2467 4560 ὅστις
2499 4499 2615 4562 ὁδός
2645 4503 2782 4573 ἡμῶν
2811 4503 3082 4574 τυγχάνει,
3122 4502 3370 4558 ἀπώλεσε.
3418 4518 3522 4556 Κα-

233 4593 544 4664 perdidisse.
576 4591 1047 4662 Deprehendimus
1079 4590 1351 4646 interdum
1382 4605 1442 4646 se
1464 4564 1679 4647 sinistra
1703 4592 1816 4648 dis-

1925 4595 2212 4666 τειλήφαμεν
2258 4594 2408 4647 αὐτόν
2466 4594 2618 4646 ἐνίοτε
2668 4595 2825 4667 σκαίᾳ
2867 4591 3078 4657 διαλέξει
3120 4591 3520 4667 προδιδόμενον,

235 4689 500 4756 putatione
527 4686 871 4758 prodentem,
901 4683 1179 4740 interdum
1204 4684 1469 4740 latentem
1492 4685 1813 4755 quibusdam

234 4779 488 4836 cuniculis
515 4788 571 4836 et
597 4794 693 4835 sua
723 4792 931 4834 venena
959 4777 1248 4844 celantem;
1280 4787 1335 4833 et
1363 4792 1483 4833 cum
1514 4781 1818 4849 oportuerit

308 4998 333 5026 ι
367 4985 422 5062 In
453 4985 642 5062 eadem
671 4983 948 5062 editione“:
982 4980 1145 5062 Cujus
1175 4980 1383 5062 legisse
1408 4979 1582 5062 ipsum
1611 4981 1811 5049 episco-

238 5076 356 5131 pum
386 5059 570 5112 'udicat
593 5072 611 5110 :
637 5053 1028 5125 refragantibus
1052 5051 1178 5106 aliis
1206 5051 1356 5106 libris
1382 5059 1436 5105 et
1463 5051 1677 5106 Graeco.

308 5129 333 5168 δ
372 5077 439 5185 ita
470 5128 654 5183 Baluz.
685 5142 806 5181 cum
836 5139 964 5179 mss.
998 5123 1065 5178 At
1095 5123 1224 5177 edit.
1259 5121 1442 5185 Rom.,
1473 5121 1628 5174 aliter
1654 5123 1789 5176 enim

239 5215 302 5258 ac
321 5161 668 5256 déi‘Sd‘éuéTﬁ.
686 5161 824 5250 ’ἒῖίὶέ
837 5161 1818 5251 ’ἒέἷὶ.Ὓιῖἱὲἓιἐίὶῖἒ“ὶὶεῖ’ἱπ’‹ἷέινῖ’ἱὲἒί

240 5282 342 5350 ctat
365 5287 570 5327 arcano.
601 5267 931 5350 C(elestinus
956 5278 1209 5320 arcanum
1235 5263 1439 5320 Christi
1467 5273 1622 5318 vocat
1643 5264 1818 5319 incar-

243 5345 461 5399 nationis
485 5345 822 5411 mysterium.

316 5426 334 5485 ε
368 5415 510 5485 Reg.
532 5408 688 5485 ipss"
721 5408 1058 5485 ίκδεδιμένος.

313 5483 338 5522 ἀ
369 5475 518 5555 Apud
549 5475 683 5555 Lat).
725 5491 783 5535 ut
816 5475 1037 5534 in'edit.
1076 5477 1239 5555 item.
1285 5475 1631 5555 hieadditur
1662 5478 1815 5555 haue,

245 5568 355 5624 quae
380 5547 562 5610 vocula
592 5554 744 5607 abest
773 5567 801 5605 a
833 5566 962 5624 mss.
988 5559 1043 5606 et
1068 5549 1280 5605 Graeco.
1301 5547 1423 5603 Vid.
1449 5549 1649 5604 Euseb.
1676 5549 1814 5605 Hist.

247 5622 390 5681 Eccl.
419 5627 510 5680 lib.
544 5639 620 5678 vlt
650 5638 769 5692 cap.
799 5622 887 5678 30.

321 5707 342 5734 °
376 5698 459 5753 Sic
501 5696 682 5751 Baluz.
721 5691 790 5748 ac
830 5709 961 5749 mss.
1001 5692 1108 5747 Alii
1156 5706 1287 5746 vero
1323 5691 1494 5760 editi,
1543 5697 1813 5746 vertentes.

250 5765 425 5823 ϐῖκοι
455 5783 561 5824 vox
601 5773 940 5836 pervertentes
973 5763 1188 5833 pr0prie
1228 5771 1404 5820 sonat.

325 5837 360 5910 l_
379 5837 434 5895 In
460 5855 588 5895 mss.
625 5837 755 5907 Reg.
785 5836 940 5893 deest
960 5836 1107 5894 λαοῦ.

519 5935 788 5996 ΡΑτιοι..
834 5928 908 5989 L.

1925 4687 2073 4743 ἐνιότε
2115 4685 2460 4762 κρυπτόμενόν
2502 4707 2609 4742 τισι
2647 4687 3008 4744 λανθανούσαις
3041 4685 3254 4754 διόδοις,
3287 4692 3368 4744 καί
3397 4691 3523 4744 σκέ-

1925 4803 2086 4838 ποντα
2113 4783 2178 4836 τὰ
2204 4779 2308 4836 ἴδια
2338 4778 2633 4855 δηλητήρια·
2679 4782 2764 4835 καί
2805 4777 2916 4835 δέον
2957 4781 3091 4851 ἡμᾶς
3127 4781 3521 4843 ἀκολουθοῦντας

1992 4990 2015 5028 ε
2059 4978 2470 5041 ΕιΙίιὶοῑΒοιη.,
2517 4985 2573 5030 ιιι
2608 4977 2901 5047 confundat
2943 4977 3126 5047 fortia,
3158 4977 3521 5034 renitentibus
3589 5005 3592 5010 -

1920 5051 2080 5117 Lab.,
2109 5049 2292 5104 Baluz.
2320 5063 2384 5102 ac
2413 5061 2544 5120 mss.
2588 5046 2668 5102 Ad
2699 5046 2948 5120 Crtecam
2967 5049 3202 5120 litteram
3231 5049 3514 5120 legendum

1921 5131 2086 5184 esset,
2111 5130 2159 5174 et
2186 5137 2248 5175 ex
2269 5119 2542 5172 contrariis
2568 5118 2840 5189 confundit
2869 5119 3047 5187 fortia.
3073 5118 3180 5174 Sed
3203 5129 3256 5172 ct
3288 5118 3515 5175 verbum

1921 5193 2213 5262 confundit,
2242 5190 2384 5262 quod
2416 5190 2605 5262 Latine
2643 5188 2956 5262 ambiguum
2997 5199 3108 5258 est,
3153 5199 3207 5244 et
3245 5192 3329 5262 vel
3362 5204 3517 5244 com-

1926 5259 2269 5327 miitionem,
2299 5261 2386 5315 vel
2417 5260 2639 5330 pudoris
2685 5259 3034 5316 suffusionem
3073 5269 3254 5324 sonat,
3295 5261 3519 5316 Graecus

1925 5335 2194 5402 interpres
2235 5329 2426 5386 contra
2471 5329 2754 5386 leestini
2800 5342 3035 5387 mentem
3083 5330 3340 5396 reddidit,
3386 5331 3517 5402 dum

1927 5401 2263 5475 nequaquam
2306 5405 2441 5475 ipqu
2467 5403 2728 5475 Apostoli
2759 5406 2927 5475 verbo
2971 5403 3334 5473 καταισχύνει,
3369 5401 3518 5475 quod

1927 5471 2290 5546 est'pudorem
2331 5471 2605 5541 suﬁ‘undit,
2636 5472 2732 5530 sed
2774 5473 2940 5530 verbo
2984 5471 3224 5545 σνγχέιὶ.
3264 5471 3406 5542 quod
3431 5479 3519 5529 est

1927 5547 2238 5612 commiscet,
2262 5560 2391 5600 usus
2416 5551 2520 5599 est.

1997 5616 2027 5655 ιι
2065 5619 2122 5672 In
2155 5633 2285 5672 mss.
2319 5616 2477 5685 Reg.,
2520 5613 2628 5670 οὖν.

2006 5688 2022 5726 ί
2067 5689 2175 5744 Seu
2205 5702 2325 5758 qua:
2350 5683 2855 5742 in‘controversiam
2887 5695 3066 5744 vocat.

2000 5759 2014 5811 i
2061 5759 2192 5830 Reg.
2229 5773 2357 5814 mss.
2393 5759 2614 5833 θραύσῃ.

2963 5917 3037 5982 16
