3976 6336
465 325 572 388 195

1236 321 1298 379 8.
1339 312 1740 377 COELESTINI
1782 313 1802 371 1
1842 306 2048 370 ΡΑΡιιΕ

2176 308 2456 370 ιιετοωε
2501 308 2588 369 E'l‘
2631 310 2972 369 occasu.
3615 335 3705 397 ωδ

468 461 588 513 nus,
620 459 686 499 ne
715 456 896 514 regnes
922 454 1076 511 super
1099 435 1268 492 λεναεί
1300 434 1343 506 (1
1375 432 1505 502 Req.
1537 448 1628 499 xv,
1656 428 1774 502 23).
1806 430 1866 487 Si
1893 439 1920 468 ι
1950 429 2057 485 hoc

2176 432 2499 496 Εξουθενήσει
2537 452 2595 487 σε
2628 432 2828 508 Κύριος,
2856 433 2942 486 ἶνα
2970 433 3042 502 μή
3070 431 3379 512 βασιλεύσῃς
3415 441 3494 500 ini
3513 446 3698 525 Ἰσραὴλ,

469 538 562 594 ille
595 537 811 598 meruit.
844 535 966 604 quia
994 533 1170 589 solum
1202 529 1254 583 in
1283 527 1510 599 agendis
1537 526 1700 582 rebus
1731 566 1746 590 ,
1794 525 1888 580 Dei
1922 539 2060 593 prte-

470 639 626 699 cepta
652 625 1014 696 contempsit;
1049 636 1169 693 qua:
1201 621 1327 676 huic
1359 633 1516 689 pteua
1545 616 1857 684 debebitur,
1888 617 1979 686 qui
2007 631 2066 672 se

469 720 528 779 in
575 721 749 790 ipsum
782 717 1064 772 Dominum
1096 710 1401 784 majestatis
1444 709 1660 766 erexit?
1691 709 1892 765 Curare
1920 723 2067 764 nunc

470 821 710 868 vestrum
737 816 822 864 est
850 806 1230 878 quodcumque
1258 806 1456 860 vulnus
1484 803 1703 872 inﬂixit,
1737 811 1794 859 et
1820 801 1904 858 his
1930 817 2066 873 prte-

470 904 602 960 bere
634 902 954 958 medicinam
982 901 1074 972 qui
1103 899 1222 969 ejus
1268 897 1614 955 sermonibus
1661 897 1885 952 sauciati
1915 905 2061 952 sunt.

471 998 669 1054 Firmis
701 999 754 1051 in
787 997 930 1052 hunc
953 1004 1093 1051 state
1117 994 1359 1064 vestigiis
1381 1039 1396 1063 ,
1429 1007 1610 1063 quem,
1641 992 1780 1046 sicut
1805 990 1922 1061 ejus
1947 1004 2064 1045 ser-

471 1108 563 1148 mo
592 1092 967 1159 demonstrat,
997 1090 1108 1160 jam
1148 1088 1416 1144 cecidisse
1465 1086 1767 1142 videamus.
1796 1081 2066 1153 Quidquid

471 1184 530 1241 in
555 1198 655 1239 vos
681 1183 880 1248 intulit,
915 1180 1054 1237 ferte
1082 1179 1108 1219 δ
1143 1180 1433 1250 patienter.
1463 1176 1661 1233 Indixit
1690 1175 1950 1246 injurias,
1984 1177 2067 1229 in—

473 1278 610 1335 dixit
629 1276 852 1334 exsilia?
878 1274 972 1330 lllc
995 1273 1048 1329 in
1073 1274 1184 1328 suis
1206 1273 1325 1328 haec
1352 1286 1541 1342 passus
1566 1280 1670 1336 est,
1697 1284 1857 1340 quem
1881 1282 2068 1324 susce-

472 1371 620 1439 pisse
647 1384 744 1439 pro
775 1367 932 1423 uobis
963 1365 1236 1422 hominem
1265 1364 1541 1420 diliitetur.
1577 1362 1732 1420 Unde
1762 1362 1943 1418 nullus
1971 1362 2066 1416 de-

473 1461 602 1518 ﬂeat
631 1459 894 1531 quidquid
923 1460 978 1514 in
1005 1459 1220 1530 aliquos
1245 1465 1485 1513 vestrum
1515 1455 1696 1513 facere
1717 1457 1936 1511 molitus
1960 1463 2062 1510 est.

546 1555 598 1607 7.
642 1552 928 1608 Patientia:
977 1551 1132 1606 vobis
1181 1559 1344 1620 atque
1393 1551 1715 1606 constantiae
1760 1548 1940 1604 forma
1995 1549 2068 1604 sit

473 1646 807 1717 Stephanus,
839 1645 1045 1715 primus
1073 1642 1274 1698 ChriSti
1306 1644 1459 1699 testis
1487 1643 1746 1697 existens.
1799 1641 1960 1697 Plebs
2009 1641 2064 1694 in

471 1741 619 1796 hunc
650 1739 1029 1809 praedicantem
1074 1736 1292 1793 striduit
1333 1736 1704 1808 perﬁdorum;
1752 1751 1852 1792 nec
1883 1745 2062 1790 tamen

2167 530 2226 582 Εί
2249 531 2440 588 ἐκεῖνος
2471 525 2611 593 ἄξιος
2641 527 2840 601 γέγονεν
2861 568 2874 591 ,
2913 523 2992 582 ὅτι
3022 527 3169 598 μόνον
3202 530 3248 582 ἐν
3283 537 3559 610 πράγμασιν
3579 523 3702 627 -ἇπιρ

2168 619 2416 696 ἔπραττε,
2440 620 2782 698 κατεφρόνησε
2807 630 2909 678 τῶν
2942 622 3149 676 ἐντολῶν
3169 630 3258 678 τοῦ
3286 635 3554 696 Θεοῧ,ποία
3568 619 3704 700 τουτί..

2170 717 2632 789 χρεωστηθήσεται
2652 716 2896 790 τιμωρία,
2925 711 2979 774 ὃς
3001 714 3181 768 ἑαυτὸν
3202 720 3325 772 κατά
3347 728 3435 775 τοῦ
3457 733 3616 800 κυρίου

2168 807 2416 867 Θεὸτητος
2445 806 2656 878 ὕψωσε;
2690 815 2776 861 νῦν
2803 806 3048 882 ὑμέτερόν
3079 808 3185 861 ἐστι
3210 809 3508 883 θεραπεῦσαι
3530 823 3582 876 τὸ
3607 827 3706 898 παρ’

2170 899 2356 954 ἐκείνου
2402 907 2613 974 τραῦμα
2631 941 2644 964 ,
2676 902 2760 953 καί
2787 900 3036 954 ἰάσασθαι
3061 901 3182 958 τοὺς
3225 903 3346 978 παρ’
3367 907 3515 962 αὑτοῦ
3555 913 3707 983 ῥήματι

2168 992 2535 1066 τετρωμένους.
2570 992 2860 1062 ’Δσφαλέσιν
2890 989 3094 1062 ἴχνεσιν
3121 988 3335 1048 ἵστασθε
3365 1000 3490 1053 κατὰ
3527 1011 3604 1056 τοῦ
3635 1007 3709 1068 ἤδη

2168 1086 2452 1150 πεσόντος,
2487 1091 2555 1145 ὡς
2593 1085 2618 1140 ὁ
2657 1085 2783 1161 παρ’
2799 1087 2956 1144 αὑτοῦ
3009 1085 3156 1158 λόγος
3203 1083 3438 1143 δείκνυσι.
3483 1097 3565 1147 Καὶ
3603 1095 3712 1157 εἴτι

2169 1177 2289 1248 ὑμῖν
2310 1179 2598 1249 ἐπήνεγκεν,
2615 1178 2915 1242 ἀνεξικάκως
2936 1179 3131 1253 φέρετε.
3147 1185 3530 1249 Ἑμηχανήσατο
3551 1186 3710 1264 ὕϐρεις,

2169 1272 2539 1342 ἐμηχανήσατο
2564 1272 2914 1344 άφορισμοὺς;
2947 1273 3136 1330 ἐκεῖνος
3172 1281 3193 1308 ε
3229 1269 3381 1334 αὐτὸς
3410 1277 3458 1329 ἐν
3478 1286 3576 1341 τοῖς
3601 1281 3717 1346 ἰδίοις

2170 1365 2434 1425 πέπονθεν,
2457 1361 2507 1417 ὃν
2528 1363 2878 1436 ὑποδέδεχθαι
2905 1367 3039 1439 ὑπὲρ
3065 1367 3204 1436 ἡμῶν
3232 1364 3483 1442 ἄνθρωπον
3506 1374 3712 1446 ἀρνεῖται,

2168 1453 2312 1512 Ὀθεν
2337 1455 2516 1528 μηδείς
2542 1459 2742 1530 κλαύσῃ
2771 1460 2836 1513 τά
2860 1459 2994 1513 κατά
3021 1481 3156 1519 τινος
3189 1459 3330 1529 ὑμῶν
3361 1463 3661 1524 ἐπινοηθέντα.

2241 1559 2341 1611 Τῆς
2371 1553 2687 1616 ἀνεξικακίας
2715 1554 2798 1604 καὶ
2823 1560 2914 1612 τῆς
2949 1553 3213 1623 ὑπομονῆς
3242 1554 3403 1614 τὺπος
3431 1552 3501 1614 εἴη
3525 1561 3721 1633 Στέφανος

2178 1644 2204 1700 ό
2233 1652 2438 1720 πρῶτος
2466 1653 2558 1700 τοῦ
2585 1651 2810 1720 Χριστοῦ
2841 1645 3060 1721 μάρτυς.
3105 1645 3165 1699 '0
3195 1643 3354 1718 ὄχλος
3397 1659 3491 1704 τῶν
3525 1654 3720 1711 ἀπίστων

2171 1739 2282 1793 κατ’
2305 1741 2465 1794 αὑτοῦ
2497 1737 2716 1811 ἔϐρυχε’
2761 1742 2845 1792 καί
2888 1737 3024 1810 ὅμως
3054 1737 3080 1792 ό
3116 1737 3474 1819 συνοδοιπόρος
3500 1752 3583 1798 τοῦ
3623 1756 3722 1820 Χρι-

473 1831 704 1887 idoneus
740 1829 943 1886 Christi
985 1844 1169 1885 comes
1199 1831 1367 1884 tacuit
1396 1829 1542 1901 quod
1585 1827 1821 1884 videbat.
1872 1827 2067 1882 Excla-

2176 1841 2302 1889 στοῦ
2340 1835 2428 1886 οὑκ
2458 1834 2746 1890 ἐσιώπησεν
2779 1830 2908 1906 ὅπερ
2939 1832 3090 1902 ἐώρα.
3141 1832 3286 1888 Ἐϐόα
3314 1837 3498 1905 μεταξὺ
3526 1843 3725 1910 μαι-θυμία

473 1921 660 1977 mabat
688 1922 827 1977 inter
857 1922 1100 1976 furentes
1128 1919 1277 1991 (Act.
1307 1934 1408 1986 vn,
1443 1918 1571 1990 55),
1615 1920 1758 1974 inter
1791 1919 2071 1988 religionis

474 2016 748 2084 inimicos,
781 2015 964 2071 videre
991 2028 1052 2070 se
1076 2025 1294 2085 apertos
1316 2015 1509 2079 caelos,
1537 2025 1590 2069 et
1613 2014 1812 2069 Filium
1835 2014 2070 2069 hominis

473 2121 699 2182 propter
720 2125 878 2180 quem
902 2109 1026 2164 talia
1059 2117 1356 2180 pateretur,
1380 2118 1526 2163 stare
1547 2107 1616 2162 ad
1638 2108 1923 2162 dexteram
1952 2108 2065 2162 Dei.

472 2206 720 2276 Longum
759 2212 842 2260 est
879 2204 958 2259 ire
1003 2217 1102 2274 per
1137 2203 1381 2274 singulos
1403 2244 1418 2270 ,
1461 2203 1552 2272 qui
1589 2203 1752 2256 vitam
1781 2203 1865 2256 vel
1896 2211 2071 2258 morte

474 2297 563 2353 vel
592 2297 940 2353 confessione
961 2295 1182 2350 mercati
1207 2303 1353 2348 sunt.
1383 2294 1603 2349 llabetis
1625 2308 1721 2348 vos
1742 2293 2071 2364 quicumque

477 2388 710 2446 ecclesia
725 2389 856 2442 estis
874 2385 1055 2457 ejecti,
1085 2400 1223 2455 pene
1239 2395 1550 2440 nostrorum
1576 2393 1876 2453 temporum
1899 2385 2070 2440 beatae

476 2479 872 2536 recordationis
911 2477 1190 2534 Athanasii
1239 2478 1624 2534 Alexandrina:
1654 2477 1916 2533 Ecclesiae
1945 2495 2072 2548 pru-

477 2571 783 2630 dentissimi
806 2571 1101 2626 sacerdotis
1118 2570 1446 2638 exemplum.
1462 2569 1563 2624 Cui
1585 2585 1691 2624 non
1709 2571 2069 2625 consolationi

477 2666 550 2721 sit
578 2665 723 2720 illius
754 2662 1076 2718 tolerantia?
1114 2664 1199 2718 cui
1247 2678 1355 2716 non
1386 2663 1457 2717 sit
1488 2664 1736 2732 exemplo
1782 2663 1930 2717 illius
1963 2663 2069 2717 for-

481 2758 654 2814 titudo
674 2759 699 2811 ?
724 2757 810 2812 cui
840 2771 950 2811 non
979 2771 1134 2825 spem
1162 2754 1320 2809 faciat
1347 2755 1466 2825 ejus
1490 2752 1516 2791 ἀ
1543 2763 1859 2826 exspectata
1886 2771 2072 2810 rever-

479 2853 597 2910 sio?
628 2851 857 2922 Ejicitur
879 2849 1010 2905 Ario
1041 2855 1402 2918 persequente
1424 2887 1442 2915 ,
1481 2847 1576 2904 sed
1603 2847 1940 2904 revocandus
1965 2847 2072 2905 Do-

480 2945 631 3000 mino
679 2952 1059 3013 prosequente.
1112 2941 1314 2996 Passus
1341 2949 1426 2996 est
1457 2949 1481 2978 ε
1514 2955 1790 2996 carcerem
1812 2983 1828 3005 ,
1878 2957 2071 3012 passus

480 3039 785 3108 angustias;
818 3050 918 3092 nec
947 3035 1139 3090 mirum
1161 3079 1176 3104 ,
1211 3034 1258 3089 si
1286 3037 1367 3088 vir
1419 3036 1750 3105 apostolicus
1779 3051 1842 3092 ea
1877 3051 2070 3107 passus

481 3143 564 3192 est
594 3131 789 3202 quibus
826 3145 887 3185 se
928 3129 1221 3200 Apostolus
1251 3127 1330 3199 (ll
1355 3128 1475 3190 Cor.
1503 3129 1589 3195 si)
1614 3131 1880 3200 gloriatur
1905 3146 2068 3187 exer-

2175 1949 2297 1991 νων,
2330 1927 2524 1999 μεταξὺ
2571 1932 2671 1980 τῶν
2713 1933 2804 1986 τῆς
2834 1928 3100 1999 θρησκείας
3151 1925 3372 1999 ἐχθρῶν,
3400 1926 3548 1998 λέγων
3580 1929 3727 1986 ἑαυτὸν

2176 2019 2298 2096 ὁρᾷν
2327 2021 2671 2093 ἀνεῳγμένους
2700 2022 2823 2079 τοὺς
2861 2021 3101 2094 οὑρανοὺς
3126 2061 3139 2083 ,
3171 2022 3262 2074 καὶ
3289 2022 3375 2076 τὸν
3407 2021 3512 2076 υίὸν
3536 2030 3616 2077 τοῦ
3653 2027 3725 2080 ἆν-

2175 2115 2405 2190 θρὼπου,
2439 2111 2568 2167 δι’ὃν
2595 2120 2761 2169 ταῦτα
2791 2111 3057 2184 ἔπασχεν,
3089 2113 3362 2186 ἱστάμενον
3388 2116 3510 2188 πρὸς
3535 2125 3591 2190 τῇ
3615 2115 3728 2190 δεξιᾷ

2174 2212 2269 2260 τοῦ
2301 2211 2452 2260 Θεοῦ.
2487 2205 2690 2276 Μακρὸν
2722 2206 2834 2260 ἐστι
2865 2212 3059 2280 χωρεῖν
3090 2203 3154 2261 δι’
3174 2205 3398 2261 ίκάστου
3427 2213 3520 2262 τῶν
3546 2212 3728 2280 πριαμέ-

2174 2321 2270 2353 νων
2300 2298 2504 2360 ἑαυτοῖς
2534 2303 2664 2362 ζωήν
2699 2297 2728 2357 ἦ
2759 2299 2958 2369 θανάτῳ
2987 2297 3018 2357 ἦ
3049 2297 3315 2370 ὁμολογίᾳ.
3356 2294 3536 2370 Ἐχετε
3577 2301 3727 2370 ὑμεῖς,

2174 2387 2283 2444 ὅσοι
2310 2399 2401 2450 τῆς
2429 2390 2723 2449 Ἐκκλησίας
2762 2391 3098 2457 ἐκϐέϐλησθε,
3142 2389 3338 2462 σχεδὸν
3385 2399 3480 2445 τῶν
3516 2394 3730 2468 ἡμετέρων

2175 2490 2364 2557 καιρῶν
2397 2481 2678 2554 ὓπὸδειγμα
2717 2489 2808 2538 τοῦ
2840 2492 2932 2544 τῆς
2961 2484 3224 2559 μακαρίας
3253 2487 3446 2554 μνήμης
3477 2485 3728 2539 Ἀθανασίου

2173 2583 2263 2630 τοῦ
2298 2578 2594 2648 σοφωτάτου
2628 2577 2799 2652 ἱερέως
2830 2587 2921 2638 τῆς
2943 2577 3310 2650 Ἀλεξανδρέων
3329 2579 3622 2640 Ἐκκλησίας.
3649 2582 3731 2635 Τίνι

2173 2670 2262 2722 οὑκ
2293 2664 2354 2723 ἂν
2383 2667 2458 2726 εἴη
2488 2671 2791 2743 παραμυθία
2813 2673 2842 2728 ἡ
2868 2672 3050 2725 ἐκείνου
3077 2672 3348 2744 ὑπομονῆς
3380 2674 3476 2726 τίνι
3499 2674 3578 2726 οὑκ
3599 2666 3649 2726 ἂν
3671 2670 3731 2730 εἴη

2173 2760 2467 2834 ὑπόδειγμα
2496 2765 2525 2819 ἡ
2557 2763 2744 2816 ἐκείνου
2785 2763 3097 2840 στερῤὁτης;
3145 2765 3246 2818 τίνι
3288 2765 3374 2818 οὐκ
3418 2758 3477 2818 ἂν
3514 2767 3735 2822 ποιήσειεν

2174 2855 2357 2911 ἐλπίδα
2393 2858 2423 2914 ἡ
2463 2857 2647 2910 ἐκείνου
2712 2857 3061 2917 πολυπόθητος
3113 2857 3398 2920 ὲπάνοδοΗ
3444 2858 3737 2920 Ἐκϐάλλεται

2173 2953 2372 3025 ’Δρείου
2403 2947 2691 3017 διώκοντος,
2742 2949 3161 3010 ἀλλ’ἀνακλητὲος
3203 2956 3301 3006 τοῦ
3329 2951 3506 3025 κυρίου
3541 2952 3736 3024 προπέμ-

2173 3063 2375 3103 ποντος.
2409 3039 2592 3096 Ἐπαθε
2639 3043 2882 3114 φυλακήν,
2916 3039 3068 3097 ἔπαθε
3117 3041 3322 3117 θρίψεις
3341 3060 3351 3071 ·
3383 3047 3463 3098 καὶ
3490 3044 3542 3096 οὑ
3568 3043 3732 3112 θαυμα-

2176 3138 2320 3202 στὸν,
2347 3138 2390 3190 εί
2411 3135 2436 3190 ό
2456 3136 2798 3195 ἁποστολικός
2819 3138 2942 3213 ἀνὴρ
2965 3142 3132 3192 ταῦτα
3156 3137 3397 3203 πέπονθε,
3421 3135 3482 3191 δι’
3500 3132 3561 3190 ὧν
3585 3136 3735 3190 ἑαυτὸν

480 3221 744 3281 citatum?
775 3221 831 3276 ln
873 3221 957 3274 his
1004 3231 1182 3275 tamen
1220 3220 1474 3275 omnibus
1505 3231 1724 3276 secutus
1755 3232 1838 3276 est
1875 3222 2026 3276 illum
2056 3265 2070 3288 ,

2180 3228 2520 3302 γεγυμνάσθαι
2536 3234 2807 3298 καυχᾶται
2829 3225 3174 3289 ὁάπόστολος.
3208 3231 3302 3283 Καὶ
3327 3231 3376 3283 ἐν
3402 3228 3585 3289 τούτοις
3605 3232 3737 3281 πᾶσιν

480 3315 573 3386 qui
603 3313 706 3368 sibi
735 3314 789 3367 in
815 3311 1256 3367 tribulationibus
1286 3326 1345 3368 se
1369 3313 1584 3382 placere
1610 3322 1837 3369 testatur
1863 3313 1932 3386 (ll
1951 3313 2073 3370 Cor.

482 3426 580 3478 xu,
614 3410 724 3482 10).
755 3409 993 3480 Fugatus
1020 3409 1188 3476 illinc,
1225 3410 1278 3463 in
1311 3409 1512 3464 nostris
1537 3410 1779 3479 partibus
1811 3408 1831 3448 ί
1866 3426 2080 3466 recrea-

481 3512 568 3557 tus
600 3512 702 3557 est.
738 3502 978 3571 Denique
1018 3500 1106 3556 hic
1135 3501 1187 3556 ei
1225 3500 1628 3571 redintegratus
1669 3510 1754 3558 est
1779 3510 1990 3573 status,
2023 3513 2078 3560 et

482 3597 538 3652 in
588 3596 690 3652 hac
737 3595 868 3651 sede
913 3595 1156 3665 requiem
1184 3596 1582 3652 communionis
1610 3598 1846 3664 invenit,
1899 3614 1929 3653 a
1971 3613 2078 3668 qua

483 3699 510 3738 ε
541 3703 760 3759 semper
787 3687 1072 3744 catholicis
1099 3689 1435 3744 subvenitur.
1470 3689 1579 3745 Nec
1611 3699 1791 3746 tamen
1827 3692 1996 3746 sensit
2023 3694 2078 3748 in

484 3783 924 3840 tribulationibus
954 3783 1349 3850 lassitudinem,
1385 3783 1474 3853 qui
1508 3784 1680 3840 factus
1702 3795 1787 3840 est
1814 3785 1865 3840 in
1896 3800 2079 3855 perse-

480 3877 703 3934 cutione
733 3876 1033 3931 confessor.
1090 3875 1244 3932 Unde
1280 3876 1715 3934 CHRISTIANORUII
1745 3880 1924 3935 nullus
1956 3880 2079 3935 illa-

503 3985 596 4026 nm
618 3970 720 4024 sibi
746 3969 1043 4038 temporale
1063 3969 1266 4024 deﬂere
1285 3969 1446 4025 debet
1467 3972 1737 4040 exsilium,
1757 3973 1880 4043 quia
1900 3988 2078 4029 sonus:

482 4078 627 4119 NEIO
647 4061 797 4118 exsul
823 4070 908 4117 est
928 4061 1060 4116 Deo.
1080 4061 1397 4118 Timeamus
1421 4079 1491 4120 ne
1513 4079 1542 4120 e
1563 4067 1787 4136 regione
1807 4067 2076 4134 vivorum,

483 4154 590 4210 hoc
633 4164 716 4210 est
761 4154 852 4210 illa
896 4169 1059 4225 quam
1097 4165 1336 4211 nostram
1369 4158 1598 4227 patriam
1629 4169 1752 4215 esse
1779 4159 2029 4215 volumus
2061 4201 2077 4226 ,

485 4249 817 4306 exsulemus.
840 4248 978 4304 lllud
1001 4259 1085 4304 est
1107 4258 1377 4318 nostrum,
1409 4251 1544 4306 illud
1574 4261 1916 4322 perpetuum,
1946 4252 2079 4308 illud

484 4353 770 4415 aeternum.
798 4341 1052 4398 Nostrum
1079 4344 1227 4399 enim
1252 4359 1360 4399 non
1384 4354 1470 4401 est
1490 4345 1632 4402 unde
1660 4346 1952 4412 transitur;
1983 4345 2081 4402 sed

483 4435 574 4490 illa
600 4449 726 4490 vere
748 4441 951 4500 nostra,
977 4451 1102 4505 quae
1126 4451 1250 4506 spes
1271 4436 1580 4492 certissima
1604 4438 1912 4508 pollicetur.
1941 4438 2083 4495 Sunt

485 4538 696 4599 autem,
729 4528 943 4585 dicente
973 4529 1269 4600 Apostolo,
1303 4546 1417 4597 qua:
1445 4530 1629 4586 oculus
1665 4547 1768 4586 non
1799 4533 1954 4600 vidit,
1988 4549 2070 4587 nec

2187 4527 2320 4589 οδος*
2364 4528 2488 4582 ἀλλά
2527 4533 2693 4582 ταῦτα
2734 4527 2927 4585 ἀληθῶς
2970 4527 3228 4601 ἡμέτερα,
3263 4528 3397 4601 ἥπερ
3425 4523 3748 4597 ἀσφαλεστάτη

486 4623 627 4676 auris
655 4621 875 4689 audivit,
909 4638 1001 4677 nec
1028 4621 1083 4676 in
1105 4637 1196 4676 cor
1215 4621 1439 4676 hominis
1467 4624 1806 4678 ascenderunt
1827 4623 1938 4679 lucc
1963 4641 2070 4695 qua:

2181 4626 2321 4683 ἐλπίς
2350 4621 2724 4695 ἐπαγγέλλεται.
2757 4617 2905 4675 Ἐστι
2934 4623 2982 4674 δὲ
3005 4621 3237 4694 λέγοντος
3267 4624 3492 4676 ἀκοῦσαι
3528 4623 3609 4675 τοῦ
3636 4620 3749 4672 ἀπο·
3769 4632 3782 4682 ⁸,

2181 3321 2354 3394 ἐκείνῳ
2384 3322 2692 3381 ἠκολούθησε
2724 3329 2798 3392 τῷ
2827 3324 3236 3396 μαρτυρομένῳ,
3271 3321 3348 3377 ὅτι
3390 3324 3550 3392 ἐαυτῷ
3577 3324 3622 3375 ἓν
3645 3328 3738 3380 ταῖς

2180 3413 2403 3484 θλίψεσιν
2430 3415 2654 3487 ἀρέσκει.
2678 3411 2928 3484 ἐδιώχθη
2957 3414 3161 3474 ἐκεῖθεν,
3199 3419 3284 3469 καί
3313 3416 3364 3468 ἓν
3387 3423 3495 3473 τοῖς
3515 3416 3741 3487 ἡμετέροις

2181 3508 2387 3581 μίρεσιν
2417 3509 2731 3561 άνεκτίσατο.
2763 3508 2953 3577 Ἀμέλει
2976 3509 3192 3563 ἐνταῦθα
3220 3511 3378 3564 αὑτοῦ
3405 3511 3435 3566 ἡ
3462 3510 3741 3567 κατάστασις

2183 3602 2516 3666 άνεκαινίσθη,
2545 3604 2630 3654 καί
2658 3603 2708 3654 ἐν
2737 3602 2904 3671 τούτῳ
2933 3608 3005 3671 τῷ
3033 3601 3187 3676 θρόνῳ
3221 3599 3342 3678 εὗρε
3374 3604 3619 3660 κοινωνίας
3643 3602 3743 3654 ἀνά*

2185 3716 2397 3757 παυσιν,
2431 3694 2512 3765 ἀφ’
2543 3690 2600 3746 οὑ
2631 3694 2710 3747 ἀεὶ
2735 3701 2844 3754 τοῖς
2873 3693 3160 3753 καθολικοῖς
3189 3700 3428 3766 γεννᾶται
3453 3693 3744 3763 βοήθειαιιή

2185 3785 2323 3858 ὅμως
2354 3789 2404 3840 ἒν
2433 3795 2546 3846 ταῖς
2574 3784 2806 3860 ϐρέφεσιν
2845 3787 2930 3838 οὐκ
2973 3784 3159 3859 ᾔσθετο
3194 3788 3356 3842 πόνου
3389 3786 3413 3840 ὁ
3443 3785 3682 3858 γενόμενος
3708 3784 3744 3836 ἕν

2186 3889 2258 3953 τῷ
2299 3878 2504 3952 διωγμῷ
2543 3877 2870 3950 ὁμολογητής.
2914 3875 3060 3932 ’Ὀθεν
3107 3876 3274 3939 οὐδεὶς
3320 3887 3419 3934 τῶν
3466 3883 3745 3955 χριστιανῶν

2185 3969 2402 4024 κλαῦσαι
2433 3971 2612 4042 ὀφείλει
2637 3975 2727 4028 τήν
2759 3971 3126 4040 ἐπενεχθεῖσαν
3158 3972 3304 4041 αὑτῷ
3346 3970 3640 4045 πρόσκαιρον
3663 3967 3746 4030 ἐξο⁴

2185 4063 2320 4137 ρίαν,
2353 4059 2429 4116 ὅτι
2459 4063 2655 4115 ἐκείνων
2694 4059 2854 4120 οὐδεὶς
2886 4062 3217 4136 ἐξωρισμένος
3263 4065 3375 4118 ἐστὶ
3403 4070 3528 4134 Θεῷ.
3578 4059 3746 4113 Μᾶλλον

2181 4154 2492 4227 φοϐηθῶμεν,
2527 4159 2596 4222 μή
2629 4154 2730 4206 άπὸ
2771 4162 2863 4214 τῆς
2904 4156 3088 4227 χώρας
3133 4160 3237 4208 τῶν
3267 4156 3484 4219 ζώντων,
3519 4153 3746 4207 τουτέστιν

2180 4248 2498 4308 άπ“ἐκείνης.
2533 4248 2592 4305 ἣν
2631 4248 2880 4319 ἡμετέραν
2928 4246 3129 4317 θέλομεν
3169 4243 3292 4300 εἶναι
3335 4243 3591 4321 πατρίδα,
3616 4244 3747 4311 ἐξορι-

2181 4342 2397 4410 σθῶμεν.
2439 4339 2626 4394 Ἐκεῖνό
2671 4340 2806 4394 ἐστιν
2857 4340 3122 4412 ἡμέτερον,
3153 4341 3312 4394 ἐκεῖνο
3359 4337 3592 4401 διηνεκές,
3622 4333 3748 4388 iuba

2188 4439 2402 4491 αἰώνιον.
2435 4436 2534 4487 Οὑκ
2563 4432 2675 4488 ἔστι
2703 4435 2803 4507 γάρ
2830 4435 2989 4486 ἐκεῖνο
3019 4435 3265 4503 ἡμέτερον
3284 4473 3298 4497 ,
3334 4431 3398 4486 δι’
3411 4428 3470 4485 οὗ
3495 4432 3612 4502 μόνη
3636 4429 3749 4501 πάρ-

559 4857 586 4886 ι
624 4847 682 4902 ln
710 4848 924 4918 vulgata
948 4848 1178 4904 lectione
1203 4848 1413 4914 Graeca,
1447 4851 1492 4904 ιὶ
1518 4849 1704 4909 ἐκεῖνος
1733 4850 1937 4914 ἀνάξιος
1958 4889 1972 4913 ,
2008 4849 2074 4904 Si

484 4919 576 4974 ille
626 4920 724 4987 fuit
765 4919 1046 4990 indignus;
1095 4919 1238 4988 quod
1287 4928 1466 4989 potest
1506 4920 1714 4973 admitti
1767 4920 2076 4990 supplendo

485 4991 630 5060 regni
657 4989 1039 5045 honore.’Cum
1080 4989 1258 5061 ιἰείζίἰεΔ
1273 5000 1451 5044 autem
1486 5005 1616 5044 mss.
1647 5001 1832 5060 utpote
1877 4992 2074 5061 quibus

483 5058 710 5118 Latinus
733 5071 910 5116 textus
935 5058 1193 5126 concinit,
1227 5058 1369 5125 ἄξιος
1395 5058 1766 5130 praeferentes,
1795 5058 2074 5118 subaudiri

484 5133 928 5201 intelligimus-ut
957 5141 1283 5202 sperneretur
1307 5149 1340 5185 a
1364 5132 1494 5187 Deo.

561 5204 590 5276 δέ
629 5204 813 5258 Baiuz.
841 5220 963 5258 cum
993 5218 1150 5272 mss.,
1180 5204 1456 5276 sapienter.
1489 5203 1693 5260 Deinde
1719 5204 1852 5260 edit.
1886 5203 2066 5273 Rom.,

484 5274 706 5347 Indugrit
736 5278 979 5347 injurias.

559 5357 582 5416 ξ
626 5345 757 5416 Leg.
788 5345 947 5402 αὐτοὶ.

555 5413 582 5454 ἀ
622 5417 679 5470 lu
708 5413 936 5484 epistola
965 5417 1036 5472 45
1060 5415 1263 5472 Nicolai
1290 5416 1332 5487 l,
1367 5417 1431 5471 ad
1464 5417 1888 5474 Suessionenses
1915 5459 1929 5480 .
1978 5417 2072 5473 ubi

489 5497 633 5544 totus
663 5488 749 5542 hic
780 5489 931 5543 locus
953 5489 1306 5550 describitur,
1346 5489 1554 5544 obtinet
1579 5490 1796 5558 quidem
1827 5491 2069 5556 inexspe-

487 5570 622 5614 ctata
645 5601 658 5625 ,
687 5559 782 5614 sed
812 5564 862 5613 in
895 5561 1188 5614 vetustiore
1219 5559 1462 5628 ejusdem
1494 5561 1738 5626 cpistola:
1765 5559 2070 5627 exemplari

487 5631 798 5688 Colbertino
827 5642 998 5686 exstat
1029 5633 1189 5686 etiam
1217 5641 1526 5700 exspectata.
1553 5633 1796 5686 Graecum
1830 5631 2069 5685 vocabu-

491 5703 600 5756 lum
635 5703 848 5771 proprie
887 5712 1046 5756 sonat
1084 5719 1276 5755 summe
1319 5703 1682 5758 desideranda.
1731 5705 2070 5771 Quamquam

491 5772 722 5839 suspicio
752 5780 836 5825 est
866 5789 1014 5845 more
1049 5776 1267 5845 antiquo
1294 5775 1551 5845 scriptum
1585 5790 1706 5830 esse
1741 5783 2068 5845 exspectata,

491 5855 592 5909 pro
617 5849 863 5908 spectata,
894 5842 946 5897 id
970 5851 1074 5910 est,
1107 5844 1250 5898 clara
1282 5855 1334 5899 et
1361 5844 1617 5914 gloriosa.

2258 4858 2279 4883 ο
2315 4846 2642 4902 Athanasius
2666 4846 2868 4902 nullum
2893 4861 3084 4914 passus
3102 4861 3224 4904 esse
3251 4860 3530 4904 carcerem
3556 4841 3745 4912 legitur,

2186 4917 2287 4973 nisi
2313 4930 2534 4991 vocetur
2551 4932 2761 4991 carcer,
2787 4917 3072 4991 latibulum
3098 4919 3151 4974 in
3174 4935 3283 4991 quo
3307 4935 3367 4975 se
3392 4915 3626 4973 Valentis
3645 4927 3748 4982 per-

2183 4989 2514 5064 secutionem
2545 4989 2756 5058 fugiens
2786 4989 3014 5064 a_bdidit.
3051 5062 3069 5064 ῃ
3194 4989 3224 5064 ’ί
3330 5061 3340 5064 _
3435 5059 3464 5064 _
3735 5052 3747 5064 ,

2261 5059 2279 5098 ί
2323 5060 2397 5114 lta
2448 5075 2576 5115 mss.
2629 5076 2751 5115 cum
2801 5061 2985 5115 Baluz.
3037 5062 3169 5129 Qute
3215 5061 3380 5116 lectio
3423 5059 3616 5116 Graeca:
3643 5059 3748 5129 voci

2182 5133 2502 5197 άνεκτίσατο,
2533 5131 2645 5186 sive
2676 5141 2736 5186 υι
2763 5132 2813 5184 in
2837 5127 3436 5202 νυΙεαιὶε-ἆνεκτὴσατο,
3467 5127 3748 5202 respondet.

2184 5205 2255 5258 At
2285 5207 2336 5257 in
2366 5204 2498 5257 edit.
2537 5203 2692 5258 Rom.
2727 5203 2885 5268 Lab.,
2919 5199 2977 5258 tit
3003 5213 3056 5258 et
3084 5207 3222 5273 apud
3247 5205 3525 5273 Nicolaum
3557 5201 3594 5261 l,
3624 5199 3748 5273 robo-

2183 5285 2329 5328 ratus
2359 5283 2452 5328 est.
2484 5273 2619 5328 Tum
2651 5275 2868 5328 Baluzio
2896 5274 3065 5344 magis
3095 5269 3294 5342 placuit
3319 5318 3334 5342 ,
3365 5272 3595 5338 Denique
3620 5269 3742 5344 hinc,

2183 5347 2426 5416 quamvis
2457 5360 2585 5398 mss.
2613 5345 2766 5399 Colh.
2786 5387 2801 5409 ,
2849 5340 3052 5399 Turuii.
3084 5340 3139 5400 et
3164 5348 3294 5399 Nav.
3321 5340 3746 5416 lrefragantibus.

2181 5414 2286 5472 Sed
2317 5426 2369 5471 et
2401 5416 2542 5484 quod
2571 5417 2843 5471 antecedit
2872 5416 2927 5469 in
2958 5418 3147 5470 nostris
3189 5414 3452 5481 partibus,
3486 5429 3586 5468 non
3613 5428 3640 5462 α
3669 5423 3748 5484 πρ-

2180 5490 2302 5542 stris
2329 5478 2594 5555 par-libus;
2625 5502 2725 5541 nec
2752 5503 2856 5542 non
2884 5487 3026 5556 quod
3051 5478 3403 5554 subsequitur
3428 5478 3480 5538 in
3499 5486 3601 5556 [mc
3623 5478 3743 5556 sede,

2181 5574 2286 5613 non
2318 5552 2380 5611 ob
2407 5559 2502 5611 hac
2528 5561 2673 5622 sedc,
2707 5560 2868 5613 etiam
2903 5552 3015 5625 hic,
3051 5573 3156 5612 non
3190 5552 3333 5624 hinc,
3371 5552 3744 5626 praeferendum

2177 5630 2388 5685 suadet.
2436 5630 2608 5696 Quam
2649 5621 2824 5685 Julius
2851 5621 3329 5701 papa'Athanasio'
3355 5621 3513 5698 opem
3543 5621 3744 5694 tulerit,

2177 5701 2362 5756 nullus
2397 5701 2628 5768 ignorat.

2251 5782 2274 5820 ε
2317 5772 2440 5827 Haec
2471 5773 2600 5827 citat
2626 5771 2882 5830 Nicolaus
2909 5772 2954 5842 l,
2987 5775 3147 5846 epist.
3180 5775 3269 5831 40.
