  <div class='ocr_page' id='page_1' title='image "/cluster/home/n/w/nwhite01/storage/ocr_20150623/50/hvd.32044015471550/254.png"; bbox 0 0 3976 6336; ppageno 0'>
   <div class='ocr_carea' id='block_1_1' title="bbox 234 361 331 417">
    <p class='ocr_par' dir='ltr' id='par_1_1' title="bbox 234 361 331 417">
     <span class='ocr_line' id='line_1_1' title="bbox 234 361 331 417; baseline -0.01 0"><span class='ocrx_word' id='word_1_1' title='bbox 234 361 331 417; x_wconf 78' lang='grc'><strong>497</strong></span> 
     </span>
    </p>
   </div>
   <div class='ocr_carea' id='block_1_2' title="bbox 554 349 3165 415">
    <p class='ocr_par' dir='ltr' id='par_1_2' title="bbox 554 349 3165 415">
     <span class='ocr_line' id='line_1_2' title="bbox 554 349 3165 415; baseline -0.003 -4"><span class='ocrx_word' id='word_1_2' title='bbox 554 351 774 415; x_wconf 76' lang='lat' dir='ltr'><strong>EPIST.</strong></span> <span class='ocrx_word' id='word_1_3' title='bbox 817 351 959 412; x_wconf 81' lang='lat' dir='ltr'><strong>XIV.</strong></span> <span class='ocrx_word' id='word_1_4' title='bbox 998 349 1391 412; x_wconf 76' lang='lat' dir='ltr'><strong>C(ELESTINI</strong></span> <span class='ocrx_word' id='word_1_5' title='bbox 1431 351 1638 410; x_wconf 68' lang='grc' dir='ltr'><strong>ΡΑΡᾹΞ</strong></span> <span class='ocrx_word' id='word_1_6' title='bbox 1677 351 1769 408; x_wconf 79' lang='lat' dir='ltr'><strong>AD</strong></span> <span class='ocrx_word' id='word_1_7' title='bbox 1807 353 2088 410; x_wconf 78' lang='lat' dir='ltr'><strong>CLERUM</strong></span> <span class='ocrx_word' id='word_1_8' title='bbox 2120 353 2210 409; x_wconf 82' lang='grc' dir='ltr'><strong>ΕΤ</strong></span> <span class='ocrx_word' id='word_1_9' title='bbox 2251 351 2578 411; x_wconf 84' lang='lat' dir='ltr'><strong>POPULUM</strong></span> <span class='ocrx_word' id='word_1_10' title='bbox 2616 349 3165 412; x_wconf 76' lang='lat' dir='ltr'><strong>CONSTANTINOP.</strong></span> 
     </span>
    </p>
   </div>
   <div class='ocr_carea' id='block_1_3' title="bbox 3385 349 3498 413">
    <p class='ocr_par' dir='ltr' id='par_1_3' title="bbox 3385 349 3498 413">
     <span class='ocr_line' id='line_1_3' title="bbox 3385 349 3498 413; baseline 0.053 -5"><span class='ocrx_word' id='word_1_11' title='bbox 3385 349 3498 413; x_wconf 69' lang='grc' dir='ltr'><strong>ινδ</strong></span> 
     </span>
    </p>
   </div>
   <div class='ocr_carea' id='block_1_4' title="bbox 229 463 1787 550">
    <p class='ocr_par' dir='ltr' id='par_1_4' title="bbox 229 468 1787 550">
     <span class='ocr_line' id='line_1_4' title="bbox 229 468 1787 550; baseline -0.004 -20"><span class='ocrx_word' id='word_1_12' title='bbox 229 471 520 550; x_wconf 67' lang='lat' dir='ltr'><strong>praeparavit</strong></span> <span class='ocrx_word' id='word_1_13' title='bbox 543 469 679 524; x_wconf 89' lang='lat' dir='ltr'><strong>Deus</strong></span> <span class='ocrx_word' id='word_1_14' title='bbox 699 468 1022 541; x_wconf 74' lang='lat' dir='ltr'><strong>diligentibus</strong></span> <span class='ocrx_word' id='word_1_15' title='bbox 1042 486 1096 524; x_wconf 85' lang='lat' dir='ltr'><strong>se</strong></span> <span class='ocrx_word' id='word_1_16' title='bbox 1120 468 1162 542; x_wconf 94' lang='grc' dir='ltr'>(Ι</span> <span class='ocrx_word' id='word_1_17' title='bbox 1183 468 1303 526; x_wconf 88' lang='lat' dir='ltr'><strong>Cor.</strong></span> <span class='ocrx_word' id='word_1_18' title='bbox 1319 485 1380 539; x_wconf 87' lang='lat' dir='ltr'><strong>tt,</strong></span> <span class='ocrx_word' id='word_1_19' title='bbox 1404 469 1486 541; x_wconf 88' lang='grc'><strong>9).</strong></span> <span class='ocrx_word' id='word_1_20' title='bbox 1510 469 1589 526; x_wconf 83' lang='lat' dir='ltr'><strong>Ne</strong></span> <span class='ocrx_word' id='word_1_21' title='bbox 1612 476 1787 525; x_wconf 86' lang='lat' dir='ltr'><strong>tamen</strong></span> 
     </span>
    </p>
   </div>
   <div class='ocr_carea' id='block_1_5' title="bbox 1895 463 3496 550">
    <p class='ocr_par' dir='ltr' id='par_1_5' title="bbox 1896 463 3496 540">
     <span class='ocr_line' id='line_1_5' title="bbox 1896 463 3496 540; baseline 0.001 -16"><span class='ocrx_word' id='word_1_22' title='bbox 1896 468 2101 524; x_wconf 85' lang='grc' dir='ltr'><strong>στόλου·</strong></span> <span class='ocrx_word' id='word_1_23' title='bbox 2135 464 2197 522; x_wconf 76' lang='grc' dir='ltr'><strong>Ἀ</strong></span> <span class='ocrx_word' id='word_1_24' title='bbox 2223 467 2471 540; x_wconf 86' lang='grc' dir='ltr'><strong>ὀφθαλμὸς</strong></span> <span class='ocrx_word' id='word_1_25' title='bbox 2499 470 2586 522; x_wconf 85' lang='grc' dir='ltr'><strong>οὑκ</strong></span> <span class='ocrx_word' id='word_1_26' title='bbox 2614 463 2740 524; x_wconf 78' lang='grc' dir='ltr'><strong>εἶδ3ν</strong></span> <span class='ocrx_word' id='word_1_27' title='bbox 2761 509 2774 535; x_wconf 85' lang='grc'><em>,</em></span> <span class='ocrx_word' id='word_1_28' title='bbox 2807 466 2922 523; x_wconf 83' lang='grc' dir='ltr'><strong>οὐδὲ</strong></span> <span class='ocrx_word' id='word_1_29' title='bbox 2951 468 3078 526; x_wconf 75' lang='grc' dir='ltr'><strong>ἀκοὴ</strong></span> <span class='ocrx_word' id='word_1_30' title='bbox 3106 467 3348 533; x_wconf 74' lang='grc' dir='ltr'><strong>ἤκουσεν,</strong></span> <span class='ocrx_word' id='word_1_31' title='bbox 3376 463 3496 524; x_wconf 68' lang='grc' dir='ltr'><strong>οὐδέ</strong></span> 
     </span>
    </p>
   </div>
   <div class='ocr_carea' id='block_1_6' title="bbox 229 563 1795 634">
    <p class='ocr_par' dir='ltr' id='par_1_6' title="bbox 229 563 1795 634">
     <span class='ocr_line' id='line_1_6' title="bbox 229 563 1795 634; baseline -0.004 -9"><span class='ocrx_word' id='word_1_32' title='bbox 229 568 304 626; x_wconf 81' lang='lat' dir='ltr'><strong>vel</strong></span> <span class='ocrx_word' id='word_1_33' title='bbox 328 567 393 621; x_wconf 88' lang='lat' dir='ltr'><strong>ad</strong></span> <span class='ocrx_word' id='word_1_34' title='bbox 419 577 624 634; x_wconf 77' lang='lat' dir='ltr'><strong>tempus</strong></span> <span class='ocrx_word' id='word_1_35' title='bbox 649 563 766 634; x_wconf 82' lang='lat' dir='ltr'><strong>ejus</strong></span> <span class='ocrx_word' id='word_1_36' title='bbox 796 563 1043 620; x_wconf 84' lang='lat' dir='ltr'><strong>videatur</strong></span> <span class='ocrx_word' id='word_1_37' title='bbox 1072 564 1260 620; x_wconf 89' lang='lat' dir='ltr'><strong>valere</strong></span> <span class='ocrx_word' id='word_1_38' title='bbox 1289 565 1590 632; x_wconf 74' lang='lat' dir='ltr'><strong>sententia,</strong></span> <span class='ocrx_word' id='word_1_39' title='bbox 1623 564 1714 634; x_wconf 94' lang='lat' dir='ltr'><strong>qui</strong></span> <span class='ocrx_word' id='word_1_40' title='bbox 1743 564 1795 618; x_wconf 93' lang='lat' dir='ltr'><strong>in</strong></span> 
     </span>
    </p>
   </div>
   <div class='ocr_carea' id='block_1_7' title="bbox 227 657 1798 731">
    <p class='ocr_par' dir='ltr' id='par_1_7' title="bbox 227 657 1798 731">
     <span class='ocr_line' id='line_1_7' title="bbox 227 657 1798 731; baseline -0.004 -13"><span class='ocrx_word' id='word_1_41' title='bbox 227 677 282 718; x_wconf 89' lang='lat' dir='ltr'><strong>se</strong></span> <span class='ocrx_word' id='word_1_42' title='bbox 305 661 408 731; x_wconf 85' lang='lat' dir='ltr'><strong>jam</strong></span> <span class='ocrx_word' id='word_1_43' title='bbox 433 658 664 713; x_wconf 84' lang='lat' dir='ltr'><strong>divinam</strong></span> <span class='ocrx_word' id='word_1_44' title='bbox 695 660 1024 714; x_wconf 87' lang='lat' dir='ltr'><strong>sententiam</strong></span> <span class='ocrx_word' id='word_1_45' title='bbox 1055 666 1404 729; x_wconf 77' lang='lat' dir='ltr'><strong>provocarat,</strong></span> <span class='ocrx_word' id='word_1_46' title='bbox 1438 667 1627 727; x_wconf 85' lang='lat' dir='ltr'><strong>aperte</strong></span> <span class='ocrx_word' id='word_1_47' title='bbox 1653 657 1798 714; x_wconf 90' lang='lat' dir='ltr'><strong>sedis</strong></span> 
     </span>
    </p>
   </div>
   <div class='ocr_carea' id='block_1_8' title="bbox 227 749 1796 820">
    <p class='ocr_par' dir='ltr' id='par_1_8' title="bbox 227 749 1796 820">
     <span class='ocr_line' id='line_1_8' title="bbox 227 749 1796 820; baseline -0.004 -9"><span class='ocrx_word' id='word_1_48' title='bbox 227 764 413 811; x_wconf 78' lang='lat' dir='ltr'><strong>nostra:</strong></span> <span class='ocrx_word' id='word_1_49' title='bbox 441 749 618 806; x_wconf 79' lang='lat' dir='ltr'><strong>sanxit.</strong></span> <span class='ocrx_word' id='word_1_50' title='bbox 659 752 958 806; x_wconf 84' lang='lat' dir='ltr'><strong>auctoritas</strong></span> <span class='ocrx_word' id='word_1_51' title='bbox 984 793 999 818; x_wconf 97' lang='lat'><strong>,</strong></span> <span class='ocrx_word' id='word_1_52' title='bbox 1055 750 1258 805; x_wconf 90' lang='lat' dir='ltr'><strong>nullum</strong></span> <span class='ocrx_word' id='word_1_53' title='bbox 1298 752 1413 806; x_wconf 84' lang='lat' dir='ltr'><strong>sive</strong></span> <span class='ocrx_word' id='word_1_54' title='bbox 1440 751 1753 820; x_wconf 84' lang='lat' dir='ltr'><strong>episcopum</strong></span> <span class='ocrx_word' id='word_1_55' title='bbox 1778 789 1796 819; x_wconf 90' lang='lat'><strong>,</strong></span> 
     </span>
    </p>
   </div>
   <div class='ocr_carea' id='block_1_9' title="bbox 225 841 1794 912">
    <p class='ocr_par' dir='ltr' id='par_1_9' title="bbox 225 841 1794 912">
     <span class='ocr_line' id='line_1_9' title="bbox 225 841 1794 912; baseline -0.002 -11"><span class='ocrx_word' id='word_1_56' title='bbox 225 847 328 902; x_wconf 87' lang='lat' dir='ltr'><strong>sive</strong></span> <span class='ocrx_word' id='word_1_57' title='bbox 350 845 600 898; x_wconf 77' lang='lat' dir='ltr'><strong>clericum</strong></span> <span class='ocrx_word' id='word_1_58' title='bbox 626 884 641 909; x_wconf 93' lang='lat'><strong>,</strong></span> <span class='ocrx_word' id='word_1_59' title='bbox 688 859 784 898; x_wconf 89' lang='lat' dir='ltr'><strong>seu</strong></span> <span class='ocrx_word' id='word_1_60' title='bbox 815 841 1150 910; x_wconf 83' lang='lat' dir='ltr'><strong>professione</strong></span> <span class='ocrx_word' id='word_1_61' title='bbox 1179 843 1356 912; x_wconf 90' lang='lat' dir='ltr'><strong>aliqua</strong></span> <span class='ocrx_word' id='word_1_62' title='bbox 1383 843 1752 899; x_wconf 85' lang='lat' dir='ltr'><strong>Christianum</strong></span> <span class='ocrx_word' id='word_1_63' title='bbox 1779 886 1794 910; x_wconf 97' lang='lat'><strong>,</strong></span> 
     </span>
    </p>
   </div>
   <div class='ocr_carea' id='block_1_10' title="bbox 225 937 1800 1014">
    <p class='ocr_par' dir='ltr' id='par_1_10' title="bbox 225 937 1800 1014">
     <span class='ocr_line' id='line_1_10' title="bbox 225 937 1800 1014; baseline -0.002 -18"><span class='ocrx_word' id='word_1_64' title='bbox 225 941 307 1014; x_wconf 87' lang='lat' dir='ltr'><strong>qui</strong></span> <span class='ocrx_word' id='word_1_65' title='bbox 332 956 359 993; x_wconf 88' lang='lat' dir='ltr'><strong>a</strong></span> <span class='ocrx_word' id='word_1_66' title='bbox 387 938 640 993; x_wconf 85' lang='lat' dir='ltr'><strong>Nestorio</strong></span> <span class='ocrx_word' id='word_1_67' title='bbox 669 937 753 994; x_wconf 87' lang='lat' dir='ltr'><strong>vel</strong></span> <span class='ocrx_word' id='word_1_68' title='bbox 782 939 900 1008; x_wconf 87' lang='lat' dir='ltr'><strong>ejus</strong></span> <span class='ocrx_word' id='word_1_69' title='bbox 930 938 1202 994; x_wconf 85' lang='lat' dir='ltr'><strong>similibus</strong></span> <span class='ocrx_word' id='word_1_70' title='bbox 1229 980 1243 1003; x_wconf 92' lang='lat'><strong>,</strong></span> <span class='ocrx_word' id='word_1_71' title='bbox 1273 953 1337 992; x_wconf 81' lang='lat' dir='ltr'><strong>ex</strong></span> <span class='ocrx_word' id='word_1_72' title='bbox 1367 952 1474 1007; x_wconf 91' lang='lat' dir='ltr'><strong>quo</strong></span> <span class='ocrx_word' id='word_1_73' title='bbox 1506 937 1630 992; x_wconf 89' lang='lat' dir='ltr'><strong>talia</strong></span> <span class='ocrx_word' id='word_1_74' title='bbox 1663 953 1800 1008; x_wconf 76' lang='lat' dir='ltr'><strong>prte-</strong></span> 
     </span>
    </p>
   </div>
   <div class='ocr_carea' id='block_1_11' title="bbox 225 1031 1800 1102">
    <p class='ocr_par' dir='ltr' id='par_1_11' title="bbox 225 1031 1800 1102">
     <span class='ocr_line' id='line_1_11' title="bbox 225 1031 1800 1102; baseline -0.003 -12"><span class='ocrx_word' id='word_1_75' title='bbox 225 1035 390 1091; x_wconf 85' lang='lat' dir='ltr'><strong>dicare</strong></span> <span class='ocrx_word' id='word_1_76' title='bbox 416 1041 716 1102; x_wconf 73' lang='lat' dir='ltr'><strong>cmperunt,</strong></span> <span class='ocrx_word' id='word_1_77' title='bbox 751 1031 838 1086; x_wconf 93' lang='lat' dir='ltr'><strong>vel</strong></span> <span class='ocrx_word' id='word_1_78' title='bbox 880 1032 1002 1086; x_wconf 93' lang='lat' dir='ltr'><strong>loco</strong></span> <span class='ocrx_word' id='word_1_79' title='bbox 1028 1047 1129 1086; x_wconf 90' lang='lat' dir='ltr'><strong>suo</strong></span> <span class='ocrx_word' id='word_1_80' title='bbox 1169 1031 1257 1086; x_wconf 85' lang='lat' dir='ltr'><strong>vel</strong></span> <span class='ocrx_word' id='word_1_81' title='bbox 1297 1032 1683 1086; x_wconf 91' lang='lat' dir='ltr'><strong>communione</strong></span> <span class='ocrx_word' id='word_1_82' title='bbox 1713 1031 1800 1087; x_wconf 87' lang='lat' dir='ltr'><strong>de-</strong></span> 
     </span>
    </p>
   </div>
   <div class='ocr_carea' id='block_1_12' title="bbox 219 1123 1793 1201">
    <p class='ocr_par' dir='ltr' id='par_1_12' title="bbox 219 1123 1793 1201">
     <span class='ocr_line' id='line_1_12' title="bbox 219 1123 1793 1201; baseline -0.004 -17"><span class='ocrx_word' id='word_1_83' title='bbox 219 1129 337 1201; x_wconf 89' lang='lat' dir='ltr'><strong>jecti</strong></span> <span class='ocrx_word' id='word_1_84' title='bbox 370 1135 516 1188; x_wconf 85' lang='lat' dir='ltr'><strong>sunt,</strong></span> <span class='ocrx_word' id='word_1_85' title='bbox 549 1125 636 1181; x_wconf 92' lang='lat' dir='ltr'><strong>vel</strong></span> <span class='ocrx_word' id='word_1_86' title='bbox 664 1124 899 1194; x_wconf 76' lang='lat' dir='ltr'><strong>ejectum</strong></span> <span class='ocrx_word' id='word_1_87' title='bbox 930 1125 1015 1180; x_wconf 93' lang='lat' dir='ltr'><strong>vel</strong></span> <span class='ocrx_word' id='word_1_88' title='bbox 1044 1124 1570 1180; x_wconf 82' lang='lat' dir='ltr'><strong>excommunicatum</strong></span> <span class='ocrx_word' id='word_1_89' title='bbox 1602 1123 1793 1178; x_wconf 89' lang='lat' dir='ltr'><strong>videri.</strong></span> 
     </span>
    </p>
   </div>
   <div class='ocr_carea' id='block_1_13' title="bbox 224 1217 1794 1284">
    <p class='ocr_par' dir='ltr' id='par_1_13' title="bbox 224 1217 1794 1284">
     <span class='ocr_line' id='line_1_13' title="bbox 224 1217 1794 1284; baseline -0.005 -6"><span class='ocrx_word' id='word_1_90' title='bbox 224 1221 319 1278; x_wconf 87' lang='lat' dir='ltr'><strong>Sed</strong></span> <span class='ocrx_word' id='word_1_91' title='bbox 362 1220 413 1273; x_wconf 88' lang='lat' dir='ltr'><strong>hi</strong></span> <span class='ocrx_word' id='word_1_92' title='bbox 460 1233 652 1274; x_wconf 89' lang='lat' dir='ltr'><strong>omnes</strong></span> <span class='ocrx_word' id='word_1_93' title='bbox 688 1219 740 1272; x_wconf 92' lang='lat' dir='ltr'><strong>in</strong></span> <span class='ocrx_word' id='word_1_94' title='bbox 786 1225 968 1273; x_wconf 87' lang='lat' dir='ltr'><strong>nostra</strong></span> <span class='ocrx_word' id='word_1_95' title='bbox 1007 1218 1393 1274; x_wconf 83' lang='lat' dir='ltr'><strong>communione</strong></span> <span class='ocrx_word' id='word_1_96' title='bbox 1437 1225 1492 1272; x_wconf 90' lang='lat' dir='ltr'><strong>et</strong></span> <span class='ocrx_word' id='word_1_97' title='bbox 1537 1217 1794 1284; x_wconf 85' lang='lat' dir='ltr'><strong>fuerunt,</strong></span> 
     </span>
    </p>
   </div>
   <div class='ocr_carea' id='block_1_14' title="bbox 223 1309 1799 1380">
    <p class='ocr_par' dir='ltr' id='par_1_14' title="bbox 223 1309 1799 1380">
     <span class='ocr_line' id='line_1_14' title="bbox 223 1309 1799 1380; baseline -0.004 -10"><span class='ocrx_word' id='word_1_98' title='bbox 223 1322 272 1370; x_wconf 90' lang='lat' dir='ltr'><strong>et</strong></span> <span class='ocrx_word' id='word_1_99' title='bbox 317 1312 415 1366; x_wconf 89' lang='lat' dir='ltr'><strong>huc</strong></span> <span class='ocrx_word' id='word_1_100' title='bbox 463 1325 636 1380; x_wconf 89' lang='lat' dir='ltr'><strong>usque</strong></span> <span class='ocrx_word' id='word_1_101' title='bbox 682 1309 1015 1379; x_wconf 87' lang='lat' dir='ltr'><strong>perdurant;</strong></span> <span class='ocrx_word' id='word_1_102' title='bbox 1065 1311 1188 1380; x_wconf 87' lang='lat' dir='ltr'><strong>quia</strong></span> <span class='ocrx_word' id='word_1_103' title='bbox 1234 1311 1501 1365; x_wconf 87' lang='lat' dir='ltr'><strong>neminem</strong></span> <span class='ocrx_word' id='word_1_104' title='bbox 1540 1311 1625 1366; x_wconf 87' lang='lat' dir='ltr'><strong>vel</strong></span> <span class='ocrx_word' id='word_1_105' title='bbox 1662 1310 1799 1379; x_wconf 80' lang='lat' dir='ltr'><strong>deji-</strong></span> 
     </span>
    </p>
   </div>
   <div class='ocr_carea' id='block_1_15' title="bbox 221 1400 1794 1473">
    <p class='ocr_par' dir='ltr' id='par_1_15' title="bbox 221 1400 1794 1473">
     <span class='ocr_line' id='line_1_15' title="bbox 221 1400 1794 1473; baseline -0.002 -13"><span class='ocrx_word' id='word_1_106' title='bbox 221 1419 330 1460; x_wconf 86' lang='lat' dir='ltr'><strong>cere</strong></span> <span class='ocrx_word' id='word_1_107' title='bbox 371 1401 452 1456; x_wconf 87' lang='lat' dir='ltr'><strong>vel</strong></span> <span class='ocrx_word' id='word_1_108' title='bbox 498 1415 782 1457; x_wconf 88' lang='lat' dir='ltr'><strong>removere</strong></span> <span class='ocrx_word' id='word_1_109' title='bbox 831 1411 1087 1473; x_wconf 85' lang='lat' dir='ltr'><strong>poterat,</strong></span> <span class='ocrx_word' id='word_1_110' title='bbox 1138 1405 1232 1473; x_wconf 91' lang='lat' dir='ltr'><strong>qui</strong></span> <span class='ocrx_word' id='word_1_111' title='bbox 1277 1400 1304 1440; x_wconf 73' lang='lat' dir='ltr'><strong>b</strong></span> <span class='ocrx_word' id='word_1_112' title='bbox 1335 1401 1637 1472; x_wconf 65' lang='lat' dir='ltr'><strong>praedicans</strong></span> <span class='ocrx_word' id='word_1_113' title='bbox 1671 1402 1794 1457; x_wconf 86' lang='lat' dir='ltr'><strong>talia</strong></span> 
     </span>
    </p>
   </div>
   <div class='ocr_carea' id='block_1_16' title="bbox 221 1496 483 1555">
    <p class='ocr_par' dir='ltr' id='par_1_16' title="bbox 221 1496 483 1555">
     <span class='ocr_line' id='line_1_16' title="bbox 221 1496 483 1555; baseline -0.027 0"><span class='ocrx_word' id='word_1_114' title='bbox 221 1496 483 1555; x_wconf 82' lang='lat' dir='ltr'><strong>titubabat.</strong></span> 
     </span>
    </p>
   </div>
   <div class='ocr_carea' id='block_1_17' title="bbox 277 1775 1792 1846">
    <p class='ocr_par' dir='ltr' id='par_1_17' title="bbox 277 1775 1792 1846">
     <span class='ocr_line' id='line_1_17' title="bbox 277 1775 1792 1846; baseline -0.003 -14"><span class='ocrx_word' id='word_1_115' title='bbox 277 1779 325 1832; x_wconf 82' lang='lat'><strong>8.</strong></span> <span class='ocrx_word' id='word_1_116' title='bbox 348 1776 553 1830; x_wconf 87' lang='lat' dir='ltr'><strong>Omnes</strong></span> <span class='ocrx_word' id='word_1_117' title='bbox 573 1775 733 1843; x_wconf 81' lang='lat' dir='ltr'><strong>igitur</strong></span> <span class='ocrx_word' id='word_1_118' title='bbox 759 1788 1003 1846; x_wconf 64' lang='lat' dir='ltr'><strong>praesens</strong></span> <span class='ocrx_word' id='word_1_119' title='bbox 1031 1788 1212 1830; x_wconf 88' lang='lat' dir='ltr'><strong>sermo</strong></span> <span class='ocrx_word' id='word_1_120' title='bbox 1240 1775 1294 1829; x_wconf 91' lang='lat' dir='ltr'><strong>in</strong></span> <span class='ocrx_word' id='word_1_121' title='bbox 1327 1787 1615 1830; x_wconf 88' lang='lat' dir='ltr'><strong>commune</strong></span> <span class='ocrx_word' id='word_1_122' title='bbox 1643 1788 1792 1828; x_wconf 88' lang='lat' dir='ltr'><strong>com-</strong></span> 
     </span>
    </p>
   </div>
   <div class='ocr_carea' id='block_1_18' title="bbox 1900 558 3496 639">
    <p class='ocr_par' dir='ltr' id='par_1_18' title="bbox 1900 558 3496 639">
     <span class='ocr_line' id='line_1_18' title="bbox 1900 558 3496 639; baseline 0.002 -25"><span class='ocrx_word' id='word_1_123' title='bbox 1900 563 1970 620; x_wconf 85' lang='grc' dir='ltr'><strong>είς</strong></span> <span class='ocrx_word' id='word_1_124' title='bbox 2013 559 2220 639; x_wconf 80' lang='grc' dir='ltr'><strong>καρδίαν</strong></span> <span class='ocrx_word' id='word_1_125' title='bbox 2269 563 2538 638; x_wconf 81' lang='grc' dir='ltr'><strong>ἀνθρώπου</strong></span> <span class='ocrx_word' id='word_1_126' title='bbox 2588 562 2791 618; x_wconf 79' lang='grc' dir='ltr'><strong>ἀνῆλθεν</strong></span> <span class='ocrx_word' id='word_1_127' title='bbox 2838 567 3025 623; x_wconf 89' lang='grc' dir='ltr'><strong>ταῦτα.</strong></span> <span class='ocrx_word' id='word_1_128' title='bbox 3071 560 3106 616; x_wconf 80' lang='grc' dir='ltr'>ἃ</span> <span class='ocrx_word' id='word_1_129' title='bbox 3152 563 3424 633; x_wconf 78' lang='grc' dir='ltr'><strong>ἡτοίμασεν</strong></span> <span class='ocrx_word' id='word_1_130' title='bbox 3465 558 3496 617; x_wconf 76' lang='grc' dir='ltr'>ὅ</span> 
     </span>
    </p>
   </div>
   <div class='ocr_carea' id='block_1_19' title="bbox 1900 654 3494 733">
    <p class='ocr_par' dir='ltr' id='par_1_19' title="bbox 1900 654 3494 733">
     <span class='ocr_line' id='line_1_19' title="bbox 1900 654 3494 733; baseline 0.002 -23"><span class='ocrx_word' id='word_1_131' title='bbox 1900 655 2025 715; x_wconf 84' lang='grc' dir='ltr'><strong>Θεὸς</strong></span> <span class='ocrx_word' id='word_1_132' title='bbox 2054 661 2167 715; x_wconf 87' lang='grc' dir='ltr'><strong>τοῖς</strong></span> <span class='ocrx_word' id='word_1_133' title='bbox 2196 657 2464 728; x_wconf 88' lang='grc' dir='ltr'><strong>ἀγαπῶσιν</strong></span> <span class='ocrx_word' id='word_1_134' title='bbox 2494 655 2668 712; x_wconf 79' lang='grc' dir='ltr'><strong>αὐτόν.</strong></span> <span class='ocrx_word' id='word_1_135' title='bbox 2697 654 2807 712; x_wconf 80' lang='grc' dir='ltr'><strong>ἰνα</strong></span> <span class='ocrx_word' id='word_1_136' title='bbox 2849 655 2902 712; x_wconf 88' lang='grc' dir='ltr'><strong>δέ</strong></span> <span class='ocrx_word' id='word_1_137' title='bbox 2940 655 3068 729; x_wconf 83' lang='grc' dir='ltr'><strong>μηδέ</strong></span> <span class='ocrx_word' id='word_1_138' title='bbox 3097 667 3122 693; x_wconf 69' lang='grc'>⁸</span> <span class='ocrx_word' id='word_1_139' title='bbox 3151 658 3281 733; x_wconf 84' lang='grc' dir='ltr'><strong>πρὸς</strong></span> <span class='ocrx_word' id='word_1_140' title='bbox 3317 658 3494 730; x_wconf 83' lang='grc' dir='ltr'><strong>καιρόν</strong></span> 
     </span>
    </p>
   </div>
   <div class='ocr_carea' id='block_1_20' title="bbox 1901 747 3494 825">
    <p class='ocr_par' dir='ltr' id='par_1_20' title="bbox 1901 747 3494 825">
     <span class='ocr_line' id='line_1_20' title="bbox 1901 747 3494 825; baseline 0.003 -22"><span class='ocrx_word' id='word_1_141' title='bbox 1901 747 2020 825; x_wconf 75' lang='grc' dir='ltr'><strong>δοκῇ</strong></span> <span class='ocrx_word' id='word_1_142' title='bbox 2059 751 2244 804; x_wconf 77' lang='grc' dir='ltr'><strong>τούτου</strong></span> <span class='ocrx_word' id='word_1_143' title='bbox 2296 752 2506 821; x_wconf 75' lang='grc' dir='ltr'><strong>ἰσχύειν</strong></span> <span class='ocrx_word' id='word_1_144' title='bbox 2535 753 2565 808; x_wconf 77' lang='grc' dir='ltr'>ἡ</span> <span class='ocrx_word' id='word_1_145' title='bbox 2596 752 2886 823; x_wconf 83' lang='grc' dir='ltr'><strong>ἀπόφασις,</strong></span> <span class='ocrx_word' id='word_1_146' title='bbox 2925 757 3019 808; x_wconf 84' lang='grc' dir='ltr'><strong>τοῦ</strong></span> <span class='ocrx_word' id='word_1_147' title='bbox 3050 750 3148 812; x_wconf 67' lang='grc' dir='ltr'><strong>ἤδη</strong></span> <span class='ocrx_word' id='word_1_148' title='bbox 3184 752 3494 808; x_wconf 77' lang='grc' dir='ltr'><strong>καθ’ἱαυτοῦ</strong></span> 
     </span>
    </p>
   </div>
   <div class='ocr_carea' id='block_1_21' title="bbox 1899 842 3495 920">
    <p class='ocr_par' dir='ltr' id='par_1_21' title="bbox 1899 842 3495 920">
     <span class='ocr_line' id='line_1_21' title="bbox 1899 842 3495 920; baseline 0.003 -26"><span class='ocrx_word' id='word_1_149' title='bbox 1899 845 1994 898; x_wconf 83' lang='grc' dir='ltr'><strong>τήν</strong></span> <span class='ocrx_word' id='word_1_150' title='bbox 2023 842 2154 894; x_wconf 82' lang='grc' dir='ltr'><strong>θείαν</strong></span> <span class='ocrx_word' id='word_1_151' title='bbox 2195 842 2450 914; x_wconf 81' lang='grc' dir='ltr'><strong>ἀπόφασιν</strong></span> <span class='ocrx_word' id='word_1_152' title='bbox 2488 844 2984 918; x_wconf 83' lang='grc' dir='ltr'><strong>προσκαλεσαμένου,</strong></span> <span class='ocrx_word' id='word_1_153' title='bbox 3012 853 3237 920; x_wconf 78' lang='grc' dir='ltr'><strong>φανερῶς</strong></span> <span class='ocrx_word' id='word_1_154' title='bbox 3264 847 3296 904; x_wconf 84' lang='grc' dir='ltr'>ἡ</span> <span class='ocrx_word' id='word_1_155' title='bbox 3324 847 3495 902; x_wconf 75' lang='grc' dir='ltr'><strong>αὑθενυ</strong></span> 
     </span>
    </p>
   </div>
   <div class='ocr_carea' id='block_1_22' title="bbox 1898 936 3488 1012">
    <p class='ocr_par' dir='ltr' id='par_1_22' title="bbox 1898 936 3488 1012">
     <span class='ocr_line' id='line_1_22' title="bbox 1898 936 3488 1012; baseline 0.003 -24"><span class='ocrx_word' id='word_1_156' title='bbox 1898 938 1985 988; x_wconf 88' lang='grc' dir='ltr'><strong>τία</strong></span> <span class='ocrx_word' id='word_1_157' title='bbox 2011 940 2100 988; x_wconf 82' lang='grc' dir='ltr'><strong>τοῦ</strong></span> <span class='ocrx_word' id='word_1_158' title='bbox 2132 936 2379 1008; x_wconf 77' lang='grc' dir='ltr'><strong>ἡμετέρου</strong></span> <span class='ocrx_word' id='word_1_159' title='bbox 2417 936 2598 1010; x_wconf 80' lang='grc' dir='ltr'><strong>θρόνου</strong></span> <span class='ocrx_word' id='word_1_160' title='bbox 2629 939 2884 1012; x_wconf 83' lang='grc' dir='ltr'><strong>ὡρίσατο,</strong></span> <span class='ocrx_word' id='word_1_161' title='bbox 2912 936 3101 1010; x_wconf 80' lang='grc' dir='ltr'><strong>μηδένα</strong></span> <span class='ocrx_word' id='word_1_162' title='bbox 3123 938 3154 999; x_wconf 77' lang='grc' dir='ltr'><em>ἢ</em></span> <span class='ocrx_word' id='word_1_163' title='bbox 3180 941 3455 994; x_wconf 80' lang='grc' dir='ltr'><strong>ἐπίσκοπον</strong></span> <span class='ocrx_word' id='word_1_164' title='bbox 3472 983 3488 1005; x_wconf 85' lang='grc'><em>,</em></span> 
     </span>
    </p>
   </div>
   <div class='ocr_carea' id='block_1_23' title="bbox 1901 1025 3491 1104">
    <p class='ocr_par' dir='ltr' id='par_1_23' title="bbox 1901 1025 3491 1104">
     <span class='ocr_line' id='line_1_23' title="bbox 1901 1025 3491 1104; baseline 0.005 -25"><span class='ocrx_word' id='word_1_165' title='bbox 1901 1025 1931 1086; x_wconf 76' lang='grc' dir='ltr'><em>ἢ</em></span> <span class='ocrx_word' id='word_1_166' title='bbox 1964 1026 2209 1103; x_wconf 85' lang='grc' dir='ltr'><strong>κληρικὸν,</strong></span> <span class='ocrx_word' id='word_1_167' title='bbox 2232 1027 2263 1087; x_wconf 76' lang='grc' dir='ltr'>ἦ</span> <span class='ocrx_word' id='word_1_168' title='bbox 2289 1029 2418 1083; x_wconf 85' lang='grc' dir='ltr'><strong>κατά</strong></span> <span class='ocrx_word' id='word_1_169' title='bbox 2452 1049 2503 1082; x_wconf 93' lang='grc' dir='ltr'><strong>τι</strong></span> <span class='ocrx_word' id='word_1_170' title='bbox 2544 1029 2833 1103; x_wconf 75' lang='grc' dir='ltr'><strong>ἐπάγγελμα</strong></span> <span class='ocrx_word' id='word_1_171' title='bbox 2875 1033 3196 1104; x_wconf 86' lang='grc' dir='ltr'><strong>χριστιανόν,</strong></span> <span class='ocrx_word' id='word_1_172' title='bbox 3224 1039 3323 1085; x_wconf 90' lang='grc' dir='ltr'><strong>τῶν</strong></span> <span class='ocrx_word' id='word_1_173' title='bbox 3344 1033 3491 1102; x_wconf 86' lang='grc' dir='ltr'><strong>παρά</strong></span> 
     </span>
    </p>
   </div>
   <div class='ocr_carea' id='block_1_24' title="bbox 1897 1119 3505 1200">
    <p class='ocr_par' dir='ltr' id='par_1_24' title="bbox 1897 1119 3505 1200">
     <span class='ocr_line' id='line_1_24' title="bbox 1897 1119 3505 1200; baseline 0.002 -24"><span class='ocrx_word' id='word_1_174' title='bbox 1897 1123 2193 1196; x_wconf 84' lang='grc' dir='ltr'><strong>Νεστορίου,</strong></span> <span class='ocrx_word' id='word_1_175' title='bbox 2226 1120 2256 1180; x_wconf 77' lang='grc' dir='ltr'><em>ἦ</em></span> <span class='ocrx_word' id='word_1_176' title='bbox 2293 1129 2395 1178; x_wconf 91' lang='grc' dir='ltr'><strong>τῶν</strong></span> <span class='ocrx_word' id='word_1_177' title='bbox 2422 1119 2611 1178; x_wconf 78' lang='grc' dir='ltr'><strong>τούτου</strong></span> <span class='ocrx_word' id='word_1_178' title='bbox 2643 1121 2846 1193; x_wconf 85' lang='grc' dir='ltr'><strong>ὁμοίων,</strong></span> <span class='ocrx_word' id='word_1_179' title='bbox 2873 1119 3026 1196; x_wconf 81' lang='grc' dir='ltr'><strong>ἀφόὗ</strong></span> <span class='ocrx_word' id='word_1_180' title='bbox 3057 1131 3276 1180; x_wconf 84' lang='grc' dir='ltr'><strong>τοιαῦτα</strong></span> <span class='ocrx_word' id='word_1_181' title='bbox 3301 1127 3505 1200; x_wconf 55' lang='grc' dir='ltr'><strong>κιορὺτηᾖ</strong></span> 
     </span>
    </p>
   </div>
   <div class='ocr_carea' id='block_1_25' title="bbox 1897 1209 3510 1291">
    <p class='ocr_par' dir='ltr' id='par_1_25' title="bbox 1897 1209 3510 1291">
     <span class='ocr_line' id='line_1_25' title="bbox 1897 1209 3510 1291; baseline 0.002 -22"><span class='ocrx_word' id='word_1_182' title='bbox 1897 1234 2001 1269; x_wconf 86' lang='grc' dir='ltr'><strong>τειν</strong></span> <span class='ocrx_word' id='word_1_183' title='bbox 2028 1213 2258 1291; x_wconf 68' lang='grc' dir='ltr'><strong>ἤρξαντο,</strong></span> <span class='ocrx_word' id='word_1_184' title='bbox 2291 1213 2322 1274; x_wconf 75' lang='grc' dir='ltr'><strong>ἦ</strong></span> <span class='ocrx_word' id='word_1_185' title='bbox 2347 1221 2437 1271; x_wconf 90' lang='grc' dir='ltr'><strong>τοῦ</strong></span> <span class='ocrx_word' id='word_1_186' title='bbox 2466 1213 2596 1270; x_wconf 81' lang='grc' dir='ltr'><strong>ἰδίου</strong></span> <span class='ocrx_word' id='word_1_187' title='bbox 2626 1216 2809 1282; x_wconf 89' lang='grc' dir='ltr'><strong>τόπου,</strong></span> <span class='ocrx_word' id='word_1_188' title='bbox 2835 1216 2864 1275; x_wconf 75' lang='grc' dir='ltr'><em>ἢ</em></span> <span class='ocrx_word' id='word_1_189' title='bbox 2902 1225 2995 1276; x_wconf 80' lang='grc' dir='ltr'><strong>τῆς</strong></span> <span class='ocrx_word' id='word_1_190' title='bbox 3023 1221 3278 1280; x_wconf 80' lang='grc' dir='ltr'><strong>κοινωνίας</strong></span> <span class='ocrx_word' id='word_1_191' title='bbox 3307 1209 3510 1287; x_wconf 55' lang='grc' dir='ltr'><strong>ἀποκυξ</strong></span> 
     </span>
    </p>
   </div>
   <div class='ocr_carea' id='block_1_26' title="bbox 1897 1306 3492 1386">
    <p class='ocr_par' dir='ltr' id='par_1_26' title="bbox 1897 1306 3492 1386">
     <span class='ocr_line' id='line_1_26' title="bbox 1897 1306 3492 1386; baseline 0.003 -26"><span class='ocrx_word' id='word_1_192' title='bbox 1897 1309 2137 1364; x_wconf 86' lang='grc' dir='ltr'><strong>νηθέντων</strong></span> <span class='ocrx_word' id='word_1_193' title='bbox 2159 1349 2174 1374; x_wconf 85' lang='grc'><strong><em>,</em></strong></span> <span class='ocrx_word' id='word_1_194' title='bbox 2207 1306 2370 1363; x_wconf 85' lang='grc' dir='ltr'><strong>δοκεῖν</strong></span> <span class='ocrx_word' id='word_1_195' title='bbox 2395 1307 2427 1368; x_wconf 80' lang='grc' dir='ltr'><em>ἢ</em></span> <span class='ocrx_word' id='word_1_196' title='bbox 2458 1310 2872 1374; x_wconf 83' lang='grc' dir='ltr'><strong>ἀποκεκινῆσθαε,</strong></span> <span class='ocrx_word' id='word_1_197' title='bbox 2910 1307 2941 1367; x_wconf 79' lang='grc' dir='ltr'><strong>ἦ</strong></span> <span class='ocrx_word' id='word_1_198' title='bbox 2969 1309 3363 1369; x_wconf 80' lang='grc' dir='ltr'><strong>ἀποκοινὼνητον</strong></span> <span class='ocrx_word' id='word_1_199' title='bbox 3401 1331 3492 1386; x_wconf 83' lang='grc' dir='ltr'><strong>γε·</strong></span> 
     </span>
    </p>
   </div>
   <div class='ocr_carea' id='block_1_27' title="bbox 1897 1397 3494 1478">
    <p class='ocr_par' dir='ltr' id='par_1_27' title="bbox 1897 1397 3494 1478">
     <span class='ocr_line' id='line_1_27' title="bbox 1897 1397 3494 1478; baseline 0.002 -24"><span class='ocrx_word' id='word_1_200' title='bbox 1897 1401 2152 1472; x_wconf 88' lang='grc' dir='ltr'><strong>γενῆσθαι.</strong></span> <span class='ocrx_word' id='word_1_201' title='bbox 2201 1399 2325 1454; x_wconf 81' lang='grc' dir='ltr'><strong>Ἀλλ’</strong></span> <span class='ocrx_word' id='word_1_202' title='bbox 2340 1397 2479 1456; x_wconf 78' lang='grc' dir='ltr'><strong>οὗτοι</strong></span> <span class='ocrx_word' id='word_1_203' title='bbox 2519 1402 2707 1460; x_wconf 80' lang='grc' dir='ltr'><strong>πάντες</strong></span> <span class='ocrx_word' id='word_1_204' title='bbox 2738 1403 2786 1454; x_wconf 87' lang='grc' dir='ltr'><strong>ἐν</strong></span> <span class='ocrx_word' id='word_1_205' title='bbox 2815 1408 2878 1476; x_wconf 76' lang='grc' dir='ltr'><strong>τῇ</strong></span> <span class='ocrx_word' id='word_1_206' title='bbox 2909 1402 3131 1476; x_wconf 79' lang='grc' dir='ltr'><strong>ἡμετέρᾳ</strong></span> <span class='ocrx_word' id='word_1_207' title='bbox 3161 1406 3385 1478; x_wconf 78' lang='grc' dir='ltr'><strong>κοινωνίᾳ</strong></span> <span class='ocrx_word' id='word_1_208' title='bbox 3410 1405 3494 1457; x_wconf 81' lang='grc' dir='ltr'><strong>καί</strong></span> 
     </span>
    </p>
   </div>
   <div class='ocr_carea' id='block_1_28' title="bbox 1899 1492 3493 1572">
    <p class='ocr_par' dir='ltr' id='par_1_28' title="bbox 1899 1492 3493 1572">
     <span class='ocr_line' id='line_1_28' title="bbox 1899 1492 3493 1572; baseline -0.006 -23"><span class='ocrx_word' id='word_1_209' title='bbox 1899 1496 2146 1566; x_wconf 75' lang='grc' dir='ltr'><strong>ἐγένοντο,</strong></span> <span class='ocrx_word' id='word_1_210' title='bbox 2182 1499 2264 1549; x_wconf 89' lang='grc' dir='ltr'><strong>καί</strong></span> <span class='ocrx_word' id='word_1_211' title='bbox 2307 1493 2439 1572; x_wconf 80' lang='grc' dir='ltr'><strong>ἄχρι</strong></span> <span class='ocrx_word' id='word_1_212' title='bbox 2465 1501 2556 1551; x_wconf 84' lang='grc' dir='ltr'><strong>τοῦ</strong></span> <span class='ocrx_word' id='word_1_213' title='bbox 2585 1495 2836 1569; x_wconf 77' lang='grc' dir='ltr'><strong>παρόντος</strong></span> <span class='ocrx_word' id='word_1_214' title='bbox 2867 1498 3011 1550; x_wconf 84' lang='grc' dir='ltr'><strong>εἰσίν·</strong></span> <span class='ocrx_word' id='word_1_215' title='bbox 3043 1492 3121 1550; x_wconf 83' lang='grc' dir='ltr'><strong>ὅτι</strong></span> <span class='ocrx_word' id='word_1_216' title='bbox 3145 1493 3322 1550; x_wconf 78' lang='grc' dir='ltr'><strong>οὐδένα</strong></span> <span class='ocrx_word' id='word_1_217' title='bbox 3341 1495 3372 1555; x_wconf 79' lang='grc' dir='ltr'><em>ἦ</em></span> <span class='ocrx_word' id='word_1_218' title='bbox 3399 1519 3493 1552; x_wconf 86' lang='grc' dir='ltr'><strong>κα.</strong></span> 
     </span>
    </p>
   </div>
   <div class='ocr_carea' id='block_1_29' title="bbox 1899 1587 3492 1666">
    <p class='ocr_par' dir='ltr' id='par_1_29' title="bbox 1899 1587 3492 1666">
     <span class='ocr_line' id='line_1_29' title="bbox 1899 1587 3492 1666; baseline 0.004 -25"><span class='ocrx_word' id='word_1_219' title='bbox 1899 1589 2070 1654; x_wconf 85' lang='grc' dir='ltr'><strong>θελεῖν,</strong></span> <span class='ocrx_word' id='word_1_220' title='bbox 2093 1589 2122 1648; x_wconf 73' lang='grc' dir='ltr'><em>ἢ</em></span> <span class='ocrx_word' id='word_1_221' title='bbox 2143 1591 2448 1648; x_wconf 77' lang='grc' dir='ltr'><strong>ἀποκινῆσαι</strong></span> <span class='ocrx_word' id='word_1_222' title='bbox 2471 1590 2707 1655; x_wconf 77' lang='grc' dir='ltr'><strong>ἠδύνατο,</strong></span> <span class='ocrx_word' id='word_1_223' title='bbox 2725 1587 2779 1650; x_wconf 84' lang='grc' dir='ltr'><strong>ὃς</strong></span> <span class='ocrx_word' id='word_1_224' title='bbox 2800 1591 2848 1644; x_wconf 86' lang='grc' dir='ltr'><strong>ἐν</strong></span> <span class='ocrx_word' id='word_1_225' title='bbox 2869 1599 2941 1664; x_wconf 83' lang='grc' dir='ltr'><strong>τῷ</strong></span> <span class='ocrx_word' id='word_1_226' title='bbox 2963 1592 3228 1666; x_wconf 81' lang='grc' dir='ltr'><strong>κηρύττειν</strong></span> <span class='ocrx_word' id='word_1_227' title='bbox 3246 1597 3492 1660; x_wconf 82' lang='grc' dir='ltr'><strong>ταιαῦτα,</strong></span> 
     </span>
    </p>
   </div>
   <div class='ocr_carea' id='block_1_30' title="bbox 1898 1683 2527 1756">
    <p class='ocr_par' dir='ltr' id='par_1_30' title="bbox 1898 1683 2527 1756">
     <span class='ocr_line' id='line_1_30' title="bbox 1898 1683 2527 1756; baseline -0.005 -18"><span class='ocrx_word' id='word_1_228' title='bbox 1898 1683 2136 1756; x_wconf 79' lang='grc' dir='ltr'><strong>ἀσφαλῶς·</strong></span> <span class='ocrx_word' id='word_1_229' title='bbox 2160 1685 2215 1736; x_wconf 88' lang='grc' dir='ltr'><strong>οὑ</strong></span> <span class='ocrx_word' id='word_1_230' title='bbox 2223 1705 2264 1752; x_wconf 88' lang='grc' dir='ltr'>χ</span> <span class='ocrx_word' id='word_1_231' title='bbox 2289 1684 2527 1742; x_wconf 78' lang='grc' dir='ltr'><strong>εἱστήκει.</strong></span> 
     </span>
    </p>
   </div>
   <div class='ocr_carea' id='block_1_31' title="bbox 1968 1775 3493 1853">
    <p class='ocr_par' dir='ltr' id='par_1_31' title="bbox 1968 1775 3493 1853">
     <span class='ocr_line' id='line_1_31' title="bbox 1968 1775 3493 1853; baseline 0 -23"><span class='ocrx_word' id='word_1_232' title='bbox 1968 1778 2164 1836; x_wconf 78' lang='grc' dir='ltr'><strong>Πάντας</strong></span> <span class='ocrx_word' id='word_1_233' title='bbox 2192 1779 2358 1830; x_wconf 83' lang='grc' dir='ltr'><strong>τοίνυν</strong></span> <span class='ocrx_word' id='word_1_234' title='bbox 2388 1775 2414 1830; x_wconf 91' lang='grc' dir='ltr'><strong>ό</strong></span> <span class='ocrx_word' id='word_1_235' title='bbox 2439 1779 2614 1850; x_wconf 82' lang='grc' dir='ltr'><strong>παρὼν</strong></span> <span class='ocrx_word' id='word_1_236' title='bbox 2642 1775 2788 1849; x_wconf 90' lang='grc' dir='ltr'><strong>λόγος</strong></span> <span class='ocrx_word' id='word_1_237' title='bbox 2845 1781 2915 1835; x_wconf 86' lang='grc' dir='ltr'><strong>εἰς</strong></span> <span class='ocrx_word' id='word_1_238' title='bbox 2946 1777 3005 1832; x_wconf 84' lang='grc' dir='ltr'><strong>τό</strong></span> <span class='ocrx_word' id='word_1_239' title='bbox 3049 1776 3209 1831; x_wconf 85' lang='grc' dir='ltr'><strong>κοινὸν</strong></span> <span class='ocrx_word' id='word_1_240' title='bbox 3247 1777 3493 1853; x_wconf 84' lang='grc' dir='ltr'><strong>περιπλέ-</strong></span> 
     </span>
    </p>
   </div>
   <div class='ocr_carea' id='block_1_32' title="bbox 220 1859 1787 1946">
    <p class='ocr_par' dir='ltr' id='par_1_32' title="bbox 220 1866 1787 1940">
     <span class='ocr_line' id='line_1_32' title="bbox 220 1866 1787 1940; baseline -0.002 -15"><span class='ocrx_word' id='word_1_241' title='bbox 220 1868 473 1940; x_wconf 75' lang='lat' dir='ltr'><strong>plcetitur,</strong></span> <span class='ocrx_word' id='word_1_242' title='bbox 507 1876 573 1922; x_wconf 92' lang='lat' dir='ltr'><strong>ut</strong></span> <span class='ocrx_word' id='word_1_243' title='bbox 593 1868 765 1938; x_wconf 88' lang='lat' dir='ltr'><strong>magis</strong></span> <span class='ocrx_word' id='word_1_244' title='bbox 792 1883 856 1922; x_wconf 93' lang='lat' dir='ltr'><strong>ac</strong></span> <span class='ocrx_word' id='word_1_245' title='bbox 885 1867 1055 1936; x_wconf 89' lang='lat' dir='ltr'><strong>magis</strong></span> <span class='ocrx_word' id='word_1_246' title='bbox 1085 1866 1350 1933; x_wconf 88' lang='lat' dir='ltr'><strong>roborati,</strong></span> <span class='ocrx_word' id='word_1_247' title='bbox 1378 1875 1434 1922; x_wconf 90' lang='lat' dir='ltr'><strong>et</strong></span> <span class='ocrx_word' id='word_1_248' title='bbox 1457 1867 1787 1923; x_wconf 75' lang='lat' dir='ltr'><strong>confidentes</strong></span> 
     </span>
    </p>
   </div>
   <div class='ocr_carea' id='block_1_33' title="bbox 1895 1859 3492 1946">
    <p class='ocr_par' dir='ltr' id='par_1_33' title="bbox 1898 1868 3492 1946">
     <span class='ocr_line' id='line_1_33' title="bbox 1898 1868 3492 1946; baseline 0.001 -23"><span class='ocrx_word' id='word_1_249' title='bbox 1898 1888 2057 1932; x_wconf 83' lang='grc' dir='ltr'><strong>κεται,</strong></span> <span class='ocrx_word' id='word_1_250' title='bbox 2086 1869 2170 1922; x_wconf 86' lang='grc' dir='ltr'><strong>ἶνα</strong></span> <span class='ocrx_word' id='word_1_251' title='bbox 2197 1868 2385 1939; x_wconf 84' lang='grc' dir='ltr'><strong>μᾶλλον</strong></span> <span class='ocrx_word' id='word_1_252' title='bbox 2418 1869 2901 1946; x_wconf 86' lang='grc' dir='ltr'><strong>ὶσχυροποιηθέντες</strong></span> <span class='ocrx_word' id='word_1_253' title='bbox 2939 1872 3022 1923; x_wconf 86' lang='grc' dir='ltr'><strong>καί</strong></span> <span class='ocrx_word' id='word_1_254' title='bbox 3050 1869 3318 1945; x_wconf 82' lang='grc' dir='ltr'><strong>θαρσαλέοι</strong></span> <span class='ocrx_word' id='word_1_255' title='bbox 3344 1870 3492 1943; x_wconf 88' lang='grc' dir='ltr'><strong>γενό-</strong></span> 
     </span>
    </p>
   </div>
   <div class='ocr_carea' id='block_1_34' title="bbox 219 1962 1795 2031">
    <p class='ocr_par' dir='ltr' id='par_1_34' title="bbox 219 1962 1795 2031">
     <span class='ocr_line' id='line_1_34' title="bbox 219 1962 1795 2031; baseline 0 -12"><span class='ocrx_word' id='word_1_256' title='bbox 219 1965 264 2019; x_wconf 89' lang='lat' dir='ltr'><strong>in</strong></span> <span class='ocrx_word' id='word_1_257' title='bbox 289 1962 535 2028; x_wconf 63' lang='lat' dir='ltr'><strong>Domino,</strong></span> <span class='ocrx_word' id='word_1_258' title='bbox 569 1978 675 2018; x_wconf 91' lang='lat' dir='ltr'><strong>non</strong></span> <span class='ocrx_word' id='word_1_259' title='bbox 709 1963 1058 2030; x_wconf 86' lang='lat' dir='ltr'><strong>moveamini,</strong></span> <span class='ocrx_word' id='word_1_260' title='bbox 1090 1963 1219 2031; x_wconf 90' lang='lat' dir='ltr'><strong>quin</strong></span> <span class='ocrx_word' id='word_1_261' title='bbox 1267 1963 1434 2017; x_wconf 90' lang='lat' dir='ltr'><strong>immo</strong></span> <span class='ocrx_word' id='word_1_262' title='bbox 1478 1972 1533 2018; x_wconf 93' lang='lat' dir='ltr'><strong>et</strong></span> <span class='ocrx_word' id='word_1_263' title='bbox 1577 1962 1795 2019; x_wconf 88' lang='lat' dir='ltr'><strong>medea-</strong></span> 
     </span>
    </p>
   </div>
   <div class='ocr_carea' id='block_1_35' title="bbox 219 2055 1794 2114">
    <p class='ocr_par' dir='ltr' id='par_1_35' title="bbox 219 2055 1794 2114">
     <span class='ocr_line' id='line_1_35' title="bbox 219 2055 1794 2114; baseline 0.001 -2"><span class='ocrx_word' id='word_1_264' title='bbox 219 2057 332 2113; x_wconf 88' lang='lat' dir='ltr'><strong>mini</strong></span> <span class='ocrx_word' id='word_1_265' title='bbox 380 2057 796 2112; x_wconf 78' lang='lat' dir='ltr'><strong>inﬁrmitatibus</strong></span> <span class='ocrx_word' id='word_1_266' title='bbox 843 2056 1098 2112; x_wconf 86' lang='lat' dir='ltr'><strong>aliorum.</strong></span> <span class='ocrx_word' id='word_1_267' title='bbox 1129 2057 1248 2113; x_wconf 87' lang='lat' dir='ltr'><strong>Jam</strong></span> <span class='ocrx_word' id='word_1_268' title='bbox 1296 2056 1445 2111; x_wconf 86' lang='lat' dir='ltr'><strong>enim</strong></span> <span class='ocrx_word' id='word_1_269' title='bbox 1479 2055 1636 2112; x_wconf 85' lang='lat' dir='ltr'><strong>vobis</strong></span> <span class='ocrx_word' id='word_1_270' title='bbox 1684 2059 1794 2114; x_wconf 89' lang='lat' dir='ltr'><strong>illic</strong></span> 
     </span>
    </p>
   </div>
   <div class='ocr_carea' id='block_1_36' title="bbox 217 2152 1795 2223">
    <p class='ocr_par' dir='ltr' id='par_1_36' title="bbox 217 2152 1795 2223">
     <span class='ocr_line' id='line_1_36' title="bbox 217 2152 1795 2223; baseline 0.002 -17"><span class='ocrx_word' id='word_1_271' title='bbox 217 2152 647 2208; x_wconf 87' lang='lat' dir='ltr'><strong>commendamus</strong></span> <span class='ocrx_word' id='word_1_272' title='bbox 698 2154 972 2219; x_wconf 84' lang='lat' dir='ltr'><strong>infirmos,</strong></span> <span class='ocrx_word' id='word_1_273' title='bbox 1004 2153 1091 2207; x_wconf 90' lang='lat' dir='ltr'><strong>ubi</strong></span> <span class='ocrx_word' id='word_1_274' title='bbox 1120 2153 1197 2207; x_wconf 87' lang='lat' dir='ltr'><strong>sic</strong></span> <span class='ocrx_word' id='word_1_275' title='bbox 1241 2153 1456 2208; x_wconf 91' lang='lat' dir='ltr'><strong>videtur</strong></span> <span class='ocrx_word' id='word_1_276' title='bbox 1482 2154 1598 2223; x_wconf 84' lang='lat' dir='ltr'><strong>ipse</strong></span> <span class='ocrx_word' id='word_1_277' title='bbox 1624 2154 1795 2209; x_wconf 88' lang='lat' dir='ltr'><strong>medi-</strong></span> 
     </span>
    </p>
   </div>
   <div class='ocr_carea' id='block_1_37' title="bbox 219 2246 1798 2317">
    <p class='ocr_par' dir='ltr' id='par_1_37' title="bbox 219 2246 1798 2317">
     <span class='ocr_line' id='line_1_37' title="bbox 219 2246 1798 2317; baseline 0.002 -18"><span class='ocrx_word' id='word_1_278' title='bbox 219 2259 300 2299; x_wconf 86' lang='lat' dir='ltr'><strong>cus</strong></span> <span class='ocrx_word' id='word_1_279' title='bbox 337 2253 624 2315; x_wconf 64' lang='lat' dir='ltr'><strong>aegrotare,</strong></span> <span class='ocrx_word' id='word_1_280' title='bbox 655 2246 744 2301; x_wconf 88' lang='lat' dir='ltr'><strong>cui</strong></span> <span class='ocrx_word' id='word_1_281' title='bbox 797 2256 976 2302; x_wconf 88' lang='lat' dir='ltr'><strong>tamen</strong></span> <span class='ocrx_word' id='word_1_282' title='bbox 1005 2247 1292 2314; x_wconf 89' lang='lat' dir='ltr'><strong>volumus,</strong></span> <span class='ocrx_word' id='word_1_283' title='bbox 1322 2248 1365 2302; x_wconf 90' lang='lat' dir='ltr'><strong>si</strong></span> <span class='ocrx_word' id='word_1_284' title='bbox 1397 2246 1574 2302; x_wconf 89' lang='lat' dir='ltr'><strong>adhuc</strong></span> <span class='ocrx_word' id='word_1_285' title='bbox 1606 2263 1798 2317; x_wconf 85' lang='lat' dir='ltr'><strong>possu-</strong></span> 
     </span>
    </p>
   </div>
   <div class='ocr_carea' id='block_1_38' title="bbox 217 2338 1794 2404">
    <p class='ocr_par' dir='ltr' id='par_1_38' title="bbox 217 2338 1794 2404">
     <span class='ocr_line' id='line_1_38' title="bbox 217 2338 1794 2404; baseline 0.003 -14"><span class='ocrx_word' id='word_1_286' title='bbox 217 2352 340 2404; x_wconf 87' lang='lat' dir='ltr'><strong>mus,</strong></span> <span class='ocrx_word' id='word_1_287' title='bbox 369 2338 683 2392; x_wconf 87' lang='lat' dir='ltr'><strong>subvenire.</strong></span> <span class='ocrx_word' id='word_1_288' title='bbox 727 2338 859 2393; x_wconf 88' lang='lat' dir='ltr'><strong>Nam</strong></span> <span class='ocrx_word' id='word_1_289' title='bbox 886 2355 1007 2394; x_wconf 88' lang='lat' dir='ltr'><strong>cum</strong></span> <span class='ocrx_word' id='word_1_290' title='bbox 1041 2339 1106 2392; x_wconf 84' lang='lat' dir='ltr'><strong>ad</strong></span> <span class='ocrx_word' id='word_1_291' title='bbox 1156 2349 1401 2394; x_wconf 87' lang='lat' dir='ltr'><strong>sanctum</strong></span> <span class='ocrx_word' id='word_1_292' title='bbox 1435 2340 1656 2396; x_wconf 79' lang='lat' dir='ltr'><strong>fratrem</strong></span> <span class='ocrx_word' id='word_1_293' title='bbox 1691 2356 1794 2396; x_wconf 81' lang='lat' dir='ltr'><strong>no-</strong></span> 
     </span>
    </p>
   </div>
   <div class='ocr_carea' id='block_1_39' title="bbox 217 2432 1793 2505">
    <p class='ocr_par' dir='ltr' id='par_1_39' title="bbox 217 2432 1793 2505">
     <span class='ocr_line' id='line_1_39' title="bbox 217 2432 1793 2505; baseline 0.004 -20"><span class='ocrx_word' id='word_1_294' title='bbox 217 2441 364 2486; x_wconf 87' lang='lat' dir='ltr'><strong>strum</strong></span> <span class='ocrx_word' id='word_1_295' title='bbox 412 2441 466 2487; x_wconf 88' lang='lat' dir='ltr'><strong>et</strong></span> <span class='ocrx_word' id='word_1_296' title='bbox 518 2432 903 2503; x_wconf 87' lang='lat' dir='ltr'><strong>coepiscopum</strong></span> <span class='ocrx_word' id='word_1_297' title='bbox 937 2433 1197 2504; x_wconf 89' lang='lat' dir='ltr'><strong>Cyrillum</strong></span> <span class='ocrx_word' id='word_1_298' title='bbox 1245 2449 1505 2502; x_wconf 88' lang='lat' dir='ltr'><strong>responsa</strong></span> <span class='ocrx_word' id='word_1_299' title='bbox 1551 2450 1793 2505; x_wconf 88' lang='lat' dir='ltr'><strong>congrua</strong></span> 
     </span>
    </p>
   </div>
   <div class='ocr_carea' id='block_1_40' title="bbox 215 2523 1794 2593">
    <p class='ocr_par' dir='ltr' id='par_1_40' title="bbox 215 2523 1794 2593">
     <span class='ocr_line' id='line_1_40' title="bbox 215 2523 1794 2593; baseline 0.003 -15"><span class='ocrx_word' id='word_1_300' title='bbox 215 2525 559 2593; x_wconf 86' lang='lat' dir='ltr'><strong>mitteremus,</strong></span> <span class='ocrx_word' id='word_1_301' title='bbox 593 2535 648 2580; x_wconf 90' lang='lat' dir='ltr'><strong>et</strong></span> <span class='ocrx_word' id='word_1_302' title='bbox 680 2523 796 2580; x_wconf 71' lang='lat' dir='ltr'><strong>haec</strong></span> <span class='ocrx_word' id='word_1_303' title='bbox 843 2523 871 2561; x_wconf 71' lang='grc' dir='ltr'><strong>τι</strong></span> <span class='ocrx_word' id='word_1_304' title='bbox 898 2524 1056 2579; x_wconf 89' lang='lat' dir='ltr'><strong>vobis</strong></span> <span class='ocrx_word' id='word_1_305' title='bbox 1098 2541 1194 2593; x_wconf 87' lang='lat' dir='ltr'><strong>per</strong></span> <span class='ocrx_word' id='word_1_306' title='bbox 1220 2524 1599 2580; x_wconf 82' lang='lat' dir='ltr'><strong>charissimam</strong></span> <span class='ocrx_word' id='word_1_307' title='bbox 1641 2527 1794 2582; x_wconf 88' lang='lat' dir='ltr'><strong>Posi-</strong></span> 
     </span>
    </p>
   </div>
   <div class='ocr_carea' id='block_1_41' title="bbox 216 2617 1794 2691">
    <p class='ocr_par' dir='ltr' id='par_1_41' title="bbox 216 2617 1794 2691">
     <span class='ocr_line' id='line_1_41' title="bbox 216 2617 1794 2691; baseline 0.003 -19"><span class='ocrx_word' id='word_1_308' title='bbox 216 2618 411 2672; x_wconf 89' lang='lat' dir='ltr'><strong>donium</strong></span> <span class='ocrx_word' id='word_1_309' title='bbox 444 2617 569 2688; x_wconf 87' lang='lat' dir='ltr'><strong>ejus</strong></span> <span class='ocrx_word' id='word_1_310' title='bbox 599 2618 908 2683; x_wconf 84' lang='lat' dir='ltr'><strong>diaconum,</strong></span> <span class='ocrx_word' id='word_1_311' title='bbox 941 2628 992 2673; x_wconf 90' lang='lat' dir='ltr'><strong>et</strong></span> <span class='ocrx_word' id='word_1_312' title='bbox 1027 2619 1172 2688; x_wconf 86' lang='lat' dir='ltr'><strong>huic,</strong></span> <span class='ocrx_word' id='word_1_313' title='bbox 1204 2619 1272 2676; x_wconf 87' lang='lat' dir='ltr'><strong>de</strong></span> <span class='ocrx_word' id='word_1_314' title='bbox 1295 2636 1402 2688; x_wconf 83' lang='lat' dir='ltr'><strong>quo</strong></span> <span class='ocrx_word' id='word_1_315' title='bbox 1433 2621 1630 2691; x_wconf 84' lang='lat' dir='ltr'><strong>agitur,</strong></span> <span class='ocrx_word' id='word_1_316' title='bbox 1664 2621 1794 2677; x_wconf 87' lang='lat' dir='ltr'><strong>diri-</strong></span> 
     </span>
    </p>
   </div>
   <div class='ocr_carea' id='block_1_42' title="bbox 215 2709 1788 2781">
    <p class='ocr_par' dir='ltr' id='par_1_42' title="bbox 215 2709 1788 2781">
     <span class='ocr_line' id='line_1_42' title="bbox 215 2709 1788 2781; baseline 0.002 -16"><span class='ocrx_word' id='word_1_317' title='bbox 215 2710 365 2779; x_wconf 73' lang='lat' dir='ltr'><strong>genda</strong></span> <span class='ocrx_word' id='word_1_318' title='bbox 392 2709 458 2764; x_wconf 83' lang='lat' dir='ltr'><strong>ab</strong></span> <span class='ocrx_word' id='word_1_319' title='bbox 501 2709 700 2766; x_wconf 87' lang='lat' dir='ltr'><strong>eodem</strong></span> <span class='ocrx_word' id='word_1_320' title='bbox 751 2710 920 2764; x_wconf 83' lang='lat' dir='ltr'><strong>fratre</strong></span> <span class='ocrx_word' id='word_1_321' title='bbox 968 2725 1091 2764; x_wconf 89' lang='lat' dir='ltr'><strong>meo</strong></span> <span class='ocrx_word' id='word_1_322' title='bbox 1136 2713 1338 2781; x_wconf 87' lang='lat' dir='ltr'><strong>scripta</strong></span> <span class='ocrx_word' id='word_1_323' title='bbox 1372 2713 1788 2770; x_wconf 85' lang='lat' dir='ltr'><strong>transmisimus.</strong></span> 
     </span>
    </p>
   </div>
   <div class='ocr_carea' id='block_1_43' title="bbox 213 2803 1792 2875">
    <p class='ocr_par' dir='ltr' id='par_1_43' title="bbox 213 2803 1792 2875">
     <span class='ocr_line' id='line_1_43' title="bbox 213 2803 1792 2875; baseline 0 -15"><span class='ocrx_word' id='word_1_324' title='bbox 213 2803 269 2860; x_wconf 85' lang='lat' dir='ltr'><strong>Et</strong></span> <span class='ocrx_word' id='word_1_325' title='bbox 293 2805 405 2874; x_wconf 77' lang='lat' dir='ltr'><strong>quia</strong></span> <span class='ocrx_word' id='word_1_326' title='bbox 440 2815 631 2858; x_wconf 82' lang='lat' dir='ltr'><strong>n05tra</strong></span> <span class='ocrx_word' id='word_1_327' title='bbox 663 2804 718 2858; x_wconf 91' lang='lat' dir='ltr'><strong>in</strong></span> <span class='ocrx_word' id='word_1_328' title='bbox 763 2811 912 2859; x_wconf 87' lang='lat' dir='ltr'><strong>tanto</strong></span> <span class='ocrx_word' id='word_1_329' title='bbox 953 2806 1174 2871; x_wconf 86' lang='lat' dir='ltr'><strong>negotio</strong></span> <span class='ocrx_word' id='word_1_330' title='bbox 1225 2804 1618 2874; x_wconf 82' lang='lat' dir='ltr'><strong>propemodum</strong></span> <span class='ocrx_word' id='word_1_331' title='bbox 1650 2821 1792 2875; x_wconf 77' lang='lat' dir='ltr'><strong>prae—</strong></span> 
     </span>
    </p>
   </div>
   <div class='ocr_carea' id='block_1_44' title="bbox 214 2899 1791 2969">
    <p class='ocr_par' dir='ltr' id='par_1_44' title="bbox 214 2899 1791 2969">
     <span class='ocr_line' id='line_1_44' title="bbox 214 2899 1791 2969; baseline 0.001 -15"><span class='ocrx_word' id='word_1_332' title='bbox 214 2900 366 2955; x_wconf 87' lang='lat' dir='ltr'><strong>sentia</strong></span> <span class='ocrx_word' id='word_1_333' title='bbox 411 2899 723 2954; x_wconf 83' lang='lat' dir='ltr'><strong>necessaria</strong></span> <span class='ocrx_word' id='word_1_334' title='bbox 758 2899 1067 2964; x_wconf 86' lang='lat' dir='ltr'><strong>videbatur,</strong></span> <span class='ocrx_word' id='word_1_335' title='bbox 1097 2899 1267 2953; x_wconf 88' lang='lat' dir='ltr'><strong>vicem</strong></span> <span class='ocrx_word' id='word_1_336' title='bbox 1298 2907 1568 2966; x_wconf 86' lang='lat' dir='ltr'><strong>nostram,</strong></span> <span class='ocrx_word' id='word_1_337' title='bbox 1604 2909 1627 2936; x_wconf 78' lang='grc' dir='ltr'><strong>θ</strong></span> <span class='ocrx_word' id='word_1_338' title='bbox 1656 2916 1791 2969; x_wconf 91' lang='lat' dir='ltr'><strong>pro-</strong></span> 
     </span>
    </p>
   </div>
   <div class='ocr_carea' id='block_1_45' title="bbox 213 2993 1792 3066">
    <p class='ocr_par' dir='ltr' id='par_1_45' title="bbox 213 2993 1792 3066">
     <span class='ocr_line' id='line_1_45' title="bbox 213 2993 1792 3066; baseline -0.001 -16"><span class='ocrx_word' id='word_1_339' title='bbox 213 3004 316 3066; x_wconf 85' lang='lat' dir='ltr'><strong>pter</strong></span> <span class='ocrx_word' id='word_1_340' title='bbox 338 2994 544 3049; x_wconf 76' lang='lat' dir='ltr'><strong>marina</strong></span> <span class='ocrx_word' id='word_1_341' title='bbox 572 2995 651 3050; x_wconf 88' lang='lat' dir='ltr'><strong>vel</strong></span> <span class='ocrx_word' id='word_1_342' title='bbox 686 3006 897 3049; x_wconf 89' lang='lat' dir='ltr'><strong>terrena</strong></span> <span class='ocrx_word' id='word_1_343' title='bbox 924 2994 1115 3062; x_wconf 81' lang='lat' dir='ltr'><strong>spatia,</strong></span> <span class='ocrx_word' id='word_1_344' title='bbox 1149 2993 1252 3063; x_wconf 91' lang='lat' dir='ltr'><strong>ipsi</strong></span> <span class='ocrx_word' id='word_1_345' title='bbox 1285 3003 1474 3047; x_wconf 85' lang='lat' dir='ltr'><strong>sancto</strong></span> <span class='ocrx_word' id='word_1_346' title='bbox 1499 2995 1646 3048; x_wconf 88' lang='lat' dir='ltr'><strong>lratri</strong></span> <span class='ocrx_word' id='word_1_347' title='bbox 1669 3010 1792 3050; x_wconf 92' lang='lat' dir='ltr'><strong>meo</strong></span> 
     </span>
    </p>
   </div>
   <div class='ocr_carea' id='block_1_46' title="bbox 212 3085 1792 3160">
    <p class='ocr_par' dir='ltr' id='par_1_46' title="bbox 212 3085 1792 3160">
     <span class='ocr_line' id='line_1_46' title="bbox 212 3085 1792 3160; baseline -0.003 -15"><span class='ocrx_word' id='word_1_348' title='bbox 212 3089 390 3160; x_wconf 83' lang='lat' dir='ltr'><strong>Cyrillo</strong></span> <span class='ocrx_word' id='word_1_349' title='bbox 416 3087 818 3158; x_wconf 89' lang='lat' dir='ltr'><strong>delegavimus,</strong></span> <span class='ocrx_word' id='word_1_350' title='bbox 851 3103 918 3140; x_wconf 90' lang='lat' dir='ltr'><strong>ne</strong></span> <span class='ocrx_word' id='word_1_351' title='bbox 945 3087 1165 3141; x_wconf 89' lang='lat' dir='ltr'><strong>morbus</strong></span> <span class='ocrx_word' id='word_1_352' title='bbox 1199 3087 1297 3139; x_wconf 87' lang='lat' dir='ltr'><strong>iste</strong></span> <span class='ocrx_word' id='word_1_353' title='bbox 1325 3085 1677 3154; x_wconf 74' lang='lat' dir='ltr'><strong>longitudinis</strong></span> <span class='ocrx_word' id='word_1_354' title='bbox 1699 3101 1792 3141; x_wconf 88' lang='lat' dir='ltr'><strong>oc-</strong></span> 
     </span>
    </p>
   </div>
   <div class='ocr_carea' id='block_1_47' title="bbox 213 3177 1790 3250">
    <p class='ocr_par' dir='ltr' id='par_1_47' title="bbox 213 3177 1790 3250">
     <span class='ocr_line' id='line_1_47' title="bbox 213 3177 1790 3250; baseline -0.004 -13"><span class='ocrx_word' id='word_1_355' title='bbox 213 3183 406 3237; x_wconf 84' lang='lat' dir='ltr'><strong>casione</strong></span> <span class='ocrx_word' id='word_1_356' title='bbox 435 3189 742 3250; x_wconf 80' lang='lat' dir='ltr'><strong>grassetur.</strong></span> <span class='ocrx_word' id='word_1_357' title='bbox 773 3178 878 3232; x_wconf 86' lang='lat' dir='ltr'><strong>Vos</strong></span> <span class='ocrx_word' id='word_1_358' title='bbox 909 3187 1115 3232; x_wconf 89' lang='lat' dir='ltr'><strong>tantum</strong></span> <span class='ocrx_word' id='word_1_359' title='bbox 1149 3177 1482 3247; x_wconf 82' lang='lat' dir='ltr'><strong>apostolicos</strong></span> <span class='ocrx_word' id='word_1_360' title='bbox 1507 3187 1634 3232; x_wconf 89' lang='lat' dir='ltr'><strong>ante</strong></span> <span class='ocrx_word' id='word_1_361' title='bbox 1662 3193 1790 3232; x_wconf 86' lang='lat' dir='ltr'><strong>ocu-</strong></span> 
     </span>
    </p>
   </div>
   <div class='ocr_carea' id='block_1_48' title="bbox 1899 1961 3494 2037">
    <p class='ocr_par' dir='ltr' id='par_1_48' title="bbox 1899 1961 3494 2037">
     <span class='ocr_line' id='line_1_48' title="bbox 1899 1961 3494 2037; baseline 0.002 -22"><span class='ocrx_word' id='word_1_362' title='bbox 1899 1983 2040 2032; x_wconf 84' lang='grc' dir='ltr'><strong>μενοι</strong></span> <span class='ocrx_word' id='word_1_363' title='bbox 2069 1964 2117 2015; x_wconf 85' lang='grc' dir='ltr'><strong>έν</strong></span> <span class='ocrx_word' id='word_1_364' title='bbox 2149 1964 2330 2037; x_wconf 82' lang='grc' dir='ltr'><strong>κυρίῳ,</strong></span> <span class='ocrx_word' id='word_1_365' title='bbox 2373 1967 2443 2032; x_wconf 76' lang='grc' dir='ltr'><strong>μὴ</strong></span> <span class='ocrx_word' id='word_1_366' title='bbox 2487 1962 2876 2034; x_wconf 81' lang='grc' dir='ltr'><strong>μετακινηθῆτε,</strong></span> <span class='ocrx_word' id='word_1_367' title='bbox 2931 1961 3057 2016; x_wconf 85' lang='grc' dir='ltr'><strong>ἀλλά</strong></span> <span class='ocrx_word' id='word_1_368' title='bbox 3110 1963 3295 2033; x_wconf 72' lang='grc' dir='ltr'><strong>μᾶλλον</strong></span> <span class='ocrx_word' id='word_1_369' title='bbox 3343 1964 3494 2035; x_wconf 81' lang='grc' dir='ltr'><strong>θερα-</strong></span> 
     </span>
    </p>
   </div>
   <div class='ocr_carea' id='block_1_49' title="bbox 1898 2052 3496 2128">
    <p class='ocr_par' dir='ltr' id='par_1_49' title="bbox 1898 2052 3496 2128">
     <span class='ocr_line' id='line_1_49' title="bbox 1898 2052 3496 2128; baseline 0 -17"><span class='ocrx_word' id='word_1_370' title='bbox 1898 2057 2125 2111; x_wconf 78' lang='grc' dir='ltr'><strong>πεὺσητε</strong></span> <span class='ocrx_word' id='word_1_371' title='bbox 2155 2057 2247 2115; x_wconf 84' lang='grc' dir='ltr'><strong>τὰς</strong></span> <span class='ocrx_word' id='word_1_372' title='bbox 2281 2065 2301 2091; x_wconf 74' lang='grc' dir='ltr'>ε</span> <span class='ocrx_word' id='word_1_373' title='bbox 2334 2056 2554 2113; x_wconf 82' lang='grc' dir='ltr'><strong>ἀλλήλων</strong></span> <span class='ocrx_word' id='word_1_374' title='bbox 2602 2056 2880 2115; x_wconf 79' lang='grc' dir='ltr'><strong>ἀσθενείας.</strong></span> <span class='ocrx_word' id='word_1_375' title='bbox 2923 2052 3044 2114; x_wconf 75' lang='grc' dir='ltr'><strong>’Ἤδη</strong></span> <span class='ocrx_word' id='word_1_376' title='bbox 3087 2057 3185 2128; x_wconf 86' lang='grc' dir='ltr'><strong>γὰρ</strong></span> <span class='ocrx_word' id='word_1_377' title='bbox 3228 2057 3347 2127; x_wconf 82' lang='grc' dir='ltr'><strong>ὑμῖν</strong></span> <span class='ocrx_word' id='word_1_378' title='bbox 3392 2057 3496 2111; x_wconf 77' lang='grc' dir='ltr'><strong>ἐκεῖ</strong></span> 
     </span>
    </p>
   </div>
   <div class='ocr_carea' id='block_1_50' title="bbox 1897 2145 3495 2222">
    <p class='ocr_par' dir='ltr' id='par_1_50' title="bbox 1897 2145 3495 2222">
     <span class='ocr_line' id='line_1_50' title="bbox 1897 2145 3495 2222; baseline 0.003 -20"><span class='ocrx_word' id='word_1_379' title='bbox 1897 2151 2014 2208; x_wconf 79' lang='grc' dir='ltr'><strong>τοὺς</strong></span> <span class='ocrx_word' id='word_1_380' title='bbox 2037 2149 2262 2208; x_wconf 81' lang='grc' dir='ltr'><strong>ἀσθενεῖς</strong></span> <span class='ocrx_word' id='word_1_381' title='bbox 2284 2149 2672 2221; x_wconf 74' lang='grc' dir='ltr'><strong>παρατιθέμεθα,</strong></span> <span class='ocrx_word' id='word_1_382' title='bbox 2700 2145 2830 2202; x_wconf 79' lang='grc' dir='ltr'><strong>ὅπου</strong></span> <span class='ocrx_word' id='word_1_383' title='bbox 2852 2146 3048 2222; x_wconf 88' lang='grc' dir='ltr'><strong>ὁρῶμεν</strong></span> <span class='ocrx_word' id='word_1_384' title='bbox 3075 2149 3223 2204; x_wconf 81' lang='grc' dir='ltr'><strong>αὐτόν</strong></span> <span class='ocrx_word' id='word_1_385' title='bbox 3243 2155 3495 2207; x_wconf 74' lang='grc' dir='ltr'><strong>νοσοῦντα</strong></span> 
     </span>
    </p>
   </div>
   <div class='ocr_carea' id='block_1_51' title="bbox 1897 2238 3488 2318">
    <p class='ocr_par' dir='ltr' id='par_1_51' title="bbox 1897 2238 3488 2318">
     <span class='ocr_line' id='line_1_51' title="bbox 1897 2238 3488 2318; baseline 0.001 -22"><span class='ocrx_word' id='word_1_386' title='bbox 1897 2242 1983 2296; x_wconf 79' lang='grc' dir='ltr'><strong>τόν</strong></span> <span class='ocrx_word' id='word_1_387' title='bbox 2013 2242 2202 2318; x_wconf 80' lang='grc' dir='ltr'><strong>ἰατρόν·</strong></span> <span class='ocrx_word' id='word_1_388' title='bbox 2246 2238 2284 2314; x_wconf 82' lang='grc' dir='ltr'><strong><em>ᾧ</em></strong></span> <span class='ocrx_word' id='word_1_389' title='bbox 2325 2241 2522 2312; x_wconf 80' lang='grc' dir='ltr'><strong>θέλομεν</strong></span> <span class='ocrx_word' id='word_1_390' title='bbox 2553 2238 2689 2312; x_wconf 83' lang='grc' dir='ltr'><strong>ὅμως</strong></span> <span class='ocrx_word' id='word_1_391' title='bbox 2711 2282 2724 2304; x_wconf 87' lang='grc'><em>,</em></span> <span class='ocrx_word' id='word_1_392' title='bbox 2779 2243 2821 2294; x_wconf 89' lang='grc' dir='ltr'><strong>εί</strong></span> <span class='ocrx_word' id='word_1_393' title='bbox 2857 2239 2939 2298; x_wconf 79' lang='grc' dir='ltr'><strong>ἔτι</strong></span> <span class='ocrx_word' id='word_1_394' title='bbox 2969 2240 3243 2314; x_wconf 83' lang='grc' dir='ltr'><strong>δυνάμεθα,</strong></span> <span class='ocrx_word' id='word_1_395' title='bbox 3276 2244 3488 2313; x_wconf 77' lang='grc' dir='ltr'><strong>βοηθεῖν.</strong></span> 
     </span>
    </p>
   </div>
   <div class='ocr_carea' id='block_1_52' title="bbox 1898 2331 3493 2409">
    <p class='ocr_par' dir='ltr' id='par_1_52' title="bbox 1898 2331 3493 2409">
     <span class='ocr_line' id='line_1_52' title="bbox 1898 2331 3493 2409; baseline 0.001 -21"><span class='ocrx_word' id='word_1_396' title='bbox 1898 2346 1983 2395; x_wconf 81' lang='grc' dir='ltr'><strong>Ὠς</strong></span> <span class='ocrx_word' id='word_1_397' title='bbox 2011 2337 2112 2409; x_wconf 82' lang='grc' dir='ltr'><strong>γὰρ</strong></span> <span class='ocrx_word' id='word_1_398' title='bbox 2142 2335 2270 2408; x_wconf 76' lang='grc' dir='ltr'><strong>πρὸς</strong></span> <span class='ocrx_word' id='word_1_399' title='bbox 2300 2334 2384 2388; x_wconf 81' lang='grc' dir='ltr'><strong>τόν</strong></span> <span class='ocrx_word' id='word_1_400' title='bbox 2416 2331 2557 2406; x_wconf 81' lang='grc' dir='ltr'><strong>ἅγιον</strong></span> <span class='ocrx_word' id='word_1_401' title='bbox 2585 2332 2790 2404; x_wconf 83' lang='grc' dir='ltr'><strong>ἀλελφόν</strong></span> <span class='ocrx_word' id='word_1_402' title='bbox 2816 2337 2904 2388; x_wconf 87' lang='grc' dir='ltr'><strong>καί</strong></span> <span class='ocrx_word' id='word_1_403' title='bbox 2943 2336 3320 2390; x_wconf 86' lang='grc' dir='ltr'><strong>συνεπίσκοπον</strong></span> <span class='ocrx_word' id='word_1_404' title='bbox 3349 2337 3493 2406; x_wconf 73' lang='grc' dir='ltr'><strong>ἡμῶν</strong></span> 
     </span>
    </p>
   </div>
   <div class='ocr_carea' id='block_1_53' title="bbox 1898 2424 3493 2504">
    <p class='ocr_par' dir='ltr' id='par_1_53' title="bbox 1898 2424 3493 2504">
     <span class='ocr_line' id='line_1_53' title="bbox 1898 2424 3493 2504; baseline 0.001 -24"><span class='ocrx_word' id='word_1_405' title='bbox 1898 2426 2130 2504; x_wconf 78' lang='grc' dir='ltr'><strong>κὺριλλον</strong></span> <span class='ocrx_word' id='word_1_406' title='bbox 2179 2424 2456 2496; x_wconf 78' lang='grc' dir='ltr'><strong>ἀρμοδίους</strong></span> <span class='ocrx_word' id='word_1_407' title='bbox 2509 2427 2805 2497; x_wconf 87' lang='grc' dir='ltr'><strong>ἀποκρίσεις</strong></span> <span class='ocrx_word' id='word_1_408' title='bbox 2861 2427 3175 2496; x_wconf 82' lang='grc' dir='ltr'><strong>ἐπέμπομεν,</strong></span> <span class='ocrx_word' id='word_1_409' title='bbox 3231 2430 3318 2480; x_wconf 83' lang='grc' dir='ltr'><strong>καί</strong></span> <span class='ocrx_word' id='word_1_410' title='bbox 3372 2429 3493 2498; x_wconf 86' lang='grc' dir='ltr'><strong>ὑμῖν</strong></span> 
     </span>
    </p>
   </div>
   <div class='ocr_carea' id='block_1_54' title="bbox 1898 2516 3488 2588">
    <p class='ocr_par' dir='ltr' id='par_1_54' title="bbox 1898 2516 3488 2588">
     <span class='ocr_line' id='line_1_54' title="bbox 1898 2516 3488 2588; baseline 0.001 -16"><span class='ocrx_word' id='word_1_411' title='bbox 1898 2518 2260 2588; x_wconf 79' lang='grc' dir='ltr'><strong>ἐπεστείλαμεν</strong></span> <span class='ocrx_word' id='word_1_412' title='bbox 2313 2516 2396 2572; x_wconf 81' lang='grc' dir='ltr'><strong>διὰ</strong></span> <span class='ocrx_word' id='word_1_413' title='bbox 2449 2524 2538 2571; x_wconf 87' lang='grc' dir='ltr'><strong>τοῦ</strong></span> <span class='ocrx_word' id='word_1_414' title='bbox 2594 2519 2949 2573; x_wconf 84' lang='grc' dir='ltr'><strong>ποθεινοτάτου</strong></span> <span class='ocrx_word' id='word_1_415' title='bbox 3008 2518 3338 2574; x_wconf 86' lang='grc' dir='ltr'><strong>Ποσειδωνίου</strong></span> <span class='ocrx_word' id='word_1_416' title='bbox 3395 2525 3488 2574; x_wconf 81' lang='grc' dir='ltr'><strong>τοῦ</strong></span> 
     </span>
    </p>
   </div>
   <div class='ocr_carea' id='block_1_55' title="bbox 1896 2608 3491 2687">
    <p class='ocr_par' dir='ltr' id='par_1_55' title="bbox 1896 2608 3491 2687">
     <span class='ocr_line' id='line_1_55' title="bbox 1896 2608 3491 2687; baseline -0.001 -21"><span class='ocrx_word' id='word_1_417' title='bbox 1896 2609 2131 2666; x_wconf 84' lang='grc' dir='ltr'><strong>διακόνου</strong></span> <span class='ocrx_word' id='word_1_418' title='bbox 2161 2612 2334 2670; x_wconf 60' lang='grc' dir='ltr'><strong>αὑυοῦ.</strong></span> <span class='ocrx_word' id='word_1_419' title='bbox 2366 2609 2432 2664; x_wconf 87' lang='grc' dir='ltr'><strong>τά</strong></span> <span class='ocrx_word' id='word_1_420' title='bbox 2473 2610 2709 2680; x_wconf 84' lang='grc' dir='ltr'><strong>πεμπτέα</strong></span> <span class='ocrx_word' id='word_1_421' title='bbox 2745 2611 2889 2687; x_wconf 89' lang='grc' dir='ltr'><strong>παρά</strong></span> <span class='ocrx_word' id='word_1_422' title='bbox 2934 2617 3025 2666; x_wconf 89' lang='grc' dir='ltr'><strong>τοῦ</strong></span> <span class='ocrx_word' id='word_1_423' title='bbox 3075 2612 3234 2666; x_wconf 81' lang='grc' dir='ltr'><strong>αὐτοῦ</strong></span> <span class='ocrx_word' id='word_1_424' title='bbox 3277 2608 3491 2684; x_wconf 80' lang='grc' dir='ltr'><strong>ἀδελφοῦ</strong></span> 
     </span>
    </p>
   </div>
   <div class='ocr_carea' id='block_1_56' title="bbox 1897 2699 3491 2777">
    <p class='ocr_par' dir='ltr' id='par_1_56' title="bbox 1897 2699 3491 2777">
     <span class='ocr_line' id='line_1_56' title="bbox 1897 2699 3491 2777; baseline 0 -20"><span class='ocrx_word' id='word_1_425' title='bbox 1897 2725 1997 2775; x_wconf 93' lang='grc' dir='ltr'><strong>μου</strong></span> <span class='ocrx_word' id='word_1_426' title='bbox 2025 2705 2105 2757; x_wconf 84' lang='grc' dir='ltr'><strong>καί</strong></span> <span class='ocrx_word' id='word_1_427' title='bbox 2132 2704 2264 2777; x_wconf 85' lang='grc' dir='ltr'><strong>πρὸς</strong></span> <span class='ocrx_word' id='word_1_428' title='bbox 2293 2702 2472 2756; x_wconf 85' lang='grc' dir='ltr'><strong>ἐκεῖνον</strong></span> <span class='ocrx_word' id='word_1_429' title='bbox 2501 2705 2620 2776; x_wconf 85' lang='grc' dir='ltr'><strong>περὶ</strong></span> <span class='ocrx_word' id='word_1_430' title='bbox 2649 2699 2709 2756; x_wconf 80' lang='grc' dir='ltr'><strong>οὗ</strong></span> <span class='ocrx_word' id='word_1_431' title='bbox 2737 2703 2905 2774; x_wconf 88' lang='grc' dir='ltr'><strong>λόγος.</strong></span> <span class='ocrx_word' id='word_1_432' title='bbox 2938 2707 3040 2758; x_wconf 85' lang='grc' dir='ltr'><strong>Καὶ</strong></span> <span class='ocrx_word' id='word_1_433' title='bbox 3076 2702 3248 2763; x_wconf 74' lang='grc' dir='ltr'><strong>ἐπειδὴ</strong></span> <span class='ocrx_word' id='word_1_434' title='bbox 3278 2706 3327 2758; x_wconf 82' lang='grc' dir='ltr'><strong>ἐν</strong></span> <span class='ocrx_word' id='word_1_435' title='bbox 3353 2704 3491 2764; x_wconf 82' lang='grc' dir='ltr'><strong>τηλι-</strong></span> 
     </span>
    </p>
   </div>
   <div class='ocr_carea' id='block_1_57' title="bbox 1897 2795 3493 2873">
    <p class='ocr_par' dir='ltr' id='par_1_57' title="bbox 1897 2795 3493 2873">
     <span class='ocr_line' id='line_1_57' title="bbox 1897 2795 3493 2873; baseline 0.004 -23"><span class='ocrx_word' id='word_1_436' title='bbox 1897 2799 2063 2866; x_wconf 81' lang='grc' dir='ltr'><strong>κούτῳ</strong></span> <span class='ocrx_word' id='word_1_437' title='bbox 2090 2797 2357 2871; x_wconf 76' lang='grc' dir='ltr'><strong>πράγματι</strong></span> <span class='ocrx_word' id='word_1_438' title='bbox 2384 2798 2415 2853; x_wconf 79' lang='grc' dir='ltr'>ἡ</span> <span class='ocrx_word' id='word_1_439' title='bbox 2444 2797 2669 2872; x_wconf 76' lang='grc' dir='ltr'><strong>ἡμετέρα</strong></span> <span class='ocrx_word' id='word_1_440' title='bbox 2708 2795 2897 2868; x_wconf 76' lang='grc' dir='ltr'><strong>σχεδόν</strong></span> <span class='ocrx_word' id='word_1_441' title='bbox 2937 2802 3208 2873; x_wconf 88' lang='grc' dir='ltr'><strong>παρουσία</strong></span> <span class='ocrx_word' id='word_1_442' title='bbox 3236 2800 3493 2873; x_wconf 70' lang='grc' dir='ltr'><strong>ἀναγκαία</strong></span> 
     </span>
    </p>
   </div>
   <div class='ocr_carea' id='block_1_58' title="bbox 1897 2886 3494 2963">
    <p class='ocr_par' dir='ltr' id='par_1_58' title="bbox 1897 2886 3494 2963">
     <span class='ocr_line' id='line_1_58' title="bbox 1897 2886 3494 2963; baseline 0.004 -21"><span class='ocrx_word' id='word_1_443' title='bbox 1897 2890 2144 2963; x_wconf 80' lang='grc' dir='ltr'><strong>ἐφαίνετο,</strong></span> <span class='ocrx_word' id='word_1_444' title='bbox 2176 2893 2267 2946; x_wconf 76' lang='grc' dir='ltr'><strong>τήν</strong></span> <span class='ocrx_word' id='word_1_445' title='bbox 2297 2890 2547 2962; x_wconf 76' lang='grc' dir='ltr'><strong>ἡμετέραν</strong></span> <span class='ocrx_word' id='word_1_446' title='bbox 2572 2886 2848 2958; x_wconf 72' lang='grc' dir='ltr'><strong>διαδοχήν,</strong></span> <span class='ocrx_word' id='word_1_447' title='bbox 2879 2887 2963 2944; x_wconf 81' lang='grc' dir='ltr'><strong>διὰ</strong></span> <span class='ocrx_word' id='word_1_448' title='bbox 2991 2893 3056 2945; x_wconf 86' lang='grc' dir='ltr'><strong>τὰ</strong></span> <span class='ocrx_word' id='word_1_449' title='bbox 3086 2891 3218 2946; x_wconf 88' lang='grc' dir='ltr'><strong>κατὰ</strong></span> <span class='ocrx_word' id='word_1_450' title='bbox 3239 2891 3494 2949; x_wconf 79' lang='grc' dir='ltr'><strong>θάλατταν</strong></span> 
     </span>
    </p>
   </div>
   <div class='ocr_carea' id='block_1_59' title="bbox 1896 2982 3494 3060">
    <p class='ocr_par' dir='ltr' id='par_1_59' title="bbox 1896 2982 3494 3060">
     <span class='ocr_line' id='line_1_59' title="bbox 1896 2982 3494 3060; baseline 0.001 -22"><span class='ocrx_word' id='word_1_451' title='bbox 1896 2989 1984 3040; x_wconf 88' lang='grc' dir='ltr'><strong>καί</strong></span> <span class='ocrx_word' id='word_1_452' title='bbox 2010 2993 2100 3059; x_wconf 91' lang='grc' dir='ltr'><strong>γῆν</strong></span> <span class='ocrx_word' id='word_1_453' title='bbox 2146 2984 2486 3055; x_wconf 79' lang='grc' dir='ltr'><strong>διαστήματα,</strong></span> <span class='ocrx_word' id='word_1_454' title='bbox 2517 2985 2659 3054; x_wconf 81' lang='grc' dir='ltr'><strong>αὐτῷ</strong></span> <span class='ocrx_word' id='word_1_455' title='bbox 2685 2989 2758 3056; x_wconf 85' lang='grc' dir='ltr'><strong>τῷ</strong></span> <span class='ocrx_word' id='word_1_456' title='bbox 2777 2983 2906 3056; x_wconf 84' lang='grc' dir='ltr'><strong>ἁγίῳ</strong></span> <span class='ocrx_word' id='word_1_457' title='bbox 2932 2982 3122 3058; x_wconf 87' lang='grc' dir='ltr'><strong>ἀδελφῷ</strong></span> <span class='ocrx_word' id='word_1_458' title='bbox 3141 3005 3238 3056; x_wconf 92' lang='grc' dir='ltr'><strong>μου</strong></span> <span class='ocrx_word' id='word_1_459' title='bbox 3268 2987 3494 3060; x_wconf 76' lang='grc' dir='ltr'><strong>Κυρίλλῳ</strong></span> 
     </span>
    </p>
   </div>
   <div class='ocr_carea' id='block_1_60' title="bbox 1895 3074 3494 3151">
    <p class='ocr_par' dir='ltr' id='par_1_60' title="bbox 1895 3074 3494 3151">
     <span class='ocr_line' id='line_1_60' title="bbox 1895 3074 3494 3151; baseline 0 -19"><span class='ocrx_word' id='word_1_460' title='bbox 1895 3080 2254 3149; x_wconf 79' lang='grc' dir='ltr'><strong>ἀπενείμαμιν,</strong></span> <span class='ocrx_word' id='word_1_461' title='bbox 2289 3079 2358 3144; x_wconf 78' lang='grc' dir='ltr'><strong>μή</strong></span> <span class='ocrx_word' id='word_1_462' title='bbox 2389 3076 2516 3132; x_wconf 73' lang='grc' dir='ltr'><strong>αὑτὴ</strong></span> <span class='ocrx_word' id='word_1_463' title='bbox 2558 3076 2588 3132; x_wconf 81' lang='grc' dir='ltr'>ἡ</span> <span class='ocrx_word' id='word_1_464' title='bbox 2614 3074 2762 3134; x_wconf 90' lang='grc' dir='ltr'><strong>νόσος</strong></span> <span class='ocrx_word' id='word_1_465' title='bbox 2801 3077 3002 3151; x_wconf 78' lang='grc' dir='ltr'><strong>ἀφορμῇ</strong></span> <span class='ocrx_word' id='word_1_466' title='bbox 3032 3084 3125 3137; x_wconf 88' lang='grc' dir='ltr'><strong>τῆς</strong></span> <span class='ocrx_word' id='word_1_467' title='bbox 3169 3079 3494 3149; x_wconf 84' lang='grc' dir='ltr'><strong>μακρότητος</strong></span> 
     </span>
    </p>
   </div>
   <div class='ocr_carea' id='block_1_61' title="bbox 1896 3164 3492 3244">
    <p class='ocr_par' dir='ltr' id='par_1_61' title="bbox 1896 3164 3492 3244">
     <span class='ocr_line' id='line_1_61' title="bbox 1896 3164 3492 3244; baseline 0.003 -22"><span class='ocrx_word' id='word_1_468' title='bbox 1896 3169 2151 3244; x_wconf 75' lang='grc' dir='ltr'><strong>έπιτριϐᾕ.</strong></span> <span class='ocrx_word' id='word_1_469' title='bbox 2183 3164 2338 3222; x_wconf 80' lang='grc' dir='ltr'><strong>Μόνον</strong></span> <span class='ocrx_word' id='word_1_470' title='bbox 2363 3167 2509 3236; x_wconf 89' lang='grc' dir='ltr'><strong>ὑμεῖς</strong></span> <span class='ocrx_word' id='word_1_471' title='bbox 2539 3168 2664 3226; x_wconf 80' lang='grc' dir='ltr'><strong>τοὺς</strong></span> <span class='ocrx_word' id='word_1_472' title='bbox 2703 3167 3069 3228; x_wconf 85' lang='grc' dir='ltr'><strong>ἀποστολικοὺς</strong></span> <span class='ocrx_word' id='word_1_473' title='bbox 3100 3170 3202 3244; x_wconf 80' lang='grc' dir='ltr'><strong>πρὸ</strong></span> <span class='ocrx_word' id='word_1_474' title='bbox 3231 3171 3492 3243; x_wconf 84' lang='grc' dir='ltr'><strong>ὀφθαλμῶν</strong></span> 
     </span>
    </p>
   </div>
   <div class='ocr_carea' id='block_1_62' title="bbox 213 3252 1787 3340">
    <p class='ocr_par' dir='ltr' id='par_1_62' title="bbox 213 3273 1783 3340">
     <span class='ocr_line' id='line_1_62' title="bbox 213 3273 1783 3340; baseline -0.003 -9"><span class='ocrx_word' id='word_1_475' title='bbox 213 3278 282 3332; x_wconf 88' lang='lat' dir='ltr'><strong>los</strong></span> <span class='ocrx_word' id='word_1_476' title='bbox 325 3277 587 3331; x_wconf 82' lang='lat' dir='ltr'><strong>habentes</strong></span> <span class='ocrx_word' id='word_1_477' title='bbox 614 3289 917 3340; x_wconf 86' lang='lat' dir='ltr'><strong>sermones,</strong></span> <span class='ocrx_word' id='word_1_478' title='bbox 966 3275 1018 3327; x_wconf 90' lang='lat' dir='ltr'><strong>in</strong></span> <span class='ocrx_word' id='word_1_479' title='bbox 1051 3273 1225 3326; x_wconf 84' lang='lat' dir='ltr'><strong>eodem</strong></span> <span class='ocrx_word' id='word_1_480' title='bbox 1256 3289 1406 3326; x_wconf 84' lang='lat' dir='ltr'><strong>sensu</strong></span> <span class='ocrx_word' id='word_1_481' title='bbox 1431 3281 1477 3324; x_wconf 76' lang='lat' dir='ltr'><strong>et</strong></span> <span class='ocrx_word' id='word_1_482' title='bbox 1520 3273 1572 3326; x_wconf 87' lang='lat' dir='ltr'><strong>in</strong></span> <span class='ocrx_word' id='word_1_483' title='bbox 1604 3273 1783 3328; x_wconf 85' lang='lat' dir='ltr'><strong>eadem</strong></span> 
     </span>
    </p>
   </div>
   <div class='ocr_carea' id='block_1_63' title="bbox 1895 3252 3491 3340">
    <p class='ocr_par' dir='ltr' id='par_1_63' title="bbox 1895 3259 3491 3338">
     <span class='ocr_line' id='line_1_63' title="bbox 1895 3259 3491 3338; baseline 0.004 -23"><span class='ocrx_word' id='word_1_484' title='bbox 1895 3261 2053 3333; x_wconf 79' lang='grc' dir='ltr'><strong>ἔχετε</strong></span> <span class='ocrx_word' id='word_1_485' title='bbox 2083 3262 2280 3333; x_wconf 86' lang='grc' dir='ltr'><strong>λόγους.</strong></span> <span class='ocrx_word' id='word_1_486' title='bbox 2317 3262 2363 3314; x_wconf 87' lang='grc' dir='ltr'><strong>έν</strong></span> <span class='ocrx_word' id='word_1_487' title='bbox 2391 3269 2454 3336; x_wconf 75' lang='grc' dir='ltr'><strong>τῇ</strong></span> <span class='ocrx_word' id='word_1_488' title='bbox 2493 3262 2621 3336; x_wconf 82' lang='grc' dir='ltr'><strong>αὑτῇ</strong></span> <span class='ocrx_word' id='word_1_489' title='bbox 2669 3259 2867 3336; x_wconf 79' lang='grc' dir='ltr'><strong>διανοίᾳ</strong></span> <span class='ocrx_word' id='word_1_490' title='bbox 2902 3263 2984 3316; x_wconf 88' lang='grc' dir='ltr'><strong>καί</strong></span> <span class='ocrx_word' id='word_1_491' title='bbox 3014 3263 3063 3315; x_wconf 80' lang='grc' dir='ltr'><strong>ἐν</strong></span> <span class='ocrx_word' id='word_1_492' title='bbox 3097 3271 3161 3338; x_wconf 76' lang='grc' dir='ltr'><strong>τῇ</strong></span> <span class='ocrx_word' id='word_1_493' title='bbox 3198 3268 3372 3338; x_wconf 79' lang='grc' dir='ltr'><strong>γνώμῃ</strong></span> <span class='ocrx_word' id='word_1_494' title='bbox 3406 3267 3491 3338; x_wconf 78' lang='grc' dir='ltr'><strong>γί-</strong></span> 
     </span>
    </p>
   </div>
   <div class='ocr_carea' id='block_1_64' title="bbox 212 3364 1786 3437">
    <p class='ocr_par' dir='ltr' id='par_1_64' title="bbox 212 3364 1786 3437">
     <span class='ocr_line' id='line_1_64' title="bbox 212 3364 1786 3437; baseline -0.003 -13"><span class='ocrx_word' id='word_1_495' title='bbox 212 3371 436 3424; x_wconf 85' lang='lat' dir='ltr'><strong>sententia</strong></span> <span class='ocrx_word' id='word_1_496' title='bbox 469 3377 639 3423; x_wconf 89' lang='lat' dir='ltr'><strong>estote</strong></span> <span class='ocrx_word' id='word_1_497' title='bbox 678 3368 888 3436; x_wconf 77' lang='lat' dir='ltr'><strong>perfecti</strong></span> <span class='ocrx_word' id='word_1_498' title='bbox 913 3364 966 3437; x_wconf 86' lang='grc' dir='ltr'><strong>(Ι</strong></span> <span class='ocrx_word' id='word_1_499' title='bbox 990 3365 1107 3418; x_wconf 80' lang='lat' dir='ltr'><strong>Cor.</strong></span> <span class='ocrx_word' id='word_1_500' title='bbox 1138 3380 1184 3432; x_wconf 89' lang='lat' dir='ltr'><strong>t,</strong></span> <span class='ocrx_word' id='word_1_501' title='bbox 1219 3365 1338 3436; x_wconf 77' lang='lat'><strong>10),</strong></span> <span class='ocrx_word' id='word_1_502' title='bbox 1375 3373 1448 3429; x_wconf 91' lang='lat' dir='ltr'><strong>ut,</strong></span> <span class='ocrx_word' id='word_1_503' title='bbox 1483 3365 1622 3418; x_wconf 83' lang='lat' dir='ltr'><strong>sicut</strong></span> <span class='ocrx_word' id='word_1_504' title='bbox 1651 3365 1786 3434; x_wconf 77' lang='lat' dir='ltr'><strong>legi-</strong></span> 
     </span>
    </p>
   </div>
   <div class='ocr_carea' id='block_1_65' title="bbox 210 3455 1786 3533">
    <p class='ocr_par' dir='ltr' id='par_1_65' title="bbox 210 3455 1786 3533">
     <span class='ocr_line' id='line_1_65' title="bbox 210 3455 1786 3533; baseline -0.004 -15"><span class='ocrx_word' id='word_1_505' title='bbox 210 3478 310 3518; x_wconf 88' lang='lat' dir='ltr'><strong>mus</strong></span> <span class='ocrx_word' id='word_1_506' title='bbox 337 3461 560 3533; x_wconf 78' lang='lat' dir='ltr'><strong>(Matth.</strong></span> <span class='ocrx_word' id='word_1_507' title='bbox 611 3477 640 3514; x_wconf 72' lang='grc' dir='ltr'><strong>κ</strong></span> <span class='ocrx_word' id='word_1_508' title='bbox 669 3505 682 3527; x_wconf 88' lang='grc'><em>,</em></span> <span class='ocrx_word' id='word_1_509' title='bbox 715 3459 856 3528; x_wconf 71' lang='lat'><strong>22),</strong></span> <span class='ocrx_word' id='word_1_510' title='bbox 891 3465 1270 3528; x_wconf 83' lang='lat' dir='ltr'><strong>permanentes</strong></span> <span class='ocrx_word' id='word_1_511' title='bbox 1308 3472 1477 3528; x_wconf 81' lang='lat' dir='ltr'><strong>usque</strong></span> <span class='ocrx_word' id='word_1_512' title='bbox 1508 3455 1573 3511; x_wconf 89' lang='lat' dir='ltr'><strong>ad</strong></span> <span class='ocrx_word' id='word_1_513' title='bbox 1623 3457 1786 3512; x_wconf 80' lang='lat' dir='ltr'><strong>tinem</strong></span> 
     </span>
    </p>
   </div>
   <div class='ocr_carea' id='block_1_66' title="bbox 210 3550 1782 3622">
    <p class='ocr_par' dir='ltr' id='par_1_66' title="bbox 210 3550 1782 3622">
     <span class='ocr_line' id='line_1_66' title="bbox 210 3550 1782 3622; baseline -0.004 -12"><span class='ocrx_word' id='word_1_514' title='bbox 210 3556 323 3610; x_wconf 81' lang='lat' dir='ltr'><strong>salvi</strong></span> <span class='ocrx_word' id='word_1_515' title='bbox 353 3569 469 3608; x_wconf 85' lang='lat' dir='ltr'><strong>esse</strong></span> <span class='ocrx_word' id='word_1_516' title='bbox 495 3553 739 3622; x_wconf 84' lang='lat' dir='ltr'><strong>possitis.</strong></span> <span class='ocrx_word' id='word_1_517' title='bbox 773 3551 840 3607; x_wconf 89' lang='lat' dir='ltr'><strong>Ut</strong></span> <span class='ocrx_word' id='word_1_518' title='bbox 868 3561 1046 3606; x_wconf 91' lang='lat' dir='ltr'><strong>autem</strong></span> <span class='ocrx_word' id='word_1_519' title='bbox 1095 3551 1353 3604; x_wconf 82' lang='lat' dir='ltr'><strong>noveritis</strong></span> <span class='ocrx_word' id='word_1_520' title='bbox 1385 3550 1486 3606; x_wconf 88' lang='lat' dir='ltr'><strong>sub</strong></span> <span class='ocrx_word' id='word_1_521' title='bbox 1513 3565 1618 3620; x_wconf 86' lang='lat' dir='ltr'><strong>qua</strong></span> <span class='ocrx_word' id='word_1_522' title='bbox 1645 3550 1782 3606; x_wconf 87' lang='lat' dir='ltr'><strong>deli-</strong></span> 
     </span>
    </p>
   </div>
   <div class='ocr_carea' id='block_1_67' title="bbox 208 3644 1786 3714">
    <p class='ocr_par' dir='ltr' id='par_1_67' title="bbox 208 3644 1786 3714">
     <span class='ocr_line' id='line_1_67' title="bbox 208 3644 1786 3714; baseline -0.002 -11"><span class='ocrx_word' id='word_1_523' title='bbox 208 3649 388 3704; x_wconf 89' lang='lat' dir='ltr'><strong>nitione</strong></span> <span class='ocrx_word' id='word_1_524' title='bbox 420 3647 641 3702; x_wconf 89' lang='lat' dir='ltr'><strong>litteras</strong></span> <span class='ocrx_word' id='word_1_525' title='bbox 682 3645 699 3683; x_wconf 77' lang='grc' dir='ltr'><em>τ</em></span> <span class='ocrx_word' id='word_1_526' title='bbox 735 3645 1072 3710; x_wconf 86' lang='lat' dir='ltr'><strong>miserimus,</strong></span> <span class='ocrx_word' id='word_1_527' title='bbox 1103 3644 1274 3714; x_wconf 88' lang='lat' dir='ltr'><strong>ipsam</strong></span> <span class='ocrx_word' id='word_1_528' title='bbox 1307 3644 1632 3699; x_wconf 89' lang='lat' dir='ltr'><strong>sententiam</strong></span> <span class='ocrx_word' id='word_1_529' title='bbox 1659 3644 1786 3700; x_wconf 92' lang='lat' dir='ltr'><strong>huic</strong></span> 
     </span>
    </p>
   </div>
   <div class='ocr_carea' id='block_1_68' title="bbox 207 3736 1782 3814">
    <p class='ocr_par' dir='ltr' id='par_1_68' title="bbox 207 3736 1782 3814">
     <span class='ocr_line' id='line_1_68' title="bbox 207 3736 1782 3814; baseline -0.004 -16"><span class='ocrx_word' id='word_1_530' title='bbox 207 3744 423 3814; x_wconf 68' lang='lat' dir='ltr'><strong>epistolae</strong></span> <span class='ocrx_word' id='word_1_531' title='bbox 452 3742 692 3797; x_wconf 88' lang='lat' dir='ltr'><strong>fecimus</strong></span> <span class='ocrx_word' id='word_1_532' title='bbox 735 3739 923 3795; x_wconf 88' lang='lat' dir='ltr'><strong>subter</strong></span> <span class='ocrx_word' id='word_1_533' title='bbox 969 3739 1222 3804; x_wconf 89' lang='lat' dir='ltr'><strong>annecti,</strong></span> <span class='ocrx_word' id='word_1_534' title='bbox 1255 3748 1312 3792; x_wconf 92' lang='lat' dir='ltr'><strong>ut</strong></span> <span class='ocrx_word' id='word_1_535' title='bbox 1353 3737 1532 3792; x_wconf 85' lang='lat' dir='ltr'><strong>datam</strong></span> <span class='ocrx_word' id='word_1_536' title='bbox 1565 3736 1629 3792; x_wconf 89' lang='lat' dir='ltr'><strong>de</strong></span> <span class='ocrx_word' id='word_1_537' title='bbox 1661 3738 1782 3807; x_wconf 91' lang='lat' dir='ltr'><strong>ipso</strong></span> 
     </span>
    </p>
   </div>
   <div class='ocr_carea' id='block_1_69' title="bbox 208 3831 1777 3906">
    <p class='ocr_par' dir='ltr' id='par_1_69' title="bbox 208 3831 1777 3906">
     <span class='ocr_line' id='line_1_69' title="bbox 208 3831 1777 3906; baseline -0.003 -15"><span class='ocrx_word' id='word_1_538' title='bbox 208 3838 472 3892; x_wconf 86' lang='lat' dir='ltr'><strong>formulam</strong></span> <span class='ocrx_word' id='word_1_539' title='bbox 497 3834 868 3906; x_wconf 79' lang='lat' dir='ltr'><strong>cognoscatis.</strong></span> <span class='ocrx_word' id='word_1_540' title='bbox 888 3832 1030 3887; x_wconf 88' lang='lat' dir='ltr'><strong>Deus</strong></span> <span class='ocrx_word' id='word_1_541' title='bbox 1046 3847 1144 3886; x_wconf 90' lang='lat' dir='ltr'><strong>vos</strong></span> <span class='ocrx_word' id='word_1_542' title='bbox 1171 3831 1472 3886; x_wconf 88' lang='lat' dir='ltr'><strong>incolumes</strong></span> <span class='ocrx_word' id='word_1_543' title='bbox 1489 3831 1777 3898; x_wconf 85' lang='lat' dir='ltr'><strong>custodiat,</strong></span> 
     </span>
    </p>
   </div>
   <div class='ocr_carea' id='block_1_70' title="bbox 206 3923 1781 3995">
    <p class='ocr_par' dir='ltr' id='par_1_70' title="bbox 206 3923 1781 3995">
     <span class='ocr_line' id='line_1_70' title="bbox 206 3923 1781 3995; baseline -0.003 -11"><span class='ocrx_word' id='word_1_544' title='bbox 206 3928 378 3984; x_wconf 86' lang='lat' dir='ltr'><strong>fratres</strong></span> <span class='ocrx_word' id='word_1_545' title='bbox 402 3927 736 3984; x_wconf 85' lang='lat' dir='ltr'><strong>cbarissimi.</strong></span> <span class='ocrx_word' id='word_1_546' title='bbox 766 3926 899 3980; x_wconf 83' lang='lat' dir='ltr'><strong>Data</strong></span> <span class='ocrx_word' id='word_1_547' title='bbox 931 3934 957 3972; x_wconf 71' lang='grc' dir='ltr'><strong><em>κ</em></strong></span> <span class='ocrx_word' id='word_1_548' title='bbox 985 3940 1042 3978; x_wconf 83' lang='grc' dir='ltr'><strong>ιιι</strong></span> <span class='ocrx_word' id='word_1_549' title='bbox 1074 3923 1192 3979; x_wconf 91' lang='lat' dir='ltr'><strong>idus</strong></span> <span class='ocrx_word' id='word_1_550' title='bbox 1222 3923 1444 3995; x_wconf 79' lang='lat' dir='ltr'><strong>Augusti</strong></span> <span class='ocrx_word' id='word_1_551' title='bbox 1471 3923 1781 3980; x_wconf 88' lang='lat' dir='ltr'><strong>Theodosio</strong></span> 
     </span>
    </p>
   </div>
   <div class='ocr_carea' id='block_1_71' title="bbox 206 4017 1218 4080">
    <p class='ocr_par' dir='ltr' id='par_1_71' title="bbox 206 4017 1218 4080">
     <span class='ocr_line' id='line_1_71' title="bbox 206 4017 1218 4080; baseline -0.005 -2"><span class='ocrx_word' id='word_1_552' title='bbox 206 4038 286 4080; x_wconf 82' lang='lat' dir='ltr'><strong>xm</strong></span> <span class='ocrx_word' id='word_1_553' title='bbox 312 4033 363 4080; x_wconf 83' lang='lat' dir='ltr'><strong>et</strong></span> <span class='ocrx_word' id='word_1_554' title='bbox 387 4022 770 4078; x_wconf 82' lang='lat' dir='ltr'><strong>Valentiniano</strong></span> <span class='ocrx_word' id='word_1_555' title='bbox 791 4034 850 4074; x_wconf 81' lang='grc' dir='ltr'><strong>ιιι</strong></span> <span class='ocrx_word' id='word_1_556' title='bbox 877 4017 1218 4073; x_wconf 87' lang='lat' dir='ltr'><strong>consulibus.</strong></span> 
     </span>
    </p>
   </div>
   <div class='ocr_carea' id='block_1_72' title="bbox 264 4111 1780 4184">
    <p class='ocr_par' dir='ltr' id='par_1_72' title="bbox 264 4111 1780 4184">
     <span class='ocr_line' id='line_1_72' title="bbox 264 4111 1780 4184; baseline -0.005 -13"><span class='ocrx_word' id='word_1_557' title='bbox 264 4117 314 4171; x_wconf 87' lang='lat'><strong>9.</strong></span> <span class='ocrx_word' id='word_1_558' title='bbox 334 4116 514 4172; x_wconf 83' lang='lat' dir='ltr'><strong>Palam</strong></span> <span class='ocrx_word' id='word_1_559' title='bbox 552 4112 580 4152; x_wconf 72' lang='grc' dir='ltr'><strong>ιι</strong></span> <span class='ocrx_word' id='word_1_560' title='bbox 607 4114 769 4184; x_wconf 81' lang='lat' dir='ltr'><strong>igitur</strong></span> <span class='ocrx_word' id='word_1_561' title='bbox 791 4125 1025 4182; x_wconf 88' lang='lat' dir='ltr'><strong>agnosce</strong></span> <span class='ocrx_word' id='word_1_562' title='bbox 1057 4111 1196 4164; x_wconf 89' lang='lat' dir='ltr'><strong>hanc</strong></span> <span class='ocrx_word' id='word_1_563' title='bbox 1226 4117 1468 4164; x_wconf 90' lang='lat' dir='ltr'><strong>nostram</strong></span> <span class='ocrx_word' id='word_1_564' title='bbox 1501 4124 1624 4165; x_wconf 90' lang='lat' dir='ltr'><strong>esse</strong></span> <span class='ocrx_word' id='word_1_565' title='bbox 1654 4124 1780 4164; x_wconf 89' lang='lat' dir='ltr'><strong>sen-</strong></span> 
     </span>
    </p>
   </div>
   <div class='ocr_carea' id='block_1_73' title="bbox 207 4202 1782 4277">
    <p class='ocr_par' dir='ltr' id='par_1_73' title="bbox 207 4202 1782 4277">
     <span class='ocr_line' id='line_1_73' title="bbox 207 4202 1782 4277; baseline -0.003 -14"><span class='ocrx_word' id='word_1_566' title='bbox 207 4211 436 4277; x_wconf 87' lang='lat' dir='ltr'><strong>tentiam,</strong></span> <span class='ocrx_word' id='word_1_567' title='bbox 464 4217 528 4262; x_wconf 85' lang='lat' dir='ltr'><strong>ut</strong></span> <span class='ocrx_word' id='word_1_568' title='bbox 553 4207 656 4261; x_wconf 88' lang='lat' dir='ltr'><strong>nisi</strong></span> <span class='ocrx_word' id='word_1_569' title='bbox 688 4205 754 4259; x_wconf 90' lang='lat' dir='ltr'><strong>de</strong></span> <span class='ocrx_word' id='word_1_570' title='bbox 774 4204 991 4260; x_wconf 90' lang='lat' dir='ltr'><strong>Christo</strong></span> <span class='ocrx_word' id='word_1_571' title='bbox 1019 4204 1128 4257; x_wconf 90' lang='lat' dir='ltr'><strong>Deo</strong></span> <span class='ocrx_word' id='word_1_572' title='bbox 1156 4202 1271 4256; x_wconf 58' lang='lat' dir='ltr'><strong>haec</strong></span> <span class='ocrx_word' id='word_1_573' title='bbox 1292 4203 1631 4271; x_wconf 80' lang='lat' dir='ltr'><strong>exposueris,</strong></span> <span class='ocrx_word' id='word_1_574' title='bbox 1659 4219 1782 4271; x_wconf 70' lang='lat' dir='ltr'><strong>qua:</strong></span> 
     </span>
    </p>
   </div>
   <div class='ocr_carea' id='block_1_74' title="bbox 205 4292 1784 4365">
    <p class='ocr_par' dir='ltr' id='par_1_74' title="bbox 205 4292 1784 4365">
     <span class='ocr_line' id='line_1_74' title="bbox 205 4292 1784 4365; baseline -0.006 -8"><span class='ocrx_word' id='word_1_575' title='bbox 205 4313 251 4357; x_wconf 87' lang='lat' dir='ltr'><strong>et</strong></span> <span class='ocrx_word' id='word_1_576' title='bbox 272 4300 532 4365; x_wconf 76' lang='lat' dir='ltr'><strong>Romana,</strong></span> <span class='ocrx_word' id='word_1_577' title='bbox 564 4307 621 4353; x_wconf 90' lang='lat' dir='ltr'><strong>et</strong></span> <span class='ocrx_word' id='word_1_578' title='bbox 646 4295 1030 4360; x_wconf 78' lang='lat' dir='ltr'><strong>Alexandrina,</strong></span> <span class='ocrx_word' id='word_1_579' title='bbox 1055 4303 1109 4350; x_wconf 90' lang='lat' dir='ltr'><strong>et</strong></span> <span class='ocrx_word' id='word_1_580' title='bbox 1133 4293 1307 4349; x_wconf 91' lang='lat' dir='ltr'><strong>omnis</strong></span> <span class='ocrx_word' id='word_1_581' title='bbox 1331 4292 1592 4349; x_wconf 83' lang='lat' dir='ltr'><strong>catholica</strong></span> <span class='ocrx_word' id='word_1_582' title='bbox 1618 4295 1784 4348; x_wconf 86' lang='lat' dir='ltr'><strong>sentit</strong></span> 
     </span>
    </p>
   </div>
   <div class='ocr_carea' id='block_1_75' title="bbox 206 4385 1782 4460">
    <p class='ocr_par' dir='ltr' id='par_1_75' title="bbox 206 4385 1782 4460">
     <span class='ocr_line' id='line_1_75' title="bbox 206 4385 1782 4460; baseline -0.006 -10"><span class='ocrx_word' id='word_1_583' title='bbox 206 4391 460 4460; x_wconf 83' lang='lat' dir='ltr'><strong>Ecclesia,</strong></span> <span class='ocrx_word' id='word_1_584' title='bbox 489 4391 636 4447; x_wconf 91' lang='lat' dir='ltr'><strong>sicut</strong></span> <span class='ocrx_word' id='word_1_585' title='bbox 680 4389 842 4445; x_wconf 85' lang='lat' dir='ltr'><strong>etiam</strong></span> <span class='ocrx_word' id='word_1_586' title='bbox 889 4386 1482 4456; x_wconf 86' lang='lat' dir='ltr'><strong>Constantinopolitana</strong></span> <span class='ocrx_word' id='word_1_587' title='bbox 1536 4385 1782 4442; x_wconf 86' lang='lat' dir='ltr'><strong>Ecclesia</strong></span> 
     </span>
    </p>
   </div>
   <div class='ocr_carea' id='block_1_76' title="bbox 265 4594 1539 4670">
    <p class='ocr_par' dir='ltr' id='par_1_76' title="bbox 265 4594 1539 4670">
     <span class='ocr_line' id='line_1_76' title="bbox 265 4594 1539 4670; baseline -0.017 -12"><span class='ocrx_word' id='word_1_588' title='bbox 265 4602 387 4658; x_wconf 67' lang='lat' dir='ltr'><strong>alitt</strong></span> <span class='ocrx_word' id='word_1_589' title='bbox 417 4594 1211 4670; x_wconf 15' lang='lat' dir='ltr'><strong>mss,Atieditnarpéo&#39;xatpeg.</strong></span> <span class='ocrx_word' id='word_1_590' title='bbox 1277 4660 1300 4670; x_wconf 47' lang='grc' dir='ltr'><strong><em>Δ</em></strong></span> <span class='ocrx_word' id='word_1_591' title='bbox 1392 4660 1419 4670; x_wconf 11' lang='grc' dir='ltr'><em>,ν</em></span> <span class='ocrx_word' id='word_1_592' title='bbox 1529 4658 1539 4667; x_wconf 38' lang='grc'><strong><em>⁸</em></strong></span> 
     </span>
    </p>
   </div>
   <div class='ocr_carea' id='block_1_77' title="bbox 261 4660 1778 4737">
    <p class='ocr_par' dir='ltr' id='par_1_77' title="bbox 261 4660 1778 4737">
     <span class='ocr_line' id='line_1_77' title="bbox 261 4660 1778 4737; baseline -0.014 -7"><span class='ocrx_word' id='word_1_593' title='bbox 261 4680 289 4720; x_wconf 73' lang='lat' dir='ltr'><strong>b</strong></span> <span class='ocrx_word' id='word_1_594' title='bbox 315 4674 486 4729; x_wconf 71' lang='lat' dir='ltr'><strong>Graec.</strong></span> <span class='ocrx_word' id='word_1_595' title='bbox 517 4660 670 4733; x_wconf 48' lang='lat' dir='ltr'><strong>{Qui</strong></span> <span class='ocrx_word' id='word_1_596' title='bbox 716 4660 1060 4737; x_wconf 67' lang='lat' dir='ltr'><strong>pradicanda</strong></span> <span class='ocrx_word' id='word_1_597' title='bbox 1089 4660 1215 4737; x_wconf 66' lang='lat' dir='ltr'><strong>{alia</strong></span> <span class='ocrx_word' id='word_1_598' title='bbox 1265 4660 1478 4737; x_wconf 67' lang='lat' dir='ltr'><strong>ﬁrmiter</strong></span> <span class='ocrx_word' id='word_1_599' title='bbox 1523 4660 1632 4737; x_wconf 69' lang='lat' dir='ltr'><strong>ipse</strong></span> <span class='ocrx_word' id='word_1_600' title='bbox 1664 4673 1778 4737; x_wconf 69' lang='lat' dir='ltr'><strong>non</strong></span> 
     </span>
    </p>
   </div>
   <div class='ocr_carea' id='block_1_78' title="bbox 203 4729 1779 4809">
    <p class='ocr_par' dir='ltr' id='par_1_78' title="bbox 203 4729 1779 4809">
     <span class='ocr_line' id='line_1_78' title="bbox 203 4729 1779 4809; baseline -0.014 -6"><span class='ocrx_word' id='word_1_601' title='bbox 203 4755 409 4809; x_wconf 84' lang='lat' dir='ltr'><strong>steterat,</strong></span> <span class='ocrx_word' id='word_1_602' title='bbox 439 4729 654 4797; x_wconf 68' lang='lat' dir='ltr'><strong>scilicet</strong></span> <span class='ocrx_word' id='word_1_603' title='bbox 678 4729 727 4792; x_wconf 84' lang='lat' dir='ltr'><strong>in</strong></span> <span class='ocrx_word' id='word_1_604' title='bbox 753 4735 1006 4809; x_wconf 83' lang='lat' dir='ltr'><strong>Ecclesiae</strong></span> <span class='ocrx_word' id='word_1_605' title='bbox 1034 4734 1275 4809; x_wconf 74' lang='lat' dir='ltr'><strong>doctrina</strong></span> <span class='ocrx_word' id='word_1_606' title='bbox 1299 4743 1353 4785; x_wconf 90' lang='lat' dir='ltr'><strong>et</strong></span> <span class='ocrx_word' id='word_1_607' title='bbox 1375 4731 1497 4809; x_wconf 66' lang='lat' dir='ltr'><strong>(ide.</strong></span> <span class='ocrx_word' id='word_1_608' title='bbox 1526 4729 1779 4784; x_wconf 83' lang='lat' dir='ltr'><strong>Nicolaus</strong></span> 
     </span>
    </p>
   </div>
   <div class='ocr_carea' id='block_1_79' title="bbox 205 4801 1779 4884">
    <p class='ocr_par' dir='ltr' id='par_1_79' title="bbox 205 4801 1779 4884">
     <span class='ocr_line' id='line_1_79' title="bbox 205 4801 1779 4884; baseline -0.012 -12"><span class='ocrx_word' id='word_1_609' title='bbox 205 4801 239 4879; x_wconf 87' lang='lat' dir='ltr'><strong>l.</strong></span> <span class='ocrx_word' id='word_1_610' title='bbox 267 4801 421 4884; x_wconf 74' lang='lat' dir='ltr'><strong>epist.</strong></span> <span class='ocrx_word' id='word_1_611' title='bbox 450 4815 484 4870; x_wconf 80' lang='lat'><strong>8</strong></span> <span class='ocrx_word' id='word_1_612' title='bbox 512 4813 579 4866; x_wconf 89' lang='lat' dir='ltr'><strong>ad</strong></span> <span class='ocrx_word' id='word_1_613' title='bbox 611 4810 795 4873; x_wconf 76' lang='lat' dir='ltr'><strong>Mich.,</strong></span> <span class='ocrx_word' id='word_1_614' title='bbox 829 4807 1105 4884; x_wconf 75' lang='lat' dir='ltr'><strong>snperiora</strong></span> <span class='ocrx_word' id='word_1_615' title='bbox 1139 4802 1301 4884; x_wconf 73' lang='lat' dir='ltr'><strong>verba</strong></span> <span class='ocrx_word' id='word_1_616' title='bbox 1332 4801 1779 4884; x_wconf 43' lang='lat' dir='ltr'><strong>adnhrecmnsque</strong></span> 
     </span>
    </p>
   </div>
   <div class='ocr_carea' id='block_1_80' title="bbox 205 4871 1634 4946">
    <p class='ocr_par' dir='ltr' id='par_1_80' title="bbox 205 4871 1634 4946">
     <span class='ocr_line' id='line_1_80' title="bbox 205 4871 1634 4946; baseline -0.016 0"><span class='ocrx_word' id='word_1_617' title='bbox 205 4871 533 4946; x_wconf 58' lang='lat' dir='ltr'><strong>esscribetts,</strong></span> <span class='ocrx_word' id='word_1_618' title='bbox 569 4871 828 4943; x_wconf 83' lang='lat' dir='ltr'><strong>nusquam</strong></span> <span class='ocrx_word' id='word_1_619' title='bbox 859 4871 1144 4934; x_wconf 74' lang='lat' dir='ltr'><strong>alecnone</strong></span> <span class='ocrx_word' id='word_1_620' title='bbox 1165 4874 1350 4928; x_wconf 87' lang='lat' dir='ltr'><strong>Latina</strong></span> <span class='ocrx_word' id='word_1_621' title='bbox 1384 4871 1634 4927; x_wconf 80' lang='lat' dir='ltr'><strong>discedit.</strong></span> 
     </span>
    </p>
   </div>
   <div class='ocr_carea' id='block_1_81' title="bbox 269 4951 1669 5028">
    <p class='ocr_par' dir='ltr' id='par_1_81' title="bbox 269 4951 1669 5028">
     <span class='ocr_line' id='line_1_81' title="bbox 269 4951 1669 5028; baseline -0.002 -21"><span class='ocrx_word' id='word_1_622' title='bbox 269 4959 444 5028; x_wconf 52' lang='lat' dir='ltr'><strong>chg.</strong></span> <span class='ocrx_word' id='word_1_623' title='bbox 475 4951 784 5028; x_wconf 48' lang='lat' dir='ltr'><strong>rapinam.</strong></span> <span class='ocrx_word' id='word_1_624' title='bbox 936 5020 945 5028; x_wconf 82' lang='lat'>_</span> <span class='ocrx_word' id='word_1_625' title='bbox 1011 5019 1022 5028; x_wconf 41' lang='lat'><strong>.</strong></span> <span class='ocrx_word' id='word_1_626' title='bbox 1060 5025 1072 5028; x_wconf 85' lang='lat'>_</span> <span class='ocrx_word' id='word_1_627' title='bbox 1205 5026 1211 5028; x_wconf 19' lang='grc' dir='ltr'><em>Α</em></span> <span class='ocrx_word' id='word_1_628' title='bbox 1243 5017 1254 5028; x_wconf 41' lang='grc'><strong><em>¹</em></strong></span> <span class='ocrx_word' id='word_1_629' title='bbox 1312 5016 1323 5024; x_wconf 42' lang='grc'><strong>.</strong></span> <span class='ocrx_word' id='word_1_630' title='bbox 1408 5015 1417 5028; x_wconf 50' lang='grc' dir='ltr'><strong>Ι</strong></span> <span class='ocrx_word' id='word_1_631' title='bbox 1659 5014 1669 5024; x_wconf 50' lang='grc'><em>.</em></span> 
     </span>
    </p>
   </div>
   <div class='ocr_carea' id='block_1_82' title="bbox 265 5015 1776 5083">
    <p class='ocr_par' dir='ltr' id='par_1_82' title="bbox 265 5015 1776 5083">
     <span class='ocr_line' id='line_1_82' title="bbox 265 5015 1776 5083; baseline -0.013 0"><span class='ocrx_word' id='word_1_632' title='bbox 265 5026 289 5066; x_wconf 70' lang='grc' dir='ltr'><strong>ἀ</strong></span> <span class='ocrx_word' id='word_1_633' title='bbox 319 5015 451 5082; x_wconf 76' lang='grc' dir='ltr'><strong>ιιιιῖιι</strong></span> <span class='ocrx_word' id='word_1_634' title='bbox 483 5025 644 5083; x_wconf 80' lang='lat' dir='ltr'><strong>vobis,</strong></span> <span class='ocrx_word' id='word_1_635' title='bbox 672 5037 732 5076; x_wconf 83' lang='lat' dir='ltr'><strong>ac</strong></span> <span class='ocrx_word' id='word_1_636' title='bbox 754 5020 983 5076; x_wconf 84' lang='lat' dir='ltr'><strong>subinde</strong></span> <span class='ocrx_word' id='word_1_637' title='bbox 1010 5019 1131 5078; x_wconf 72' lang='lat' dir='ltr'><strong>ista,</strong></span> <span class='ocrx_word' id='word_1_638' title='bbox 1162 5026 1212 5071; x_wconf 91' lang='lat' dir='ltr'><strong>et</strong></span> <span class='ocrx_word' id='word_1_639' title='bbox 1235 5016 1353 5069; x_wconf 83' lang='lat' dir='ltr'><strong>huic</strong></span> <span class='ocrx_word' id='word_1_640' title='bbox 1385 5015 1447 5068; x_wconf 86' lang='lat' dir='ltr'><strong>de</strong></span> <span class='ocrx_word' id='word_1_641' title='bbox 1466 5030 1566 5083; x_wconf 89' lang='lat' dir='ltr'><strong>quo</strong></span> <span class='ocrx_word' id='word_1_642' title='bbox 1586 5015 1776 5083; x_wconf 85' lang='lat' dir='ltr'><strong>agitur,</strong></span> 
     </span>
    </p>
   </div>
   <div class='ocr_carea' id='block_1_83' title="bbox 206 5086 1775 5167">
    <p class='ocr_par' dir='ltr' id='par_1_83' title="bbox 206 5086 1775 5167">
     <span class='ocr_line' id='line_1_83' title="bbox 206 5086 1775 5167; baseline -0.011 -14"><span class='ocrx_word' id='word_1_643' title='bbox 206 5100 570 5155; x_wconf 83' lang='lat' dir='ltr'><strong>desiderantur</strong></span> <span class='ocrx_word' id='word_1_644' title='bbox 593 5094 798 5149; x_wconf 85' lang='lat' dir='ltr'><strong>incdit.</strong></span> <span class='ocrx_word' id='word_1_645' title='bbox 817 5091 1002 5167; x_wconf 80' lang='lat' dir='ltr'><strong>Rotn.,</strong></span> <span class='ocrx_word' id='word_1_646' title='bbox 1024 5087 1219 5167; x_wconf 79' lang='lat' dir='ltr'><strong>quibus</strong></span> <span class='ocrx_word' id='word_1_647' title='bbox 1244 5087 1421 5167; x_wconf 69' lang='lat' dir='ltr'><strong>vetitis</strong></span> <span class='ocrx_word' id='word_1_648' title='bbox 1446 5086 1775 5167; x_wconf 55' lang='lat' dir='ltr'><strong>(Scelestinus</strong></span> 
     </span>
    </p>
   </div>
   <div class='ocr_carea' id='block_1_84' title="bbox 206 5156 1777 5232">
    <p class='ocr_par' dir='ltr' id='par_1_84' title="bbox 206 5156 1777 5232">
     <span class='ocr_line' id='line_1_84' title="bbox 206 5156 1777 5232; baseline -0.011 -7"><span class='ocrx_word' id='word_1_649' title='bbox 206 5187 314 5225; x_wconf 89' lang='lat' dir='ltr'><strong>cum</strong></span> <span class='ocrx_word' id='word_1_650' title='bbox 363 5171 526 5232; x_wconf 86' lang='lat' dir='ltr'><strong>hanc,</strong></span> <span class='ocrx_word' id='word_1_651' title='bbox 557 5174 668 5220; x_wconf 84' lang='lat' dir='ltr'><strong>tum</strong></span> <span class='ocrx_word' id='word_1_652' title='bbox 701 5156 1376 5232; x_wconf 48' lang='lat' dir='ltr'><strong>superiorem—epismlam,</strong></span> <span class='ocrx_word' id='word_1_653' title='bbox 1405 5159 1477 5232; x_wconf 80' lang='lat' dir='ltr'><strong>atl_</strong></span> <span class='ocrx_word' id='word_1_654' title='bbox 1514 5156 1777 5232; x_wconf 64' lang='lat' dir='ltr'><strong>erillum</strong></span> 
     </span>
    </p>
   </div>
   <div class='ocr_carea' id='block_1_85' title="bbox 207 5227 1780 5308">
    <p class='ocr_par' dir='ltr' id='par_1_85' title="bbox 207 5227 1780 5308">
     <span class='ocr_line' id='line_1_85' title="bbox 207 5227 1780 5308; baseline -0.011 -12"><span class='ocrx_word' id='word_1_655' title='bbox 207 5243 400 5296; x_wconf 78' lang='lat' dir='ltr'><strong>misisse</strong></span> <span class='ocrx_word' id='word_1_656' title='bbox 429 5256 488 5294; x_wconf 82' lang='lat' dir='ltr'><strong>se</strong></span> <span class='ocrx_word' id='word_1_657' title='bbox 515 5227 804 5308; x_wconf 73' lang='lat' dir='ltr'><strong>signiticet.</strong></span> <span class='ocrx_word' id='word_1_658' title='bbox 833 5236 1037 5308; x_wconf 87' lang='lat' dir='ltr'><strong>ut_ejus</strong></span> <span class='ocrx_word' id='word_1_659' title='bbox 1064 5227 1237 5308; x_wconf 72' lang='lat' dir='ltr'><strong>opera</strong></span> <span class='ocrx_word' id='word_1_660' title='bbox 1259 5231 1384 5308; x_wconf 72' lang='lat' dir='ltr'><strong>liam</strong></span> <span class='ocrx_word' id='word_1_661' title='bbox 1414 5228 1480 5282; x_wconf 88' lang='lat' dir='ltr'><strong>ad</strong></span> <span class='ocrx_word' id='word_1_662' title='bbox 1510 5227 1780 5308; x_wconf 72' lang='lat' dir='ltr'><strong>Constan-</strong></span> 
     </span>
    </p>
   </div>
   <div class='ocr_carea' id='block_1_86' title="bbox 209 5303 1780 5380">
    <p class='ocr_par' dir='ltr' id='par_1_86' title="bbox 209 5303 1780 5380">
     <span class='ocr_line' id='line_1_86' title="bbox 209 5303 1780 5380; baseline -0.008 -16"><span class='ocrx_word' id='word_1_663' title='bbox 209 5303 592 5380; x_wconf 61' lang='lat' dir='ltr'><strong>tinopolitanos&#39;</strong></span> <span class='ocrx_word' id='word_1_664' title='bbox 631 5317 687 5363; x_wconf 91' lang='lat' dir='ltr'><strong>et</strong></span> <span class='ocrx_word' id='word_1_665' title='bbox 742 5307 809 5361; x_wconf 91' lang='lat' dir='ltr'><strong>ad</strong></span> <span class='ocrx_word' id='word_1_666' title='bbox 867 5305 1172 5360; x_wconf 80' lang='lat' dir='ltr'><strong>Nestorium</strong></span> <span class='ocrx_word' id='word_1_667' title='bbox 1225 5303 1393 5356; x_wconf 86' lang='lat' dir='ltr'><strong>altera</strong></span> <span class='ocrx_word' id='word_1_668' title='bbox 1447 5303 1780 5353; x_wconf 86' lang='lat' dir='ltr'><strong>transmitte-</strong></span> 
     </span>
    </p>
   </div>
   <div class='ocr_carea' id='block_1_87' title="bbox 209 5396 362 5439">
    <p class='ocr_par' dir='ltr' id='par_1_87' title="bbox 209 5396 362 5439">
     <span class='ocr_line' id='line_1_87' title="bbox 209 5396 362 5439; baseline 0 -1"><span class='ocrx_word' id='word_1_669' title='bbox 209 5396 362 5439; x_wconf 74' lang='grc' dir='ltr'><strong>εειυτ.</strong></span> 
     </span>
    </p>
   </div>
   <div class='ocr_carea' id='block_1_88' title="bbox 271 5442 1777 5521">
    <p class='ocr_par' dir='ltr' id='par_1_88' title="bbox 271 5442 1777 5521">
     <span class='ocr_line' id='line_1_88' title="bbox 271 5442 1777 5521; baseline -0.009 -12"><span class='ocrx_word' id='word_1_670' title='bbox 271 5465 294 5492; x_wconf 75' lang='grc' dir='ltr'><strong>ο</strong></span> <span class='ocrx_word' id='word_1_671' title='bbox 326 5455 435 5510; x_wconf 86' lang='lat' dir='ltr'><strong>Hoc</strong></span> <span class='ocrx_word' id='word_1_672' title='bbox 459 5462 562 5517; x_wconf 87' lang='lat' dir='ltr'><strong>est,</strong></span> <span class='ocrx_word' id='word_1_673' title='bbox 595 5451 716 5521; x_wconf 90' lang='lat' dir='ltr'><strong>quia</strong></span> <span class='ocrx_word' id='word_1_674' title='bbox 756 5445 1437 5521; x_wconf 77' lang='lat' dir='ltr'><strong>longa__maris_tcrr:eque</strong></span> <span class='ocrx_word' id='word_1_675' title='bbox 1469 5442 1638 5512; x_wconf 82' lang='lat' dir='ltr'><strong>Spatia</strong></span> <span class='ocrx_word' id='word_1_676' title='bbox 1669 5455 1777 5495; x_wconf 91' lang='lat' dir='ltr'><strong>non</strong></span> 
     </span>
    </p>
   </div>
   <div class='ocr_carea' id='block_1_89' title="bbox 210 5514 1642 5594">
    <p class='ocr_par' dir='ltr' id='par_1_89' title="bbox 210 5514 1642 5594">
     <span class='ocr_line' id='line_1_89' title="bbox 210 5514 1642 5594; baseline -0.012 -14"><span class='ocrx_word' id='word_1_677' title='bbox 210 5528 396 5593; x_wconf 86' lang='lat' dir='ltr'><strong>sinuat,</strong></span> <span class='ocrx_word' id='word_1_678' title='bbox 420 5534 479 5579; x_wconf 91' lang='lat' dir='ltr'><strong>ut</strong></span> <span class='ocrx_word' id='word_1_679' title='bbox 506 5514 625 5592; x_wconf 67' lang='lat' dir='ltr'><strong>ipse</strong></span> <span class='ocrx_word' id='word_1_680' title='bbox 644 5539 710 5576; x_wconf 80' lang='lat' dir='ltr'><strong>eo</strong></span> <span class='ocrx_word' id='word_1_681' title='bbox 737 5514 1004 5594; x_wconf 45' lang='lat' dir='ltr'><strong>mel—acile</strong></span> <span class='ocrx_word' id='word_1_682' title='bbox 1026 5514 1330 5594; x_wconf 62' lang='lat' dir='ltr'><strong>conferam.</strong></span> <span class='ocrx_word' id='word_1_683' title='bbox 1529 5585 1537 5592; x_wconf 27' lang='grc' dir='ltr'>ι</span> <span class='ocrx_word' id='word_1_684' title='bbox 1632 5583 1642 5594; x_wconf 77' lang='lat'>_</span> 
     </span>
    </p>
   </div>
   <div class='ocr_carea' id='block_1_90' title="bbox 278 5587 1776 5664">
    <p class='ocr_par' dir='ltr' id='par_1_90' title="bbox 278 5587 1776 5664">
     <span class='ocr_line' id='line_1_90' title="bbox 278 5587 1776 5664; baseline -0.011 -12"><span class='ocrx_word' id='word_1_685' title='bbox 278 5595 293 5633; x_wconf 74' lang='grc' dir='ltr'><strong>ί</strong></span> <span class='ocrx_word' id='word_1_686' title='bbox 324 5587 499 5652; x_wconf 57' lang='grc' dir='ltr'><strong>(ἔπαξε.</strong></span> <span class='ocrx_word' id='word_1_687' title='bbox 529 5587 639 5649; x_wconf 55' lang='lat' dir='ltr'><strong>{Ad</strong></span> <span class='ocrx_word' id='word_1_688' title='bbox 664 5609 778 5646; x_wconf 87' lang='lat' dir='ltr'><strong>eum</strong></span> <span class='ocrx_word' id='word_1_689' title='bbox 809 5591 872 5645; x_wconf 86' lang='lat' dir='ltr'><strong>de</strong></span> <span class='ocrx_word' id='word_1_690' title='bbox 893 5605 1001 5664; x_wconf 80' lang='lat' dir='ltr'><strong>quo</strong></span> <span class='ocrx_word' id='word_1_691' title='bbox 1021 5588 1158 5642; x_wconf 87' lang='lat' dir='ltr'><strong>vobis</strong></span> <span class='ocrx_word' id='word_1_692' title='bbox 1191 5587 1448 5664; x_wconf 69' lang='lat' dir='ltr'><strong>loquimur</strong></span> <span class='ocrx_word' id='word_1_693' title='bbox 1468 5587 1776 5664; x_wconf 74' lang='lat' dir='ltr'><strong>miserimus,</strong></span> 
     </span>
    </p>
   </div>
   <div class='ocr_carea' id='block_1_91' title="bbox 211 5657 1778 5734">
    <p class='ocr_par' dir='ltr' id='par_1_91' title="bbox 211 5657 1778 5734">
     <span class='ocr_line' id='line_1_91' title="bbox 211 5657 1778 5734; baseline -0.006 -16"><span class='ocrx_word' id='word_1_694' title='bbox 211 5666 362 5733; x_wconf 85' lang='lat' dir='ltr'><strong>ipsam</strong></span> <span class='ocrx_word' id='word_1_695' title='bbox 390 5667 686 5722; x_wconf 87' lang='lat' dir='ltr'><strong>sententiam</strong></span> <span class='ocrx_word' id='word_1_696' title='bbox 731 5657 1181 5734; x_wconf 35' lang='lat' dir='ltr'><strong>quam&#39;adversus</strong></span> <span class='ocrx_word' id='word_1_697' title='bbox 1215 5657 1516 5712; x_wconf 77' lang='lat' dir='ltr'><strong>Nestorium</strong></span> <span class='ocrx_word' id='word_1_698' title='bbox 1545 5657 1778 5720; x_wconf 88' lang='lat' dir='ltr'><strong>tulimus,</strong></span> 
     </span>
    </p>
   </div>
   <div class='ocr_carea' id='block_1_92' title="bbox 213 5735 1553 5810">
    <p class='ocr_par' dir='ltr' id='par_1_92' title="bbox 213 5735 1553 5810">
     <span class='ocr_line' id='line_1_92' title="bbox 213 5735 1553 5810; baseline 0.013 -20"><span class='ocrx_word' id='word_1_699' title='bbox 213 5735 320 5792; x_wconf 69' lang='lat' dir='ltr'><strong>huic</strong></span> <span class='ocrx_word' id='word_1_700' title='bbox 339 5738 585 5810; x_wconf 69' lang='lat' dir='ltr'><strong>epistolaz,</strong></span> <span class='ocrx_word' id='word_1_701' title='bbox 617 5749 722 5810; x_wconf 68' lang='grc' dir='ltr'><strong>εω-</strong></span> <span class='ocrx_word' id='word_1_702' title='bbox 859 5803 945 5810; x_wconf 52' lang='grc' dir='ltr'><strong>,υ</strong></span> <span class='ocrx_word' id='word_1_703' title='bbox 1018 5801 1031 5810; x_wconf 78' lang='grc'><em>,</em></span> <span class='ocrx_word' id='word_1_704' title='bbox 1142 5800 1157 5810; x_wconf 83' lang='grc'><em>,</em></span> <span class='ocrx_word' id='word_1_705' title='bbox 1207 5800 1243 5810; x_wconf 75' lang='lat'><strong>..</strong></span> <span class='ocrx_word' id='word_1_706' title='bbox 1284 5799 1295 5810; x_wconf 92' lang='lat'><strong>.</strong></span> <span class='ocrx_word' id='word_1_707' title='bbox 1541 5797 1553 5808; x_wconf 97' lang='lat'><strong>.</strong></span> 
     </span>
    </p>
   </div>
   <div class='ocr_carea' id='block_1_93' title="bbox 278 5793 1779 5881">
    <p class='ocr_par' dir='ltr' id='par_1_93' title="bbox 278 5793 1779 5881">
     <span class='ocr_line' id='line_1_93' title="bbox 278 5793 1779 5881; baseline -0.005 -23"><span class='ocrx_word' id='word_1_708' title='bbox 278 5820 302 5858; x_wconf 90' lang='lat' dir='ltr'><strong>s</strong></span> <span class='ocrx_word' id='word_1_709' title='bbox 332 5793 637 5881; x_wconf 50' lang='lat' dir='ltr'><strong>Augusti}!</strong></span> <span class='ocrx_word' id='word_1_710' title='bbox 685 5821 811 5881; x_wconf 85' lang='lat' dir='ltr'><strong>ann.</strong></span> <span class='ocrx_word' id='word_1_711' title='bbox 846 5803 973 5881; x_wconf 55' lang='grc' dir='ltr'><strong>εει).</strong></span> <span class='ocrx_word' id='word_1_712' title='bbox 1004 5800 1175 5881; x_wconf 69' lang='lat' dir='ltr'><strong>Apud</strong></span> <span class='ocrx_word' id='word_1_713' title='bbox 1206 5799 1386 5881; x_wconf 69' lang='lat' dir='ltr'><strong>Balue.</strong></span> <span class='ocrx_word' id='word_1_714' title='bbox 1435 5813 1487 5853; x_wconf 83' lang='lat' dir='ltr'><strong>tv</strong></span> <span class='ocrx_word' id='word_1_715' title='bbox 1534 5796 1674 5854; x_wconf 83' lang='lat' dir='ltr'><strong>idus.</strong></span> <span class='ocrx_word' id='word_1_716' title='bbox 1720 5793 1779 5850; x_wconf 87' lang='lat' dir='ltr'><strong>ln</strong></span> 
     </span>
    </p>
   </div>
   <div class='ocr_carea' id='block_1_94' title="bbox 215 5872 1423 5944">
    <p class='ocr_par' dir='ltr' id='par_1_94' title="bbox 215 5872 1423 5944">
     <span class='ocr_line' id='line_1_94' title="bbox 215 5872 1423 5944; baseline -0.01 -4"><span class='ocrx_word' id='word_1_717' title='bbox 215 5878 336 5940; x_wconf 75' lang='lat' dir='ltr'><strong>odit.</strong></span> <span class='ocrx_word' id='word_1_718' title='bbox 365 5872 501 5944; x_wconf 72' lang='grc' dir='ltr'><strong>ιιόω</strong></span> <span class='ocrx_word' id='word_1_719' title='bbox 544 5878 693 5940; x_wconf 84' lang='lat' dir='ltr'><strong>deest</strong></span> <span class='ocrx_word' id='word_1_720' title='bbox 717 5877 832 5936; x_wconf 82' lang='lat' dir='ltr'><strong>haec</strong></span> <span class='ocrx_word' id='word_1_721' title='bbox 863 5872 1244 5943; x_wconf 83' lang='lat' dir='ltr'><strong>chronologica</strong></span> <span class='ocrx_word' id='word_1_722' title='bbox 1275 5878 1423 5929; x_wconf 88' lang='lat' dir='ltr'><strong>nota.</strong></span> 
     </span>
    </p>
   </div>
   <div class='ocr_carea' id='block_1_95' title="bbox 1799 4587 1857 4648">
    <p class='ocr_par' dir='ltr' id='par_1_95' title="bbox 1799 4587 1857 4648">
     <span class='ocr_line' id='line_1_95' title="bbox 1799 4587 1857 4648; baseline 0 -2"><span class='ocrx_word' id='word_1_723' title='bbox 1799 4587 1857 4648; x_wconf 89' lang='lat' dir='ltr'><strong>D</strong></span> 
     </span>
    </p>
   </div>
   <div class='ocr_carea' id='block_1_96' title="bbox 1889 3355 3492 3434">
    <p class='ocr_par' dir='ltr' id='par_1_96' title="bbox 1889 3355 3492 3434">
     <span class='ocr_line' id='line_1_96' title="bbox 1889 3355 3492 3434; baseline 0.002 -24"><span class='ocrx_word' id='word_1_724' title='bbox 1889 3359 2026 3410; x_wconf 83' lang='grc' dir='ltr'><strong>νεσθε</strong></span> <span class='ocrx_word' id='word_1_725' title='bbox 2055 3355 2250 3410; x_wconf 61' lang='grc' dir='ltr'><strong>τέλειον</strong></span> <span class='ocrx_word' id='word_1_726' title='bbox 2281 3355 2378 3419; x_wconf 80' lang='grc' dir='ltr'><strong>ἵνα,</strong></span> <span class='ocrx_word' id='word_1_727' title='bbox 2415 3356 2484 3413; x_wconf 89' lang='grc' dir='ltr'><strong>ὡς</strong></span> <span class='ocrx_word' id='word_1_728' title='bbox 2514 3355 2817 3425; x_wconf 85' lang='grc' dir='ltr'><strong>ἀνέγνωμεν,</strong></span> <span class='ocrx_word' id='word_1_729' title='bbox 2849 3357 3223 3429; x_wconf 76' lang='grc' dir='ltr'><strong>παραμένοντες</strong></span> <span class='ocrx_word' id='word_1_730' title='bbox 3244 3355 3380 3434; x_wconf 76' lang='grc' dir='ltr'><strong>ἄχρι</strong></span> <span class='ocrx_word' id='word_1_731' title='bbox 3407 3359 3492 3415; x_wconf 80' lang='grc' dir='ltr'><strong>τέ-</strong></span> 
     </span>
    </p>
   </div>
   <div class='ocr_carea' id='block_1_97' title="bbox 1888 3444 3492 3529">
    <p class='ocr_par' dir='ltr' id='par_1_97' title="bbox 1888 3444 3492 3529">
     <span class='ocr_line' id='line_1_97' title="bbox 1888 3444 3492 3529; baseline 0.003 -27"><span class='ocrx_word' id='word_1_732' title='bbox 1888 3448 2008 3508; x_wconf 84' lang='grc' dir='ltr'><strong>λους</strong></span> <span class='ocrx_word' id='word_1_733' title='bbox 2053 3446 2292 3506; x_wconf 79' lang='grc' dir='ltr'><strong>δυνηθῆτε</strong></span> <span class='ocrx_word' id='word_1_734' title='bbox 2337 3447 2578 3505; x_wconf 81' lang='grc' dir='ltr'><strong>σωθῆναι.</strong></span> <span class='ocrx_word' id='word_1_735' title='bbox 2608 3444 2720 3501; x_wconf 81' lang='grc' dir='ltr'><strong>Ἵνα</strong></span> <span class='ocrx_word' id='word_1_736' title='bbox 2749 3445 2803 3500; x_wconf 82' lang='grc' dir='ltr'><strong>δὲ</strong></span> <span class='ocrx_word' id='word_1_737' title='bbox 2850 3455 3008 3520; x_wconf 84' lang='grc' dir='ltr'><strong>γνῶτε</strong></span> <span class='ocrx_word' id='word_1_738' title='bbox 3050 3450 3118 3522; x_wconf 78' lang='grc' dir='ltr'><strong>ἐφ’</strong></span> <span class='ocrx_word' id='word_1_739' title='bbox 3163 3451 3250 3521; x_wconf 83' lang='grc' dir='ltr'><strong>οἵῳ</strong></span> <span class='ocrx_word' id='word_1_740' title='bbox 3298 3449 3396 3529; x_wconf 81' lang='grc' dir='ltr'><strong>ὅρῳ</strong></span> <span class='ocrx_word' id='word_1_741' title='bbox 3425 3454 3492 3509; x_wconf 76' lang='grc' dir='ltr'><strong>τὰ</strong></span> 
     </span>
    </p>
   </div>
   <div class='ocr_carea' id='block_1_98' title="bbox 1887 3538 3491 3616">
    <p class='ocr_par' dir='ltr' id='par_1_98' title="bbox 1887 3538 3491 3616">
     <span class='ocr_line' id='line_1_98' title="bbox 1887 3538 3491 3616; baseline 0.003 -20"><span class='ocrx_word' id='word_1_742' title='bbox 1887 3543 2214 3616; x_wconf 75' lang='grc' dir='ltr'><strong>γεγραμμένα</strong></span> <span class='ocrx_word' id='word_1_743' title='bbox 2234 3540 2610 3611; x_wconf 84' lang='grc' dir='ltr'><strong>ἀπεστείλαμεν</strong></span> <span class='ocrx_word' id='word_1_744' title='bbox 2624 3548 2697 3613; x_wconf 86' lang='grc' dir='ltr'><strong>τῷ</strong></span> <span class='ocrx_word' id='word_1_745' title='bbox 2711 3542 2840 3616; x_wconf 87' lang='grc' dir='ltr'><strong>πρὸς</strong></span> <span class='ocrx_word' id='word_1_746' title='bbox 2862 3538 2914 3595; x_wconf 85' lang='grc' dir='ltr'><strong>ὃν</strong></span> <span class='ocrx_word' id='word_1_747' title='bbox 2943 3542 3062 3612; x_wconf 89' lang='grc' dir='ltr'><strong>ὑμῖν</strong></span> <span class='ocrx_word' id='word_1_748' title='bbox 3092 3542 3118 3597; x_wconf 87' lang='grc' dir='ltr'>ὁ</span> <span class='ocrx_word' id='word_1_749' title='bbox 3146 3544 3312 3616; x_wconf 85' lang='grc' dir='ltr'><strong>λόγος,</strong></span> <span class='ocrx_word' id='word_1_750' title='bbox 3333 3547 3491 3606; x_wconf 73' lang='grc' dir='ltr'><strong>αὐτὴν</strong></span> 
     </span>
    </p>
   </div>
   <div class='ocr_carea' id='block_1_99' title="bbox 1889 3630 3491 3710">
    <p class='ocr_par' dir='ltr' id='par_1_99' title="bbox 1889 3630 3491 3710">
     <span class='ocr_line' id='line_1_99' title="bbox 1889 3630 3491 3710; baseline 0.002 -20"><span class='ocrx_word' id='word_1_751' title='bbox 1889 3640 1980 3694; x_wconf 72' lang='grc' dir='ltr'><strong>τὴν</strong></span> <span class='ocrx_word' id='word_1_752' title='bbox 2037 3630 2291 3708; x_wconf 86' lang='grc' dir='ltr'><strong>ἀπόφασιν</strong></span> <span class='ocrx_word' id='word_1_753' title='bbox 2333 3638 2422 3692; x_wconf 75' lang='grc' dir='ltr'><strong>τήν</strong></span> <span class='ocrx_word' id='word_1_754' title='bbox 2475 3631 2588 3688; x_wconf 87' lang='grc' dir='ltr'><strong>κατ’</strong></span> <span class='ocrx_word' id='word_1_755' title='bbox 2639 3635 2800 3690; x_wconf 87' lang='grc' dir='ltr'><strong>αὑτοῦ</strong></span> <span class='ocrx_word' id='word_1_756' title='bbox 2857 3637 3133 3710; x_wconf 86' lang='grc' dir='ltr'><strong>Νεστορίου</strong></span> <span class='ocrx_word' id='word_1_757' title='bbox 3179 3638 3491 3708; x_wconf 74' lang='grc' dir='ltr'><strong>ἐποιήσαμεν</strong></span> 
     </span>
    </p>
   </div>
   <div class='ocr_carea' id='block_1_100' title="bbox 1889 3727 3486 3806">
    <p class='ocr_par' dir='ltr' id='par_1_100' title="bbox 1889 3727 3486 3806">
     <span class='ocr_line' id='line_1_100' title="bbox 1889 3727 3486 3806; baseline 0.001 -21"><span class='ocrx_word' id='word_1_758' title='bbox 1889 3730 2053 3803; x_wconf 79' lang='grc' dir='ltr'><strong>ταύτῃ</strong></span> <span class='ocrx_word' id='word_1_759' title='bbox 2148 3727 2388 3802; x_wconf 84' lang='grc' dir='ltr'><strong>ἐπιστολῇ</strong></span> <span class='ocrx_word' id='word_1_760' title='bbox 2403 3727 2742 3799; x_wconf 72' lang='grc' dir='ltr'><strong>ὑποταγῆναι,</strong></span> <span class='ocrx_word' id='word_1_761' title='bbox 2771 3727 2857 3782; x_wconf 83' lang='grc' dir='ltr'><strong>ἶνα</strong></span> <span class='ocrx_word' id='word_1_762' title='bbox 2883 3736 3042 3801; x_wconf 85' lang='grc' dir='ltr'><strong>γνῶτε</strong></span> <span class='ocrx_word' id='word_1_763' title='bbox 3071 3731 3155 3784; x_wconf 86' lang='grc' dir='ltr'><strong>τόν</strong></span> <span class='ocrx_word' id='word_1_764' title='bbox 3178 3733 3297 3806; x_wconf 85' lang='grc' dir='ltr'><strong>περί</strong></span> <span class='ocrx_word' id='word_1_765' title='bbox 3326 3735 3486 3788; x_wconf 81' lang='grc' dir='ltr'><strong>αὑτοῦ</strong></span> 
     </span>
    </p>
   </div>
   <div class='ocr_carea' id='block_1_101' title="bbox 1890 3821 3487 3900">
    <p class='ocr_par' dir='ltr' id='par_1_101' title="bbox 1890 3821 3487 3900">
     <span class='ocr_line' id='line_1_101' title="bbox 1890 3821 3487 3900; baseline 0.002 -21"><span class='ocrx_word' id='word_1_766' title='bbox 1890 3823 2097 3879; x_wconf 89' lang='grc' dir='ltr'><strong>δοθέντα</strong></span> <span class='ocrx_word' id='word_1_767' title='bbox 2123 3824 2304 3879; x_wconf 82' lang='grc' dir='ltr'><strong>τύπον.</strong></span> <span class='ocrx_word' id='word_1_768' title='bbox 2336 3821 2394 3878; x_wconf 78' lang='grc' dir='ltr'>Ὀ</span> <span class='ocrx_word' id='word_1_769' title='bbox 2434 3824 2556 3883; x_wconf 86' lang='grc' dir='ltr'><strong>Θεὸς</strong></span> <span class='ocrx_word' id='word_1_770' title='bbox 2585 3823 2722 3894; x_wconf 82' lang='grc' dir='ltr'><strong>ὑμᾶς</strong></span> <span class='ocrx_word' id='word_1_771' title='bbox 2772 3823 2932 3895; x_wconf 77' lang='grc' dir='ltr'><strong>ὑγιεῖς</strong></span> <span class='ocrx_word' id='word_1_772' title='bbox 2988 3824 3218 3897; x_wconf 80' lang='grc' dir='ltr'><strong>φυλάξαι,</strong></span> <span class='ocrx_word' id='word_1_773' title='bbox 3283 3825 3487 3900; x_wconf 83' lang='grc' dir='ltr'><strong>ἀδελφοί</strong></span> 
     </span>
    </p>
   </div>
   <div class='ocr_carea' id='block_1_102' title="bbox 1889 3922 2252 3981">
    <p class='ocr_par' dir='ltr' id='par_1_102' title="bbox 1889 3922 2252 3981">
     <span class='ocr_line' id='line_1_102' title="bbox 1889 3922 2252 3981; baseline 0.003 -3"><span class='ocrx_word' id='word_1_774' title='bbox 1889 3922 2252 3981; x_wconf 87' lang='grc' dir='ltr'><strong>ποθεινότατοι.</strong></span> 
     </span>
    </p>
   </div>
   <div class='ocr_carea' id='block_1_103' title="bbox 2248 4013 3120 4095">
    <p class='ocr_par' dir='ltr' id='par_1_103' title="bbox 2248 4013 3120 4095">
     <span class='ocr_line' id='line_1_103' title="bbox 2248 4013 3120 4095; baseline 0 -25"><span class='ocrx_word' id='word_1_775' title='bbox 2248 4013 2398 4073; x_wconf 80' lang='grc' dir='ltr'><strong>Ἐστι</strong></span> <span class='ocrx_word' id='word_1_776' title='bbox 2427 4015 2482 4072; x_wconf 82' lang='grc' dir='ltr'><strong>δέ</strong></span> <span class='ocrx_word' id='word_1_777' title='bbox 2510 4014 2627 4093; x_wconf 84' lang='grc' dir='ltr'><strong>ὄρος</strong></span> <span class='ocrx_word' id='word_1_778' title='bbox 2656 4014 2765 4089; x_wconf 84' lang='grc' dir='ltr'><strong>μεθ’</strong></span> <span class='ocrx_word' id='word_1_779' title='bbox 2794 4016 2946 4095; x_wconf 80' lang='grc' dir='ltr'><strong>ἔτερα</strong></span> <span class='ocrx_word' id='word_1_780' title='bbox 2972 4013 3120 4076; x_wconf 80' lang='grc' dir='ltr'><strong>οὗτος</strong></span> 
     </span>
    </p>
   </div>
   <div class='ocr_carea' id='block_1_104' title="bbox 1959 4101 3484 4185">
    <p class='ocr_par' dir='ltr' id='par_1_104' title="bbox 1959 4101 3484 4185">
     <span class='ocr_line' id='line_1_104' title="bbox 1959 4101 3484 4185; baseline -0.001 -21"><span class='ocrx_word' id='word_1_781' title='bbox 1959 4117 2128 4180; x_wconf 89' lang='grc' dir='ltr'><strong>Σαφῶς</strong></span> <span class='ocrx_word' id='word_1_782' title='bbox 2155 4116 2427 4185; x_wconf 82' lang='grc' dir='ltr'><strong>τοιγαροῦν</strong></span> <span class='ocrx_word' id='word_1_783' title='bbox 2455 4111 2665 4182; x_wconf 75' lang='grc' dir='ltr'><strong>μαθήσῃ</strong></span> <span class='ocrx_word' id='word_1_784' title='bbox 2701 4106 2894 4166; x_wconf 75' lang='grc' dir='ltr'><strong>ταύτην</strong></span> <span class='ocrx_word' id='word_1_785' title='bbox 2937 4108 3186 4184; x_wconf 77' lang='grc' dir='ltr'><strong>ἡμετέραν</strong></span> <span class='ocrx_word' id='word_1_786' title='bbox 3225 4101 3352 4162; x_wconf 77' lang='grc' dir='ltr'><strong>εἶναι</strong></span> <span class='ocrx_word' id='word_1_787' title='bbox 3387 4115 3484 4169; x_wconf 74' lang='grc' dir='ltr'><strong>τήν</strong></span> 
     </span>
    </p>
   </div>
   <div class='ocr_carea' id='block_1_105' title="bbox 1885 4201 3484 4279">
    <p class='ocr_par' dir='ltr' id='par_1_105' title="bbox 1885 4201 3484 4279">
     <span class='ocr_line' id='line_1_105' title="bbox 1885 4201 3484 4279; baseline 0.002 -24"><span class='ocrx_word' id='word_1_788' title='bbox 1885 4201 2232 4272; x_wconf 84' lang='grc' dir='ltr'><strong>ἀπόφασιν,ὠς</strong></span> <span class='ocrx_word' id='word_1_789' title='bbox 2261 4205 2306 4254; x_wconf 82' lang='grc' dir='ltr'><strong>εἰ</strong></span> <span class='ocrx_word' id='word_1_790' title='bbox 2333 4206 2402 4271; x_wconf 79' lang='grc' dir='ltr'><strong>μῆ</strong></span> <span class='ocrx_word' id='word_1_791' title='bbox 2431 4204 2550 4274; x_wconf 77' lang='grc' dir='ltr'><strong>περὶ</strong></span> <span class='ocrx_word' id='word_1_792' title='bbox 2578 4207 2804 4279; x_wconf 81' lang='grc' dir='ltr'><strong>Χριστοῦ</strong></span> <span class='ocrx_word' id='word_1_793' title='bbox 2847 4206 2935 4255; x_wconf 82' lang='grc' dir='ltr'><strong>τοῦ</strong></span> <span class='ocrx_word' id='word_1_794' title='bbox 2978 4206 3107 4254; x_wconf 83' lang='grc' dir='ltr'><strong>Θεοῦ</strong></span> <span class='ocrx_word' id='word_1_795' title='bbox 3147 4201 3286 4272; x_wconf 77' lang='grc' dir='ltr'><strong>ἡμῶν</strong></span> <span class='ocrx_word' id='word_1_796' title='bbox 3309 4206 3484 4260; x_wconf 75' lang='grc' dir='ltr'><strong>ταῦτα</strong></span> 
     </span>
    </p>
   </div>
   <div class='ocr_carea' id='block_1_106' title="bbox 1887 4289 3482 4366">
    <p class='ocr_par' dir='ltr' id='par_1_106' title="bbox 1887 4289 3482 4366">
     <span class='ocr_line' id='line_1_106' title="bbox 1887 4289 3482 4366; baseline 0.001 -19"><span class='ocrx_word' id='word_1_797' title='bbox 1887 4294 2126 4366; x_wconf 75' lang='grc' dir='ltr'><strong>ἐξηγήσῃ,</strong></span> <span class='ocrx_word' id='word_1_798' title='bbox 2155 4292 2188 4346; x_wconf 86' lang='grc' dir='ltr'>ἂ</span> <span class='ocrx_word' id='word_1_799' title='bbox 2210 4295 2293 4346; x_wconf 83' lang='grc' dir='ltr'><strong>καί</strong></span> <span class='ocrx_word' id='word_1_800' title='bbox 2322 4295 2351 4351; x_wconf 83' lang='grc' dir='ltr'>ἡ</span> <span class='ocrx_word' id='word_1_801' title='bbox 2374 4291 2618 4365; x_wconf 79' lang='grc' dir='ltr'><strong>Ῥωμαῖκή</strong></span> <span class='ocrx_word' id='word_1_802' title='bbox 2645 4295 2728 4345; x_wconf 86' lang='grc' dir='ltr'><strong>καί</strong></span> <span class='ocrx_word' id='word_1_803' title='bbox 2753 4294 2782 4350; x_wconf 79' lang='grc' dir='ltr'>ἡ</span> <span class='ocrx_word' id='word_1_804' title='bbox 2798 4289 3164 4366; x_wconf 77' lang='grc' dir='ltr'><strong>’Δλεξανδρική,</strong></span> <span class='ocrx_word' id='word_1_805' title='bbox 3188 4294 3273 4347; x_wconf 84' lang='grc' dir='ltr'><strong>καί</strong></span> <span class='ocrx_word' id='word_1_806' title='bbox 3297 4290 3482 4352; x_wconf 77' lang='grc' dir='ltr'><strong>ἅπασα</strong></span> 
     </span>
    </p>
   </div>
   <div class='ocr_carea' id='block_1_107' title="bbox 1889 4384 3482 4458">
    <p class='ocr_par' dir='ltr' id='par_1_107' title="bbox 1889 4384 3482 4458">
     <span class='ocr_line' id='line_1_107' title="bbox 1889 4384 3482 4458; baseline 0.001 -20"><span class='ocrx_word' id='word_1_807' title='bbox 1889 4385 2119 4443; x_wconf 76' lang='grc' dir='ltr'><strong>καθολικὴ</strong></span> <span class='ocrx_word' id='word_1_808' title='bbox 2146 4387 2413 4444; x_wconf 79' lang='grc' dir='ltr'><strong>Ἐκκλησία</strong></span> <span class='ocrx_word' id='word_1_809' title='bbox 2457 4393 2576 4450; x_wconf 85' lang='grc' dir='ltr'><strong>νοεῖ,</strong></span> <span class='ocrx_word' id='word_1_810' title='bbox 2623 4386 2782 4445; x_wconf 87' lang='grc' dir='ltr'><strong>καθῶς</strong></span> <span class='ocrx_word' id='word_1_811' title='bbox 2827 4387 2915 4439; x_wconf 77' lang='grc' dir='ltr'><strong>καί</strong></span> <span class='ocrx_word' id='word_1_812' title='bbox 2951 4385 2982 4442; x_wconf 80' lang='grc' dir='ltr'>ἡ</span> <span class='ocrx_word' id='word_1_813' title='bbox 3019 4384 3339 4458; x_wconf 82' lang='grc' dir='ltr'><strong>εὑαγεστάτη</strong></span> <span class='ocrx_word' id='word_1_814' title='bbox 3376 4393 3482 4442; x_wconf 80' lang='grc' dir='ltr'><strong>τῶν</strong></span> 
     </span>
    </p>
   </div>
   <div class='ocr_carea' id='block_1_108' title="bbox 1953 4581 3481 4647">
    <p class='ocr_par' dir='ltr' id='par_1_108' title="bbox 1953 4581 3481 4647">
     <span class='ocr_line' id='line_1_108' title="bbox 1953 4581 3481 4647; baseline 0.005 -9"><span class='ocrx_word' id='word_1_815' title='bbox 1953 4581 1982 4621; x_wconf 77' lang='lat' dir='ltr'><strong>h</strong></span> <span class='ocrx_word' id='word_1_816' title='bbox 2014 4583 2070 4638; x_wconf 86' lang='lat' dir='ltr'><strong>In</strong></span> <span class='ocrx_word' id='word_1_817' title='bbox 2093 4583 2218 4638; x_wconf 91' lang='lat' dir='ltr'><strong>edit.</strong></span> <span class='ocrx_word' id='word_1_818' title='bbox 2249 4583 2407 4638; x_wconf 87' lang='lat' dir='ltr'><strong>Rom.</strong></span> <span class='ocrx_word' id='word_1_819' title='bbox 2430 4593 2485 4638; x_wconf 89' lang='lat' dir='ltr'><strong>et</strong></span> <span class='ocrx_word' id='word_1_820' title='bbox 2510 4582 2642 4638; x_wconf 87' lang='lat' dir='ltr'><strong>Lab.</strong></span> <span class='ocrx_word' id='word_1_821' title='bbox 2666 4582 2852 4637; x_wconf 89' lang='lat' dir='ltr'><strong>eadem</strong></span> <span class='ocrx_word' id='word_1_822' title='bbox 2882 4582 3111 4638; x_wconf 84' lang='lat' dir='ltr'><strong>formula</strong></span> <span class='ocrx_word' id='word_1_823' title='bbox 3135 4583 3296 4641; x_wconf 91' lang='lat' dir='ltr'><strong>aliter</strong></span> <span class='ocrx_word' id='word_1_824' title='bbox 3313 4602 3481 4647; x_wconf 87' lang='lat' dir='ltr'><strong>enun-</strong></span> 
     </span>
    </p>
   </div>
   <div class='ocr_carea' id='block_1_109' title="bbox 1882 4654 3480 4726">
    <p class='ocr_par' dir='ltr' id='par_1_109' title="bbox 1882 4654 3480 4726">
     <span class='ocr_line' id='line_1_109' title="bbox 1882 4654 3480 4726; baseline 0.003 -13"><span class='ocrx_word' id='word_1_825' title='bbox 1882 4659 2047 4713; x_wconf 90' lang='lat' dir='ltr'><strong>tiatur</strong></span> <span class='ocrx_word' id='word_1_826' title='bbox 2087 4656 2169 4710; x_wconf 86' lang='lat' dir='ltr'><strong>his</strong></span> <span class='ocrx_word' id='word_1_827' title='bbox 2197 4656 2376 4712; x_wconf 86' lang='lat' dir='ltr'><strong>verbis</strong></span> <span class='ocrx_word' id='word_1_828' title='bbox 2413 4674 2425 4709; x_wconf 90' lang='lat'>:</span> <span class='ocrx_word' id='word_1_829' title='bbox 2449 4659 2636 4725; x_wconf 83' lang='lat' dir='ltr'><strong>Aperte</strong></span> <span class='ocrx_word' id='word_1_830' title='bbox 2659 4655 2818 4726; x_wconf 84' lang='lat' dir='ltr'><strong>igitur</strong></span> <span class='ocrx_word' id='word_1_831' title='bbox 2846 4671 3062 4726; x_wconf 83' lang='lat' dir='ltr'><strong>agnosce</strong></span> <span class='ocrx_word' id='word_1_832' title='bbox 3080 4654 3218 4710; x_wconf 88' lang='lat' dir='ltr'><strong>hanc</strong></span> <span class='ocrx_word' id='word_1_833' title='bbox 3247 4668 3480 4717; x_wconf 86' lang='lat' dir='ltr'><strong>nostram</strong></span> 
     </span>
    </p>
   </div>
   <div class='ocr_carea' id='block_1_110' title="bbox 1883 4726 3476 4799">
    <p class='ocr_par' dir='ltr' id='par_1_110' title="bbox 1883 4726 3476 4799">
     <span class='ocr_line' id='line_1_110' title="bbox 1883 4726 3476 4799; baseline 0.001 -17"><span class='ocrx_word' id='word_1_834' title='bbox 1883 4744 1992 4782; x_wconf 83' lang='lat' dir='ltr'><strong>esse</strong></span> <span class='ocrx_word' id='word_1_835' title='bbox 2011 4729 2334 4793; x_wconf 85' lang='lat' dir='ltr'><strong>sententiam,</strong></span> <span class='ocrx_word' id='word_1_836' title='bbox 2368 4736 2422 4779; x_wconf 91' lang='lat' dir='ltr'><strong>ut</strong></span> <span class='ocrx_word' id='word_1_837' title='bbox 2461 4727 2654 4799; x_wconf 86' lang='lat' dir='ltr'><strong>niside</strong></span> <span class='ocrx_word' id='word_1_838' title='bbox 2679 4726 2880 4799; x_wconf 70' lang='lat' dir='ltr'><strong>Cltristo</strong></span> <span class='ocrx_word' id='word_1_839' title='bbox 2911 4726 3017 4781; x_wconf 87' lang='lat' dir='ltr'><strong>Deo</strong></span> <span class='ocrx_word' id='word_1_840' title='bbox 3047 4737 3222 4781; x_wconf 87' lang='lat' dir='ltr'><strong>nostra</strong></span> <span class='ocrx_word' id='word_1_841' title='bbox 3247 4746 3305 4783; x_wconf 87' lang='lat' dir='ltr'><strong>ea</strong></span> <span class='ocrx_word' id='word_1_842' title='bbox 3337 4749 3476 4799; x_wconf 70' lang='lat' dir='ltr'><strong>pra:-</strong></span> 
     </span>
    </p>
   </div>
   <div class='ocr_carea' id='block_1_111' title="bbox 1884 4797 3479 4869">
    <p class='ocr_par' dir='ltr' id='par_1_111' title="bbox 1884 4797 3479 4869">
     <span class='ocr_line' id='line_1_111' title="bbox 1884 4797 3479 4869; baseline 0.004 -18"><span class='ocrx_word' id='word_1_843' title='bbox 1884 4799 2021 4853; x_wconf 83' lang='lat' dir='ltr'><strong>dices</strong></span> <span class='ocrx_word' id='word_1_844' title='bbox 2049 4816 2163 4869; x_wconf 79' lang='lat' dir='ltr'><strong>qute</strong></span> <span class='ocrx_word' id='word_1_845' title='bbox 2193 4800 2427 4854; x_wconf 87' lang='lat' dir='ltr'><strong>Romana</strong></span> <span class='ocrx_word' id='word_1_846' title='bbox 2447 4808 2492 4851; x_wconf 91' lang='lat' dir='ltr'><strong>et</strong></span> <span class='ocrx_word' id='word_1_847' title='bbox 2517 4797 2939 4869; x_wconf 63' lang='lat' dir='ltr'><strong>Alexandrinaet</strong></span> <span class='ocrx_word' id='word_1_848' title='bbox 2969 4799 3273 4854; x_wconf 84' lang='lat' dir='ltr'><strong>universalis</strong></span> <span class='ocrx_word' id='word_1_849' title='bbox 3301 4797 3479 4860; x_wconf 76' lang='lat' dir='ltr'><strong>Eccle-</strong></span> 
     </span>
    </p>
   </div>
   <div class='ocr_carea' id='block_1_112' title="bbox 1882 4867 3474 4940">
    <p class='ocr_par' dir='ltr' id='par_1_112' title="bbox 1882 4867 3474 4940">
     <span class='ocr_line' id='line_1_112' title="bbox 1882 4867 3474 4940; baseline 0.002 -14"><span class='ocrx_word' id='word_1_850' title='bbox 1882 4873 1960 4926; x_wconf 87' lang='lat' dir='ltr'><strong>sia</strong></span> <span class='ocrx_word' id='word_1_851' title='bbox 1988 4880 2035 4923; x_wconf 91' lang='lat' dir='ltr'><strong>et</strong></span> <span class='ocrx_word' id='word_1_852' title='bbox 2061 4867 2241 4924; x_wconf 82' lang='lat' dir='ltr'><strong>sancta</strong></span> <span class='ocrx_word' id='word_1_853' title='bbox 2272 4869 2842 4937; x_wconf 83' lang='lat' dir='ltr'><strong>ConstantinOpolitana</strong></span> <span class='ocrx_word' id='word_1_854' title='bbox 2873 4867 3106 4940; x_wconf 67' lang='lat' dir='ltr'><strong>Ecclesia</strong></span> <span class='ocrx_word' id='word_1_855' title='bbox 3133 4887 3295 4940; x_wconf 87' lang='lat' dir='ltr'><strong>usque</strong></span> <span class='ocrx_word' id='word_1_856' title='bbox 3327 4879 3396 4927; x_wconf 88' lang='lat' dir='ltr'><strong>ad</strong></span> <span class='ocrx_word' id='word_1_857' title='bbox 3425 4888 3474 4930; x_wconf 86' lang='lat' dir='ltr'><strong>te</strong></span> 
     </span>
    </p>
   </div>
   <div class='ocr_carea' id='block_1_113' title="bbox 1887 4938 3474 5013">
    <p class='ocr_par' dir='ltr' id='par_1_113' title="bbox 1887 4938 3474 5013">
     <span class='ocr_line' id='line_1_113' title="bbox 1887 4938 3474 5013; baseline 0.001 -17"><span class='ocrx_word' id='word_1_858' title='bbox 1887 4943 2074 5013; x_wconf 82' lang='lat' dir='ltr'><strong>Optime</strong></span> <span class='ocrx_word' id='word_1_859' title='bbox 2115 4943 2296 5013; x_wconf 85' lang='lat' dir='ltr'><strong>tenuit,</strong></span> <span class='ocrx_word' id='word_1_860' title='bbox 2321 4944 2479 5012; x_wconf 75' lang='lat' dir='ltr'><strong>juxta</strong></span> <span class='ocrx_word' id='word_1_861' title='bbox 2510 4942 2809 5013; x_wconf 9' lang='lat' dir='ltr'><strong>expositam,</strong></span> <span class='ocrx_word' id='word_1_862' title='bbox 2833 4941 2885 4992; x_wconf 90' lang='lat' dir='ltr'><strong>in</strong></span> <span class='ocrx_word' id='word_1_863' title='bbox 2916 4938 3134 4995; x_wconf 75' lang='lat' dir='ltr'><strong>Nicwna</strong></span> <span class='ocrx_word' id='word_1_864' title='bbox 3173 4938 3373 5012; x_wconf 68' lang='lat' dir='ltr'><strong>synodo</strong></span> <span class='ocrx_word' id='word_1_865' title='bbox 3403 4948 3474 5012; x_wconf 81' lang='lat' dir='ltr'><strong>ﬁ-</strong></span> 
     </span>
    </p>
   </div>
   <div class='ocr_carea' id='block_1_114' title="bbox 1885 5011 3472 5088">
    <p class='ocr_par' dir='ltr' id='par_1_114' title="bbox 1885 5011 3472 5088">
     <span class='ocr_line' id='line_1_114' title="bbox 1885 5011 3472 5088; baseline 0.001 -22"><span class='ocrx_word' id='word_1_866' title='bbox 1885 5011 2003 5088; x_wconf 77' lang='lat' dir='ltr'><strong>dem</strong></span> <span class='ocrx_word' id='word_1_867' title='bbox 2018 5029 2038 5077; x_wconf 89' lang='lat'><strong><em>;</em></strong></span> <span class='ocrx_word' id='word_1_868' title='bbox 2064 5029 2124 5066; x_wconf 82' lang='lat' dir='ltr'><strong>ac</strong></span> <span class='ocrx_word' id='word_1_869' title='bbox 2152 5013 2251 5067; x_wconf 87' lang='lat' dir='ltr'><strong>nisi</strong></span> <span class='ocrx_word' id='word_1_870' title='bbox 2266 5011 2669 5088; x_wconf 52' lang='lat' dir='ltr'><strong>nuncper/Edam</strong></span> <span class='ocrx_word' id='word_1_871' title='bbox 2696 5011 2988 5088; x_wconf 80' lang='lat' dir='ltr'><strong>novitatem,</strong></span> <span class='ocrx_word' id='word_1_872' title='bbox 3011 5011 3320 5088; x_wconf 82' lang='lat' dir='ltr'><strong>quam_(le_g.</strong></span> <span class='ocrx_word' id='word_1_873' title='bbox 3343 5011 3472 5088; x_wconf 86' lang='lat' dir='ltr'><strong>qua)</strong></span> 
     </span>
    </p>
   </div>
   <div class='ocr_carea' id='block_1_115' title="bbox 1885 5081 3474 5154">
    <p class='ocr_par' dir='ltr' id='par_1_115' title="bbox 1885 5081 3474 5154">
     <span class='ocr_line' id='line_1_115' title="bbox 1885 5081 3474 5154; baseline 0.001 -17"><span class='ocrx_word' id='word_1_874' title='bbox 1885 5085 1981 5137; x_wconf 81' lang='lat' dir='ltr'><strong>hoc</strong></span> <span class='ocrx_word' id='word_1_875' title='bbox 2006 5093 2142 5153; x_wconf 74' lang='lat' dir='ltr'><strong>quod</strong></span> <span class='ocrx_word' id='word_1_876' title='bbox 2183 5081 2482 5138; x_wconf 85' lang='lat' dir='ltr'><strong>venerabilis</strong></span> <span class='ocrx_word' id='word_1_877' title='bbox 2516 5081 2789 5149; x_wconf 85' lang='lat' dir='ltr'><strong>Scriptura</strong></span> <span class='ocrx_word' id='word_1_878' title='bbox 2827 5084 3093 5154; x_wconf 76' lang='lat' dir='ltr'><strong>conjungi!</strong></span> <span class='ocrx_word' id='word_1_879' title='bbox 3124 5081 3299 5137; x_wconf 75' lang='lat' dir='ltr'><strong>niteris</strong></span> <span class='ocrx_word' id='word_1_880' title='bbox 3321 5081 3474 5152; x_wconf 64' lang='lat' dir='ltr'><strong>sepa-</strong></span> 
     </span>
    </p>
   </div>
   <div class='ocr_carea' id='block_1_116' title="bbox 1886 5154 3477 5220">
    <p class='ocr_par' dir='ltr' id='par_1_116' title="bbox 1886 5154 3477 5220">
     <span class='ocr_line' id='line_1_116' title="bbox 1886 5154 3477 5220; baseline 0.003 -13"><span class='ocrx_word' id='word_1_881' title='bbox 1886 5171 2016 5219; x_wconf 86' lang='lat' dir='ltr'><strong>rare,</strong></span> <span class='ocrx_word' id='word_1_882' title='bbox 2053 5157 2189 5208; x_wconf 85' lang='lat' dir='ltr'><strong>intra</strong></span> <span class='ocrx_word' id='word_1_883' title='bbox 2215 5155 2463 5208; x_wconf 86' lang='lat' dir='ltr'><strong>decimam</strong></span> <span class='ocrx_word' id='word_1_884' title='bbox 2504 5154 2639 5206; x_wconf 89' lang='lat' dir='ltr'><strong>diem</strong></span> <span class='ocrx_word' id='word_1_885' title='bbox 2676 5170 2707 5205; x_wconf 88' lang='lat' dir='ltr'><strong>a</strong></span> <span class='ocrx_word' id='word_1_886' title='bbox 2757 5156 2922 5220; x_wconf 89' lang='lat' dir='ltr'><strong>primo</strong></span> <span class='ocrx_word' id='word_1_887' title='bbox 2968 5156 3328 5208; x_wconf 85' lang='lat' dir='ltr'><strong>innotescentis</strong></span> <span class='ocrx_word' id='word_1_888' title='bbox 3381 5158 3477 5211; x_wconf 73' lang='lat' dir='ltr'><strong>tibi</strong></span> 
     </span>
    </p>
   </div>
   <div class='ocr_carea' id='block_1_117' title="bbox 1887 5225 3477 5297">
    <p class='ocr_par' dir='ltr' id='par_1_117' title="bbox 1887 5225 3477 5297">
     <span class='ocr_line' id='line_1_117' title="bbox 1887 5225 3477 5297; baseline 0.001 -18"><span class='ocrx_word' id='word_1_889' title='bbox 1887 5228 2040 5297; x_wconf 82' lang='lat' dir='ltr'><strong>hujus</strong></span> <span class='ocrx_word' id='word_1_890' title='bbox 2069 5226 2412 5279; x_wconf 84' lang='lat' dir='ltr'><strong>conventionis</strong></span> <span class='ocrx_word' id='word_1_891' title='bbox 2449 5225 2532 5297; x_wconf 81' lang='lat' dir='ltr'><strong>die</strong></span> <span class='ocrx_word' id='word_1_892' title='bbox 2558 5225 2930 5297; x_wconf 82' lang='lat' dir='ltr'><strong>numerandum</strong></span> <span class='ocrx_word' id='word_1_893' title='bbox 2961 5225 3287 5297; x_wconf 80' lang='lat' dir='ltr'><strong>deposueris,</strong></span> <span class='ocrx_word' id='word_1_894' title='bbox 3321 5237 3477 5297; x_wconf 83' lang='lat' dir='ltr'><strong>atque</strong></span> 
     </span>
    </p>
   </div>
   <div class='ocr_carea' id='block_1_118' title="bbox 1888 5296 3473 5368">
    <p class='ocr_par' dir='ltr' id='par_1_118' title="bbox 1888 5296 3473 5368">
     <span class='ocr_line' id='line_1_118' title="bbox 1888 5296 3473 5368; baseline 0.002 -19"><span class='ocrx_word' id='word_1_895' title='bbox 1888 5296 2065 5368; x_wconf 85' lang='lat' dir='ltr'><strong>aperta</strong></span> <span class='ocrx_word' id='word_1_896' title='bbox 2089 5298 2362 5368; x_wconf 13' lang='lat' dir='ltr'><strong>etiscripta</strong></span> <span class='ocrx_word' id='word_1_897' title='bbox 2379 5296 2696 5368; x_wconf 74' lang='lat' dir='ltr'><strong>professione</strong></span> <span class='ocrx_word' id='word_1_898' title='bbox 2727 5296 3085 5368; x_wconf 69' lang='lat' dir='ltr'><strong>damnareris;</strong></span> <span class='ocrx_word' id='word_1_899' title='bbox 3111 5300 3307 5368; x_wconf 77' lang='lat' dir='ltr'><strong>noveris</strong></span> <span class='ocrx_word' id='word_1_900' title='bbox 3340 5296 3391 5350; x_wconf 6' lang='lat' dir='ltr'><strong>te,</strong></span> <span class='ocrx_word' id='word_1_901' title='bbox 3407 5299 3473 5352; x_wconf 82' lang='lat' dir='ltr'><strong>ab</strong></span> 
     </span>
    </p>
   </div>
   <div class='ocr_carea' id='block_1_119' title="bbox 1889 5365 3472 5437">
    <p class='ocr_par' dir='ltr' id='par_1_119' title="bbox 1889 5365 3472 5437">
     <span class='ocr_line' id='line_1_119' title="bbox 1889 5365 3472 5437; baseline -0.001 -15"><span class='ocrx_word' id='word_1_902' title='bbox 1889 5365 2192 5422; x_wconf 76' lang='lat' dir='ltr'><strong>universalis</strong></span> <span class='ocrx_word' id='word_1_903' title='bbox 2241 5365 2485 5420; x_wconf 75' lang='lat' dir='ltr'><strong>Ecclesia:</strong></span> <span class='ocrx_word' id='word_1_904' title='bbox 2508 5365 2770 5420; x_wconf 77' lang='lat' dir='ltr'><strong>catholicrc</strong></span> <span class='ocrx_word' id='word_1_905' title='bbox 2801 5367 3472 5437; x_wconf 80' lang='lat' dir='ltr'><strong>communionedejectum,</strong></span> 
     </span>
    </p>
   </div>
   <div class='ocr_carea' id='block_1_120' title="bbox 1888 5436 3472 5508">
    <p class='ocr_par' dir='ltr' id='par_1_120' title="bbox 1888 5436 3472 5508">
     <span class='ocr_line' id='line_1_120' title="bbox 1888 5436 3472 5508; baseline -0.002 -14"><span class='ocrx_word' id='word_1_906' title='bbox 1888 5451 1935 5494; x_wconf 87' lang='lat' dir='ltr'><strong>et</strong></span> <span class='ocrx_word' id='word_1_907' title='bbox 1965 5438 2032 5492; x_wconf 88' lang='lat' dir='ltr'><strong>ad</strong></span> <span class='ocrx_word' id='word_1_908' title='bbox 2065 5439 2237 5493; x_wconf 84' lang='lat' dir='ltr'><strong>omnia</strong></span> <span class='ocrx_word' id='word_1_909' title='bbox 2267 5453 2596 5508; x_wconf 70' lang='lat' dir='ltr'><strong>quacumque</strong></span> <span class='ocrx_word' id='word_1_910' title='bbox 2621 5437 2950 5490; x_wconf 86' lang='lat' dir='ltr'><strong>sacerdotalis</strong></span> <span class='ocrx_word' id='word_1_911' title='bbox 2977 5436 3298 5491; x_wconf 85' lang='lat' dir='ltr'><strong>auctoritatis</strong></span> <span class='ocrx_word' id='word_1_912' title='bbox 3327 5436 3472 5506; x_wconf 84' lang='lat' dir='ltr'><strong>sunt,</strong></span> 
     </span>
    </p>
   </div>
   <div class='ocr_carea' id='block_1_121' title="bbox 1887 5509 3475 5577">
    <p class='ocr_par' dir='ltr' id='par_1_121' title="bbox 1887 5509 3475 5577">
     <span class='ocr_line' id='line_1_121' title="bbox 1887 5509 3475 5577; baseline -0.001 -12"><span class='ocrx_word' id='word_1_913' title='bbox 1887 5514 2095 5565; x_wconf 86' lang='lat' dir='ltr'><strong>minime</strong></span> <span class='ocrx_word' id='word_1_914' title='bbox 2125 5512 2384 5564; x_wconf 85' lang='lat' dir='ltr'><strong>idoneum.</strong></span> <span class='ocrx_word' id='word_1_915' title='bbox 2418 5510 2548 5575; x_wconf 66' lang='lat' dir='ltr'><strong>Quae</strong></span> <span class='ocrx_word' id='word_1_916' title='bbox 2581 5511 2950 5577; x_wconf 89' lang='lat' dir='ltr'><strong>interpretatio</strong></span> <span class='ocrx_word' id='word_1_917' title='bbox 2981 5522 3085 5560; x_wconf 91' lang='lat' dir='ltr'><strong>non</strong></span> <span class='ocrx_word' id='word_1_918' title='bbox 3118 5521 3148 5560; x_wconf 92' lang='lat' dir='ltr'><strong>e</strong></span> <span class='ocrx_word' id='word_1_919' title='bbox 3193 5509 3475 5564; x_wconf 85' lang='lat' dir='ltr'><strong>codicibus</strong></span> 
     </span>
    </p>
   </div>
   <div class='ocr_carea' id='block_1_122' title="bbox 1888 5577 3474 5652">
    <p class='ocr_par' dir='ltr' id='par_1_122' title="bbox 1888 5577 3474 5652">
     <span class='ocr_line' id='line_1_122' title="bbox 1888 5577 3474 5652; baseline 0 -16"><span class='ocrx_word' id='word_1_920' title='bbox 1888 5599 1917 5636; x_wconf 72' lang='grc' dir='ltr'><strong>ο</strong></span> <span class='ocrx_word' id='word_1_921' title='bbox 1939 5582 2134 5652; x_wconf 88' lang='lat' dir='ltr'><strong>quibus</strong></span> <span class='ocrx_word' id='word_1_922' title='bbox 2165 5581 2444 5650; x_wconf 71' lang='lat' dir='ltr'><strong>superiora</strong></span> <span class='ocrx_word' id='word_1_923' title='bbox 2469 5581 2736 5642; x_wconf 76' lang='lat' dir='ltr'><strong>descripta</strong></span> <span class='ocrx_word' id='word_1_924' title='bbox 2756 5587 2911 5652; x_wconf 85' lang='lat' dir='ltr'><strong>_su_nt,</strong></span> <span class='ocrx_word' id='word_1_925' title='bbox 2933 5577 3026 5652; x_wconf 76' lang='lat' dir='ltr'><strong>sed</strong></span> <span class='ocrx_word' id='word_1_926' title='bbox 3059 5592 3124 5630; x_wconf 86' lang='lat' dir='ltr'><strong>ex</strong></span> <span class='ocrx_word' id='word_1_927' title='bbox 3157 5579 3380 5652; x_wconf 78' lang='lat' dir='ltr'><strong>epistola</strong></span> <span class='ocrx_word' id='word_1_928' title='bbox 3404 5581 3474 5636; x_wconf 77' lang='lat' dir='ltr'><strong>l3</strong></span> 
     </span>
    </p>
   </div>
   <div class='ocr_carea' id='block_1_123' title="bbox 1887 5647 3474 5722">
    <p class='ocr_par' dir='ltr' id='par_1_123' title="bbox 1887 5647 3474 5722">
     <span class='ocr_line' id='line_1_123' title="bbox 1887 5647 3474 5722; baseline -0.003 -16"><span class='ocrx_word' id='word_1_929' title='bbox 1887 5647 2072 5708; x_wconf 77' lang='lat' dir='ltr'><strong>addito</strong></span> <span class='ocrx_word' id='word_1_930' title='bbox 2097 5647 2394 5722; x_wconf 79' lang='lat' dir='ltr'><strong>posteriore</strong></span> <span class='ocrx_word' id='word_1_931' title='bbox 2415 5667 2575 5706; x_wconf 77' lang='lat' dir='ltr'><strong>versu</strong></span> <span class='ocrx_word' id='word_1_932' title='bbox 2597 5659 2681 5705; x_wconf 87' lang='lat' dir='ltr'><strong>est</strong></span> <span class='ocrx_word' id='word_1_933' title='bbox 2704 5648 2927 5703; x_wconf 87' lang='lat' dir='ltr'><strong>adscita.</strong></span> <span class='ocrx_word' id='word_1_934' title='bbox 2946 5647 3166 5712; x_wconf 83' lang='lat' dir='ltr'><strong>Verum,</strong></span> <span class='ocrx_word' id='word_1_935' title='bbox 3189 5650 3310 5722; x_wconf 85' lang='lat' dir='ltr'><strong>licet</strong></span> <span class='ocrx_word' id='word_1_936' title='bbox 3329 5650 3474 5706; x_wconf 74' lang='lat' dir='ltr'><strong>Cra:-</strong></span> 
     </span>
    </p>
   </div>
   <div class='ocr_carea' id='block_1_124' title="bbox 1887 5721 3473 5788">
    <p class='ocr_par' dir='ltr' id='par_1_124' title="bbox 1887 5721 3473 5788">
     <span class='ocr_line' id='line_1_124' title="bbox 1887 5721 3473 5788; baseline -0.001 -10"><span class='ocrx_word' id='word_1_937' title='bbox 1887 5741 2008 5778; x_wconf 87' lang='lat' dir='ltr'><strong>cum</strong></span> <span class='ocrx_word' id='word_1_938' title='bbox 2059 5721 2122 5778; x_wconf 81' lang='lat' dir='ltr'><strong>ac</strong></span> <span class='ocrx_word' id='word_1_939' title='bbox 2171 5724 2420 5777; x_wconf 87' lang='lat' dir='ltr'><strong>Latinum</strong></span> <span class='ocrx_word' id='word_1_940' title='bbox 2453 5732 2654 5776; x_wconf 84' lang='lat' dir='ltr'><strong>textum</strong></span> <span class='ocrx_word' id='word_1_941' title='bbox 2705 5737 2769 5774; x_wconf 81' lang='lat' dir='ltr'><strong>ex</strong></span> <span class='ocrx_word' id='word_1_942' title='bbox 2802 5728 3041 5773; x_wconf 87' lang='lat' dir='ltr'><strong>veterum</strong></span> <span class='ocrx_word' id='word_1_943' title='bbox 3083 5721 3473 5788; x_wconf 76' lang='lat' dir='ltr'><strong>exemplarium</strong></span> 
     </span>
    </p>
   </div>
   <div class='ocr_carea' id='block_1_125' title="bbox 1889 5792 3473 5866">
    <p class='ocr_par' dir='ltr' id='par_1_125' title="bbox 1889 5792 3473 5866">
     <span class='ocr_line' id='line_1_125' title="bbox 1889 5792 3473 5866; baseline 0.001 -16"><span class='ocrx_word' id='word_1_944' title='bbox 1889 5796 1995 5850; x_wconf 85' lang='lat' dir='ltr'><strong>fide</strong></span> <span class='ocrx_word' id='word_1_945' title='bbox 2025 5794 2114 5849; x_wconf 87' lang='lat' dir='ltr'><strong>hic</strong></span> <span class='ocrx_word' id='word_1_946' title='bbox 2158 5793 2567 5866; x_wconf 74' lang='lat' dir='ltr'><strong>exprimendum</strong></span> <span class='ocrx_word' id='word_1_947' title='bbox 2597 5792 2946 5866; x_wconf 75' lang='lat' dir='ltr'><strong>duxerimus,</strong></span> <span class='ocrx_word' id='word_1_948' title='bbox 2980 5799 3264 5866; x_wconf 73' lang='lat' dir='ltr'><strong>utrumque</strong></span> <span class='ocrx_word' id='word_1_949' title='bbox 3290 5801 3473 5853; x_wconf 76' lang='lat' dir='ltr'><strong>tamen</strong></span> 
     </span>
    </p>
   </div>
   <div class='ocr_carea' id='block_1_126' title="bbox 1889 5860 3401 5940">
    <p class='ocr_par' dir='ltr' id='par_1_126' title="bbox 1889 5860 3401 5940">
     <span class='ocr_line' id='line_1_126' title="bbox 1889 5860 3401 5940; baseline 0.001 -16"><span class='ocrx_word' id='word_1_950' title='bbox 1889 5867 1942 5924; x_wconf 91' lang='lat' dir='ltr'><strong>in</strong></span> <span class='ocrx_word' id='word_1_951' title='bbox 1969 5860 2246 5940; x_wconf 78' lang='lat' dir='ltr'><strong>superiori</strong></span> <span class='ocrx_word' id='word_1_952' title='bbox 2270 5863 2497 5939; x_wconf 85' lang='lat' dir='ltr'><strong>epistola</strong></span> <span class='ocrx_word' id='word_1_953' title='bbox 2527 5862 2796 5938; x_wconf 86' lang='lat' dir='ltr'><strong>puriorem</strong></span> <span class='ocrx_word' id='word_1_954' title='bbox 2838 5877 2961 5922; x_wconf 86' lang='lat' dir='ltr'><strong>esse</strong></span> <span class='ocrx_word' id='word_1_955' title='bbox 2989 5860 3263 5934; x_wconf 79' lang='lat' dir='ltr'><strong>fatendum</strong></span> <span class='ocrx_word' id='word_1_956' title='bbox 3293 5871 3401 5930; x_wconf 69' lang='lat' dir='ltr'><strong>est.</strong></span> 
     </span>
    </p>
   </div>
  </div>
