3976 6336
237 365 329 423 5H

668 364 878 420 Epist.
924 362 1067 421 xvr.
1108 360 1504 421 C(ELESTINI
1546 361 1636 417 an
1672 324 2032 417 cvutLLUtt
2076 360 2629 422 ALEXANDRINUM
2672 364 3076 426 EPISCOPUM.

3412 373 3524 434 503

230 485 471 555 adiunxi,
512 484 601 541 vei
627 498 743 555 qua:
773 484 841 539 ad
872 496 968 541 nos
996 483 1063 541 ab
1106 498 1170 539 eo
1197 483 1399 552 scripta
1443 486 1587 537 sunt.
1624 476 1827 535 Placuit
1854 485 1909 543 Α
1934 476 2123 533 l\'onne
2167 480 2323 534 nobis
2382 481 2678 551 respondet
2710 482 2856 538 illico
2884 498 2978 553 per
3010 484 3348 554 prephetam,
3378 502 3525 543 mor-

233 596 366 637 vero
389 589 439 647 ι,
472 579 585 635 Deo
611 579 923 650 adjuvante,
950 580 1111 634 etiam
1141 576 1414 649 synodqu
1443 572 1825 630 inexcusabili-

233 683 315 729 ter
346 674 513 729 totius
542 672 699 727 orbis
716 682 993 727 terrarum
1021 670 1263 725 indicere
1286 676 1509 738 propter
1532 665 1831 735 inquisitio-

232 782 363 825 nem
400 768 635 823 aliarum
671 774 853 822 rerum
896 760 1412 820 ecclesiasticarum.
1443 755 1578 816 Nam
1609 756 1639 797 ι)
1671 754 1830 813 dubi-

232 862 442 914 tatione
456 859 746 915 verborum
760 874 867 915 non
881 857 1092 913 aestimo
1108 854 1411 912 habituram
1426 852 1829 924 inquisitionem

229 954 621 1010 difﬁcultatum
640 994 659 1021 ,
688 969 788 1010 nec
812 953 1263 1023 impedimentum
1290 964 1417 1008 esse
1442 950 1513 1006 ad
1543 956 1828 1006 tractatum

168 1070 177 1109 ξ
230 1046 535 1104 divinitatis
560 1047 773 1103 Ποιηῑηί
798 1046 1026 1101 Christi.

741 1194 763 1222 ο
797 1181 1135 1239 EPISTOLA
1176 1178 1312 1235 XVI.

229 1312 543 1355 C(ELZSTINI
583 1314 599 1351 Ι
643 1313 711 1353 AD
744 1311 1017 1352 ςῑιιιοιωι
1058 1308 1473 1351 ΔιΕΧΑΝῺΙΙΝυΙ
1512 1306 1824 1348 ΒΡΙΜΞΟΡΠΙΙ.

230 1412 529 1470 Sententiae
557 1412 795 1466 adrersus
821 1408 1125 1465 Nestorium
1155 1408 1273 1463 tata:
1317 1406 1688 1481 indulgentiam
1712 1425 1828 1462 cor-

301 1494 446 1539 recta
495 1498 603 1539 esse
647 1483 1002 1551 offerendam:
1036 1488 1091 1535 ttt
1135 1484 1178 1534 si
1228 1482 1468 1550 pertinax
1513 1480 1691 1551 fuerit,
1718 1482 1826 1551 ipse

302 1556 618 1625 perditionis
658 1570 765 1610 suae
794 1560 971 1625 auctor
993 1554 1279 1625 judiCetttr.
1327 1551 1399 1607 Se
1425 1569 1541 1625 cunt
1591 1554 1653 1605 iis
1702 1568 1829 1619 quos

301 1622 540 1699 Cyrinus
586 1636 844 1699 suspectos
896 1622 1069 1691 liabet,
1105 1640 1303 1679 summa
1358 1623 1595 1678 cautione
1641 1630 1831 1677 tracta-

304 1708 511 1753 turum.

229 1833 594 1892 Camerinus
610 1833 895 1905 episcopus
916 1828 1152 1888 CvnttLo
1166 1831 1419 1903 episcopo
1433 1828 1823 1885 Alexandrino.

302 1975 361 2029 1.
405 1970 653 2041 Intelligo
700 1969 1026 2026 sententiam
1074 1966 1463 2038 sapientissimi
1512 1966 1819 2023 Salomonis

232 2065 547 2135 impletum.
598 2059 713 2118 Non
766 2062 913 2118 enim
971 2062 1129 2117 aliter
1167 2076 1323 2131 quam
1392 2060 1583 2115 sitiens
1634 2074 1831 2130 aquam

232 2159 495 2229 [rigidam
527 2155 711 2229 (Prov.
756 2171 887 2220 xxv,
906 2154 1116 2225 25),de
1163 2163 1307 2209 terra
1334 2151 1626 2223 longinqua
1669 2154 1832 2207 itera.

235 2265 353 2308 tum
389 2254 643 2307 nuntium
670 2265 763 2321 per
785 2249 993 2304 litteras
1023 2256 1129 2303 tuae
1157 2246 1460 2303 dilectionis
1482 2245 1688 2317 accepi,
1712 2261 1831 2315 quia

236 2359 341 2403 nos
380 2346 619 2401 invicem
672 2344 843 2399 nostri
878 2342 1089 2397 consilii
1140 2339 1555 2411 participatione
1609 2338 1835 2408 conjun-

229 2449 394 2512 gunt.
426 2438 788 2493 ludifﬁculter
814 2445 898 2492 est
920 2434 1288 2490 Ecclesiarum
1316 2442 1373 2489 et
1392 2432 1681 2487 catholicae
1707 2431 1832 2487 ﬁdei

229 2531 517 2603 speranda
568 2530 951 2599 tranquillitas,
982 2529 1203 2599 quando
1252 2540 1348 2598 pro
1404 2527 1503 2581 hac
1550 2526 1836 2582 elaborare

229 2622 738 2679 Christianissimos
770 2622 1043 2691 principes
1073 2622 1151 2676 sic
1192 2619 1461 2676 videmus.
1494 2619 1613 2674 Non
1645 2628 1730 2675 est
1754 2619 1837 2673 in-

230 2715 459 2783 efﬁcax,
493 2716 545 2771 in
580 2716 781 2773 divinis
821 2717 1056 2772 maxime
1084 2717 1282 2781 causis,
1310 2728 1439 2769 cura
1470 2715 1689 2785 regalis,
1717 2728 1837 2785 qum

229 2813 487 2885 pertinet
511 2814 575 2867 ad
604 2813 773 2868 Deum
816 2813 905 2883 qui
952 2811 1185 2867 ﬁdeliter
1233 2822 1382 2867 tenet
1409 2810 1573 2866 corda
1602 2824 1835 2882 regnan-

229 2906 373 2962 tium
405 2904 592 2977 (Prov.
622 2920 735 2974 ιιι,
768 2903 842 2973 1).
874 2900 1063 2976 Itaque
1090 2902 1328 2961 breviter
1365 2919 1693 2975 responsum
1733 2913 1836 2959 tute

228 3000 527 3057 reddimus
555 2999 850 3055 sanctitati.

299 3094 362 3149 2.
402 3094 619 3149 Etenim
648 3094 850 3164 quaeris
879 3101 1061 3148 utrum
1093 3099 1281 3147 sancta
1322 3091 1563 3164 synodus
1591 3090 1837 3160 recipere

228 3186 439 3243 debeat
468 3185 748 3242 hominem
787 3184 814 3223 ά
840 3200 866 3241 a
906 3201 966 3242 se
1012 3184 1297 3256 praedicata
1348 3184 1737 3253 damnantem;
1769 3201 1839 3240 an

1938 574 2043 627 tem
2087 587 2145 627 se
2198 572 2344 627 nolle
2389 574 2921 648 ntorientis(Eseclt.
2965 593 3115 644 mn,
3158 578 3270 650 Si);
3318 591 3371 636 et
3425 596 3527 651 per

1934 666 2239 735 apostolum
2268 666 2519 735 Paulum,
2552 683 2771 725 omnem
2804 670 3079 726 hominem
3126 671 3267 727 velle
3312 672 3523 731 salvum

1934 760 2050 815 ﬁeri
2081 768 2136 816 et
2160 761 2351 817 venire
2374 762 2441 816 ad
2470 762 2753 818 scientiam
2799 765 3042 821 veritatis
3073 764 3291 837 (lTim.
3320 782 3383 832 ιι,
3414 766 3519 840 4)ῒ

1933 852 2233 923 Numquam
2274 853 2524 923 displicet
2565 855 2677 912 Deo
2734 859 3037 913 accelerate
3079 858 3133 913 iu
3182 872 3522 930 quocumque

1932 946 2221 1001 correctio.
2253 946 2389 1001 Tusc
2410 946 2483 1001 sit
2531 946 2636 1003 hoc
2684 949 2989 1005 sanctitatis
3039 962 3167 1006 eam
3211 951 3523 1010 venerando

1932 1037 2159 1093 fratrum
2190 1037 2444 1103 consilio,
2474 1047 2534 1093 at
2577 1040 2687 1094 orti
2713 1040 2767 1094 in
2796 1041 3040 1097 Ecclesia
3083 1043 3347 1113 strepitus
3366 1054 3519 1101 como

1933 1132 2257 1202 primantur,
2289 1140 2343 1187 et
2375 1131 2581 1187 ﬁnitum
2628 1134 2741 1189 Dee
2783 1132 3007 1204 iuvante
3036 1136 3312 1206 negotium
3341 1136 3523 1193 votiva

1931 1224 2273 1279 correctione
2295 1224 2591 1280 discamus.

2005 1317 2058 1372 5.
2090 1316 2393 1373 Cotrventui
2416 1327 2595 1373 autem
2617 1330 2721 1372 nos
2762 1317 2957 1373 deesse
2981 1332 3087 1373 non
3113 1316 3344 1379 dicimus
3372 1338 3383 1373 :
3415 1332 3511 1377 ne-

1933 1426 2038 1482 que
2068 1410 2312 1465 enimah
2362 1410 2449 1465 his
2499 1411 2752 1466 absentes
2808 1424 2929 1467 esse
2982 1426 3289 1481 possumus,
3325 1413 3522 1485 quibus

1935 1518 2037 1557 nos
2065 1503 2391 1573 ubicumque
2420 1505 2611 1572 positis
2642 1504 2777 1560 ﬁdes
2824 1514 3003 1560 tamen
3056 1519 3161 1559 una
3211 1508 3511 1578 conjungit.

1934 1595 2071 1650 Nolo
2121 1611 2218 1650 nos
2263 1608 2489 1665 corpore
2536 1597 2637 1650 isto
2685 1598 2921 1665 censeri,
2955 1596 3111 1667 cujus
3166 1600 3515 1668 prasentiam

1932 1686 2229 1757 Apostolus
2274 1686 2511 1757 assignat
2564 1687 2832 1742 inﬁrmam
2882 1688 2967 1758 (ll
3025 1689 3145 1743 Cor.
3180 1705 3236 1756 ς,
3264 1688 3375 1760 10).
3409 1690 3525 1746 illic

1932 1796 2141 1848 sumus,
2176 1781 2195 1820 ί
2231 1784 2322 1853 qui
2350 1783 2495 1853 quod
2523 1782 2634 1838 illic
2672 1796 2771 1854 pro
2811 1784 3067 1839 omnibus
3112 1784 3290 1855 agitur
3320 1785 3524 1856 cogita-

1857 1872 1905 1937 B
1933 1891 2053 1931 mus
2085 1893 2098 1930 :
2130 1875 2441 1945 spiritaliter
2485 1878 2715 1947 agimus,
2750 1877 2899 1947 quod
2951 1877 3308 1948 corporaliter
3355 1892 3517 1949 agere

1935 1984 2045 2025 non
2072 1970 2337 2025 videmur.
2382 1969 2589 2025 Studeo
2616 1971 2783 2039 quieti
2837 1969 3146 2035 catholicae,
3177 1970 3370 2026 studeo
3404 1984 3525 2039 per-

1935 2068 2111 2120 euntis
2139 2064 2319 2133 saluti,
2351 2065 2396 2121 si
2435 2075 2617 2119 tamen
2656 2066 2889 2121 voluerit
2933 2065 3309 2136 aegritudinem
3354 2068 3526 2122 conli-

1936 2156 2059 2211 teri.
2110 2157 2265 2225 Quod
2310 2158 2431 2213 ideo
2475 2158 2727 2226 dicimus,
2761 2174 2829 2214 ne
2884 2159 3087 2215 volenti
3140 2174 3199 2216 se
3247 2160 3526 2231 corrigere

1937 2249 2159 2305 forsitan
2192 2252 2383 2306 deesse
2434 2252 2731 2308 videamur.
2764 2252 2899 2308 Nam
2925 2254 2971 2308 si
3019 2261 3074 2309 et
3119 2252 3279 2309 nobis
3310 2262 3337 2302 ε
3364 2254 3528 2310 susti-

1937 2346 2189 2399 nentibus
2239 2361 2399 2400 uvam
2424 2344 2560 2416 (Isa.
2585 2364 2638 2417 v,
2672 2347 2731 2418 2)
2760 2390 2773 2415 ,
2820 2350 3009 2418 spinas
3057 2350 3160 2405 sﬂti
3211 2348 3522 2415 addiderit;

1940 2437 2255 2506 impleatur,
2286 2439 2630 2495 manentibus
2650 2442 2873 2496 statutis-
2899 2442 3190 2511 prioribus,
3231 2443 3312 2497 sui
3348 2441 3527 2497 fructu

1937 2529 2160 2600 judicii;
2193 2531 2417 2601 colligat
2434 2532 2577 2601 quod
2608 2532 2760 2587 sulco
2783 2532 3055 2589 diabolico
3085 2534 3394 2598 seminavit,
3421 2548 3527 2588 non

1938 2634 2127 2680 nostro
2180 2626 2429 2691 consilio,
2460 2626 2554 2681 sed
2600 2641 2659 2682 se
2699 2627 2976 2695 periturus
3007 2627 3035 2664 ιι
3060 2636 3306 2684 auctore.
3332 2626 3531 2683 Probet

1939 2732 2041 2771 nos
2056 2718 2268 2773 veloces
2298 2718 2465 2789 pedes
2502 2718 2573 2773 ad
2599 2718 2983 2775 eﬁ‘undendum
3018 2716 3527 2791 sanguinem(Psat.

1938 2825 2057 2876 sin,
2087 2809 2141 2881 5)
2185 2826 2289 2865 non
2336 2812 2559 2877 habere,
2592 2812 2809 2883 quando
2858 2813 2961 2870 sibi
3006 2815 3169 2870 etiam
3219 2813 3525 2870 remedium

1940 2912 2232 2974 cognoscat
2261 2905 2522 2959 oblatum.

2024 3000 2081 3055 4.
2116 2999 2208 3053 His
2238 3009 2417 3053 autem
2447 3011 2581 3069 quos
2604 3012 2727 3070 erga
2755 2999 3076 3055 Catholicam
3108 3000 3270 3056 ﬁdem
3297 3009 3387 3056 tua
3416 2998 3531 3056 fra-

1942 3090 2377 3148 ternitasdicitse
2400 3091 2603 3147 habere
2626 3094 2981 3162 suspectos,si
3004 3091 3532 3163 scriptadireserint,

1942 3200 2041 3257 pro
2068 3187 2323 3257 qualitate
2356 3200 2533 3240 rerum
2561 3186 2645 3240 eis
2681 3198 2779 3241 nos
2805 3184 3142 3255 respondere
3163 3199 3390 3241 necesse
3415 3196 3522 3241 est.

229 3282 365 3353 quia
384 3279 729 3335 induciarutn
762 3288 979 3350 tempus
1004 3292 1284 3335 emensum
1312 3287 1419 3346 est,
1443 3280 1708 3335 sententia
1736 3279 1834 3333 du-
1862 3276 1907 3342 C
1938 3278 1997 3333 1n
2026 3293 2133 3347 quo
2160 3278 2377 3349 negotio
2405 3290 2567 3333 nemo
2604 3278 2891 3347 subripiet,
2931 3277 2945 3313 ί
2974 3278 3104 3348 quin
3138 3284 3250 3333 leta
3280 3278 3537 3333 cautione

230 3372 366 3428 dum
405 3373 516 3427 lata
557 3372 836 3443 perduret.
887 3372 1062 3442 Super
1098 3372 1214 3427 huc
1248 3379 1274 3409 ο
1303 3372 1516 3443 utrique
1556 3372 1829 3427 consulta-

233 3466 392 3521 tione
435 3464 711 3520 communi
749 3477 1091 3519 communem
1135 3464 1421 3519 Dominum
1459 3463 1827 3520 consulamus.

236 3662 411 3713 capp.
460 3644 579 3702 6—9.
625 3644 901 3701 Posterior
953 3655 1134 3701 autem
1190 3645 1459 3712 Nestorii,
1513 3648 1567 3701 in
1620 3647 1852 3703 concilio

236 3718 532 3790 Epltesino
561 3718 727 3790 act.l
778 3732 901 3787 pag.
948 3715 1051 3773 ιθι
1104 3719 1273 3784 lecta,
1323 3720 1595 3773 communi
1627 3720 1848 3773 Patrum

237 3788 465 3846 calculo
490 3788 773 3857 reprobata
804 3800 907 3843 est.

313 3871 342 3898 ³
379 3860 555 3916 Gartt.
589 3860 680 3915 hic
699 3860 917 3928 adjecit,
941 3860 1186 3929 piissimis
1207 3860 1625 3929 imperatoribus.
1652 3861 1849 3916 Horum

238 3948 436 3995 sacra,
470 3947 578 4000 qua
606 3930 847 4001 episcopi
888 3930 954 3985 ad
994 3931 1323 4003 Ephesinam
1350 3933 1617 4003 synodum
1652 3945 1851 3987 vocan-

239 4014 359 4065 tur.
397 4004 667 4058 habeturt
700 4012 841 4072 part.
872 4004 1073 4057 concil.
1104 4002 1302 4071 Ephes.
1334 4002 1391 4056 ε.
1414 4003 1503 4059 59.

313 4076 347 4115 b
394 4075 601 4129 Locum
634 4075 777 4129 hunc
810 4076 880 4128 ita
910 4076 1176 4128 resarcire
1210 4084 1438 4129 conatus
1468 4084 1551 4129 est
1583 4074 1846 4129 Garner.:

242 4147 720 4201 Dubitationcm...
754 4146 1137 4213 inquisitionem
1179 4145 1467 4217 diﬁcilem,
1502 4158 1593 4199 nec
1636 4147 1850 4217 impedi-

243 4228 425 4273 mento
453 4218 681 4286 futuram
704 4232 811 4270 esse
846 4217 912 4269 ad
953 4226 1254 4271 tractatum.
1274 4215 1621 4282 ,Conﬁrmarc
1643 4215 1851 4271 videtur

243 4288 539 4345 Nestorius
570 4287 714 4357 quod
746 4288 1078 4357 prmmiserat
1100 4328 1113 4349 ,
1148 4290 1503 4358 quaestionem
1552 4289 1761 4345 scilicet
1784 4290 1850 4343 de

244 4361 472 4437 sum
496 4360 935 4437 νοτωθοιιὲῐιεπτ.
963 4361 1304 4437 semotus:
1335 4374 1404 4437 ξπ
1446 4360 1686 4437 statim
1716 4373 1852 4429 Dm

244 4431 553 4486 ferendum
576 4432 666 4494 sit,
692 4429 825 4485 nihil
849 4429 1142 4499 quidquam
1161 4430 1491 4485 difﬁcultatis
1519 4432 1847 4496 habituram,

244 4518 356 4557 nec
404 4502 792 4569 impedimento
822 4502 937 4556 fore
983 4502 1271 4572 quominus
1299 4500 1499 4556 Christi
1536 4501 1709 4556 deitss
1740 4511 1850 4556 tra-

247 4583 440 4629 ctetur
462 4582 518 4627 et
543 4582 834 4627 asseratur.

331 4656 355 4683 ε
394 4644 609 4713 Scripta
636 4645 759 4699 Maii
784 4645 812 4698 7
837 4660 979 4699 anno
1007 4644 1137 4701 431.
1170 4644 1318 4699 Hanc
1344 4653 1522 4699 autem
1564 4645 1847 4713 epistolam

248 4731 363 4770 una
414 4731 535 4771 cum
591 4715 959 4786 subsequente
988 4717 1052 4770 19
1086 4717 1288 4785 primus
1333 4715 1597 4771 Baronius
1647 4716 1712 4769 ad
1752 4727 1851 4770 an-

250 4804 395 4843 num
440 4788 538 4841 451
588 4787 641 4841 in
681 4787 861 4842 lucem
905 4788 1102 4841 emisit.
1144 4787 1249 4840 Eas
1277 4796 1557 4855 acceperat
1585 4788 1653 4840 ab
1680 4786 1847 4842 Anto-

252 4861 354 4914 nio
402 4859 470 4913 de
522 4858 755 4926 Aquino,
789 4859 879 4928 qui
924 4858 1320 4928 pontiﬁciarutn
1364 4858 1713 4927 epistularum
1743 4874 1841 4910 an-

251 4931 501 4985 ctarium
544 4938 672 4984 tunc
712 4932 1096 4984 meditabatur.
1126 4928 1174 4983 1s
1201 4928 1368 4983 dubio
1397 4929 1582 4998 procul
1612 4929 1847 4984 indicas-

258 5010 352 5055 set
384 5000 527 5054 nnde
558 5001 679 5054 illas
710 5009 949 5066 eruerat,
970 5001 1015 5054 si
1056 5000 1369 5054 meditatum
1406 5013 1541 5069 opus
1588 4998 1849 5069 perﬁcere

340 5074 556 5126 luisset.
596 5069 794 5126 Verum
841 5088 964 5126 cum
1006 5080 1130 5126 ante
1178 5072 1285 5124 vita
1329 5072 1401 5125 sit
1426 5071 1662 5135 iunctus,
1705 5072 1849 5126 istud

304 5154 536 5197 actenus
567 5144 744 5197 latuit.
770 5142 959 5197 Nullus
988 5153 1165 5197 tamen
1194 5142 1406 5197 videtur
1428 5143 1737 5213 ambigendi
1766 5144 1849 5197 lo-

260 5230 366 5269 cus
409 5215 537 5283 quin
563 5229 628 5269 ex
678 5213 855 5285 aliquo
903 5213 1166 5285 Ephesini
1195 5214 1406 5285 concilii
1448 5213 1641 5269 Latino
1668 5230 1853 5269 exem-

257 5284 761 5356 plari,cnjusmodi
805 5284 967 5339 unum
1026 5292 1275 5356 asservat
1317 5284 1567 5340 Ecclesia:
1599 5286 1852 5340 Bellova-

186 5368 209 5397 ι
259 5350 453 5411 censis
490 5350 833 5422 bibliotheca,
866 5366 1033 5411 ertttre
1064 5356 1193 5411 sint.
1224 5354 1519 5419 Prmterea,
1552 5358 1692 5411 inter
1733 5372 1845 5411 mo-

189 5424 201 5451 ἴ

188 5427 211 5483 ἒ
262 5427 519 5483 nimenta

194 5497 203 5511 1

555 5438 673 5496 quae
704 5426 880 5482 Lucas
911 5428 1219 5483 Holstenius
1270 5427 1351 5481 vel
1388 5437 1443 5480 ut
1490 5442 1646 5491 nova,
1682 5427 1762 5481 vel
1799 5436 1855 5481 et

220 5496 225 5511 ‘
262 5498 339 5554 ad
370 5507 585 5554 veteres
613 5497 831 5554 codices
854 5501 1069 5566 collata,
1102 5498 1317 5569 collegit
1346 5507 1400 5552 et
1427 5498 1665 5553 editione
1695 5498 1855 5568 digna

262 5570 627 5635 existimavit,
660 5572 989 5640 autographa
1029 5571 1195 5639 ipsius
1234 5570 1485 5640 exempla
1518 5572 1571 5624 in
1617 5570 1856 5636 percele-

267 5641 361 5695 bri
419 5640 743 5695 bibliotheca
794 5639 1087 5696 Barberina
1138 5639 1504 5709 reperiuntur.
1563 5641 1858 5711 Utramque

269 5712 469 5781 Steph.
488 5711 735 5767 Baluzius
758 5728 881 5766 nov.
908 5712 1244 5767 coll.concil.
1278 5726 1398 5781 pag.
1424 5712 1532 5767 492
1560 5721 1616 5767 et
1644 5712 1855 5778 “Lex

270 5782 686 5837 Bellovacensis
714 5784 916 5839 codicis
948 5784 1050 5837 ﬁde
1074 5784 1259 5839 recudi
1285 5785 1511 5838 curavit.
1546 5784 1599 5838 In
1627 5782 1727 5838 hac
1754 5784 1857 5853 pri-

269 5866 373 5910 ma
402 5870 510 5910 non
539 5856 733 5910 desunt
772 5865 910 5910 nota:
942 5856 1135 5924 quibus
1180 5870 1299 5911 eam
1337 5870 1365 5908 a
1403 5855 1595 5911 Graeco
1624 5870 1858 5923 versam,

282 5936 401 5987 non
421 5940 455 5988 e
480 5925 680 5988 Latino
704 5927 1012 5988 authentico
1042 5926 1371 5995 descriptam
1400 5928 1761 5997 suspicemur.

1941 3380 2219 3427 tractetur.
2265 3370 2398 3426 Data
2443 3372 2600 3426 nonis
2642 3370 2760 3425 Maii
2798 3371 2965 3426 Basso
3006 3379 3065 3425 et
3104 3370 3375 3425 Antiocho
3400 3370 3537 3425 viris

1938 3466 2257 3522 clarissimis
2282 3465 2627 3521 consulibus.

2026 3645 2051 3685 ἀ
2085 3648 2199 3704 Hoc
2240 3657 2343 3716 est,
2386 3664 2451 3704 an
2497 3649 2742 3720 recipere
2788 3648 2980 3720 debeat
3019 3646 3349 3715 Nestorium,
3383 3648 3543 3705 modo

1953 3718 2175 3775 damnet
2224 3735 2345 3791 qum
2397 3722 2557 3791 impie
2596 3718 2759 3791 antea
2793 3719 3139 3790 praedicaret.
3170 3720 3299 3774 Haec
3330 3720 3543 3791 phrasis

1954 3790 2308 3862 interpretem
2339 3790 2553 3847 subolet
2579 3790 2783 3847 (ἔνιπτε
2829 3792 3296 3862 litteraztenacins
3328 3790 3541 3847 haeren-

1953 3864 2275 3987 riegddem
2307 3864 2448 3933 sapit
2474 3870 2527 3919 et
2568 3863 2817 3933 superior
2846 3878 2953 3917 vox
2977 3861 3200 3917 minime
3234 3861 3422 3917 Latina
3458 3864 3515 3915 in

1991 3950 2005 3986 t
2061 3950 2119 3987 cu
2148 3945 2241 3987 ter.

1991 3945 2241 3989 tIft‘cutter.

2007 3934 2320 4076 Ψὲῗξῖἱιε,
2345 4022 2459 4076 qua:
2490 4006 2701 4076 quieris.
2739 4004 2894 4076 Apud
2923 4004 3121 4076 Baron.
3158 4013 3215 4058 et
3239 4004 3448 4069 Belum,
3480 4012 3541 4059 ut

1954 4077 2011 4131 in
2058 4074 2275 4132 schedis
2301 4074 2575 4145 Holsten.,
2608 4074 2826 4147 legitur,
2860 4077 3033 4143 Super
3070 4075 3167 4129 Itac
3197 4078 3414 4147 utique:
3444 4076 3539 4130 sed

1953 4148 2263 4203 emendatio
2311 4159 2495 4203 nostra
2538 4146 2692 4213 nulli,
2731 4159 2882 4217 puto,
2914 4148 3200 4201 temeraria
3241 4146 3513 4217 videbitur

2030 4218 2051 4257 τ
2083 4220 2281 4274 Baron.
2316 4220 2579 4290 Quidquid
2605 4221 2730 4273 illic.
2761 4218 3118 4290 Magisplacet
3146 4232 3267 4272 cum
3299 4218 3539 4281 Baluzie,

1952 4292 2075 4361 quia
2101 4294 2237 4358 quod
2259 4292 2390 4345 illic.
2422 4287 2555 4344 Cum
2590 4290 2829 4361 hominis
2857 4287 3135 4361 praecipua
3165 4290 3391 4361 persistit
3422 4290 3538 4361 ani-

1952 4358 2097 4425 mus,
2124 4374 2295 4430 eaque
2326 4376 2355 4415 a
2393 4364 2557 4417 rebus
2585 4360 2863 4428 corporeis
2891 4358 3276 4427 distinguatur,
3302 4358 3414 4413 illic
3445 4359 3541 4414 ho-

1951 4446 2043 4487 mo
2075 4434 2243 4503 magis
2294 4444 2416 4486 esse
2458 4440 2711 4487 censetur
2750 4430 2837 4485 ubi
2884 4439 2968 4485 est
3005 4437 3213 4500 mente,
3243 4446 3403 4501 quam
3444 4431 3539 4486 ubi

1951 4513 2196 4557 versatur
2225 4516 2473 4573 corpore.

2028 4583 2053 4621 ε
2079 4575 2147 4628 Et
2174 4574 2288 4629 hmc
2314 4571 2415 4628 vox
2452 4574 2808 4644 interpretem
2841 4571 3006 4641 sapit,
3036 4572 3124 4642 qui
3148 4572 3291 4642 quod
3318 4573 3372 4628 in
3395 4572 3543 4629 Gras-

1952 4660 2017 4701 co
2046 4658 2247 4715 anceps
2275 4653 2408 4713 erat,
2444 4646 2577 4699 satis
2605 4643 2729 4715 apte
2759 4643 3091 4715 distinguere
3124 4645 3402 4700 nescierit.
3434 4644 3541 4699 La—

1952 4717 2068 4772 tine
2114 4714 2279 4771 dubia
2326 4717 2517 4787 procul
2563 4714 2889 4771 Ctelestinus
2938 4714 3171 4783 primum
3222 4717 3537 4785 scripserat,

1951 4787 2386 4912 εῗερεειαηιὶὺιιε,
2413 4798 2507 4843 aut
2546 4787 2671 4842 dum
2719 4794 3093 4857 exspectamus,
3125 4801 3234 4841 non
3282 4789 3541 4842 sustinen-

1951 4870 1986 4912 ιι
2024 4876 2104 4912 us.

1950 4870 2104 4914 trbus.

2026 4929 2053 4967 ιλ
2084 4932 2265 5000 Pergit
2293 4930 2624 4986 leestinus
2666 4927 3240 4986 excommunicationis
3282 4927 3539 4985 invidiam

1952 5003 2006 5059 in
2034 5016 2128 5057 eos
2168 5002 2395 5070 rejicere
2424 5004 2513 5071 qui
2538 5002 3095 5071 excommunicantur,
3130 5002 3251 5073 quia
3283 5000 3385 5071 ipsi
3417 5016 3539 5072 per-

1953 5075 2173 5130 ditionis
2196 5088 2308 5127 sute
2332 5084 2587 5128 auctores
2616 5073 2742 5126 sint.

2034 5144 2049 5182 ί
2084 5146 2303 5204 Baron.,
2333 5148 2452 5214 quia
2482 5154 2586 5198 tota
2608 5145 2847 5198 cautione
2876 5154 3150 5200 tractatttr.
3180 5142 3373 5200 Melius
3398 5143 3535 5211 apud

1956 5217 2166 5281 Balnz.,
2194 5216 2442 5284 quin.....
2485 5224 2731 5270 tractetur
2759 5231 2775 5268 :
2806 5215 2909 5269 hoc
2938 5230 3041 5279 est.
3085 5230 3247 5271 nemo
3275 5228 3373 5283 per
3409 5214 3537 5269 sub-

1956 5288 2261 5357 reptionem
2292 5286 2517 5355 efﬁciet,
2546 5298 2603 5341 ut
2643 5301 2751 5340 non
2797 5296 2907 5341 tota
2954 5290 3207 5341 cautione
3253 5292 3534 5357 tractetur.

1959 5356 2074 5413 Hoc
2103 5360 2334 5412 maxime
2359 5358 2563 5413 dictum
2592 5368 2675 5413 est
2699 5358 2925 5412 Joannis
2946 5356 3266 5413 Antiocheni
3285 5356 3543 5411 aliorum~

1962 5445 2069 5499 que
2106 5429 2277 5499 Syria:
2312 5430 2693 5497 episcoporum
2722 5443 2904 5484 causa.
2941 5430 3005 5483 Hi
3030 5430 3226 5498 quippe
3254 5426 3537 5499 duodecim

1962 5498 2432 5555 anathetnatismis
2452 5516 2586 5570 quos
2607 5501 2843 5571 Cyrillus
2862 5500 3107 5568 epistolae
3135 5499 3200 5554 ad
3232 5498 3538 5553 Nestorium

1963 5572 2291 5639 subiecerat,
2323 5570 2512 5626 oﬁ‘ensi
2545 5570 2667 5626 eum
2703 5571 3126 5639 Apollinariana:
3159 5573 3429 5625 hatreseos
3451 5586 3541 5625 su-

1962 5652 2206 5706 spectum
2234 5642 2811 5709 ltabnerunt;indeque
2838 5642 3072 5695 vicissim
3099 5642 3202 5711 ipsi
3231 5640 3458 5712 Cyrillo,
3484 5652 3540 5696 ut

1961 5714 2196 5771 Nestorii
2257 5713 2498 5768 fautores
2550 5728 2614 5768 ac
2658 5713 3077 5782 suﬁ'rngatores,
3128 5713 3365 5781 suspecti
3416 5712 3538 5766 facti

1963 5797 2107 5842 sunt.
2158 5784 2294 5839 Vide
2335 5783 2645 5839 Liberatum
2685 5800 2802 5853 cap.
2851 5787 2905 5837 4.
2934 5783 3173 5841 Joannes
3203 5798 3335 5839 vero
3379 5799 3410 5838 a
3439 5783 3542 5838 Ne-

1965 5858 2121 5913 storii
2152 5856 2473 5911 commentis
2516 5863 2777 5926 quantum
2826 5854 3170 5919 abhorreret,
3198 5856 3426 5926 epistola
3476 5855 3544 5910 ad

1854 6008 1869 6011 ν
1965 5930 2145 5997 ipsum
2180 5927 2490 5990 NcStorium
2511 5916 2711 6000 scripta
2735 5927 3035 5991 luculenter
3055 5916 3332 6000 patefecit.
