3976 6336
607 301 708 373 8M

1388 313 1448 372 S.
1480 312 1885 372 C(ELESTINI
1923 313 1946 372 l
1984 314 2190 373 ΡΑΡΑΕ
2229 314 2593 373 EPISTOLE
2639 315 2727 371 ET
2767 313 3112 374 DECRETA.
3721 341 3794 400 δη

607 423 748 482 tibus
779 433 838 484 et
883 425 1116 495 futuris,
1146 435 1401 498 rogantes
1431 437 1595 499 alque
1637 435 1921 486 servantes
1961 442 2085 499 qua
2129 443 2172 483 at

2277 485 2278 489 η
2304 429 2476 490 ἐπειδὴ
2506 431 2670 492 οὕτως
2709 427 2928 506 εἴρηται,
2974 433 3060 484 καὶ
3107 437 3209 492 τοῖς
3235 433 3384 492 πάλαι
3411 442 3486 495 καὶ
3509 453 3608 507 τοῖς
3641 458 3710 508 νῦν
3733 463 3794 520 ,αι

609 532 796 590 pacem
825 530 953 576 sunt
979 519 1284 577 Jerusalem
1319 519 1438 592 (Ps.
1461 534 1610 588 om,
1636 517 1716 590 6).

675 707 728 764 5.
771 705 1077 763 Direximus
1110 723 1208 778 pro
1238 717 1426 765 nostra
1456 707 1818 764 sollicitudine
1843 714 2061 762 sanctos
2083 704 2194 760 fra-

605 807 715 856 tres
746 808 802 855 et
841 801 1259 857 consacerdotes
1306 809 1545 870 nostros,
1605 802 1886 856 unanimes
1937 799 2090 855 nobis
2139 807 2194 853 et

600 893 1010 962 probatissimos
1041 894 1205 960 viros,
1230 893 1518 948 Arcadium
1553 901 1609 950 et
1637 892 1941 962 Projectum
1975 892 2190 960 episeoo

598 997 716 1054 pos,
749 996 802 1040 et
831 984 1133 1054 Philippum
1161 985 1534 1057 presbyterum
1565 995 1834 1050 nostrum,
1854 984 1950 1053 qui
1977 983 2044 1038 iis
2069 997 2190 1053 qua:

597 1087 828 1145 guntur
856 1077 1124 1143 intersint,
1152 1085 1206 1132 et
1225 1092 1344 1147 quae
1368 1093 1398 1132 a
1433 1077 1587 1132 nobis
1615 1086 1741 1132 ante
1772 1085 1974 1130 statuta
2006 1083 2132 1130 sunt
2163 1083 2189 1112 α

596 1177 977 1238 exsequentes.
1007 1168 1214 1236 Quibus
1250 1169 1612 1238 praestandum
1640 1183 1670 1222 a
1697 1177 1874 1224 vestra
1904 1169 2189 1224 sanctitate

597 1276 704 1316 non
735 1262 1047 1318 dubitamus
1085 1277 1387 1326 assensum,
1431 1261 1648 1334 quando
1676 1261 1728 1316 id
1756 1261 1899 1331 quod
1940 1259 1966 1299 δ
2017 1263 2190 1329 agitur

597 1352 839 1408 videatur
865 1369 962 1424 pro
1003 1355 1325 1411 universalis
1364 1354 1622 1410 Ecclesiae
1664 1358 1952 1409 securitate
1999 1351 2184 1407 decre-

597 1453 729 1502 tum.
765 1457 786 1486 ο
812 1448 944 1505 Data
972 1465 1066 1506 vtn
1095 1449 1216 1506 idus
1242 1449 1385 1518 Maii,
1415 1449 1585 1506 Basso
1610 1457 1665 1505 et
1688 1448 1960 1505 Antiocho
1987 1463 2183 1504 consu-

595 1534 755 1594 libus.

2298 530 2404 583 τοῖς
2433 523 2692 593 μέλλουσι,
2728 521 3133 601 παρακαλοῦντες
3163 527 3244 580 καὶ
3279 527 3514 596 σώζοντας
3536 538 3594 594 τὰ
3617 543 3674 603 εἰς

2297 637 2381 676 νην
2411 624 2472 691 τῇ
2501 615 2855 690 Ἰερουσαλήμ.

2366 709 2752 779 ,Απεστείλαμεν
2781 714 2870 768 τὴν
2907 711 3155 784 ἡμετέραν
3191 710 3570 786 ἀναδεχομένους
3595 730 3789 800 φροντίδα⁵

2295 808 2416 865 τοὺς
2448 805 2624 876 ἁγίους
2655 803 2893 876 ἀδελφοὺς
2924 807 3008 857 καὶ
3047 805 3455 881 συλλειτουργοὺς
3482 815 3621 883 ἡμῶν,
3647 818 3792 894 amata;

3697 549 3790 622 εὶρὴ-

2297 919 2432 969 χους
2461 900 2576 968 ἡμῖν
2596 899 2682 950 καί
2710 894 3192 966 δεδοκιμασμένους,
3223 898 3471 972 ’Δρκὰὂιον
3499 907 3575 957 καὶ
3599 909 3792 980 Προῖεκτιν

2293 993 2621 1054 ἐπισκόπους,
2657 994 2739 1044 καὶ
2766 991 3008 1044 Φίλιππον
3050 991 3133 1044 τόν
3163 991 3396 1067 ἡμέτερον
3422 997 3739 1075 πρεσϐύτερον,
3763 999 3792 1060 οἶ

2291 1093 2399 1144 τοῖς
2428 1085 2799 1159 πραττομένοις
2824 1083 3151 1157 παρέσονται,
3185 1084 3269 1134 καὶ
3294 1085 3358 1136 τὰ
3392 1086 3508 1160 παρτ
3540 1088 3659 1157 ἡμῶν
3683 1093 3792 1149 πάλαί
3895 1104 3897 1170 ἵ

2291 1175 2560 1250 ὁρισθέντα
2600 1175 2975 1228 ἐκϐιϐἀσουσιν.
3009 1169 3094 1233 Οἷς
3149 1175 3533 1244 παρασχιθῆναι
3569 1183 3689 1254 ποιρά
3730 1193 3791 1244 τῆς

2292 1267 2548 1342 riparipa;
2596 1265 2865 1338 ἁγιότητος
2915 1267 3006 1317 οὐκ
3061 1263 3425 1336 ἀμφιϐάλλομεν
3473 1269 3790 1338 συγκατάθεσιν,

2290 1356 2466 1416 ἐπειδὴ
2490 1364 2661 1420 τοῦτο,
2694 1354 2818 1430 ὅπερ
2849 1354 2907 1409 ἃν
2934 1361 3113 1427 γνῶτε,
3146 1353 3264 1428 δοκῇ
3293 1357 3422 1430 ὑπὲρ
3449 1363 3532 1418 τῆς
3556 1367 3706 1416 πασῶν
3723 1369 3791 1416 τῶν

2289 1452 2557 1510 ἐκκλησιῶν
2585 1451 2885 1527 ἀμεριμνίας
2913 1450 3189 1524 κεκρίσθαι.

1945 1633 1973 1674 ἀ
2015 1633 2349 1692 EPISTOLA
2390 1634 2533 1692 XIX.

1541 1745 1841 1786 C(ELES'I'INI
1873 1746 2022 1784 ΡΔΡΛΕ
2054 1747 2120 1784 ΑΙ)
2155 1743 2492 1784 τεεοοοδιωι
2518 1743 2916 1784 ιιιιδειιλτοιιικ.

817 1820 867 1875 Ν
873 1837 900 1876 e
927 1823 1051 1891 quid
1079 1823 1300 1878 turbide
1327 1825 1567 1879 novitatis
1597 1824 1894 1878 auctoribus
1923 1824 2203 1894 permittat.
2229 1820 2487 1892 Majorem
2508 1822 2610 1892 ipsi
2635 1838 2740 1875 esse
2770 1819 2951 1874 debere
2971 1819 3095 1889 ﬁdei
3117 1833 3296 1872 curam
3323 1835 3471 1889 quam
3487 1822 3636 1892 regni.

731 1933 1084 1992 Casus'rtnus
1109 1939 1395 2010 episcopus
1428 1939 1737 1995 Tnsonosm
1767 1939 2030 2010 Augusto.

661 2029 713 2084 l.
756 2029 999 2084 Sufﬁciat
1022 2031 1147 2086 licet
1167 2031 1309 2100 quod
1333 2031 1640 2087 sollicitudo
1657 2042 1852 2086 vestra:
1875 2030 2174 2087 clementia:

591 2118 731 2173 circa
771 2118 895 2174 ﬁdei
945 2120 1224 2176 catholicae
1271 2121 1665 2188 defensionem,
1717 2123 1801 2177 cui
1848 2137 1947 2192 pro
1975 2121 2174 2176 Christi

589 2211 686 2268 Dei
714 2215 886 2269 nostri
908 2229 1094 2270 amore
1124 2217 1212 2286 qui
1247 2217 1408 2273 vestri
1439 2217 1648 2286 imperii
1674 2225 1853 2273 rector
1877 2226 1959 2273 est
1985 2217 2175 2272 adesse

587 2303 762 2361 modis
785 2307 1035 2362 omnibus
1061 2307 1356 2373 festinatis,
1377 2309 1644 2379 integram
1669 2310 2175 2379 immaculatantque

586 2410 728 2464 eam,
757 2413 1042 2468 pravorum
1063 2400 1376 2470 dogmatum
1406 2401 1663 2457 damnato
1679 2417 1891 2468 errore,
1914 2404 2171 2466 servatis;

587 2488 640 2544 in
678 2489 780 2544 hoc
808 2503 1023 2560 semper
1053 2492 1327 2547 munimen
1371 2492 1538 2547 vestri
1569 2494 1966 2546 constituentes
2006 2493 2176 2562 impe-

586 2583 683 2645 rii,
713 2583 948 2638 scientes
981 2597 1207 2653 regnum
1242 2593 1487 2639 vestrum
1520 2593 1720 2638 sanctae
1758 2583 2034 2654 religionis
2076 2585 2174 2637 ob.

584 2677 852 2732 servantia
881 2678 1271 2731 communitum
1303 2678 1511 2732 ﬁrmius
1537 2677 1851 2732 duraturum
1878 2695 1890 2731 :
1923 2676 2018 2733 sed
2052 2677 2175 2732 huic

582 2765 790 2823 cmlesti
811 2782 962 2823 curm
983 2769 1066 2823 vel
1093 2769 1282 2839 gloria
1304 2770 1671 2839 unusquisque
1695 2778 1936 2823 nostrum
1967 2783 2064 2836 pro
2090 2783 2175 2821 sa-

579 2858 840 2914 cerdotali
871 2859 1054 2914 ofﬁcio
1089 2875 1310 2930 operam
1345 2869 1610 2926 nostram,
1642 2861 1695 2914 in
1739 2868 2000 2929 quantum
2026 2859 2175 2914 vale-

579 2964 722 3018 mus,
755 2950 1151 3022 impendimus;
1183 2962 1239 3008 et
1279 2951 1405 3007 huic
1430 2953 1642 3024 synodo
1667 2967 1829 3021 quam
1867 2965 1987 3006 esse
2009 2951 2172 3018 jussi-

577 3045 697 3112 stis,
726 3054 963 3100 nostram
1006 3047 1352 3116 praesentiam
1389 3046 1440 3100 in
1471 3046 1554 3100 his
1584 3059 1720 3116 quos
1749 3044 1995 3099 misimus
2014 3044 2170 3098 exhi.

576 3133 806 3202 bemus,
852 3137 1106 3206 pietatem
1155 3147 1393 3193 vestram
1451 3139 1553 3192 sub
1601 3137 1774 3192 divini
1822 3138 2173 3192 obsecrantes

575 3228 940 3285 obtestatione
963 3230 1178 3300 judicii,
1211 3246 1281 3286 ne
1308 3229 1437 3300 quid
1469 3229 1698 3284 turbidae
1740 3229 1962 3284 novitati
2007 3229 2172 3284 licere

2207 1944 2258 2006 Β
2288 1946 2578 1990 terrarum.
2628 1933 3040 2002 Subsequutttur
3091 1934 3238 1988 enim
3271 1935 3447 1988 omnia
3488 1951 3723 2006 prospera,
3759 1926 3790 1994 si

2280 2030 2531 2101 primitus
2557 2043 2675 2098 quae
2708 2029 2820 2082 Deo
2841 2035 2968 2082 sunt
2991 2026 3238 2081 chariora
3269 2037 3556 2082 serventur.
3579 2029 3790 2086 Abraham

2281 2121 2388 2177 ﬁde
2414 2122 2619 2188 ﬂoruit,
2649 2134 2973 2190 omnemque
3003 2119 3190 2174 orbem
3213 2119 3382 2190 gloria
3404 2135 3510 2175 sua:
3536 2130 3558 2158 ο
3578 2123 3794 2190 posterita-

2280 2214 2350 2268 tis
2370 2213 2635 2282 implevit.
2659 2211 2869 2283 Moyses
2893 2212 3072 2280 pOpuli
3103 2211 3364 2265 liberator
3388 2211 3498 2266 zelo
3521 2211 3796 2269 Dominic0n~

2281 2312 2366 2359 tra
2393 2319 2486 2358 eos
2509 2319 2588 2368 se,
2615 2317 2750 2372 quos
2776 2319 2805 2356 a
2829 2302 2925 2356 Dei
2945 2316 3075 2356 vero
3103 2301 3254 2355 cultu
3277 2302 3558 2356 recessisse
3580 2303 3793 2372 probaret,

2279 2397 2532 2452 armavit.
2567 2396 2732 2450 David
2773 2410 2955 2465 regem
3005 2410 3100 2449 sua
3151 2403 3417 2464 praecepta
3465 2403 3727 2448 servantem
3758 2394 3796 2448 in

2279 2507 2470 2562 regno,
2501 2499 2561 2544 ut
2592 2491 2669 2544 illi
2720 2489 2968 2544 inimicos
2999 2503 3126 2543 suos
3167 2487 3446 2553 subderet,
3479 2486 3702 2542 Dominus
3731 2501 3796 2540 cu-

2280 2585 2521 2639 stodivit.
2579 2583 2674 2638 His
2726 2598 2856 2654 rogo
2906 2581 3285 2651 exemplorum
3341 2580 3513 2635 vallati
3567 2578 3796 2648 prasidio,

2285 2680 2304 2718 ί
2340 2679 2466 2746 iide,
2496 2679 2896 2744 observatione,
2926 2676 3154 2744 virtute,
3187 2673 3504 2730 universalis
3527 2671 3740 2726 Ecclesia:
3762 2671 3801 2725 in

2279 2771 2448 2827 Deum
2475 2783 2715 2826 nostrum
2737 2772 3033 2840 piissimum
3049 2769 3283 2834 cultum,
3318 2783 3385 2824 ne
3411 2767 3507 2821 sibi
3533 2763 3798 2835 aliquiddit—

2279 2865 2458 2920 sensio
2480 2865 2736 2931 vindicet,
2770 2865 3060 2919 custodite.
3087 2863 3192 2918 Pro
3211 2873 3241 2910 ε
3268 2871 3456 2917 vestro
3477 2863 3609 2916 enim
3630 2858 3803 2928 imperio

2277 2958 2483 3027 geritur
2508 2957 2767 3028 quidquid
2799 2973 2894 3025 pro
2921 2957 3106 3027 quiete
3147 2954 3409 3011 Ecclesiae
3439 2952 3519 3008 vel
3544 2961 3716 3008 sanctae
3737 2964 3800 3004 re-

2277 3048 2490 3119 ligionis
2521 3049 2822 3103 reverentia
2859 3049 3158 3102 laboratur.

2349 3139 2402 3192 5.
2446 3138 2591 3205 Haec,
2619 3137 3011 3208 gloriosissime
3037 3146 3093 3192 et
3114 3134 3552 3205 tranquillissime
3571 3133 3804 3202 imperator

2277 3242 2520 3301 auguste,
2554 3246 2673 3301 qua:
2719 3229 2773 3284 in
2802 3238 2982 3285 vestro
3011 3229 3177 3284 corde
3205 3243 3332 3284 esse
3382 3227 3632 3291 novimus,
3675 3223 3804 3277 Deum

577 3329 753 3376 vestra
777 3323 1133 3378 mansuetudo
1155 3324 1450 3393 permittat,
1475 3337 1612 3378 neve
1639 3322 1862 3376 facultas
1884 3322 2059 3391 aliqua
2086 3321 2171 3378 his
2197 3338 2244 3404 ρ
2276 3324 2386 3380 illic
2411 3323 2590 3379 inesse
2618 3339 2722 3378 non
2741 3322 2911 3388 dubii,
2937 3322 3180 3392 angustis
3209 3323 3377 3377 etiam
3397 3319 3606 3374 auribus
3628 3332 3706 3386 per
3727 3315 3804 3370 fra-

576 3416 664 3484 qui
689 3413 888 3469 divina:
917 3415 1216 3486 maiestatis
1250 3416 1544 3486 potentiam
1557 3417 1624 3511 .in
1657 3416 1905 3469 humanae
1935 3415 2174 3485 disputa-

575 3507 738 3561 tionis
770 3509 1030 3564 rationem
1055 3521 1264 3565 arctare
1292 3507 1644 3580 contendunt,
1681 3525 1788 3581 quo
1826 3511 2173 3579 perturbetur

574 3612 678 3674 pax
702 3603 1088 3668 ecclesiastica,
1117 3604 1407 3658 tribuatur.

642 3691 698 3748 2.
734 3693 903 3765 Major
933 3697 1090 3752 vobis
1109 3697 1232 3752 fidei
1253 3711 1420 3752 causa
1445 3696 1607 3752 debet
1628 3711 1772 3762 esse,
1797 3712 1957 3764 quam
1982 3698 2166 3767 regni;

575 3785 910 3858 ampliusque
946 3804 1044 3860 pro
1076 3804 1204 3858 pace
1244 3788 1610 3844 Ecclesiarum
1655 3789 1942 3843 clementia
1991 3797 2168 3842 vestra

579 3876 741 3936 debet
763 3894 884 3938 esse
931 3881 1183 3948 sollicita,
1227 3896 1387 3952 quam
1441 3895 1538 3952 pro
1579 3881 1822 3937 omnium
1876 3881 2168 3937 securitate

2278 3429 2390 3474 tres
2416 3427 2470 3473 et
2507 3419 2856 3488 coepiscopos
2887 3432 3037 3473 meos
3065 3415 3361 3472 Arcadium
3391 3422 3444 3470 et
3470 3412 3808 3481 Projeetum,ct

2277 3512 2779 3584 compresbytcrum
2818 3527 2995 3567 meum
3043 3509 3377 3580 Philippum,
3423 3521 3555 3578 quos
3591 3504 3806 3565 misimus,

2277 3605 2606 3670 intimamus,
2629 3605 2729 3658 hoc
2751 3621 2778 3657 a
2803 3605 3001 3674 pietate
3026 3613 3202 3658 vestra
3236 3601 3548 3674 suppliciter
3567 3598 3808 3668 deposcen-

2275 3705 2377 3763 tes,
2407 3696 2546 3766 quod
2577 3711 2673 3752 vos
2703 3696 2902 3752 habere
2929 3695 3213 3751 credamus
3264 3696 3318 3750 in
3357 3693 3528 3759 vobis,
3571 3701 3620 3745 ut
3654 3685 3809 3758 quod:

2275 3788 2386 3844 Deo
2413 3791 2618 3858 petitis,
2648 3790 2749 3844 hoc
2766 3789 2822 3844 in
2849 3788 2973 3844 ﬁdei
2999 3788 3170 3860 ipsius
3183 3802 3349 3843 causa
3375 3783 3647 3855 prtestetis.
3670 3777 3696 3817 δ
3713 3779 3810 3833 Data

2273 3881 2451 3938 idibus
2475 3882 2619 3949 Maii,
2655 3883 2821 3939 Basso
2851 3892 2906 3938 et
2932 3881 3203 3938 Antiocho
3233 3879 3551 3937 consulibus

1929 4015 1946 4054 ί
1994 4015 2337 4075 EPISTOLA
2376 4019 2478 4074 XX
2493 4061 2510 4087 ,

997 4145 1094 4187 ειυ
1125 4146 1356 4188 ΒΙΙιΔΤΙΟ
1380 4147 1524 4196 QUAI
1565 4146 1769 4187 εΑΝοτΑ
1817 4143 2049 4186 εῖΝοουε
2079 4146 2172 4184 ΕΡΙ

2277 4147 2343 4186 ΝΔ
2371 4149 2438 4186 ΑΙ)
2463 4148 2822 4189 εωιιετικυιι
2867 4148 3043 4188 PAPAI
3087 4145 3406 4187 TRANSIISI'I'
3424 4171 3436 4192 ,

1233 4223 1300 4278 In
1321 4241 1422 4290 qua
1440 4238 1558 4295 qua:
1580 4224 1633 4276 in
1654 4225 1770 4294 ipsa
1797 4231 1976 4278 sancta
2005 4231 2052 4275 et
2082 4238 2270 4293 magna
2299 4224 2495 4293 synodo
2541 4237 2682 4295 gesta
2712 4235 2830 4279 sunt
2856 4226 3198 4294 explicantur.

572 4339 921 4398 Banctissimo
957 4349 1013 4395 et
1058 4341 1501 4395 reverentissimo
1549 4335 1924 4392 comministro
1971 4351 2159 4391 emus-

643 4427 796 4468 STINO
823 4421 1006 4467 sancta
1035 4411 1294 4482 synodus,
1323 4425 1442 4482 qua:
1473 4408 1765 4464 secundum
1801 4409 1890 4482 Dei
1915 4410 2156 4482 gratiam

642 4493 961 4553 congregata
990 4479 1079 4537 est
1100 4483 1154 4536 in
1188 4479 1546 4552 Ephesiorum
1571 4479 1876 4548 metropoli,
1911 4479 1924 4527 ἑ
1966 4479 2018 4533 in
2051 4480 2159 4532 Do-

643 4554 793 4610 mino
817 4556 1069 4609 salutem.

647 4646 702 4702 1.
741 4646 869 4702 Ture
912 4647 1128 4717 quidem
1159 4645 1459 4701 sanctitatis
1485 4644 1628 4699 circa
1675 4643 1930 4713 pietatem
1965 4641 2112 4696 zelus
2136 4681 2152 4705 ,

646 4795 672 4823 ι
714 4785 897 4852 Forte,
929 4793 1300 4856 exsequantur.

644 4856 672 4895 δ
711 4856 788 4913 Ita
817 4847 945 4911 mss.
980 4847 1099 4911 cum
1135 4855 1264 4909 Lab.
1299 4863 1353 4908 et
1384 4851 1566 4906 Baluz.
1621 4851 1689 4904 At
1741 4847 1881 4915 apud
1933 4847 2158 4914 Baron.,

575 4929 780 5000 legitur,
809 4941 861 4982 et
886 4930 937 4983 in
967 4927 1096 4982 edit.
1123 4927 1286 5000 Bom.
1307 4966 1339 5000 ,_
1359 4923 1548 4994 legitis.
1584 4921 1722 4975 Hinc
1752 4920 1972 5000 (imicus
2005 4919 2166 5000 inter-

574 4989 702 5071 pres
738 4989 947 5092 videtur
985 4998 1230 5068 posuisse
1259 4989 1526 5068 ἀνέγνῶτι,
1569 4991 1819 5062 quamvis
1848 5005 1991 5044 nunc
2020 4989 2161 5058 lega-

574 5085 1114 5199 mlis'ﬁiimﬂénn.
1165 5139 1293 5195 451.
1331 5138 1385 5192 In
1437 5135 1566 5192 edit.
1615 5134 1771 5190 Rom.
1821 5132 2164 5188 desideratur

571 5213 823 5270 chr0oica
864 5213 980 5269 haec
1011 5222 1158 5268 nota.

643 5283 670 5323 δ
713 5285 790 5340 Ex
818 5286 1007 5341 iisdem
1039 5283 1279 5340 fontibus
1307 5297 1338 5335 e
1364 5279 1560 5350 quibus
1586 5275 1818 5347 epistola
1850 5273 1915 5328 l7
1958 5274 2024 5328 ad
2062 5287 2162 5330 nos

569 5356 743 5414 ﬂuxit.

645 5438 670 5467 °
711 5428 885 5496 Editi,
934 5425 1290 5497 prosperitatis
1331 5423 1652 5497 implevit...
1717 5417 1900 5497 _Z_el_um
1957 5415 2164 5472 Domini

569 5510 752 5556 contra
777 5489 1096 5570 eos'ai'quo's.
1126 5497 1356 5570 Bectius
1384 5489 1437 5548 in
1469 5491 1686 5548 schedis
1723 5489 2040 5570 llolstett.._..
2074 5505 2166 5557 po-

569 5573 884 5628 ateritatia...
916 5559 1091 5625 zelo...
1125 5568 1280 5624 Unde
1309 5574 1487 5620 contra
1519 5579 1604 5618 eos
1634 5578 1706 5628 se,
1740 5575 1846 5615 non
1879 5560 1944 5629 si,
1981 5559 2163 5631 legen-

570 5642 700 5700 dum
731 5658 852 5698 esse
886 5641 1042 5697 nobis
1063 5640 1327 5695 constitit.

644 5713 668 5756 ί
709 5714 954 5778 Archet.,
996 5712 1137 5779 ﬁdei,
1173 5710 1373 5765 observ.

643 5798 672 5838 ι
700 5788 790 5845 Sic
843 5775 1085 5844 Holstéu.
1123 5775 1208 5840 'At
1255 5781 1343 5843 aii
1395 5779 1552 5847 libri,
1611 5796 1704 5852 pro
1758 5779 1906 5835 vestri
1957 5775 2164 5852 imperii

573 5859 762 5920 "tute.

2266 4340 2528 4413 ’AvapoPéz.
2561 4347 2642 4410 Τῷ
2673 4341 2937 4413 ἁγιωτάτῳ
2965 4343 3045 4413 neti
3075 4339 3462 4409 Θεοσεϐεστὰτῳ
3493 4331 3812 4413 συλλιιτονργῷ

2339 4406 2668 4482 usis-etiame}
2697 4406 2818 4481 ἁγία
2863 4406 3073 4470 σύνοδος
3118 4413 3146 4468 ἡ
3202 4413 3336 4485 κοιτὰ
3376 4406 3512 4485 ΔΘέοῦ
3545 4406 3808 4485 χάρινσσυν·

2344 4480 2653 4552 αχθεῐσκέν
2683 4480 2748 4557 τῇ
2774 4484 3010 4555 Ἐφεσίων
3029 4482 3338 4558 μητροπόλει
3369 4481 3416 4534 ἐν
3448 4480 3599 4552 κυρίῳ
3628 4480 3810 4545 χαίρειν·

2340 4648 2440 4700 Τῆς
2455 4641 2546 4711 μὲν
2569 4648 2664 4699 σῆς
2688 4638 2954 4699 ὁσιότητος
2978 4638 3136 4714 όπερὶ
3159 4642 3248 4696 τήν
3269 4635 3530 4692 εὐσέϐειαν
3547 4631 3694 4696 ζῆλος,
3713 4621 3814 4678 καίή

2190 4780 2246 4842 D
2341 4774 2371 4814 δ
2400 4775 2521 4830 Maii
2544 4775 2612 4828 ‘25
2638 4791 2764 4829 ann.
2796 4774 2923 4830 451.

2348 4847 2363 4884 ί
2404 4847 2459 4900 In
2487 4847 2721 4901 concilio
2745 4846 3022 4911 Epltesino
3050 4846 3190 4900 inter
3223 4854 3376 4910 gesta
3405 4841 3625 4916 actionis
3651 4838 3816 4916 5,.qutc

2271 4935 2412 4974 anno
2430 4917 2556 4982 451,
2590 4917 2715 4972 Julii
2748 4910 2812 4988 l7
2840 4919 2926 4971 die
2955 4918 3133 4970 habita
3159 4927 3402 4979 notatur,
3435 4915 3605 4968 locum
3627 4910 3814 4988 obtinet.

2270 4990 2479 5057 Scripta
2504 4980 2713 5052 Graece,
2746 4987 2994 5042 Latinum
3037 4998 3189 5043 nacta
3227 4997 3314 5043 est
3343 4991 3677 5060 interpretem
3695 4980 3818 5060 litte-

2272 5078 2346 5116 rae
2372 5054 2526 5114 valde
2553 5069 2796 5113 tenacem
2837 5059 3065 5132 ideoque
3096 5076 3124 5111 a
3157 5073 3417 5132 sensuum
3459 5054 3814 5132 perspicuitate.

2272 5147 2342 5188 ne
2372 5133 2545 5185 dicam
2572 5133 2819 5193 veritate,
2849 5125 3112 5186 interdum
3144 5125 3514 5186 recedentem.
3540 5125 3660 5194 Ejus
3683 5125 3816 5175 inter-

2271 5202 2630 5278 pretationem
2660 5201 2958 5278 Nicolan_s___l
2991 5202 3148 5272 epist.
3181 5201 3214 5278 8
3243 5201 3310 5256 ad
3356 5198 3661 5278 Michaelcm
3682 5203 3818 5278 fetu:

2272 5261 2379 5341 ius,
2413 5275 2480 5328 de
2510 5273 2832 5328 auctoritate
2877 5261 3038 5328 illius.
3072 5275 3335 5328 certiores
3368 5285 3467 5326 nos
3508 5267 3646 5324 fecit.
3678 5261 3814 5341 Quam

2273 5347 2344 5400 ob
2369 5339 2373 5341 ’
2398 5360 2618 5400 causam
2667 5345 2985 5414 elegantiori
3026 5360 3144 5400 eam
3189 5341 3578 5412 praeferendam
3608 5351 3668 5391 eo
3695 5339 3818 5404 pacto

2273 5417 2550 5484 duximus,
2581 5427 2636 5469 ut
2671 5416 3098 5471 commodiorem
3129 5417 3242 5471 suis
3271 5415 3406 5469 locis
3439 5420 3712 5480 suggerere
3737 5415 3816 5456 non

2272 5489 2530 5560 piguerit.
2568 5487 2715 5542 Illam
2747 5503 2812 5541 ex
2845 5487 3216 5560 Baluziiinova
3256 5485 3578 5560 collectione
3620 5492 3678 5533 ac
3704 5484 3817 5560 stet"?

2275 5543 2565 5615 iniminatis
2588 5567 2820 5627 quatuor
2870 5575 3001 5612 mss.
3043 5558 3368 5627 descriptam
3414 5543 3817 5627 exhibemus.»

2276 5630 2362 5687 his
2392 5615 2656 5702 exemplar
2686 5631 2942 5702 epistotw_
2956 5631 3160 5702 scripta:
3188 5615 3442 5702 u'aaneta
3471 5623 3659 5702 syugdp
3681 5615 3818 5702 ανίηξζ

2275 5684 2513 5774 episcopo
2529 5684 2881 5774 Romanorum
2903 5684 3172 5774 Caelestino
3195 5684 3528 5774 inscribitur".
3545 5684 3818 5774 Huiusmodi

2275 5766 2601 5843 exemplaria
2632 5771 2816 5843 Latina
2848 5770 3065 5843 Labbeo
3106 5774 3279 5840 ignota
3314 5785 3424 5843 non
3457 5766 3681 5843 fuerunt.

2351 5848 2364 5897 i
2404 5830 2559 5918 A'pud
2585 5843 2718 5903 Lab.
2750 5841 2940 5903 Latine
2968 5830 3235 5902 Celestino
3279 5842 3541 5912 episcow,
3586 5844 3637 5892 et
3668 5830 3820 5887 Greco
