3976 6336
160 390 248 456 813

160 610 252 665 Deo
276 606 442 659 amica
471 604 558 658 vel
586 604 805 674 placens
832 604 1170 669 sollicitudo,
1203 604 1363 673 digna
1389 604 1535 658 omni
1560 604 1723 659 admi-

140 681 341 801 ‘f-atione
377 696 492 751 fuit.
526 696 640 751 Mos
680 706 762 751 est
792 696 935 751 enim
963 697 1112 752 vobis
1135 698 1207 751 ita
1237 698 1447 767 magnis
1476 697 1720 752 existen-

158 790 281 850 tibus
322 792 370 847 iu
404 792 656 846 omnibus
689 791 826 845 bene
857 790 1097 860 probari,
1143 802 1196 845 et
1228 800 1254 827 δ
1307 790 1487 845 omnia
1544 790 1723 846 studia

140 884 495 975 ‘Ecclesiarum
531 894 711 937 vestra
748 880 961 950 prepria
1002 880 1201 936 facere.
1234 882 1495 947 Quoniam
1543 891 1721 937 autem

161 976 422 1048 Oportebat
452 974 633 1028 omnia
659 973 725 1027 ad
753 974 1031 1027 scientiam
1063 982 1167 1028 tua:
1198 975 1503 1029 sanctitatis
1531 974 1722 1030 referri

158 1087 258 1141 quae
284 1070 555 1124 subsecuta
589 1075 735 1135 sunt,
766 1068 1052 1123 scribimus
1097 1071 1432 1135 necessario,
1475 1070 1600 1140 quia
1637 1083 1724 1125 se-

156 1166 365 1220 cundum
425 1164 758 1219 voluntatem
820 1164 1062 1218 omnium
1125 1173 1370 1219 nostrum
1425 1164 1723 1220 Salvatoris

155 1257 353 1323 Christi,
376 1265 426 1310 et
454 1256 751 1311 secundum
786 1256 1001 1311 decreta
1038 1257 1403 1328 piissimorum
1433 1267 1487 1311 et
1511 1267 1721 1311 amato-

154 1366 257 1404 rum
304 1348 495 1403 Christi
561 1351 989 1419 imperatorum,
1053 1352 1364 1420 congregati
1424 1365 1610 1405 sumus
1666 1351 1720 1406 in

153 1443 517 1512 Epltesinorum
545 1444 833 1513 metropoli
865 1460 929 1498 ex
961 1444 1144 1497 multis
1173 1452 1228 1498 et
1251 1444 1479 1499 diversis
1505 1445 1723 1514 provin-

153 1536 235 1589 ciis
265 1535 390 1587 ultra
428 1534 644 1589 ducenti
674 1536 973 1590 existentes
1000 1552 1226 1591 numero
1262 1538 1522 1607 episcopi.
1564 1539 1720 1593 Dein-

152 1628 206 1682 de
236 1626 473 1696 piissimis
495 1627 737 1683 decretis
768 1638 1069 1683 amatorum
1102 1629 1301 1683 Christi
1330 1629 1719 1696 imperatorum

152 1735 232 1788 pcl‘
257 1733 365 1787 qua:
396 1719 575 1771 vOCuti
611 1734 818 1785 sumus,
856 1728 1066 1791 tempus
1103 1719 1130 1757 ι)
1180 1720 1561 1775 deﬁnientihus
1608 1735 1722 1775 ses-

151 1810 268 1865 siuni
295 1819 485 1863 Sanctae
515 1811 705 1881 synodi
735 1811 876 1865 diem
909 1823 1109 1867 sanetae
1147 1812 1517 1879 Pentecostes,
1546 1812 1723 1866 omni-

764 390 981 449 EPlST.
1025 388 1142 449 XX.
1188 391 1435 449 SYNODI
1474 388 1837 450 EPIIESlN/E
1876 393 1969 451 AD
2016 394 2489 455 COELESTINUM
2532 399 2781 457 PAPAM.

161 524 203 572 et
222 509 351 566 circa
381 514 582 563 rectam
640 506 799 562 iidem
853 509 1149 565 Salvatoris
1197 509 1435 563 omnium
1479 518 1714 564 nostrum

1827 515 2065 587 περὶτῆς
2096 515 2244 588 ὀρθῆς
2276 517 2499 577 πίστεως
2541 525 2614 590 τῷ
2659 519 2860 574 πάντων
2900 519 3039 589 ἡμῶν
3083 527 3281 596 σωτῆρι
3314 526 3429 594 θεῷ

3314 402 3426 463 δη

1826 604 1937 677 φίλη
1964 626 2019 659 τε
2043 608 2129 659 καὶ
2166 609 2461 681 άρέσκουσα
2488 612 2713 683 φροντίς,
2742 612 2860 675 ἀξία
2886 614 3075 674 παντὸς
3102 614 3274 685 γέγονε
3301 612 3428 669 θαύ-

1825 717 2008 767 ματος.
2028 693 2176 758 ”Εθος
2196 701 2297 771 γάρ
2328 701 2448 771 ὑμῖν
2484 709 2597 762 τοῖς
2627 702 2760 757 οὕτω
2781 705 3014 777 μεγάλοις
3046 703 3330 775 εὐδοκιμεῖν
3353 706 3431 768 εἰς

1827 788 2049 853 ἅπαντα,
2078 789 2292 865 ἔρεισμά
2320 814 2375 846 τε
2399 800 2497 848 τῶν
2520 794 2791 854 ἐκκλησιῶν
2819 799 2914 859 τὰς
2941 798 3138 853 ἑαυτῶν
3163 801 3429 858 ποιεῖσθαι

1827 881 2079 943 σπουδάς.
2111 883 2314 944 Ἐπειδὴ
2344 883 2398 939 δέ
2441 888 2605 964 ἐχρῆν
2652 886 2855 944 ἅπαντα
2887 892 2957 951 είς
2989 898 3178 961 γνῶσιν
3212 900 3304 952 τῆς
3330 901 3427 953 σῆς

1826 973 2093 1033 ὁσιότητος
2122 976 2454 1047 ἀνενεχθῆναι
2482 980 2548 1032 τά
2587 981 3137 1055 παρακολουθήσαντα,
3170 985 3427 1059 γράφομεν

1825 1068 2136 1139 ἀναγκαίως,
2172 1067 2249 1124 ὅτι
2275 1071 2405 1125 κατά
2432 1070 2674 1143 βούλησιν
2709 1080 2812 1127 τῶν
2855 1076 3058 1130 πάντων
3088 1077 3228 1147 ἡμῶν
3258 1083 3428 1136 anim”-

1823 1183 1914 1238 ρος
1941 1171 2188 1239 Χριστοῦ,
2222 1168 2305 1220 καὶ
2333 1168 2462 1222 κατὰ
2502 1166 2771 1238 θέσπισμα
2799 1174 2899 1221 τῶν
2930 1169 3314 1224 εὐσεϐεστάτων
3343 1172 3428 1223 καί

1824 1254 2169 1329 φιλοχρίστων
2210 1257 2463 1328 βασιλέων
2505 1260 2839 1330 συνήχθημεν
2882 1256 2934 1312 ἐν
2974 1267 3035 1335 τῇ
3063 1259 3297 1332 Ἐφεσίων
3324 1281 3426 1331 μη-

1825 1346 2054 1422 τροπόλει
2084 1350 2137 1401 ἐκ
2164 1350 2358 1403 πολλῶν
2410 1352 2495 1404 καί
2539 1348 2787 1426 διαφόρων
2818 1350 3111 1426 ἐπαρχιῶν,
3143 1353 3275 1427 ὑπὲρ
3304 1355 3428 1413 τοὺς

1825 1434 2115 1499 διακοσίους
2145 1436 2286 1501 ὅντες
2315 1442 2401 1498 τὸν
2433 1442 2642 1516 ἀριθμὸν
2674 1442 2962 1498 ἐπίσκοποι.
2996 1437 3120 1496 Εἶτα
3148 1450 3247 1497 τῶν
3277 1444 3426 1498 εὐσε-

1828 1532 1927 1585 ϐῶν
1969 1534 2333 1606 θεσπισμάτων
2383 1544 2483 1593 τῶν
2531 1537 2882 1613 φιλοχριστῶν
2934 1536 3203 1610 βασιλέων,
3251 1534 3314 1590 δι’
3358 1533 3426 1590 ὦν

1826 1625 2123 1697 κεκλήμεθα,
2176 1629 2347 1704 καιρὸν
2388 1628 2652 1704 ὁριζόντων
2701 1637 2773 1700 τῷ
2824 1628 3073 1701 συνεδρίῳ
3128 1636 3219 1688 τῆς
3275 1626 3427 1697 ἁγίας

1828 1717 2043 1771 συνόδου
2074 1724 2163 1777 τήν
2193 1722 2380 1793 ἡμέραν
2410 1730 2501 1782 τῆς
2531 1720 2678 1792 ἁγίας
2698 1729 3071 1783 πεντηκοστῆς,
3106 1720 3341 1775 ἁπάντων
3372 1720 3426 1776 δέ

1825 1810 2331 1886 συνδεδραμηκότων.
2379 1816 2605 1885 μάλιστα
2648 1812 2731 1870 διά
2771 1816 2832 1870 τὸ
2880 1815 3138 1889 ἐγκεῖσθαι
3178 1822 3298 1875 ταῖς
3326 1820 3427 1870 τῶν

152 1906 237 1959 bus
264 1907 724 1972 concurrentibus,
778 1908 1011 1961 maxime
1058 1907 1179 1977 quia
1228 1908 1605 1961 continebatur
1660 1907 1713 1961 in

1825 1903 2064 1975 βασιλέων
2096 1907 2402 1973 συλλαϐαῖς,
2437 1911 2504 1969 ὡς
2555 1911 2597 1962 εἰ
2625 1913 2694 1980 μή
2722 1931 2803 1970 τις
2836 1912 3141 1968 ἀπαντήσειε
3173 1910 3305 1965 κατὰ
3333 1914 3425 1968 τήν

150 1997 317 2051 litteris
346 1999 727 2067 imperatorum
776 2010 835 2053 ut
884 2001 929 2054 si
966 2015 1073 2054 non
1130 2001 1325 2071 aliquis
1368 2001 1710 2068 occurrisset,

156 2102 172 2129 ε
188 2090 830 2162 postdeﬁnitasjnducias,
848 2109 953 2147 non
973 2094 1111 2148 bona
1132 2096 1461 2149 conscientia
1478 2096 1710 2163 abesset,

150 2192 351 2239 etesset
386 2184 771 2239 inexcusabilis
830 2196 932 2239 tam
988 2186 1127 2255 apud
1180 2187 1347 2241 Deum
1380 2202 1541 2257 quam
1571 2187 1715 2258 apud

148 2277 385 2344 homines,
419 2277 591 2333 defuit
630 2279 1105 2334 reverentissimus
1148 2280 1388 2335 Joannes
1418 2282 1713 2337 Antioche—

148 2387 315 2426 norum
343 2372 651 2442 episc0pus,
685 2387 790 2426 non
823 2374 978 2443 quasi
1017 2374 1292 2428 voluntate
1331 2376 1584 2444 simplici,
1618 2375 1715 2430 sed

148 2481 296 2535 neque
322 2464 495 2533 Spatio
520 2465 730 2521 itineris
754 2467 1198 2537 impedimentum
1224 2468 1472 2535 faciente,
1498 2468 1595 2522 sed
1627 2483 1716 2522 oc-

149 2562 325 2616 cultans
355 2571 539 2616 mente
556 2562 843 2615 consilium
868 2563 1322 2633 etcogilationem
1342 2562 1713 2617 dissonantem

150 2671 170 2707 a
196 2652 312 2718 Deo,
341 2668 502 2723 quam
535 2669 642 2708 non
672 2654 829 2723 longo
858 2664 978 2723 post
1011 2664 1254 2723 tempore
1286 2657 1500 2710 veniens
1534 2655 1713 2725 Ephe-

150 2763 243 2802 sum
274 2746 686 2802 demonstravit.
722 2748 1030 2801 Distulimus
1077 2750 1238 2817 igitur
1272 2749 1559 2803 Concilium
1594 2759 1715 2820 post

151 2840 398 2893 deﬁnitum
437 2839 581 2894 diem
630 2849 829 2894 sancta:
862 2840 1209 2894 Pentecostes
1239 2840 1395 2894 toties
1446 2840 1630 2894 decem
1662 2851 1717 2895 et

150 2947 225 2986 sex
262 2932 476 2997 diebus,
526 2948 649 2989 cum
693 2933 840 2987 multi
886 2945 992 2986 tam
1021 2932 1283 3003 episc0pi,
1318 2948 1475 3002 quam
1507 2932 1711 3001 clerici,

148 3036 189 3081 et
214 3026 523 3096 aegritudine
552 3026 953 3095 comprehensi,
985 3036 1039 3081 et
1083 3026 1267 3080 aitlicti
1301 3035 1485 3080 essent
1511 3027 1564 3079 in
1616 3041 1715 3079 ex-

149 3117 322 3186 pensis,
353 3118 615 3188 aliquanti
649 3133 777 3173 vero
806 3118 948 3173 etde
973 3119 1079 3172 vita
1108 3118 1457 3188 migrassent:
1494 3127 1546 3172 et
1572 3126 1712 3183 erat,

149 3212 260 3265 sicut
288 3213 546 3281 perspicit
586 3222 675 3267 tua
729 3214 1006 3279 sanctitas,
1064 3212 1253 3281 injuria
1312 3212 1480 3281 magis
1526 3221 1713 3267 contra

1822 1998 2102 2071 ὡρισμένην
2139 2003 2476 2074 προθεσμίαν.
2513 2003 2601 2055 οὐκ
2630 2004 2803 2077 ἀγαθῷ
2846 2002 3103 2059 συνειδότι
3131 2004 3425 2075 ἀπολιμπά-

1819 2110 1973 2156 νεται,
2009 2096 2095 2145 καί
2125 2091 2262 2147 ἔστιν
2305 2094 2681 2168 ἀναπολόγητος
2710 2097 2857 2171 παρά
2887 2118 2942 2151 τε
2983 2104 3093 2170 Θεῷ
3122 2101 3204 2152 καὶ
3234 2098 3424 2170 ἀνθρὼυ

1820 2204 1955 2245 ποις,
2011 2186 2302 2259 ὑστέρησεν
2334 2188 2360 2240 o'
2401 2188 2779 2249 εὐλαϐέστατος
2819 2191 3052 2249 Ἰωάννης
3096 2190 3121 2244 ὁ
3176 2199 3267 2251 τῆς
3314 2190 3421 2244 Ἀν-

1818 2277 2039 2347 τιοχέων
2081 2280 2375 2339 ἐπίσκοπος’
2427 2283 2531 2351 οὐχ
2577 2284 2645 2341 ὡς
2689 2282 2793 2337 ἀπὸ
2836 2286 3038 2355 γνώμης
3077 2282 3263 2352 ἁπλῆς,
3315 2283 3424 2339 ἀλλ’

1819 2366 1935 2421 οὐδέ
1966 2376 2054 2422 τοῦ
2085 2368 2437 2441 διαστήματος
2473 2380 2563 2427 τοῦ
2596 2375 2726 2428 κατά
2752 2379 2841 2432 τήν
2862 2373 3156 2449 ὁδοιπορίαν
3188 2373 3424 2447 ἐμποδῶν

1820 2462 2110 2532 γενομένου’
2147 2463 2267 2515 ἀλλά
2311 2465 2555 2538 κρύπτων
2598 2466 2689 2533 μὲν
2719 2464 2908 2535 βουλὴν
2937 2465 3028 2523 ἐἰς
3068 2472 3184 2519 νοῦν
3237 2487 3291 2521 τε
3342 2468 3426 2522 καί

1820 2551 1999 2622 σκέψιν
2029 2553 2332 2628 άπάδουσαν
2361 2562 2433 2627 τῷ
2478 2562 2609 2626 Θεῷ,
2668 2556 2727 2613 ἣν
2778 2558 2867 2608 οὐκ
2906 2558 2981 2617 εἰς
3030 2559 3233 2629 μακράν
3272 2558 3425 2612 ἐλθὼν

1818 2643 2002 2710 ἔδειξεν
2034 2648 2081 2699 ἐν
2110 2654 2171 2723 τῇ
2199 2648 2459 2720 Ἐφεσίων.
2492 2646 2856 2724 ’Υπερεθέμεθα
2876 2655 3046 2703 τοίνυν
3074 2653 3129 2704 τὸ
3160 2650 3423 2726 συνέδριον

1820 2741 1949 2809 μετά
1979 2745 2068 2798 τὴν
2099 2740 2393 2815 ὁρισθεῖσαν
2424 2742 2616 2817 ἡμέραν
2661 2749 2750 2799 τῆς
2788 2740 2938 2811 ἁγίας
2971 2752 3320 2802 πεντηκοστῆς
3349 2744 3423 2813 ἐφ’

1824 2830 1965 2892 ὅλαις
1997 2832 2113 2887 δίκα
2143 2837 2225 2887 καί
2268 2832 2319 2897 ἒξ
2360 2835 2594 2905 ἡμέραις’
2648 2835 2727 2887 καί
2764 2855 2842 2888 τοι
2888 2834 3087 2889 πολλῶν
3129 2836 3424 2891 ἐπισκόπων

1819 2949 1872 2982 τε
1905 2931 1987 2980 καί
2016 2928 2257 3002 κληρικῶν
2285 2932 2368 2982 καί
2406 2928 2538 2999 νόσῳ
2568 2929 2945 2999 πεπιεσμένων,
2983 2931 3065 2983 καὶ
3093 2930 3423 3000 τεθλιμμένων

1820 3021 1891 3078 εἰς
1919 3020 1983 3074 τά
2012 3017 2372 3091 δαπανήματα,
2402 3021 2541 3073 ἐνίων
2573 3017 2625 3073 δέ
2656 3022 2742 3074 καὶ
2771 3018 3147 3083 ἐξοδευσάντων
3168 3028 3256 3075 τοῦ
3280 3021 3419 3093 βίου·

1819 3117 1902 3166 καὶ
1932 3111 2009 3172 ἦν.
2046 3116 2113 3173 ὡς
2154 3112 2251 3188 ὁρᾷ
2302 3116 2332 3172 ἡ
2378 3119 2446 3172 σὴ
2487 3112 2714 3174 ὁσιότης,
2753 3112 2903 3187 ὕϐρις
2933 3113 3122 3185 μᾶλλον
3159 3118 3291 3172 κατὰ
3331 3122 3423 3176 τῆς

1820 3205 1967 3279 ἁγίας
2017 3204 2230 3260 συνόδου
2283 3207 2341 3260 τὸ
2394 3204 2655 3279 δρώμενον.
2707 3206 2949 3280 Τοσάυτη
3002 3207 3103 3279 γάρ
3153 3206 3424 3281 ὑπερθέσει

150 3314 359 3359 sanetam
389 3306 654 3376 synodum
685 3306 827 3374 quod
871 3307 1148 3375 agebatur.
1183 3306 1355 3359 Tanta
1400 3306 1543 3359 enim
1574 3306 1710 3360 dila-

1825 3296 2121 3373 ἓυστρόπως
2151 3297 2439 3375 ἐχρήσατο,
2472 3301 2555 3353 καί
2583 3319 2661 3353 τοι
2691 3298 2993 3370 φθασάντων
3032 3299 3181 3354 αὐτὸν
3228 3307 3327 3355 τῶν
3368 3302 3423 3355 iit

151 3398 270 3452 tione
294 3412 551 3467 perverse
588 3413 716 3452 usus
739 3407 843 3467 est,
877 3414 996 3452 cum
1027 3401 1209 3467 utique
1232 3414 1353 3453 eum
1399 3400 1713 3469 praeceSsis-

149 3498 246 3543 sent
274 3489 427 3543 multi
461 3504 527 3543 ex
559 3489 892 3559 longioribus
921 3491 1128 3559 spatiis.
1185 3490 1560 3545 Verumtamen
1593 3499 1714 3561 post

150 3581 265 3639 diem
290 3593 504 3639 sextum
535 3584 798 3639 decimum
846 3594 1242 3654 praacesserunt
1278 3587 1493 3655 quidam
1528 3604 1591 3641 ex
1648 3588 1711 3641 iis

151 3677 220 3745 qui
247 3692 359 3732 cum
390 3693 457 3732 eo
477 3687 633 3732 erant
652 3678 911 3747 episcopi,
939 3679 1294 3747 metropolitae
1322 3679 1449 3743 duo,
1479 3679 1714 3733 Alexan-

156 3766 234 3820 der
260 3771 531 3836 Apameaz,
565 3779 619 3823 et
647 3769 784 3823 alter
810 3770 1119 3824 Alexander
1144 3770 1512 3838 llicrapoleos.
1547 3771 1704 3824 Dein-

152 3858 204 3915 de
234 3861 379 3915 nobis
407 3862 781 3916 incusantibus
811 3863 1072 3917 adventus
1116 3863 1420 3918 tarditatem
1461 3878 1715 3918 reveren-

153 3953 314 4007 ll:Slllll
342 3955 588 4025 epise0pi
614 3954 841 4009 Joannis
863 3956 1113 4011 dixerunt
1143 3972 1249 4010 non
1276 3957 1465 4022 semel,
1496 3956 1596 4011 sed
1621 3972 1716 4011 sac-

153 4046 267 4112 pius,
295 4048 432 4113 Quia
453 4048 797 4102 demandavit
827 4049 983 4103 nobis
1007 4049 1256 4104 nuntiare
1280 4050 1594 4105 reverentia:
1622 4065 1715 4105 ve-

152 4149 271 4204 stne,
294 4141 436 4208 quod
468 4143 511 4196 si
572 4142 859 4212 contigerit
910 4157 1032 4197 eum
1087 4142 1264 4197 adhuc
1318 4142 1542 4215 morari,
1605 4157 1715 4197 non

150 4232 319 4291 dill'erri
342 4236 633 4308 synodum,
675 4239 769 4293 sed
804 4240 978 4294 facere
1005 4254 1125 4308 qua:
1156 4248 1423 4310 oporteat.
1452 4237 1544 4291 His
1573 4253 1713 4291 nun-

150 4325 285 4393 tiatis,
313 4327 337 4365 ἀ
368 4342 422 4384 et
454 4329 744 4386 manifesto
775 4332 917 4385 facto
955 4341 1061 4384 tam
1114 4344 1181 4384 ex
1234 4329 1508 4394 tarditate,
1553 4344 1715 4399 quam

150 4421 202 4475 ab
228 4422 301 4478 his
327 4441 448 4495 qua:
486 4426 556 4479 ab
583 4440 648 4481 eo
676 4431 919 4480 nuntiata
948 4435 1095 4490 sunt,
1129 4426 1253 4495 quia
1295 4431 1509 4478 recusat
1533 4424 1717 4477 conci-

1819 3394 2143 3467 μακροτέρων
2174 3388 2748 3464 διαστγιμὰτων.’ομως
2777 3392 2887 3462 μεθ’
2910 3393 3105 3465 ἡμέραν
3135 3392 3424 3450 ἑκκαιδεκά-

1817 3510 1909 3546 την
1938 3487 2263 3563 προέδραμόν
2292 3508 2419 3547 τινες
2448 3494 2548 3541 τῶν
2577 3488 2672 3539 σὺν
2715 3488 2851 3556 αὐτῷ
2883 3485 3195 3553 ἐπισκόπων,
3228 3508 3423 3566 μητρο-

1820 3582 2024 3636 πολῖται
2055 3579 2169 3645 δύο,
2204 3577 2528 3653 Ἀλέξανδρος
2557 3578 2856 3648 Ἀπαμείας,
2890 3581 2976 3631 καί
3003 3578 3177 3650 ἔτερος
3200 3578 3424 3644 Ἀλέξαν-

1820 3671 1941 3748 ὅρος
1965 3672 2311 3746 ’1εραπόλεως.
2344 3667 2466 3725 Εἶτα
2502 3673 2641 3741 ἡμῶν
2673 3670 2983 3740 αἰτιωμένων
3011 3671 3067 3725 τὸ
3100 3675 3190 3732 της
3215 3672 3426 3745 ἀφίξεως

1819 3766 2010 3842 βράδος
2050 3772 2141 3821 τοῦ
2189 3766 2563 3820 εὐλαϐεστάτου
2606 3766 2891 3821 ἐπισκόπου
2923 3762 3175 3829 Ἰωάννου,
3226 3762 3425 3837 ἔφασαν

1822 3862 1927 3930 οὐχ
1959 3858 2120 3922 ἅπαξ,
2156 3859 2280 3913 ἀλλά
2322 3858 2638 3921 πλειστάκις,
2680 3856 2759 3913 ὅτι
2800 3857 3081 3912 ἐνετείλατο
3110 3859 3226 3929 ἡμῖν
3251 3858 3426 3930 άπαγ·

1822 3954 1990 4025 γεῐλαι
2019 3960 2081 4027 τῇ
2112 3954 2367 4028 θεοσεϐείᾳ
2398 3953 2557 4025 ὑμῶν,
2593 3955 2725 4008 ὥστε
2766 3956 2813 4008 εἰ
2840 3955 3036 4025 γένοιτο
3064 3954 3212 4007 αὐτὸν
3239 3957 3321 4007 καὶ
3346 3952 3425 4011 ἔτι

1823 4045 2107 4121 βραδῦναι,
2155 4052 2224 4113 μη
2270 4047 2579 4121 ὑπερθέσθαι
2622 4053 2713 4105 τήν
2746 4044 3009 4111 ὀ-ύνοδον,
3066 4046 3325 4101 ποιεῖσθαι
3368 4045 3424 4101 δέ

1824 4142 2012 4213 μᾶλλον
2042 4140 2076 4195 ἃ
2120 4138 2217 4195 δεῖ.
2264 4148 2450 4196 Τοῦτον
2486 4140 2934 4213 ἀπαγγελθέντων,
2969 4142 3053 4195 καὶ
3093 4147 3310 4218 φανεροῦ
3336 4161 3423 4213 γε·

1822 4236 2029 4307 γονότος
2053 4234 2156 4289 ἀπό
2185 4255 2239 4289 τε
2271 4240 2362 4288 τοῦ
2398 4232 2625 4308 βράδους
2657 4236 2739 4286 καὶ
2775 4236 2829 4287 ἐκ
2858 4240 2958 4288 τῶν
2984 4232 3106 4309 παρ’
3135 4235 3296 4289 αὐτοῦ
3322 4235 3424 4305 μηελ

1822 4328 2089 4392 νυθέντων,
2125 4323 2203 4380 ὅτι
2231 4333 2560 4401 παραιτεῖται
2596 4325 2654 4380 τὸ
2685 4322 2961 4393 συνέδριον,
2993 4324 3025 4383 ἧ
3052 4333 3115 4400 τῇ
3141 4330 3424 4400 Νεστορίου

1823 4418 1959 4493 φιλίᾳ
2001 4418 2362 4493 χαριζόμενος,
2404 4416 2433 4475 ἦ
2482 4420 2566 4471 καί
2595 4415 2673 4473 ὅτι
2713 4418 2946 4492 κληρικὸς
2989 4419 3156 4490 γέγονε
3198 4427 3289 4479 τῆς
3330 4416 3424 4473 ὑπ’

149 4512 274 4585 lium,
302 4521 413 4574 sive
442 4519 696 4574 amicitiae
725 4518 960 4574 Nestorii
1019 4528 1042 4554 ε
1072 4524 1359 4587 praestans,
1418 4520 1534 4569 sive
1585 4516 1709 4584 quia

1825 4514 1970 4567 αὐτὸν
2008 4512 2297 4574 ἐκκλησίας,
2338 4510 2369 4569 ἧ
2412 4512 2497 4565 καί
2538 4517 2655 4570 ταῖς
2702 4531 2851 4565 τινων
2892 4510 3025 4585 ὑπὲρ
3055 4512 3217 4566 αὐτοῦ
3246 4532 3420 4586 παρα-

148 4608 347 4665 clericus
396 4611 573 4665 fuerat
624 4611 722 4665 sub
779 4624 836 4665 se
881 4610 1185 4664 constituta:
1239 4608 1540 4674 Ecclesiae,
1596 4608 1710 4663 sive

147 4704 472 4768 quorumdam
522 4720 619 4773 pro
673 4719 739 4759 eo
795 4704 1146 4774 petitionibus
1174 4703 1433 4770 ,cedens,
1466 4702 1712 4757 consedit

146 4806 300 4853 sancta
328 4798 570 4869 synodus
592 4796 792 4867 Ephesi
821 4797 874 4851 in
904 4797 1110 4866 majore
1140 4796 1388 4865 ecclesia,
1414 4810 1531 4865 quae
1556 4809 1712 4850 voca-

148 4897 217 4942 tur
237 4890 416 4945 Maria.

147 5048 691 5120 Κελεστίνῳέπιοςκὸπῳ,
724 5045 811 5099 hic
839 5044 1120 5120 repetitur.
1148 5044 1395 5120 Sedhzce
1413 5042 1519 5098 duo
1543 5045 1709 5120 verba

146 5132 231 5170 non
259 5117 410 5171 modo
432 5120 483 5172 in
513 5117 719 5171 Latinis
751 5118 1017 5179 mss.,sed
1042 5131 1141 5171 nec
1170 5118 1223 5169 in
1250 5117 1457 5171 duobus
1486 5117 1711 5169 vetustis

150 5190 284 5255 regite
324 5190 668 5242 bibliotheca:
717 5186 922 5242 Graecis
968 5188 1367 5255 exemplaribus
1419 5187 1708 5240 habentur.

148 5257 297 5321 Quare
321 5276 425 5313 non
449 5258 737 5332 legendum
765 5268 905 5332 erat,
927 5260 1173 5331 Ἀναφορά
1197 5267 1270 5330 τῷ
1289 5258 1586 5332 Αάγιωτάτῳ,
1615 5256 1710 5311 sed

148 5328 818 5406 mutatainterpunctione,
867 5328 1142 5406 ’Avaqaopdi.
1280 5328 1571 5406 ἁγιωτάτῳ,
1601 5338 1705 5382 etc.

148 5398 277 5470 Quod
301 5401 699 5455 observandum
732 5400 850 5468 fuit,
879 5398 1004 5470 quia
1030 5398 1257 5455 s'ubinde
1297 5398 1539 5453 nonnulli
1572 5414 1710 5467 pon-

150 5469 297 5525 tiﬁces
338 5472 586 5537 Romani,
621 5488 680 5525 ac
710 5469 1022 5525 nominatim
1050 5472 1305 5525 Nieolaus
1340 5472 1357 5524 l
1388 5474 1438 5524 in
1469 5472 1712 5539 epistolis

149 5552 249 5592 eum
271 5542 329 5597 ad
354 5542 698 5597 Salomonem
734 5544 1020 5596 Britannia:
1048 5558 1252 5612 regem,
1284 5551 1394 5595 tum
1440 5543 1505 5596 ad
1536 5542 1712 5595 Festi-

151 5612 336 5683 nianum
362 5614 647 5669 Dolensem
679 5616 989 5683 episcopum
1020 5630 1163 5669 anno
1189 5614 1317 5679 866,
1349 5614 1473 5667 Maii
1494 5616 1563 5667 26
1594 5614 1705 5679 die,

151 5681 284 5761 datis,
310 5687 608 5753 apostolico
635 5681 835 5761 nomini
867 5681 1216 5741 scribentium
1246 5686 1464 5741 nomina
1489 5694 1714 5754 antepo-

152 5757 232 5807 sita
259 5769 372 5811 esse
395 5757 673 5827 conquesti
682 5764 849 5827 sunt.

211 5833 233 5861 ι
264 5827 337 5879 Ad
364 5826 595 5883 litteram
631 5844 643 5881 :
672 5826 740 5879 Et
763 5828 1141 5897 ﬁrmamentum
1161 5830 1514 5885 Ecclesiarum
1537 5828 1711 5883 studia

156 5904 295 5951 rutra
321 5898 501 5964 'acere,
532 5913 629 5956 seu
654 5898 747 5955 hoc
776 5899 912 5956 vobis
929 5902 1097 5956 studio
1127 5919 1255 5969 esse,
1284 5914 1338 5958 ut
1363 5903 1609 5957 Ecclesia:
1630 5900 1708 5969 (in

1819 4606 2054 4665 κλήσεσιν
2106 4601 2282 4668 εἴκων,
2333 4601 2681 4678 συνήδρευσεν
2739 4604 2769 4659 ἠ
2816 4602 2940 4675 ἁγία
2994 4601 3210 4663 σύνοδος
3256 4604 3306 4656 ἐν
3357 4611 3421 4681 τῇ

1820 4698 2011 4771 μεγάλῃ
2068 4705 2129 4771 τῇ
2183 4698 2313 4753 κατά
2356 4700 2447 4754 τήν
2499 4693 2705 4765 Ἔφεσον
2740 4690 3015 4771 ’Ἐκκλησία
3039 4736 3054 4763 ,
3105 4703 3168 4771 τῇ
3218 4694 3421 4754 ἐπίκλην

1820 4794 2007 4868 Μαρίᾳ.

1819 5040 1947 5113 ﬁde)
1977 5042 2267 5110 ﬁrmentur.

1890 5113 1915 5151 δ
1964 5115 2159 5168 Navar.
2194 5129 2320 5180 ms.,
2372 5114 2665 5183 deﬁnitivis.
2709 5114 2899 5170 Codex
2940 5116 3111 5171 sancti
3141 5114 3352 5171 Martini
3379 5132 3413 5174 a

1818 5184 2055 5253 Campis,
2100 5185 2437 5253 deﬁnitiuum.
2484 5187 2701 5251 Baluz.,
2752 5186 3063 5256 deﬁnitivus.
3108 5188 3180 5240 Ex
3224 5188 3414 5246 Grmco

1817 5256 2037 5326 planum
2070 5268 2153 5309 est
2181 5257 2575 5310 restituendum
2631 5272 2752 5313 esse
2797 5258 3181 5322 deﬁnienlibus.
3212 5258 3415 5313 Decre-

1821 5340 1929 5381 tum
1961 5343 2056 5381 seu
2080 5342 2230 5398 sacra
2261 5344 2362 5397 qua
2393 5327 2445 5381 id
2481 5328 2738 5384 delinitur
2772 5339 2951 5385 exstat
2978 5346 2994 5383 1
3028 5338 3164 5398 part.
3200 5330 3407 5385 Concil.

1820 5398 2019 5470 Ephes.
2052 5414 2099 5451 ο.
2129 5396 2217 5464 52,
2250 5414 2370 5468 pag.
2401 5398 2530 5454 457.

1896 5481 1917 5508 ο
1967 5468 2073 5523 Seu
2102 5470 2169 5521 ad
2200 5479 2399 5538 tempus
2425 5472 2780 5525 constitutum.

1890 5539 1916 5577 ά
1957 5540 2166 5594 Clarius
2198 5559 2208 5593 :
2242 5540 2369 5594 Cum
2400 5543 2729 5611 manifestum
2755 5542 2935 5611 fuisse!
2961 5549 3067 5594 tum
3095 5557 3157 5595 ex
3182 5540 3279 5595 hac
3304 5554 3414 5596 tar-

1820 5611 1982 5666 ditate
2012 5612 2320 5683 (affectata)
2340 5654 2353 5676 ,
2386 5621 2493 5666 tum
2525 5630 2587 5666 ex
2616 5614 2677 5665 iis
2704 5627 2840 5682 quea.

1894 5694 1917 5719 θ
1958 5681 2028 5739 Ιιι
2060 5700 2158 5736 ms.
2204 5684 2435 5746 Bellov.,
2480 5681 2843 5753 commodatis,
2888 5681 3026 5738 forte
3070 5698 3169 5753 pro
3219 5700 3405 5739 conce-

1820 5756 1981 5813 dens.
2024 5755 2313 5827 subaudito
2349 5755 2448 5819 id;
2492 5755 2596 5827 hoc
2636 5762 2721 5808 est
2754 5752 2895 5827 illa
2933 5771 2986 5827 se
3026 5752 3206 5827 gerens
3236 5772 3324 5827 seu
3356 5757 3416 5811 in

1820 5828 2040 5895 gratiam
2071 5826 2311 5878 amicitia:
2338 5840 2455 5896 qua
2482 5826 2584 5893 ipsi
2585 5842 2721 5896 _cum
2748 5824 3000 5880 Nestorio
3028 5824 3370 5882 intercedebat
3393 5868 3412 5891 ,

1820 5894 1907 5953 seu
1950 5898 2073 5966 quia
2110 5897 2328 5951 clericus
2352 5894 2544 5964 fuerat
2576 5894 2829 5957 Ecclesia?
2876 5898 3233 5957 Antiocheam
3252 5939 3269 5967 ,
3297 5907 3416 5957 etc.

3475 850 3496 918 ἴ
