3976 6336
609 309 713 372 519

1384 304 1445 373 S.
1495 297 1893 366 C(ELESTINI
1935 300 1954 360 Ι
1993 301 2200 362 ΡΑΡᾹΞ
2241 300 2600 363 ΕΡΙΒΤΟΜΕ
2643 303 2730 362 ΕΤ
2767 300 3117 363 DECRETA.

3732 316 3828 376 ,διο

607 447 760 497 nem,
783 443 942 501 quam
973 443 1067 487 eos
1096 429 1184 501 qui
1210 441 1335 484 cum
1359 440 1426 483 eo
1450 426 1554 482 hoc
1579 435 1824 498 egerant,
1854 425 2168 482 obtulerunt

2300 433 2452 482 τοῦτο
2474 424 2786 503 δράσαντας,
2805 431 3158 503 προσήγαγον,
3186 424 3447 499 ὁρκοῦντες
3466 428 3599 501 ἡμῶν
3621 435 3699 490 τὴν

606 523 950 594 conjurantes
981 531 1218 579 nostram
1245 528 1487 576 sanctam
1521 518 1787 591 synodum
1809 561 1823 585 ,
1858 529 1916 572 ιιι
1941 526 2194 574 evocaret

606 617 866 674 canonice
892 624 948 672 et
970 614 1149 686 ipsum
1175 614 1438 670 Joannem
1467 621 1521 668 et
1551 627 1644 668 eos
1671 611 1764 682 qui
1790 626 1912 666 cum
1937 625 2004 666 eo
2030 618 2187 676 sunt;

607 724 866 786 quatenus
893 711 1272 769 satisfacerent
1294 711 1360 766 de
1387 710 1581 780 quibus
1609 715 2110 778 praesumpserant;
2140 714 2195 760 et

607 807 653 863 si
680 807 897 878 quidem
935 819 1188 861 accusare
1230 803 1524 869 haberent,
1565 799 1610 856 si
1652 807 1903 871 possent,
1944 798 2194 855 dicerent

607 907 662 954 et
690 898 1094 953 convincerent.
1138 895 1195 950 In
1233 893 1419 949 charta
1458 893 1602 947 enim
1631 906 1752 962 quae
1782 891 1983 960 scripta
2014 898 2098 944 est
2124 889 2194 943 ab

605 988 682 1044 eis
709 988 1031 1058 depositaria
1048 1029 1064 1054 ,
1088 985 1268 1058 potius
1289 994 1468 1040 autem
1493 983 1776 1053 injuriosa,
1802 992 1829 1020 ει
1855 982 2192 1037 occasionem

605 1081 949 1137 inseruerunt
975 1096 988 1132 :
1023 1078 1158 1145 Quia
1184 1075 1587 1147 Apollinaristzn
1615 1082 1672 1129 et
1700 1073 1886 1128 Ariani
1918 1083 1973 1128 et
2015 1074 2196 1127 Euno-

604 1174 768 1229 miani
797 1181 951 1238 sunt,
976 1179 1029 1226 et
1053 1179 1273 1241 propter
1301 1169 1404 1224 hoc
1431 1167 1664 1236 depositi
1693 1174 1820 1222 sunt
1849 1181 1878 1219 a
1907 1165 2083 1220 nobis.
2110 1164 2194 1218 ln-

606 1266 872 1322 stantibus
895 1264 1058 1334 igitur
1079 1263 1162 1316 his
1187 1263 1275 1333 qui
1303 1262 1551 1330 injuriam
1574 1259 1946 1315 sustinuerunt
1969 1259 2037 1312 ab
2061 1258 2187 1323 illis,

605 1359 797 1413 iterum
829 1370 930 1410 nos
959 1355 1272 1409 necessario
1302 1353 1616 1424 congregati
1661 1352 1714 1406 in
1746 1366 1939 1422 magna
1966 1350 2191 1406 ecclesia

605 1465 765 1518 supra
803 1449 1068 1505 ducentos
1107 1449 1403 1503 existentes
1433 1446 1708 1517 episcopi,
1744 1461 1847 1500 una
1875 1455 1929 1500 et
1958 1445 2192 1500 secunda

603 1552 657 1596 et
687 1542 842 1596 tertia
868 1541 1153 1596 vocatione
1179 1539 1344 1594 biduo
1370 1538 1717 1593 evocavimus
1747 1547 1803 1593 et
1827 1537 2004 1607 ipsum
2034 1537 2192 1592 Joan-

602 1647 728 1688 nem
757 1643 811 1688 et
837 1647 932 1687 eos
953 1632 1046 1702 qui
1076 1646 1196 1687 cum
1225 1647 1292 1687 eo
1317 1638 1475 1686 erant
1504 1631 1557 1685 in
1585 1631 1871 1686 concilium
1891 1672 1905 1696 ,
1929 1638 2192 1700 quatenus

604 1727 986 1784 convincerent
1021 1727 1277 1797 injuriam
1322 1739 1546 1795 passos,
1592 1733 1648 1780 et
1687 1724 2098 1790 satisfacerent,
2137 1733 2192 1779 et

2298 516 2508 574 σύνοδον
2537 519 2977 591 μεταπέμψασθαι
2997 527 3266 579 κανονικῶς
3291 517 3440 576 αὐτόν
3460 541 3512 575 τε
3532 527 3750 591 Ἰωάννην,
3762 533 3828 586 καὶ

2297 615 2418 672 τοὺς
2449 614 2544 667 σὺν
2574 614 2744 684 αὐτῷ,
2779 613 2915 668 ὥστε
2949 613 3366 684 ἀπολογήσασθαι
3402 616 3519 686 περί
3545 608 3606 666 ὧν
3629 617 3828 688 τετολμή-

2297 729 2440 769 κασι,
2484 710 2568 760 καί
2596 703 2645 760 εἴ
2678 726 2727 760 τι
2767 706 2996 779 ἐγκαλεῖν
3026 703 3219 777 ἔχοιεν,
3253 707 3294 759 εἰ
3327 704 3583 768 δύνανται.
3613 708 3744 763 εἰπεῖν
3766 717 3830 768 καὶ

2297 796 2558 870 διελέγξαι.
2591 808 2664 852 Ἐν
2693 799 2791 872 γάρ
2818 806 2890 869 τῷ
2918 800 3158 872 γραφέντι
3194 796 3318 873 παρ’
3339 799 3502 852 αὐτῶν
3529 800 3827 878 καθαιρετικῷ,

2271 967 2277 974 '
2297 891 2484 960 μᾶλλον
2505 889 2558 945 δὲ
2580 891 2867 964 ὑϐριστικῷ
2887 889 3371 966 χαρτίῳ,πρόφασιν
3392 887 3829 950 ἔθηκαν“’οτι¹Δπολ-

2295 982 2580 1057 λιναρισταί
2619 985 2705 1037 καὶ
2751 982 2995 1060 Ἀρειανοὶ
3036 985 3122 1036 καὶ
3165 984 3462 1053 Εὑνομιανοί
3497 984 3624 1046 εἰσι,
3667 989 3736 1040 καί
3769 984 3830 1046 διὰ

2295 1081 2448 1131 τοῦτο
2496 1076 2804 1151 καθῄρηνται
2844 1073 3142 1147 παρ’ἡμῶν.
3179 1075 3543 1142 Ἐνισταμένων
3579 1076 3724 1129 τοίνυν
3759 1085 3830 1132 τῶν

2295 1173 2384 1226 τήν
2420 1169 2569 1242 ὕϐριν
2609 1168 2991 1238 ὑπομεινάντων
3031 1171 3122 1224 τήν
3161 1166 3518 1241 παρ’ἓκείνων,
3556 1166 3687 1220 πάλιν
3718 1170 3831 1238 ἡμεῖς

2295 1261 2579 1333 ἀναγκαίως
2605 1258 3040 1336 συνεδρεύσαντες
3082 1259 3130 1311 ἐν
3165 1266 3227 1332 τῇ
3248 1257 3441 1330 μεγάλη
3469 1257 3706 1331 ἐκκλησίᾳ,
3733 1258 3830 1334 ὑπὲρ

2294 1356 2417 1414 τοὺς
2451 1352 2743 1412 διακοσίους
2773 1353 3088 1411 ἐπισκόπους
3129 1349 3289 1416 ὄντες,
3322 1356 3420 1421 μιᾷ
3449 1353 3532 1403 καί
3566 1349 3752 1430 δευτέρᾳ
3771 1358 3832 1407 καὶ

2293 1450 2439 1522 τρίτῃ
2493 1449 2695 1509 κλήσει,
2752 1449 2801 1500 ἐν
2845 1448 3060 1522 ἡμέραις
3105 1444 3252 1507 δυσὶ,
3304 1446 3601 1516 κεκλήκαμεν
3639 1446 3764 1500 αὑτὸν
3792 1468 3831 1501 τε

2291 1539 2524 1598 Ἰωάννην
2556 1543 2636 1594 καὶ
2677 1543 2798 1600 τοὺς
2829 1543 2924 1595 σὺν
2953 1543 3092 1610 αὑτῷ
3119 1541 3191 1599 εἰς
3215 1540 3273 1594 τό
3306 1536 3592 1612 συνέδριον,
3620 1541 3733 1594 ὥστε
3762 1539 3832 1595 διε-

2293 1631 2461 1705 λέγξαι
2499 1635 2618 1692 τοὺς
2660 1633 3032 1707 ὑϐρισμένους,
3069 1634 3152 1685 καί
3199 1631 3646 1702 ἀπολογήσασθαι,
3675 1633 3829 1693 καὶτὰς

2294 1725 2462 1783 αἰτίας
2482 1727 2662 1788 εἰπεῖν,
2688 1723 2761 1794 ἐφ’
2780 1719 2858 1782 αἶς
2878 1723 2937 1776 τό
2961 1729 3053 1782 τῆς
3083 1723 3431 1798 καθαιρέσεως
3453 1723 3713 1778 συνέθηκαν
3730 1744 3834 1798 χαρ.

602 1833 792 1875 causas
829 1819 1073 1874 dicerent
1107 1833 1206 1888 pro
1242 1818 1440 1888 quibus
1475 1816 1832 1885 depositionis
1870 1831 2179 1886 composue-

2293 1817 2417 1871 τίον’
2444 1818 2531 1870 καὶ
2570 1817 2660 1870 οὑκ
2690 1813 2713 1850 ι’
2743 1813 3042 1888 ἐθάρσησαν
3071 1815 3240 1868 ἐλθεῖν.
3282 1811 3427 1868 Ἐδει
3451 1812 3506 1868 δὲ
3535 1813 3704 1878 αὑτὸν,
3729 1813 3834 1890 εἴπερ

603 1921 729 1967 runt
757 1912 1033 1966 chartam:
1063 1919 1118 1965 et
1147 1926 1252 1964 non
1289 1920 1312 1948 ε
1346 1910 1688 1979 praesumpsit
1720 1908 1924 1962 venire.
1958 1908 2191 1977 Oporte-

607 2004 697 2058 bat
737 2013 918 2058 autem
948 2016 1071 2056 eum
1093 2041 1109 2066 ,
1140 2002 1184 2055 si
1222 2014 1352 2056 vere
1380 1999 1707 2054 convincere
1736 2008 1946 2068 poterat
1978 2012 2188 2053 memo-

605 2107 751 2151 ratos
782 2095 1151 2150 sanctissimos
1183 2093 1330 2148 viros
1357 2093 1508 2162 quasi
1541 2092 1842 2147 existentes
1884 2092 2187 2155 haereticos,

604 2197 660 2245 et
684 2188 898 2253 venire,
930 2197 987 2242 et
1015 2185 1308 2241 ostendere
1339 2184 1442 2239 hoc
1467 2198 1654 2239 verum
1687 2198 1842 2248 esse,
1878 2182 2022 2252 quod
2049 2182 2190 2236 acci-

606 2281 757 2351 piens
781 2287 838 2332 ut
858 2277 1092 2332 validum
1117 2288 1172 2332 et
1198 2276 1555 2331 indubitatum
1578 2274 1807 2340 crimen,
1842 2277 2186 2329 temerariam

603 2372 930 2428 sententiam
959 2378 1147 2424 contra
1174 2383 1267 2424 eos
1297 2368 1542 2438 protulit.
1574 2368 1680 2423 Sed
1708 2365 1734 2404 ἀ
1762 2383 1828 2422 ex
1856 2367 2030 2438 fragili
2061 2383 2192 2422 con-

601 2463 826 2520 scientia
858 2478 969 2518 non
1013 2459 1269 2516 occurrit.
1318 2459 1472 2528 Quod
1519 2468 1697 2514 autem
1745 2459 2187 2527 construebatur,

601 2555 733 2612 illud
782 2562 936 2609 erat:
984 2551 1194 2622 putavit
1237 2549 1381 2606 enim
1420 2561 1442 2587 °
1474 2550 1629 2620 quasi
1669 2551 1768 2605 hac
1797 2551 1978 2620 inepta
2017 2551 2189 2606 et'in-

599 2648 745 2719 justa
794 2645 985 2715 injuria
1034 2644 1248 2709 soluta,
1295 2643 1497 2713 pariter
1547 2643 1850 2698 solveretur
1898 2653 1954 2699 et
1996 2644 2190 2714 synodi

599 2740 742 2810 justa
780 2737 1046 2792 sententia
1093 2751 1213 2805 qua:
1261 2735 1470 2804 prolata
1513 2745 1596 2791 est
1640 2745 1830 2790 contra
1872 2739 2190 2792 haereticum

599 2831 931 2888 Nestorium.
954 2828 1218 2899 lndignati
1243 2826 1406 2897 igitur
1431 2829 1624 2882 merito
1654 2827 1671 2865 ί
1700 2829 2048 2883 tractavimus
2073 2829 2193 2900 qui-

602 2927 724 2983 dem
757 2938 966 2996 :equam
995 2930 1103 2977 tam
1132 2930 1320 2976 contra
1351 2921 1527 2991 ipsum
1553 2961 1568 2985 ,
1613 2935 1776 2991 quam
1820 2932 2008 2976 contra
2058 2921 2190 2978 alios

605 3017 927 3073 sententiam
956 3013 1202 3086 proferre
1225 3011 1496 3084 legitime,
1530 3026 1689 3080 quam
1735 3012 1852 3081 ipse
1888 3020 2075 3067 contra
2108 3013 2191 3067 le-

602 3124 698 3180 ges
727 3111 780 3164 in
808 3123 903 3164 eos
933 3109 1025 3178 qui
1058 3110 1107 3162 in
1142 3109 1291 3163 nullo
1324 3095 1643 3180 reprehensi
1670 3112 1798 3158 sunt
1837 3104 2058 3172 protulit
2089 3122 2100 3157 :
2136 3112 2192 3158 ut

2291 1909 2484 1968 άληθῶς
2519 1909 2749 1979 ἐλέγχειν
2797 1905 3018 1966 ήδὺνατο
3064 1909 3185 1967 τοὺς
3235 1907 3664 1977 μνημονευθέντοις
3700 1905 3833 1966 ὁσίους

2293 1997 2496 2076 ἄνδρας,
2530 2002 2591 2058 ὡς
2627 1999 2909 2074 αἱρετικοὺς
2939 1994 3087 2056 ὄντας
3112 2037 3125 2058 ,
3161 2000 3244 2051 καὶ
3287 1998 3581 2054 ὑπαντῆσαι
3617 1999 3690 2049 καί
3719 1993 3837 2061 δεῖξαι

2291 2099 2441 2147 τοῦτο
2488 2092 2659 2149 ἁληθέν
2708 2087 2789 2156 ὃν,
2825 2087 2851 2143 ὃ
2887 2092 2972 2143 καί
3006 2089 3174 2142 λαϐὼν
3206 2091 3272 2148 ὡς
3302 2089 3534 2163 ἰσχυρόν
3564 2091 3642 2142 καί
3673 2091 3837 2160 ἀναμεί-

2295 2183 2438 2237 ϐολον
2458 2180 2702 2254 ἔγκλημα.
2716 2187 2807 2240 τήν
2827 2188 3061 2255 προπετῆ
3079 2179 3242 2252 ψῆφον
3259 2178 3373 2234 κατ’
3386 2182 3554 2234 αὑτῶν
3574 2181 3838 2252 ἐξηνέῃατο.

2291 2276 2512 2332 Δλλ’ὑπὸ
2540 2279 2726 2350 σαθροῦ
2757 2273 3050 2334 συνειδότος
3107 2275 3210 2343 οὐχ
3240 2274 3529 2331 ὑπήντησε.
3559 2272 3623 2326 Τὸ
3649 2271 3696 2326 δὲ
3717 2295 3840 2328 κατα·

2292 2369 2678 2438 σκευαζόμενον,
2695 2368 2848 2420 ἐκεῖνο
2869 2364 2944 2424 ἦν’
2971 2367 3104 2439 ᾠήθη
3127 2365 3245 2438 γάρ,
3263 2362 3343 2419 ὄτι
3363 2373 3461 2424 τῆς
3487 2364 3671 2418 ἀτόπου
3695 2367 3840 2423 ταύτης

2292 2463 2376 2515 καί
2425 2461 2770 2532 ἐκνομωτάτου
2818 2459 3018 2532 ὕϐρεως
3065 2458 3340 2528 λυομένης,
3371 2460 3843 2527 συνανατραπήσεται

2294 2558 2381 2610 καὶ
2405 2557 2436 2612 ή
2462 2553 2633 2609 δικαία
2661 2553 2824 2625 ψῆφος
2859 2562 2950 2611 τῆς
2976 2550 3192 2606 συνόδου
3221 2553 3250 2608 ἡ
3276 2552 3612 2620 ἐξενεχθεῖσα
3645 2549 3756 2603 κατὰ
3775 2553 3841 2603 τοῦ

2295 2648 2552 2722 αἱρετικοῦ
2603 2647 2897 2721 Νεστορίου.
2951 2641 3412 2717 ’Λγανακτήσαντες
3481 2647 3641 2696 τοίνυν
3689 2641 3848 2700 εἰκότως

2294 2739 2705 2811 ἔϐουλευσάμεθα
2751 2741 2840 2810 μὲν
2890 2743 2979 2797 τήν
3016 2735 3134 2795 ἴσην
3173 2736 3467 2792 κατάὑτοῦ
3497 2739 3578 2790 καί
3609 2743 3699 2790 τῶν
3727 2732 3848 2789 ἄλλων

2293 2832 2455 2904 ψῆφον
2485 2834 2754 2906 δξενεγκεῖν
2782 2832 3016 2904 ἐννόμως,
3043 2832 3102 2890 ήν
3120 2832 3267 2891 αὐτὸς
3291 2830 3613 2903 παρανόμως
3637 2834 3751 2886 κατά
3776 2837 3848 2884 τῶν

2295 2927 2372 2981 ἐπ’
2386 2925 2542 2981 οὐδενὶ
2572 2927 2995 2999 κατεγνωσμένων
3025 2922 3184 2979 ἔθετο·
3219 2922 3435 3000 ὑπερ.δέ
3476 2930 3568 2979 τοῦ
3596 2929 3679 2982 τήν
3702 2925 3849 2977 ἐκείνου

2295 3022 2600 3094 προπέτειαν
2636 3021 2960 3096 μακροθυμίᾳ
2997 3026 3225 3079 νικῆσαι,
3261 3019 3304 3072 εἰ
3330 3020 3412 3072 καὶ
3442 3015 3532 3073 ὅτι
3569 3017 3773 3089 μάλιστα
3796 3015 3850 3071 ὂι-

2295 3117 2447 3173 καίως
2472 3108 2530 3167 ἂν
2552 3111 2740 3166 ἔπαθεν
2761 3112 2882 3166 αὑτό
2904 3115 2982 3166 καὶ
3007 3111 3247 3181 ἐννόμως,
3268 3115 3622 3186 τετηρήκαμεν
3647 3118 3704 3186 τῇ
3721 3111 3850 3184 κρίσει

608 3211 788 3257 autem
844 3202 991 3256 illius
1035 3201 1396 3256 temeritatem
1445 3174 2179 3362 patiam

608 3295 740 3362 iuste
778 3294 879 3350 hoc
911 3303 1189 3362 pateretur
1219 3303 1274 3349 et
1303 3293 1546 3362 legitime
1571 3335 1585 3359 ,
1613 3299 1950 3354 servavimus
1979 3301 2038 3362 ju
2083 3291 2147 3356 ιιξ

2294 3215 2385 3265 τῆς
2408 3213 2503 3264 σῆς
2530 3205 2818 3264 θεοσεϐείας
2844 3208 2927 3258 καὶ
2947 3209 3119 3258 τοῦτο’
3151 3203 3280 3264 τέως
3313 3199 3514 3263 αὑτοὺς
3535 3203 3850 3264 άκοινωνήτους

2292 3301 2620 3362 ποιήσαντες,
2645 3298 2731 3350 καὶ
2761 3296 3074 3362 περιελόντες
3097 3297 3260 3348 αὑτῶν
3279 3300 3455 3348 πᾶσαν
3494 3297 3718 3358 ἐξουσίαν
3737 3295 3850 3362 ἱερα-

597 3295 740 3366 iuste
778 3294 879 3350 hoc
911 3303 1189 3364 pateretur
1219 3303 1274 3349 et
1303 3293 1546 3363 legitime
1571 3335 1585 3359 ,
1613 3299 1950 3354 servavimus
1979 3291 2179 3370 juditéti

2292 3301 2620 3362 ποιήσαντες,
2645 3298 2731 3350 καὶ
2761 3296 3074 3369 περιελόντες
3097 3297 3260 3348 αὑτῶν
3279 3300 3455 3348 πᾶσαν
3494 3297 3718 3358 ἐξουσίαν
3737 3295 3851 3369 ἱερα-

597 3387 914 3442 reverentia:
961 3395 1063 3440 tuae
1101 3386 1222 3442 hoc.
1272 3385 1490 3443 Interim
1531 3403 1626 3444 eos
1652 3390 1768 3444 sine
1798 3395 2184 3450 communione

598 3477 830 3533 fecimus
853 3522 866 3547 ,
896 3487 1242 3548 amputantes
1273 3477 1382 3532 illis
1412 3494 1628 3534 omnem
1661 3489 1976 3550 potestatem
2006 3499 2186 3540 sacer-

600 3569 835 3626 dotalem
859 3610 873 3635 ,
907 3578 965 3624 ut
995 3570 1200 3624 nullum
1230 3571 1440 3641 possint
1469 3571 1667 3628 laedere
1694 3589 1788 3641 per
1815 3589 1939 3628 suas
1967 3584 2186 3630 sentcn-

597 3660 720 3717 tias.
756 3659 849 3714 Eis
877 3662 1020 3714 enim
1047 3661 1138 3730 qui
1171 3661 1239 3715 ita
1269 3659 1527 3718 ferociter
1553 3673 1608 3718 et
1637 3663 1930 3720 crudeliter
1967 3676 2022 3721 et
2047 3683 2179 3722 cou-

600 3763 678 3809 tra
701 3769 936 3808 canones
960 3754 1170 3809 irruere
1195 3753 1373 3810 solent
1393 3755 1460 3809 ad
1490 3755 1758 3826 pessimas
1779 3768 1833 3813 et
1855 3760 2180 3816 saevissimas

595 3861 710 3912 res,
751 3845 1023 3917 quomodo
1069 3862 1174 3900 non
1213 3857 1328 3902 erat
1368 3849 1768 3915 necessarium,
1803 3859 1828 3897 ε
1863 3867 2024 3918 quam
2069 3869 2175 3909 non

595 3938 937 4004 habuissent,
963 3938 1202 3993 adimere
1231 3938 1464 3995 laedendi
1490 3943 1858 4010 potestatem?

749 4030 1026 4087 Fratribus
1054 4031 1215 4100 igitur
1246 4033 1448 4088 nostris
1476 4043 1531 4088 et
1559 4037 1950 4092 comministris
1970 4037 2177 4110 Cyrillo

590 4131 647 4180 et
673 4123 964 4192 Memnoni,
1014 4130 1108 4194 qui
1153 4124 1222 4178 ab
1269 4125 1350 4180 eis
1396 4128 1771 4184 sustinuerunt
1816 4130 2087 4200 injuriam,
2121 4143 2175 4190 et

589 4215 1076 4271 communicatores
1096 4230 1288 4272 omnes
1309 4232 1516 4285 sumus,
1539 4226 1595 4275 et
1615 4232 1736 4290 post
1761 4221 1980 4277 illorum
2007 4234 2176 4282 teme-

590 4308 802 4363 ritatem
836 4305 862 4344 δ
894 4307 1316 4365 ministravimus
1342 4325 1464 4365 cum
1491 4311 1594 4378 eis,
1623 4321 1678 4368 et
1703 4313 1864 4369 simul
1890 4315 2172 4372 ministra-

586 4414 728 4467 mus,
747 4398 1106 4456 communiter
1121 4415 1310 4457 omnes
1334 4404 1782 4476 congregationes
1805 4406 2167 4479 celebrantes;

2286 4419 2796 4496 συλλειτουργοῦμεν,
2853 4432 2989 4496 κοινῇ
3041 4425 3223 4484 πάντες

585 4502 904 4549 evacuantes
933 4509 1002 4550 ex.
1030 4496 1232 4566 scripto
1279 4496 1493 4553 illorum
1540 4500 1742 4567 lusum,
1778 4516 1938 4572 quem
1971 4504 2167 4561 invali-

585 4587 710 4643 dum
741 4597 796 4643 et
821 4587 1012 4644 effectu
1033 4599 1308 4645 carentem
1331 4595 1768 4651 monstravimus.
1794 4596 1993 4666 lnjuria
2014 4601 2158 4657 enim

656 4708 684 4770 ξ
722 4699 941 4755 Rectius
961 4741 976 4765 ,
1007 4701 1063 4754 id
1090 4711 1485 4770 prwteatuerunt.

652 4768 680 4808 δ
707 4771 837 4847 [:eg.
877 4768 1175 4847 ἐθάρσησεν.

655 4851 677 4880 ε
710 4839 975 4924 Graecum'
1003 4845 1227 4924 verbum
1264 4845 1509 4924 postulat
1553 4860 1987 4924 praesumpserant
2016 4867 2036 4906 :
2065 4853 2161 4908 sed

582 4913 772 4996 hocex
801 4913 1453 4996 interpretationeLatina
1479 4913 1859 4989 corrigendum
1885 4935 2006 4978 esse
2038 4939 2162 4979 ora-

580 4986 742 5041 tionis
767 4986 936 5040 series
965 4986 1274 5053 persuadet.

650 5054 677 5092 ἀ
723 5054 872 5111 Seu:
918 5054 1103 5137 .l’rava
1152 5059 1458 5114 conscientia
1506 5060 1777 5116 deterritus
1828 5073 2156 5130 praesentiam

579 5143 737 5199 suain,
753 5135 970 5199 negavit.

651 5207 676 5235 °
706 5195 836 5261 Seu,
859 5197 970 5267 fore
994 5205 1050 5252 ut
1077 5197 1197 5253 hac.

579 5338 593 5352 ο
652 5269 674 5306 ί
700 5267 918 5352 littera:
940 5269 1064 5352 dum
1089 5269 1256 5326 haeret
1276 5271 1565 5352 interpres,
1590 5278 1807 5352 concilii
1831 5280 2156 5337 sententiam

577 5340 814 5414 involvit
839 5342 1050 5414 penitus
1079 5355 1179 5395 nec
1216 5343 1350 5396 satis
1379 5340 1626 5414 eiplicat.
1673 5349 1786 5404 Hoc
1830 5360 2007 5405 autem
2055 5352 2157 5407 sibi

577 5412 730 5487 vult:
760 5409 927 5487 Nobis
973 5412 1142 5487 igitur_
1173 5415 1249 5467 rei
1293 5409 1599 5487 indignitate
1639 5423 1926 5487 commotis,
1974 5425 2155 5476 merito

575 5483 779 5554 quidem
806 5483 1068 5553 placuerat
1096 5485 1347 5552 ejusmodi
1369 5483 1420 5540 in
1452 5487 1598 5541 illum
1631 5503 1674 5542 et
1705 5492 1835 5544 alios
1857 5483 2158 5546 sententiam

575 5553 852 5636 secundum
883 5554 1017 5636 leges
1046 5553 1306 5636 proferre,
1338 5559 1630 5636 cujusntodi
1665 5563 1773 5632 ipse
1803 5573 1982 5636 contra
2012 5566 2147 5636 leges

574 5626 631 5679 in
657 5641 741 5680 eos
768 5627 852 5696 qui
882 5626 1074 5680 nullius
1102 5629 1330 5682 criminis
1361 5626 1573 5683 convicti
1603 5626 1721 5685 sunt
1749 5633 1955 5686 tulerat.

646 5705 671 5744 ε
696 5697 753 5752 Si
777 5697 1045 5776 vulgatam
1065 5698 1352 5776 lectionem
1372 5700 1615 5776 Graecam
1638 5719 1943 5776 sequamur,
1968 5707 2144 5776 legen-

575 5766 846 5847 dum_erit,
870 5766 948 5822 uel
975 5770 1414 5847 invitis_adimere.
1441 5772 1510 5847 ᾼι
1533 5788 1638 5847 non
1661 5766 1767 5847 οὑχ
1793 5766 2142 5840 ἑκόνταςξεει]

576 5839 672 5895 οὐκ
693 5833 912 5906 ἔχοντας
938 5848 1122 5897 uoster
1151 5841 1416 5914 interpres
1442 5843 1590 5915 legit,
1614 5833 1939 5917 suﬂiagante
1960 5833 2140 5905 éi'uno

2184 3365 2373 3464 \m

2342 3394 2451 3460 alia,
2484 3391 2614 3442 ὥστε
2638 3393 2707 3458 μή
2730 3385 2977 3442 δύνασθαι
2997 3387 3239 3458 βλάπτειν
3264 3385 3328 3441 δι’
3342 3389 3543 3443 οἰκείων
3569 3389 3849 3460 ἀποφάσεων.

2285 3499 2414 3552 Τοὺς
2433 3479 2758 3570 ME“);
2805 3480 2992 3550 ἀγρίως
3038 3482 3120 3532 καί
3159 3480 3366 3570 άπηνῶς
3411 3481 3506 3532 καὶ
3552 3481 3852 3538 ἁκανονίστως

2287 3593 2478 3660 χωρεῖν
2515 3568 2765 3660 έίωῇᾎςξ
2784 3572 2864 3624 ἐπὶ
2891 3572 2958 3625 τὰ
2987 3570 3120 3624 οὕτω
3151 3568 3288 3624 δεινά
3319 3573 3406 3623 καὶ
3440 3572 3754 3642 παγχάλεπα
3777 3579 3852 3625 τῶν

2283 3681 2656 3752 πεπραγμένων
2682 3722 2694 3742 ,
2736 3661 2975 3752 Matii:
3016 3661 3073 3722 ἦν
3112 3667 3377 3736 ἀναγκαῖον
3418 3667 3513 3717 καὶ
3553 3667 3651 3736 οὐχ
3690 3666 3853 3723 ἑκόντας

2283 3772 2589 3845 παρελέσθαι
2617 3782 2708 3833 τῆς
2730 3781 2818 3829 τοῦ
2849 3756 3097 3845 δδζασοαι
3125 3757 3368 3826 βλάπτειν
3397 3756 3670 3819 ἐξουσίας·

2349 4055 2468 4109 Τοῖς
2494 4051 2583 4120 μὲν
2611 4045 2700 4104 οὖν
2727 4049 2960 4127 ἀδελφοῖς
2988 4037 3158 4127 ὑμώλ
3184 4041 3266 4092 καί
3313 4037 3754 4114 συλλειτουργοῖξ.
3784 4051 3855 4089 δυ’

2275 4140 2426 4214 ρίλλῳ
2454 4162 2508 4196 τε
2537 4149 2610 4215 τῷ
2659 4144 2922 4215 ἐπισκόπῳ
2962 4151 3046 4201 καὶ
3099 4131 3335 4215 Μξμνονιν
3387 4138 3496 4191 τοῖς
3545 4131 3668 4204 παρ’
3714 4131 3857 4184 αὐτῶν

2276 4235 2610 4308 ὑπομείνασιν
2659 4237 2842 4313 ὕϐριν,
2900 4243 2980 4293 καὶ
3026 4222 3306 4324 κοινωξὶςικοἰ
3352 4225 3547 4284 πάντες
3587 4225 3745 4294 ἐσμέν,
3789 4222 3856 4274 ναὶ

3187 4313 3752 4450 ζξῖνελειτουργήσαμιεν
3791 4313 3856 4364 καί

3187 4445 3222 4450 .-
3291 4408 3384 4450 et):
3433 4409 3670 4450 rrusm'rFer:
3712 4403 3856 4450 ἔπιτε-

2276 4328 2404 4396 μετά
2441 4332 2531 4387 τήν
2581 4328 2778 4383 ἐκείνων
2828 4331 3138 4405 προπέτειαν

3291 4408 3384 4466 τάς
3433 4409 3670 4471 συνάξεις
3712 4403 3858 4460 ἔπιτε-

2275 4513 2494 4572 λοῦ-ντες·
2541 4516 2897 4591 ἀκυρώσαντες
2955 4517 3217 4589 ἐγγράφως
3273 4501 3346 4591 .χά
3394 4502 3597 4554 ἐκείνων
3634 4502 3855 4572 παίγνια,

2266 4606 2534 4680 άνὶσχυρά
2572 4627 2625 4661 τε
2656 4609 2736 4662 καί
2767 4605 2961 4683 ἀδρανῆ
2998 4619 3257 4672 παντελῶς
3287 4589 3671 4683 σὴοφῂναντεῖο
3699 4589 3859 4666 '16?“-

2273 4729 2376 4769 ms.
2423 4713 2595 4784 regio,
2631 4716 2684 4770 in
2717 4733 2822 4784 quo
2851 4718 3038 4773 eadem
3075 4720 3234 4774 lectio
3275 4703 3474 4784 oliui".a
3511 4703 3685 4784 ριῖίριει
3715 4715 3855 4784 "'3'"!

2270 4770 2537 4859 eastaba'i.
2565 4770 2693 4859 Eam
2715 4770 3037 4859 confirmant
3055 4770 3685 4859 έίέιὶίᾒεῐιὶᾈλίημιιιψμε
3709 4770 3856 4859 (fall?

2269 4857 2354 4910 nis
2375 4857 2687 4912 eorumdem
2712 4858 2925 4913 licentia
2941 4861 2993 4912 in
3012 4845 3350 4926 proferendis
3367 4845 3664 4926 s'izntentiis
3677 4845 3857 4926 ad)?“

2267 4942 2360 5001 sus
2384 4942 2480 4982 eos
2507 4929 2564 5001 in
2584 4945 2711 4998 quos
2733 4945 2833 4982 non
2858 4923 3039 5001 habent
3072 4939 3366 5001 potestatem
3397 4923 3852 5001 tragacantha;

2348 4995 2376 5035 ιι
2406 4986 2634 5068 Supple,
2680 5015 2807 5067 quos
2852 4986 3106 5069 deponere
3159 5005 3274 5057 ausi
3300 4986 3459 5069 sunt},
3501 4986 3718 5069 Πξέίηάθ,
3748 4993 3855 5069 βρεε

2265 5047 3511 5206 νεώνηιτῆιίηίειίαυῖηιιιεζέιὼιὶυόῖῖιίέἕῖίεεξ·
3545 5059 3648 5111 ¹⁵¹³
3672 5047 3850 5139 (ila-rius

2267 5141 2409 5195 omni
2440 5139 2787 5206 ambiguitate
2818 5153 3022 5196 remota
3049 5144 3128 5197 sic
3153 5144 3443 5201 efferrentu
3521 5145 3535 5180 ³
3567 5145 3729 5182 εαενιιε
3756 5143 3850 5206 ιξηα

2267 5141 2409 5195 omni
2440 5139 2787 5209 ambiguitate
2818 5153 3022 5196 remota
3049 5144 3128 5197 sic
3153 5139 3487 5206 efferrentur
3521 5145 3535 5180 ³
3567 5145 3729 5182 εαενιιε
3756 5143 3850 5208 τέηα

2268 5226 2380 5285 cum
2408 5211 2488 5285 eis
2501 5213 2694 5280 operati
2714 5229 2913 5282 sumus,
2936 5223 2983 5266 et
3005 5213 3178 5285 adhuc
3196 5213 3499 5285 operamini!
3515 5211 3851 5285 ,εοηιζτιωιξιςτ

2267 5281 2489 5335 universi
2511 5279 2730 5352 synaxes
2747 5279 2960 5352 (quibus
2983 5284 3046 5338 ad
3072 5279 3369 5342 funde'ndas
3390 5284 3592 5410 piseces
3612 5279 3668 5324 εί
3695 5284 3852 5322 Sacr"

2267 5351 2445 5406 ficium
2483 5353 2590 5406 Deo
2620 5351 2954 5409 offerendum
2987 5358 3265 5410 conveniri
3294 5361 3429 5410 solet
3521 5341 3848 5403 σειεὺναηιεδ,

2267 5351 2445 5406 ficium
2483 5341 2590 5406 Deo
2620 5341 2954 5409 offerendum
2987 5358 3265 5411 conveniri
3294 5341 3482 5423 solet
3521 5341 3848 5423 αἰειεὺῖζαιηιεδ,

2265 5440 2378 5477 cum
2408 5423 2613 5498 ludicra
2632 5423 2843 5498 illorum
2869 5427 3063 5498 scripta
3084 5411 3508 5498 abrogassentn§,
3532 5411 3851 5498 ξζιυαβάιξίᾷξίξ

2265 5511 2324 5548 ac
2343 5511 2555 5568 prorsus
2580 5496 2730 5568 irrita
2753 5504 2799 5549 et
2826 5482 3508 5568 nulla'pronuniiassemugr
3532 5482 3710 5564 .685"!

2254 5549 2491 5640 synodus
2534 5565 2799 5636 Ephesina
2848 5549 3503 5640 ηίιέηδτιέιάεέίᾶἷὸἐέῖζὲ
3531 5555 3583 5608 in
3628 5549 3848 5640 episfflla

2253 5623 2319 5711 ait
2354 5623 2709 5711 imperatores
2739 5638 2975 5711 appellat
3004 5623 3674 5711 nugatoria,perst335,“"{
3695 5623 3846 5711 fige;

2253 5708 2396 5789 licet_
2422 5709 2628 5765 habens
2675 5723 2740 5765 ea
2775 5705 2853 5764 'ab
2881 5705 3155 5781 episcopis
3195 5705 3419 5771 minime
3466 5705 3623 5770 §eri0
3648 5705 3848 5767 ραιηη

2251 5787 2516 5849 potuisse.
